4112 6224
419 369 519 426 277

412 501 575 553 rans,
626 485 878 542 tutiorem
928 499 1047 541 eam
1091 484 1181 542 illa
1208 499 1329 544 esse
1356 485 1534 544 dixit:
1564 502 1688 545 nam
1716 498 1985 545 armatura

415 576 663 650 quadam
714 585 799 635 est
842 578 1292 651 inexpugnabilis,
1339 589 1397 637 et
1443 581 1758 638 inconcussa
1780 582 1943 638 turris
1970 624 1986 648 ,

407 685 529 740 (gnte
549 670 778 726 molesta
807 670 985 726 omnia
1009 667 1166 727 facile
1190 672 1483 742 propulsat.
1511 672 1580 728 Et
1601 675 1740 729 sicut
1760 674 1990 731 scintilla

409 760 463 814 in
493 760 744 832 abyssum
771 761 1018 817 incidens
1040 804 1056 830 ,
1103 763 1246 819 illam
1274 764 1491 836 quidem
1523 766 1650 821 nihil
1679 766 1845 833 laedit,
1875 768 1989 839 ipsa

411 867 542 908 vero
569 853 725 910 facile
746 854 1142 926 exstinguitur:
1170 857 1249 912 sic
1277 868 1331 913 et
1358 857 1411 912 in
1440 859 1726 927 patientem
1756 859 1989 915 animam

406 946 666 1017 quidquid
695 948 1116 1018 inexspectatum
1145 948 1364 1017 incidit,
1394 950 1446 1005 id
1469 951 1683 1018 quidem
1711 950 1864 1007 facile
1889 952 1989 1008 de-

408 1039 581 1105 letur,
618 1040 761 1095 illam
791 1056 923 1097 vero
968 1041 1189 1097 minime
1241 1041 1439 1097 turbat.
1472 1042 1687 1098 Etenim
1732 1043 1988 1111 patientia

406 1131 647 1185 omnium
698 1129 1002 1186 ﬁrmissima
1046 1142 1130 1189 est
1180 1150 1194 1187 :
1239 1134 1449 1190 etiamsi
1496 1134 1763 1191 exercitus
1790 1132 1983 1202 dieas‘,

406 1221 615 1276 etiamsi
646 1235 777 1291 opes
796 1263 814 1289 ,
845 1222 1056 1278 etiamsi
1096 1238 1294 1293 equos,
1323 1239 1506 1279 muros
1528 1265 1544 1290 ,
1573 1240 1720 1281 arma
1745 1233 1802 1280 et
1825 1225 1984 1296 quid-

404 1314 488 1370 vis
516 1314 661 1369 aliud
687 1356 703 1382 ,
746 1315 878 1370 nihil
919 1316 1190 1385 patientiae
1217 1332 1312 1388 par
1356 1317 1523 1373 dices.
1564 1317 1697 1374 Nam
1742 1317 1835 1388 qui
1879 1317 1985 1374 illis

404 1406 698 1462 instructus
726 1415 787 1462 et
810 1407 1177 1463 circumdatus
1202 1416 1307 1476 est,
1334 1424 1364 1463 a
1393 1408 1573 1465 furore
1595 1423 1741 1479 saepe
1768 1424 1985 1479 correp-

404 1508 513 1564 tus,
544 1499 716 1555 instar
742 1500 889 1569 pueri
916 1499 1109 1557 debilis
1137 1502 1425 1569 evertitur,
1452 1511 1508 1557 ct
1548 1503 1730 1559 omnia
1756 1503 1982 1559 tumultu

402 1605 467 1646 ac
495 1598 815 1661 tempestate
861 1590 1072 1661 replet:
1107 1591 1196 1648 hic
1240 1600 1420 1648 autem
1448 1602 1716 1665 tamquam
1746 1595 1800 1651 in
1827 1603 1981 1665 portu

400 1688 600 1740 sedens
623 1726 639 1749 ,
668 1683 933 1755 profunda
978 1683 1172 1740 fruitur
1220 1686 1601 1756 tranquillitate
1627 1704 1641 1742 :
1672 1687 1881 1744 etiamsi
1926 1687 1980 1742 in

398 1777 655 1832 damnum
699 1777 1036 1846 conjeceris,
1081 1788 1289 1849 petram
1332 1795 1439 1836 non
1485 1781 1739 1848 movisti;
1769 1782 1979 1838 etiamsi

398 1866 778 1925 contumeliam
803 1870 1068 1937 intuleris,
1090 1872 1280 1928 turrim
1301 1887 1406 1928 non
1428 1874 1772 1938 concussisti;
1794 1874 1982 1933 etiam-

398 1960 444 2014 si
479 1961 659 2030 plagas
690 1959 979 2027 indixeris,
1009 1962 1348 2020 adamantem
1379 1979 1484 2019 non
1516 1966 1852 2037 percussisti.
1884 1967 1979 2022 Et-

397 2051 541 2105 enim
566 2052 873 2122 longanimis
902 2051 1022 2108 ideo
1051 2053 1264 2123 dicitur,
1295 2056 1419 2127 quia
1447 2057 1662 2128 longum
1695 2058 1977 2129 quemdam

395 2149 454 2195 et
485 2156 736 2213 magnum
762 2142 923 2198 habet
951 2144 1184 2199 animum
1212 2162 1227 2203 :
1256 2146 1399 2217 quod
1424 2156 1602 2204 autem
1635 2150 1849 2220 longum
1871 2160 1974 2214 est,

394 2231 562 2286 etiam
592 2249 842 2306 magnum
882 2233 1095 2292 dicitur.
1139 2234 1246 2291 Sed
1283 2235 1390 2294 hoc
1430 2237 1630 2295 bonum
1659 2255 1729 2295 ex
1755 2241 1978 2298 caritate

396 2323 574 2377 oritur
594 2365 610 2389 ,
639 2333 693 2380 et
724 2325 823 2393 iis,
855 2327 946 2396 qui
991 2341 1109 2382 eam
1146 2328 1424 2399 possident
1451 2330 1647 2401 illaque
1685 2328 1935 2387 fruuntur
1957 2373 1975 2399 ,

400 2428 650 2485 magnam
698 2417 835 2487 parit
866 2417 1169 2475 utilitatem.
1216 2419 1295 2476 Ne
1326 2420 1455 2477 mihi
1487 2422 1631 2478 enim
1660 2422 1976 2495 desperatos

391 2505 632 2573 dixeris,
659 2509 749 2580 qui
781 2510 917 2566 mala
965 2512 1265 2581 facientes,
1312 2529 1489 2585 neque
1535 2517 1800 2586 patientes
1843 2518 1977 2578 ﬁunt

391 2594 715 2673 deteriores.
773 2599 870 2656 Hic
921 2617 1027 2658 non
1077 2618 1145 2660 ex
1197 2606 1452 2676 patientia
1502 2606 1694 2679 hujus,
1746 2611 1842 2668 sed
1906 2615 1976 2670 ab

396 2686 463 2740 iis
482 2726 499 2751 ,
529 2688 617 2759 qui
647 2688 874 2765 illajnon
919 2701 978 2748 ut
1022 2710 1117 2763 par
1145 2705 1290 2751 esset
1320 2705 1576 2765 utuntur,
1609 2698 1714 2758 hoc
1755 2704 1971 2761 accidit.

391 2776 472 2834 Ne
502 2778 679 2849 itaque
718 2779 848 2837 mihi
880 2780 980 2838 bos
1010 2783 1214 2841 dixeris
1237 2826 1253 2852 ,
1286 2786 1382 2844 sed
1408 2791 1799 2850 mansuetiores
1819 2835 1834 2861 ,
1882 2799 1972 2868 qui

390 2884 583 2941 magna
615 2870 739 2928 hinc
764 2872 1060 2930 lucramur.
1102 2875 1327 2946 Quando
1356 2881 1499 2936 enim
1525 2884 1669 2941 male
1713 2885 1972 2946 facientes

391 2978 497 3018 non
527 2965 667 3022 male
693 2968 1000 3036 patiuntur,
1030 2970 1282 3041 patientis
1311 2976 1774 3035 mansuetudinem
1799 2980 1973 3037 admio

389 3067 605 3124 rantes,
639 3074 884 3130 magnam
910 3061 1035 3117 inde
1061 3062 1338 3120 lucrantur
1361 3065 1717 3139 philosophia;
1763 3070 1970 3128 doctri-

387 3161 535 3201 nam.
584 3148 705 3218 Ipse
731 3165 860 3205 vero
890 3166 995 3206 non
1028 3152 1115 3208 hic
1160 3155 1384 3227 gradum
1413 3157 1590 3227 sistit,
1621 3161 1719 3218 sed
1764 3170 1822 3218 et
1864 3164 1967 3219 alia

387 3241 505 3309 ejus
532 3243 789 3312 prteclara
816 3253 967 3315 gesta
1011 3244 1287 3319 subjungit
1324 3248 1513 3307 dicens
1549 3268 1564 3307 :
1604 3252 1834 3326 Benigno
1871 3266 1966 3313 est.

385 3329 517 3399 Quia
548 3332 693 3387 enim
718 3334 936 3404 quidam
977 3345 1104 3391 sunt
1126 3380 1142 3405 ,
1177 3338 1265 3409 qui
1295 3340 1553 3411 patientia
1591 3359 1699 3399 non
1725 3346 1799 3401 ad
1838 3362 1965 3417 pro.

388 3423 557 3494 priam
583 3425 975 3499 philosophiam
1000 3438 1241 3500 utuntur,
1263 3432 1358 3489 sed
1382 3433 1449 3489 ad
1475 3435 1729 3493 ultionem
1755 3454 1965 3507 eorum,

385 3514 476 3585 qui
503 3516 650 3585 ipsos
678 3518 990 3586 irritavcre,
1024 3522 1234 3592 seipsos
1259 3524 1690 3597 disrumpentes,
1724 3530 1856 3587 dicit
1897 3533 1962 3587 il-

387 3607 491 3663 lam
521 3608 623 3665 hoc
655 3612 782 3666 vitio
809 3627 916 3668 non
947 3613 1211 3671 laborare.
1244 3615 1310 3671 Et
1357 3618 1480 3675 ideo
1506 3622 1779 3695 subjungit
1800 3666 1816 3691 ,
1861 3625 1962 3681 Be-

384 3700 539 3771 m’gna
585 3711 674 3758 est.
723 3703 906 3774 Neque
949 3705 1091 3762 enim
1139 3708 1204 3764 ad
1248 3710 1643 3777 accendendam
1693 3715 1961 3775 ﬂammam

380 3806 568 3847 eorum
590 3794 678 3863 qui
706 3795 781 3852 ira
806 3798 1181 3866 incenduntur,
1200 3817 1325 3858 cum
1346 3804 1451 3860 illis
1477 3806 1757 3878 benignius
1775 3821 1959 3881 agunt,

380 3881 479 3938 sed
600 3885 891 3951 sedandam
930 3899 985 3947 et
1012 3893 1498 3964 exstinguendam;
1532 3913 1708 3969 neque
1758 3910 1962 3961 tantum

376 3968 646 4043 generose
671 3974 925 4046 ferendo,
974 3982 1068 4039 sed
1115 3983 1276 4041 etiam
1307 3986 1545 4046 curando
1593 3968 1649 4046 et
1697 3992 1963 4054 hortando

378 4066 557 4122 ulceri
578 4066 853 4129 medentur
870 4081 924 4131 et
947 4077 1137 4132 vulnus
1163 4078 1255 4133 ira:
1284 4089 1494 4136 curant.
1525 4081 1647 4138 Non
1670 4086 1958 4146 inmutauit.

380 4158 577 4214 Potest
605 4162 743 4217 enim
768 4166 959 4238 aliquis
986 4171 1195 4238 patiens
1221 4186 1344 4227 esse
1385 4182 1444 4229 et
1484 4174 1697 4234 invidus
1718 4220 1737 4247 ,
1767 4189 1821 4235 et
1860 4180 1962 4240 hoc

379 4252 520 4308 vitio
546 4254 739 4311 bonum
756 4274 887 4329 opus
908 4261 1034 4316 illud
1050 4265 1431 4335 corrumpitur.
1449 4266 1556 4325 Sed
1573 4270 1686 4341 ipsa
1708 4271 1811 4330 hoc
1826 4290 1959 4348 quo-

374 4362 485 4417 que
514 4348 714 4420 effugit.
760 4351 881 4408 Non
909 4355 1015 4426 agit
1043 4373 1327 4427 perperam.
1355 4359 1413 4416 Id
1435 4370 1550 4430 est,
1586 4379 1693 4420 non
1722 4383 1959 4440 praeceps

375 4450 463 4494 est
490 4456 648 4496 :nam
677 4444 991 4512 pmdentcnt
1014 4449 1323 4507 redditeum
1353 4454 1442 4524 qui
1471 4455 1644 4527 diligit
1669 4469 1723 4514 et
1740 4475 1957 4530 gravem

372 4539 429 4584 et
447 4531 657 4600 placide
676 4536 1034 4592 incedentem.
1056 4539 1124 4595 Iis
1143 4542 1286 4597 enim
1304 4544 1394 4613 qui
1415 4548 1640 4616 turpiter
1655 4561 1837 4606 amant
1854 4551 1957 4611 hoc

374 4639 493 4694 pro;
515 4623 649 4678 rium
673 4626 858 4681 vitium
880 4638 965 4683 est
984 4647 997 4683 :
1020 4632 1107 4698 qui
1132 4648 1259 4688 vero
1276 4635 1411 4691 hanc
1428 4639 1576 4695 novit
1591 4639 1952 4714 dilectionem,

370 4716 442 4768 ab
464 4715 547 4771 his
567 4721 816 4776 omnibus
843 4724 1074 4784 maxime
1101 4726 1236 4783 liber
1261 4738 1364 4785 est.
1403 4730 1534 4788 Nam
1558 4748 1678 4790 eum
1705 4737 1848 4793 intus
1876 4740 1954 4795 ira

371 4823 481 4862 non
517 4810 715 4879 fuerit,
768 4818 1060 4883 petulantia
1088 4822 1263 4876 omnis
1289 4831 1344 4877 et
1371 4829 1695 4882 contumelia
1741 4831 1953 4888 sublata

367 4912 476 4956 est.
509 4902 718 4961 Etenim
749 4917 805 4960 ut
832 4909 1046 4977 quidam
1073 4913 1307 4982 optimus
1334 4916 1565 4986 agricola
1594 4918 1738 4976 intus
1760 4922 1955 4980 anima:

369 4992 618 5050 insidens
636 4998 834 5054 caritas
857 5008 915 5055 et
938 5002 1178 5070 dilectio,
1203 5020 1308 5061 non
1336 5008 1465 5064 sinit
1490 5008 1625 5066 ullas
1647 5010 1953 5083 hujusmodi

364 5083 553 5154 spinas
574 5088 899 5157 germinare.
931 5090 1055 5148 Non
1079 5096 1312 5167 inﬂatur.
1343 5099 1550 5157 Etenim
1580 5103 1779 5161 multos
1805 5106 1954 5166 vide-

362 5189 490 5230 mus
510 5175 581 5233 de
607 5178 690 5234 his
716 5181 987 5250 praeclaris
1015 5187 1268 5254 cperibus
1287 5191 1452 5245 altum
1474 5194 1775 5264 sapientes;
1799 5214 1954 5257 nemo

364 5280 435 5334 pe
479 5268 621 5337 quod
667 5286 771 5326 non
814 5273 927 5330 sint
970 5274 1133 5332 invidi
1184 5296 1357 5350 neque
1402 5285 1529 5339 mali
1573 5302 1749 5357 neque
1772 5293 1950 5361 pusilli

361 5356 533 5412 animi
560 5375 734 5431 neque
764 5364 1082 5433 petulantes.
1124 5368 1307 5441 Neque
1333 5374 1474 5428 enim
1499 5356 1670 5433 solum
1713 5356 1838 5437 cum
1865 5384 1949 5439 di-

364 5445 508 5502 vitiis
553 5458 611 5504 et
658 5464 972 5525 paupertate
1014 5458 1129 5515 haec
1173 5463 1309 5518 mala
1339 5463 1633 5537 habentur,
1660 5471 1757 5527 sed
1785 5475 1950 5531 etiam

360 5548 486 5590 cum
512 5537 621 5593 illis
644 5556 761 5612 quae
787 5554 978 5603 natura
1008 5560 1132 5606 sunt
1158 5551 1316 5608 bona.
1343 5554 1447 5613 Sed
1476 5560 1673 5619 caritas
1694 5576 1949 5625 accurate

364 5630 548 5685 omnia
572 5646 853 5708 expurgat.
886 5640 1139 5697 Animum
1163 5657 1340 5703 autem
1359 5650 1556 5709 adhibe
1581 5672 1595 5708 :
1618 5657 1709 5727 qui
1738 5659 1949 5729 patiens

375 5727 495 5783 est,
538 5737 645 5780 non
693 5739 772 5784 est
818 5733 1036 5786 omnino
1086 5734 1389 5807 benignus:
1432 5745 1577 5814 quod
1605 5749 1653 5804 si
1682 5727 1946 5824 benignus

370 5823 477 5865 non
507 5814 614 5883 sit,
646 5817 762 5887 haec
787 5839 871 5877 res
898 5835 983 5881 est
1006 5826 1191 5885 vitium
1211 5872 1226 5897 ,
1255 5841 1311 5887 et
1346 5838 1641 5905 periculum
1671 5856 1754 5903 est
1796 5814 1864 5907 ne
1891 5852 1941 5908 in

700 5939 972 6007 PATROL.
1024 5950 1141 6013 Gn.
1194 5956 1336 6019 LXI.

1404 366 1473 428 IN
1510 372 1722 429 EPIST.
1765 373 1782 427 Ι
1848 374 1938 429 ΑΙ)
1975 373 2131 430 COR.
2172 377 2403 433 HOMIL.
2446 379 2685 438 XXXIII.

3576 392 3683 445 27R

2093 490 2524 549 recordationem
2551 494 2864 564 injuriarum
2889 497 3109 554 incidat.
3137 499 3258 557 Ideo
3286 501 3396 571 ipsa
3429 502 3647 571 pharma
3664 536 3687 549 -

2101 597 2222 639 cum
2248 584 2382 642 dans
2401 627 2418 655 ,
2451 586 2831 658 benignitatem
2860 589 2981 646 dico
3002 633 3018 659 ,
3043 607 3229 662 puram
3252 603 3538 650 conservat
3568 596 3677 650 vir-

2101 683 2292 729 tutem.
2313 674 2545 732 Rursum
2570 679 2828 749 benignus
2867 695 3010 752 saepe
3037 683 3206 738 facilis
3227 693 3311 738 est
3335 725 3350 749 ,
3380 684 3475 741 sed
3499 694 3555 741 et
3582 685 3682 741 hoc

2099 764 2188 819 illa
2221 767 2480 837 corrigit:
2509 767 2708 824 Caritas
2756 771 2899 825 enim
2924 812 2940 838 ,
2986 772 3194 843 inquit,
3226 791 3329 829 non
3357 777 3461 847 agit
3503 795 3682 848 perpe-

2097 873 2207 911 ram
2227 899 2245 925 ,
2276 875 2378 913 non
2405 860 2635 929 inﬂatur.
2668 860 2771 929 Qui
2808 862 3069 933 benignus
3092 875 3150 920 et
3179 880 3385 935 pauens
3412 878 3516 933 est,
3537 884 3682 939 sa‘pe

2094 962 2352 1018 arrogans
2380 960 2463 1005 est
2491 968 2503 1005 :
2532 951 2629 1007 sed
2655 962 2709 1006 et
2740 952 2880 1008 hanc
2908 955 3047 1009 tollit
3076 958 3389 1026 nequitiam.

2164 1039 2218 1093 2.
2249 1039 2314 1094 Et
2331 1041 2598 1110 perpende
2622 1044 2891 1112 quomodo
2910 1060 3050 1110 eam,
3074 1063 3179 1101 nun
3202 1049 3363 1102 modo
3386 1048 3451 1103 ab
3470 1048 3534 1102 iis
3552 1064 3670 1117 qua:

2094 1129 2292 1197 habet,
2317 1132 2413 1187 sed
2438 1133 2597 1189 etiam
2618 1133 2687 1190 ab
2713 1132 2779 1189 iis
2804 1151 2924 1205 quae
2951 1152 3055 1192 non
3080 1138 3239 1194 habet
3263 1148 3508 1195 exornet.
3537 1139 3671 1197 Dicit

2092 1223 2238 1276 enim
2268 1238 2386 1277 eam
2415 1231 2470 1278 et
2497 1223 2748 1279 virtutem
2800 1226 3053 1285 inducere
3099 1237 3155 1283 et
3179 1229 3436 1284 malitiam
3461 1230 3666 1286 exscin-

2090 1312 2258 1377 dere;
2285 1313 2391 1368 into
2415 1329 2544 1369 vero
2566 1330 2633 1373 ne
2647 1315 2715 1370 ab
2736 1315 2889 1372 initio
2912 1318 3058 1374 nasci
3086 1318 3298 1390 quidem
3326 1320 3471 1374 sinit.
3490 1320 3673 1391 Neque

2089 1402 2232 1467 enim
2262 1401 2431 1471 dixit,
2461 1403 2768 1461 1Eumlatur
2796 1406 3043 1477 quidem,
3081 1408 3334 1464 invidiam
3360 1425 3487 1467 vero
3516 1424 3675 1480 supe-

2091 1503 2210 1559 rat;
2261 1510 2452 1565 neque,
2486 1501 2757 1566 Arrogans
2805 1497 3019 1567 quidem
3063 1507 3177 1566 est,
3209 1500 3305 1556 sed
3354 1501 3456 1556 hoc
3487 1502 3675 1557 vitium

2086 1586 2342 1658 castigat;
2370 1587 2466 1642 sed
2485 1628 2502 1655 ,
2531 1586 2652 1641 Non
2689 1589 2982 1657 anmlatur,
3006 1607 3107 1644 non
3127 1591 3232 1661 agit
3254 1609 3540 1664 perperam,
3567 1609 3670 1646 non

2084 1676 2293 1746 inﬂatur
2316 1693 2333 1732 :
2356 1676 2497 1747 quod
2523 1685 2702 1733 autem
2734 1679 2965 1735 maxime
2986 1680 3230 1736 mirabile
3258 1691 3361 1750 est,
3383 1683 3498 1738 sine
3526 1682 3675 1737 laba-

2087 1768 2237 1823 ribus
2259 1770 2399 1825 bona
2425 1767 2552 1825 facit
2576 1811 2593 1836 ,
2621 1780 2675 1825 et
2699 1771 2818 1835 sine
2844 1771 2989 1828 bello
3020 1774 3102 1829 vel
3132 1775 3247 1830 acie
3276 1783 3535 1846 tropaeum
3565 1776 3673 1832 cri-

2082 1860 2179 1928 git.
2212 1858 2394 1929 Neque
2418 1860 2560 1914 enim
2594 1860 2786 1917 sudare
2811 1862 2941 1917 sinit
2968 1878 3090 1918 eum
3122 1866 3212 1935 qui
3240 1880 3300 1920 se
3328 1866 3583 1935 possidet,
3616 1875 3668 1921 et

2084 1950 2155 2004 ita
2194 1965 2451 2005 coronam
2484 1952 2767 2021 accipere,
2802 1953 2895 2010 sed
2940 1956 3057 2010 sine
3102 1956 3285 2012 labore
3313 1958 3553 2013 bravium
3595 1959 3671 2014 illi

2082 2040 2276 2098 defert.
2306 2041 2408 2099 Ubi
2430 2043 2572 2099 enim
2600 2060 2706 2099 non
2734 2054 2818 2100 est
2841 2045 3211 2103 adversarium
3239 2050 3423 2104 vitium
3454 2059 3664 2120 tempe-

2082 2133 2222 2187 ranti
2246 2133 2591 2203 cogitationi,
2626 2137 2747 2206 quis
2771 2136 2925 2192 labor
2951 2136 3152 2193 fuerit?
3181 2139 3236 2196 5.
3281 2138 3405 2195 Non
3449 2140 3668 2196 dedecus

2081 2224 2177 2278 sibi
2206 2224 2384 2297 inferri
2413 2235 2578 2296 putat.
2612 2226 2750 2293 Quid
2777 2228 2919 2283 enim
2947 2227 3103 2295 dico,
3149 2230 3314 2301 inquit
3340 2273 3354 2296 ,
3386 2231 3531 2303 quod
3559 2247 3666 2287 non

2083 2313 2299 2369 inﬂetur
2320 2356 2337 2382 ,
2369 2315 2583 2385 quando
2611 2326 2816 2373 tantum
2842 2318 3006 2376 distat
3029 2319 3098 2375 ab
3125 2321 3225 2378 hoc
3256 2321 3405 2388 vitio,
3437 2332 3517 2388 ut,
3544 2337 3665 2378 eum

2083 2420 2180 2476 pro
2206 2404 2400 2462 dilecto
2421 2415 2662 2462 extrema
2692 2422 2847 2479 passa
2875 2410 2976 2477 sit,
3011 2425 3115 2467 non
3143 2411 3376 2469 dedecus
3404 2428 3524 2470 esse
3550 2428 3665 2469 rem

2082 2496 2407 2553 existimet?
2451 2498 2635 2571 Neque
2661 2499 2796 2556 dixit
2826 2517 3040 2558 rursum
3061 2545 3077 2573 ,
3110 2520 3218 2560 non
3264 2504 3515 2563 indecore
3540 2507 3663 2579 qui-

2079 2588 2203 2644 dem
2233 2590 2432 2660 patitur
2453 2632 2468 2658 ,
2517 2591 2612 2647 sed
2641 2591 2874 2649 dedecus
2899 2593 3006 2661 fert
3046 2611 3350 2667 generose;
3389 2597 3485 2653 sed
3515 2600 3660 2668 quod

2080 2696 2148 2736 ne
2175 2697 2388 2736 sensum
2416 2682 2632 2753 quidem
2662 2684 2946 2742 dedecoris
2988 2686 3206 2753 habeat.
3255 2688 3387 2744 Nam
3415 2691 3460 2744 si
3499 2706 3660 2759 pecu-

2079 2773 2182 2828 niae
2210 2784 2453 2830 amantes
2477 2816 2492 2843 ,
2523 2776 2782 2846 probrosa
2824 2780 3002 2835 omnia
3031 2797 3127 2852 pro
3155 2782 3242 2837 illa
3270 2784 3663 2861 cauponatione

2078 2864 2313 2921 ferentes
2336 2906 2354 2934 ,
2382 2882 2488 2921 non
2524 2868 2686 2924 modo
2717 2884 2823 2925 non
2851 2872 3177 2929 erubescunt
3199 2916 3215 2938 ,
3248 2877 3342 2931 sed
3374 2877 3535 2933 etiam
3563 2891 3660 2933 ex-

2077 2956 2309 3022 sultant;
2338 2958 2506 3013 multo
2534 2961 2701 3031 magis
2730 2962 2794 3027 is,
2831 2961 2921 3032 qui
2950 2964 3270 3023 laudabilem
3298 2965 3437 3023 hanc
3470 2970 3664 3024 carita-

2079 3055 2185 3102 tem
2217 3047 2415 3112 habet,
2458 3064 2555 3118 pro
2582 3050 2901 3107 dilectarum
2949 3056 3243 3113 securitate
3273 3058 3406 3114 nihil
3437 3061 3662 3115 omnino

2076 3137 2377 3203 recusabit;
2425 3137 2534 3193 imo
2581 3156 2755 3211 neque
2821 3144 3028 3213 patiens
3080 3147 3380 3206 erubescet.
3431 3149 3538 3208 Sed
3594 3168 3662 3208 ne

2076 3243 2105 3279 a
2152 3212 2212 3282 re
2268 3229 2405 3283 mala
2459 3233 2763 3301 exemplum
2826 3212 3155 3306 efferamus,
3216 3239 3318 3296 hoc
3374 3240 3549 3312 ipsum
3606 3244 3657 3297 in

2073 3316 2287 3375 Christo
2335 3323 2741 3391 examinemus,
2792 3335 2850 3384 et
2905 3340 3033 3386 tunc
3087 3324 3214 3388 dicti
3265 3333 3374 3391 vim
3443 3338 3660 3406 conspi-

2069 3412 2295 3468 ciemus.
2342 3413 2598 3471 Dominus
2642 3420 2786 3475 enim
2828 3420 2985 3479 Iesus
3011 3423 3260 3482 Christus
3294 3437 3351 3484 et
3388 3443 3656 3499 conspue-

2070 3504 2227 3560 hattrr
2270 3515 2324 3562 et
2366 3508 2608 3581 colaphis
2652 3513 2961 3571 emdebatur
3009 3532 3039 3571 a
3094 3519 3488 3576 miserabilibus
3540 3535 3654 3578 ser-

2069 3597 2185 3664 vis;
2216 3606 2273 3655 et
2309 3616 2416 3656 non
2462 3604 2621 3657 modo
2665 3620 2724 3660 se
2774 3606 3028 3665 indecore
3079 3627 3185 3667 non
3216 3628 3373 3684 agere
3402 3615 3652 3684 putabat,

2071 3688 2166 3742 sed
2201 3691 2360 3745 etiam
2404 3694 2742 3763 exsultabat,
2799 3713 3027 3772 eamque
3079 3719 3193 3760 rem
3238 3705 3460 3776 gloriam
3492 3723 3653 3762 voca-

2068 3776 2193 3843 bat;
2249 3788 2303 3832 et
2355 3779 2480 3836 dum
2531 3782 2791 3841 latronem
2854 3801 2909 3846 et
2957 3792 3279 3851 homicidam
3331 3806 3457 3853 ante
3512 3799 3647 3854 alius

2067 3883 2251 3925 secum
2283 3869 2335 3926 in
2363 3874 2663 3942 paradisum
2695 3879 3091 3954 introduceret,
3123 3896 3179 3942 et
3209 3892 3545 3947 meretricem
3574 3893 3654 3945 al-

2066 3954 2409 4033 loquerelur,
2440 3963 2600 4036 idque
2630 3968 3102 4033 circumstantibus
3147 3980 3398 4036 omnibus
3426 3997 3650 4038 accusa-

2069 4054 2276 4110 toribus
2302 4055 2414 4110 suis
2434 4098 2449 4124 ,
2483 4074 2589 4114 non
2618 4065 2836 4130 putabat
2875 4082 2987 4121 rem
3023 4084 3144 4126 esse
3173 4081 3383 4142 turpem
3411 4116 3427 4141 ,
3458 4076 3551 4131 sed
3596 4086 3651 4133 et

2067 4143 2166 4215 ipsi
2193 4144 2355 4216 pedes
2377 4162 2506 4203 suos
2533 4152 2756 4219 przehuit
2779 4159 3099 4217 osculandos
3123 4203 3140 4229 ,
3169 4174 3223 4220 et
3251 4181 3447 4238 corpus
3472 4168 3643 4240 lacry-

2065 4236 2169 4291 mis
2221 4237 2547 4308 irrigandum
2601 4246 2914 4318 capillisque
2967 4236 3561 4325 tergendumpethuc
3584 4236 3650 4316 in

2072 4325 2257 4411 medio
2287 4328 2518 4387 hostium
2546 4345 2597 4389 et
2630 4335 2969 4395 inimicorum
3001 4342 3232 4400 theatro.
3266 4346 3476 4408 Caritas
3505 4353 3649 4407 enim

2063 4430 2169 4470 non
2216 4417 2467 4478 indecore
2527 4441 2708 4482 secum
2767 4431 2850 4501 agi
2915 4442 3079 4501 putat.
3142 4436 3369 4511 Ideoque
3416 4454 3642 4514 patres,

2064 4510 2272 4565 etiamsi
2300 4512 2634 4586 philosophis
2656 4519 3071 4596 rhetoribusque
3095 4510 3343 4588 omnibus
3373 4510 3645 4603 pra'stent.

2064 4617 2169 4658 non
2214 4608 2538 4663 erubescunt
2566 4610 2726 4668 simul
2756 4614 3029 4675 balbutire
3055 4636 3176 4677 cum
3207 4623 3365 4691 filiis;
3399 4636 3455 4683 et
3486 4645 3644 4684 nemo

2062 4693 2353 4751 videntium
2384 4696 2435 4752 id
2466 4701 2831 4770 reprehendit,
2864 4709 2959 4763 sed
2986 4711 3122 4767 adeo
3153 4713 3369 4783 pulchra
3399 4732 3486 4772 res
3515 4734 3637 4775 esse

2061 4783 2306 4854 videtur,
2339 4798 2395 4843 ut
2425 4790 2468 4845 si
2497 4794 2659 4847 etiam
2690 4795 2740 4849 iu
2786 4800 2943 4854 votis.
2978 4800 3047 4857 Et
3085 4803 3131 4858 si
3162 4820 3348 4861 rursus
3373 4809 3497 4863 mali
3528 4809 3644 4866 fue-

2063 4874 2162 4929 rint
2190 4919 2205 4944 ,
2240 4877 2291 4933 hi
2349 4892 2565 4937 manent
2605 4887 2935 4959 corrigemus
2958 4932 2973 4957 ,
3002 4904 3249 4951 curantes
3274 4938 3291 4964 ,
3331 4900 3522 4969 probra
3549 4917 3645 4956 en-

2062 4982 2178 5020 rum
2210 4982 2522 5028 coercentes
2544 5016 2557 5042 ,
2591 4991 2692 5031 nec
2729 4979 2891 5049 pudet
2923 4983 3065 5038 illos.
3110 4986 3317 5049 Caritas
3350 4996 3491 5049 enim
3540 5012 3643 5051 non

2062 5058 2315 5118 indecore
2343 5066 2485 5134 agit;
2518 5066 2616 5123 sed
2645 5072 2795 5139 quasi
2825 5076 3006 5132 aureis
3031 5079 3351 5150 quibusdam
3377 5088 3501 5154 alis,
3521 5103 3641 5146 om—

2060 5151 2149 5206 nia
2176 5153 2493 5211 delictorum
2524 5173 2740 5230 peccata
2771 5167 3036 5239 contegit.
3063 5171 3155 5230 Sic
3182 5185 3239 5230 et
3265 5151 3517 5236 Davidem
3546 5180 3642 5237 Jo-

2058 5242 2246 5337 nathas
2291 5248 2526 5314 amabat,
2572 5251 2900 5327 audiensque
2949 5271 3153 5330 patrem
3180 5267 3489 5337 dicentem,
3536 5271 3646 5327 Fili

2057 5330 2341 5401 puellarum
2384 5338 2516 5393 ultro
2564 5343 2865 5402 venientium
2890 5392 2907 5417 ,
2937 5352 3226 5421 elfeminats
3251 5358 3332 5430 (1.
3376 5330 3506 5434 Βανά.
3546 5362 3637 5420 9.0.

2057 5422 2184 5493 50),
2220 5438 2325 5519 non
2359 5429 2745 5519 erubescebat,
2786 5441 2887 5494 etsi
2921 5422 3638 5519 turpitudineplena'vcrba

2055 5521 2229 5567 erant.
2259 5513 2390 5571 Nam
2420 5516 2521 5575 huc
2548 5523 2661 5577 vult
2687 5513 3023 5600 significare,
3052 5535 3154 5593 Fili
3179 5513 3638 5603 meretricularum

2055 5604 2106 5659 in
2138 5606 2282 5664 viros
2308 5610 2704 5686 insanientium,
2729 5619 2794 5676 ad
2814 5634 3199 5694 prmtereuntes
3217 5639 3637 5709 accurrentium,

2054 5711 2310 5793 enervate
2330 5744 2344 5771 ,
2377 5706 2584 5772 mollis,
2615 5713 2705 5780 qui
2733 5713 2867 5770 nihil
2905 5718 3059 5776 virile
3085 5721 3253 5781 habes
3278 5766 3292 5793 ,
3320 5728 3414 5784 sed
3443 5731 3510 5787 ad
3536 5706 3635 5790 de;

2055 5789 2222 5888 decus
2252 5800 2434 5888 tuum,
2467 5808 2521 5870 et
2564 5802 2682 5871 ejus
2728 5808 2817 5877 qui
2866 5816 2916 5864 te
2960 5815 3170 5883 peperit
3220 5789 3444 5888 matris,
3476 5789 3632 5881 vivis.

2050 5881 2190 5951 Quid
2233 5885 2423 5957 igitur,
2456 5892 2691 5953 haeccine
2733 5917 2875 5970 argre
2915 5881 3060 5976 tulit,
3094 5918 3141 5964 et
3189 5925 3301 5981 pra;
3328 5881 3527 5982 pudere
3570 5932 3631 5972 se
