4094 6222
441 380 545 434 979

440 496 745 559 abscondit,
795 501 954 561 atque
1001 505 1030 543 a
1075 485 1275 538 dilecto
1325 479 1595 537 recessit?
1638 477 1832 533 Totum
1873 485 2017 530 certe

439 588 766 642 contrarium
816 583 980 641 fecit,
1031 576 1099 630 de
1151 588 1334 629 amore
1385 571 1713 642 gloriabatur
1745 585 1758 622 :
1787 568 1888 622 etsi
1936 568 2023 622 ille

445 690 570 731 tunc
603 692 692 730 rex
721 681 836 726 erat
860 713 872 733 ,
907 669 1045 722 lilius
1072 680 1200 721 vero
1231 665 1371 732 regis
1411 663 1670 717 .louathas
1695 703 1709 724 ,
1739 658 1901 714 David
1932 673 2026 712 au-

444 780 550 822 tem
583 765 853 835 fugitivus.
907 758 1012 814 Sed
1046 772 1221 829 neque
1250 757 1328 810 sic
1374 756 1442 811 de
1485 753 1716 808 amicitia
1762 748 1977 805 erubuit
2010 765 2023 777 ·

441 859 635 910 caritas
663 851 806 907 enim
839 865 944 906 non
975 848 1224 902 indecore
1261 847 1392 914 agit.
1435 844 1564 899 Nam
1594 843 1696 896 hoc
1724 843 1774 896 in
1805 841 1892 896 illa
1922 839 2026 892 nii-

444 947 614 1001 rabilo
663 954 781 1009 est,
821 940 966 1012 quod
1015 937 1340 995 contumelia
1370 936 1663 997 affectum,
1712 949 1817 988 non
1865 932 2026 986 modo

444 1055 550 1094 non
581 1037 721 1092 sinat
745 1036 931 1089 dolere
952 1041 1015 1087 et
1057 1031 1288 1085 morderi
1311 1071 1325 1090 ,
1362 1028 1458 1084 sed
1488 1027 1648 1081 etiam
1696 1034 1754 1081 ut
1797 1023 2027 1094 gaudeat

441 1130 657 1187 efficiat.
694 1127 926 1196 Ideoque
957 1125 1047 1179 ille
1089 1131 1212 1194 post
1247 1121 1364 1175 haec
1391 1123 1604 1184 omnla,
1635 1115 1791 1187 quasi
1823 1128 2023 1169 corona

447 1221 725 1278 redimitus
743 1260 761 1286 ,
788 1221 866 1274 sic
887 1217 1075 1272 abiens
1097 1213 1352 1270 Davidem
1377 1210 1689 1280 complexus
1709 1217 1813 1263 est.
1842 1205 2027 1276 Neque

443 1315 586 1370 enim
614 1311 816 1366 caritas
855 1311 956 1365 scit
982 1307 1108 1380 quid
1140 1307 1207 1360 sit
1239 1304 1494 1375 probrum
1521 1319 1536 1353 :
1567 1301 1689 1356 ideo
1734 1298 1895 1354 etiam
1925 1297 2026 1353 sibi

445 1409 618 1479 placet
647 1405 698 1460 in
731 1418 796 1459 eo
815 1445 830 1470 ,
860 1402 927 1457 de
956 1400 1226 1471 quo'alius
1252 1395 1540 1452 erubescit.
1569 1391 1749 1449 Pudor
1774 1391 1916 1446 enim
1946 1398 2028 1444 est

448 1499 653 1555 nescire
701 1507 923 1558 amare,
973 1502 1028 1548 et
1069 1499 1337 1546 amantem
1386 1501 1494 1543 non
1543 1499 1703 1540 ornnc
1732 1481 2026 1553 periculum

447 1593 595 1647 adire
633 1591 918 1659 omniaque
937 1586 1154 1657 perpeti
1185 1598 1281 1655 pro
1307 1581 1539 1636 dilectis.
1567 1579 1702 1634 Cum
1731 1576 1910 1632 omnia
1951 1574 2033 1630 di-

450 1702 514 1741 co
539 1727 554 1753 ,
583 1700 649 1740 ne
680 1694 832 1754 putes
877 1697 962 1736 me
989 1695 1050 1734 ea
1095 1693 1215 1749 qua:
1258 1685 1382 1731 sunt
1411 1673 1568 1730 noxia
1613 1673 1836 1736 dicere;
1888 1680 1947 1725 ut
1987 1667 2031 1722 si

452 1781 571 1849 quis
599 1778 814 1842 dixerit,
838 1791 898 1831 sc
920 1773 1102 1844 juveni
1129 1787 1285 1842 opem
1315 1769 1456 1826 ferre
1476 1775 1535 1822 ut
1561 1767 1793 1838 potiatur
1818 1763 1989 1819 amica
2016 1779 2029 1826 ;

452 1884 541 1926 aut
569 1872 612 1926 si
639 1870 758 1941 quis
778 1867 919 1923 aliud
945 1866 1215 1937 quidpiam
1242 1863 1559 1919 damnosum
1589 1861 1762 1915 facere
1782 1858 2031 1930 postulet.

450 1966 580 2018 Nam
629 1962 716 2031 qui
763 1961 882 2014 talis
928 1967 1011 2012 est
1042 1973 1149 2012 non
1180 1956 1394 2025 diligit;
1422 1963 1480 2008 et
1523 1952 1625 2008 hoc
1670 1967 1841 2021 nuper
1883 1950 2036 2005 vobis

448 2055 659 2110 ostendi
691 2069 755 2107 ex
786 2051 1030 2122 Egyptia
1074 2049 1319 2104 muliere.
1353 2046 1485 2102 Nam
1517 2045 1606 2100 ille
1646 2045 1794 2097 εινΙιιε
1819 2041 1991 2112 diligit
2019 2084 2033 2108 ,

455 2148 542 2216 qui
575 2162 635 2201 ea
663 2161 782 2216 qu:c
813 2143 1005 2197 dilecto
1038 2141 1183 2196 utilia
1222 2149 1347 2194 sunt
1373 2137 1605 2208 quan-it:
1641 2137 1793 2190 itaut
1833 2137 1874 2188 si
1919 2135 2038 2205 quis

459 2240 558 2292 hoc
582 2239 778 2290 bonum
809 2251 914 2287 non
945 2240 1203 2296 venetur,
1234 2230 1442 2285 etiamsi
1470 2227 1771 2282 sexcenties
1801 2227 1941 2278 dicat
1978 2240 2038 2278 se

456 2330 709 2399 diligere,
741 2327 1078 2380 inimicorum
1108 2321 1347 2376 omnium
1379 2322 1448 2373 sit
1493 2318 1914 2373 inimicissimus.
1950 2317 2039 2370 Sic

455 2433 508 2477 et
536 2423 661 2476 olim
706 2419 963 2482 Rebecca,
988 2417 1111 2486 quia
1141 2415 1294 2470 valde
1317 2428 1346 2467 a
1379 2412 1488 2467 filio
1531 2411 1816 2482 pendebat,
1848 2419 1901 2464 et
1933 2408 2041 2463 fur-

462 2525 572 2567 tum
597 2510 720 2566 fecit
748 2523 802 2565 et
830 2525 935 2564 uou
969 2508 1184 2563 erubuit
1209 2521 1276 2561 ne
1305 2503 1803 2574 deprehenderetur
1823 2545 1836 2566 ,
1869 2517 2041 2572 neque

459 2604 632 2658 timuit
667 2619 682 2664 ;
717 2617 891 2670 neque
920 2601 1063 2656 enim
1093 2599 1214 2654 leve
1248 2595 1545 2668 periculum
1571 2603 1722 2660 erat;
1753 2593 1846 2649 sed
1881 2594 2041 2648 etiam

467 2698 576 2750 tilio
629 2705 959 2765 repugnante
1008 2702 1063 2748 ct
1111 2691 1292 2747 verbis
1335 2705 1456 2744 cum
1511 2689 1600 2744 illa
1641 2687 1998 2743 contendente
2026 2729 2040 2751 ,

459 2787 592 2841 dixit
616 2804 631 2840 :
656 2785 723 2839 In
754 2803 832 2838 me
856 2785 920 2840 sit
948 2782 1234 2838 maledictio
1259 2793 1379 2845 tua,
1408 2781 1488 2850 fili
1516 2779 1666 2852 (Gen.
1695 2779 1787 2834 ‘27.
1824 2778 1934 2850 l3).

532 2877 582 2930 ’5.
615 2874 860 2930 Vidistin‘
889 2873 1050 2929 etiam
1077 2877 1128 2927 in
1159 2873 1379 2927 muliere
1399 2873 1635 2926 animum
1659 2868 2043 2940 apostolicum?

464 2966 592 3020 Nam
618 2970 756 3020 sicut
797 2967 1000 3034 Optavit
1028 2964 1226 3018 Paulus
1265 2964 1348 3033 (si
1391 2965 1508 3033 quis
1537 2978 1758 3031 parvum
1785 2977 1904 3016 cum
1933 2977 2046 3014 nia-

462 3075 567 3130 gno
596 3057 869 3126 conferat)
905 3071 999 3123 pro
1028 3053 1228 3108 .ludazis
1253 3052 1536 3107 anathema
1559 3067 1678 3107 esse
1716 3069 1730 3107 :
1756 3053 1834 3106 sic
1875 3061 1932 3106 et
1958 3052 2047 3106 illa

467 3164 523 3208 ut
557 3153 696 3206 filius
739 3147 1166 3211 benediceretur,
1194 3145 1356 3198 etiam
1384 3143 1628 3200 maledici
1656 3142 2045 3199 consentiebat.

475 3249 537 3301 Et
567 3245 639 3300 illi
667 3243 883 3315 quidem
939 3239 1091 3295 bonis
1138 3236 1398 3304 cedebat;
1440 3253 1546 3292 non
1602 3237 1744 3292 enim
1793 3251 1914 3292 cunt
1957 3236 2050 3291 illo

467 3337 893 3394 benedictionem
921 3341 1202 3402 acceptura
1233 3339 1384 3394 erat;
1446 3331 1583 3384 mala
1612 3339 1790 3383 autem
1818 3329 1930 3399 ipsa
1957 3345 2049 3382 so-

472 3435 520 3488 la
543 3433 806 3486 sustinere
839 3437 1021 3499 parata
1050 3434 1166 3482 erat
1196 3442 1210 3480 :
1242 3435 1476 3479 attamen
1503 3425 1765 3496 gaudebat
1809 3433 1864 3480 ct
1898 3439 2054 3494 urge-

474 3528 582 3592 bat,
605 3534 657 3580 et
685 3524 787 3578 hoc
806 3537 924 3576 cum
955 3529 1162 3574 tantum
1182 3519 1488 3573 immineret
1514 3517 1828 3587 periculum,
1859 3524 1913 3572 et
1938 3529 2052 3569 mo-

474 3633 585 3670 ram
626 3631 770 3687 (εει-ε
802 3615 1023 3668 ferebat.
1056 3611 1301 3667 Timebat
1344 3611 1507 3675 enim,
1542 3627 1610 3666 ne
1635 3611 1679 3664 si
1706 3609 2055 3680 praaveuisset

476 3709 637 3767 Esau.
690 3722 876 3761 vanam
909 3706 1025 3775 ejus
1057 3704 1306 3761 redderet
1347 3703 1684 3774 sapientiam.
1734 3702 1856 3757 ldeo
1895 3703 2054 3756 etiam

478 3800 637 3855 verba
669 3798 719 3853 in
752 3797 1125 3867 compendium
1156 3795 1344 3866 redigit
1367 3803 1421 3850 et
1452 3803 1604 3864 urget
1635 3793 2055 3857 adolescentem,

479 3903 527 3948 et
578 3902 857 3963 postquam
891 3891 1158 3960 prioribus
1190 3889 1564 3945 contradicere
1587 3889 1747 3954 sivit,
1795 3889 2056 3942 rationem

476 3983 630 4039 affert
653 3999 770 4052 qua:
793 3982 1020 4037 sufficiat
1046 3981 1111 4036 ad
1139 3981 1586 4051 persuadendum.
1609 3977 1789 4050 Neque
1810 3979 1953 4034 enim
1980 3978 2060 4032 di-

479 4079 583 4140 xit,
614 4075 832 4130 Frustra
865 4076 980 4129 haec
1007 4075 1174 4140 dicis,
1206 4084 1260 4130 et
1283 4077 1404 4130 sine
1447 4088 1608 4128 causa
1656 4072 1848 4128 metuis
1873 4114 1888 4139 ,
1937 4087 2059 4126 cum

479 4178 628 4236 pater
658 4175 778 4221 tuus
799 4167 1135 4221 consenuerit
1155 4177 1212 4222 et
1233 4167 1382 4222 claro
1401 4181 1562 4222 sensu
1585 4167 1652 4220 sit
1685 4165 1944 4236 privatus;
1969 4163 2062 4218 sed

481 4259 640 4328 quid?
667 4257 734 4312 In
779 4274 857 4313 me
882 4259 946 4313 sit
986 4260 1274 4315 maledictio
1317 4269 1424 4325 tua,
1451 4260 1566 4327 ﬁli:
1599 4267 1800 4312 tantum
1850 4272 1961 4311 rem
2011 4264 2067 4310 et

491 4355 677 4408 drama
704 4369 770 4409 ne
796 4355 1005 4424 perdas,
1058 4367 1230 4423 neque
1258 4360 1502 4406 venatum
1531 4350 1741 4403 amittas
1765 4390 1779 4416 ,
1822 4362 1922 4404 nec
1950 4346 2066 4401 the-

493 4465 705 4502 saurum
755 4447 968 4518 prodas.
1014 4445 1132 4517 ipse
1163 4459 1290 4500 vero
1329 4443 1494 4499 Jacoh
1521 4458 1698 4497 annon
1729 4441 1828 4496 fuit
1855 4455 2059 4496 merce-

495 4542 674 4594 uarius
701 4539 840 4610 apud
869 4547 1148 4606 cognatum
1171 4537 1250 4591 bis
1281 4543 1483 4604 septem
1511 4535 1722 4589 annos?
1748 4548 1924 4588 annon
1946 4547 2066 4587 cum

498 4630 773 4693 servitute,
807 4630 962 4682 etiam
993 4643 1088 4694 pro
1116 4627 1202 4680 illa
1237 4626 1440 4680 fallacia
1475 4625 1604 4678 risui
1631 4624 1781 4680 erat?
1810 4623 1947 4692 Quid
1978 4639 2068 4676 er-

499 4738 566 4789 go
581 4725 605 4774 Υ
629 4737 753 4774 num
767 4734 926 4774 sensu
946 4717 1170 4772 affectus
1190 4715 1528 4772 estobrisum
1545 4713 1569 4766 ‘l
1588 4730 1714 4769 num
1737 4730 1796 4769 se
1820 4714 2070 4769 indecore

506 4829 664 4883 agere
687 4815 906 4881 putavit,
929 4810 1071 4881 quod
1097 4809 1232 4866 liber
1261 4824 1380 4863 cum
1393 4817 1537 4862 esset
1559 4817 1618 4864 et
1631 4823 1696 4863 ex
1717 4807 1898 4864 liberis
1919 4817 2073 4864 natus

506 4919 568 4957 ae
591 4904 878 4957 liberaliter
894 4901 1168 4967 educatus,
1195 4916 1313 4972 quae
1329 4914 1607 4956 servorum
1629 4907 1782 4955 erant
1803 4913 1992 4969 passus
2006 4899 2076 4954 sit

504 5010 532 5046 τι
563 4995 798 5063 cognatis
817 4997 841 5045 ι
870 4994 1011 5064 quod
1043 4995 1270 5049 maxime
1300 4993 1546 5049 mordere
1574 4993 1712 5048 solet
1752 5007 1871 5046 cum
1902 4991 2021 5063 quis
2047 5007 2075 5044 a

505 5085 644 5139 notis
689 5086 799 5136 suis
825 5085 1210 5140 contumeliose
1239 5088 1433 5155 agitur.
1484 5086 1828 5157 Nequaquam
1868 5105 1882 5142 :
1916 5101 2074 5140 causa

507 5185 681 5232 autem
708 5185 822 5228 erat
842 5173 1077 5239 dilectio,
1101 5189 1220 5245 qua:
1247 5185 1474 5245 tempus,
1504 5177 1810 5233 diuturnum
1842 5193 1962 5232 cum
1988 5193 2077 5232 es-

509 5277 611 5335 set,
634 5266 898 5323 modicum
930 5265 1057 5320 illud
1079 5264 1381 5320 exhibebat.
1419 5266 1580 5321 Erant
1601 5269 1755 5331 enim,
1786 5267 1976 5337 inquit,
2027 5268 2079 5320 in

506 5371 772 5432 conspectu
799 5360 908 5430 ejus
931 5359 1073 5428 quasi
1098 5359 1204 5412 dies
1239 5359 1387 5429 pauci
1412 5356 1564 5429 (Gen.
1591 5358 1678 5416 29.
1703 5359 1818 5430 20).
1851 5359 2078 5412 Tantum

516 5456 698 5506 aberat
727 5459 785 5506 ut
811 5451 1146 5504 morderetur
1161 5457 1215 5503 et
1231 5449 1571 5504 erubesceret
1591 5449 1657 5506 de
1677 5451 1775 5504 hac
1798 5450 2078 5505 servitute.

519 5546 640 5600 lure
661 5557 787 5612 ergo
807 5543 1013 5599 dicebat
1040 5545 1223 5600 beatus
1247 5544 1440 5598 Paulus
1471 5563 1486 5597 :
1517 5543 1715 5599 Caritas
1733 5561 1834 5597 non
1851 5543 2081 5596 indecore

519 5637 620 5702 ngit
641 5650 659 5687 :
700 5651 800 5689 non
824 5636 1002 5703 quwrit
1032 5651 1144 5705 quae
1169 5651 1259 5689 sua
1275 5645 1411 5699 sunt,
1437 5651 1537 5687 non
1565 5635 1810 5688 irritatur.
1839 5633 1971 5686 Cum
2003 5632 2082 5687 di-

521 5729 679 5782 xissct
707 5726 868 5786 enim,
891 5742 990 5778 non
1011 5727 1242 5781 indecore
1255 5729 1380 5798 agit,
1411 5725 1624 5779 modum
1651 5723 1810 5780 etiam
1828 5725 2080 5788 ostendit,

521 5832 627 5885 quo
657 5829 758 5870 non
785 5814 1035 5868 indecore
1060 5817 1186 5884 agit.
1215 5815 1344 5881 Quis
1389 5824 1563 5870 autem
1595 5813 1784 5868 modus
1822 5814 1910 5871 ille
1954 5825 2034 5871 est
2061 5820 2080 5867 ’ἐ

1159 371 1212 425 s.
1253 363 1530 423 JOANNIS
1565 354 2041 417 cnavsosrout
2080 357 2392 415 ARClltEP.
2434 359 2961 422 CONSTANTINOP.

3611 369 3714 424 980

2136 476 2274 543 Quia
2307 492 2405 530 non
2431 478 2610 547 quwrit
2637 494 2753 548 quae
2787 495 2881 533 sua
2904 491 3040 534 sunt.
3077 479 3336 536 Dilectum
3365 483 3507 538 enim
3538 490 3714 539 omnia

2137 563 2238 621 sibi
2268 581 2386 620 esse
2413 577 2582 638 putat,
2617 580 2668 622 et
2693 578 2818 624 tunc
2844 569 3096 625 indecore
3125 586 3184 626 sc
3210 587 3371 642 agere
3398 585 3568 643 putat,
3593 591 3713 629 curn

2138 675 2242 713 non
2265 670 2437 728 potest
2465 663 2610 716 illum
2647 663 2897 718 indecore
2918 673 3159 733 agentem
3193 665 3458 734 liberare;
3489 667 3559 722 ita
3591 678 3647 722 ut
3673 671 3715 720 si

2135 749 2318 806 liceret
2348 768 2442 821 per
2468 753 2698 810 dedecus
2726 771 2880 810 suum
2910 755 3160 811 dilectum
3191 772 3345 812 suum
3368 759 3577 829 iuvare,
3609 776 3716 815 nan

2132 843 2258 896 illud
2288 844 2523 900 dedecus
2549 862 2670 903 esse
2701 858 2911 917 putaret
2942 865 2956 902 :
2981 849 3070 905 ille
3095 866 3327 922 namque
3355 853 3440 908 hic
3471 855 3586 924 ipse
3609 865 3712 910 est.

2133 934 2241 992 lloc
2263 939 2507 993 cstcnim
2532 941 2788 1004 amicitia,
2832 957 2954 996 cum
2995 943 3040 996 is
3077 945 3166 1013 qui
3197 944 3390 1015 diligit,
3443 955 3499 1001 et
3548 947 3592 1002 is
3627 963 3715 1018 qut

2130 1027 2391 1098 diligitur,
2418 1045 2524 1086 non
2550 1032 2658 1086 duo
2683 1031 2838 1087 divisi
2867 1041 3011 1100 sunt,
3044 1034 3138 1090 sed
3169 1051 3305 1090 unus
3332 1037 3496 1093 homo
3529 1055 3543 1092 :
3575 1041 3716 1109 quod

2133 1134 2238 1175 non
2283 1122 2520 1190 aliunde,
2561 1125 2656 1179 sed
2705 1139 2734 1178 a
2764 1125 2986 1182 caritate
3015 1127 3127 1182 sola
3155 1127 3407 1188 efficitur.
3465 1128 3543 1185 Ne
3590 1145 3720 1200 ergo

2130 1225 2341 1280 quaeras
2369 1211 2510 1282 quod
2539 1223 2685 1268 tuum
2712 1225 2794 1271 est
2815 1259 2829 1282 ,
2887 1227 2945 1271 ut
2977 1217 3217 1273 invenias
3260 1220 3402 1290 quod
3436 1231 3581 1276 tuum
3611 1234 3716 1281 est.

2132 1302 2231 1371 Qui
2258 1305 2399 1359 enim
2435 1305 2577 1376 quod
2603 1321 2759 1363 suum
2787 1320 2868 1364 est
2894 1311 3108 1380 qtlzl‘ril,
3136 1311 3278 1381 quod
3309 1327 3462 1368 suam
3493 1324 3575 1370 est
3613 1331 3718 1369 non

2135 1395 2356 1450 invenit.
2381 1395 2504 1453 ldeo
2529 1398 2724 1455 Paulus
2739 1399 2970 1464 dicebat,
3003 1401 3168 1456 Nemo
3195 1416 3389 1473 quierat
3413 1407 3550 1476 quod
3573 1424 3720 1462 suum

2135 1495 2228 1552 est,
2257 1489 2345 1540 sed
2370 1491 2710 1560 unusquisque
2733 1492 2870 1562 quod
2899 1495 3120 1563 proximi
3139 1506 3209 1549 est
3235 1498 3313 1566 (f.
3338 1496 3458 1554 Cor.
3489 1499 3577 1554 10.
3600 1500 3717 1569 ει).

2138 1578 2357 1650 Propria
2395 1581 2539 1636 enim
2566 1584 2768 1638 utilitas
2797 1586 2846 1638 in
2897 1587 3128 1642 utilitate
3159 1589 3386 1656 proximi
3413 1592 3515 1644 sita
3543 1602 3646 1656 est,
3667 1604 3723 1648 et

2140 1673 2278 1729 illius
2324 1675 2522 1730 utilitas
2549 1677 2601 1730 in
2633 1677 2741 1732 illa.
2774 1680 3234 1748 Quemadmodum
3261 1699 3388 1754 ergo
3418 1686 3462 1738 si
3489 1686 3610 1756 quis
3629 1703 3723 1740 au-

2140 1780 2255 1818 rum
2286 1767 2556 1835 proprium
2586 1768 2638 1822 in
2665 1768 2827 1823 domo
2859 1772 3087 1840 proximi
3116 1772 3391 1829 defossum
3423 1777 3648 1841 habens,
3679 1779 3724 1830 si

2140 1855 2232 1909 illo
2261 1857 2479 1911 veniens
2507 1857 2556 1912 id
2575 1875 2818 1928 qmcrere
2843 1871 2893 1916 et
2917 1861 3174 1918 defodere
3197 1869 3547 1930 recusaverit,
3573 1884 3726 1921 num-

2139 1963 2299 2017 quam
2323 1949 2496 2019 ipsum
2527 1951 2725 2006 videbit
2755 1955 2870 2009 :sic
2895 1956 2984 2026 qui
3017 1972 3122 2012 non
3153 1959 3266 2012 vult
3287 1959 3339 2013 in
3370 1961 3598 2029 proximi
3622 1963 3726 2016 uti-

2143 2041 2288 2096 litate
2307 2059 2457 2097 suam
2483 2045 2763 2100 utilitatem
2796 2063 3060 2116 quaerere,
3093 2066 3320 2107 coronas
3348 2053 3472 2107 huic
3513 2054 3588 2109 rei
3640 2061 3730 2108 dc-

2145 2132 2281 2186 bitas
2309 2148 2416 2186 non
2449 2145 2828 2206 consethetur.
2871 2139 3081 2194 Etenim
3129 2142 3267 2195 Deus
3315 2142 3436 2197 ideo
3478 2143 3608 2198 illud
3655 2144 3726 2198 ita

2143 2226 2428 2296 disposuit,
2463 2237 2522 2282 ut
2560 2230 2726 2283 simus
2758 2241 2943 2286 mutuo
2966 2233 3220 2304 colligati.
3253 2236 3325 2289 Ac
3360 2236 3499 2290 sicut
3541 2238 3584 2290 si
3611 2237 3730 2306 quis

2146 2332 2368 2386 puerum
2401 2321 2818 2376 somniculosum
2847 2327 3110 2392 excitans,
3139 2336 3195 2381 ut
3215 2326 3432 2383 fralrcm
3451 2339 3728 2400 sequatur;

2145 2411 2189 2463 si
2219 2426 2282 2464 ex
2315 2424 2374 2465 se
2408 2411 2574 2478 nolit,
2606 2414 2744 2482 quod
2781 2415 2876 2484 ipsi
2909 2415 3264 2473 desiderabile
3291 2429 3346 2474 et
3371 2420 3728 2490 expetendum

2147 2511 2231 2558 est
2261 2503 2421 2558 tradit
2451 2505 2598 2560 fratri
2619 2547 2633 2568 ,
2663 2517 2721 2561 ut
2751 2508 3046 2578 accipiendi
3071 2511 3362 2581 cupiditate
3387 2529 3508 2568 eum
3537 2515 3628 2584 qui
3657 2525 3728 2569 ιε·

2148 2604 2242 2651 net
2280 2607 2536 2665 sequatur
2563 2640 2575 2660 ,
2610 2598 2751 2668 quod
2777 2601 2935 2655 etiam
2978 2601 3210 2658 efficitur
3238 2623 3252 2658 :
3283 2605 3350 2659 ita
3379 2615 3437 2661 et
3475 2605 3562 2661 hic
3591 2609 3730 2675 quod

2151 2687 2433 2759 unicuique
2456 2691 2583 2745 utile
2612 2702 2714 2757 est,
2751 2692 2993 2760 proximo
3023 2694 3260 2762 tradidit,
3281 2705 3338 2751 ut
3360 2695 3484 2752 hinc
3505 2697 3642 2754 alter
3665 2700 3732 2753 ad

2149 2781 2373 2836 alterum
2403 2798 2765 2848 accurramus,
2801 2796 2854 2840 et
2886 2802 2952 2841 ne
2978 2788 3148 2842 simus
3174 2788 3390 2844 divulsi.
3417 2789 3548 2846 Etsi
3577 2791 3730 2851 velis.

2152 2871 2252 2928 hoc
2283 2881 2338 2930 ει
2385 2875 2436 2928 in
2463 2875 2616 2930 nobis
2641 2877 2762 2931 vide
2781 2878 2871 2947 qui
2901 2878 3168 2948 loquimur
3202 2897 3215 2932 :
3248 2879 3388 2949 quod
3417 2881 3560 2936 enim
3599 2881 3733 2936 mihi

2153 2963 2284 3019 utile
2311 2973 2414 3030 est,
2439 2965 2490 3019 iu
2521 2975 2573 3020 te
2601 2967 2762 3022 situm
2793 2977 2895 3032 est,
2939 2980 2993 3023 et
3019 2970 3161 3040 quod
3197 2971 3289 3025 tibi
3322 2973 3450 3028 utile
3474 3015 3490 3040 ,
3535 2974 3587 3027 iu
3618 2989 3734 3028 me.

2153 3054 2272 3110 Tibi
2303 3057 2444 3112 enim
2476 3059 2606 3114 utile
2634 3069 2716 3114 est
2743 3069 2802 3115 ut
2831 3060 3076 3116 doeearis
3106 3077 3167 3117 ea
3196 3079 3315 3133 qua:
3350 3064 3463 3118 Deo
3493 3065 3734 3134 placent;

2153 3147 2249 3203 sed
2281 3148 2396 3204 lucc
2419 3164 2546 3204 cura
2573 3150 2702 3204 mihi
2723 3152 2922 3207 credita
2948 3151 3064 3219 fuit,
3085 3164 3142 3207 ut
3165 3162 3221 3209 tu
3240 3170 3270 3208 a
3299 3170 3385 3210 me
3411 3155 3460 3210 id
3483 3157 3736 3226 accipias,

2156 3240 2383 3311 ideoque
2411 3252 2627 3298 coactus
2674 3245 2748 3298 sis
2800 3246 2865 3300 ad
2899 3261 2984 3301 me
3009 3261 3290 3303 accurrere
3323 3265 3336 3302 :
3369 3258 3423 3304 ct
3450 3249 3577 3304 mihi
3610 3251 3740 3305 utile

2157 3344 2242 3390 est
2266 3343 2321 3390 ut
2345 3346 2399 3389 tu
2429 3337 2618 3390 melior
2637 3336 2919 3403 efficiaris;
2951 3354 3194 3410 magnam
3224 3341 3507 3398 eniminde
3538 3358 3742 3398 merce-

2158 3427 2280 3482 dem
2310 3430 2597 3500 accipiam;
2627 3430 2718 3485 sed
2738 3430 2841 3486 hoc
2860 3446 3041 3488 rursus
3065 3433 3115 3487 in
3143 3443 3194 3488 te
3220 3434 3378 3488 situm
3401 3444 3503 3501 est,
3535 3445 3590 3491 et
3620 3435 3741 3492 ideo

2162 3528 2214 3574 te
2256 3521 2513 3590 consequi
2549 3536 2732 3591 cogor,
2767 3531 2899 3578 utet
2929 3532 2984 3576 tu
3011 3525 3203 3579 melior
3224 3525 3320 3590 sis,
3349 3533 3406 3580 et
3450 3541 3550 3597 ego
3597 3529 3739 3597 quod

2163 3611 2291 3665 mihi
2343 3611 2472 3666 utile
2501 3620 2585 3667 est
2612 3627 2641 3666 a
2676 3622 2730 3668 te
2773 3613 3054 3683 accipiam.
3101 3613 3228 3670 Ideo
3262 3615 3475 3671 dicebat
3523 3617 3741 3684 Paulus,

2165 3706 2292 3770 Quw
2311 3706 2442 3758 enim
2469 3721 2580 3759 mea
2605 3722 2718 3774 spes
2735 3707 2851 3760 est?
2882 3723 3051 3762 annon
3082 3708 3210 3763 vos?
3235 3717 3289 3764 et
3331 3724 3518 3765 rursus
3541 3751 3556 3775 ,
3614 3710 3746 3782 Spes

2164 3811 2293 3860 mea,
2313 3796 2554 3865 gaudium
2567 3807 2802 3859 meum,et
2817 3814 3004 3853 corona
3017 3798 3333 3871 gloriationis
3349 3800 3530 3872 metu“
3543 3799 3742 3855 .Tltess.

2163 3886 2334 3941 2.19.
2362 3885 2476 3956 20).
2510 3885 2692 3956 Itaque
2730 3887 2880 3942 Pauli
2915 3889 3167 3958 gaudium
3209 3889 3450 3959 discipuli
3479 3898 3652 3954 erant,
3690 3901 3747 3946 et

2166 3979 2333 4049 ipsius
2373 3980 2621 4049 gaudium
2661 3980 2734 4033 illi
2767 3979 3052 4035 habebant.
3077 3981 3200 4037 Ideo
3225 3983 3386 4036 etiam
3417 3983 3748 4055 lacrymaba-

2169 4082 2274 4136 tur,
2307 4071 2350 4125 si
2374 4073 2588 4142 quando
2612 4082 2901 4142 pereuntes
2934 4073 3160 4129 videret.
3195 4074 3429 4129 Rursum
3471 4075 3612 4146 quod
3643 4074 3748 4130 illis

2170 4163 2318 4227 utile,
2367 4163 2418 4217 in
2473 4163 2638 4218 Paulo
2666 4172 2783 4219 erat
2829 4179 2844 4216 :
2892 4175 3173 4234 propterea
3223 4165 3610 4221 dicebatzPro
3660 4183 3751 4236 spe

2171 4256 2381 4311 Israelis
2423 4257 2614 4311 cinctus
2642 4273 2752 4311 sum
2796 4256 2892 4311 hac
2924 4269 3101 4311 calcnn
3129 4258 3262 4330 (Act.
3281 4259 3371 4313 28.
3395 4257 3521 4329 20);
3547 4267 3600 4314 et
3625 4275 3748 4314 rur-

2173 4363 2314 4415 sum,
2343 4347 2465 4404 Ηωσ
2515 4349 2681 4417 patior
2723 4357 2927 4419 prapter
2971 4348 3171 4416 electos,
3203 4360 3256 4403 ut
3308 4351 3459 4405 vitam
3513 4359 3752 4405 internum

2175 4450 2542 4511 consequantur
2565 4440 2642 4509 (2.
2672 4439 2802 4493 Tim.
2831 4440 2887 4494 ‘2.
2916 4441 3030 4508 l0).
3061 4441 3171 4495 Hoc
3196 4442 3353 4496 etiam
3385 4442 3567 4497 videre
3591 4451 3673 4497 est
3697 4443 3752 4497 in

2178 4531 2241 4585 iis
2266 4546 2386 4600 quae
2411 4530 2476 4584 ad
2517 4531 2676 4584 vitam
2709 4533 2975 4600 pertinent
3009 4523 3023 4585 ἶ
3056 4547 3176 4586 nam
3202 4532 3297 4596 ait,
3335 4532 3522 4586 Mulier
3561 4535 3760 4602 proprii

2175 4624 2402 4692 corporis
2445 4632 2735 4692 potestatem
2785 4641 2886 4678 non
2917 4625 3082 4689 habet,
3117 4643 3273 4696 neque
3293 4627 3405 4690 vir;
3447 4626 3536 4680 sed
3573 4625 3759 4678 mulier

2179 4716 2293 4780 viri,
2321 4724 2366 4768 et
2390 4715 2466 4768 vir
2491 4715 2715 4769 mulieris
2742 4715 2818 4790 (Ι.
2847 4715 2968 4772 Cor.
3002 4717 3055 4771 7.
3089 4717 3167 4789 ι).
3194 4719 3267 4773 Ita
3291 4727 3344 4774 et
3368 4735 3466 4775 nos
3490 4733 3612 4774 cum
3654 4717 3756 4773 ali-

2180 4822 2316 4878 quos
2343 4807 2598 4878 colligare
2629 4808 2896 4876 volumus,
2925 4808 3027 4863 hoc
3064 4807 3285 4864 facimus
3317 4826 3330 4863 :
3363 4811 3635 4866 neminem
3674 4808 3757 4864 sui

2181 4901 2456 4956 dominum
2486 4900 2859 4969 relinquimus,
2889 4898 2982 4955 sed
3014 4901 3246 4956 mediam
3293 4901 3642 4956 extendentes
3668 4914 3760 4958 ca-

2185 5003 2382 5058 tenam,
2415 4992 2466 5048 id
2493 4991 2773 5059 efficimus,
2823 5001 2879 5046 ut
2908 4992 2995 5047 hic
3027 4991 3095 5048 ab
3142 4993 3233 5048 illo
3259 5003 3313 5047 et
3337 4994 3424 5048 ille
3453 4995 3522 5047 ab
3554 4995 3656 5049 hoc
3683 5004 3759 5050 te.-

2183 5097 2393 5142 neatur.
2421 5083 2511 5138 Vis
2541 5083 2642 5138 hoc
2668 5085 2828 5138 etiam
2880 5084 3063 5139 videre
3103 5085 3154 5139 in
3181 5085 3619 5155 magistratibus?
3656 5086 3756 5154 Qui

2180 5177 2401 5250 judicat,
2449 5191 2554 5230 non
2594 5177 2746 5232 sedet
2781 5177 2886 5232 sibi
2925 5178 3195 5248 judicans,
3226 5177 3320 5232 sed
3345 5193 3590 5247 quaerens
3615 5177 3758 5250 quod

2187 5268 2427 5338 proximo
2477 5265 2736 5321 conferat.
2791 5267 2997 5322 Rursus
3046 5268 3138 5338 qui
3185 5268 3291 5322 illis
3347 5268 3545 5323 subditi
3597 5279 3761 5333 sunt,

2186 5357 2328 5427 quod
2377 5355 2602 5426 principi
2651 5357 2892 5412 conferat
2941 5367 3204 5428 quaerunt,
3255 5374 3351 5429 per
3389 5360 3613 5425 cultum,
3666 5375 3763 5430 per

2187 5447 2543 5503 ministerium
2595 5461 2794 5516 perque
2834 5447 2937 5503 alia
2986 5450 3186 5504 omnia.
3232 5449 3427 5504 Milites
3477 5465 3575 5519 pro
3608 5451 3762 5506 nobis

2188 5555 2334 5594 arma
2355 5547 2602 5604 sumunt;
2626 5551 2844 5610 propter
2863 5555 2962 5595 nos
2987 5541 3128 5596 enim
3152 5542 3386 5612 pericula
3404 5541 3636 5597 adeunt:
3663 5558 3763 5597 nos

2189 5648 2286 5703 pro
2326 5633 2431 5688 illis
2459 5631 2670 5688 labores
2713 5633 3068 5704 suscipimus;
3101 5648 3129 5686 a
3159 5634 3310 5689 nobis
3338 5635 3482 5690 enim
3524 5637 3761 5689 aluntur.

2261 5728 2312 5782 ι.
2355 5725 2550 5781 Caritas
2585 5742 2618 5778 α
2661 5725 2828 5780 Paulo
2869 5728 3264 5781 commendatur.
3285 5758 3350 5767 —-
3377 5727 3432 5783 Si
3465 5738 3643 5783 autem
3673 5727 3751 5781 di-

2194 5822 2354 5886 xeris,
2387 5834 2816 5892 unumquemque
2840 5835 2934 5875 ειη
2962 5830 3286 5890 quaerentem
3305 5819 3405 5879 hoc
3433 5820 3628 5883 facere.
3663 5821 3761 5874 huc
