4094 6222
508 346 610 402 979

502 465 597 518 καὶ
621 463 717 535 τῆς
749 464 1015 536 τεκούσης
1067 484 1126 520 σε
1178 466 1383 538 μητρὸς
1414 466 1544 531 ξῶν.
1593 468 1659 521 Τί
1684 464 1811 532 οῦνς
1840 467 2077 539 ἤλγησεν

502 549 597 601 ἐπὶ
621 546 828 612 τούτοις
858 550 950 601 καὶ
979 549 1365 621 ἐνεκαλύψατο,
1401 550 1497 603 καί⁵
1525 549 1738 621 ἀπέστη
1768 549 1865 603 τοῦ
1896 548 2077 618 φιλου-

506 631 710 700 μένου;
752 629 1076 686 Τούναντίον
1105 634 1203 704 μὲν
1230 628 1323 687 οὖν
1358 633 1522 699 ἀπαν,
1555 633 1648 687 καὶ
1677 630 2080 695 ἐκαλλωπίζετο

500 715 581 786 τῷ
614 714 852 785 φίλτρῳ“
905 715 1083 769 καίτοι
1120 732 1184 783 γε
1231 718 1259 770 6
1299 718 1398 789 μὲν
1435 716 1685 786 βασιλεὺς
1713 712 1783 788 ἦν
1807 717 1949 781 τότε,
1984 716 2080 767 καὶ

506 793 773 868 βασιλέως
829 799 944 861 υίὸς
966 799 995 852 6
1035 798 1309 864 ἰωνάθαν,
1342 802 1371 853 6
1399 800 1455 853 δὲ
1490 799 1666 870 φυγὰς
1700 798 1796 853 καὶ
1822 798 2028 869 ἀλήτης
2054 798 2081 849 6

502 881 683 936 Δαυῖδ.
726 881 866 934 Ἀλλ’
892 882 1010 935 οὐδὲ
1034 881 1207 947 οὕτως
1239 883 1500 954 ᾐσχύνετο
1536 882 1703 936 αὑτοῦ
1727 884 1793 953 τῇ
1828 880 1999 952 φιλίᾳ·
2043 882 2077 951 ἡ

502 966 613 1036 γὰρ
636 965 826 1034 ἀγάπη
852 966 953 1026 οὐκ
977 965 1422 1036 ἀσχημονεῖ.1ία“ι
1444 966 1553 1037 γάρ
1577 965 1638 1019 16
1662 963 1972 1035 θαυμαστὸν
1987 964 2076 1018 αύ-

500 1047 600 1116 τῆς
630 1045 789 1101 τοῦτό
819 1050 986 1112 ἐστιν,
1020 1049 1103 1101 ὅτι
1145 1046 1236 1103 16v
1286 1047 1639 1119 ὑϐριζόμενον
1676 1048 1737 1100 οὐ
1792 1048 1950 1116 μόνον
1975 1047 2076 1099 οὐκ

502 1130 729 1199 ἀφίησιν
758 1129 945 1199 ἀλγεῖν
976 1131 1096 1185 οὐδὲ
1114 1130 1429 1194 δάκνεσθαι,
1451 1132 1587 1187 ἀλλά
1618 1132 1713 1186 καὶ
1737 1130 1949 1201 χαίρειν
1974 1146 2076 1183 πα-

508 1212 855 1280 ρασκευάζει.
906 1213 1003 1268 Διά
1050 1214 1114 1286 δὴ
1160 1214 1320 1269 τοῦτο
1369 1215 1463 1269 καὶ
1497 1215 1701 1277 ἐκεῖνος
1736 1211 1877 1283 μετά
1902 1211 2075 1265 ταῦτα

506 1290 739 1360 ἅπαντα,
767 1294 956 1368 ὥσπερ
990 1297 1254 1366 στέφανον
1283 1297 1680 1369 περικείμενος,
1707 1294 1880 1358 οὕτως
1911 1294 2077 1346 ἀπελ-

505 1373 614 1431 θὼν
645 1376 945 1450 περιεχύθη
985 1378 1065 1450 τῷ
1096 1380 1277 1434 Δαυῖδ.
1303 1380 1378 1433 Οὐ
1412 1379 1521 1451 γάρ
1548 1375 1655 1433 οἶδε
1684 1377 1736 1430 τί
1768 1378 1898 1433 ποτέ
1927 1378 2074 1430 ἐστιν

504 1455 655 1533 [302]
684 1461 911 1533 αἰσχύνη
946 1463 979 1534 ἡ
1010 1463 1196 1533 ἀγάπη
1216 1477 1229 1491 ·
1271 1461 1359 1517 διὰ
1388 1463 1543 1517 τοῦτο
1569 1462 1665 1516 καὶ
1689 1461 2071 1531 φιλοτιμεῖται,

504 1540 696 1612 ἐφόἷς
737 1544 923 1617 ἔτερος
960 1544 1378 1614 ἐγκαλύπτεται.
1439 1544 1677 1617 Αἰσχύνη
1726 1542 1835 1613 γὰρ
1884 1542 1946 1595 16
1997 1542 2071 1613 μὴ

505 1624 702 1680 εἰδέναι
734 1613 929 1697 φιλεῖν,
957 1613 1019 1682 ού
1049 1629 1110 1681 τὸ
1147 1627 1402 1699 φιλοῦντα
1428 1613 1755 1683 κινδυνεύειν
1776 1626 1869 1680 καί
1898 1626 2073 1680 πάντα

503 1708 792 1783 ΰπομένειν
811 1710 912 1764 ύπέ
919 1728 952 1782 ρ
973 1710 1080 1765 τῶν
1096 1711 1448 1783 φιλουμένων.
1478 1711 1661 1766 Πάντα
1681 1711 1736 1764 δέ
1757 1710 1883 1765 ὅταν
1910 1709 2070 1770 εἴπω,

508 1794 583 1865 μὴ
611 1794 857 1868 νομίσῃς,
883 1795 978 1848 καὶ
990 1793 1061 1848 τά
1083 1795 1348 1866 ὲπιϐλαϐἧ
1368 1794 1568 1863 λέγειν,
1595 1789 1706 1848 οἷον
1724 1793 1778 1847 εί
1796 1810 1881 1857 τις
1901 1792 2071 1861 λέγοι,

504 1877 611 1948 νέῳ
641 1877 1008 1948 συμπράττειν
1041 1879 1120 1941 είς
1167 1878 1471 1950 ἐρωμένην,
1503 1877 1537 1948 ἦ
1574 1876 1738 1940 εἴτις
1785 1875 1973 1947 ἕτερόν
2019 1892 2073 1928 τι

506 1959 797 2025 ἐπιϐλαϐἐς
823 1960 965 2026 ἀξιοῖ
1005 1961 1260 2014 διανύειν.
1297 1962 1353 2014 Ὀ
1398 1961 1506 2032 γὰρ
1534 1959 1773 2024 τοιοῦτος
1801 1959 1862 2013 οὐ
1895 1958 2069 2027 φιλεῖ⁶

505 2045 598 2097 καὶ
621 2044 776 2098 τοῦτο
805 2043 994 2115 πρῴην
1026 2044 1152 2115 ύμῖν
1188 2043 1363 2109 ἔδειξα
1391 2045 1499 2098 ἀπὸ
1528 2044 1625 2115 τῆς
1652 2044 1953 2112 Αἰγυπτίας
1978 2059 2074 2111 γυ-

505 2126 710 2190 ναικός.
751 2126 863 2181 Kal
893 2126 1003 2197 γάρ
1030 2127 1234 2191 ἐκεῖνος
1288 2126 1447 2197 μόνος
1495 2126 1641 2179 ἐστὶν
1670 2128 1699 2179 6
1735 2125 1925 2195 φιλῶν,
1953 2128 1981 2179 6
2005 2123 2076 2177 τά

504 2212 849 2282 συμφέροντα
878 2210 1054 2281 ζητῶν
1091 2210 1167 2283 τῷ
1221 2210 1561 2281 φιλουμένῳ·
1595 2210 1670 2273 ὡς
1712 2207 1767 2262 εί
1809 2227 1893 2273 τις
1920 2207 2075 2262 τοῦτο

506 2295 582 2366 μὴ
632 2293 849 2366 θηρεύοι
880 2294 940 2348 τὺ
984 2294 1165 2358 καλὸν,
1211 2293 1314 2348 κάν
1372 2293 1634 2365 μυριάκις
1683 2292 1817 2365 λέγῃ
1875 2292 2072 2361 φιλεῖν,

503 2377 710 2448 ἐχθρῶν
743 2380 859 2431 ἐστι
894 2377 1297 2448 πολεμιώτερος
1325 2378 1561 2431 πάντων.
1594 2375 1747 2430 Οὕτω
1776 2378 1869 2429 καὶ
1896 2377 1928 2447 ἡ
1962 2375 2075 2429 ’ίέυ

505 2462 675 2515 ϐέκκα
700 2461 851 2523 ποτέ,
883 2461 1068 2533 ἐπειδὴ
1103 2461 1307 2532 σφόδρα
1336 2460 1600 2532 ἐξήρτητο
1620 2459 1715 2513 τοῦ
1746 2459 1954 2523 παιδὸς,
1981 2460 2076 2512 καὶ

504 2544 708 2616 κλοπὴν
739 2543 1041 2617 εἰργάζετο,
1093 2546 1186 2599 καὶ
1234 2545 1334 2598 οὐκ
1372 2542 1635 2617 ᾐσχύνετο
1674 2542 1749 2614 μὴ
1788 2542 1922 2613 ἀλῷ,
1953 2542 2074 2597 ούδέ

504 2626 788 2682 ἰδεδοίκει·
840 2629 932 2682 καὶ
979 2628 1085 2698 γάρ
1134 2627 1226 2681 καὶ
1255 2626 1501 2692 κίνδυνος
1530 2622 1598 2699 ἦν
1647 2627 1744 2698 οὐχ
1795 2628 1824 2680 6
1860 2625 2072 2698 τυχών·

506 2710 642 2765 ἀλλά
671 2713 762 2766 καὶ
795 2711 887 2766 τοῦ
918 2711 1106 2774 παιδὸς
1135 2710 1654 2782 ἀκριϐολογουμένου
1704 2710 1839 2780 πρὸς
1882 2709 2072 2781 αὐτὴν,

521 2797 638 2850 Ἐπ’
665 2797 769 2867 ἐμὲ
801 2799 839 2866 ἡ
880 2795 1107 2865 κατάρα
1144 2812 1283 2862 σου,
1314 2794 1550 2861 τέκνον,
1585 2795 1792 2863 ἔλεγεν.

572 2978 643 3049 Υ.
658 2978 809 3044 Εἶδες
825 2979 920 3033 καὶ
937 2981 996 3033 ἐν
1021 2980 1240 3049 γυναικὶ
1258 2977 1434 3049 ψυχὴν
1454 2977 1818 3048 ἀποστολικήν
1838 2994 1853 3044 ;
1886 2978 2075 3033 Καθά-

505 3081 611 3135 περ
633 3062 741 3135 γὰρ
759 3066 787 3117 6
806 3062 1018 3126 Παῦλος
1046 3062 1216 3116 είλετο
1240 3060 1336 3132 (ὡς
1358 3060 1424 3115 ἀν
1449 3061 1499 3114 εἰ
1520 3061 1741 3131 μεγάλῳ
1766 3077 1852 3124 τις
1881 3060 2076 3132 μικρὸν

506 3146 810 3218 παραϐάλοι
840 3146 859 3217 )
887 3146 1026 3214 ὑπὲρ
1059 3143 1326 3199 Ἰουδαίων
1355 3143 1602 3216 ἀνάθεμα
1625 3143 1902 3213 γενέσθαι,
1933 3142 2077 3198 οὕτω

504 3233 599 3285 καὶ
630 3229 794 3300 αῦτη,
829 3229 916 3283 ἵνα
969 3231 998 3283 6
1046 3231 1176 3292 παῖς
1226 3228 1513 3299 εύλογηθῇ,
1567 3229 1663 3282 καὶ
1703 3227 2077 3299 καταραθῆναι

504 3314 696 3368 είλετο.
727 3312 839 3367 Καὶ
860 3311 967 3365 τῶν
997 3311 1097 3381 μὲν
1133 3310 1356 3379 ἀγαθῶν
1397 3309 1589 3382 ἐκείνῳ
1620 3309 1930 3382 παρεχώρει
1950 3328 1963 3341 ο
2013 3310 2074 3363 οὐ

504 3398 614 3468 γὰρ
639 3396 704 3467 δὴ
739 3396 856 3465 μετ’
882 3394 1090 3448 ἐκείνου
1121 3392 1459 3462 εὐλογεῖσθαι
1487 3391 1681 3464 ἔμελλε
1706 3409 1719 3422 ·
1755 3393 1825 3447 τὰ
1845 3392 1903 3445 δέ
1928 3393 2076 3447 κακά

506 3480 643 3551 αὑτὴ
699 3483 835 3550 μόνη
885 3475 1326 3548 παρεσκευάζετο
1369 3476 1660 3546 ὑπομένειν
1684 3493 1697 3505 ·
1750 3476 1867 3530 ἀλλ’
1926 3478 2075 3548 ὅμως

505 3564 691 3634 ἔχαιρε
745 3562 840 3616 καὶ
872 3560 1149 3630 ἠπείγετο,
1192 3561 1286 3613 καὶ
1329 3557 1500 3613 ταῦτα
1528 3559 1781 3613 τοσούτου
1831 3559 2075 3614 κινδύνου

508 3646 889 3717 προκειμένου,
912 3644 1006 3698 καὶ
1039 3645 1103 3714 τῇ
1134 3643 1391 3713 μελλήσει
1422 3641 1531 3707 τῶν
1552 3644 1894 3713 πραγμάτων
1921 3642 2075 3695 ἐδυσ-

509 3730 742 3799 χέραινε.
790 3727 901 3780 Kal
954 3726 1064 3797 γὰρ
1096 3724 1351 3779 ἐδεδοίκει
1391 3724 1465 3795 μὴ
1503 3724 1787 3796 προλαϐὼν
1827 3726 1856 3778 6
1905 3725 2076 3778 Ἡσαῦ

510 3813 744 3882 ματαίαν
771 3810 943 3881 αὐτῆς
974 3811 1174 3882 ποιήσῃ
1199 3807 1296 3879 τὴν
1326 3808 1534 3877 σοφίαν.
1561 3809 1651 3863 Διὸ
1679 3810 1773 3862 καὶ
1793 3808 2078 3878 συντέμνει

507 3896 577 3948 τά
615 3895 851 3966 ῥήματα,
882 3891 976 3946 καὶ
1019 3891 1228 3959 ἐπείγει
1279 3890 1369 3945 τὸν
1404 3891 1704 3954 νεανίσκον,
1753 3892 1846 3945 καὶ
1881 3891 2078 3961 ἀφεῖσα

510 3979 780 4032 ἀντειπεῖν
818 3975 954 4047 πρὸς
986 3974 1056 4028 τὰ
1082 3975 1364 4047 εἰρημένα,
1396 3975 1654 4047 λογισμὸν
1682 3976 1866 4030 ἰκανὸν
1894 3978 2078 4029 πεῖσαι

515 4060 675 4114 αὐτὸν
698 4060 862 4127 λέγει.
890 4058 1023 4112 Οὐδὲ
1048 4058 1155 4128 γὰρ
1185 4054 1359 4123 εἶπεν,
1395 4058 1531 4128 Εἰκῆ
1566 4056 1741 4112 ταῦτα
1780 4058 1957 4127 λέγεις
1985 4062 2079 4113 καὶ

518 4144 694 4214 μάτην
716 4143 973 4205 δέδοικας,
1006 4137 1102 4194 τοῦ
1130 4139 1336 4211 πατρός
1361 4158 1454 4195 σου
1483 4140 1857 4212 γεγηρακότος
1889 4143 1982 4197 καὶ
2017 4143 2081 4196 16

510 4227 708 4297 τρανὸν
738 4225 838 4295 τῆς
872 4224 1174 4296 αἰσθήσεως
1217 4225 1592 4298 ἀφῃρημένου,
1643 4224 1781 4279 ἀλλὰ
1827 4225 1917 4291 τί;
1960 4226 2079 4280 Ἐπ’

510 4310 617 4379 ἐμὲ
648 4311 686 4378 ή
720 4307 947 4376 κατάρα
972 4323 1112 4373 σου,
1137 4305 1383 4361 τέκνον·
1437 4308 1597 4379 μόνον
1627 4309 1691 4361 σὺ
1728 4308 1804 4380 μὴ
1843 4309 2081 4378 διαφθεί-

513 4411 615 4467 ρης
640 4393 702 4448 ἐδ
724 4393 928 4464 δρᾶμα,
982 4391 1118 4462 μηδὲ
1155 4390 1425 4475 ἀπολέσῃῂς
1452 4392 1514 4445 τὸ
1543 4391 1791 4464 θήραμα,
1828 4392 1961 4463 μηδέ
1989 4393 2080 4445 τὸν

511 4477 781 4549 θησαυρὸν
808 4475 1040 4547 προδῷς.
1071 4475 1242 4539 Αὐτὸς
1270 4475 1327 4529 δὲ
1352 4470 1505 4539 οὗτος
1530 4476 1560 4528 6
1589 4475 1783 4531 Ἰακὼϐ
1809 4477 1930 4548 οὐχὶ
1957 4476 2083 4546 ἐθή-

511 4578 633 4615 τευε
672 4561 822 4631 παρά
844 4559 922 4631 τῷ
949 4560 1201 4627 συγγενεῖ
1237 4558 1318 4622 δίς
1339 4560 1433 4630 ἐτη
1461 4560 1630 4625 έπτά;
1663 4560 1784 4631 οὐχί
1819 4560 1958 4632 μετά
1984 4564 2081 4631 τῆς

510 4644 754 4707 δουλείας
781 4644 876 4696 καὶ
920 4643 1128 4711 γέλωτα
1169 4635 1347 4711 ὦφλεν
1380 4644 1519 4715 ὑπὲρ
1559 4644 1656 4714 τῆς
1686 4644 1901 4714 ἀπάτης
1934 4645 2080 4697 ἐκεί-

511 4746 642 4800 νης;
680 4730 744 4781 Τί
778 4724 909 4792 οὗνς
956 4722 1065 4796 ἆρα
1094 4724 1292 4796 ᾔσθετο
1325 4725 1421 4779 τοῦ
1450 4726 1723 4796 γέλωτος;
1757 4722 1870 4796 ἆρα
1907 4728 2079 4798 ἀσχηο

517 4814 697 4881 μονεῖν
726 4809 974 4880 ἐνόμιζεν
1007 4810 1091 4863 ὃτι
1116 4808 1398 4880 ἐλεύθερος
1425 4809 1501 4861 ὣν
1549 4811 1644 4864 καὶ
1685 4809 1744 4873 ἐξ
1784 4809 2082 4881 ἐλευθέρων

514 4896 607 4950 καὶ
629 4895 859 4966 τραφεὶς
884 4892 1141 4961 εὐγενῶς.
1172 4892 1240 4947 τὰ
1262 4893 1371 4945 τῶν
1402 4891 1602 4946 δούλων
1629 4893 1891 4963 ὑπέμεινε
1932 4893 2083 4965 παρά

512 4981 624 5042 τοῖς
653 4978 1054 5050 προσήκουσιν;
1104 4974 1133 5028 ὃ
1164 4976 1396 5047 μάλιστα
1446 4977 1659 5031 δάκνειν
1699 4975 1910 5040 εἴωθεν,
1952 4977 2081 5030 ὅταν

516 5062 665 5134 παρά
697 5063 808 5126 τοῖς
842 5060 1137 5132 γνωρίμοις
1164 5077 1246 5124 τις
1272 5059 1340 5112 τὰ
1372 5060 1710 5113 ἐπονείδιστα
1745 5059 1950 5134 πάσχῃ.
1979 5061 2084 5114 Ούο

513 5145 717 5216 δαμῶς
752 5146 814 5199 τὸ
846 5144 904 5199 δὲ
936 5144 1164 5214 αίτιονή
1203 5142 1413 5214 ἀγάπη,
1452 5142 1487 5214 ἢ
1519 5145 1612 5197 καὶ
1642 5143 1734 5196 τὸν
1760 5143 1950 5215 χρόνον
1984 5161 2082 5198 πο·-

516 5228 612 5282 λὺν
646 5228 779 5283 ὄντα
832 5228 1013 5297 ὀλίγον
1050 5227 1344 5299 ἀπέφηνεν.
1368 5223 1562 5282 Ἦσαν
1603 5227 1743 5298 γὰρ,
1791 5227 1960 5297 φησί,
1989 5228 2083 5282 ἐν-

513 5309 703 5364 ώπιον
734 5309 921 5364 αὐτοῦ
943 5310 1087 5365 ὠσσί
1114 5310 1324 5380 ἡμέραι
1359 5311 1575 5380 ὀλίγαι.
1602 5312 1645 5363 Τ
1648 5313 1870 5365 οσοῦτον
1889 5311 2081 5382 ἀπεῖχε

512 5392 610 5445 τοῦ
642 5392 933 5447 δάκνεσθαι
985 5393 1082 5447 καὶ
1125 5393 1383 5464 ἐρυθριᾷν
1408 5394 1499 5447 ἐπὶ
1541 5396 1606 5465 τῇ
1638 5392 1852 5465 δουλείᾳ
1886 5393 2081 5465 ταύτῃ.

513 5476 754 5542 Εἰκότως
791 5471 886 5531 οῦν
913 5477 1098 5546 ἔλεγεν
1131 5480 1161 5531 6
1194 5480 1462 5550 μακάριος
1505 5478 1735 5543 Παῦλος,
1781 5478 1853 5533 Ἠ
1881 5477 2082 5550 ἀγάπη

511 5563 626 5616 οὐκ
652 5561 1021 5631 ἀσχημονεῖ·
1058 5564 1130 5617 οὐ
1157 5560 1315 5631 ζητεῖ
1346 5562 1420 5617 τὰ
1444 5560 1685 5629 ἑαυτῆς,
1719 5565 1793 5617 οὐ
1826 5562 2085 5631 παροξύ-

514 5664 697 5704 νεται.
762 5646 945 5703 Εἰπὼν
977 5648 1106 5721 γάρ,
1151 5647 1231 5701 ὅτι
1288 5650 1411 5703 Οὐκ
1454 5645 1807 5718 ἀσχημονεῖ,
1845 5648 2082 5702 δείκνυσι

513 5733 608 5783 καὶ
640 5732 730 5783 τον
760 5728 979 5800 τρόπον,
996 5731 1069 5784 δι’
1097 5729 1156 5782 6v
1177 5730 1276 5784 οὐκ
1303 5731 1618 5801 ἀσχημονεῖ.
1656 5730 1751 5794 Τίς
1789 5730 1846 5784 δέ
1888 5732 1917 5784 6
1957 5732 2082 5802 τρό-

513 5831 647 5881 πο;;
680 5815 801 5867 ’Ὁτι
840 5815 911 5867 οὐ
952 5812 1111 5882 ζητεῖ
1138 5813 1208 5867 τὰ
1238 5812 1477 5882 ἑαυτῆς.
1510 5814 1613 5868 Τὸν
1648 5814 1755 5884 γὰρ
1784 5813 2083 5887 ἀγαπώμε-

1497 346 1562 404 ΙΝ
1601 345 1819 405 EPIST.
1853 348 1871 400 1
1912 347 2002 400 Αἰ)
2041 345 2199 402 (ΞΟΠ.
2241 346 2476 409 HOMIL.
2514 356 2756 416 XXXIII.

3647 368 3755 423 280

2182 488 2270 523 νον
2301 473 2480 528 πάντα
2506 473 2645 532 εἶναι
2668 480 2896 549 νομίζει,
2923 480 3016 534 καί
3035 481 3155 534 τότε
3178 481 3493 551 ἀσχημονεῖ,
3524 482 3649 537 ὅταν
3680 486 3755 554 μὴ

2179 554 2380 641 δυνηθῇ
2406 559 2731 641 ἀπαλλάξαι
2779 563 2985 617 ἐκεῖνον
3023 562 3469 635 ἀσχημονοῦντα·
3530 565 3605 641 ὡς
3660 567 3755 619 ἐὰν

2179 639 2272 708 ἐξῇ
2307 639 2457 713 [505]
2491 642 2579 695 διά
2605 643 2706 713 τῆς
2734 645 3118 716 ἀσχημοσύνης
3141 647 3243 718 τῆς
3267 647 3459 701 ἑαυτοῦ
3498 639 3588 701 τὸν
3616 649 3753 717 ἀγα-

2184 721 2430 802 τὼμενον
2474 724 2773 794 ὠφελῆσαι,
2824 728 2944 781 οὐδὲ
2995 729 3378 800 ἀσχημοσύνην
3414 731 3475 783 τὸ
3520 733 3752 802 πρᾶγμα

2179 800 2318 859 εἶναι
2341 806 2554 877 νομίζει
2575 824 2589 839 ’
2624 811 2829 875 ἐκεῖνος
2857 811 2965 884 γάρ
3002 812 3162 876 αὐτός
3197 814 3313 866 ἐστι
3342 813 3549 869 λοιπόν.
3570 800 3757 868 τοῦτο

2180 888 2290 959 γάρ
2326 891 2442 944 ἐστι
2482 890 2650 959 φιλία,
2705 893 2902 964 μηκέτι
2956 888 3096 949 εἶναι
3137 894 3228 949 τὸν
3251 895 3506 965 φιλοῦντα
3544 895 3756 950 καὶτὸν

2180 972 2502 1042 φιλούμενον
2549 973 2643 1028 δύο
2676 974 3057 1047 διῃρημένους,
3088 976 3204 1031 ἀλλ’
3255 979 3351 1032 ἕνα
3386 979 3509 1032 τινὰ
3542 978 3752 1050 ἀνθρω-

2180 1074 2281 1111 πον
2302 1075 2316 1088 ·
2349 1059 2486 1130 ὅπερ
2534 1058 2851 1129 οὐδαμόθεν,
2901 1060 3014 1113 ἀλλ’
3048 1060 3081 1131 ἥ
3110 1060 3219 1114 ἀπὸ
3240 1064 3339 1131 τῆς
3362 1062 3583 1132 ἀγάπης
3613 1060 3757 1130 γίνε-

2176 1160 2287 1197 ται.
2325 1142 2417 1213 Μὴ
2450 1141 2629 1195 τοίνυν
2659 1141 2812 1214 ζήτει
2842 1142 2903 1196 16
2932 1144 3044 1208 σὸν,
3095 1145 3181 1197 ἴνα
3222 1142 3390 1215 εὕρῃς
3427 1144 3490 1197 16
3532 1145 3643 1199 σόν.
3697 1145 3754 1197 '0

2174 1224 2285 1295 γὰρ
2325 1224 2507 1294 ζητῶν
2533 1224 2597 1279 16
2624 1223 2842 1292 ἐαυτοῦ,
2891 1226 2990 1295 οὐχ
3027 1226 3272 1297 εὑρίσκει
3302 1227 3366 1279 16
3397 1227 3613 1283 ἑαυτοῦ.
3662 1228 3755 1280 A16

2174 1307 2270 1360 καὶ
2310 1307 2341 1359 6
2390 1305 2601 1371 Παῦλος
2646 1306 2823 1377 ἔλεγε,
2880 1307 3101 1374 Μηδεὶς
3131 1307 3198 1362 τὸ
3228 1308 3449 1363 ἑαυτοῦ
3494 1306 3749 1377 ζητείτω.

2175 1391 2338 1445 ἀλλὰ
2375 1389 2442 1445 τὸ
2489 1391 2596 1446 τοῦ
2648 1391 2923 1459 πλησίον
2958 1391 3241 1458 ἕκαστος.
3281 1392 3358 1446 Τὸ
3397 1392 3508 1462 γὰρ
3557 1395 3751 1447 οἰκεῖον

2178 1473 2453 1543 συμφέρον
2479 1474 2537 1528 ἐν
2573 1473 2651 1545 τῷ
2674 1474 2768 1527 τοῦ
2796 1473 3025 1544 πλησίον
3055 1475 3386 1546 συμφέροντι
3430 1477 3628 1538 κεῖται,
3659 1475 3753 1529 καὶ

2174 1556 2237 1610 16
2263 1556 2471 1610 ἐκείνου
2505 1558 2565 1611 ἐν
2594 1557 2789 1629 τούτῳ.
2816 1559 3027 1630 Ὥσπερ
3063 1555 3157 1613 οὖν
3185 1559 3238 1612 ετ
3261 1576 3342 1623 τις
3379 1559 3599 1631 χρυσίον
3625 1560 3754 1613 ίδιον

2176 1642 2233 1694 ἐν
2264 1643 2331 1711 τῇ
2366 1641 2516 1712 οἰκίᾳ
2541 1644 2609 1713 τῇ
2639 1642 2734 1695 τοῦ
2767 1642 2992 1711 πλησίον
3021 1643 3441 1714 κατωρυγμένον
3482 1645 3530 1697 εί
3560 1661 3756 1712 παραι-

2174 1726 2320 1776 τοῖτο
2352 1722 2522 1777 ἐλθὼν
2557 1725 2673 1777 ἐκεῖ
2721 1724 2906 1795 ζητεῖν
2959 1728 3053 1780 καί
3108 1726 3448 1798 ἀνορύττειν,
3499 1726 3753 1781 οὐδέποτε

2176 1807 2307 1860 αὐτὸ
2336 1806 2547 1876 ὄψεται·
2584 1806 2726 1861 οῦτω
2754 1809 2847 1860 καί¹
2876 1808 3110 1863 ἐνταῦθα
3146 1811 3174 1863 6
3209 1810 3284 1881 μὴ
3313 1810 3636 1881 βουλόμενος
3662 1812 3757 1864 καὶ

2178 1892 2235 1943 ἐν
2261 1892 2325 1961 τῇ
2356 1889 2451 1942 τοῦ
2484 1889 2708 1960 πλησίον
2735 1890 2972 1963 ὠφελείᾳ
3002 1891 3063 1945 16
3112 1893 3308 1945 οἰκεῖον
3358 1893 3636 1964 συμφέρον
3662 1893 3758 1961 C1;-

2177 1975 2310 2035 τεῖν,
2360 1973 2461 2026 ούκ
2501 1972 2841 2037 ἐπιτεύξεται
2893 1974 3001 2027 τῶν
3033 1974 3174 2046 ὑπὲρ
3212 1974 3403 2029 τούτου
3451 1977 3752 2045 στεφάνων.

2178 2056 2289 2111 Καὶ
2311 2056 2422 2125 γὰρ
2457 2058 2485 2110 6
2513 2056 2644 2121 Θεὸς
2672 2056 2762 2111 διά
2786 2058 2944 2129 τοῦτο
2972 2057 3147 2122 οὕτως
3170 2059 3301 2113 αὐτὸ
3328 2060 3649 2130 κατέθηκεν,
3669 2062 3757 2114 ἵνα

2176 2133 2326 2209 ὦμεν
2353 2140 2605 2212 ἀλλήλοις
2632 2141 3023 2212 συνδεδεμένοι.
3066 2142 3176 2195 Kal
3206 2142 3398 2213 ὥσπερ
3431 2160 3517 2207 τις
3546 2143 3757 2197 παιδίον

2179 2224 2412 2295 ύπνηλδν
2461 2225 2747 2296 διεγείρων
2788 2225 2870 2296 τῷ
2903 2224 3120 2296 ἀδελφῷ
3161 2222 3600 2292 κατακολουθεῖν,
3628 2228 3756 2282 ἔκταν

2175 2309 2384 2362 οἴκοθεν
2413 2308 2487 2379 μὴ
2518 2308 2778 2379 βούλοιτο,
2805 2310 2867 2362 16
2892 2310 3228 2381 ἐπιθυμητὸν
3256 2310 3405 2381 αύτῷ
3434 2311 3528 2365 καὶ
3556 2311 3754 2382 ἐπέρα-

2178 2409 2303 2445 στον
2326 2392 2618 2462 ἐγχειρίζει
2644 2391 2723 2463 τῷ
2743 2391 2979 2463 ἀδελφῷ,
3015 2392 3101 2446 ἵνα
3148 2393 3415 2464 ἐπιθυμίᾳ
3442 2392 3536 2447 τοῦ
3572 2394 3755 2447 λαϐεῖν

2177 2474 2491 2549 καταδιῶκῃ
2534 2476 2626 2529 τὸν
2674 2475 2995 2547 κατέχοντα,
3026 2476 3055 2529 δ
3091 2476 3155 2547 δὴ
3191 2477 3284 2530 καὶ
3311 2477 3520 2545 γίνεται
3545 2493 3559 2508 ο
3615 2476 3758 2531 οὕτω

2178 2558 2269 2612 καὶ
2310 2558 2540 2612 ἐνταῦθα
2571 2559 2632 2612 16
2680 2558 2897 2631 ἑκάστῳ
2928 2559 3208 2631 συμφέρον
3247 2559 3326 2630 τῷ
3370 2560 3596 2631 πλησίον
3624 2560 3755 2614 ἔδω·

2177 2659 2295 2703 κεν.
2337 2642 2425 2694 ἵνα
2468 2641 2713 2713 ἀλλήλων
2743 2641 2995 2696 ἐντεῦθεν
3046 2643 3490 2714 κατατρέχωμεν,
3537 2646 3634 2698 καὶ
3683 2646 3757 2715 μὴ

2177 2719 2329 2796 ὦμεν
2358 2725 2765 2796 διεσπασμένοι.
2821 2726 2934 2779 Kal
2984 2727 3033 2779 εἰ
3083 2726 3284 2797 βούλει,
3330 2725 3487 2779 τοῦτο
3533 2727 3629 2781 καὶ
3672 2727 3757 2796 ἐφ’

2176 2809 2333 2881 ἡμῶν
2387 2809 2462 2862 ἰδέ
2499 2810 2608 2863 τῶν
2655 2809 2944 2878 λεγόντων·
3001 2810 3065 2864 16
3104 2811 3214 2884 γὰρ
3246 2811 3370 2883 ἐμοὶ
3401 2812 3676 2883 συμφέρον
3703 2814 3758 2864 ἐν

2179 2895 2261 2947 σοὶ
2290 2895 2487 2960 κεῖται,
2523 2894 2618 2947 καὶ
2648 2892 2711 2947 16
2747 2894 2831 2947 col
2859 2893 3188 2960 λυσιτελοῦν,
3226 2898 3285 2949 ἐν
3316 2894 3454 2965 ἐμοί.
3500 2896 3610 2949 Kal
3651 2895 3759 2965 γὰρ

2177 2978 2262 3032 00‘1
2298 2978 2565 3049 συμφέρει
2608 2979 2671 3031 τδ
2699 2977 3043 3032 διδάσκεσθαι
3088 2979 3157 3033 τά
3199 2978 3277 3050 τῷ
3315 2976 3434 3049 Θεῷ
3464 2977 3756 3040 δοκοῦντα.

2176 3062 2312 3116 ἀλλά
2351 3061 2512 3116 τοῦτο
2544 3060 2874 3132 ἐπιστεύθην
2903 3059 3035 3130 ἐγὼ,
3062 3063 3150 3118 ἵνα
3195 3064 3326 3134 παρ’
3361 3061 3495 3133 ἐμοῦ
3530 3064 3594 3116 σὺ
3627 3063 3760 3117 αὐτὸ

2175 3144 2367 3216 λάϐῃς,
2407 3146 2503 3199 καὶ
2544 3144 2634 3198 διὰ
2664 3143 2822 3198 τοῦτο
2864 3144 3213 3216 ἀναγκασθῇς
3242 3145 3470 3217 δραμεῖν
3503 3146 3592 3198 ἐπ’
3621 3145 3720 3215 ἐμέ
3740 3162 3751 3174 ·

2176 3229 2272 3282 καὶ
2307 3229 2429 3300 ἐμοὶ
2474 3227 2766 3298 συμφέρει,
2796 3228 2857 3281 16
2891 3227 2951 3282 σέ
3003 3226 3198 3298 βελτίω
3239 3227 3521 3297 γενέσθαι⁹
3570 3228 3756 3299 μισθὸν

2175 3314 2284 3384 γάρ
2316 3312 2508 3373 τούτου
2532 3311 2779 3382 λήψομαι
2810 3309 3008 3365 πολύν·
3040 3310 3178 3364 ἀλλά
3196 3310 3357 3365 τοῦτο
3399 3310 3559 3364 πάλιν
3586 3314 3755 3365 κεῖται

2176 3398 2234 3450 ἐν
2266 3396 2368 3460 σοὶ,
2405 3396 2499 3450 καὶ
2525 3395 2613 3449 διὰ
2653 3395 2813 3449 τοῦτο
2855 3394 3241 3465 ἀναγκάζομαί
3286 3393 3755 3451 σε’καταδιὼκειν.

2177 3481 2262 3534 ἵνα
2296 3482 2360 3533 σὺ
2407 3476 2474 3553 ᾗς
2520 3478 2764 3550 βελτίων,
2798 3480 2892 3532 καί
2926 3478 2987 3532 16
3018 3481 3143 3550 ἐμοὶ
3172 3478 3451 3550 συμφέρον
3480 3478 3631 3549 παρά
3663 3477 3756 3531 σοῦ

2176 3564 2460 3635 λαμϐάνω.
2520 3564 2612 3617 A16
2667 3564 2761 3617 καὶ
2810 3562 3025 3626 Παῦλος
3066 3562 3255 3632 ἔλεγε,
3321 3564 3418 3627 Τις
3466 3563 3580 3632 γάρ
3638 3564 3757 3633 μοὶ..

2175 3648 2346 3701 ἐστιν
2373 3647 2413 3715 ἡ
2444 3647 2662 3713 ἐλπίςς
2698 3646 2738 3715 ἢ
2788 3646 2927 3715 οὐχί
2954 3646 3053 3700 καὶ
3086 3646 3288 3716 ὑμεῒς;
3324 3646 3419 3699 καὶ
3463 3646 3647 3707 πάλιν,
3692 3645 3761 3698 Ἥ

2176 3730 2353 3795 ἐλπίς
2383 3746 2523 3799 μου,
2564 3729 2665 3783 καί
2695 3730 2733 3797 ἠ
2769 3729 2927 3799 χαρά
2958 3747 3099 3798 μου,
3130 3730 3229 3783 καί
3260 3731 3293 3783 ὁ
3313 3729 3617 3798 στέφανος
3648 3727 3760 3795 τῆς

2179 3812 2537 3883 καυχήσεώς
2555 3831 2695 3882 μου.
2729 3813 2890 3878 Ὥστε
2922 3814 2955 3884 ἡ
3005 3811 3217 3865 Παύλου
3238 3811 3391 3882 ’χαρά
3423 3812 3472 3864 οί
3523 3809 3758 3881 μαθηταὶ

2177 3893 2338 3968 ἦσαν,
2364 3897 2458 3950 καὶ
2480 3896 2578 3967 τὴν
2609 3896 2818 3949 ἐκείνου
2848 3896 3027 3968 χαράν
3055 3897 3253 3948 ἐκεῖνοι
3288 3890 3450 3965 εἶχον.
3484 3894 3582 3948 Διά
3604 3893 3761 3947 τοῦτο

2181 3983 2276 4036 καὶ
2305 3981 2589 4052 ἐδάκρυεν,
2630 3980 2684 4032 εί
2723 3995 2853 4031 ποτε
2877 3975 3016 4031 εῖδεν
3043 3977 3474 4045 ἀπολλυμένους.
3511 3975 3680 4030 Πάλιν
3700 3977 3761 4029 16

2180 4065 2401 4120 ἐκείνων
2429 4062 2706 4133 συμφέρον
2735 4063 2793 4115 ἐν
2820 4061 2898 4131 τῷ
2931 4060 3129 4132 Παύλῳ
3159 4055 3226 4132 ἦν
3250 4074 3264 4089 ’
3316 4058 3397 4114 616
3429 4057 3523 4112 καὶ
3552 4059 3757 4125 ἔλεγενι

2192 4147 2372 4218 ’Υπὲρ
2404 4146 2515 4216 τῆς
2536 4145 2784 4211 ἐλπίδος
2810 4144 2914 4199 τοῦ
2949 4144 3198 4213 Ἰσραὴλ
3223 4142 3340 4211 τὴν
3371 4141 3600 4197 ἅλυσιν
3629 4141 3762 4195 ταύ-

2181 4249 2294 4299 την
2340 4231 2706 4300 περίκειμαν
2768 4228 2864 4281 καὶ
2918 4224 3102 4290 πάλιν,
3149 4225 3342 4280 Ταῦτα
3393 4222 3609 4294 πάσχω
3660 4223 3760 4276 διὰ

2182 4314 2322 4381 τοὺς
2347 4312 2694 4379 ἐκλεκτοὺς,
2714 4312 2816 4366 ἵνα
2853 4309 3003 4380 ζωῆς
3038 4310 3282 4364 αἰωνίου
3315 4308 3561 4375 τύχωσι.
3591 4305 3761 4360 Τοῦτο

2183 4399 2276 4452 καί
2312 4399 2404 4450 ἐπὶ
2447 4397 2557 4450 τῶν
2581 4392 2848 4467 βιωτικῶν
2890 4388 2996 4447 ῐδοι
3039 4409 3124 4456 τις
3167 4391 3270 4446 ἀν’
3314 4393 3387 4445 Ἠ
3432 4388 3543 4459 γὰρ
3580 4388 3758 4458 γυνὴ,

2184 4482 2337 4551 φησί,
2367 4480 2476 4535 τοῦ
2516 4479 2670 4533 ιδίου
2700 4478 2975 4547 σώματος
3003 4477 3115 4531 οὐκ
3148 4472 3511 4540 ἐξουσιάζει,
3547 4472 3692 4526 οὐδὲ
3728 4475 3762 4526 ό

2182 4564 2359 4632 ἀνὴρ.
2389 4564 2529 4619 ἀλλ’
2558 4564 2598 4633 ἡ
2629 4560 2785 4632 γυνὴ
2814 4561 2925 4615 τοῦ
2953 4559 3198 4628 ἀνδρὸς,
3228 4558 3328 4613 καί
3377 4561 3410 4611 ό
3455 4555 3611 4627 ἀνὴρ
3652 4553 3761 4610 τοῦ

2182 4649 2293 4716 τῆς
2320 4647 2629 4719 γυναικός.
2671 4645 2828 4700 Οὕτω
2854 4645 2951 4699 καὶ
2978 4646 3140 4717 ἡμεῖς
3172 4645 3301 4697 ὅταν
3321 4640 3474 4705 τινάς
3502 4639 3762 4710 συνδῆσαι

2184 4732 2519 4804 θελήσωμεν,
2557 4729 2717 4783 τοῦτο
2778 4728 3062 4799 ποιῶμενο
3109 4725 3301 4781 οὐδένα
3344 4722 3538 4778 ἑαυτοῦ
3570 4722 3759 4793 κύριον

2184 4815 2436 4885 ἀφίεμεν,
2468 4813 2605 4869 ἀλλά
2631 4813 2804 4884 μέσην
2827 4812 3021 4866 ἅλυσιν
3053 4808 3407 4873 ἐκτείνοντες,
3444 4804 3638 4859 τοῦτον
3669 4805 3760 4857 ὑπ’

2185 4902 2391 4954 ἐκείνου
2442 4898 2535 4952 καὶ
2582 4898 2788 4950 ἐκεῖνον
2835 4895 2941 4948 ὑπὸ
2974 4893 3165 4947 τούτου
3219 4890 3538 4963 κρατεῖσθαι
3578 4906 3763 4960 παρα-ο

2187 4984 2544 5051 σκευάζομεν.
2595 4978 2782 5032 Βούλει
2837 4978 2931 5031 καὶ
2982 4977 3075 5030 ἐπὶ
3119 4976 3227 5029 τῶν
3272 4975 3550 5047 ἀρχόντων
3603 4972 3764 5027 τοῦτο

2188 5068 2352 5131 ίδεῖν;
2394 5067 2454 5119 '0
2479 5061 2716 5127 δικάζων
2755 5063 2854 5133 οὐχ
2885 5061 3062 5131 ἐαυτῷ
3095 5059 3331 5130 κάθηται
3367 5058 3587 5127 κρίνων,
3625 5054 3762 5111 ἀλλά

2182 5151 2245 5203 τὸ
2270 5149 2377 5202 τῶν
2407 5145 2635 5217 πλησίον
2669 5145 2947 5217 συμφέρον
2995 5145 3195 5216 ζητῶν.
3230 5145 3291 5198 Οί
3323 5143 3618 5213 ἀρχόμενοι
3651 5138 3760 5192 πά-

2183 5234 2265 5286 λιν
2294 5232 2353 5285 τὸ
2379 5230 2457 5301 τῷ
2484 5230 2703 5302 ἄρχοντι
2753 5230 3030 5301 συμφέρον
3085 5226 3307 5299 ζητοῦσι
3340 5227 3427 5278 διὰ
3462 5225 3562 5293 τῆς
3594 5222 3760 5293 θερα-

2186 5316 2363 5379 πείας.
2387 5314 2476 5368 διὰ.
2501 5314 2597 5384 τῆς
2623 5312 2919 5376 διακονίας,
2941 5312 3029 5365 διά
3057 5311 3164 5363 τῶν
3189 5309 3365 5362 ἀλλων
3389 5306 3664 5360 ἀπάντων.
3694 5306 3758 5358 υί

2186 5398 2515 5471 στρατιῶται
2547 5398 2688 5469 ὑπὲρ
2721 5397 2876 5467 ἡμῶν
2900 5395 3040 5448 ὅπλα
3064 5394 3302 5447 τίθενται
3328 5407 3339 5420 ·
3380 5389 3450 5442 δι’
3477 5390 3625 5458 ἡμᾶς
3646 5387 3757 5461 γάρ

2185 5485 2608 5541 κινδυνεύουσιν·
2655 5484 2816 5552 ἡμεῖς
2839 5481 2981 5550 ὺπέρ
2996 5479 3220 5532 ἐκείνων
3241 5472 3585 5546 ταλαιπωρού
3595 5474 3756 5544 μεθαο

2186 5571 2311 5642 παρ’
2339 5569 2501 5640 ἡμῶν
2536 5568 2644 5635 γὰρ
2672 5566 2858 5628 αὐτοῖς
2885 5565 2943 5617 αἱ
2973 5560 3190 5633 τροφαί.

2253 5641 2315 5708 δ’.
2341 5650 2495 5727 [504]
2524 5652 2588 5705 Εἰ
2605 5651 2660 5705 δέ
2687 5649 2882 5717 λέγεις,
2905 5647 2986 5700 ὅτι
3021 5645 3082 5699 ἰδ
3107 5644 3304 5697 οἰκεῖον
3324 5641 3502 5710 ζητῶν
3530 5641 3760 5727 ἕκαστος

2187 5722 2529 5802 τοῦτο’ποιεῖ,
2565 5736 2722 5789 τοῦτο
2767 5734 2859 5790 καὶ
2908 5728 3020 5799 ἐγὼ
3067 5728 3230 5796 λέγω,
3278 5727 3392 5782 ἀλλ’
3423 5728 3504 5781 ὅτι
3545 5726 3635 5779 διὰ
3666 5722 3757 5777 103

2189 5821 2470 5888 ἀλλοτρίου
2501 5818 2559 5873 16
2585 5820 2781 5871 οἰκεῖον
2807 5816 3137 5887 εὑρίσκεται.
3169 5811 3237 5864 Ὃ
3263 5828 3319 5864 τε
3349 5810 3457 5881 γὰρ
3489 5806 3751 5879 στρατιώ-
