  <div class='ocr_page' id='page_1' title='image "/cluster/home/n/w/nwhite01/storage/ocr_20150623/61/hvd.32044054166368/285.png"; bbox 0 0 4094 6222; ppageno 0'>
   <div class='ocr_carea' id='block_1_1' title="bbox 389 351 603 431">
    <p class='ocr_par' dir='ltr' id='par_1_1' title="bbox 389 351 603 431">
     <span class='ocr_line' id='line_1_1' title="bbox 389 351 603 431; baseline -0.005 0"><span class='ocrx_word' id='word_1_1' title='bbox 389 351 603 431; x_wconf 56' lang='grc' dir='ltr'>κη’</span> 
     </span>
    </p>
   </div>
   <div class='ocr_carea' id='block_1_2' title="bbox 386 481 1961 558">
    <p class='ocr_par' dir='ltr' id='par_1_2' title="bbox 386 481 1961 558">
     <span class='ocr_line' id='line_1_2' title="bbox 386 481 1961 558; baseline -0.017 0"><span class='ocrx_word' id='word_1_2' title='bbox 386 505 506 557; x_wconf 72' lang='grc' dir='ltr'>της.</span> <span class='ocrx_word' id='word_1_3' title='bbox 542 485 635 539; x_wconf 66' lang='grc' dir='ltr'>ἐὰν</span> <span class='ocrx_word' id='word_1_4' title='bbox 662 485 735 557; x_wconf 71' lang='grc' dir='ltr'>μὴ</span> <span class='ocrx_word' id='word_1_5' title='bbox 769 485 1050 558; x_wconf 65' lang='grc' dir='ltr'>πολβμῆσῃ</span> <span class='ocrx_word' id='word_1_6' title='bbox 1079 487 1220 558; x_wconf 71' lang='grc' dir='ltr'>ὑπὲρ</span> <span class='ocrx_word' id='word_1_7' title='bbox 1240 486 1346 541; x_wconf 85' lang='grc' dir='ltr'>τῶν</span> <span class='ocrx_word' id='word_1_8' title='bbox 1371 488 1695 558; x_wconf 75' lang='grc' dir='ltr'>τρεφόντων,</span> <span class='ocrx_word' id='word_1_9' title='bbox 1720 484 1819 536; x_wconf 78' lang='grc' dir='ltr'>οὐκ</span> <span class='ocrx_word' id='word_1_10' title='bbox 1848 481 1961 552; x_wconf 78' lang='grc' dir='ltr'>ἔχει</span> 
     </span>
    </p>
   </div>
   <div class='ocr_carea' id='block_1_3' title="bbox 387 564 1961 639">
    <p class='ocr_par' dir='ltr' id='par_1_3' title="bbox 387 564 1961 639">
     <span class='ocr_line' id='line_1_3' title="bbox 387 564 1961 639; baseline -0.006 -15"><span class='ocrx_word' id='word_1_11' title='bbox 387 571 476 624; x_wconf 82' lang='grc' dir='ltr'>τὸν</span> <span class='ocrx_word' id='word_1_12' title='bbox 503 571 582 631; x_wconf 82' lang='grc' dir='ltr'>είς</span> <span class='ocrx_word' id='word_1_13' title='bbox 611 566 766 620; x_wconf 86' lang='grc' dir='ltr'>τοῦτο</span> <span class='ocrx_word' id='word_1_14' title='bbox 792 568 1210 639; x_wconf 79' lang='grc' dir='ltr'>διακονούμενον</span> <span class='ocrx_word' id='word_1_15' title='bbox 1230 583 1245 599; x_wconf 88' lang='grc'>·</span> <span class='ocrx_word' id='word_1_16' title='bbox 1295 571 1457 634; x_wconf 76' lang='grc' dir='ltr'>αὐτός</span> <span class='ocrx_word' id='word_1_17' title='bbox 1487 586 1549 623; x_wconf 87' lang='grc' dir='ltr'>τε</span> <span class='ocrx_word' id='word_1_18' title='bbox 1591 564 1745 631; x_wconf 70' lang='grc' dir='ltr'>οὗτος</span> <span class='ocrx_word' id='word_1_19' title='bbox 1776 566 1961 629; x_wconf 79' lang='grc' dir='ltr'>πάλιν,</span> 
     </span>
    </p>
   </div>
   <div class='ocr_carea' id='block_1_4' title="bbox 384 650 1964 724">
    <p class='ocr_par' dir='ltr' id='par_1_4' title="bbox 384 650 1964 724">
     <span class='ocr_line' id='line_1_4' title="bbox 384 650 1964 724; baseline -0.002 -19"><span class='ocrx_word' id='word_1_20' title='bbox 384 654 480 706; x_wconf 84' lang='grc' dir='ltr'>ἐὰν</span> <span class='ocrx_word' id='word_1_21' title='bbox 504 651 580 723; x_wconf 81' lang='grc' dir='ltr'>μὴ</span> <span class='ocrx_word' id='word_1_22' title='bbox 626 651 797 724; x_wconf 71' lang='grc' dir='ltr'>θρέψῃ</span> <span class='ocrx_word' id='word_1_23' title='bbox 849 654 939 704; x_wconf 75' lang='grc' dir='ltr'>τὸν</span> <span class='ocrx_word' id='word_1_24' title='bbox 978 652 1336 724; x_wconf 83' lang='grc' dir='ltr'>στρατιώτην,</span> <span class='ocrx_word' id='word_1_25' title='bbox 1365 653 1465 707; x_wconf 86' lang='grc' dir='ltr'>οὐκ</span> <span class='ocrx_word' id='word_1_26' title='bbox 1515 652 1628 722; x_wconf 79' lang='grc' dir='ltr'>ἔχει</span> <span class='ocrx_word' id='word_1_27' title='bbox 1675 650 1767 703; x_wconf 78' lang='grc' dir='ltr'>τὸν</span> <span class='ocrx_word' id='word_1_28' title='bbox 1796 650 1964 719; x_wconf 67' lang='lat'><em>61:59-</em></span> 
     </span>
    </p>
   </div>
   <div class='ocr_carea' id='block_1_5' title="bbox 385 731 1965 807">
    <p class='ocr_par' dir='ltr' id='par_1_5' title="bbox 385 731 1965 807">
     <span class='ocr_line' id='line_1_5' title="bbox 385 731 1965 807; baseline -0.002 -19"><span class='ocrx_word' id='word_1_29' title='bbox 385 734 700 801; x_wconf 76' lang='grc' dir='ltr'>ασπίζοντα.</span> <span class='ocrx_word' id='word_1_30' title='bbox 728 731 878 799; x_wconf 72' lang='grc' dir='ltr'>Εἶδες</span> <span class='ocrx_word' id='word_1_31' title='bbox 907 736 1003 806; x_wconf 80' lang='grc' dir='ltr'>τὴν</span> <span class='ocrx_word' id='word_1_32' title='bbox 1027 737 1248 807; x_wconf 75' lang='grc' dir='ltr'>ἀγάπην</span> <span class='ocrx_word' id='word_1_33' title='bbox 1269 735 1544 807; x_wconf 83' lang='grc' dir='ltr'>πανταχοῦ</span> <span class='ocrx_word' id='word_1_34' title='bbox 1570 734 1965 805; x_wconf 79' lang='grc' dir='ltr'>διατεταμένην</span> 
     </span>
    </p>
   </div>
   <div class='ocr_carea' id='block_1_6' title="bbox 387 818 1967 892">
    <p class='ocr_par' dir='ltr' id='par_1_6' title="bbox 387 818 1967 892">
     <span class='ocr_line' id='line_1_6' title="bbox 387 818 1967 892; baseline -0.003 -18"><span class='ocrx_word' id='word_1_35' title='bbox 387 820 478 874; x_wconf 73' lang='grc' dir='ltr'>καὶ</span> <span class='ocrx_word' id='word_1_36' title='bbox 514 821 691 875; x_wconf 86' lang='grc' dir='ltr'>πάντα</span> <span class='ocrx_word' id='word_1_37' title='bbox 741 820 1164 891; x_wconf 81' lang='grc' dir='ltr'>οἰκονομοῦσαν;</span> <span class='ocrx_word' id='word_1_38' title='bbox 1205 820 1362 875; x_wconf 80' lang='grc' dir='ltr'>Ἀλλά</span> <span class='ocrx_word' id='word_1_39' title='bbox 1401 821 1475 892; x_wconf 84' lang='grc' dir='ltr'>μὴ</span> <span class='ocrx_word' id='word_1_40' title='bbox 1517 819 1831 891; x_wconf 83' lang='grc' dir='ltr'>ἀποκάμῃς.</span> <span class='ocrx_word' id='word_1_41' title='bbox 1862 818 1967 880; x_wconf 73' lang='grc' dir='ltr'>ἕως</span> 
     </span>
    </p>
   </div>
   <div class='ocr_carea' id='block_1_7' title="bbox 388 900 1962 976">
    <p class='ocr_par' dir='ltr' id='par_1_7' title="bbox 388 900 1962 976">
     <span class='ocr_line' id='line_1_7' title="bbox 388 900 1962 976; baseline -0.004 -18"><span class='ocrx_word' id='word_1_42' title='bbox 388 904 457 959; x_wconf 86' lang='grc' dir='ltr'>ἂν</span> <span class='ocrx_word' id='word_1_43' title='bbox 486 904 779 976; x_wconf 79' lang='grc' dir='ltr'>ὀλόκληρον</span> <span class='ocrx_word' id='word_1_44' title='bbox 802 904 900 974; x_wconf 78' lang='grc' dir='ltr'>τὴν</span> <span class='ocrx_word' id='word_1_45' title='bbox 933 905 1143 975; x_wconf 77' lang='grc' dir='ltr'>χρυσῆν</span> <span class='ocrx_word' id='word_1_46' title='bbox 1170 905 1373 975; x_wconf 87' lang='grc' dir='ltr'>ταύτην</span> <span class='ocrx_word' id='word_1_47' title='bbox 1403 904 1590 974; x_wconf 84' lang='grc' dir='ltr'>σειράν</span> <span class='ocrx_word' id='word_1_48' title='bbox 1618 900 1962 975; x_wconf 80' lang='grc' dir='ltr'>καταμάθῃς.</span> 
     </span>
    </p>
   </div>
   <div class='ocr_carea' id='block_1_8' title="bbox 388 985 1967 1059">
    <p class='ocr_par' dir='ltr' id='par_1_8' title="bbox 388 985 1967 1059">
     <span class='ocr_line' id='line_1_8' title="bbox 388 985 1967 1059; baseline -0.004 -19"><span class='ocrx_word' id='word_1_49' title='bbox 388 986 572 1041; x_wconf 72' lang='grc' dir='ltr'>Εἰπὼν</span> <span class='ocrx_word' id='word_1_50' title='bbox 596 990 725 1059; x_wconf 72' lang='grc' dir='ltr'>γάρ,</span> <span class='ocrx_word' id='word_1_51' title='bbox 762 990 845 1043; x_wconf 87' lang='grc' dir='ltr'>Οὐ</span> <span class='ocrx_word' id='word_1_52' title='bbox 873 986 1033 1053; x_wconf 74' lang='grc' dir='ltr'>ζητεῖ</span> <span class='ocrx_word' id='word_1_53' title='bbox 1060 989 1131 1043; x_wconf 81' lang='grc' dir='ltr'>τὰ</span> <span class='ocrx_word' id='word_1_54' title='bbox 1152 987 1395 1057; x_wconf 80' lang='grc' dir='ltr'>ἑαυτῆς,</span> <span class='ocrx_word' id='word_1_55' title='bbox 1425 986 1576 1056; x_wconf 85' lang='grc' dir='ltr'>λέγει</span> <span class='ocrx_word' id='word_1_56' title='bbox 1607 985 1769 1041; x_wconf 85' lang='grc' dir='ltr'>πάλιν</span> <span class='ocrx_word' id='word_1_57' title='bbox 1801 985 1870 1037; x_wconf 82' lang='grc' dir='ltr'>τά</span> <span class='ocrx_word' id='word_1_58' title='bbox 1906 986 1967 1034; x_wconf 79' lang='grc' dir='ltr'>ἐκ</span> 
     </span>
    </p>
   </div>
   <div class='ocr_carea' id='block_1_9' title="bbox 387 1067 1967 1140">
    <p class='ocr_par' dir='ltr' id='par_1_9' title="bbox 387 1067 1967 1140">
     <span class='ocr_line' id='line_1_9' title="bbox 387 1067 1967 1140; baseline -0.003 -17"><span class='ocrx_word' id='word_1_59' title='bbox 387 1069 578 1124; x_wconf 87' lang='grc' dir='ltr'>τούτου</span> <span class='ocrx_word' id='word_1_60' title='bbox 622 1070 914 1140; x_wconf 83' lang='grc' dir='ltr'>τικτόμενα</span> <span class='ocrx_word' id='word_1_61' title='bbox 947 1071 1146 1138; x_wconf 86' lang='grc' dir='ltr'>ἀγαθά.</span> <span class='ocrx_word' id='word_1_62' title='bbox 1197 1072 1329 1124; x_wconf 83' lang='grc' dir='ltr'>Τίνα</span> <span class='ocrx_word' id='word_1_63' title='bbox 1372 1072 1429 1125; x_wconf 82' lang='grc' dir='ltr'>δέ</span> <span class='ocrx_word' id='word_1_64' title='bbox 1455 1069 1629 1124; x_wconf 87' lang='grc' dir='ltr'>ταῦτά</span> <span class='ocrx_word' id='word_1_65' title='bbox 1653 1070 1834 1131; x_wconf 86' lang='grc' dir='ltr'>ἐστιν;</span> <span class='ocrx_word' id='word_1_66' title='bbox 1885 1067 1967 1118; x_wconf 86' lang='grc' dir='ltr'>Οὐ</span> 
     </span>
    </p>
   </div>
   <div class='ocr_carea' id='block_1_10' title="bbox 387 1151 1968 1224">
    <p class='ocr_par' dir='ltr' id='par_1_10' title="bbox 387 1151 1968 1224">
     <span class='ocr_line' id='line_1_10' title="bbox 387 1151 1968 1224; baseline -0.002 -18"><span class='ocrx_word' id='word_1_67' title='bbox 387 1154 811 1222; x_wconf 77' lang='grc' dir='ltr'>παροξύνεται,</span> <span class='ocrx_word' id='word_1_68' title='bbox 854 1156 927 1207; x_wconf 79' lang='grc' dir='ltr'>οὐ</span> <span class='ocrx_word' id='word_1_69' title='bbox 958 1152 1253 1224; x_wconf 65' lang='grc' dir='ltr'>,λογίζεται</span> <span class='ocrx_word' id='word_1_70' title='bbox 1294 1155 1361 1208; x_wconf 81' lang='grc' dir='ltr'>τὸ</span> <span class='ocrx_word' id='word_1_71' title='bbox 1392 1155 1598 1208; x_wconf 76' lang='grc' dir='ltr'>κακόν.</span> <span class='ocrx_word' id='word_1_72' title='bbox 1626 1154 1772 1223; x_wconf 80' lang='grc' dir='ltr'>Ὅρα</span> <span class='ocrx_word' id='word_1_73' title='bbox 1806 1151 1968 1206; x_wconf 84' lang='grc' dir='ltr'>πάλιν</span> 
     </span>
    </p>
   </div>
   <div class='ocr_carea' id='block_1_11' title="bbox 387 1235 1968 1307">
    <p class='ocr_par' dir='ltr' id='par_1_11' title="bbox 387 1235 1968 1307">
     <span class='ocr_line' id='line_1_11' title="bbox 387 1235 1968 1307; baseline -0.001 -19"><span class='ocrx_word' id='word_1_74' title='bbox 387 1236 448 1288; x_wconf 79' lang='grc' dir='ltr'>οὐ</span> <span class='ocrx_word' id='word_1_75' title='bbox 481 1235 790 1307; x_wconf 83' lang='grc' dir='ltr'>κρατοῦσαν</span> <span class='ocrx_word' id='word_1_76' title='bbox 817 1236 918 1304; x_wconf 74' lang='grc' dir='ltr'>τῆς</span> <span class='ocrx_word' id='word_1_77' title='bbox 954 1237 1154 1300; x_wconf 80' lang='grc' dir='ltr'>κακίας</span> <span class='ocrx_word' id='word_1_78' title='bbox 1188 1237 1369 1307; x_wconf 80' lang='grc' dir='ltr'>μόνον,</span> <span class='ocrx_word' id='word_1_79' title='bbox 1412 1238 1525 1290; x_wconf 81' lang='grc' dir='ltr'>ἀλλ’</span> <span class='ocrx_word' id='word_1_80' title='bbox 1552 1236 1674 1290; x_wconf 81' lang='grc' dir='ltr'>οὐδὲ</span> <span class='ocrx_word' id='word_1_81' title='bbox 1717 1236 1968 1306; x_wconf 79' lang='grc' dir='ltr'>ἀφιεῖσαν</span> 
     </span>
    </p>
   </div>
   <div class='ocr_carea' id='block_1_12' title="bbox 389 1317 1968 1391">
    <p class='ocr_par' dir='ltr' id='par_1_12' title="bbox 389 1317 1968 1391">
     <span class='ocr_line' id='line_1_12' title="bbox 389 1317 1968 1391; baseline -0.001 -20"><span class='ocrx_word' id='word_1_82' title='bbox 389 1318 558 1389; x_wconf 75' lang='grc' dir='ltr'>αὐτὴν</span> <span class='ocrx_word' id='word_1_83' title='bbox 590 1319 783 1387; x_wconf 79' lang='grc' dir='ltr'>στῆναι</span> <span class='ocrx_word' id='word_1_84' title='bbox 811 1318 910 1389; x_wconf 81' lang='grc' dir='ltr'>τὴν</span> <span class='ocrx_word' id='word_1_85' title='bbox 949 1319 1142 1390; x_wconf 75' lang='grc' dir='ltr'>ἀρχήν,</span> <span class='ocrx_word' id='word_1_86' title='bbox 1190 1321 1265 1372; x_wconf 84' lang='grc' dir='ltr'>Οὐ</span> <span class='ocrx_word' id='word_1_87' title='bbox 1295 1320 1405 1391; x_wconf 90' lang='lat'>7&amp;9</span> <span class='ocrx_word' id='word_1_88' title='bbox 1431 1317 1574 1383; x_wconf 81' lang='grc' dir='ltr'>εἷπε,</span> <span class='ocrx_word' id='word_1_89' title='bbox 1602 1317 1968 1389; x_wconf 77' lang='grc' dir='ltr'>Παροξύνεται</span> 
     </span>
    </p>
   </div>
   <div class='ocr_carea' id='block_1_13' title="bbox 389 1400 1969 1473">
    <p class='ocr_par' dir='ltr' id='par_1_13' title="bbox 389 1400 1969 1473">
     <span class='ocr_line' id='line_1_13' title="bbox 389 1400 1969 1473; baseline -0.001 -19"><span class='ocrx_word' id='word_1_90' title='bbox 389 1402 514 1472; x_wconf 82' lang='grc' dir='ltr'>μὲν,</span> <span class='ocrx_word' id='word_1_91' title='bbox 567 1404 903 1473; x_wconf 77' lang='grc' dir='ltr'>περιγίνεται</span> <span class='ocrx_word' id='word_1_92' title='bbox 953 1404 1032 1465; x_wconf 80' lang='grc' dir='ltr'>δέ,</span> <span class='ocrx_word' id='word_1_93' title='bbox 1087 1403 1203 1457; x_wconf 78' lang='grc' dir='ltr'>ἀλλ’</span> <span class='ocrx_word' id='word_1_94' title='bbox 1265 1404 1400 1457; x_wconf 81' lang='grc' dir='ltr'>Οὐδὲ</span> <span class='ocrx_word' id='word_1_95' title='bbox 1454 1402 1833 1469; x_wconf 74' lang='grc' dir='ltr'>παροξύνεται·</span> <span class='ocrx_word' id='word_1_96' title='bbox 1874 1400 1969 1453; x_wconf 72' lang='grc' dir='ltr'>καὶ</span> 
     </span>
    </p>
   </div>
   <div class='ocr_carea' id='block_1_14' title="bbox 390 1481 1968 1558">
    <p class='ocr_par' dir='ltr' id='par_1_14' title="bbox 390 1481 1968 1558">
     <span class='ocr_line' id='line_1_14' title="bbox 390 1481 1968 1558; baseline -0.003 -19"><span class='ocrx_word' id='word_1_97' title='bbox 390 1486 491 1539; x_wconf 86' lang='grc' dir='ltr'>οὐκ</span> <span class='ocrx_word' id='word_1_98' title='bbox 516 1481 689 1551; x_wconf 79' lang='grc' dir='ltr'>εἶπεν,</span> <span class='ocrx_word' id='word_1_99' title='bbox 716 1487 828 1540; x_wconf 82' lang='grc' dir='ltr'>Οὐκ</span> <span class='ocrx_word' id='word_1_100' title='bbox 855 1486 1150 1558; x_wconf 79' lang='grc' dir='ltr'>ἐργάζεται</span> <span class='ocrx_word' id='word_1_101' title='bbox 1177 1486 1239 1541; x_wconf 82' lang='grc' dir='ltr'>τὸ</span> <span class='ocrx_word' id='word_1_102' title='bbox 1261 1487 1453 1551; x_wconf 80' lang='grc' dir='ltr'>κακὸν,</span> <span class='ocrx_word' id='word_1_103' title='bbox 1490 1487 1608 1542; x_wconf 78' lang='grc' dir='ltr'>ἀλλ’</span> <span class='ocrx_word' id='word_1_104' title='bbox 1658 1485 1794 1539; x_wconf 82' lang='grc' dir='ltr'>Οὐδὲ</span> <span class='ocrx_word' id='word_1_105' title='bbox 1822 1483 1968 1552; x_wconf 87' lang='grc' dir='ltr'>λογί-</span> 
     </span>
    </p>
   </div>
   <div class='ocr_carea' id='block_1_15' title="bbox 388 1566 1967 1641">
    <p class='ocr_par' dir='ltr' id='par_1_15' title="bbox 388 1566 1967 1641">
     <span class='ocr_line' id='line_1_15' title="bbox 388 1566 1967 1641; baseline -0.001 -22"><span class='ocrx_word' id='word_1_106' title='bbox 388 1567 561 1631; x_wconf 76' lang='grc' dir='ltr'>ζεται.</span> <span class='ocrx_word' id='word_1_107' title='bbox 586 1568 748 1623; x_wconf 85' lang='grc' dir='ltr'>Οὐδὲν</span> <span class='ocrx_word' id='word_1_108' title='bbox 776 1568 886 1641; x_wconf 82' lang='grc' dir='ltr'>γὰρ</span> <span class='ocrx_word' id='word_1_109' title='bbox 916 1570 1149 1641; x_wconf 75' lang='grc' dir='ltr'>πονηρὸν</span> <span class='ocrx_word' id='word_1_110' title='bbox 1179 1571 1240 1623; x_wconf 85' lang='grc' dir='ltr'>οὐ</span> <span class='ocrx_word' id='word_1_111' title='bbox 1272 1570 1432 1640; x_wconf 88' lang='grc' dir='ltr'>μόνον</span> <span class='ocrx_word' id='word_1_112' title='bbox 1456 1570 1519 1625; x_wconf 91' lang='grc' dir='ltr'>οὐ</span> <span class='ocrx_word' id='word_1_113' title='bbox 1547 1566 1967 1631; x_wconf 72' lang='grc' dir='ltr'>κατασκευάζει,</span> 
     </span>
    </p>
   </div>
   <div class='ocr_carea' id='block_1_16' title="bbox 391 1646 1969 1723">
    <p class='ocr_par' dir='ltr' id='par_1_16' title="bbox 391 1646 1969 1723">
     <span class='ocr_line' id='line_1_16' title="bbox 391 1646 1969 1723; baseline -0.003 -18"><span class='ocrx_word' id='word_1_114' title='bbox 391 1651 505 1705; x_wconf 80' lang='grc' dir='ltr'>ἀλλ’</span> <span class='ocrx_word' id='word_1_115' title='bbox 528 1651 646 1705; x_wconf 80' lang='grc' dir='ltr'>οὐδὲ</span> <span class='ocrx_word' id='word_1_116' title='bbox 675 1653 969 1709; x_wconf 82' lang='grc' dir='ltr'>ὑποπτεύει</span> <span class='ocrx_word' id='word_1_117' title='bbox 1002 1655 1144 1708; x_wconf 84' lang='grc' dir='ltr'>κατά</span> <span class='ocrx_word' id='word_1_118' title='bbox 1182 1654 1276 1708; x_wconf 87' lang='grc' dir='ltr'>τοῦ</span> <span class='ocrx_word' id='word_1_119' title='bbox 1331 1653 1675 1723; x_wconf 79' lang='grc' dir='ltr'>φιλουμένου.</span> <span class='ocrx_word' id='word_1_120' title='bbox 1724 1650 1849 1714; x_wconf 85' lang='grc' dir='ltr'>Πῶς</span> <span class='ocrx_word' id='word_1_121' title='bbox 1876 1646 1969 1702; x_wconf 77' lang='grc' dir='ltr'>οὖν</span> 
     </span>
    </p>
   </div>
   <div class='ocr_carea' id='block_1_17' title="bbox 393 1732 1970 1808">
    <p class='ocr_par' dir='ltr' id='par_1_17' title="bbox 393 1732 1970 1808">
     <span class='ocr_line' id='line_1_17' title="bbox 393 1732 1970 1808; baseline -0.003 -19"><span class='ocrx_word' id='word_1_122' title='bbox 393 1734 461 1789; x_wconf 85' lang='grc' dir='ltr'>ἂν</span> <span class='ocrx_word' id='word_1_123' title='bbox 504 1736 818 1806; x_wconf 80' lang='grc' dir='ltr'>ἐργάσαιτο,</span> <span class='ocrx_word' id='word_1_124' title='bbox 871 1737 903 1807; x_wconf 87' lang='grc' dir='ltr'>ἢ</span> <span class='ocrx_word' id='word_1_125' title='bbox 960 1737 1076 1801; x_wconf 89' lang='grc' dir='ltr'>πῶς</span> <span class='ocrx_word' id='word_1_126' title='bbox 1109 1738 1175 1792; x_wconf 84' lang='grc' dir='ltr'>ἂν</span> <span class='ocrx_word' id='word_1_127' title='bbox 1206 1736 1570 1808; x_wconf 79' lang='grc' dir='ltr'>παροξυνθείη</span> <span class='ocrx_word' id='word_1_128' title='bbox 1606 1736 1639 1806; x_wconf 77' lang='grc' dir='ltr'>ἡ</span> <span class='ocrx_word' id='word_1_129' title='bbox 1676 1734 1810 1806; x_wconf 88' lang='grc' dir='ltr'>μηδέ</span> <span class='ocrx_word' id='word_1_130' title='bbox 1840 1732 1970 1786; x_wconf 76' lang='grc' dir='ltr'>ὐπο-</span> 
     </span>
    </p>
   </div>
   <div class='ocr_carea' id='block_1_18' title="bbox 390 1815 1970 1890">
    <p class='ocr_par' dir='ltr' id='par_1_18' title="bbox 390 1815 1970 1890">
     <span class='ocr_line' id='line_1_18' title="bbox 390 1815 1970 1890; baseline -0.004 -16"><span class='ocrx_word' id='word_1_131' title='bbox 390 1835 541 1875; x_wconf 73' lang='grc' dir='ltr'>νοιαν</span> <span class='ocrx_word' id='word_1_132' title='bbox 562 1819 805 1889; x_wconf 80' lang='grc' dir='ltr'>πονηράν</span> <span class='ocrx_word' id='word_1_133' title='bbox 822 1819 1219 1884; x_wconf 79' lang='grc' dir='ltr'>καταδέξασθαι</span> <span class='ocrx_word' id='word_1_134' title='bbox 1248 1819 1548 1890; x_wconf 77' lang='grc' dir='ltr'>ἀνεχομένη</span> <span class='ocrx_word' id='word_1_135' title='bbox 1569 1836 1583 1885; x_wconf 90' lang='lat'><strong>;</strong></span> <span class='ocrx_word' id='word_1_136' title='bbox 1614 1818 1735 1871; x_wconf 85' lang='grc' dir='ltr'>ὅθεν</span> <span class='ocrx_word' id='word_1_137' title='bbox 1764 1818 1796 1887; x_wconf 80' lang='grc' dir='ltr'>ἠ</span> <span class='ocrx_word' id='word_1_138' title='bbox 1819 1815 1970 1887; x_wconf 84' lang='grc' dir='ltr'>πηγὴ</span> 
     </span>
    </p>
   </div>
   <div class='ocr_carea' id='block_1_19' title="bbox 392 1899 1967 1974">
    <p class='ocr_par' dir='ltr' id='par_1_19' title="bbox 392 1899 1967 1974">
     <span class='ocr_line' id='line_1_19' title="bbox 392 1899 1967 1974; baseline -0.01 -9"><span class='ocrx_word' id='word_1_139' title='bbox 392 1901 492 1972; x_wconf 80' lang='grc' dir='ltr'>τῆς</span> <span class='ocrx_word' id='word_1_140' title='bbox 530 1902 782 1974; x_wconf 80' lang='grc' dir='ltr'>στοργῆς·</span> <span class='ocrx_word' id='word_1_141' title='bbox 822 1905 906 1956; x_wconf 85' lang='grc' dir='ltr'>Οὐ</span> <span class='ocrx_word' id='word_1_142' title='bbox 935 1903 1127 1972; x_wconf 81' lang='grc' dir='ltr'>χαίρει</span> <span class='ocrx_word' id='word_1_143' title='bbox 1168 1903 1264 1957; x_wconf 74' lang='grc' dir='ltr'>ἐπὶ</span> <span class='ocrx_word' id='word_1_144' title='bbox 1301 1901 1376 1970; x_wconf 78' lang='grc' dir='ltr'>τῇ</span> <span class='ocrx_word' id='word_1_145' title='bbox 1409 1902 1625 1969; x_wconf 81' lang='grc' dir='ltr'>ἀδικίᾳ.</span> <span class='ocrx_word' id='word_1_146' title='bbox 1657 1899 1967 1964; x_wconf 85' lang='grc' dir='ltr'>Τουτέστιν,</span> 
     </span>
    </p>
   </div>
   <div class='ocr_carea' id='block_1_20' title="bbox 391 1980 1972 2056">
    <p class='ocr_par' dir='ltr' id='par_1_20' title="bbox 391 1980 1972 2056">
     <span class='ocr_line' id='line_1_20' title="bbox 391 1980 1972 2056; baseline -0.002 -20"><span class='ocrx_word' id='word_1_147' title='bbox 391 1985 493 2036; x_wconf 82' lang='grc' dir='ltr'>οὐκ</span> <span class='ocrx_word' id='word_1_148' title='bbox 537 1984 791 2053; x_wconf 74' lang='grc' dir='ltr'>ἐφήδεται</span> <span class='ocrx_word' id='word_1_149' title='bbox 839 1988 954 2049; x_wconf 88' lang='grc' dir='ltr'>τοῖς</span> <span class='ocrx_word' id='word_1_150' title='bbox 998 1985 1185 2050; x_wconf 88' lang='grc' dir='ltr'>κακῶς</span> <span class='ocrx_word' id='word_1_151' title='bbox 1214 1985 1535 2056; x_wconf 82' lang='grc' dir='ltr'>πάσχουσιν·</span> <span class='ocrx_word' id='word_1_152' title='bbox 1576 1982 1672 2036; x_wconf 71' lang='grc' dir='ltr'>καὶ</span> <span class='ocrx_word' id='word_1_153' title='bbox 1721 1982 1782 2035; x_wconf 91' lang='grc' dir='ltr'>οὐ</span> <span class='ocrx_word' id='word_1_154' title='bbox 1815 1980 1972 2035; x_wconf 87' lang='grc' dir='ltr'>τοῦτο</span> 
     </span>
    </p>
   </div>
   <div class='ocr_carea' id='block_1_21' title="bbox 395 2063 1974 2140">
    <p class='ocr_par' dir='ltr' id='par_1_21' title="bbox 395 2063 1974 2140">
     <span class='ocr_line' id='line_1_21' title="bbox 395 2063 1974 2140; baseline -0.003 -20"><span class='ocrx_word' id='word_1_155' title='bbox 395 2067 577 2139; x_wconf 88' lang='grc' dir='ltr'>μόνον,</span> <span class='ocrx_word' id='word_1_156' title='bbox 604 2067 742 2123; x_wconf 86' lang='grc' dir='ltr'>ἀλλά</span> <span class='ocrx_word' id='word_1_157' title='bbox 770 2068 886 2132; x_wconf 75' lang='grc' dir='ltr'>καὶ,</span> <span class='ocrx_word' id='word_1_158' title='bbox 911 2068 940 2121; x_wconf 85' lang='lat'>6</span> <span class='ocrx_word' id='word_1_159' title='bbox 975 2067 1153 2140; x_wconf 83' lang='grc' dir='ltr'>πολλῷ</span> <span class='ocrx_word' id='word_1_160' title='bbox 1187 2068 1369 2139; x_wconf 77' lang='grc' dir='ltr'>μεῖζόν</span> <span class='ocrx_word' id='word_1_161' title='bbox 1393 2068 1531 2130; x_wconf 82' lang='grc' dir='ltr'>ἐστι,</span> <span class='ocrx_word' id='word_1_162' title='bbox 1563 2065 1879 2136; x_wconf 81' lang='grc' dir='ltr'>Συγχαίρει</span> <span class='ocrx_word' id='word_1_163' title='bbox 1904 2063 1974 2116; x_wconf 80' lang='grc' dir='ltr'>δὲ</span> 
     </span>
    </p>
   </div>
   <div class='ocr_carea' id='block_1_22' title="bbox 392 2147 1974 2223">
    <p class='ocr_par' dir='ltr' id='par_1_22' title="bbox 392 2147 1974 2223">
     <span class='ocr_line' id='line_1_22' title="bbox 392 2147 1974 2223; baseline -0.005 -16"><span class='ocrx_word' id='word_1_164' title='bbox 392 2147 468 2219; x_wconf 80' lang='grc' dir='ltr'>τῇ</span> <span class='ocrx_word' id='word_1_165' title='bbox 496 2151 770 2220; x_wconf 66' lang='grc' dir='ltr'>ἀληθείᾳ.</span> <span class='ocrx_word' id='word_1_166' title='bbox 803 2151 1118 2223; x_wconf 82' lang='grc' dir='ltr'>Συνήδεται,</span> <span class='ocrx_word' id='word_1_167' title='bbox 1151 2153 1305 2223; x_wconf 71' lang='grc' dir='ltr'>φησὶ,</span> <span class='ocrx_word' id='word_1_168' title='bbox 1330 2153 1445 2216; x_wconf 86' lang='grc' dir='ltr'>τοῖς</span> <span class='ocrx_word' id='word_1_169' title='bbox 1476 2147 1852 2221; x_wconf 74' lang='grc' dir='ltr'>εὐδοκιμοῦσιν</span> <span class='ocrx_word' id='word_1_170' title='bbox 1875 2163 1889 2179; x_wconf 94' lang='grc'>·</span> <span class='ocrx_word' id='word_1_171' title='bbox 1944 2147 1974 2200; x_wconf 88' lang='lat'>6</span> 
     </span>
    </p>
   </div>
   <div class='ocr_carea' id='block_1_23' title="bbox 392 2231 1974 2304">
    <p class='ocr_par' dir='ltr' id='par_1_23' title="bbox 392 2231 1974 2304">
     <span class='ocr_line' id='line_1_23' title="bbox 392 2231 1974 2304; baseline -0.002 -18"><span class='ocrx_word' id='word_1_172' title='bbox 392 2231 540 2299; x_wconf 86' lang='grc' dir='ltr'>λέγει</span> <span class='ocrx_word' id='word_1_173' title='bbox 556 2233 785 2297; x_wconf 86' lang='grc' dir='ltr'>Παῦλος·</span> <span class='ocrx_word' id='word_1_174' title='bbox 810 2235 1049 2303; x_wconf 75' lang='grc' dir='ltr'>Χαίρειν</span> <span class='ocrx_word' id='word_1_175' title='bbox 1066 2236 1218 2303; x_wconf 81' lang='grc' dir='ltr'>μετά</span> <span class='ocrx_word' id='word_1_176' title='bbox 1240 2236 1589 2304; x_wconf 78' lang='grc' dir='ltr'>χαιρόντων,</span> <span class='ocrx_word' id='word_1_177' title='bbox 1610 2234 1708 2288; x_wconf 76' lang='grc' dir='ltr'>καί</span> <span class='ocrx_word' id='word_1_178' title='bbox 1738 2231 1974 2285; x_wconf 73' lang='grc' dir='ltr'>κλαίειν</span> 
     </span>
    </p>
   </div>
   <div class='ocr_carea' id='block_1_24' title="bbox 390 2314 1972 2389">
    <p class='ocr_par' dir='ltr' id='par_1_24' title="bbox 390 2314 1972 2389">
     <span class='ocr_line' id='line_1_24' title="bbox 390 2314 1972 2389; baseline -0.003 -20"><span class='ocrx_word' id='word_1_179' title='bbox 390 2316 539 2385; x_wconf 78' lang='grc' dir='ltr'>μετὰ</span> <span class='ocrx_word' id='word_1_180' title='bbox 592 2317 951 2373; x_wconf 69' lang='grc' dir='ltr'>κλαιόντων.</span> <span class='ocrx_word' id='word_1_181' title='bbox 994 2319 1274 2372; x_wconf 81' lang='grc' dir='ltr'>Ἐντεῦθεν</span> <span class='ocrx_word' id='word_1_182' title='bbox 1304 2319 1365 2372; x_wconf 87' lang='grc' dir='ltr'>οὐ</span> <span class='ocrx_word' id='word_1_183' title='bbox 1410 2316 1583 2389; x_wconf 80' lang='grc' dir='ltr'>ζηλοῖ,</span> <span class='ocrx_word' id='word_1_184' title='bbox 1631 2315 1879 2370; x_wconf 85' lang='grc' dir='ltr'>ἐντεῦθεν</span> <span class='ocrx_word' id='word_1_185' title='bbox 1909 2314 1972 2368; x_wconf 82' lang='grc' dir='ltr'>οὐ</span> 
     </span>
    </p>
   </div>
   <div class='ocr_carea' id='block_1_25' title="bbox 394 2398 1970 2474">
    <p class='ocr_par' dir='ltr' id='par_1_25' title="bbox 394 2398 1970 2474">
     <span class='ocr_line' id='line_1_25' title="bbox 394 2398 1970 2474; baseline 0.001 -24"><span class='ocrx_word' id='word_1_186' title='bbox 394 2398 680 2464; x_wconf 78' lang='grc' dir='ltr'>φυσιοῦται</span> <span class='ocrx_word' id='word_1_187' title='bbox 703 2416 716 2427; x_wconf 91' lang='grc'>·</span> <span class='ocrx_word' id='word_1_188' title='bbox 748 2402 844 2454; x_wconf 84' lang='grc' dir='ltr'>καὶ</span> <span class='ocrx_word' id='word_1_189' title='bbox 867 2401 975 2473; x_wconf 91' lang='lat'>7&amp;9</span> <span class='ocrx_word' id='word_1_190' title='bbox 1003 2404 1176 2455; x_wconf 68' lang='grc' dir='ltr'>οἰκεῖα</span> <span class='ocrx_word' id='word_1_191' title='bbox 1206 2403 1273 2455; x_wconf 78' lang='grc' dir='ltr'>τά</span> <span class='ocrx_word' id='word_1_192' title='bbox 1294 2402 1550 2474; x_wconf 85' lang='grc' dir='ltr'>ἀλλότρια</span> <span class='ocrx_word' id='word_1_193' title='bbox 1571 2400 1779 2472; x_wconf 79' lang='grc' dir='ltr'>νομίζει</span> <span class='ocrx_word' id='word_1_194' title='bbox 1809 2398 1970 2453; x_wconf 88' lang='grc' dir='ltr'>καλά·</span> 
     </span>
    </p>
   </div>
   <div class='ocr_carea' id='block_1_26' title="bbox 391 2476 1972 2557">
    <p class='ocr_par' dir='ltr' id='par_1_26' title="bbox 391 2476 1972 2557">
     <span class='ocr_line' id='line_1_26' title="bbox 391 2476 1972 2557; baseline 0.001 -24"><span class='ocrx_word' id='word_1_195' title='bbox 391 2476 532 2545; x_wconf 82' lang='grc' dir='ltr'>ιῖδες</span> <span class='ocrx_word' id='word_1_196' title='bbox 561 2481 679 2545; x_wconf 87' lang='grc' dir='ltr'>πῶς</span> <span class='ocrx_word' id='word_1_197' title='bbox 710 2485 851 2537; x_wconf 87' lang='grc' dir='ltr'>κατὰ</span> <span class='ocrx_word' id='word_1_198' title='bbox 885 2485 1079 2557; x_wconf 78' lang='grc' dir='ltr'>μικρὸν</span> <span class='ocrx_word' id='word_1_199' title='bbox 1104 2486 1332 2554; x_wconf 84' lang='grc' dir='ltr'>ἄγγελον</span> <span class='ocrx_word' id='word_1_200' title='bbox 1355 2488 1501 2540; x_wconf 87' lang='grc' dir='ltr'>ποιεῖ</span> <span class='ocrx_word' id='word_1_201' title='bbox 1524 2489 1616 2539; x_wconf 82' lang='grc' dir='ltr'>τὸν</span> <span class='ocrx_word' id='word_1_202' title='bbox 1642 2484 1810 2552; x_wconf 81' lang='grc' dir='ltr'>αὐτῆς</span> <span class='ocrx_word' id='word_1_203' title='bbox 1846 2483 1972 2555; x_wconf 86' lang='grc' dir='ltr'>τρό-</span> 
     </span>
    </p>
   </div>
   <div class='ocr_carea' id='block_1_27' title="bbox 395 2566 1973 2644">
    <p class='ocr_par' dir='ltr' id='par_1_27' title="bbox 395 2566 1973 2644">
     <span class='ocr_line' id='line_1_27' title="bbox 395 2566 1973 2644; baseline -0.009 -10"><span class='ocrx_word' id='word_1_204' title='bbox 395 2580 561 2634; x_wconf 63' lang='grc' dir='ltr'>φιμον</span> <span class='ocrx_word' id='word_1_205' title='bbox 591 2567 623 2635; x_wconf 72' lang='grc' dir='ltr'>ἡ</span> <span class='ocrx_word' id='word_1_206' title='bbox 652 2566 841 2637; x_wconf 80' lang='grc' dir='ltr'>ἀγάπη</span> <span class='ocrx_word' id='word_1_207' title='bbox 869 2584 883 2631; x_wconf 89' lang='grc'><strong>;</strong></span> <span class='ocrx_word' id='word_1_208' title='bbox 917 2569 1087 2623; x_wconf 84' lang='grc' dir='ltr'>Ὅταν</span> <span class='ocrx_word' id='word_1_209' title='bbox 1116 2569 1226 2641; x_wconf 86' lang='grc' dir='ltr'>γάρ</span> <span class='ocrx_word' id='word_1_210' title='bbox 1247 2571 1515 2642; x_wconf 85' lang='grc' dir='ltr'>ἀόργητος</span> <span class='ocrx_word' id='word_1_211' title='bbox 1542 2566 1598 2644; x_wconf 80' lang='grc' dir='ltr'>ᾗ,</span> <span class='ocrx_word' id='word_1_212' title='bbox 1633 2569 1728 2622; x_wconf 69' lang='grc' dir='ltr'>καὶ</span> <span class='ocrx_word' id='word_1_213' title='bbox 1764 2567 1973 2640; x_wconf 84' lang='grc' dir='ltr'>βασκα-</span> 
     </span>
    </p>
   </div>
   <div class='ocr_carea' id='block_1_28' title="bbox 393 2644 1974 2723">
    <p class='ocr_par' dir='ltr' id='par_1_28' title="bbox 393 2644 1974 2723">
     <span class='ocr_line' id='line_1_28' title="bbox 393 2644 1974 2723; baseline -0.004 -13"><span class='ocrx_word' id='word_1_214' title='bbox 393 2644 514 2709; x_wconf 80' lang='grc' dir='ltr'>νίας</span> <span class='ocrx_word' id='word_1_215' title='bbox 540 2648 797 2717; x_wconf 74' lang='grc' dir='ltr'>καθαρὸς,</span> <span class='ocrx_word' id='word_1_216' title='bbox 831 2651 924 2703; x_wconf 79' lang='grc' dir='ltr'>καὶ</span> <span class='ocrx_word' id='word_1_217' title='bbox 974 2652 1170 2715; x_wconf 75' lang='grc' dir='ltr'>παντὸς</span> <span class='ocrx_word' id='word_1_218' title='bbox 1216 2653 1542 2723; x_wconf 87' lang='grc' dir='ltr'>τυραννικοῦ</span> <span class='ocrx_word' id='word_1_219' title='bbox 1583 2652 1786 2715; x_wconf 80' lang='grc' dir='ltr'>πάθους</span> <span class='ocrx_word' id='word_1_220' title='bbox 1824 2649 1974 2704; x_wconf 87' lang='grc' dir='ltr'>ἐλεύ-</span> 
     </span>
    </p>
   </div>
   <div class='ocr_carea' id='block_1_29' title="bbox 394 2728 1973 2807">
    <p class='ocr_par' dir='ltr' id='par_1_29' title="bbox 394 2728 1973 2807">
     <span class='ocr_line' id='line_1_29' title="bbox 394 2728 1973 2807; baseline 0.004 -26"><span class='ocrx_word' id='word_1_221' title='bbox 394 2728 572 2799; x_wconf 88' lang='grc' dir='ltr'>θερος,</span> <span class='ocrx_word' id='word_1_222' title='bbox 603 2731 853 2802; x_wconf 75' lang='grc' dir='ltr'>ἐννόησον</span> <span class='ocrx_word' id='word_1_223' title='bbox 877 2734 960 2787; x_wconf 84' lang='grc' dir='ltr'>ὅτι</span> <span class='ocrx_word' id='word_1_224' title='bbox 995 2735 1091 2789; x_wconf 80' lang='grc' dir='ltr'>καὶ</span> <span class='ocrx_word' id='word_1_225' title='bbox 1114 2737 1213 2807; x_wconf 82' lang='grc' dir='ltr'>τῆς</span> <span class='ocrx_word' id='word_1_226' title='bbox 1242 2735 1592 2806; x_wconf 78' lang='grc' dir='ltr'>ἀνθρωπίνης</span> <span class='ocrx_word' id='word_1_227' title='bbox 1626 2736 1842 2804; x_wconf 87' lang='grc' dir='ltr'>φύσεως</span> <span class='ocrx_word' id='word_1_228' title='bbox 1861 2736 1973 2789; x_wconf 85' lang='grc' dir='ltr'>ἀπ-</span> 
     </span>
    </p>
   </div>
   <div class='ocr_carea' id='block_1_30' title="bbox 391 2809 1976 2889">
    <p class='ocr_par' dir='ltr' id='par_1_30' title="bbox 391 2809 1976 2889">
     <span class='ocr_line' id='line_1_30' title="bbox 391 2809 1976 2889; baseline 0.005 -27"><span class='ocrx_word' id='word_1_229' title='bbox 391 2809 605 2882; x_wconf 85' lang='grc' dir='ltr'>ηλλάγη</span> <span class='ocrx_word' id='word_1_230' title='bbox 656 2810 857 2875; x_wconf 84' lang='grc' dir='ltr'>λοιπὸν,</span> <span class='ocrx_word' id='word_1_231' title='bbox 911 2818 1004 2869; x_wconf 77' lang='grc' dir='ltr'>καὶ</span> <span class='ocrx_word' id='word_1_232' title='bbox 1054 2818 1189 2888; x_wconf 79' lang='grc' dir='ltr'>πρὸς</span> <span class='ocrx_word' id='word_1_233' title='bbox 1238 2818 1408 2889; x_wconf 79' lang='grc' dir='ltr'>αὐτὴν</span> <span class='ocrx_word' id='word_1_234' title='bbox 1450 2817 1560 2872; x_wconf 91' lang='grc' dir='ltr'>τῶν</span> <span class='ocrx_word' id='word_1_235' title='bbox 1587 2818 1839 2887; x_wconf 84' lang='grc' dir='ltr'>ἀγγέλων</span> <span class='ocrx_word' id='word_1_236' title='bbox 1875 2818 1976 2888; x_wconf 79' lang='grc' dir='ltr'>τὴν</span> 
     </span>
    </p>
   </div>
   <div class='ocr_carea' id='block_1_31' title="bbox 393 2894 1975 2970">
    <p class='ocr_par' dir='ltr' id='par_1_31' title="bbox 393 2894 1975 2970">
     <span class='ocr_line' id='line_1_31' title="bbox 393 2894 1975 2970; baseline 0.005 -24"><span class='ocrx_word' id='word_1_237' title='bbox 393 2894 664 2948; x_wconf 84' lang='grc' dir='ltr'>ἀπάθειαν</span> <span class='ocrx_word' id='word_1_238' title='bbox 719 2895 1124 2969; x_wconf 86' lang='grc' dir='ltr'>μεθωρμίσατο.</span> <span class='ocrx_word' id='word_1_239' title='bbox 1184 2899 1322 2952; x_wconf 83' lang='grc' dir='ltr'>Ἀλλ’</span> <span class='ocrx_word' id='word_1_240' title='bbox 1374 2902 1525 2969; x_wconf 81' lang='grc' dir='ltr'>ὅμως</span> <span class='ocrx_word' id='word_1_241' title='bbox 1582 2901 1684 2954; x_wconf 75' lang='grc' dir='ltr'>οὐκ</span> <span class='ocrx_word' id='word_1_242' title='bbox 1725 2903 1975 2970; x_wconf 81' lang='grc' dir='ltr'>ἀρκεῖται</span> 
     </span>
    </p>
   </div>
   <div class='ocr_carea' id='block_1_32' title="bbox 392 2975 1977 3050">
    <p class='ocr_par' dir='ltr' id='par_1_32' title="bbox 392 2975 1977 3050">
     <span class='ocr_line' id='line_1_32' title="bbox 392 2975 1977 3050; baseline 0.006 -22"><span class='ocrx_word' id='word_1_243' title='bbox 392 2975 622 3039; x_wconf 78' lang='grc' dir='ltr'>τούτοις,</span> <span class='ocrx_word' id='word_1_244' title='bbox 647 2977 763 3030; x_wconf 81' lang='grc' dir='ltr'>ἀλλ’</span> <span class='ocrx_word' id='word_1_245' title='bbox 802 2978 913 3050; x_wconf 73' lang='grc' dir='ltr'>ἔχει</span> <span class='ocrx_word' id='word_1_246' title='bbox 946 2997 998 3034; x_wconf 86' lang='grc' dir='ltr'>τι</span> <span class='ocrx_word' id='word_1_247' title='bbox 1029 2982 1122 3034; x_wconf 73' lang='grc' dir='ltr'>καὶ</span> <span class='ocrx_word' id='word_1_248' title='bbox 1154 2983 1337 3036; x_wconf 77' lang='grc' dir='ltr'>πλεῖον</span> <span class='ocrx_word' id='word_1_249' title='bbox 1380 2983 1587 3038; x_wconf 87' lang='grc' dir='ltr'>τούτων</span> <span class='ocrx_word' id='word_1_250' title='bbox 1633 2985 1810 3038; x_wconf 75' lang='grc' dir='ltr'>εἰπεῖν</span> <span class='ocrx_word' id='word_1_251' title='bbox 1831 2999 1849 3017; x_wconf 93' lang='grc'>·</span> <span class='ocrx_word' id='word_1_252' title='bbox 1909 2984 1977 3038; x_wconf 79' lang='grc' dir='ltr'>τὰ</span> 
     </span>
    </p>
   </div>
   <div class='ocr_carea' id='block_1_33' title="bbox 394 3059 1978 3139">
    <p class='ocr_par' dir='ltr' id='par_1_33' title="bbox 394 3059 1978 3139">
     <span class='ocr_line' id='line_1_33' title="bbox 394 3059 1978 3139; baseline 0.004 -27"><span class='ocrx_word' id='word_1_253' title='bbox 394 3059 502 3133; x_wconf 86' lang='lat'>7&amp;9</span> <span class='ocrx_word' id='word_1_254' title='bbox 548 3062 870 3133; x_wconf 74' lang='grc' dir='ltr'>ἰσχυρότερα</span> <span class='ocrx_word' id='word_1_255' title='bbox 923 3062 1147 3136; x_wconf 76' lang='grc' dir='ltr'>ὕστερον</span> <span class='ocrx_word' id='word_1_256' title='bbox 1203 3064 1407 3136; x_wconf 86' lang='grc' dir='ltr'>τίθησι.</span> <span class='ocrx_word' id='word_1_257' title='bbox 1448 3066 1542 3121; x_wconf 87' lang='grc' dir='ltr'>Διό</span> <span class='ocrx_word' id='word_1_258' title='bbox 1587 3084 1743 3139; x_wconf 84' lang='grc' dir='ltr'>φησι,</span> <span class='ocrx_word' id='word_1_259' title='bbox 1770 3066 1978 3122; x_wconf 79' lang='grc' dir='ltr'>Πάντα</span> 
     </span>
    </p>
   </div>
   <div class='ocr_carea' id='block_1_34' title="bbox 393 3141 1975 3220">
    <p class='ocr_par' dir='ltr' id='par_1_34' title="bbox 393 3141 1975 3220">
     <span class='ocr_line' id='line_1_34' title="bbox 393 3141 1975 3220; baseline 0.006 -26"><span class='ocrx_word' id='word_1_260' title='bbox 393 3141 610 3213; x_wconf 77' lang='grc' dir='ltr'>στέγει.</span> <span class='ocrx_word' id='word_1_261' title='bbox 653 3144 785 3198; x_wconf 77' lang='grc' dir='ltr'>Ἀπὸ</span> <span class='ocrx_word' id='word_1_262' title='bbox 822 3146 921 3217; x_wconf 83' lang='grc' dir='ltr'>τῆς</span> <span class='ocrx_word' id='word_1_263' title='bbox 952 3146 1358 3219; x_wconf 71' lang='grc' dir='ltr'>μακροθυμίας,</span> <span class='ocrx_word' id='word_1_264' title='bbox 1404 3149 1513 3204; x_wconf 77' lang='grc' dir='ltr'>ἀπὸ</span> <span class='ocrx_word' id='word_1_265' title='bbox 1537 3149 1638 3220; x_wconf 86' lang='grc' dir='ltr'>τῆς</span> <span class='ocrx_word' id='word_1_266' title='bbox 1667 3149 1975 3220; x_wconf 73' lang='grc' dir='ltr'>χρηστότηο</span> 
     </span>
    </p>
   </div>
   <div class='ocr_carea' id='block_1_35' title="bbox 395 3227 1977 3306">
    <p class='ocr_par' dir='ltr' id='par_1_35' title="bbox 395 3227 1977 3306">
     <span class='ocr_line' id='line_1_35' title="bbox 395 3227 1977 3306; baseline 0.004 -25"><span class='ocrx_word' id='word_1_267' title='bbox 395 3245 506 3291; x_wconf 86' lang='grc' dir='ltr'>τος,</span> <span class='ocrx_word' id='word_1_268' title='bbox 541 3229 644 3281; x_wconf 71' lang='grc' dir='ltr'>κᾶν</span> <span class='ocrx_word' id='word_1_269' title='bbox 680 3230 913 3301; x_wconf 84' lang='grc' dir='ltr'>φορτικά</span> <span class='ocrx_word' id='word_1_270' title='bbox 950 3227 1007 3306; x_wconf 76' lang='grc' dir='ltr'>ᾖ,</span> <span class='ocrx_word' id='word_1_271' title='bbox 1035 3232 1142 3287; x_wconf 70' lang='grc' dir='ltr'>κᾶν</span> <span class='ocrx_word' id='word_1_272' title='bbox 1173 3232 1389 3305; x_wconf 84' lang='grc' dir='ltr'>ἐπαχθῆ</span> <span class='ocrx_word' id='word_1_273' title='bbox 1419 3245 1471 3293; x_wconf 71' lang='grc' dir='ltr'>ι.</span> <span class='ocrx_word' id='word_1_274' title='bbox 1501 3232 1606 3288; x_wconf 79' lang='grc' dir='ltr'>κᾶν</span> <span class='ocrx_word' id='word_1_275' title='bbox 1634 3232 1846 3305; x_wconf 80' lang='grc' dir='ltr'>ὕϐρεις,</span> <span class='ocrx_word' id='word_1_276' title='bbox 1874 3233 1977 3288; x_wconf 85' lang='grc' dir='ltr'>κᾶν</span> 
     </span>
    </p>
   </div>
   <div class='ocr_carea' id='block_1_36' title="bbox 396 3311 1977 3380">
    <p class='ocr_par' dir='ltr' id='par_1_36' title="bbox 396 3311 1977 3380">
     <span class='ocr_line' id='line_1_36' title="bbox 396 3311 1977 3380; baseline 0.006 -18"><span class='ocrx_word' id='word_1_277' title='bbox 396 3311 624 3380; x_wconf 80' lang='grc' dir='ltr'>πληγαὶ,</span> <span class='ocrx_word' id='word_1_278' title='bbox 661 3314 766 3368; x_wconf 74' lang='grc' dir='ltr'>κάν</span> <span class='ocrx_word' id='word_1_279' title='bbox 797 3313 1048 3380; x_wconf 86' lang='grc' dir='ltr'>θάνατος,</span> <span class='ocrx_word' id='word_1_280' title='bbox 1099 3314 1201 3371; x_wconf 78' lang='grc' dir='ltr'>κᾶν</span> <span class='ocrx_word' id='word_1_281' title='bbox 1242 3318 1443 3376; x_wconf 84' lang='grc' dir='ltr'>ὁτιοῦν.</span> <span class='ocrx_word' id='word_1_282' title='bbox 1474 3316 1588 3371; x_wconf 72' lang='grc' dir='ltr'>Καὶ</span> <span class='ocrx_word' id='word_1_283' title='bbox 1628 3315 1786 3371; x_wconf 83' lang='grc' dir='ltr'>τοῦτο</span> <span class='ocrx_word' id='word_1_284' title='bbox 1816 3318 1977 3371; x_wconf 90' lang='grc' dir='ltr'>πάλιν</span> 
     </span>
    </p>
   </div>
   <div class='ocr_carea' id='block_1_37' title="bbox 395 3394 1978 3474">
    <p class='ocr_par' dir='ltr' id='par_1_37' title="bbox 395 3394 1978 3474">
     <span class='ocr_line' id='line_1_37' title="bbox 395 3394 1978 3474; baseline 0.005 -27"><span class='ocrx_word' id='word_1_285' title='bbox 395 3394 506 3449; x_wconf 78' lang='grc' dir='ltr'>ἀπὸ</span> <span class='ocrx_word' id='word_1_286' title='bbox 533 3395 626 3449; x_wconf 87' lang='grc' dir='ltr'>τοῦ</span> <span class='ocrx_word' id='word_1_287' title='bbox 679 3398 951 3471; x_wconf 79' lang='grc' dir='ltr'>μακαρίου</span> <span class='ocrx_word' id='word_1_288' title='bbox 1004 3399 1169 3454; x_wconf 82' lang='grc' dir='ltr'>Δαυῖδ</span> <span class='ocrx_word' id='word_1_289' title='bbox 1211 3401 1443 3456; x_wconf 81' lang='grc' dir='ltr'>συνιδεῖν</span> <span class='ocrx_word' id='word_1_290' title='bbox 1490 3400 1736 3457; x_wconf 82' lang='grc' dir='ltr'>δυνατόν.</span> <span class='ocrx_word' id='word_1_291' title='bbox 1773 3401 1840 3455; x_wconf 88' lang='grc' dir='ltr'>Τί</span> <span class='ocrx_word' id='word_1_292' title='bbox 1872 3402 1978 3474; x_wconf 80' lang='grc' dir='ltr'>γὰρ</span> 
     </span>
    </p>
   </div>
   <div class='ocr_carea' id='block_1_38' title="bbox 397 3479 1976 3555">
    <p class='ocr_par' dir='ltr' id='par_1_38' title="bbox 397 3479 1976 3555">
     <span class='ocr_line' id='line_1_38' title="bbox 397 3479 1976 3555; baseline 0.005 -24"><span class='ocrx_word' id='word_1_293' title='bbox 397 3479 802 3553; x_wconf 84' lang='grc' dir='ltr'>φορτικώτερον</span> <span class='ocrx_word' id='word_1_294' title='bbox 851 3482 947 3537; x_wconf 87' lang='grc' dir='ltr'>τοῦ</span> <span class='ocrx_word' id='word_1_295' title='bbox 995 3483 1109 3538; x_wconf 81' lang='grc' dir='ltr'>υἱὸν</span> <span class='ocrx_word' id='word_1_296' title='bbox 1140 3484 1268 3539; x_wconf 78' lang='grc' dir='ltr'>ἰδεῖν</span> <span class='ocrx_word' id='word_1_297' title='bbox 1300 3482 1733 3555; x_wconf 66' lang='grc' dir='ltr'>ἐπανιστάμενον</span> <span class='ocrx_word' id='word_1_298' title='bbox 1759 3485 1856 3538; x_wconf 70' lang='grc' dir='ltr'>καὶ</span> <span class='ocrx_word' id='word_1_299' title='bbox 1882 3502 1976 3539; x_wconf 80' lang='grc' dir='ltr'>τυο</span> 
     </span>
    </p>
   </div>
   <div class='ocr_carea' id='block_1_39' title="bbox 399 3562 1976 3639">
    <p class='ocr_par' dir='ltr' id='par_1_39' title="bbox 399 3562 1976 3639">
     <span class='ocr_line' id='line_1_39' title="bbox 399 3562 1976 3639; baseline 0.002 -23"><span class='ocrx_word' id='word_1_300' title='bbox 399 3562 643 3634; x_wconf 84' lang='grc' dir='ltr'>ραννίδος</span> <span class='ocrx_word' id='word_1_301' title='bbox 674 3565 962 3636; x_wconf 81' lang='grc' dir='ltr'>ἐφιέμενον</span> <span class='ocrx_word' id='word_1_302' title='bbox 1007 3568 1100 3622; x_wconf 77' lang='grc' dir='ltr'>καὶ</span> <span class='ocrx_word' id='word_1_303' title='bbox 1131 3568 1363 3639; x_wconf 88' lang='grc' dir='ltr'>αῖματος</span> <span class='ocrx_word' id='word_1_304' title='bbox 1401 3567 1644 3638; x_wconf 79' lang='grc' dir='ltr'>διψῶντα</span> <span class='ocrx_word' id='word_1_305' title='bbox 1688 3566 1976 3639; x_wconf 73' lang='grc' dir='ltr'>πατρῴους</span> 
     </span>
    </p>
   </div>
   <div class='ocr_carea' id='block_1_40' title="bbox 413 3645 1981 3722">
    <p class='ocr_par' dir='ltr' id='par_1_40' title="bbox 413 3645 1981 3722">
     <span class='ocr_line' id='line_1_40' title="bbox 413 3645 1981 3722; baseline 0.004 -23"><span class='ocrx_word' id='word_1_306' title='bbox 413 3645 573 3700; x_wconf 82' lang='grc' dir='ltr'>Ἀλλά</span> <span class='ocrx_word' id='word_1_307' title='bbox 607 3649 703 3702; x_wconf 78' lang='grc' dir='ltr'>καὶ</span> <span class='ocrx_word' id='word_1_308' title='bbox 752 3648 912 3704; x_wconf 85' lang='grc' dir='ltr'>τοῦτο</span> <span class='ocrx_word' id='word_1_309' title='bbox 961 3648 1185 3720; x_wconf 60' lang='grc' dir='ltr'>ἔστεγεν</span> <span class='ocrx_word' id='word_1_310' title='bbox 1226 3653 1257 3705; x_wconf 86' lang='lat'>6</span> <span class='ocrx_word' id='word_1_311' title='bbox 1304 3651 1572 3722; x_wconf 84' lang='grc' dir='ltr'>μακάριος</span> <span class='ocrx_word' id='word_1_312' title='bbox 1631 3650 1859 3714; x_wconf 84' lang='grc' dir='ltr'>ἐκεῖνος.</span> <span class='ocrx_word' id='word_1_313' title='bbox 1888 3651 1981 3705; x_wconf 69' lang='grc' dir='ltr'>καὶ</span> 
     </span>
    </p>
   </div>
   <div class='ocr_carea' id='block_1_41' title="bbox 401 3728 1980 3807">
    <p class='ocr_par' dir='ltr' id='par_1_41' title="bbox 401 3728 1980 3807">
     <span class='ocr_line' id='line_1_41' title="bbox 401 3728 1980 3807; baseline 0.003 -24"><span class='ocrx_word' id='word_1_314' title='bbox 401 3728 523 3783; x_wconf 74' lang='grc' dir='ltr'>οὐδὲ</span> <span class='ocrx_word' id='word_1_315' title='bbox 549 3728 722 3795; x_wconf 73' lang='grc' dir='ltr'>οὕτως</span> <span class='ocrx_word' id='word_1_316' title='bbox 749 3732 997 3802; x_wconf 71' lang='grc' dir='ltr'>ἠνείχετο</span> <span class='ocrx_word' id='word_1_317' title='bbox 1028 3734 1225 3804; x_wconf 74' lang='grc' dir='ltr'>πικρὸν</span> <span class='ocrx_word' id='word_1_318' title='bbox 1260 3734 1411 3807; x_wconf 78' lang='grc' dir='ltr'>ῥῆμα</span> <span class='ocrx_word' id='word_1_319' title='bbox 1432 3733 1685 3788; x_wconf 85' lang='grc' dir='ltr'>ἐκϐαλεῖν</span> <span class='ocrx_word' id='word_1_320' title='bbox 1715 3733 1862 3788; x_wconf 85' lang='grc' dir='ltr'>κατά</span> <span class='ocrx_word' id='word_1_321' title='bbox 1884 3734 1980 3787; x_wconf 86' lang='grc' dir='ltr'>τοῦ</span> 
     </span>
    </p>
   </div>
   <div class='ocr_carea' id='block_1_42' title="bbox 402 3814 1980 3891">
    <p class='ocr_par' dir='ltr' id='par_1_42' title="bbox 402 3814 1980 3891">
     <span class='ocr_line' id='line_1_42' title="bbox 402 3814 1980 3891; baseline 0.003 -23"><span class='ocrx_word' id='word_1_322' title='bbox 402 3814 748 3884; x_wconf 84' lang='grc' dir='ltr'>πατραλοίου,</span> <span class='ocrx_word' id='word_1_323' title='bbox 781 3816 916 3870; x_wconf 88' lang='grc' dir='ltr'>ἀλλά</span> <span class='ocrx_word' id='word_1_324' title='bbox 944 3819 1168 3882; x_wconf 71' lang='grc' dir='ltr'>καὶτοῖς</span> <span class='ocrx_word' id='word_1_325' title='bbox 1192 3820 1517 3891; x_wconf 76' lang='grc' dir='ltr'>στρατηγοῖς</span> <span class='ocrx_word' id='word_1_326' title='bbox 1541 3816 1718 3874; x_wconf 81' lang='grc' dir='ltr'>πάντα</span> <span class='ocrx_word' id='word_1_327' title='bbox 1749 3819 1819 3873; x_wconf 84' lang='grc' dir='ltr'>τὰ</span> <span class='ocrx_word' id='word_1_328' title='bbox 1845 3817 1980 3874; x_wconf 72' lang='grc' dir='ltr'>ἄλλα</span> 
     </span>
    </p>
   </div>
   <div class='ocr_carea' id='block_1_43' title="bbox 401 3897 1977 3974">
    <p class='ocr_par' dir='ltr' id='par_1_43' title="bbox 401 3897 1977 3974">
     <span class='ocr_line' id='line_1_43' title="bbox 401 3897 1977 3974; baseline 0.003 -22"><span class='ocrx_word' id='word_1_329' title='bbox 401 3897 579 3968; x_wconf 74' lang='grc' dir='ltr'>ἀφεὶς,</span> <span class='ocrx_word' id='word_1_330' title='bbox 632 3897 773 3970; x_wconf 80' lang='grc' dir='ltr'>ὑπὲρ</span> <span class='ocrx_word' id='word_1_331' title='bbox 830 3899 930 3970; x_wconf 84' lang='grc' dir='ltr'>τῆς</span> <span class='ocrx_word' id='word_1_332' title='bbox 993 3901 1202 3956; x_wconf 82' lang='grc' dir='ltr'>ἐκείνου</span> <span class='ocrx_word' id='word_1_333' title='bbox 1273 3902 1549 3974; x_wconf 81' lang='grc' dir='ltr'>σωτηρίας</span> <span class='ocrx_word' id='word_1_334' title='bbox 1601 3902 1977 3973; x_wconf 73' lang='grc' dir='ltr'>ἐπέσκηπτεν·</span> 
     </span>
    </p>
   </div>
   <div class='ocr_carea' id='block_1_44' title="bbox 406 3977 1983 4059">
    <p class='ocr_par' dir='ltr' id='par_1_44' title="bbox 406 3977 1983 4059">
     <span class='ocr_line' id='line_1_44' title="bbox 406 3977 1983 4059; baseline 0.004 -26"><span class='ocrx_word' id='word_1_335' title='bbox 406 3980 600 4053; x_wconf 76' lang='grc' dir='ltr'>ἰσχυρά</span> <span class='ocrx_word' id='word_1_336' title='bbox 630 3980 739 4053; x_wconf 89' lang='lat'>7&amp;9</span> <span class='ocrx_word' id='word_1_337' title='bbox 764 3977 832 4052; x_wconf 85' lang='grc' dir='ltr'>ἦν</span> <span class='ocrx_word' id='word_1_338' title='bbox 870 3984 904 4054; x_wconf 79' lang='grc' dir='ltr'>η</span> <span class='ocrx_word' id='word_1_339' title='bbox 929 3983 1029 4054; x_wconf 84' lang='grc' dir='ltr'>τῆς</span> <span class='ocrx_word' id='word_1_340' title='bbox 1053 3986 1275 4056; x_wconf 82' lang='grc' dir='ltr'>ἀγάπης</span> <span class='ocrx_word' id='word_1_341' title='bbox 1314 3986 1535 4059; x_wconf 88' lang='grc' dir='ltr'>κρηπίς.</span> <span class='ocrx_word' id='word_1_342' title='bbox 1570 3986 1662 4040; x_wconf 83' lang='grc' dir='ltr'>Διὸ</span> <span class='ocrx_word' id='word_1_343' title='bbox 1685 3986 1779 4041; x_wconf 76' lang='grc' dir='ltr'>καὶ</span> <span class='ocrx_word' id='word_1_344' title='bbox 1803 3986 1983 4041; x_wconf 88' lang='grc' dir='ltr'>πάντα</span> 
     </span>
    </p>
   </div>
   <div class='ocr_carea' id='block_1_45' title="bbox 407 4064 1983 4140">
    <p class='ocr_par' dir='ltr' id='par_1_45' title="bbox 407 4064 1983 4140">
     <span class='ocr_line' id='line_1_45' title="bbox 407 4064 1983 4140; baseline 0.003 -22"><span class='ocrx_word' id='word_1_345' title='bbox 407 4064 608 4135; x_wconf 82' lang='grc' dir='ltr'>στέγει·</span> <span class='ocrx_word' id='word_1_346' title='bbox 641 4066 734 4118; x_wconf 78' lang='grc' dir='ltr'>καὶ</span> <span class='ocrx_word' id='word_1_347' title='bbox 762 4065 862 4137; x_wconf 78' lang='grc' dir='ltr'>τὴν</span> <span class='ocrx_word' id='word_1_348' title='bbox 899 4066 999 4137; x_wconf 87' lang='grc' dir='ltr'>μὲν</span> <span class='ocrx_word' id='word_1_349' title='bbox 1030 4068 1259 4139; x_wconf 87' lang='grc' dir='ltr'>δύναμιν</span> <span class='ocrx_word' id='word_1_350' title='bbox 1282 4069 1452 4140; x_wconf 84' lang='grc' dir='ltr'>αὐτῆς</span> <span class='ocrx_word' id='word_1_351' title='bbox 1478 4067 1728 4123; x_wconf 87' lang='grc' dir='ltr'>ἐντεῦθεν</span> <span class='ocrx_word' id='word_1_352' title='bbox 1751 4070 1983 4125; x_wconf 85' lang='grc' dir='ltr'>αἰνίττε-</span> 
     </span>
    </p>
   </div>
   <div class='ocr_carea' id='block_1_46' title="bbox 405 4146 1985 4227">
    <p class='ocr_par' dir='ltr' id='par_1_46' title="bbox 405 4146 1985 4227">
     <span class='ocr_line' id='line_1_46' title="bbox 405 4146 1985 4227; baseline 0.004 -26"><span class='ocrx_word' id='word_1_353' title='bbox 405 4165 517 4212; x_wconf 85' lang='grc' dir='ltr'>ται,</span> <span class='ocrx_word' id='word_1_354' title='bbox 550 4146 648 4219; x_wconf 83' lang='grc' dir='ltr'>τὴν</span> <span class='ocrx_word' id='word_1_355' title='bbox 672 4147 729 4203; x_wconf 74' lang='grc' dir='ltr'>δὲ</span> <span class='ocrx_word' id='word_1_356' title='bbox 750 4149 1064 4222; x_wconf 81' lang='grc' dir='ltr'>ἀγαθότητα</span> <span class='ocrx_word' id='word_1_357' title='bbox 1090 4151 1181 4205; x_wconf 79' lang='grc' dir='ltr'>διά</span> <span class='ocrx_word' id='word_1_358' title='bbox 1210 4151 1317 4205; x_wconf 86' lang='grc' dir='ltr'>τῶν</span> <span class='ocrx_word' id='word_1_359' title='bbox 1351 4153 1497 4222; x_wconf 78' lang='grc' dir='ltr'>ἑξῆς·</span> <span class='ocrx_word' id='word_1_360' title='bbox 1526 4150 1729 4206; x_wconf 80' lang='grc' dir='ltr'>Πάντα</span> <span class='ocrx_word' id='word_1_361' title='bbox 1754 4153 1862 4227; x_wconf 90' lang='lat'>7&amp;9</span> <span class='ocrx_word' id='word_1_362' title='bbox 1891 4153 1985 4208; x_wconf 76' lang='grc' dir='ltr'>ὲλ·</span> 
     </span>
    </p>
   </div>
   <div class='ocr_carea' id='block_1_47' title="bbox 405 4230 1984 4307">
    <p class='ocr_par' dir='ltr' id='par_1_47' title="bbox 405 4230 1984 4307">
     <span class='ocr_line' id='line_1_47' title="bbox 405 4230 1984 4307; baseline 0.003 -20"><span class='ocrx_word' id='word_1_363' title='bbox 405 4230 575 4299; x_wconf 68' lang='grc' dir='ltr'>πίζει,</span> <span class='ocrx_word' id='word_1_364' title='bbox 615 4234 767 4304; x_wconf 76' lang='grc' dir='ltr'>φησὶ,</span> <span class='ocrx_word' id='word_1_365' title='bbox 802 4234 998 4289; x_wconf 78' lang='grc' dir='ltr'>πάντα</span> <span class='ocrx_word' id='word_1_366' title='bbox 1030 4236 1321 4302; x_wconf 77' lang='grc' dir='ltr'>πιστεύει,</span> <span class='ocrx_word' id='word_1_367' title='bbox 1350 4235 1549 4291; x_wconf 85' lang='grc' dir='ltr'>πάντα</span> <span class='ocrx_word' id='word_1_368' title='bbox 1574 4236 1882 4307; x_wconf 74' lang='grc' dir='ltr'>ὑπομένει.</span> <span class='ocrx_word' id='word_1_369' title='bbox 1919 4238 1984 4292; x_wconf 88' lang='grc' dir='ltr'>Τί</span> 
     </span>
    </p>
   </div>
   <div class='ocr_carea' id='block_1_48' title="bbox 409 4316 1987 4393">
    <p class='ocr_par' dir='ltr' id='par_1_48' title="bbox 409 4316 1987 4393">
     <span class='ocr_line' id='line_1_48' title="bbox 409 4316 1987 4393; baseline 0.003 -22"><span class='ocrx_word' id='word_1_370' title='bbox 409 4320 547 4377; x_wconf 85' lang='grc' dir='ltr'>ἐστι,</span> <span class='ocrx_word' id='word_1_371' title='bbox 573 4316 775 4372; x_wconf 80' lang='grc' dir='ltr'>Πάντα</span> <span class='ocrx_word' id='word_1_372' title='bbox 808 4318 1063 4382; x_wconf 75' lang='grc' dir='ltr'>έλπίζει;</span> <span class='ocrx_word' id='word_1_373' title='bbox 1104 4319 1288 4375; x_wconf 84' lang='grc' dir='ltr'>Πάντα</span> <span class='ocrx_word' id='word_1_374' title='bbox 1319 4320 1388 4374; x_wconf 77' lang='grc' dir='ltr'>τὰ</span> <span class='ocrx_word' id='word_1_375' title='bbox 1409 4322 1641 4393; x_wconf 81' lang='grc' dir='ltr'>χρηστά,</span> <span class='ocrx_word' id='word_1_376' title='bbox 1674 4323 1857 4393; x_wconf 73' lang='grc' dir='ltr'>φησὶν,</span> <span class='ocrx_word' id='word_1_377' title='bbox 1886 4322 1987 4376; x_wconf 87' lang='grc' dir='ltr'>οὐκ</span> 
     </span>
    </p>
   </div>
   <div class='ocr_carea' id='block_1_49' title="bbox 408 4399 1983 4478">
    <p class='ocr_par' dir='ltr' id='par_1_49' title="bbox 408 4399 1983 4478">
     <span class='ocr_line' id='line_1_49' title="bbox 408 4399 1983 4478; baseline 0.004 -25"><span class='ocrx_word' id='word_1_378' title='bbox 408 4399 780 4469; x_wconf 76' lang='grc' dir='ltr'>ἀπογινώσκει</span> <span class='ocrx_word' id='word_1_379' title='bbox 818 4403 911 4456; x_wconf 85' lang='grc' dir='ltr'>τοῦ</span> <span class='ocrx_word' id='word_1_380' title='bbox 955 4404 1346 4476; x_wconf 79' lang='grc' dir='ltr'>ἀγαπωμένου,</span> <span class='ocrx_word' id='word_1_381' title='bbox 1393 4406 1533 4458; x_wconf 90' lang='grc' dir='ltr'>ἀλλά</span> <span class='ocrx_word' id='word_1_382' title='bbox 1557 4404 1661 4459; x_wconf 80' lang='grc' dir='ltr'>κᾶν</span> <span class='ocrx_word' id='word_1_383' title='bbox 1693 4404 1897 4475; x_wconf 86' lang='grc' dir='ltr'>φαῦλος</span> <span class='ocrx_word' id='word_1_384' title='bbox 1925 4402 1983 4478; x_wconf 82' lang='grc' dir='ltr'>ᾗ,</span> 
     </span>
    </p>
   </div>
   <div class='ocr_carea' id='block_1_50' title="bbox 410 4482 1983 4560">
    <p class='ocr_par' dir='ltr' id='par_1_50' title="bbox 410 4482 1983 4560">
     <span class='ocr_line' id='line_1_50' title="bbox 410 4482 1983 4560; baseline 0.003 -23"><span class='ocrx_word' id='word_1_385' title='bbox 410 4482 713 4554; x_wconf 77' lang='grc' dir='ltr'>παραμένει</span> <span class='ocrx_word' id='word_1_386' title='bbox 778 4485 1155 4560; x_wconf 84' lang='grc' dir='ltr'>διορθουμένη,</span> <span class='ocrx_word' id='word_1_387' title='bbox 1212 4488 1533 4560; x_wconf 86' lang='grc' dir='ltr'>προνοοῦσα,</span> <span class='ocrx_word' id='word_1_388' title='bbox 1591 4489 1983 4560; x_wconf 84' lang='grc' dir='ltr'>ἐπιμελομένη.</span> 
     </span>
    </p>
   </div>
   <div class='ocr_carea' id='block_1_51' title="bbox 409 4566 1985 4643">
    <p class='ocr_par' dir='ltr' id='par_1_51' title="bbox 409 4566 1985 4643">
     <span class='ocr_line' id='line_1_51' title="bbox 409 4566 1985 4643; baseline 0.004 -23"><span class='ocrx_word' id='word_1_389' title='bbox 409 4566 615 4621; x_wconf 88' lang='grc' dir='ltr'>Πάντα</span> <span class='ocrx_word' id='word_1_390' title='bbox 659 4570 948 4625; x_wconf 83' lang='grc' dir='ltr'>πιστεύει.</span> <span class='ocrx_word' id='word_1_391' title='bbox 1006 4572 1082 4623; x_wconf 87' lang='grc' dir='ltr'>Οὐ</span> <span class='ocrx_word' id='word_1_392' title='bbox 1116 4571 1225 4640; x_wconf 71' lang='grc' dir='ltr'>γὰρ</span> <span class='ocrx_word' id='word_1_393' title='bbox 1267 4571 1455 4637; x_wconf 82' lang='grc' dir='ltr'>ἁπλῶς</span> <span class='ocrx_word' id='word_1_394' title='bbox 1501 4571 1735 4637; x_wconf 79' lang='grc' dir='ltr'>ἐλπίζει,</span> <span class='ocrx_word' id='word_1_395' title='bbox 1798 4574 1985 4643; x_wconf 74' lang='grc' dir='ltr'>φησὶν,</span> 
     </span>
    </p>
   </div>
   <div class='ocr_carea' id='block_1_52' title="bbox 410 4650 1987 4726">
    <p class='ocr_par' dir='ltr' id='par_1_52' title="bbox 410 4650 1987 4726">
     <span class='ocr_line' id='line_1_52' title="bbox 410 4650 1987 4726; baseline 0.002 -22"><span class='ocrx_word' id='word_1_396' title='bbox 410 4650 549 4706; x_wconf 79' lang='grc' dir='ltr'>ἀλλά</span> <span class='ocrx_word' id='word_1_397' title='bbox 604 4651 696 4704; x_wconf 76' lang='grc' dir='ltr'>καὶ</span> <span class='ocrx_word' id='word_1_398' title='bbox 733 4652 978 4707; x_wconf 76' lang='grc' dir='ltr'>πιστεύει</span> <span class='ocrx_word' id='word_1_399' title='bbox 1016 4654 1082 4707; x_wconf 89' lang='grc' dir='ltr'>ἐκ</span> <span class='ocrx_word' id='word_1_400' title='bbox 1137 4656 1232 4708; x_wconf 76' lang='grc' dir='ltr'>τοῦ</span> <span class='ocrx_word' id='word_1_401' title='bbox 1285 4655 1491 4726; x_wconf 79' lang='grc' dir='ltr'>σφόδρα</span> <span class='ocrx_word' id='word_1_402' title='bbox 1534 4656 1727 4724; x_wconf 80' lang='grc' dir='ltr'>φιλεῖν·</span> <span class='ocrx_word' id='word_1_403' title='bbox 1772 4655 1877 4709; x_wconf 75' lang='grc' dir='ltr'>κᾶν</span> <span class='ocrx_word' id='word_1_404' title='bbox 1912 4656 1987 4726; x_wconf 82' lang='grc' dir='ltr'>μὴ</span> 
     </span>
    </p>
   </div>
   <div class='ocr_carea' id='block_1_53' title="bbox 412 4734 1985 4808">
    <p class='ocr_par' dir='ltr' id='par_1_53' title="bbox 412 4734 1985 4808">
     <span class='ocr_line' id='line_1_53' title="bbox 412 4734 1985 4808; baseline 0.003 -21"><span class='ocrx_word' id='word_1_405' title='bbox 412 4734 639 4808; x_wconf 81' lang='grc' dir='ltr'>ἐκϐαίνῃ</span> <span class='ocrx_word' id='word_1_406' title='bbox 668 4735 810 4791; x_wconf 85' lang='grc' dir='ltr'>κατά</span> <span class='ocrx_word' id='word_1_407' title='bbox 840 4736 940 4808; x_wconf 84' lang='grc' dir='ltr'>τὴν</span> <span class='ocrx_word' id='word_1_408' title='bbox 967 4737 1157 4791; x_wconf 80' lang='grc' dir='ltr'>ἐλπίδα</span> <span class='ocrx_word' id='word_1_409' title='bbox 1184 4739 1253 4791; x_wconf 75' lang='grc' dir='ltr'>τά</span> <span class='ocrx_word' id='word_1_410' title='bbox 1286 4740 1498 4808; x_wconf 76' lang='grc' dir='ltr'>χρηστά</span> <span class='ocrx_word' id='word_1_411' title='bbox 1529 4741 1725 4801; x_wconf 86' lang='grc' dir='ltr'>ταῦτα,</span> <span class='ocrx_word' id='word_1_412' title='bbox 1753 4739 1871 4793; x_wconf 78' lang='grc' dir='ltr'>ἀλλ’</span> <span class='ocrx_word' id='word_1_413' title='bbox 1901 4739 1985 4792; x_wconf 81' lang='grc' dir='ltr'>ἐτι</span> 
     </span>
    </p>
   </div>
   <div class='ocr_carea' id='block_1_54' title="bbox 413 4817 1989 4895">
    <p class='ocr_par' dir='ltr' id='par_1_54' title="bbox 413 4817 1989 4895">
     <span class='ocr_line' id='line_1_54' title="bbox 413 4817 1989 4895; baseline 0.003 -24"><span class='ocrx_word' id='word_1_414' title='bbox 413 4817 811 4892; x_wconf 77' lang='grc' dir='ltr'>φορτικώτερος</span> <span class='ocrx_word' id='word_1_415' title='bbox 866 4823 1071 4887; x_wconf 85' lang='grc' dir='ltr'>ἐκεῖνος</span> <span class='ocrx_word' id='word_1_416' title='bbox 1111 4817 1168 4895; x_wconf 85' lang='grc' dir='ltr'>ᾖ,</span> <span class='ocrx_word' id='word_1_417' title='bbox 1226 4820 1527 4877; x_wconf 75' lang='grc' dir='ltr'>καὶταῦτα</span> <span class='ocrx_word' id='word_1_418' title='bbox 1556 4821 1732 4894; x_wconf 79' lang='grc' dir='ltr'>φέρει.</span> <span class='ocrx_word' id='word_1_419' title='bbox 1786 4821 1989 4876; x_wconf 81' lang='grc' dir='ltr'>Πάντα</span> 
     </span>
    </p>
   </div>
   <div class='ocr_carea' id='block_1_55' title="bbox 412 4899 1986 4977">
    <p class='ocr_par' dir='ltr' id='par_1_55' title="bbox 412 4899 1986 4977">
     <span class='ocr_line' id='line_1_55' title="bbox 412 4899 1986 4977; baseline 0.005 -27"><span class='ocrx_word' id='word_1_420' title='bbox 412 4899 545 4969; x_wconf 84' lang='grc' dir='ltr'>γὰρ,</span> <span class='ocrx_word' id='word_1_421' title='bbox 573 4902 758 4970; x_wconf 71' lang='grc' dir='ltr'>φησὶν,</span> <span class='ocrx_word' id='word_1_422' title='bbox 785 4902 935 4977; x_wconf 79' lang='lat'>[505]</span> <span class='ocrx_word' id='word_1_423' title='bbox 955 4905 1260 4976; x_wconf 78' lang='grc' dir='ltr'>ὑπομένει.</span> <span class='ocrx_word' id='word_1_424' title='bbox 1276 4906 1340 4961; x_wconf 83' lang='grc' dir='ltr'><strong>Ἠ</strong></span> <span class='ocrx_word' id='word_1_425' title='bbox 1354 4904 1556 4976; x_wconf 77' lang='grc' dir='ltr'>ἀγάπη</span> <span class='ocrx_word' id='word_1_426' title='bbox 1573 4903 1864 4960; x_wconf 76' lang='grc' dir='ltr'>οὐδέποτε</span> <span class='ocrx_word' id='word_1_427' title='bbox 1886 4904 1986 4957; x_wconf 81' lang='grc' dir='ltr'>ἐκ·</span> 
     </span>
    </p>
   </div>
   <div class='ocr_carea' id='block_1_56' title="bbox 413 4979 1988 5060">
    <p class='ocr_par' dir='ltr' id='par_1_56' title="bbox 413 4979 1988 5060">
     <span class='ocr_line' id='line_1_56' title="bbox 413 4979 1988 5060; baseline 0.007 -27"><span class='ocrx_word' id='word_1_428' title='bbox 413 4981 635 5036; x_wconf 77' lang='grc' dir='ltr'>πίπτει.</span> <span class='ocrx_word' id='word_1_429' title='bbox 669 4979 822 5049; x_wconf 81' lang='grc' dir='ltr'>Εἶδες</span> <span class='ocrx_word' id='word_1_430' title='bbox 856 4987 956 5056; x_wconf 83' lang='grc' dir='ltr'>τὴν</span> <span class='ocrx_word' id='word_1_431' title='bbox 984 4990 1250 5058; x_wconf 86' lang='grc' dir='ltr'>κορωνίδα</span> <span class='ocrx_word' id='word_1_432' title='bbox 1280 4989 1413 5045; x_wconf 82' lang='grc' dir='ltr'>πότε</span> <span class='ocrx_word' id='word_1_433' title='bbox 1443 4989 1628 5060; x_wconf 77' lang='grc' dir='ltr'>ἔθηκε,</span> <span class='ocrx_word' id='word_1_434' title='bbox 1681 4988 1776 5043; x_wconf 80' lang='grc' dir='ltr'>καὶ</span> <span class='ocrx_word' id='word_1_435' title='bbox 1818 4987 1848 5042; x_wconf 85' lang='lat'>6</span> <span class='ocrx_word' id='word_1_436' title='bbox 1883 4989 1988 5058; x_wconf 79' lang='grc' dir='ltr'>μάο</span> 
     </span>
    </p>
   </div>
   <div class='ocr_carea' id='block_1_57' title="bbox 412 5061 1985 5145">
    <p class='ocr_par' dir='ltr' id='par_1_57' title="bbox 412 5061 1985 5145">
     <span class='ocr_line' id='line_1_57' title="bbox 412 5061 1985 5145; baseline 0.015 -31"><span class='ocrx_word' id='word_1_437' title='bbox 412 5061 573 5116; x_wconf 87' lang='grc' dir='ltr'>λιστά</span> <span class='ocrx_word' id='word_1_438' title='bbox 598 5064 746 5117; x_wconf 80' lang='grc' dir='ltr'>ἐστιν</span> <span class='ocrx_word' id='word_1_439' title='bbox 799 5067 1071 5137; x_wconf 78' lang='grc' dir='ltr'>ἐξαίρετον</span> <span class='ocrx_word' id='word_1_440' title='bbox 1120 5073 1312 5126; x_wconf 83' lang='grc' dir='ltr'>τούτου</span> <span class='ocrx_word' id='word_1_441' title='bbox 1369 5072 1466 5126; x_wconf 89' lang='grc' dir='ltr'>τοῦ</span> <span class='ocrx_word' id='word_1_442' title='bbox 1514 5070 1729 5145; x_wconf 75' lang='grc' dir='ltr'>δώρους</span> <span class='ocrx_word' id='word_1_443' title='bbox 1778 5071 1844 5124; x_wconf 78' lang='grc' dir='ltr'>Τί</span> <span class='ocrx_word' id='word_1_444' title='bbox 1874 5069 1985 5136; x_wconf 78' lang='grc' dir='ltr'>γάρ</span> 
     </span>
    </p>
   </div>
   <div class='ocr_carea' id='block_1_58' title="bbox 415 5145 1990 5219">
    <p class='ocr_par' dir='ltr' id='par_1_58' title="bbox 415 5145 1990 5219">
     <span class='ocr_line' id='line_1_58' title="bbox 415 5145 1990 5219; baseline 0.006 -22"><span class='ocrx_word' id='word_1_445' title='bbox 415 5145 585 5211; x_wconf 87' lang='grc' dir='ltr'>ἐστιν,</span> <span class='ocrx_word' id='word_1_446' title='bbox 621 5146 742 5199; x_wconf 78' lang='grc' dir='ltr'>οὐκ</span> <span class='ocrx_word' id='word_1_447' title='bbox 773 5147 1077 5215; x_wconf 84' lang='grc' dir='ltr'>ἐκπίπτει;</span> <span class='ocrx_word' id='word_1_448' title='bbox 1105 5154 1182 5206; x_wconf 84' lang='grc' dir='ltr'>Οὐ</span> <span class='ocrx_word' id='word_1_449' title='bbox 1218 5154 1590 5219; x_wconf 75' lang='grc' dir='ltr'>διακόπτεται,</span> <span class='ocrx_word' id='word_1_450' title='bbox 1618 5157 1679 5209; x_wconf 90' lang='grc' dir='ltr'>οὐ</span> <span class='ocrx_word' id='word_1_451' title='bbox 1714 5153 1990 5209; x_wconf 84' lang='grc' dir='ltr'>διαλύεται</span> 
     </span>
    </p>
   </div>
   <div class='ocr_carea' id='block_1_59' title="bbox 416 5228 1993 5310">
    <p class='ocr_par' dir='ltr' id='par_1_59' title="bbox 416 5228 1993 5310">
     <span class='ocr_line' id='line_1_59' title="bbox 416 5228 1993 5310; baseline 0.006 -27"><span class='ocrx_word' id='word_1_452' title='bbox 416 5229 497 5302; x_wconf 80' lang='grc' dir='ltr'>τῷ</span> <span class='ocrx_word' id='word_1_453' title='bbox 522 5228 727 5302; x_wconf 74' lang='grc' dir='ltr'>φέρειν·</span> <span class='ocrx_word' id='word_1_454' title='bbox 761 5230 976 5303; x_wconf 84' lang='grc' dir='ltr'>στέργει</span> <span class='ocrx_word' id='word_1_455' title='bbox 1010 5234 1119 5305; x_wconf 83' lang='grc' dir='ltr'>γὰρ</span> <span class='ocrx_word' id='word_1_456' title='bbox 1153 5236 1350 5291; x_wconf 85' lang='grc' dir='ltr'>πάντα.</span> <span class='ocrx_word' id='word_1_457' title='bbox 1389 5239 1448 5291; x_wconf 88' lang='grc' dir='ltr'>Ὀ</span> <span class='ocrx_word' id='word_1_458' title='bbox 1488 5240 1598 5310; x_wconf 88' lang='lat'>7&amp;9</span> <span class='ocrx_word' id='word_1_459' title='bbox 1641 5239 1810 5309; x_wconf 83' lang='grc' dir='ltr'>φιλῶν</span> <span class='ocrx_word' id='word_1_460' title='bbox 1843 5239 1993 5293; x_wconf 83' lang='grc' dir='ltr'>οὐδέ-</span> 
     </span>
    </p>
   </div>
   <div class='ocr_carea' id='block_1_60' title="bbox 416 5315 1994 5395">
    <p class='ocr_par' dir='ltr' id='par_1_60' title="bbox 416 5315 1994 5395">
     <span class='ocr_line' id='line_1_60' title="bbox 416 5315 1994 5395; baseline 0.004 -26"><span class='ocrx_word' id='word_1_461' title='bbox 416 5331 548 5370; x_wconf 83' lang='grc' dir='ltr'>ποτε</span> <span class='ocrx_word' id='word_1_462' title='bbox 592 5315 817 5388; x_wconf 78' lang='grc' dir='ltr'>μισῆσαι</span> <span class='ocrx_word' id='word_1_463' title='bbox 873 5316 1117 5383; x_wconf 89' lang='grc' dir='ltr'>δύναται,</span> <span class='ocrx_word' id='word_1_464' title='bbox 1151 5318 1256 5373; x_wconf 78' lang='grc' dir='ltr'>κάν</span> <span class='ocrx_word' id='word_1_465' title='bbox 1304 5320 1484 5374; x_wconf 84' lang='grc' dir='ltr'>ὁτιοῦν</span> <span class='ocrx_word' id='word_1_466' title='bbox 1520 5322 1779 5395; x_wconf 85' lang='grc' dir='ltr'>γένηται·</span> <span class='ocrx_word' id='word_1_467' title='bbox 1837 5323 1994 5378; x_wconf 81' lang='grc' dir='ltr'>τοῦτο</span> 
     </span>
    </p>
   </div>
   <div class='ocr_carea' id='block_1_61' title="bbox 416 5396 1992 5479">
    <p class='ocr_par' dir='ltr' id='par_1_61' title="bbox 416 5396 1992 5479">
     <span class='ocr_line' id='line_1_61' title="bbox 416 5396 1992 5479; baseline 0.006 -27"><span class='ocrx_word' id='word_1_468' title='bbox 416 5396 529 5469; x_wconf 85' lang='lat'>7&amp;9</span> <span class='ocrx_word' id='word_1_469' title='bbox 551 5401 723 5472; x_wconf 86' lang='grc' dir='ltr'>αὐτῆς</span> <span class='ocrx_word' id='word_1_470' title='bbox 769 5401 830 5454; x_wconf 82' lang='grc' dir='ltr'>τὸ</span> <span class='ocrx_word' id='word_1_471' title='bbox 877 5403 1131 5474; x_wconf 84' lang='grc' dir='ltr'>μέγιστον</span> <span class='ocrx_word' id='word_1_472' title='bbox 1156 5402 1382 5474; x_wconf 84' lang='grc' dir='ltr'>ἀγαθόν.</span> <span class='ocrx_word' id='word_1_473' title='bbox 1416 5404 1669 5470; x_wconf 83' lang='grc' dir='ltr'>Τοιοῦτος</span> <span class='ocrx_word' id='word_1_474' title='bbox 1696 5402 1764 5479; x_wconf 82' lang='grc' dir='ltr'>ἦν</span> <span class='ocrx_word' id='word_1_475' title='bbox 1786 5409 1813 5462; x_wconf 97' lang='lat'>6</span> <span class='ocrx_word' id='word_1_476' title='bbox 1842 5406 1992 5461; x_wconf 85' lang='grc' dir='ltr'>Παῦ-</span> 
     </span>
    </p>
   </div>
   <div class='ocr_carea' id='block_1_62' title="bbox 416 5479 1995 5560">
    <p class='ocr_par' dir='ltr' id='par_1_62' title="bbox 416 5479 1995 5560">
     <span class='ocr_line' id='line_1_62' title="bbox 416 5479 1995 5560; baseline 0.006 -27"><span class='ocrx_word' id='word_1_477' title='bbox 416 5479 538 5545; x_wconf 88' lang='grc' dir='ltr'>λος·</span> <span class='ocrx_word' id='word_1_478' title='bbox 573 5481 654 5537; x_wconf 80' lang='grc' dir='ltr'>διὸ</span> <span class='ocrx_word' id='word_1_479' title='bbox 676 5486 768 5538; x_wconf 77' lang='grc' dir='ltr'>καὶ</span> <span class='ocrx_word' id='word_1_480' title='bbox 805 5485 1008 5555; x_wconf 72' lang='grc' dir='ltr'>ἔλεγεν,</span> <span class='ocrx_word' id='word_1_481' title='bbox 1045 5488 1118 5542; x_wconf 82' lang='lat' dir='ltr'>El</span> <span class='ocrx_word' id='word_1_482' title='bbox 1145 5504 1271 5553; x_wconf 81' lang='grc' dir='ltr'>πως</span> <span class='ocrx_word' id='word_1_483' title='bbox 1295 5487 1699 5557; x_wconf 78' lang='grc' dir='ltr'>παραζηλώσω</span> <span class='ocrx_word' id='word_1_484' title='bbox 1727 5508 1848 5560; x_wconf 80' lang='grc' dir='ltr'>μου</span> <span class='ocrx_word' id='word_1_485' title='bbox 1879 5489 1995 5558; x_wconf 78' lang='grc' dir='ltr'>τὴν</span> 
     </span>
    </p>
   </div>
   <div class='ocr_carea' id='block_1_63' title="bbox 419 5560 1992 5644">
    <p class='ocr_par' dir='ltr' id='par_1_63' title="bbox 419 5560 1992 5644">
     <span class='ocr_line' id='line_1_63' title="bbox 419 5560 1992 5644; baseline 0.003 -24"><span class='ocrx_word' id='word_1_486' title='bbox 419 5560 638 5644; x_wconf 53' lang='grc' dir='ltr'>σάρκα,</span> <span class='ocrx_word' id='word_1_487' title='bbox 674 5570 769 5621; x_wconf 75' lang='grc' dir='ltr'>καὶ</span> <span class='ocrx_word' id='word_1_488' title='bbox 797 5568 986 5639; x_wconf 77' lang='grc' dir='ltr'>ἔμενεν</span> <span class='ocrx_word' id='word_1_489' title='bbox 1028 5572 1284 5636; x_wconf 79' lang='grc' dir='ltr'>ἐλπίζων.</span> <span class='ocrx_word' id='word_1_490' title='bbox 1336 5572 1443 5626; x_wconf 77' lang='grc' dir='ltr'>Καὶ</span> <span class='ocrx_word' id='word_1_491' title='bbox 1472 5572 1724 5644; x_wconf 81' lang='grc' dir='ltr'>Τιμοθέῳ</span> <span class='ocrx_word' id='word_1_492' title='bbox 1761 5572 1992 5644; x_wconf 80' lang='grc' dir='ltr'>παρῄνει</span> 
     </span>
    </p>
   </div>
   <div class='ocr_carea' id='block_1_64' title="bbox 423 5641 1992 5726">
    <p class='ocr_par' dir='ltr' id='par_1_64' title="bbox 423 5641 1992 5726">
     <span class='ocr_line' id='line_1_64' title="bbox 423 5641 1992 5726; baseline 0.01 -32"><span class='ocrx_word' id='word_1_493' title='bbox 423 5641 597 5713; x_wconf 72' lang='grc' dir='ltr'>λέγων</span> <span class='ocrx_word' id='word_1_494' title='bbox 616 5663 630 5678; x_wconf 90' lang='grc'>·</span> <span class='ocrx_word' id='word_1_495' title='bbox 664 5651 899 5706; x_wconf 78' lang='grc' dir='ltr'>Δοῦλον</span> <span class='ocrx_word' id='word_1_496' title='bbox 928 5653 996 5706; x_wconf 82' lang='grc' dir='ltr'>δὲ</span> <span class='ocrx_word' id='word_1_497' title='bbox 1034 5656 1257 5721; x_wconf 82' lang='grc' dir='ltr'>Κυρίου</span> <span class='ocrx_word' id='word_1_498' title='bbox 1289 5657 1362 5707; x_wconf 83' lang='grc' dir='ltr'>οὐ</span> <span class='ocrx_word' id='word_1_499' title='bbox 1395 5653 1485 5707; x_wconf 78' lang='grc' dir='ltr'>δεῖ</span> <span class='ocrx_word' id='word_1_500' title='bbox 1509 5641 1824 5726; x_wconf 68' lang='grc' dir='ltr'>μάχεσθαι,</span> <span class='ocrx_word' id='word_1_501' title='bbox 1846 5641 1992 5709; x_wconf 40' lang='grc' dir='ltr'><em>’ἀλλ’</em></span> 
     </span>
    </p>
   </div>
   <div class='ocr_carea' id='block_1_65' title="bbox 494 5875 1401 5941">
    <p class='ocr_par' dir='ltr' id='par_1_65' title="bbox 494 5875 1401 5941">
     <span class='ocr_line' id='line_1_65' title="bbox 494 5875 1401 5941; baseline 0 -14"><span class='ocrx_word' id='word_1_502' title='bbox 494 5878 521 5908; x_wconf 79' lang='grc'>⁸</span> <span class='ocrx_word' id='word_1_503' title='bbox 559 5877 758 5928; x_wconf 70' lang='lat' dir='ltr'><strong><em>Deerant</em></strong></span> <span class='ocrx_word' id='word_1_504' title='bbox 778 5875 937 5935; x_wconf 74' lang='lat' dir='ltr'>verba,</span> <span class='ocrx_word' id='word_1_505' title='bbox 959 5878 1046 5926; x_wconf 79' lang='grc' dir='ltr'>κᾶν</span> <span class='ocrx_word' id='word_1_506' title='bbox 1066 5895 1177 5940; x_wconf 66' lang='grc' dir='ltr'>φη..</span> <span class='ocrx_word' id='word_1_507' title='bbox 1204 5879 1401 5941; x_wconf 54' lang='lat' dir='ltr'>naxon.</span> 
     </span>
    </p>
   </div>
   <div class='ocr_carea' id='block_1_66' title="bbox 1069 365 2944 429">
    <p class='ocr_par' dir='ltr' id='par_1_66' title="bbox 1069 365 2944 429">
     <span class='ocr_line' id='line_1_66' title="bbox 1069 365 2944 429; baseline 0.001 -2"><span class='ocrx_word' id='word_1_508' title='bbox 1069 373 1130 427; x_wconf 86' lang='lat' dir='ltr'>S.</span> <span class='ocrx_word' id='word_1_509' title='bbox 1174 371 1462 429; x_wconf 77' lang='lat' dir='ltr'>.IOANNIS</span> <span class='ocrx_word' id='word_1_510' title='bbox 1497 365 1990 428; x_wconf 74' lang='lat' dir='ltr'>CHRYSOSTOMI</span> <span class='ocrx_word' id='word_1_511' title='bbox 2028 366 2351 428; x_wconf 78' lang='lat' dir='ltr'>ARCIIIEP.</span> <span class='ocrx_word' id='word_1_512' title='bbox 2394 368 2944 428; x_wconf 78' lang='lat' dir='ltr'>CONSTANTINOP.</span> 
     </span>
    </p>
   </div>
   <div class='ocr_carea' id='block_1_67' title="bbox 3549 372 3654 429">
    <p class='ocr_par' dir='ltr' id='par_1_67' title="bbox 3549 372 3654 429">
     <span class='ocr_line' id='line_1_67' title="bbox 3549 372 3654 429; baseline 0.01 -1"><span class='ocrx_word' id='word_1_513' title='bbox 3549 372 3654 429; x_wconf 68' lang='lat'>289</span> 
     </span>
    </p>
   </div>
   <div class='ocr_carea' id='block_1_68' title="bbox 2074 478 3655 553">
    <p class='ocr_par' dir='ltr' id='par_1_68' title="bbox 2074 478 3655 553">
     <span class='ocr_line' id='line_1_68' title="bbox 2074 478 3655 553; baseline 0.004 -20"><span class='ocrx_word' id='word_1_514' title='bbox 2074 480 2260 548; x_wconf 80' lang='grc' dir='ltr'>ἤπιον</span> <span class='ocrx_word' id='word_1_515' title='bbox 2289 478 2441 536; x_wconf 72' lang='grc' dir='ltr'>εἶναι</span> <span class='ocrx_word' id='word_1_516' title='bbox 2478 482 2630 551; x_wconf 79' lang='grc' dir='ltr'>πρὸς</span> <span class='ocrx_word' id='word_1_517' title='bbox 2660 484 2915 552; x_wconf 81' lang='grc' dir='ltr'>πάντας,</span> <span class='ocrx_word' id='word_1_518' title='bbox 2965 486 3034 540; x_wconf 80' lang='grc' dir='ltr'>ἐν</span> <span class='ocrx_word' id='word_1_519' title='bbox 3078 486 3367 553; x_wconf 72' lang='grc' dir='ltr'>πραΰτητι</span> <span class='ocrx_word' id='word_1_520' title='bbox 3411 485 3655 540; x_wconf 74' lang='grc' dir='ltr'>παιδεύ-</span> 
     </span>
    </p>
   </div>
   <div class='ocr_carea' id='block_1_69' title="bbox 2073 565 3651 638">
    <p class='ocr_par' dir='ltr' id='par_1_69' title="bbox 2073 565 3651 638">
     <span class='ocr_line' id='line_1_69' title="bbox 2073 565 3651 638; baseline 0.004 -22"><span class='ocrx_word' id='word_1_521' title='bbox 2073 580 2221 619; x_wconf 83' lang='grc' dir='ltr'>οντα</span> <span class='ocrx_word' id='word_1_522' title='bbox 2247 565 2391 631; x_wconf 84' lang='grc' dir='ltr'>τοὺς</span> <span class='ocrx_word' id='word_1_523' title='bbox 2422 567 3023 636; x_wconf 79' lang='grc' dir='ltr'>ἀντιδιατιθεμένους,</span> <span class='ocrx_word' id='word_1_524' title='bbox 3051 568 3289 638; x_wconf 78' lang='grc' dir='ltr'>μήποτε</span> <span class='ocrx_word' id='word_1_525' title='bbox 3326 566 3411 633; x_wconf 89' lang='grc' dir='ltr'>δῷ</span> <span class='ocrx_word' id='word_1_526' title='bbox 3451 567 3651 635; x_wconf 83' lang='grc' dir='ltr'>αὐτοῖς</span> 
     </span>
    </p>
   </div>
   <div class='ocr_carea' id='block_1_70' title="bbox 2073 650 3653 723">
    <p class='ocr_par' dir='ltr' id='par_1_70' title="bbox 2073 650 3653 723">
     <span class='ocr_line' id='line_1_70' title="bbox 2073 650 3653 723; baseline 0.002 -19"><span class='ocrx_word' id='word_1_527' title='bbox 2073 652 2107 704; x_wconf 82' lang='grc' dir='ltr'><em>ὁ</em></span> <span class='ocrx_word' id='word_1_528' title='bbox 2147 650 2292 717; x_wconf 83' lang='grc' dir='ltr'>Θεὸς</span> <span class='ocrx_word' id='word_1_529' title='bbox 2338 651 2671 721; x_wconf 72' lang='grc' dir='ltr'>ἐπίγνωσιν</span> <span class='ocrx_word' id='word_1_530' title='bbox 2718 654 3028 721; x_wconf 66' lang='grc' dir='ltr'>ἀληθείας.</span> <span class='ocrx_word' id='word_1_531' title='bbox 3080 653 3147 707; x_wconf 89' lang='grc' dir='ltr'>Τί</span> <span class='ocrx_word' id='word_1_532' title='bbox 3199 650 3316 719; x_wconf 77' lang='grc' dir='ltr'>οὖν,</span> <span class='ocrx_word' id='word_1_533' title='bbox 3364 653 3550 723; x_wconf 77' lang='grc' dir='ltr'>φησὶν,</span> <span class='ocrx_word' id='word_1_534' title='bbox 3585 652 3653 707; x_wconf 82' lang='grc' dir='ltr'>ἂν</span> 
     </span>
    </p>
   </div>
   <div class='ocr_carea' id='block_1_71' title="bbox 2069 733 3648 809">
    <p class='ocr_par' dir='ltr' id='par_1_71' title="bbox 2069 733 3648 809">
     <span class='ocr_line' id='line_1_71' title="bbox 2069 733 3648 809; baseline 0.002 -21"><span class='ocrx_word' id='word_1_535' title='bbox 2069 734 2255 807; x_wconf 74' lang='grc' dir='ltr'>ἐχθροὶ</span> <span class='ocrx_word' id='word_1_536' title='bbox 2284 733 2389 789; x_wconf 82' lang='grc' dir='ltr'>ὦσι</span> <span class='ocrx_word' id='word_1_537' title='bbox 2420 736 2516 790; x_wconf 76' lang='grc' dir='ltr'>καὶ</span> <span class='ocrx_word' id='word_1_538' title='bbox 2540 736 2824 807; x_wconf 85' lang='grc' dir='ltr'>Ἕλληνες,</span> <span class='ocrx_word' id='word_1_539' title='bbox 2859 739 2919 792; x_wconf 91' lang='grc' dir='ltr'>οὐ</span> <span class='ocrx_word' id='word_1_540' title='bbox 2954 739 3034 792; x_wconf 90' lang='grc' dir='ltr'>δεῖ</span> <span class='ocrx_word' id='word_1_541' title='bbox 3065 739 3280 809; x_wconf 86' lang='grc' dir='ltr'>μισεῖν;</span> <span class='ocrx_word' id='word_1_542' title='bbox 3314 738 3512 792; x_wconf 86' lang='grc' dir='ltr'>Μισεῖν</span> <span class='ocrx_word' id='word_1_543' title='bbox 3530 737 3648 808; x_wconf 81' lang='grc' dir='ltr'>μὲν,</span> 
     </span>
    </p>
   </div>
   <div class='ocr_carea' id='block_1_72' title="bbox 2070 818 3649 892">
    <p class='ocr_par' dir='ltr' id='par_1_72' title="bbox 2070 818 3649 892">
     <span class='ocr_line' id='line_1_72' title="bbox 2070 818 3649 892; baseline 0.003 -21"><span class='ocrx_word' id='word_1_544' title='bbox 2070 819 2171 872; x_wconf 87' lang='grc' dir='ltr'>οὐκ</span> <span class='ocrx_word' id='word_1_545' title='bbox 2210 818 2453 884; x_wconf 81' lang='grc' dir='ltr'>ἐκείνους</span> <span class='ocrx_word' id='word_1_546' title='bbox 2501 821 2579 884; x_wconf 84' lang='grc' dir='ltr'>δὲ,</span> <span class='ocrx_word' id='word_1_547' title='bbox 2633 821 2769 876; x_wconf 85' lang='grc' dir='ltr'>ἀλλὰ</span> <span class='ocrx_word' id='word_1_548' title='bbox 2800 822 2860 875; x_wconf 80' lang='grc' dir='ltr'>τὸ</span> <span class='ocrx_word' id='word_1_549' title='bbox 2895 822 3095 891; x_wconf 80' lang='grc' dir='ltr'>δόγμα,</span> <span class='ocrx_word' id='word_1_550' title='bbox 3122 822 3184 875; x_wconf 92' lang='grc' dir='ltr'>οὐ</span> <span class='ocrx_word' id='word_1_551' title='bbox 3225 821 3318 874; x_wconf 81' lang='grc' dir='ltr'>τὸν</span> <span class='ocrx_word' id='word_1_552' title='bbox 3341 820 3649 892; x_wconf 79' lang='grc' dir='ltr'>ἄνθρωπον,</span> 
     </span>
    </p>
   </div>
   <div class='ocr_carea' id='block_1_73' title="bbox 2070 901 3651 977">
    <p class='ocr_par' dir='ltr' id='par_1_73' title="bbox 2070 901 3651 977">
     <span class='ocr_line' id='line_1_73' title="bbox 2070 901 3651 977; baseline 0.001 -22"><span class='ocrx_word' id='word_1_553' title='bbox 2070 901 2210 956; x_wconf 86' lang='grc' dir='ltr'>ἀλλά</span> <span class='ocrx_word' id='word_1_554' title='bbox 2246 903 2345 974; x_wconf 76' lang='grc' dir='ltr'>τὴν</span> <span class='ocrx_word' id='word_1_555' title='bbox 2383 904 2628 976; x_wconf 84' lang='grc' dir='ltr'>πονηρὰν</span> <span class='ocrx_word' id='word_1_556' title='bbox 2677 904 2894 977; x_wconf 80' lang='grc' dir='ltr'>πρᾶξιν,</span> <span class='ocrx_word' id='word_1_557' title='bbox 2942 907 3044 975; x_wconf 78' lang='grc' dir='ltr'>τὴν</span> <span class='ocrx_word' id='word_1_558' title='bbox 3077 904 3486 976; x_wconf 82' lang='grc' dir='ltr'>διεφθαρμένην</span> <span class='ocrx_word' id='word_1_559' title='bbox 3510 902 3651 971; x_wconf 81' lang='grc' dir='ltr'>γνώο</span> 
     </span>
    </p>
   </div>
   <div class='ocr_carea' id='block_1_74' title="bbox 2076 984 3649 1058">
    <p class='ocr_par' dir='ltr' id='par_1_74' title="bbox 2076 984 3649 1058">
     <span class='ocr_line' id='line_1_74' title="bbox 2076 984 3649 1058; baseline 0.004 -23"><span class='ocrx_word' id='word_1_560' title='bbox 2076 1001 2205 1054; x_wconf 82' lang='grc' dir='ltr'>μην.</span> <span class='ocrx_word' id='word_1_561' title='bbox 2256 986 2315 1038; x_wconf 83' lang='grc' dir='ltr'><strong>Ὀ</strong></span> <span class='ocrx_word' id='word_1_562' title='bbox 2356 987 2455 1057; x_wconf 87' lang='grc' dir='ltr'>μὲν</span> <span class='ocrx_word' id='word_1_563' title='bbox 2481 988 2593 1058; x_wconf 80' lang='grc' dir='ltr'>γάρ</span> <span class='ocrx_word' id='word_1_564' title='bbox 2619 987 2903 1055; x_wconf 81' lang='grc' dir='ltr'>ἄνθρωπος</span> <span class='ocrx_word' id='word_1_565' title='bbox 2930 987 3090 1058; x_wconf 79' lang='grc' dir='ltr'>ἔργον</span> <span class='ocrx_word' id='word_1_566' title='bbox 3128 985 3285 1051; x_wconf 85' lang='grc' dir='ltr'>Θεοῦ,</span> <span class='ocrx_word' id='word_1_567' title='bbox 3327 988 3361 1058; x_wconf 77' lang='grc' dir='ltr'><strong>ἡ</strong></span> <span class='ocrx_word' id='word_1_568' title='bbox 3391 984 3448 1040; x_wconf 78' lang='grc' dir='ltr'>δέ</span> <span class='ocrx_word' id='word_1_569' title='bbox 3477 985 3649 1055; x_wconf 81' lang='grc' dir='ltr'>πλάνη</span> 
     </span>
    </p>
   </div>
   <div class='ocr_carea' id='block_1_75' title="bbox 2071 1069 3650 1145">
    <p class='ocr_par' dir='ltr' id='par_1_75' title="bbox 2071 1069 3650 1145">
     <span class='ocr_line' id='line_1_75' title="bbox 2071 1069 3650 1145; baseline 0.001 -24"><span class='ocrx_word' id='word_1_570' title='bbox 2071 1069 2233 1139; x_wconf 82' lang='grc' dir='ltr'>ἐργον</span> <span class='ocrx_word' id='word_1_571' title='bbox 2277 1071 2373 1124; x_wconf 86' lang='grc' dir='ltr'>τοῦ</span> <span class='ocrx_word' id='word_1_572' title='bbox 2425 1071 2694 1127; x_wconf 82' lang='grc' dir='ltr'>διαϐόλου.</span> <span class='ocrx_word' id='word_1_573' title='bbox 2749 1073 2841 1145; x_wconf 76' lang='grc' dir='ltr'>Μὴ</span> <span class='ocrx_word' id='word_1_574' title='bbox 2897 1073 3079 1126; x_wconf 82' lang='grc' dir='ltr'>τοίνυν</span> <span class='ocrx_word' id='word_1_575' title='bbox 3127 1070 3401 1144; x_wconf 78' lang='grc' dir='ltr'>ἀναμίξῃς</span> <span class='ocrx_word' id='word_1_576' title='bbox 3446 1071 3514 1125; x_wconf 76' lang='grc' dir='ltr'>τά</span> <span class='ocrx_word' id='word_1_577' title='bbox 3556 1070 3650 1124; x_wconf 87' lang='grc' dir='ltr'>τοῦ</span> 
     </span>
    </p>
   </div>
   <div class='ocr_carea' id='block_1_76' title="bbox 2071 1152 3651 1213">
    <p class='ocr_par' dir='ltr' id='par_1_76' title="bbox 2071 1152 3651 1213">
     <span class='ocr_line' id='line_1_76' title="bbox 2071 1152 3651 1213; baseline 0.001 -7"><span class='ocrx_word' id='word_1_578' title='bbox 2071 1152 2230 1213; x_wconf 83' lang='grc' dir='ltr'>Θεοῦ,</span> <span class='ocrx_word' id='word_1_579' title='bbox 2266 1154 2361 1207; x_wconf 68' lang='grc' dir='ltr'>καὶ</span> <span class='ocrx_word' id='word_1_580' title='bbox 2409 1155 2477 1208; x_wconf 84' lang='grc' dir='ltr'>τὰ</span> <span class='ocrx_word' id='word_1_581' title='bbox 2515 1155 2609 1208; x_wconf 87' lang='grc' dir='ltr'>τοῦ</span> <span class='ocrx_word' id='word_1_582' title='bbox 2655 1155 2927 1209; x_wconf 84' lang='grc' dir='ltr'>διαϐόλου·</span> <span class='ocrx_word' id='word_1_583' title='bbox 2964 1157 3085 1210; x_wconf 76' lang='grc' dir='ltr'>ἐπεὶ</span> <span class='ocrx_word' id='word_1_584' title='bbox 3134 1154 3230 1210; x_wconf 74' lang='grc' dir='ltr'>καὶ</span> <span class='ocrx_word' id='word_1_585' title='bbox 3267 1155 3508 1209; x_wconf 80' lang='grc' dir='ltr'>Ἰουδαῖοι</span> <span class='ocrx_word' id='word_1_586' title='bbox 3558 1156 3651 1208; x_wconf 78' lang='grc' dir='ltr'>καὶ</span> 
     </span>
    </p>
   </div>
   <div class='ocr_carea' id='block_1_77' title="bbox 2073 1234 3651 1311">
    <p class='ocr_par' dir='ltr' id='par_1_77' title="bbox 2073 1234 3651 1311">
     <span class='ocr_line' id='line_1_77' title="bbox 2073 1234 3651 1311; baseline 0.001 -22"><span class='ocrx_word' id='word_1_587' title='bbox 2073 1234 2385 1308; x_wconf 82' lang='grc' dir='ltr'>βλάσφημοι</span> <span class='ocrx_word' id='word_1_588' title='bbox 2416 1234 2557 1310; x_wconf 72' lang='grc' dir='ltr'>ἦσαν</span> <span class='ocrx_word' id='word_1_589' title='bbox 2594 1241 2690 1294; x_wconf 75' lang='grc' dir='ltr'>καὶ</span> <span class='ocrx_word' id='word_1_590' title='bbox 2717 1239 2945 1294; x_wconf 85' lang='grc' dir='ltr'>διῶκται</span> <span class='ocrx_word' id='word_1_591' title='bbox 2972 1240 3066 1293; x_wconf 73' lang='grc' dir='ltr'>καὶ</span> <span class='ocrx_word' id='word_1_592' title='bbox 3097 1240 3372 1311; x_wconf 75' lang='grc' dir='ltr'>ὑϐρισταὶ,</span> <span class='ocrx_word' id='word_1_593' title='bbox 3410 1239 3505 1293; x_wconf 73' lang='grc' dir='ltr'>καὶ</span> <span class='ocrx_word' id='word_1_594' title='bbox 3546 1256 3651 1309; x_wconf 84' lang='grc' dir='ltr'>μυ-</span> 
     </span>
    </p>
   </div>
   <div class='ocr_carea' id='block_1_78' title="bbox 2072 1318 3656 1394">
    <p class='ocr_par' dir='ltr' id='par_1_78' title="bbox 2072 1318 3656 1394">
     <span class='ocr_line' id='line_1_78' title="bbox 2072 1318 3656 1394; baseline 0.002 -22"><span class='ocrx_word' id='word_1_595' title='bbox 2072 1318 2165 1390; x_wconf 87' lang='grc' dir='ltr'>ρία</span> <span class='ocrx_word' id='word_1_596' title='bbox 2210 1319 2301 1373; x_wconf 85' lang='grc' dir='ltr'>τδν</span> <span class='ocrx_word' id='word_1_597' title='bbox 2350 1321 2584 1391; x_wconf 78' lang='grc' dir='ltr'>Χριστὸν</span> <span class='ocrx_word' id='word_1_598' title='bbox 2617 1322 2805 1392; x_wconf 78' lang='grc' dir='ltr'>ἔλεγον</span> <span class='ocrx_word' id='word_1_599' title='bbox 2836 1324 3020 1378; x_wconf 83' lang='grc' dir='ltr'>κακά·</span> <span class='ocrx_word' id='word_1_600' title='bbox 3068 1318 3197 1394; x_wconf 68' lang='grc' dir='ltr'>Ἀρ*</span> <span class='ocrx_word' id='word_1_601' title='bbox 3222 1318 3315 1378; x_wconf 79' lang='grc' dir='ltr'>οὖν</span> <span class='ocrx_word' id='word_1_602' title='bbox 3342 1323 3523 1392; x_wconf 89' lang='grc' dir='ltr'>ἐμίσει</span> <span class='ocrx_word' id='word_1_603' title='bbox 3556 1322 3656 1375; x_wconf 77' lang='lat' dir='ltr'>a6-</span> 
     </span>
    </p>
   </div>
   <div class='ocr_carea' id='block_1_79' title="bbox 2070 1402 3650 1478">
    <p class='ocr_par' dir='ltr' id='par_1_79' title="bbox 2070 1402 3650 1478">
     <span class='ocr_line' id='line_1_79' title="bbox 2070 1402 3650 1478; baseline 0.002 -23"><span class='ocrx_word' id='word_1_604' title='bbox 2070 1403 2199 1466; x_wconf 78' lang='grc' dir='ltr'>τοὺς</span> <span class='ocrx_word' id='word_1_605' title='bbox 2231 1402 2460 1467; x_wconf 84' lang='grc' dir='ltr'>Παῦλος,</span> <span class='ocrx_word' id='word_1_606' title='bbox 2490 1407 2519 1458; x_wconf 90' lang='lat'>6</span> <span class='ocrx_word' id='word_1_607' title='bbox 2554 1405 2790 1475; x_wconf 86' lang='grc' dir='ltr'>μάλιστα</span> <span class='ocrx_word' id='word_1_608' title='bbox 2818 1407 3037 1460; x_wconf 89' lang='grc' dir='ltr'>πάντων</span> <span class='ocrx_word' id='word_1_609' title='bbox 3068 1406 3158 1460; x_wconf 74' lang='grc' dir='ltr'>τὸν</span> <span class='ocrx_word' id='word_1_610' title='bbox 3189 1406 3423 1478; x_wconf 75' lang='grc' dir='ltr'>Χριστὸν</span> <span class='ocrx_word' id='word_1_611' title='bbox 3455 1405 3650 1475; x_wconf 78' lang='grc' dir='ltr'>φιλῶνς</span> 
     </span>
    </p>
   </div>
   <div class='ocr_carea' id='block_1_80' title="bbox 2068 1484 3652 1561">
    <p class='ocr_par' dir='ltr' id='par_1_80' title="bbox 2068 1484 3652 1561">
     <span class='ocr_line' id='line_1_80' title="bbox 2068 1484 3652 1561; baseline 0.003 -24"><span class='ocrx_word' id='word_1_612' title='bbox 2068 1484 2358 1556; x_wconf 86' lang='grc' dir='ltr'>Οὐδαμῶς,</span> <span class='ocrx_word' id='word_1_613' title='bbox 2405 1486 2542 1541; x_wconf 84' lang='grc' dir='ltr'>ἀλλὰ</span> <span class='ocrx_word' id='word_1_614' title='bbox 2585 1488 2680 1542; x_wconf 75' lang='grc' dir='ltr'>καὶ</span> <span class='ocrx_word' id='word_1_615' title='bbox 2724 1488 2919 1558; x_wconf 83' lang='grc' dir='ltr'>ἐφίλει,</span> <span class='ocrx_word' id='word_1_616' title='bbox 2970 1491 3066 1543; x_wconf 70' lang='grc' dir='ltr'>καὶ</span> <span class='ocrx_word' id='word_1_617' title='bbox 3092 1489 3266 1546; x_wconf 86' lang='grc' dir='ltr'>πάντα</span> <span class='ocrx_word' id='word_1_618' title='bbox 3305 1490 3444 1561; x_wconf 80' lang='grc' dir='ltr'>ὑπὲρ</span> <span class='ocrx_word' id='word_1_619' title='bbox 3471 1488 3652 1543; x_wconf 89' lang='grc' dir='ltr'>αὐτῶν</span> 
     </span>
    </p>
   </div>
   <div class='ocr_carea' id='block_1_81' title="bbox 2072 1567 3650 1642">
    <p class='ocr_par' dir='ltr' id='par_1_81' title="bbox 2072 1567 3650 1642">
     <span class='ocr_line' id='line_1_81' title="bbox 2072 1567 3650 1642; baseline 0.002 -21"><span class='ocrx_word' id='word_1_620' title='bbox 2072 1567 2339 1640; x_wconf 74' lang='grc' dir='ltr'>ἔπραττε·</span> <span class='ocrx_word' id='word_1_621' title='bbox 2381 1572 2476 1624; x_wconf 72' lang='grc' dir='ltr'>καὶ</span> <span class='ocrx_word' id='word_1_622' title='bbox 2517 1568 2612 1625; x_wconf 84' lang='grc' dir='ltr'>νῦν</span> <span class='ocrx_word' id='word_1_623' title='bbox 2647 1571 2746 1641; x_wconf 86' lang='grc' dir='ltr'>μέν</span> <span class='ocrx_word' id='word_1_624' title='bbox 2785 1587 2971 1642; x_wconf 83' lang='grc' dir='ltr'>φησιν,</span> <span class='ocrx_word' id='word_1_625' title='bbox 3002 1571 3075 1628; x_wconf 82' lang='lat' dir='ltr'>&#39;II</span> <span class='ocrx_word' id='word_1_626' title='bbox 3105 1572 3225 1642; x_wconf 82' lang='grc' dir='ltr'>μὲν</span> <span class='ocrx_word' id='word_1_627' title='bbox 3262 1572 3509 1627; x_wconf 81' lang='grc' dir='ltr'>εὐδοκία</span> <span class='ocrx_word' id='word_1_628' title='bbox 3553 1571 3650 1626; x_wconf 75' lang='grc' dir='ltr'>καὶ</span> 
     </span>
    </p>
   </div>
   <div class='ocr_carea' id='block_1_82' title="bbox 2072 1652 3653 1726">
    <p class='ocr_par' dir='ltr' id='par_1_82' title="bbox 2072 1652 3653 1726">
     <span class='ocr_line' id='line_1_82' title="bbox 2072 1652 3653 1726; baseline 0.002 -20"><span class='ocrx_word' id='word_1_629' title='bbox 2072 1655 2112 1722; x_wconf 73' lang='grc' dir='ltr'>ἡ</span> <span class='ocrx_word' id='word_1_630' title='bbox 2146 1652 2356 1723; x_wconf 81' lang='grc' dir='ltr'>δέησίς</span> <span class='ocrx_word' id='word_1_631' title='bbox 2387 1671 2511 1725; x_wconf 80' lang='grc' dir='ltr'>μου</span> <span class='ocrx_word' id='word_1_632' title='bbox 2553 1654 2708 1723; x_wconf 77' lang='grc' dir='ltr'>πρὸς</span> <span class='ocrx_word' id='word_1_633' title='bbox 2734 1655 2844 1711; x_wconf 82' lang='grc' dir='ltr'>τὸν</span> <span class='ocrx_word' id='word_1_634' title='bbox 2875 1658 3026 1710; x_wconf 80' lang='grc' dir='ltr'>Θεὸν</span> <span class='ocrx_word' id='word_1_635' title='bbox 3067 1657 3221 1726; x_wconf 76' lang='grc' dir='ltr'>ὑπὲρ</span> <span class='ocrx_word' id='word_1_636' title='bbox 3258 1656 3457 1714; x_wconf 83' lang='grc' dir='ltr'>αὐτῶν</span> <span class='ocrx_word' id='word_1_637' title='bbox 3482 1658 3653 1710; x_wconf 75' lang='grc' dir='ltr'>ἐστιν</span> 
     </span>
    </p>
   </div>
   <div class='ocr_carea' id='block_1_83' title="bbox 2070 1736 3653 1811">
    <p class='ocr_par' dir='ltr' id='par_1_83' title="bbox 2070 1736 3653 1811">
     <span class='ocr_line' id='line_1_83' title="bbox 2070 1736 3653 1811; baseline 0.003 -22"><span class='ocrx_word' id='word_1_638' title='bbox 2070 1738 2160 1802; x_wconf 87' lang='grc' dir='ltr'>είς</span> <span class='ocrx_word' id='word_1_639' title='bbox 2208 1738 2545 1807; x_wconf 81' lang='grc' dir='ltr'>σωτηρίαν·</span> <span class='ocrx_word' id='word_1_640' title='bbox 2582 1736 2678 1791; x_wconf 89' lang='grc' dir='ltr'>νῦν</span> <span class='ocrx_word' id='word_1_641' title='bbox 2723 1739 2801 1805; x_wconf 81' lang='grc' dir='ltr'>δὲ,</span> <span class='ocrx_word' id='word_1_642' title='bbox 2849 1742 3147 1809; x_wconf 81' lang='grc' dir='ltr'>Ηύχόμην</span> <span class='ocrx_word' id='word_1_643' title='bbox 3189 1739 3452 1811; x_wconf 80' lang='grc' dir='ltr'>ἀνάθεμα</span> <span class='ocrx_word' id='word_1_644' title='bbox 3499 1736 3653 1794; x_wconf 83' lang='grc' dir='ltr'>εἶναι</span> 
     </span>
    </p>
   </div>
   <div class='ocr_carea' id='block_1_84' title="bbox 2072 1819 3649 1892">
    <p class='ocr_par' dir='ltr' id='par_1_84' title="bbox 2072 1819 3649 1892">
     <span class='ocr_line' id='line_1_84' title="bbox 2072 1819 3649 1892; baseline 0.001 -17"><span class='ocrx_word' id='word_1_645' title='bbox 2072 1819 2192 1875; x_wconf 78' lang='grc' dir='ltr'>ἀπὸ</span> <span class='ocrx_word' id='word_1_646' title='bbox 2227 1820 2334 1876; x_wconf 88' lang='grc' dir='ltr'>τοῦ</span> <span class='ocrx_word' id='word_1_647' title='bbox 2368 1821 2629 1890; x_wconf 84' lang='grc' dir='ltr'>Χριστοῦ</span> <span class='ocrx_word' id='word_1_648' title='bbox 2666 1822 2821 1892; x_wconf 81' lang='grc' dir='ltr'>ὑπὲρ</span> <span class='ocrx_word' id='word_1_649' title='bbox 2852 1823 3074 1880; x_wconf 82' lang='grc' dir='ltr'>αὐτῶν.</span> <span class='ocrx_word' id='word_1_650' title='bbox 3120 1824 3274 1880; x_wconf 77' lang='grc' dir='ltr'>Οὕτω</span> <span class='ocrx_word' id='word_1_651' title='bbox 3305 1827 3398 1880; x_wconf 77' lang='grc' dir='ltr'>καὶ</span> <span class='ocrx_word' id='word_1_652' title='bbox 3424 1828 3452 1880; x_wconf 93' lang='lat'>6</span> <span class='ocrx_word' id='word_1_653' title='bbox 3486 1825 3649 1888; x_wconf 68' lang='grc' dir='ltr'>Ἰεζει</span> 
     </span>
    </p>
   </div>
   <div class='ocr_carea' id='block_1_85' title="bbox 2074 1904 3651 1979">
    <p class='ocr_par' dir='ltr' id='par_1_85' title="bbox 2074 1904 3651 1979">
     <span class='ocr_line' id='line_1_85' title="bbox 2074 1904 3651 1979; baseline 0.004 -22"><span class='ocrx_word' id='word_1_654' title='bbox 2074 1904 2222 1976; x_wconf 80' lang='grc' dir='ltr'>κιὴλ,</span> <span class='ocrx_word' id='word_1_655' title='bbox 2255 1905 2398 1977; x_wconf 86' lang='grc' dir='ltr'>ὀρῶν</span> <span class='ocrx_word' id='word_1_656' title='bbox 2424 1907 2623 1971; x_wconf 69' lang='grc' dir='ltr'>αὐτοὺς</span> <span class='ocrx_word' id='word_1_657' title='bbox 2664 1906 3043 1979; x_wconf 78' lang='grc' dir='ltr'>σφαζομένους</span> <span class='ocrx_word' id='word_1_658' title='bbox 3077 1907 3279 1977; x_wconf 81' lang='grc' dir='ltr'>ἔλεγεν·</span> <span class='ocrx_word' id='word_1_659' title='bbox 3315 1909 3497 1979; x_wconf 78' lang='grc' dir='ltr'>Οίμοι,</span> <span class='ocrx_word' id='word_1_660' title='bbox 3529 1909 3651 1963; x_wconf 84' lang='grc' dir='ltr'>Κύ-</span> 
     </span>
    </p>
   </div>
   <div class='ocr_carea' id='block_1_86' title="bbox 2068 1988 3651 2060">
    <p class='ocr_par' dir='ltr' id='par_1_86' title="bbox 2068 1988 3651 2060">
     <span class='ocr_line' id='line_1_86' title="bbox 2068 1988 3651 2060; baseline 0.003 -18"><span class='ocrx_word' id='word_1_661' title='bbox 2068 2005 2182 2059; x_wconf 82' lang='grc' dir='ltr'>ριε,</span> <span class='ocrx_word' id='word_1_662' title='bbox 2225 1988 2562 2060; x_wconf 63' lang='grc' dir='ltr'>ἐξαλείφεις</span> <span class='ocrx_word' id='word_1_663' title='bbox 2619 1990 2704 2044; x_wconf 85' lang='grc' dir='ltr'>σὺ</span> <span class='ocrx_word' id='word_1_664' title='bbox 2769 1992 2911 2059; x_wconf 80' lang='grc' dir='ltr'>τοὺς</span> <span class='ocrx_word' id='word_1_665' title='bbox 2964 1994 3363 2058; x_wconf 76' lang='grc' dir='ltr'>καταλοίπους</span> <span class='ocrx_word' id='word_1_666' title='bbox 3398 1991 3502 2047; x_wconf 87' lang='grc' dir='ltr'>τοῦ</span> <span class='ocrx_word' id='word_1_667' title='bbox 3538 1993 3651 2047; x_wconf 78' lang='grc' dir='ltr'>Ἰσ-</span> 
     </span>
    </p>
   </div>
   <div class='ocr_carea' id='block_1_87' title="bbox 2071 2072 3648 2146">
    <p class='ocr_par' dir='ltr' id='par_1_87' title="bbox 2071 2072 3648 2146">
     <span class='ocr_line' id='line_1_87' title="bbox 2071 2072 3648 2146; baseline -0.008 -7"><span class='ocrx_word' id='word_1_668' title='bbox 2071 2072 2272 2139; x_wconf 70' lang='grc' dir='ltr'>Ραήλῖ</span> <span class='ocrx_word' id='word_1_669' title='bbox 2321 2075 2416 2127; x_wconf 70' lang='grc' dir='ltr'>καὶ</span> <span class='ocrx_word' id='word_1_670' title='bbox 2461 2076 2489 2128; x_wconf 90' lang='lat'>6</span> <span class='ocrx_word' id='word_1_671' title='bbox 2546 2074 2809 2146; x_wconf 84' lang='grc' dir='ltr'>Μωῦσῆς,</span> <span class='ocrx_word' id='word_1_672' title='bbox 2846 2077 2912 2130; x_wconf 80' lang='lat' dir='ltr'><strong><em>El</em></strong></span> <span class='ocrx_word' id='word_1_673' title='bbox 2942 2076 3062 2146; x_wconf 79' lang='grc' dir='ltr'>μὲν</span> <span class='ocrx_word' id='word_1_674' title='bbox 3106 2075 3265 2145; x_wconf 61' lang='grc' dir='ltr'>ἀφῇς</span> <span class='ocrx_word' id='word_1_675' title='bbox 3291 2075 3490 2142; x_wconf 84' lang='grc' dir='ltr'>αὐτοῖς</span> <span class='ocrx_word' id='word_1_676' title='bbox 3527 2077 3648 2142; x_wconf 79' lang='grc' dir='ltr'>τὴν</span> 
     </span>
    </p>
   </div>
   <div class='ocr_carea' id='block_1_88' title="bbox 2077 2155 3648 2233">
    <p class='ocr_par' dir='ltr' id='par_1_88' title="bbox 2077 2155 3648 2233">
     <span class='ocr_line' id='line_1_88' title="bbox 2077 2155 3648 2233; baseline 0.001 -24"><span class='ocrx_word' id='word_1_677' title='bbox 2077 2157 2390 2226; x_wconf 79' lang='grc' dir='ltr'>ἁμαρτίαν,</span> <span class='ocrx_word' id='word_1_678' title='bbox 2423 2159 2593 2228; x_wconf 68' lang='grc' dir='ltr'>ἄφες.</span> <span class='ocrx_word' id='word_1_679' title='bbox 2635 2160 2701 2212; x_wconf 89' lang='grc' dir='ltr'>Τί</span> <span class='ocrx_word' id='word_1_680' title='bbox 2729 2155 2823 2213; x_wconf 81' lang='grc' dir='ltr'>οὖν</span> <span class='ocrx_word' id='word_1_681' title='bbox 2872 2177 3036 2233; x_wconf 88' lang='grc' dir='ltr'>φησιν</span> <span class='ocrx_word' id='word_1_682' title='bbox 3069 2162 3097 2214; x_wconf 87' lang='lat'>6</span> <span class='ocrx_word' id='word_1_683' title='bbox 3135 2161 3326 2224; x_wconf 76' lang='grc' dir='ltr'>Δαυῖδς</span> <span class='ocrx_word' id='word_1_684' title='bbox 3370 2159 3515 2226; x_wconf 79' lang='grc' dir='ltr'>Τοὺς</span> <span class='ocrx_word' id='word_1_685' title='bbox 3549 2177 3648 2229; x_wconf 80' lang='grc' dir='ltr'>μι-</span> 
     </span>
    </p>
   </div>
   <div class='ocr_carea' id='block_1_89' title="bbox 2078 2241 3654 2313">
    <p class='ocr_par' dir='ltr' id='par_1_89' title="bbox 2078 2241 3654 2313">
     <span class='ocr_line' id='line_1_89' title="bbox 2078 2241 3654 2313; baseline 0.003 -19"><span class='ocrx_word' id='word_1_686' title='bbox 2078 2241 2346 2308; x_wconf 84' lang='grc' dir='ltr'>σοῦντάς</span> <span class='ocrx_word' id='word_1_687' title='bbox 2368 2260 2462 2305; x_wconf 89' lang='grc' dir='ltr'>σε,</span> <span class='ocrx_word' id='word_1_688' title='bbox 2490 2244 2691 2312; x_wconf 82' lang='grc' dir='ltr'>Κύριε,</span> <span class='ocrx_word' id='word_1_689' title='bbox 2711 2244 2999 2313; x_wconf 85' lang='grc' dir='ltr'>ἐμίσησα,</span> <span class='ocrx_word' id='word_1_690' title='bbox 3022 2245 3120 2298; x_wconf 68' lang='grc' dir='ltr'>καὶ</span> <span class='ocrx_word' id='word_1_691' title='bbox 3157 2244 3255 2297; x_wconf 81' lang='grc' dir='ltr'>ἐπὶ</span> <span class='ocrx_word' id='word_1_692' title='bbox 3274 2242 3396 2309; x_wconf 81' lang='grc' dir='ltr'>τοῖς</span> <span class='ocrx_word' id='word_1_693' title='bbox 3414 2242 3654 2313; x_wconf 79' lang='grc' dir='ltr'>ἐχθροῖς</span> 
     </span>
    </p>
   </div>
   <div class='ocr_carea' id='block_1_90' title="bbox 2078 2325 3650 2396">
    <p class='ocr_par' dir='ltr' id='par_1_90' title="bbox 2078 2325 3650 2396">
     <span class='ocr_line' id='line_1_90' title="bbox 2078 2325 3650 2396; baseline 0.003 -19"><span class='ocrx_word' id='word_1_694' title='bbox 2078 2339 2195 2378; x_wconf 83' lang='grc' dir='ltr'>σου</span> <span class='ocrx_word' id='word_1_695' title='bbox 2219 2325 2616 2395; x_wconf 76' lang='grc' dir='ltr'>ἐξετηκόμην·</span> <span class='ocrx_word' id='word_1_696' title='bbox 2643 2325 2878 2381; x_wconf 79' lang='grc' dir='ltr'>τέλειον</span> <span class='ocrx_word' id='word_1_697' title='bbox 2907 2327 3093 2396; x_wconf 79' lang='grc' dir='ltr'>μῖσος</span> <span class='ocrx_word' id='word_1_698' title='bbox 3128 2329 3379 2396; x_wconf 81' lang='grc' dir='ltr'>ἐμίσουν</span> <span class='ocrx_word' id='word_1_699' title='bbox 3406 2326 3650 2392; x_wconf 82' lang='grc' dir='ltr'>αὐτούς.</span> 
     </span>
    </p>
   </div>
   <div class='ocr_carea' id='block_1_91' title="bbox 2076 2407 3652 2481">
    <p class='ocr_par' dir='ltr' id='par_1_91' title="bbox 2076 2407 3652 2481">
     <span class='ocr_line' id='line_1_91' title="bbox 2076 2407 3652 2481; baseline 0.001 -20"><span class='ocrx_word' id='word_1_700' title='bbox 2076 2407 2328 2462; x_wconf 81' lang='grc' dir='ltr'>Μάλιστα</span> <span class='ocrx_word' id='word_1_701' title='bbox 2366 2409 2464 2479; x_wconf 85' lang='grc' dir='ltr'>μὲν</span> <span class='ocrx_word' id='word_1_702' title='bbox 2503 2408 2564 2462; x_wconf 84' lang='grc' dir='ltr'>οὐ</span> <span class='ocrx_word' id='word_1_703' title='bbox 2609 2408 2791 2464; x_wconf 87' lang='grc' dir='ltr'>πάντα</span> <span class='ocrx_word' id='word_1_704' title='bbox 2819 2409 2889 2464; x_wconf 79' lang='grc' dir='ltr'>τά</span> <span class='ocrx_word' id='word_1_705' title='bbox 2912 2410 2969 2463; x_wconf 83' lang='grc' dir='ltr'>ἐν</span> <span class='ocrx_word' id='word_1_706' title='bbox 3000 2413 3111 2474; x_wconf 88' lang='grc' dir='ltr'>τοῖς</span> <span class='ocrx_word' id='word_1_707' title='bbox 3141 2411 3389 2481; x_wconf 80' lang='grc' dir='ltr'>Ψαλμοῖς</span> <span class='ocrx_word' id='word_1_708' title='bbox 3418 2409 3523 2463; x_wconf 73' lang='grc' dir='ltr'>ὐπὸ</span> <span class='ocrx_word' id='word_1_709' title='bbox 3555 2409 3652 2463; x_wconf 78' lang='grc' dir='ltr'>τοῦ</span> 
     </span>
    </p>
   </div>
   <div class='ocr_carea' id='block_1_92' title="bbox 2076 2490 3649 2566">
    <p class='ocr_par' dir='ltr' id='par_1_92' title="bbox 2076 2490 3649 2566">
     <span class='ocr_line' id='line_1_92' title="bbox 2076 2490 3649 2566; baseline 0.002 -22"><span class='ocrx_word' id='word_1_710' title='bbox 2076 2490 2240 2544; x_wconf 77' lang='grc' dir='ltr'>Δαυῖδ</span> <span class='ocrx_word' id='word_1_711' title='bbox 2283 2492 2570 2562; x_wconf 83' lang='grc' dir='ltr'>εἰρημένα,</span> <span class='ocrx_word' id='word_1_712' title='bbox 2626 2493 2691 2546; x_wconf 87' lang='grc' dir='ltr'>ἐκ</span> <span class='ocrx_word' id='word_1_713' title='bbox 2731 2492 3025 2564; x_wconf 81' lang='grc' dir='ltr'>προσώπου</span> <span class='ocrx_word' id='word_1_714' title='bbox 3074 2493 3167 2548; x_wconf 87' lang='grc' dir='ltr'>τοῦ</span> <span class='ocrx_word' id='word_1_715' title='bbox 3217 2492 3380 2549; x_wconf 79' lang='grc' dir='ltr'>Δαυῖδ</span> <span class='ocrx_word' id='word_1_716' title='bbox 3410 2495 3649 2566; x_wconf 69' lang='grc' dir='ltr'>εἴρηται·</span> 
     </span>
    </p>
   </div>
   <div class='ocr_carea' id='block_1_93' title="bbox 2077 2571 3656 2649">
    <p class='ocr_par' dir='ltr' id='par_1_93' title="bbox 2077 2571 3656 2649">
     <span class='ocr_line' id='line_1_93' title="bbox 2077 2571 3656 2649; baseline 0.002 -21"><span class='ocrx_word' id='word_1_717' title='bbox 2077 2576 2172 2629; x_wconf 77' lang='grc' dir='ltr'>καὶ</span> <span class='ocrx_word' id='word_1_718' title='bbox 2202 2575 2310 2648; x_wconf 91' lang='lat'>7&amp;9</span> <span class='ocrx_word' id='word_1_719' title='bbox 2334 2576 2498 2640; x_wconf 80' lang='grc' dir='ltr'>αὐτὸς</span> <span class='ocrx_word' id='word_1_720' title='bbox 2521 2571 2677 2641; x_wconf 74' lang='grc' dir='ltr'>οὗτός</span> <span class='ocrx_word' id='word_1_721' title='bbox 2703 2594 2859 2649; x_wconf 87' lang='grc' dir='ltr'>φησι,</span> <span class='ocrx_word' id='word_1_722' title='bbox 2890 2579 3339 2649; x_wconf 81' lang='grc' dir='ltr'>Κατεσκήνωσα</span> <span class='ocrx_word' id='word_1_723' title='bbox 3359 2580 3510 2649; x_wconf 86' lang='grc' dir='ltr'>μετὰ</span> <span class='ocrx_word' id='word_1_724' title='bbox 3536 2576 3656 2632; x_wconf 88' lang='grc' dir='ltr'>τῶν</span> 
     </span>
    </p>
   </div>
   <div class='ocr_carea' id='block_1_94' title="bbox 2076 2659 3656 2734">
    <p class='ocr_par' dir='ltr' id='par_1_94' title="bbox 2076 2659 3656 2734">
     <span class='ocr_line' id='line_1_94' title="bbox 2076 2659 3656 2734; baseline 0.002 -21"><span class='ocrx_word' id='word_1_725' title='bbox 2076 2659 2491 2728; x_wconf 79' lang='grc' dir='ltr'>σκηνωμάτων</span> <span class='ocrx_word' id='word_1_726' title='bbox 2553 2660 2759 2730; x_wconf 84' lang='grc' dir='ltr'>Κηδάρ</span> <span class='ocrx_word' id='word_1_727' title='bbox 2782 2678 2797 2693; x_wconf 96' lang='grc'>·</span> <span class='ocrx_word' id='word_1_728' title='bbox 2851 2663 2966 2728; x_wconf 80' lang='grc' dir='ltr'>καὶ,</span> <span class='ocrx_word' id='word_1_729' title='bbox 3008 2662 3139 2716; x_wconf 83' lang='grc' dir='ltr'>Ἐπὶ</span> <span class='ocrx_word' id='word_1_730' title='bbox 3207 2661 3325 2717; x_wconf 86' lang='grc' dir='ltr'>τῶν</span> <span class='ocrx_word' id='word_1_731' title='bbox 3374 2660 3656 2734; x_wconf 80' lang='grc' dir='ltr'>ποταμῶν</span> 
     </span>
    </p>
   </div>
   <div class='ocr_carea' id='block_1_95' title="bbox 2077 2741 3654 2815">
    <p class='ocr_par' dir='ltr' id='par_1_95' title="bbox 2077 2741 3654 2815">
     <span class='ocr_line' id='line_1_95' title="bbox 2077 2741 3654 2815; baseline 0.001 -19"><span class='ocrx_word' id='word_1_732' title='bbox 2077 2741 2439 2808; x_wconf 78' lang='grc' dir='ltr'>Βαϐυλῶνος</span> <span class='ocrx_word' id='word_1_733' title='bbox 2487 2743 2619 2797; x_wconf 78' lang='grc' dir='ltr'>ἐκεῖ</span> <span class='ocrx_word' id='word_1_734' title='bbox 2647 2743 3038 2814; x_wconf 81' lang='grc' dir='ltr'>ἐκαθίσαμεν,</span> <span class='ocrx_word' id='word_1_735' title='bbox 3070 2745 3168 2800; x_wconf 78' lang='grc' dir='ltr'>καί</span> <span class='ocrx_word' id='word_1_736' title='bbox 3231 2747 3654 2815; x_wconf 66' lang='grc' dir='ltr'>ἐκλαύσαμεν·</span> 
     </span>
    </p>
   </div>
   <div class='ocr_carea' id='block_1_96' title="bbox 2076 2823 3652 2901">
    <p class='ocr_par' dir='ltr' id='par_1_96' title="bbox 2076 2823 3652 2901">
     <span class='ocr_line' id='line_1_96' title="bbox 2076 2823 3652 2901; baseline 0 -19"><span class='ocrx_word' id='word_1_737' title='bbox 2076 2827 2200 2882; x_wconf 77' lang='grc' dir='ltr'>οὐτε</span> <span class='ocrx_word' id='word_1_738' title='bbox 2223 2827 2279 2880; x_wconf 86' lang='grc' dir='ltr'>δὲ</span> <span class='ocrx_word' id='word_1_739' title='bbox 2312 2825 2602 2880; x_wconf 77' lang='grc' dir='ltr'>Βαϐυλῶνα</span> <span class='ocrx_word' id='word_1_740' title='bbox 2630 2823 2791 2893; x_wconf 74' lang='grc' dir='ltr'>εἶδεν,</span> <span class='ocrx_word' id='word_1_741' title='bbox 2812 2826 2937 2881; x_wconf 78' lang='grc' dir='ltr'>οὐτε</span> <span class='ocrx_word' id='word_1_742' title='bbox 2968 2828 3035 2882; x_wconf 83' lang='grc' dir='ltr'>τά</span> <span class='ocrx_word' id='word_1_743' title='bbox 3063 2829 3397 2901; x_wconf 83' lang='grc' dir='ltr'>σκηνώματα</span> <span class='ocrx_word' id='word_1_744' title='bbox 3440 2829 3652 2901; x_wconf 79' lang='grc' dir='ltr'>Κηδάρ·</span> 
     </span>
    </p>
   </div>
   <div class='ocr_carea' id='block_1_97' title="bbox 2078 2907 3653 2983">
    <p class='ocr_par' dir='ltr' id='par_1_97' title="bbox 2078 2907 3653 2983">
     <span class='ocr_line' id='line_1_97' title="bbox 2078 2907 3653 2983; baseline 0.001 -18"><span class='ocrx_word' id='word_1_745' title='bbox 2078 2908 2253 2973; x_wconf 80' lang='grc' dir='ltr'>ἄλλως</span> <span class='ocrx_word' id='word_1_746' title='bbox 2275 2908 2352 2971; x_wconf 80' lang='grc' dir='ltr'>δὲ,</span> <span class='ocrx_word' id='word_1_747' title='bbox 2383 2910 2477 2960; x_wconf 79' lang='grc' dir='ltr'>καὶ</span> <span class='ocrx_word' id='word_1_748' title='bbox 2506 2907 2725 2963; x_wconf 88' lang='grc' dir='ltr'>πλείονα</span> <span class='ocrx_word' id='word_1_749' title='bbox 2766 2909 2862 2964; x_wconf 88' lang='grc' dir='ltr'>νῦν</span> <span class='ocrx_word' id='word_1_750' title='bbox 2901 2912 3283 2983; x_wconf 88' lang='grc' dir='ltr'>ἀπαιτούμεθα</span> <span class='ocrx_word' id='word_1_751' title='bbox 3315 2912 3653 2982; x_wconf 77' lang='grc' dir='ltr'>φιλοσοφίαν.</span> 
     </span>
    </p>
   </div>
   <div class='ocr_carea' id='block_1_98' title="bbox 2078 2991 3656 3070">
    <p class='ocr_par' dir='ltr' id='par_1_98' title="bbox 2078 2991 3656 3070">
     <span class='ocr_line' id='line_1_98' title="bbox 2078 2991 3656 3070; baseline 0.005 -26"><span class='ocrx_word' id='word_1_752' title='bbox 2078 2992 2168 3045; x_wconf 73' lang='grc' dir='ltr'>Διὸ</span> <span class='ocrx_word' id='word_1_753' title='bbox 2197 2991 2295 3046; x_wconf 77' lang='grc' dir='ltr'>καὶ</span> <span class='ocrx_word' id='word_1_754' title='bbox 2321 2991 2429 3044; x_wconf 82' lang='grc' dir='ltr'>τῶν</span> <span class='ocrx_word' id='word_1_755' title='bbox 2460 2991 2718 3064; x_wconf 82' lang='grc' dir='ltr'>μαθητῶν</span> <span class='ocrx_word' id='word_1_756' title='bbox 2754 2994 3051 3061; x_wconf 77' lang='grc' dir='ltr'>ἀξιούντων</span> <span class='ocrx_word' id='word_1_757' title='bbox 3084 2996 3473 3068; x_wconf 84' lang='grc' dir='ltr'>κατενεχθῆναι</span> <span class='ocrx_word' id='word_1_758' title='bbox 3523 2998 3656 3070; x_wconf 84' lang='grc' dir='ltr'>πῦρ,</span> 
     </span>
    </p>
   </div>
   <div class='ocr_carea' id='block_1_99' title="bbox 2078 3074 3657 3153">
    <p class='ocr_par' dir='ltr' id='par_1_99' title="bbox 2078 3074 3657 3153">
     <span class='ocr_line' id='line_1_99' title="bbox 2078 3074 3657 3153; baseline 0.006 -27"><span class='ocrx_word' id='word_1_759' title='bbox 2078 3074 2156 3138; x_wconf 81' lang='grc' dir='ltr'>ὡς</span> <span class='ocrx_word' id='word_1_760' title='bbox 2188 3076 2280 3127; x_wconf 75' lang='grc' dir='ltr'>ἐπὶ</span> <span class='ocrx_word' id='word_1_761' title='bbox 2309 3074 2514 3137; x_wconf 81' lang='grc' dir='ltr'>Ἠλιού,</span> <span class='ocrx_word' id='word_1_762' title='bbox 2538 3077 2663 3130; x_wconf 78' lang='grc' dir='ltr'>Οὐκ</span> <span class='ocrx_word' id='word_1_763' title='bbox 2691 3076 2911 3145; x_wconf 72' lang='grc' dir='ltr'>οἴδατε,</span> <span class='ocrx_word' id='word_1_764' title='bbox 2947 3080 3112 3150; x_wconf 76' lang='grc' dir='ltr'>φησὶν</span> <span class='ocrx_word' id='word_1_765' title='bbox 3137 3081 3167 3134; x_wconf 87' lang='lat'>6</span> <span class='ocrx_word' id='word_1_766' title='bbox 3192 3079 3444 3153; x_wconf 68' lang='grc' dir='ltr'>Χριστὸς,</span> <span class='ocrx_word' id='word_1_767' title='bbox 3479 3080 3657 3135; x_wconf 86' lang='grc' dir='ltr'>ποίου</span> 
     </span>
    </p>
   </div>
   <div class='ocr_carea' id='block_1_100' title="bbox 2081 3158 2613 3228">
    <p class='ocr_par' dir='ltr' id='par_1_100' title="bbox 2081 3158 2613 3228">
     <span class='ocr_line' id='line_1_100' title="bbox 2081 3158 2613 3228; baseline 0.008 -18"><span class='ocrx_word' id='word_1_768' title='bbox 2081 3158 2418 3228; x_wconf 79' lang='grc' dir='ltr'>πνεύματός</span> <span class='ocrx_word' id='word_1_769' title='bbox 2451 3159 2613 3214; x_wconf 85' lang='grc' dir='ltr'>ἐστε.</span> 
     </span>
    </p>
   </div>
   <div class='ocr_carea' id='block_1_101' title="bbox 2151 3308 3658 3384">
    <p class='ocr_par' dir='ltr' id='par_1_101' title="bbox 2151 3308 3658 3384">
     <span class='ocr_line' id='line_1_101' title="bbox 2151 3308 3658 3384; baseline 0.005 -24"><span class='ocrx_word' id='word_1_770' title='bbox 2151 3314 2213 3362; x_wconf 87' lang='grc' dir='ltr'>ε’.</span> <span class='ocrx_word' id='word_1_771' title='bbox 2248 3308 2381 3362; x_wconf 82' lang='grc' dir='ltr'>Τότε</span> <span class='ocrx_word' id='word_1_772' title='bbox 2408 3309 2507 3379; x_wconf 83' lang='grc' dir='ltr'>μὲν</span> <span class='ocrx_word' id='word_1_773' title='bbox 2540 3308 2645 3380; x_wconf 88' lang='lat'>7&amp;9</span> <span class='ocrx_word' id='word_1_774' title='bbox 2668 3310 2788 3380; x_wconf 78' lang='grc' dir='ltr'>οὐχὶ</span> <span class='ocrx_word' id='word_1_775' title='bbox 2808 3311 2906 3383; x_wconf 80' lang='grc' dir='ltr'>τὴν</span> <span class='ocrx_word' id='word_1_776' title='bbox 2929 3311 3181 3366; x_wconf 83' lang='grc' dir='ltr'>ἀσέϐειαν</span> <span class='ocrx_word' id='word_1_777' title='bbox 3218 3314 3397 3384; x_wconf 87' lang='grc' dir='ltr'>μόνον,</span> <span class='ocrx_word' id='word_1_778' title='bbox 3416 3313 3549 3368; x_wconf 85' lang='grc' dir='ltr'>ἀλλά</span> <span class='ocrx_word' id='word_1_779' title='bbox 3565 3314 3658 3368; x_wconf 82' lang='grc' dir='ltr'>καὶ</span> 
     </span>
    </p>
   </div>
   <div class='ocr_carea' id='block_1_102' title="bbox 2080 3390 3659 3467">
    <p class='ocr_par' dir='ltr' id='par_1_102' title="bbox 2080 3390 3659 3467">
     <span class='ocr_line' id='line_1_102' title="bbox 2080 3390 3659 3467; baseline 0.003 -22"><span class='ocrx_word' id='word_1_780' title='bbox 2080 3393 2206 3453; x_wconf 81' lang='grc' dir='ltr'>τοὺς</span> <span class='ocrx_word' id='word_1_781' title='bbox 2233 3390 2566 3454; x_wconf 80' lang='grc' dir='ltr'>ἀσεϐοῦντας</span> <span class='ocrx_word' id='word_1_782' title='bbox 2595 3393 2792 3457; x_wconf 74' lang='grc' dir='ltr'>αὐτοὺς</span> <span class='ocrx_word' id='word_1_783' title='bbox 2831 3398 3009 3463; x_wconf 82' lang='grc' dir='ltr'>μισεῖν</span> <span class='ocrx_word' id='word_1_784' title='bbox 3037 3394 3369 3460; x_wconf 80' lang='grc' dir='ltr'>ἐκελεύοντο,</span> <span class='ocrx_word' id='word_1_785' title='bbox 3394 3396 3481 3449; x_wconf 85' lang='grc' dir='ltr'>ἴνα</span> <span class='ocrx_word' id='word_1_786' title='bbox 3516 3396 3590 3467; x_wconf 84' lang='grc' dir='ltr'>μὴ</span> <span class='ocrx_word' id='word_1_787' title='bbox 3624 3398 3659 3465; x_wconf 77' lang='grc' dir='ltr'>η</span> 
     </span>
    </p>
   </div>
   <div class='ocr_carea' id='block_1_103' title="bbox 2082 3474 3661 3550">
    <p class='ocr_par' dir='ltr' id='par_1_103' title="bbox 2082 3474 3661 3550">
     <span class='ocr_line' id='line_1_103' title="bbox 2082 3474 3661 3550; baseline 0.003 -23"><span class='ocrx_word' id='word_1_788' title='bbox 2082 3474 2236 3543; x_wconf 81' lang='grc' dir='ltr'>φιλία</span> <span class='ocrx_word' id='word_1_789' title='bbox 2272 3475 2493 3546; x_wconf 80' lang='grc' dir='ltr'>ἀφορμὴ</span> <span class='ocrx_word' id='word_1_790' title='bbox 2520 3476 2741 3546; x_wconf 79' lang='grc' dir='ltr'>γένηται</span> <span class='ocrx_word' id='word_1_791' title='bbox 2779 3479 3120 3550; x_wconf 86' lang='grc' dir='ltr'>παρανομίας</span> <span class='ocrx_word' id='word_1_792' title='bbox 3150 3480 3332 3543; x_wconf 89' lang='grc' dir='ltr'>αὐτοῖς</span> <span class='ocrx_word' id='word_1_793' title='bbox 3351 3498 3364 3512; x_wconf 90' lang='grc'>·</span> <span class='ocrx_word' id='word_1_794' title='bbox 3388 3478 3476 3532; x_wconf 84' lang='grc' dir='ltr'>διὰ</span> <span class='ocrx_word' id='word_1_795' title='bbox 3505 3479 3661 3532; x_wconf 86' lang='grc' dir='ltr'>τοῦτο</span> 
     </span>
    </p>
   </div>
   <div class='ocr_carea' id='block_1_104' title="bbox 2083 3557 3661 3634">
    <p class='ocr_par' dir='ltr' id='par_1_104' title="bbox 2083 3557 3661 3634">
     <span class='ocr_line' id='line_1_104' title="bbox 2083 3557 3661 3634; baseline 0.004 -24"><span class='ocrx_word' id='word_1_796' title='bbox 2083 3559 2178 3611; x_wconf 72' lang='grc' dir='ltr'>καὶ</span> <span class='ocrx_word' id='word_1_797' title='bbox 2205 3557 2305 3622; x_wconf 82' lang='grc' dir='ltr'>τὰς</span> <span class='ocrx_word' id='word_1_798' title='bbox 2331 3559 2654 3628; x_wconf 85' lang='grc' dir='ltr'>συγγενείας</span> <span class='ocrx_word' id='word_1_799' title='bbox 2684 3560 2920 3629; x_wconf 76' lang='grc' dir='ltr'>διέκοψε,</span> <span class='ocrx_word' id='word_1_800' title='bbox 2963 3564 3057 3616; x_wconf 64' lang='grc' dir='ltr'>κοιλ⁵</span> <span class='ocrx_word' id='word_1_801' title='bbox 3098 3563 3199 3625; x_wconf 81' lang='grc' dir='ltr'>τὰς</span> <span class='ocrx_word' id='word_1_802' title='bbox 3227 3563 3526 3634; x_wconf 84' lang='grc' dir='ltr'>ἐπιμιξίας,</span> <span class='ocrx_word' id='word_1_803' title='bbox 3566 3562 3661 3616; x_wconf 76' lang='grc' dir='ltr'>καὶ</span> 
     </span>
    </p>
   </div>
   <div class='ocr_carea' id='block_1_105' title="bbox 2084 3639 3660 3717">
    <p class='ocr_par' dir='ltr' id='par_1_105' title="bbox 2084 3639 3660 3717">
     <span class='ocr_line' id='line_1_105' title="bbox 2084 3639 3660 3717; baseline 0.004 -24"><span class='ocrx_word' id='word_1_804' title='bbox 2084 3639 2349 3695; x_wconf 77' lang='grc' dir='ltr'>πάντοθεν</span> <span class='ocrx_word' id='word_1_805' title='bbox 2360 3641 2559 3706; x_wconf 81' lang='grc' dir='ltr'>αὐτοὺς</span> <span class='ocrx_word' id='word_1_806' title='bbox 2570 3641 2905 3714; x_wconf 77' lang='grc' dir='ltr'>ἀπετείχιζε·</span> <span class='ocrx_word' id='word_1_807' title='bbox 2921 3642 3014 3697; x_wconf 86' lang='grc' dir='ltr'>νῦν</span> <span class='ocrx_word' id='word_1_808' title='bbox 3025 3644 3082 3699; x_wconf 83' lang='grc' dir='ltr'>δέ</span> <span class='ocrx_word' id='word_1_809' title='bbox 3094 3644 3280 3717; x_wconf 83' lang='grc' dir='ltr'>ἐπειδὴ</span> <span class='ocrx_word' id='word_1_810' title='bbox 3292 3646 3425 3716; x_wconf 72' lang='grc' dir='ltr'>πρὸς</span> <span class='ocrx_word' id='word_1_811' title='bbox 3437 3645 3660 3716; x_wconf 72' lang='grc' dir='ltr'>μείζονα</span> 
     </span>
    </p>
   </div>
   <div class='ocr_carea' id='block_1_106' title="bbox 2089 3724 3663 3801">
    <p class='ocr_par' dir='ltr' id='par_1_106' title="bbox 2089 3724 3663 3801">
     <span class='ocr_line' id='line_1_106' title="bbox 2089 3724 3663 3801; baseline 0.003 -24"><span class='ocrx_word' id='word_1_812' title='bbox 2089 3725 2233 3795; x_wconf 69' lang='grc' dir='ltr'>ἡμᾶς</span> <span class='ocrx_word' id='word_1_813' title='bbox 2260 3724 2435 3794; x_wconf 68' lang='grc' dir='ltr'>ἤγαγε</span> <span class='ocrx_word' id='word_1_814' title='bbox 2462 3724 2798 3794; x_wconf 76' lang='grc' dir='ltr'>φιλοσοφίαν,</span> <span class='ocrx_word' id='word_1_815' title='bbox 2818 3726 2914 3781; x_wconf 79' lang='grc' dir='ltr'>καὶ</span> <span class='ocrx_word' id='word_1_816' title='bbox 2942 3727 3305 3800; x_wconf 79' lang='grc' dir='ltr'>ὑψηλοτέρους</span> <span class='ocrx_word' id='word_1_817' title='bbox 3325 3729 3423 3801; x_wconf 86' lang='grc' dir='ltr'>τῆς</span> <span class='ocrx_word' id='word_1_818' title='bbox 3454 3728 3663 3800; x_wconf 78' lang='grc' dir='ltr'>βλάϐης</span> 
     </span>
    </p>
   </div>
   <div class='ocr_carea' id='block_1_107' title="bbox 2083 3805 3662 3884">
    <p class='ocr_par' dir='ltr' id='par_1_107' title="bbox 2083 3805 3662 3884">
     <span class='ocr_line' id='line_1_107' title="bbox 2083 3805 3662 3884; baseline 0.003 -24"><span class='ocrx_word' id='word_1_819' title='bbox 2083 3805 2299 3877; x_wconf 85' lang='grc' dir='ltr'>ἐκείνης</span> <span class='ocrx_word' id='word_1_820' title='bbox 2331 3807 2575 3877; x_wconf 84' lang='grc' dir='ltr'>ἐποίησε,</span> <span class='ocrx_word' id='word_1_821' title='bbox 2606 3808 2701 3862; x_wconf 75' lang='grc' dir='ltr'>καὶ</span> <span class='ocrx_word' id='word_1_822' title='bbox 2735 3809 3054 3878; x_wconf 86' lang='grc' dir='ltr'>προσίεσθαι</span> <span class='ocrx_word' id='word_1_823' title='bbox 3082 3812 3177 3865; x_wconf 77' lang='grc' dir='ltr'>καὶ</span> <span class='ocrx_word' id='word_1_824' title='bbox 3205 3811 3537 3884; x_wconf 83' lang='grc' dir='ltr'>παρακαλεῖν</span> <span class='ocrx_word' id='word_1_825' title='bbox 3576 3829 3662 3865; x_wconf 87' lang='grc' dir='ltr'>κε-</span> 
     </span>
    </p>
   </div>
   <div class='ocr_carea' id='block_1_108' title="bbox 2084 3889 3659 3966">
    <p class='ocr_par' dir='ltr' id='par_1_108' title="bbox 2084 3889 3659 3966">
     <span class='ocr_line' id='line_1_108' title="bbox 2084 3889 3659 3966; baseline 0.003 -24"><span class='ocrx_word' id='word_1_826' title='bbox 2084 3889 2254 3945; x_wconf 86' lang='grc' dir='ltr'>λεύει.</span> <span class='ocrx_word' id='word_1_827' title='bbox 2305 3889 2381 3945; x_wconf 91' lang='grc' dir='ltr'>Οὐ</span> <span class='ocrx_word' id='word_1_828' title='bbox 2419 3890 2529 3963; x_wconf 88' lang='lat'>7&amp;9</span> <span class='ocrx_word' id='word_1_829' title='bbox 2579 3893 2710 3961; x_wconf 77' lang='grc' dir='ltr'>ἡμῖν</span> <span class='ocrx_word' id='word_1_830' title='bbox 2743 3890 2804 3957; x_wconf 81' lang='grc' dir='ltr'>ἐξ</span> <span class='ocrx_word' id='word_1_831' title='bbox 2841 3892 3066 3948; x_wconf 80' lang='grc' dir='ltr'>ἐκείνων</span> <span class='ocrx_word' id='word_1_832' title='bbox 3095 3894 3290 3966; x_wconf 83' lang='grc' dir='ltr'>βλάϐη,</span> <span class='ocrx_word' id='word_1_833' title='bbox 3342 3894 3455 3950; x_wconf 81' lang='grc' dir='ltr'>ἀλλ’</span> <span class='ocrx_word' id='word_1_834' title='bbox 3509 3895 3659 3949; x_wconf 83' lang='grc' dir='ltr'>ἐκεί-</span> 
     </span>
    </p>
   </div>
   <div class='ocr_carea' id='block_1_109' title="bbox 2085 3972 3659 4047">
    <p class='ocr_par' dir='ltr' id='par_1_109' title="bbox 2085 3972 3659 4047">
     <span class='ocr_line' id='line_1_109' title="bbox 2085 3972 3659 4047; baseline 0.003 -19"><span class='ocrx_word' id='word_1_835' title='bbox 2085 3991 2197 4037; x_wconf 85' lang='grc' dir='ltr'>νοις</span> <span class='ocrx_word' id='word_1_836' title='bbox 2221 3972 2282 4039; x_wconf 80' lang='grc' dir='ltr'>ἐξ</span> <span class='ocrx_word' id='word_1_837' title='bbox 2305 3974 2463 4045; x_wconf 78' lang='grc' dir='ltr'>ἡμῶν</span> <span class='ocrx_word' id='word_1_838' title='bbox 2487 3974 2725 4044; x_wconf 84' lang='grc' dir='ltr'>ὠφέλεια</span> <span class='ocrx_word' id='word_1_839' title='bbox 2754 3975 2986 4044; x_wconf 89' lang='grc' dir='ltr'>γίνεται.</span> <span class='ocrx_word' id='word_1_840' title='bbox 3030 3977 3096 4029; x_wconf 89' lang='grc' dir='ltr'>Τί</span> <span class='ocrx_word' id='word_1_841' title='bbox 3124 3973 3219 4031; x_wconf 79' lang='grc' dir='ltr'>οὖν</span> <span class='ocrx_word' id='word_1_842' title='bbox 3247 3992 3441 4047; x_wconf 77' lang='grc' dir='ltr'>φησινς</span> <span class='ocrx_word' id='word_1_843' title='bbox 3471 3978 3545 4032; x_wconf 89' lang='grc' dir='ltr'>Οὐ</span> <span class='ocrx_word' id='word_1_844' title='bbox 3575 3977 3659 4032; x_wconf 87' lang='grc' dir='ltr'>δεῖ</span> 
     </span>
    </p>
   </div>
   <div class='ocr_carea' id='block_1_110' title="bbox 2088 4059 3663 4133">
    <p class='ocr_par' dir='ltr' id='par_1_110' title="bbox 2088 4059 3663 4133">
     <span class='ocr_line' id='line_1_110' title="bbox 2088 4059 3663 4133; baseline 0.003 -21"><span class='ocrx_word' id='word_1_845' title='bbox 2088 4060 2288 4131; x_wconf 78' lang='grc' dir='ltr'>μισεῖν,</span> <span class='ocrx_word' id='word_1_846' title='bbox 2315 4059 2429 4112; x_wconf 81' lang='grc' dir='ltr'>ἀλλ’</span> <span class='ocrx_word' id='word_1_847' title='bbox 2462 4059 2649 4113; x_wconf 80' lang='grc' dir='ltr'>ἐλεεῖν.</span> <span class='ocrx_word' id='word_1_848' title='bbox 2684 4060 2780 4112; x_wconf 77' lang='grc' dir='ltr'>Ἂν</span> <span class='ocrx_word' id='word_1_849' title='bbox 2808 4061 2917 4131; x_wconf 72' lang='grc' dir='ltr'>γάρ</span> <span class='ocrx_word' id='word_1_850' title='bbox 2962 4061 3220 4133; x_wconf 78' lang='grc' dir='ltr'>μισήσῃς,</span> <span class='ocrx_word' id='word_1_851' title='bbox 3256 4062 3374 4126; x_wconf 85' lang='grc' dir='ltr'>πῶς</span> <span class='ocrx_word' id='word_1_852' title='bbox 3402 4062 3663 4132; x_wconf 75' lang='grc' dir='ltr'>ἐπιστρέ⁴</span> 
     </span>
    </p>
   </div>
   <div class='ocr_carea' id='block_1_111' title="bbox 2083 4140 3663 4217">
    <p class='ocr_par' dir='ltr' id='par_1_111' title="bbox 2083 4140 3663 4217">
     <span class='ocr_line' id='line_1_111' title="bbox 2083 4140 3663 4217; baseline 0.002 -21"><span class='ocrx_word' id='word_1_853' title='bbox 2083 4142 2207 4213; x_wconf 79' lang='grc' dir='ltr'>ψεις</span> <span class='ocrx_word' id='word_1_854' title='bbox 2232 4142 2427 4215; x_wconf 79' lang='grc' dir='ltr'>ῥᾳδίως</span> <span class='ocrx_word' id='word_1_855' title='bbox 2454 4142 2544 4196; x_wconf 80' lang='grc' dir='ltr'>τὸν</span> <span class='ocrx_word' id='word_1_856' title='bbox 2587 4140 2976 4213; x_wconf 71' lang='grc' dir='ltr'>πλανώμενονς</span> <span class='ocrx_word' id='word_1_857' title='bbox 3029 4144 3147 4208; x_wconf 88' lang='grc' dir='ltr'>πῶς</span> <span class='ocrx_word' id='word_1_858' title='bbox 3193 4144 3323 4216; x_wconf 74' lang='grc' dir='ltr'>εὔξῃ</span> <span class='ocrx_word' id='word_1_859' title='bbox 3383 4146 3523 4217; x_wconf 72' lang='grc' dir='ltr'>ὑπὲρ</span> <span class='ocrx_word' id='word_1_860' title='bbox 3567 4143 3663 4201; x_wconf 87' lang='grc' dir='ltr'>τοῦ</span> 
     </span>
    </p>
   </div>
   <div class='ocr_carea' id='block_1_112' title="bbox 2086 4225 3665 4300">
    <p class='ocr_par' dir='ltr' id='par_1_112' title="bbox 2086 4225 3665 4300">
     <span class='ocr_line' id='line_1_112' title="bbox 2086 4225 3665 4300; baseline 0 -19"><span class='ocrx_word' id='word_1_861' title='bbox 2086 4228 2352 4294; x_wconf 72' lang='grc' dir='ltr'>ἀπίστους</span> <span class='ocrx_word' id='word_1_862' title='bbox 2388 4228 2509 4281; x_wconf 75' lang='grc' dir='ltr'>Ὀτι</span> <span class='ocrx_word' id='word_1_863' title='bbox 2542 4225 2649 4298; x_wconf 75' lang='lat'>7&amp;9</span> <span class='ocrx_word' id='word_1_864' title='bbox 2680 4225 2935 4296; x_wconf 73' lang='grc' dir='ltr'>εὔχεσθαι</span> <span class='ocrx_word' id='word_1_865' title='bbox 2959 4227 3060 4292; x_wconf 86' lang='grc' dir='ltr'>δεῖ,</span> <span class='ocrx_word' id='word_1_866' title='bbox 3090 4227 3321 4282; x_wconf 77' lang='grc' dir='ltr'>ἄκουσον</span> <span class='ocrx_word' id='word_1_867' title='bbox 3353 4229 3405 4284; x_wconf 88' lang='grc' dir='ltr'>τί</span> <span class='ocrx_word' id='word_1_868' title='bbox 3444 4246 3609 4300; x_wconf 85' lang='grc' dir='ltr'>φησιν</span> <span class='ocrx_word' id='word_1_869' title='bbox 3632 4230 3665 4281; x_wconf 88' lang='lat'>6</span> 
     </span>
    </p>
   </div>
   <div class='ocr_carea' id='block_1_113' title="bbox 2088 4307 3663 4378">
    <p class='ocr_par' dir='ltr' id='par_1_113' title="bbox 2088 4307 3663 4378">
     <span class='ocr_line' id='line_1_113' title="bbox 2088 4307 3663 4378; baseline -0.001 -12"><span class='ocrx_word' id='word_1_870' title='bbox 2088 4311 2316 4374; x_wconf 84' lang='grc' dir='ltr'>Παῦλος·</span> <span class='ocrx_word' id='word_1_871' title='bbox 2349 4308 2679 4378; x_wconf 72' lang='grc' dir='ltr'>Παρακαλῶ</span> <span class='ocrx_word' id='word_1_872' title='bbox 2706 4307 2821 4364; x_wconf 81' lang='grc' dir='ltr'>οὖν</span> <span class='ocrx_word' id='word_1_873' title='bbox 2841 4308 3078 4378; x_wconf 87' lang='grc' dir='ltr'>πρῶτον</span> <span class='ocrx_word' id='word_1_874' title='bbox 3103 4311 3344 4365; x_wconf 83' lang='grc' dir='ltr'>πάντων</span> <span class='ocrx_word' id='word_1_875' title='bbox 3368 4312 3663 4366; x_wconf 85' lang='grc' dir='ltr'>ποιεῖσθαι</span> 
     </span>
    </p>
   </div>
   <div class='ocr_carea' id='block_1_114' title="bbox 2089 4392 3665 4466">
    <p class='ocr_par' dir='ltr' id='par_1_114' title="bbox 2089 4392 3665 4466">
     <span class='ocr_line' id='line_1_114' title="bbox 2089 4392 3665 4466; baseline -0.002 -17"><span class='ocrx_word' id='word_1_876' title='bbox 2089 4394 2237 4466; x_wconf 68' lang='grc'>[506]</span> <span class='ocrx_word' id='word_1_877' title='bbox 2257 4392 2517 4460; x_wconf 76' lang='grc' dir='ltr'>δεήσεις,</span> <span class='ocrx_word' id='word_1_878' title='bbox 2543 4394 2908 4462; x_wconf 83' lang='grc' dir='ltr'>προσευχὰς,</span> <span class='ocrx_word' id='word_1_879' title='bbox 2930 4394 3249 4461; x_wconf 74' lang='grc' dir='ltr'>ἐντεύξεις,</span> <span class='ocrx_word' id='word_1_880' title='bbox 3276 4395 3665 4464; x_wconf 81' lang='grc' dir='ltr'>εὐχαριστίας</span> 
     </span>
    </p>
   </div>
   <div class='ocr_carea' id='block_1_115' title="bbox 2087 4476 3668 4545">
    <p class='ocr_par' dir='ltr' id='par_1_115' title="bbox 2087 4476 3668 4545">
     <span class='ocr_line' id='line_1_115' title="bbox 2087 4476 3668 4545; baseline 0.001 -13"><span class='ocrx_word' id='word_1_881' title='bbox 2087 4478 2239 4545; x_wconf 82' lang='grc' dir='ltr'>ὑπὲρ</span> <span class='ocrx_word' id='word_1_882' title='bbox 2273 4476 2512 4530; x_wconf 83' lang='grc' dir='ltr'>πάντων</span> <span class='ocrx_word' id='word_1_883' title='bbox 2553 4476 2897 4543; x_wconf 82' lang='grc' dir='ltr'>ἀνθρώπων.</span> <span class='ocrx_word' id='word_1_884' title='bbox 2939 4479 3060 4531; x_wconf 84' lang='grc' dir='ltr'>’Ὁτι</span> <span class='ocrx_word' id='word_1_885' title='bbox 3098 4478 3155 4531; x_wconf 83' lang='grc' dir='ltr'>δὲ</span> <span class='ocrx_word' id='word_1_886' title='bbox 3188 4477 3388 4543; x_wconf 86' lang='grc' dir='ltr'>πάντες</span> <span class='ocrx_word' id='word_1_887' title='bbox 3423 4478 3543 4531; x_wconf 84' lang='grc' dir='ltr'>τότε</span> <span class='ocrx_word' id='word_1_888' title='bbox 3566 4479 3668 4533; x_wconf 80' lang='grc' dir='ltr'>οὐκ</span> 
     </span>
    </p>
   </div>
   <div class='ocr_carea' id='block_1_116' title="bbox 2088 4555 3667 4631">
    <p class='ocr_par' dir='ltr' id='par_1_116' title="bbox 2088 4555 3667 4631">
     <span class='ocr_line' id='line_1_116' title="bbox 2088 4555 3667 4631; baseline 0 -18"><span class='ocrx_word' id='word_1_889' title='bbox 2088 4555 2227 4631; x_wconf 85' lang='grc' dir='ltr'>ἦσαν</span> <span class='ocrx_word' id='word_1_890' title='bbox 2267 4558 2472 4621; x_wconf 76' lang='grc' dir='ltr'>πιστοὶ,</span> <span class='ocrx_word' id='word_1_891' title='bbox 2507 4559 2671 4611; x_wconf 86' lang='grc' dir='ltr'>παντί</span> <span class='ocrx_word' id='word_1_892' title='bbox 2723 4575 2825 4613; x_wconf 91' lang='grc' dir='ltr'>που</span> <span class='ocrx_word' id='word_1_893' title='bbox 2874 4559 3052 4629; x_wconf 77' lang='grc' dir='ltr'>δῆλον.</span> <span class='ocrx_word' id='word_1_894' title='bbox 3110 4562 3221 4614; x_wconf 75' lang='grc' dir='ltr'>Καὶ</span> <span class='ocrx_word' id='word_1_895' title='bbox 3271 4561 3453 4624; x_wconf 86' lang='grc' dir='ltr'>πάλιν,</span> <span class='ocrx_word' id='word_1_896' title='bbox 3498 4560 3667 4628; x_wconf 80' lang='grc' dir='ltr'>’Υπὲρ</span> 
     </span>
    </p>
   </div>
   <div class='ocr_carea' id='block_1_117' title="bbox 2083 4639 3669 4712">
    <p class='ocr_par' dir='ltr' id='par_1_117' title="bbox 2083 4639 3669 4712">
     <span class='ocr_line' id='line_1_117' title="bbox 2083 4639 3669 4712; baseline -0.001 -16"><span class='ocrx_word' id='word_1_897' title='bbox 2083 4640 2413 4706; x_wconf 73' lang='grc' dir='ltr'>βασιλέων,</span> <span class='ocrx_word' id='word_1_898' title='bbox 2469 4640 2570 4693; x_wconf 76' lang='grc' dir='ltr'>καί</span> <span class='ocrx_word' id='word_1_899' title='bbox 2621 4639 2738 4694; x_wconf 85' lang='grc' dir='ltr'>τῶν</span> <span class='ocrx_word' id='word_1_900' title='bbox 2772 4641 2843 4694; x_wconf 81' lang='grc' dir='ltr'>ἐν</span> <span class='ocrx_word' id='word_1_901' title='bbox 2880 4643 3150 4712; x_wconf 73' lang='grc' dir='ltr'>ὑπεροχῇ</span> <span class='ocrx_word' id='word_1_902' title='bbox 3205 4643 3413 4698; x_wconf 80' lang='grc' dir='ltr'>ὄντων.</span> <span class='ocrx_word' id='word_1_903' title='bbox 3453 4644 3578 4696; x_wconf 71' lang='grc' dir='ltr'>Ὀτι</span> <span class='ocrx_word' id='word_1_904' title='bbox 3608 4643 3669 4695; x_wconf 84' lang='grc' dir='ltr'>δέ</span> 
     </span>
    </p>
   </div>
   <div class='ocr_carea' id='block_1_118' title="bbox 2088 4717 3668 4796">
    <p class='ocr_par' dir='ltr' id='par_1_118' title="bbox 2088 4717 3668 4796">
     <span class='ocr_line' id='line_1_118' title="bbox 2088 4717 3668 4796; baseline 0.002 -19"><span class='ocrx_word' id='word_1_905' title='bbox 2088 4717 2236 4777; x_wconf 79' lang='grc' dir='ltr'>οὗτοι</span> <span class='ocrx_word' id='word_1_906' title='bbox 2270 4722 2486 4787; x_wconf 88' lang='grc' dir='ltr'>ἀσεϐεῖς</span> <span class='ocrx_word' id='word_1_907' title='bbox 2510 4717 2653 4794; x_wconf 79' lang='grc' dir='ltr'>ἦσαν</span> <span class='ocrx_word' id='word_1_908' title='bbox 2681 4722 2778 4777; x_wconf 81' lang='grc' dir='ltr'>καὶ</span> <span class='ocrx_word' id='word_1_909' title='bbox 2817 4726 3147 4796; x_wconf 81' lang='grc' dir='ltr'>παράνομοι,</span> <span class='ocrx_word' id='word_1_910' title='bbox 3188 4727 3283 4780; x_wconf 75' lang='grc' dir='ltr'>καὶ</span> <span class='ocrx_word' id='word_1_911' title='bbox 3321 4726 3480 4780; x_wconf 85' lang='grc' dir='ltr'>τοῦτο</span> <span class='ocrx_word' id='word_1_912' title='bbox 3508 4725 3668 4795; x_wconf 83' lang='grc' dir='ltr'>δῆλον</span> 
     </span>
    </p>
   </div>
   <div class='ocr_carea' id='block_1_119' title="bbox 2089 4803 3665 4882">
    <p class='ocr_par' dir='ltr' id='par_1_119' title="bbox 2089 4803 3665 4882">
     <span class='ocr_line' id='line_1_119' title="bbox 2089 4803 3665 4882; baseline -0.001 -18"><span class='ocrx_word' id='word_1_913' title='bbox 2089 4809 2311 4880; x_wconf 85' lang='grc' dir='ltr'>ὁμοίως.</span> <span class='ocrx_word' id='word_1_914' title='bbox 2348 4803 2482 4863; x_wconf 81' lang='grc' dir='ltr'>Εἶτα</span> <span class='ocrx_word' id='word_1_915' title='bbox 2507 4809 2602 4864; x_wconf 83' lang='grc' dir='ltr'>καὶ</span> <span class='ocrx_word' id='word_1_916' title='bbox 2641 4808 2740 4879; x_wconf 82' lang='grc' dir='ltr'>τὴν</span> <span class='ocrx_word' id='word_1_917' title='bbox 2771 4810 2952 4863; x_wconf 87' lang='grc' dir='ltr'>αίτίαν</span> <span class='ocrx_word' id='word_1_918' title='bbox 2981 4810 3158 4877; x_wconf 78' lang='grc' dir='ltr'>λέγων</span> <span class='ocrx_word' id='word_1_919' title='bbox 3204 4812 3305 4881; x_wconf 85' lang='grc' dir='ltr'>τῆς</span> <span class='ocrx_word' id='word_1_920' title='bbox 3344 4812 3530 4882; x_wconf 76' lang='grc' dir='ltr'>εὐχῆς,</span> <span class='ocrx_word' id='word_1_921' title='bbox 3564 4812 3665 4864; x_wconf 82' lang='grc' dir='ltr'>ἐπ-</span> 
     </span>
    </p>
   </div>
   <div class='ocr_carea' id='block_1_120' title="bbox 2090 4891 3669 4961">
    <p class='ocr_par' dir='ltr' id='par_1_120' title="bbox 2090 4891 3669 4961">
     <span class='ocr_line' id='line_1_120' title="bbox 2090 4891 3669 4961; baseline 0 -15"><span class='ocrx_word' id='word_1_922' title='bbox 2090 4892 2234 4961; x_wconf 83' lang='grc' dir='ltr'>άγει·</span> <span class='ocrx_word' id='word_1_923' title='bbox 2266 4891 2445 4948; x_wconf 87' lang='grc' dir='ltr'>Τοῦτο</span> <span class='ocrx_word' id='word_1_924' title='bbox 2463 4892 2573 4961; x_wconf 65' lang='grc' dir='ltr'>γὰρ</span> <span class='ocrx_word' id='word_1_925' title='bbox 2593 4892 2783 4948; x_wconf 67' lang='grc' dir='ltr'>καλὸν</span> <span class='ocrx_word' id='word_1_926' title='bbox 2805 4892 2905 4947; x_wconf 73' lang='grc' dir='ltr'>καί</span> <span class='ocrx_word' id='word_1_927' title='bbox 2922 4893 3260 4947; x_wconf 77' lang='grc' dir='ltr'>ἀποδεκτόν</span> <span class='ocrx_word' id='word_1_928' title='bbox 3283 4893 3540 4947; x_wconf 78' lang='grc' dir='ltr'>ἐνώπιον</span> <span class='ocrx_word' id='word_1_929' title='bbox 3559 4892 3669 4947; x_wconf 80' lang='grc' dir='ltr'>τοῦ</span> 
     </span>
    </p>
   </div>
   <div class='ocr_carea' id='block_1_121' title="bbox 2092 4975 3672 5047">
    <p class='ocr_par' dir='ltr' id='par_1_121' title="bbox 2092 4975 3672 5047">
     <span class='ocr_line' id='line_1_121' title="bbox 2092 4975 3672 5047; baseline -0.001 -17"><span class='ocrx_word' id='word_1_930' title='bbox 2092 4976 2367 5046; x_wconf 83' lang='grc' dir='ltr'>Σωτῆρος</span> <span class='ocrx_word' id='word_1_931' title='bbox 2398 4975 2567 5047; x_wconf 77' lang='grc' dir='ltr'>ήμῶν</span> <span class='ocrx_word' id='word_1_932' title='bbox 2601 4978 2768 5043; x_wconf 82' lang='grc' dir='ltr'>Θεοῦ,</span> <span class='ocrx_word' id='word_1_933' title='bbox 2803 4976 2872 5042; x_wconf 81' lang='grc' dir='ltr'>ὃς·</span> <span class='ocrx_word' id='word_1_934' title='bbox 2904 4975 3136 5040; x_wconf 87' lang='grc' dir='ltr'>πάντας</span> <span class='ocrx_word' id='word_1_935' title='bbox 3173 4975 3522 5044; x_wconf 80' lang='grc' dir='ltr'>ἀνθρώπους</span> <span class='ocrx_word' id='word_1_936' title='bbox 3571 4975 3672 5028; x_wconf 61' lang='lat' dir='ltr'>06b</span> 
     </span>
    </p>
   </div>
   <div class='ocr_carea' id='block_1_122' title="bbox 2088 5058 3668 5129">
    <p class='ocr_par' dir='ltr' id='par_1_122' title="bbox 2088 5058 3668 5129">
     <span class='ocr_line' id='line_1_122' title="bbox 2088 5058 3668 5129; baseline -0.001 -15"><span class='ocrx_word' id='word_1_937' title='bbox 2088 5063 2183 5115; x_wconf 71' lang='grc' dir='ltr'>λει</span> <span class='ocrx_word' id='word_1_938' title='bbox 2210 5058 2495 5128; x_wconf 82' lang='grc' dir='ltr'>σωθῆναι,</span> <span class='ocrx_word' id='word_1_939' title='bbox 2543 5061 2639 5114; x_wconf 79' lang='grc' dir='ltr'>καί</span> <span class='ocrx_word' id='word_1_940' title='bbox 2665 5063 2752 5127; x_wconf 87' lang='grc' dir='ltr'>εις</span> <span class='ocrx_word' id='word_1_941' title='bbox 2782 5060 3112 5129; x_wconf 77' lang='grc' dir='ltr'>ἐπίγνωσιν</span> <span class='ocrx_word' id='word_1_942' title='bbox 3134 5059 3424 5127; x_wconf 72' lang='grc' dir='ltr'>ἀληθείας</span> <span class='ocrx_word' id='word_1_943' title='bbox 3446 5058 3668 5113; x_wconf 71' lang='grc' dir='ltr'>ἐλθεῖν.</span> 
     </span>
    </p>
   </div>
   <div class='ocr_carea' id='block_1_123' title="bbox 2091 5139 3673 5215">
    <p class='ocr_par' dir='ltr' id='par_1_123' title="bbox 2091 5139 3673 5215">
     <span class='ocr_line' id='line_1_123' title="bbox 2091 5139 3673 5215; baseline 0.001 -21"><span class='ocrx_word' id='word_1_944' title='bbox 2091 5142 2190 5196; x_wconf 76' lang='grc' dir='ltr'>Διὰ</span> <span class='ocrx_word' id='word_1_945' title='bbox 2216 5142 2376 5197; x_wconf 84' lang='grc' dir='ltr'>τοῦτο</span> <span class='ocrx_word' id='word_1_946' title='bbox 2402 5143 2506 5197; x_wconf 72' lang='grc' dir='ltr'>κᾶν</span> <span class='ocrx_word' id='word_1_947' title='bbox 2526 5143 2554 5183; x_wconf 75' lang='lat' dir='ltr'><strong>h</strong></span> <span class='ocrx_word' id='word_1_948' title='bbox 2582 5143 2860 5215; x_wconf 82' lang='grc' dir='ltr'>Ἑλληνίδα</span> <span class='ocrx_word' id='word_1_949' title='bbox 2876 5145 3121 5210; x_wconf 83' lang='grc' dir='ltr'>γυναῖκα</span> <span class='ocrx_word' id='word_1_950' title='bbox 3149 5142 3287 5215; x_wconf 80' lang='grc' dir='ltr'>εὕρῃ</span> <span class='ocrx_word' id='word_1_951' title='bbox 3314 5139 3673 5196; x_wconf 87' lang='grc' dir='ltr'>συνοικοῦσαν</span> 
     </span>
    </p>
   </div>
   <div class='ocr_carea' id='block_1_124' title="bbox 2090 5224 3669 5296">
    <p class='ocr_par' dir='ltr' id='par_1_124' title="bbox 2090 5224 3669 5296">
     <span class='ocr_line' id='line_1_124' title="bbox 2090 5224 3669 5296; baseline -0.003 -16"><span class='ocrx_word' id='word_1_952' title='bbox 2090 5225 2291 5296; x_wconf 81' lang='grc' dir='ltr'>πιστῷ,</span> <span class='ocrx_word' id='word_1_953' title='bbox 2336 5226 2398 5279; x_wconf 91' lang='grc' dir='ltr'>οὐ</span> <span class='ocrx_word' id='word_1_954' title='bbox 2452 5224 2799 5294; x_wconf 78' lang='grc' dir='ltr'>διαζεύγνυσι</span> <span class='ocrx_word' id='word_1_955' title='bbox 2854 5226 2944 5279; x_wconf 79' lang='grc' dir='ltr'>τὸν</span> <span class='ocrx_word' id='word_1_956' title='bbox 2977 5226 3175 5296; x_wconf 82' lang='grc' dir='ltr'>γάμον·</span> <span class='ocrx_word' id='word_1_957' title='bbox 3208 5225 3384 5280; x_wconf 86' lang='grc' dir='ltr'>καίτοι</span> <span class='ocrx_word' id='word_1_958' title='bbox 3414 5240 3478 5292; x_wconf 90' lang='grc' dir='ltr'>γε</span> <span class='ocrx_word' id='word_1_959' title='bbox 3508 5224 3563 5277; x_wconf 87' lang='grc' dir='ltr'>τί</span> <span class='ocrx_word' id='word_1_960' title='bbox 3589 5225 3669 5277; x_wconf 74' lang='lat' dir='ltr'>ol-</span> 
     </span>
    </p>
   </div>
   <div class='ocr_carea' id='block_1_125' title="bbox 2093 5306 3675 5380">
    <p class='ocr_par' dir='ltr' id='par_1_125' title="bbox 2093 5306 3675 5380">
     <span class='ocr_line' id='line_1_125' title="bbox 2093 5306 3675 5380; baseline -0.002 -17"><span class='ocrx_word' id='word_1_961' title='bbox 2093 5309 2370 5379; x_wconf 88' lang='grc' dir='ltr'>κειότερον</span> <span class='ocrx_word' id='word_1_962' title='bbox 2396 5307 2588 5380; x_wconf 78' lang='grc' dir='ltr'>ἀνδρὸς</span> <span class='ocrx_word' id='word_1_963' title='bbox 2619 5308 2867 5377; x_wconf 86' lang='grc' dir='ltr'>γυναικί;</span> <span class='ocrx_word' id='word_1_964' title='bbox 2911 5309 3194 5362; x_wconf 86' lang='grc' dir='ltr'>Ἔσονται</span> <span class='ocrx_word' id='word_1_965' title='bbox 3229 5308 3339 5379; x_wconf 85' lang='lat'>7&amp;9</span> <span class='ocrx_word' id='word_1_966' title='bbox 3368 5310 3424 5361; x_wconf 86' lang='grc' dir='ltr'>οί</span> <span class='ocrx_word' id='word_1_967' title='bbox 3448 5306 3559 5362; x_wconf 85' lang='grc' dir='ltr'>δύο</span> <span class='ocrx_word' id='word_1_968' title='bbox 3585 5309 3675 5372; x_wconf 78' lang='grc' dir='ltr'>είς</span> 
     </span>
    </p>
   </div>
   <div class='ocr_carea' id='block_1_126' title="bbox 2094 5390 3674 5462">
    <p class='ocr_par' dir='ltr' id='par_1_126' title="bbox 2094 5390 3674 5462">
     <span class='ocr_line' id='line_1_126' title="bbox 2094 5390 3674 5462; baseline -0.003 -15"><span class='ocrx_word' id='word_1_969' title='bbox 2094 5393 2311 5461; x_wconf 83' lang='grc' dir='ltr'>σάρκα,</span> <span class='ocrx_word' id='word_1_970' title='bbox 2349 5390 2505 5462; x_wconf 74' lang='grc' dir='ltr'>φησὶ,</span> <span class='ocrx_word' id='word_1_971' title='bbox 2526 5392 2694 5460; x_wconf 80' lang='grc' dir='ltr'>μίαν·</span> <span class='ocrx_word' id='word_1_972' title='bbox 2726 5391 2822 5446; x_wconf 76' lang='grc' dir='ltr'>καὶ</span> <span class='ocrx_word' id='word_1_973' title='bbox 2852 5390 2988 5445; x_wconf 85' lang='grc' dir='ltr'>πολύ</span> <span class='ocrx_word' id='word_1_974' title='bbox 3033 5391 3095 5445; x_wconf 82' lang='grc' dir='ltr'>τὸ</span> <span class='ocrx_word' id='word_1_975' title='bbox 3132 5391 3352 5462; x_wconf 81' lang='grc' dir='ltr'>φίλτρον</span> <span class='ocrx_word' id='word_1_976' title='bbox 3404 5392 3524 5443; x_wconf 83' lang='grc' dir='ltr'>ἐκεῖ</span> <span class='ocrx_word' id='word_1_977' title='bbox 3579 5390 3674 5443; x_wconf 77' lang='grc' dir='ltr'>καὶ</span> 
     </span>
    </p>
   </div>
   <div class='ocr_carea' id='block_1_127' title="bbox 2095 5472 3675 5549">
    <p class='ocr_par' dir='ltr' id='par_1_127' title="bbox 2095 5472 3675 5549">
     <span class='ocr_line' id='line_1_127' title="bbox 2095 5472 3675 5549; baseline -0.004 -18"><span class='ocrx_word' id='word_1_978' title='bbox 2095 5473 2295 5549; x_wconf 69' lang='grc' dir='ltr'>θερμὸς</span> <span class='ocrx_word' id='word_1_979' title='bbox 2320 5476 2349 5529; x_wconf 88' lang='grc' dir='ltr'><strong>ὀ</strong></span> <span class='ocrx_word' id='word_1_980' title='bbox 2381 5473 2566 5537; x_wconf 84' lang='grc' dir='ltr'>πόθος.</span> <span class='ocrx_word' id='word_1_981' title='bbox 2601 5472 2664 5528; x_wconf 68' lang='lat' dir='ltr'>Et</span> <span class='ocrx_word' id='word_1_982' title='bbox 2686 5473 2744 5526; x_wconf 85' lang='grc' dir='ltr'>δὲ</span> <span class='ocrx_word' id='word_1_983' title='bbox 2780 5472 3068 5545; x_wconf 80' lang='grc' dir='ltr'>μέλλοιμεν</span> <span class='ocrx_word' id='word_1_984' title='bbox 3105 5475 3322 5538; x_wconf 85' lang='grc' dir='ltr'>ἀσεϐεῖς</span> <span class='ocrx_word' id='word_1_985' title='bbox 3370 5476 3551 5543; x_wconf 81' lang='grc' dir='ltr'>μισεῖν</span> <span class='ocrx_word' id='word_1_986' title='bbox 3580 5472 3675 5526; x_wconf 78' lang='grc' dir='ltr'>καὶ</span> 
     </span>
    </p>
   </div>
   <div class='ocr_carea' id='block_1_128' title="bbox 2097 5555 3675 5633">
    <p class='ocr_par' dir='ltr' id='par_1_128' title="bbox 2097 5555 3675 5633">
     <span class='ocr_line' id='line_1_128' title="bbox 2097 5555 3675 5633; baseline -0.004 -19"><span class='ocrx_word' id='word_1_987' title='bbox 2097 5555 2570 5633; x_wconf 74' lang='grc' dir='ltr'>παρανομοῦντας,</span> <span class='ocrx_word' id='word_1_988' title='bbox 2606 5556 2890 5627; x_wconf 80' lang='grc' dir='ltr'>προϊόντες</span> <span class='ocrx_word' id='word_1_989' title='bbox 2917 5556 3014 5611; x_wconf 82' lang='grc' dir='ltr'>καὶ</span> <span class='ocrx_word' id='word_1_990' title='bbox 3035 5557 3395 5628; x_wconf 74' lang='grc' dir='ltr'>ἁμαρτωλοὺς</span> <span class='ocrx_word' id='word_1_991' title='bbox 3440 5556 3675 5627; x_wconf 81' lang='grc' dir='ltr'>μισήσο-</span> 
     </span>
    </p>
   </div>
   <div class='ocr_carea' id='block_1_129' title="bbox 2100 5638 3674 5715">
    <p class='ocr_par' dir='ltr' id='par_1_129' title="bbox 2100 5638 3674 5715">
     <span class='ocr_line' id='line_1_129' title="bbox 2100 5638 3674 5715; baseline -0.004 -18"><span class='ocrx_word' id='word_1_992' title='bbox 2100 5662 2222 5715; x_wconf 89' lang='grc' dir='ltr'>μεν,</span> <span class='ocrx_word' id='word_1_993' title='bbox 2280 5643 2380 5696; x_wconf 62' lang='grc' dir='ltr'>καὶ</span> <span class='ocrx_word' id='word_1_994' title='bbox 2426 5638 2602 5705; x_wconf 76' lang='grc' dir='ltr'>οὓτως</span> <span class='ocrx_word' id='word_1_995' title='bbox 2653 5640 2759 5711; x_wconf 81' lang='grc' dir='ltr'>ὀδῷ</span> <span class='ocrx_word' id='word_1_996' title='bbox 2810 5639 3120 5711; x_wconf 86' lang='grc' dir='ltr'>προϐαίνων</span> <span class='ocrx_word' id='word_1_997' title='bbox 3157 5638 3395 5695; x_wconf 76' lang='grc' dir='ltr'>καὶτῶν</span> <span class='ocrx_word' id='word_1_998' title='bbox 3427 5638 3674 5708; x_wconf 83' lang='grc' dir='ltr'>ἀδελφῶν</span> 
     </span>
    </p>
   </div>
   <div class='ocr_carea' id='block_1_130' title="bbox 2162 5852 2576 5942">
    <p class='ocr_par' dir='ltr' id='par_1_130' title="bbox 2162 5852 2576 5942">
     <span class='ocr_line' id='line_1_130' title="bbox 2162 5852 2576 5942; baseline -0.002 -18"><span class='ocrx_word' id='word_1_999' title='bbox 2162 5875 2191 5916; x_wconf 68' lang='grc' dir='ltr'><strong>ι</strong></span> <span class='ocrx_word' id='word_1_1000' title='bbox 2218 5873 2479 5942; x_wconf 80' lang='lat' dir='ltr'>Legebamr</span> <span class='ocrx_word' id='word_1_1001' title='bbox 2504 5852 2576 5933; x_wconf 62' lang='grc' dir='ltr'>ἥνξ</span> 
     </span>
    </p>
   </div>
  </div>
