  <div class='ocr_page' id='page_1' title='image "/cluster/home/n/w/nwhite01/storage/ocr_20150623/61/hvd.32044054166368/286.png"; bbox 0 0 4094 6222; ppageno 0'>
   <div class='ocr_carea' id='block_1_1' title="bbox 544 325 636 380">
    <p class='ocr_par' dir='ltr' id='par_1_1' title="bbox 544 325 636 380">
     <span class='ocr_line' id='line_1_1' title="bbox 544 325 636 380; baseline 0.011 -1"><span class='ocrx_word' id='word_1_1' title='bbox 544 325 636 380; x_wconf 70' lang='grc'><strong>981</strong></span> 
     </span>
    </p>
   </div>
   <div class='ocr_carea' id='block_1_2' title="bbox 542 435 2120 512">
    <p class='ocr_par' dir='ltr' id='par_1_2' title="bbox 542 435 2120 512">
     <span class='ocr_line' id='line_1_2' title="bbox 542 435 2120 512; baseline -0.004 -15"><span class='ocrx_word' id='word_1_2' title='bbox 542 444 700 497; x_wconf 85' lang='lat' dir='ltr'><strong>etiam</strong></span> <span class='ocrx_word' id='word_1_3' title='bbox 718 454 818 512; x_wconf 89' lang='lat' dir='ltr'><strong>ego</strong></span> <span class='ocrx_word' id='word_1_4' title='bbox 838 439 980 505; x_wconf 88' lang='lat' dir='ltr'><strong>dico;</strong></span> <span class='ocrx_word' id='word_1_5' title='bbox 999 438 1094 496; x_wconf 86' lang='lat' dir='ltr'><strong>sed</strong></span> <span class='ocrx_word' id='word_1_6' title='bbox 1112 438 1235 510; x_wconf 87' lang='lat' dir='ltr'><strong>quia</strong></span> <span class='ocrx_word' id='word_1_7' title='bbox 1273 453 1369 509; x_wconf 88' lang='lat' dir='ltr'><strong>per</strong></span> <span class='ocrx_word' id='word_1_8' title='bbox 1388 437 1623 494; x_wconf 89' lang='lat' dir='ltr'><strong>alienum</strong></span> <span class='ocrx_word' id='word_1_9' title='bbox 1657 451 1812 493; x_wconf 88' lang='lat' dir='ltr'><strong>suum</strong></span> <span class='ocrx_word' id='word_1_10' title='bbox 1833 435 2120 491; x_wconf 75' lang='lat' dir='ltr'><strong>invenitur.</strong></span> 
     </span>
    </p>
   </div>
   <div class='ocr_carea' id='block_1_3' title="bbox 544 527 2127 599">
    <p class='ocr_par' dir='ltr' id='par_1_3' title="bbox 544 527 2127 599">
     <span class='ocr_line' id='line_1_3' title="bbox 544 527 2127 599; baseline -0.005 -12"><span class='ocrx_word' id='word_1_11' title='bbox 544 531 695 588; x_wconf 80' lang='lat' dir='ltr'><strong>Miles</strong></span> <span class='ocrx_word' id='word_1_12' title='bbox 724 529 890 597; x_wconf 89' lang='lat' dir='ltr'><strong>enim,</strong></span> <span class='ocrx_word' id='word_1_13' title='bbox 923 528 1026 584; x_wconf 91' lang='lat' dir='ltr'><strong>nisi</strong></span> <span class='ocrx_word' id='word_1_14' title='bbox 1054 529 1253 585; x_wconf 90' lang='lat' dir='ltr'><strong>bellum</strong></span> <span class='ocrx_word' id='word_1_15' title='bbox 1282 537 1432 599; x_wconf 91' lang='lat' dir='ltr'><strong>gerat</strong></span> <span class='ocrx_word' id='word_1_16' title='bbox 1456 543 1552 598; x_wconf 90' lang='lat' dir='ltr'><strong>pro</strong></span> <span class='ocrx_word' id='word_1_17' title='bbox 1593 528 1657 582; x_wconf 91' lang='lat' dir='ltr'><strong>iis</strong></span> <span class='ocrx_word' id='word_1_18' title='bbox 1686 527 1777 597; x_wconf 92' lang='lat' dir='ltr'><strong>qui</strong></span> <span class='ocrx_word' id='word_1_19' title='bbox 1811 528 1986 596; x_wconf 85' lang='lat' dir='ltr'><strong>ipsum</strong></span> <span class='ocrx_word' id='word_1_20' title='bbox 2032 541 2127 580; x_wconf 85' lang='lat' dir='ltr'><strong>nu-</strong></span> 
     </span>
    </p>
   </div>
   <div class='ocr_carea' id='block_1_4' title="bbox 549 619 2131 692">
    <p class='ocr_par' dir='ltr' id='par_1_4' title="bbox 549 619 2131 692">
     <span class='ocr_line' id='line_1_4' title="bbox 549 619 2131 692; baseline -0.004 -14"><span class='ocrx_word' id='word_1_21' title='bbox 549 625 714 679; x_wconf 86' lang='lat' dir='ltr'><strong>triunt</strong></span> <span class='ocrx_word' id='word_1_22' title='bbox 738 664 754 689; x_wconf 96' lang='lat'><strong>,</strong></span> <span class='ocrx_word' id='word_1_23' title='bbox 789 637 895 678; x_wconf 91' lang='lat' dir='ltr'><strong>non</strong></span> <span class='ocrx_word' id='word_1_24' title='bbox 928 621 1088 676; x_wconf 86' lang='lat' dir='ltr'><strong>habet</strong></span> <span class='ocrx_word' id='word_1_25' title='bbox 1115 622 1202 692; x_wconf 91' lang='lat' dir='ltr'><strong>qui</strong></span> <span class='ocrx_word' id='word_1_26' title='bbox 1249 620 1350 676; x_wconf 91' lang='lat' dir='ltr'><strong>hoc</strong></span> <span class='ocrx_word' id='word_1_27' title='bbox 1383 621 1480 689; x_wconf 88' lang='lat' dir='ltr'><strong>ipsi</strong></span> <span class='ocrx_word' id='word_1_28' title='bbox 1525 621 1791 675; x_wconf 89' lang='lat' dir='ltr'><strong>ministret</strong></span> <span class='ocrx_word' id='word_1_29' title='bbox 1821 637 1835 673; x_wconf 85' lang='lat'><strong>:</strong></span> <span class='ocrx_word' id='word_1_30' title='bbox 1868 619 1952 673; x_wconf 93' lang='lat' dir='ltr'><strong>hic</strong></span> <span class='ocrx_word' id='word_1_31' title='bbox 2003 634 2131 673; x_wconf 90' lang='lat' dir='ltr'><strong>vero</strong></span> 
     </span>
    </p>
   </div>
   <div class='ocr_carea' id='block_1_5' title="bbox 547 711 2128 782">
    <p class='ocr_par' dir='ltr' id='par_1_5' title="bbox 547 711 2128 782">
     <span class='ocr_line' id='line_1_5' title="bbox 547 711 2128 782; baseline -0.004 -10"><span class='ocrx_word' id='word_1_32' title='bbox 547 731 750 781; x_wconf 82' lang='lat' dir='ltr'><strong>rursus,</strong></span> <span class='ocrx_word' id='word_1_33' title='bbox 776 716 878 771; x_wconf 87' lang='lat' dir='ltr'><strong>nisi</strong></span> <span class='ocrx_word' id='word_1_34' title='bbox 910 716 1134 771; x_wconf 83' lang='lat' dir='ltr'><strong>militem</strong></span> <span class='ocrx_word' id='word_1_35' title='bbox 1155 715 1297 778; x_wconf 90' lang='lat' dir='ltr'><strong>alat,</strong></span> <span class='ocrx_word' id='word_1_36' title='bbox 1334 731 1438 768; x_wconf 87' lang='lat' dir='ltr'><strong>non</strong></span> <span class='ocrx_word' id='word_1_37' title='bbox 1468 714 1627 768; x_wconf 88' lang='lat' dir='ltr'><strong>habet</strong></span> <span class='ocrx_word' id='word_1_38' title='bbox 1653 714 1742 782; x_wconf 86' lang='lat' dir='ltr'><strong>qui</strong></span> <span class='ocrx_word' id='word_1_39' title='bbox 1773 727 1832 766; x_wconf 90' lang='lat' dir='ltr'><strong>se</strong></span> <span class='ocrx_word' id='word_1_40' title='bbox 1858 711 2128 767; x_wconf 75' lang='lat' dir='ltr'><strong>defendat.</strong></span> 
     </span>
    </p>
   </div>
   <div class='ocr_carea' id='block_1_6' title="bbox 554 799 2132 876">
    <p class='ocr_par' dir='ltr' id='par_1_6' title="bbox 554 799 2132 876">
     <span class='ocr_line' id='line_1_6' title="bbox 554 799 2132 876; baseline -0.005 -14"><span class='ocrx_word' id='word_1_41' title='bbox 554 810 797 865; x_wconf 79' lang='lat' dir='ltr'><strong>Vidistiu‘</strong></span> <span class='ocrx_word' id='word_1_42' title='bbox 821 809 1098 863; x_wconf 83' lang='lat' dir='ltr'><strong>caritatem</strong></span> <span class='ocrx_word' id='word_1_43' title='bbox 1129 799 1326 876; x_wconf 86' lang='lat' dir='ltr'><strong>ubique</strong></span> <span class='ocrx_word' id='word_1_44' title='bbox 1371 817 1646 861; x_wconf 78' lang='lat' dir='ltr'><strong>extensam</strong></span> <span class='ocrx_word' id='word_1_45' title='bbox 1677 816 1731 860; x_wconf 92' lang='lat' dir='ltr'><strong>et</strong></span> <span class='ocrx_word' id='word_1_46' title='bbox 1758 805 1933 858; x_wconf 81' lang='lat' dir='ltr'><strong>omnia</strong></span> <span class='ocrx_word' id='word_1_47' title='bbox 1961 803 2132 857; x_wconf 88' lang='lat' dir='ltr'><strong>admi-</strong></span> 
     </span>
    </p>
   </div>
   <div class='ocr_carea' id='block_1_7' title="bbox 549 896 2130 966">
    <p class='ocr_par' dir='ltr' id='par_1_7' title="bbox 549 896 2130 966">
     <span class='ocr_line' id='line_1_7' title="bbox 549 896 2130 966; baseline -0.006 -11"><span class='ocrx_word' id='word_1_48' title='bbox 549 903 862 956; x_wconf 90' lang='lat' dir='ltr'><strong>nistrantem</strong></span> <span class='ocrx_word' id='word_1_49' title='bbox 883 899 906 952; x_wconf 89' lang='lat'><strong>?</strong></span> <span class='ocrx_word' id='word_1_50' title='bbox 927 898 1030 954; x_wconf 89' lang='lat' dir='ltr'><strong>Sed</strong></span> <span class='ocrx_word' id='word_1_51' title='bbox 1059 913 1125 952; x_wconf 91' lang='lat' dir='ltr'><strong>ne</strong></span> <span class='ocrx_word' id='word_1_52' title='bbox 1172 896 1480 966; x_wconf 80' lang='lat' dir='ltr'><strong>defatigeris</strong></span> <span class='ocrx_word' id='word_1_53' title='bbox 1509 897 1680 951; x_wconf 89' lang='lat' dir='ltr'><strong>donec</strong></span> <span class='ocrx_word' id='word_1_54' title='bbox 1731 896 1866 950; x_wconf 89' lang='lat' dir='ltr'><strong>hanc</strong></span> <span class='ocrx_word' id='word_1_55' title='bbox 1916 909 2130 948; x_wconf 82' lang='lat' dir='ltr'><strong>auream</strong></span> 
     </span>
    </p>
   </div>
   <div class='ocr_carea' id='block_1_8' title="bbox 547 984 2132 1054">
    <p class='ocr_par' dir='ltr' id='par_1_8' title="bbox 547 984 2132 1054">
     <span class='ocr_line' id='line_1_8' title="bbox 547 984 2132 1054; baseline -0.009 -5"><span class='ocrx_word' id='word_1_56' title='bbox 547 1005 788 1049; x_wconf 81' lang='lat' dir='ltr'><strong>catenam</strong></span> <span class='ocrx_word' id='word_1_57' title='bbox 819 990 1090 1046; x_wconf 81' lang='lat' dir='ltr'><strong>didiceris.</strong></span> <span class='ocrx_word' id='word_1_58' title='bbox 1125 990 1258 1044; x_wconf 87' lang='lat' dir='ltr'><strong>Cum</strong></span> <span class='ocrx_word' id='word_1_59' title='bbox 1288 988 1514 1044; x_wconf 80' lang='lat' dir='ltr'><strong>dixisset</strong></span> <span class='ocrx_word' id='word_1_60' title='bbox 1557 989 1699 1043; x_wconf 92' lang='lat' dir='ltr'><strong>enim</strong></span> <span class='ocrx_word' id='word_1_61' title='bbox 1727 1030 1742 1052; x_wconf 88' lang='lat'><strong>,</strong></span> <span class='ocrx_word' id='word_1_62' title='bbox 1793 985 1914 1040; x_wconf 85' lang='lat' dir='ltr'><strong>Non</strong></span> <span class='ocrx_word' id='word_1_63' title='bbox 1954 984 2132 1054; x_wconf 73' lang='lat' dir='ltr'><strong>qntrrit</strong></span> 
     </span>
    </p>
   </div>
   <div class='ocr_carea' id='block_1_9' title="bbox 547 1078 2133 1154">
    <p class='ocr_par' dir='ltr' id='par_1_9' title="bbox 547 1078 2133 1154">
     <span class='ocr_line' id='line_1_9' title="bbox 547 1078 2133 1154; baseline -0.004 -17"><span class='ocrx_word' id='word_1_64' title='bbox 547 1101 661 1154; x_wconf 74' lang='lat' dir='ltr'><strong>quae</strong></span> <span class='ocrx_word' id='word_1_65' title='bbox 685 1101 780 1138; x_wconf 85' lang='lat' dir='ltr'><strong>sua</strong></span> <span class='ocrx_word' id='word_1_66' title='bbox 813 1092 951 1146; x_wconf 85' lang='lat' dir='ltr'><strong>sunt,</strong></span> <span class='ocrx_word' id='word_1_67' title='bbox 973 1081 1102 1137; x_wconf 90' lang='lat' dir='ltr'><strong>dicit</strong></span> <span class='ocrx_word' id='word_1_68' title='bbox 1143 1096 1328 1135; x_wconf 87' lang='lat' dir='ltr'><strong>rursus</strong></span> <span class='ocrx_word' id='word_1_69' title='bbox 1356 1079 1494 1135; x_wconf 91' lang='lat' dir='ltr'><strong>bona</strong></span> <span class='ocrx_word' id='word_1_70' title='bbox 1521 1095 1643 1150; x_wconf 77' lang='lat' dir='ltr'><strong>qua:</strong></span> <span class='ocrx_word' id='word_1_71' title='bbox 1671 1078 1792 1133; x_wconf 89' lang='lat' dir='ltr'><strong>inde</strong></span> <span class='ocrx_word' id='word_1_72' title='bbox 1819 1087 2133 1132; x_wconf 88' lang='lat' dir='ltr'><strong>nascuntur.</strong></span> 
     </span>
    </p>
   </div>
   <div class='ocr_carea' id='block_1_10' title="bbox 547 1169 2134 1250">
    <p class='ocr_par' dir='ltr' id='par_1_10' title="bbox 547 1169 2134 1250">
     <span class='ocr_line' id='line_1_10' title="bbox 547 1169 2134 1250; baseline -0.008 -15"><span class='ocrx_word' id='word_1_73' title='bbox 547 1183 801 1250; x_wconf 69' lang='lat' dir='ltr'><strong>Quaznam</strong></span> <span class='ocrx_word' id='word_1_74' title='bbox 835 1177 966 1233; x_wconf 88' lang='lat' dir='ltr'><strong>illa?</strong></span> <span class='ocrx_word' id='word_1_75' title='bbox 997 1175 1120 1232; x_wconf 88' lang='lat' dir='ltr'><strong>Non</strong></span> <span class='ocrx_word' id='word_1_76' title='bbox 1144 1178 1392 1238; x_wconf 80' lang='lat' dir='ltr'><strong>irritatur,</strong></span> <span class='ocrx_word' id='word_1_77' title='bbox 1426 1191 1527 1229; x_wconf 90' lang='lat' dir='ltr'><strong>non</strong></span> <span class='ocrx_word' id='word_1_78' title='bbox 1549 1175 1734 1244; x_wconf 77' lang='lat' dir='ltr'><strong>cogitat</strong></span> <span class='ocrx_word' id='word_1_79' title='bbox 1762 1173 1972 1226; x_wconf 83' lang='lat' dir='ltr'><strong>malum.</strong></span> <span class='ocrx_word' id='word_1_80' title='bbox 2005 1169 2134 1224; x_wconf 89' lang='lat' dir='ltr'><strong>Vide</strong></span> 
     </span>
    </p>
   </div>
   <div class='ocr_carea' id='block_1_11' title="bbox 550 1265 2132 1336">
    <p class='ocr_par' dir='ltr' id='par_1_11' title="bbox 550 1265 2132 1336">
     <span class='ocr_line' id='line_1_11' title="bbox 550 1265 2132 1336; baseline -0.006 -9"><span class='ocrx_word' id='word_1_81' title='bbox 550 1287 765 1328; x_wconf 87' lang='lat' dir='ltr'><strong>rursum</strong></span> <span class='ocrx_word' id='word_1_82' title='bbox 791 1287 908 1326; x_wconf 89' lang='lat' dir='ltr'><strong>eam</strong></span> <span class='ocrx_word' id='word_1_83' title='bbox 940 1285 1044 1324; x_wconf 87' lang='lat' dir='ltr'><strong>non</strong></span> <span class='ocrx_word' id='word_1_84' title='bbox 1072 1269 1244 1324; x_wconf 89' lang='lat' dir='ltr'><strong>solum</strong></span> <span class='ocrx_word' id='word_1_85' title='bbox 1270 1270 1321 1322; x_wconf 94' lang='lat' dir='ltr'><strong>in</strong></span> <span class='ocrx_word' id='word_1_86' title='bbox 1349 1269 1532 1322; x_wconf 78' lang='lat' dir='ltr'><strong>vitium</strong></span> <span class='ocrx_word' id='word_1_87' title='bbox 1561 1268 1844 1336; x_wconf 90' lang='lat' dir='ltr'><strong>imperare,</strong></span> <span class='ocrx_word' id='word_1_88' title='bbox 1867 1265 1957 1320; x_wconf 88' lang='lat' dir='ltr'><strong>sed</strong></span> <span class='ocrx_word' id='word_1_89' title='bbox 1972 1265 2132 1320; x_wconf 89' lang='lat' dir='ltr'><strong>etiam</strong></span> 
     </span>
    </p>
   </div>
   <div class='ocr_carea' id='block_1_12' title="bbox 551 1356 2132 1430">
    <p class='ocr_par' dir='ltr' id='par_1_12' title="bbox 551 1356 2132 1430">
     <span class='ocr_line' id='line_1_12' title="bbox 551 1356 2132 1430; baseline -0.005 -12"><span class='ocrx_word' id='word_1_90' title='bbox 551 1381 656 1420; x_wconf 90' lang='lat' dir='ltr'><strong>non</strong></span> <span class='ocrx_word' id='word_1_91' title='bbox 686 1363 864 1419; x_wconf 87' lang='lat' dir='ltr'><strong>sinere</strong></span> <span class='ocrx_word' id='word_1_92' title='bbox 887 1370 945 1416; x_wconf 91' lang='lat' dir='ltr'><strong>ut</strong></span> <span class='ocrx_word' id='word_1_93' title='bbox 971 1363 1089 1427; x_wconf 90' lang='lat' dir='ltr'><strong>ejus</strong></span> <span class='ocrx_word' id='word_1_94' title='bbox 1117 1361 1398 1430; x_wconf 88' lang='lat' dir='ltr'><strong>imperium</strong></span> <span class='ocrx_word' id='word_1_95' title='bbox 1425 1361 1701 1415; x_wconf 84' lang='lat' dir='ltr'><strong>consistat.</strong></span> <span class='ocrx_word' id='word_1_96' title='bbox 1731 1358 1845 1413; x_wconf 84' lang='lat' dir='ltr'><strong>Non</strong></span> <span class='ocrx_word' id='word_1_97' title='bbox 1876 1357 2018 1413; x_wconf 89' lang='lat' dir='ltr'><strong>enim</strong></span> <span class='ocrx_word' id='word_1_98' title='bbox 2048 1356 2132 1410; x_wconf 90' lang='lat' dir='ltr'><strong>di-</strong></span> 
     </span>
    </p>
   </div>
   <div class='ocr_carea' id='block_1_13' title="bbox 550 1448 2130 1523">
    <p class='ocr_par' dir='ltr' id='par_1_13' title="bbox 550 1448 2130 1523">
     <span class='ocr_line' id='line_1_13' title="bbox 550 1448 2130 1523; baseline -0.006 -12"><span class='ocrx_word' id='word_1_99' title='bbox 550 1457 647 1522; x_wconf 85' lang='lat' dir='ltr'><strong>xit,</strong></span> <span class='ocrx_word' id='word_1_100' title='bbox 666 1456 910 1512; x_wconf 84' lang='lat' dir='ltr'><strong>irritatur</strong></span> <span class='ocrx_word' id='word_1_101' title='bbox 925 1452 1160 1523; x_wconf 89' lang='lat' dir='ltr'><strong>quidem,</strong></span> <span class='ocrx_word' id='word_1_102' title='bbox 1180 1451 1274 1506; x_wconf 88' lang='lat' dir='ltr'><strong>sed</strong></span> <span class='ocrx_word' id='word_1_103' title='bbox 1303 1457 1556 1521; x_wconf 88' lang='lat' dir='ltr'><strong>supcrat;</strong></span> <span class='ocrx_word' id='word_1_104' title='bbox 1588 1449 1704 1516; x_wconf 87' lang='lat' dir='ltr'><strong>sed,</strong></span> <span class='ocrx_word' id='word_1_105' title='bbox 1732 1448 2130 1512; x_wconf 72' lang='lat' dir='ltr'><strong>Non‘irritatur;</strong></span> 
     </span>
    </p>
   </div>
   <div class='ocr_carea' id='block_1_14' title="bbox 549 1539 2136 1618">
    <p class='ocr_par' dir='ltr' id='par_1_14' title="bbox 549 1539 2136 1618">
     <span class='ocr_line' id='line_1_14' title="bbox 549 1539 2136 1618; baseline -0.007 -16"><span class='ocrx_word' id='word_1_106' title='bbox 549 1562 725 1618; x_wconf 88' lang='lat' dir='ltr'><strong>neque</strong></span> <span class='ocrx_word' id='word_1_107' title='bbox 752 1546 904 1611; x_wconf 83' lang='lat' dir='ltr'><strong>dixit,</strong></span> <span class='ocrx_word' id='word_1_108' title='bbox 936 1543 1052 1598; x_wconf 86' lang='lat' dir='ltr'><strong>Non</strong></span> <span class='ocrx_word' id='word_1_109' title='bbox 1098 1553 1348 1613; x_wconf 83' lang='lat' dir='ltr'><strong>operatur</strong></span> <span class='ocrx_word' id='word_1_110' title='bbox 1401 1542 1620 1605; x_wconf 89' lang='lat' dir='ltr'><strong>malum,</strong></span> <span class='ocrx_word' id='word_1_111' title='bbox 1676 1539 1892 1604; x_wconf 76' lang='lat' dir='ltr'><strong>scd,Ne</strong></span> <span class='ocrx_word' id='word_1_112' title='bbox 1940 1540 2136 1610; x_wconf 79' lang='lat' dir='ltr'><strong>cogitat</strong></span> 
     </span>
    </p>
   </div>
   <div class='ocr_carea' id='block_1_15' title="bbox 550 1630 2139 1713">
    <p class='ocr_par' dir='ltr' id='par_1_15' title="bbox 550 1630 2139 1713">
     <span class='ocr_line' id='line_1_15' title="bbox 550 1630 2139 1713; baseline -0.006 -19"><span class='ocrx_word' id='word_1_113' title='bbox 550 1641 784 1713; x_wconf 89' lang='lat' dir='ltr'><strong>quidem.</strong></span> <span class='ocrx_word' id='word_1_114' title='bbox 816 1639 954 1693; x_wconf 69' lang='lat' dir='ltr'><strong>Nihil</strong></span> <span class='ocrx_word' id='word_1_115' title='bbox 995 1637 1136 1694; x_wconf 81' lang='lat' dir='ltr'><strong>enim</strong></span> <span class='ocrx_word' id='word_1_116' title='bbox 1170 1637 1292 1692; x_wconf 80' lang='lat' dir='ltr'><strong>ntali</strong></span> <span class='ocrx_word' id='word_1_117' title='bbox 1322 1652 1424 1688; x_wconf 91' lang='lat' dir='ltr'><strong>non</strong></span> <span class='ocrx_word' id='word_1_118' title='bbox 1449 1634 1610 1688; x_wconf 86' lang='lat' dir='ltr'><strong>modo</strong></span> <span class='ocrx_word' id='word_1_119' title='bbox 1631 1648 1734 1688; x_wconf 89' lang='lat' dir='ltr'><strong>non</strong></span> <span class='ocrx_word' id='word_1_120' title='bbox 1764 1641 2006 1702; x_wconf 77' lang='lat' dir='ltr'><strong>apparat,</strong></span> <span class='ocrx_word' id='word_1_121' title='bbox 2041 1630 2139 1685; x_wconf 85' lang='lat' dir='ltr'><strong>sed</strong></span> 
     </span>
    </p>
   </div>
   <div class='ocr_carea' id='block_1_16' title="bbox 553 1724 2134 1804">
    <p class='ocr_par' dir='ltr' id='par_1_16' title="bbox 553 1724 2134 1804">
     <span class='ocr_line' id='line_1_16' title="bbox 553 1724 2134 1804; baseline -0.008 -14"><span class='ocrx_word' id='word_1_122' title='bbox 553 1750 622 1790; x_wconf 88' lang='lat' dir='ltr'><strong>ne</strong></span> <span class='ocrx_word' id='word_1_123' title='bbox 649 1732 952 1804; x_wconf 80' lang='lat' dir='ltr'><strong>suspicatur</strong></span> <span class='ocrx_word' id='word_1_124' title='bbox 1002 1728 1217 1800; x_wconf 90' lang='lat' dir='ltr'><strong>quidem</strong></span> <span class='ocrx_word' id='word_1_125' title='bbox 1272 1727 1530 1781; x_wconf 88' lang='lat' dir='ltr'><strong>adversus</strong></span> <span class='ocrx_word' id='word_1_126' title='bbox 1581 1741 1702 1780; x_wconf 90' lang='lat' dir='ltr'><strong>eum</strong></span> <span class='ocrx_word' id='word_1_127' title='bbox 1744 1725 1832 1795; x_wconf 90' lang='lat' dir='ltr'><strong>qui</strong></span> <span class='ocrx_word' id='word_1_128' title='bbox 1879 1724 2134 1794; x_wconf 78' lang='lat' dir='ltr'><strong>diligitur.</strong></span> 
     </span>
    </p>
   </div>
   <div class='ocr_carea' id='block_1_17' title="bbox 552 1815 2132 1894">
    <p class='ocr_par' dir='ltr' id='par_1_17' title="bbox 552 1815 2132 1894">
     <span class='ocr_line' id='line_1_17' title="bbox 552 1815 2132 1894; baseline -0.008 -13"><span class='ocrx_word' id='word_1_129' title='bbox 552 1824 832 1894; x_wconf 82' lang='lat' dir='ltr'><strong>Quomodo</strong></span> <span class='ocrx_word' id='word_1_130' title='bbox 868 1839 1000 1894; x_wconf 83' lang='lat' dir='ltr'><strong>ergo</strong></span> <span class='ocrx_word' id='word_1_131' title='bbox 1042 1830 1261 1892; x_wconf 84' lang='lat' dir='ltr'><strong>operata</strong></span> <span class='ocrx_word' id='word_1_132' title='bbox 1314 1818 1474 1874; x_wconf 80' lang='lat' dir='ltr'><strong>fuerit</strong></span> <span class='ocrx_word' id='word_1_133' title='bbox 1499 1859 1514 1883; x_wconf 96' lang='lat'><strong>,</strong></span> <span class='ocrx_word' id='word_1_134' title='bbox 1546 1828 1638 1872; x_wconf 88' lang='lat' dir='ltr'><strong>aut</strong></span> <span class='ocrx_word' id='word_1_135' title='bbox 1664 1815 1934 1888; x_wconf 89' lang='lat' dir='ltr'><strong>quomodo</strong></span> <span class='ocrx_word' id='word_1_136' title='bbox 1959 1815 2132 1870; x_wconf 85' lang='lat' dir='ltr'><strong>irrite-</strong></span> 
     </span>
    </p>
   </div>
   <div class='ocr_carea' id='block_1_18' title="bbox 557 1909 2139 1988">
    <p class='ocr_par' dir='ltr' id='par_1_18' title="bbox 557 1909 2139 1988">
     <span class='ocr_line' id='line_1_18' title="bbox 557 1909 2139 1988; baseline -0.008 -14"><span class='ocrx_word' id='word_1_137' title='bbox 557 1930 660 1984; x_wconf 91' lang='lat' dir='ltr'><strong>tur,</strong></span> <span class='ocrx_word' id='word_1_138' title='bbox 693 1933 814 1988; x_wconf 73' lang='lat' dir='ltr'><strong>qua:</strong></span> <span class='ocrx_word' id='word_1_139' title='bbox 855 1931 923 1971; x_wconf 88' lang='lat' dir='ltr'><strong>ne</strong></span> <span class='ocrx_word' id='word_1_140' title='bbox 973 1913 1330 1984; x_wconf 88' lang='lat' dir='ltr'><strong>suspicionem</strong></span> <span class='ocrx_word' id='word_1_141' title='bbox 1375 1910 1591 1982; x_wconf 89' lang='lat' dir='ltr'><strong>quidem</strong></span> <span class='ocrx_word' id='word_1_142' title='bbox 1645 1909 1838 1964; x_wconf 89' lang='lat' dir='ltr'><strong>malam</strong></span> <span class='ocrx_word' id='word_1_143' title='bbox 1869 1909 2139 1978; x_wconf 82' lang='lat' dir='ltr'><strong>suspicere</strong></span> 
     </span>
    </p>
   </div>
   <div class='ocr_carea' id='block_1_19' title="bbox 554 1999 2141 2074">
    <p class='ocr_par' dir='ltr' id='par_1_19' title="bbox 554 1999 2141 2074">
     <span class='ocr_line' id='line_1_19' title="bbox 554 1999 2141 2074; baseline -0.007 -11"><span class='ocrx_word' id='word_1_144' title='bbox 554 2010 702 2074; x_wconf 84' lang='lat' dir='ltr'><strong>velit,</strong></span> <span class='ocrx_word' id='word_1_145' title='bbox 737 2007 877 2062; x_wconf 91' lang='lat' dir='ltr'><strong>unde</strong></span> <span class='ocrx_word' id='word_1_146' title='bbox 903 2004 1023 2060; x_wconf 80' lang='lat' dir='ltr'><strong>fons</strong></span> <span class='ocrx_word' id='word_1_147' title='bbox 1047 2015 1130 2060; x_wconf 91' lang='lat' dir='ltr'><strong>est</strong></span> <span class='ocrx_word' id='word_1_148' title='bbox 1152 2003 1388 2058; x_wconf 86' lang='lat' dir='ltr'><strong>amoris?</strong></span> <span class='ocrx_word' id='word_1_149' title='bbox 1418 2001 1471 2056; x_wconf 88' lang='lat'><strong>6.</strong></span> <span class='ocrx_word' id='word_1_150' title='bbox 1506 1999 1629 2056; x_wconf 86' lang='lat' dir='ltr'><strong>Non</strong></span> <span class='ocrx_word' id='word_1_151' title='bbox 1653 2001 1838 2072; x_wconf 78' lang='lat' dir='ltr'><strong>gaudet</strong></span> <span class='ocrx_word' id='word_1_152' title='bbox 1861 2016 2014 2071; x_wconf 83' lang='lat' dir='ltr'><strong>super</strong></span> <span class='ocrx_word' id='word_1_153' title='bbox 2041 2000 2141 2052; x_wconf 83' lang='lat' dir='ltr'><strong>ini-</strong></span> 
     </span>
    </p>
   </div>
   <div class='ocr_carea' id='block_1_20' title="bbox 554 2092 2140 2171">
    <p class='ocr_par' dir='ltr' id='par_1_20' title="bbox 554 2092 2140 2171">
     <span class='ocr_line' id='line_1_20' title="bbox 554 2092 2140 2171; baseline -0.006 -17"><span class='ocrx_word' id='word_1_154' title='bbox 554 2102 760 2171; x_wconf 83' lang='lat' dir='ltr'><strong>quitate.</strong></span> <span class='ocrx_word' id='word_1_155' title='bbox 810 2098 922 2155; x_wconf 80' lang='lat' dir='ltr'><strong>Hoc</strong></span> <span class='ocrx_word' id='word_1_156' title='bbox 945 2106 1048 2163; x_wconf 88' lang='lat' dir='ltr'><strong>est,</strong></span> <span class='ocrx_word' id='word_1_157' title='bbox 1081 2112 1185 2152; x_wconf 90' lang='lat' dir='ltr'><strong>non</strong></span> <span class='ocrx_word' id='word_1_158' title='bbox 1216 2096 1313 2164; x_wconf 84' lang='lat' dir='ltr'><strong>ipsi</strong></span> <span class='ocrx_word' id='word_1_159' title='bbox 1365 2096 1538 2164; x_wconf 83' lang='lat' dir='ltr'><strong>placet</strong></span> <span class='ocrx_word' id='word_1_160' title='bbox 1563 2093 1704 2163; x_wconf 90' lang='lat' dir='ltr'><strong>quod</strong></span> <span class='ocrx_word' id='word_1_161' title='bbox 1730 2093 1820 2146; x_wconf 87' lang='lat' dir='ltr'><strong>alii</strong></span> <span class='ocrx_word' id='word_1_162' title='bbox 1863 2092 2002 2149; x_wconf 88' lang='lat' dir='ltr'><strong>male</strong></span> <span class='ocrx_word' id='word_1_163' title='bbox 2045 2106 2140 2161; x_wconf 82' lang='lat' dir='ltr'><strong>pa—</strong></span> 
     </span>
    </p>
   </div>
   <div class='ocr_carea' id='block_1_21' title="bbox 561 2183 2144 2260">
    <p class='ocr_par' dir='ltr' id='par_1_21' title="bbox 561 2183 2144 2260">
     <span class='ocr_line' id='line_1_21' title="bbox 561 2183 2144 2260; baseline -0.005 -14"><span class='ocrx_word' id='word_1_164' title='bbox 561 2194 760 2247; x_wconf 89' lang='lat' dir='ltr'><strong>tiantur</strong></span> <span class='ocrx_word' id='word_1_165' title='bbox 791 2208 803 2243; x_wconf 88' lang='lat'><strong>:</strong></span> <span class='ocrx_word' id='word_1_166' title='bbox 835 2205 1010 2260; x_wconf 90' lang='lat' dir='ltr'><strong>neque</strong></span> <span class='ocrx_word' id='word_1_167' title='bbox 1038 2189 1138 2244; x_wconf 83' lang='lat' dir='ltr'><strong>hoc</strong></span> <span class='ocrx_word' id='word_1_168' title='bbox 1171 2195 1374 2242; x_wconf 87' lang='lat' dir='ltr'><strong>tantum</strong></span> <span class='ocrx_word' id='word_1_169' title='bbox 1400 2227 1414 2248; x_wconf 95' lang='lat'><strong>,</strong></span> <span class='ocrx_word' id='word_1_170' title='bbox 1444 2185 1539 2240; x_wconf 91' lang='lat' dir='ltr'><strong>sed</strong></span> <span class='ocrx_word' id='word_1_171' title='bbox 1570 2185 1711 2253; x_wconf 90' lang='lat' dir='ltr'><strong>quod</strong></span> <span class='ocrx_word' id='word_1_172' title='bbox 1761 2184 1917 2253; x_wconf 81' lang='lat' dir='ltr'><strong>longe</strong></span> <span class='ocrx_word' id='word_1_173' title='bbox 1969 2183 2144 2252; x_wconf 81' lang='lat' dir='ltr'><strong>majus</strong></span> 
     </span>
    </p>
   </div>
   <div class='ocr_carea' id='block_1_22' title="bbox 562 2273 2140 2351">
    <p class='ocr_par' dir='ltr' id='par_1_22' title="bbox 562 2273 2140 2351">
     <span class='ocr_line' id='line_1_22' title="bbox 562 2273 2140 2351; baseline -0.008 -13"><span class='ocrx_word' id='word_1_174' title='bbox 562 2292 667 2348; x_wconf 87' lang='lat' dir='ltr'><strong>est,</strong></span> <span class='ocrx_word' id='word_1_175' title='bbox 689 2280 976 2351; x_wconf 83' lang='lat' dir='ltr'><strong>Congaudet</strong></span> <span class='ocrx_word' id='word_1_176' title='bbox 1003 2289 1171 2333; x_wconf 86' lang='lat' dir='ltr'><strong>autem</strong></span> <span class='ocrx_word' id='word_1_177' title='bbox 1193 2277 1390 2332; x_wconf 85' lang='lat' dir='ltr'><strong>veritati</strong></span> <span class='ocrx_word' id='word_1_178' title='bbox 1421 2274 1596 2346; x_wconf 79' lang='lat' dir='ltr'><strong>(Rom.</strong></span> <span class='ocrx_word' id='word_1_179' title='bbox 1627 2274 1714 2330; x_wconf 79' lang='lat' dir='ltr'><strong>l2.</strong></span> <span class='ocrx_word' id='word_1_180' title='bbox 1746 2274 1866 2346; x_wconf 81' lang='lat' dir='ltr'><strong>l5).</strong></span> <span class='ocrx_word' id='word_1_181' title='bbox 1891 2273 2140 2329; x_wconf 80' lang='lat' dir='ltr'><strong>Gratula-</strong></span> 
     </span>
    </p>
   </div>
   <div class='ocr_carea' id='block_1_23' title="bbox 566 2366 2144 2445">
    <p class='ocr_par' dir='ltr' id='par_1_23' title="bbox 566 2366 2144 2445">
     <span class='ocr_line' id='line_1_23' title="bbox 566 2366 2144 2445; baseline -0.006 -16"><span class='ocrx_word' id='word_1_182' title='bbox 566 2385 668 2438; x_wconf 88' lang='lat' dir='ltr'><strong>tur,</strong></span> <span class='ocrx_word' id='word_1_183' title='bbox 711 2375 900 2445; x_wconf 89' lang='lat' dir='ltr'><strong>inquit,</strong></span> <span class='ocrx_word' id='word_1_184' title='bbox 933 2373 1018 2437; x_wconf 91' lang='lat' dir='ltr'><strong>iis,</strong></span> <span class='ocrx_word' id='word_1_185' title='bbox 1052 2375 1141 2442; x_wconf 90' lang='lat' dir='ltr'><strong>qui</strong></span> <span class='ocrx_word' id='word_1_186' title='bbox 1185 2371 1320 2426; x_wconf 83' lang='lat' dir='ltr'><strong>bene</strong></span> <span class='ocrx_word' id='word_1_187' title='bbox 1347 2385 1460 2424; x_wconf 85' lang='lat' dir='ltr'><strong>rem</strong></span> <span class='ocrx_word' id='word_1_188' title='bbox 1491 2376 1713 2439; x_wconf 85' lang='lat' dir='ltr'><strong>gerunt;</strong></span> <span class='ocrx_word' id='word_1_189' title='bbox 1747 2367 1797 2422; x_wconf 90' lang='lat' dir='ltr'><strong>id</strong></span> <span class='ocrx_word' id='word_1_190' title='bbox 1823 2366 1964 2437; x_wconf 89' lang='lat' dir='ltr'><strong>quod</strong></span> <span class='ocrx_word' id='word_1_191' title='bbox 2013 2366 2144 2420; x_wconf 87' lang='lat' dir='ltr'><strong>dicit</strong></span> 
     </span>
    </p>
   </div>
   <div class='ocr_carea' id='block_1_24' title="bbox 564 2462 2143 2534">
    <p class='ocr_par' dir='ltr' id='par_1_24' title="bbox 564 2462 2143 2534">
     <span class='ocr_line' id='line_1_24' title="bbox 564 2462 2143 2534; baseline -0.006 -11"><span class='ocrx_word' id='word_1_192' title='bbox 564 2468 756 2523; x_wconf 80' lang='lat' dir='ltr'><strong>Paulus</strong></span> <span class='ocrx_word' id='word_1_193' title='bbox 789 2485 802 2522; x_wconf 90' lang='lat'>:</span> <span class='ocrx_word' id='word_1_194' title='bbox 845 2466 1080 2521; x_wconf 83' lang='lat' dir='ltr'><strong>Gaudere</strong></span> <span class='ocrx_word' id='word_1_195' title='bbox 1102 2481 1217 2518; x_wconf 90' lang='lat' dir='ltr'><strong>cum</strong></span> <span class='ocrx_word' id='word_1_196' title='bbox 1237 2463 1576 2534; x_wconf 82' lang='lat' dir='ltr'><strong>gaudentibus</strong></span> <span class='ocrx_word' id='word_1_197' title='bbox 1595 2504 1612 2529; x_wconf 91' lang='lat'><strong>,</strong></span> <span class='ocrx_word' id='word_1_198' title='bbox 1645 2471 1691 2517; x_wconf 89' lang='lat' dir='ltr'><strong>et</strong></span> <span class='ocrx_word' id='word_1_199' title='bbox 1716 2463 1839 2532; x_wconf 80' lang='lat' dir='ltr'><strong>ﬂere</strong></span> <span class='ocrx_word' id='word_1_200' title='bbox 1863 2477 1976 2514; x_wconf 86' lang='lat' dir='ltr'><strong>cum</strong></span> <span class='ocrx_word' id='word_1_201' title='bbox 2008 2462 2143 2529; x_wconf 78' lang='lat' dir='ltr'><strong>[len-</strong></span> 
     </span>
    </p>
   </div>
   <div class='ocr_carea' id='block_1_25' title="bbox 563 2552 2145 2620">
    <p class='ocr_par' dir='ltr' id='par_1_25' title="bbox 563 2552 2145 2620">
     <span class='ocr_line' id='line_1_25' title="bbox 563 2552 2145 2620; baseline -0.004 -8"><span class='ocrx_word' id='word_1_202' title='bbox 563 2560 711 2614; x_wconf 86' lang='lat' dir='ltr'><strong>tibus.</strong></span> <span class='ocrx_word' id='word_1_203' title='bbox 743 2558 878 2613; x_wconf 88' lang='lat' dir='ltr'><strong>Hinc</strong></span> <span class='ocrx_word' id='word_1_204' title='bbox 906 2572 1010 2612; x_wconf 91' lang='lat' dir='ltr'><strong>non</strong></span> <span class='ocrx_word' id='word_1_205' title='bbox 1038 2555 1342 2620; x_wconf 67' lang='lat' dir='ltr'><strong>tumulatur,</strong></span> <span class='ocrx_word' id='word_1_206' title='bbox 1375 2553 1499 2608; x_wconf 89' lang='lat' dir='ltr'><strong>hinc</strong></span> <span class='ocrx_word' id='word_1_207' title='bbox 1522 2569 1626 2607; x_wconf 90' lang='lat' dir='ltr'><strong>non</strong></span> <span class='ocrx_word' id='word_1_208' title='bbox 1651 2552 1866 2607; x_wconf 85' lang='lat' dir='ltr'><strong>inﬂatur</strong></span> <span class='ocrx_word' id='word_1_209' title='bbox 1903 2569 1917 2606; x_wconf 90' lang='lat'><strong>:</strong></span> <span class='ocrx_word' id='word_1_210' title='bbox 1949 2553 2145 2607; x_wconf 86' lang='lat' dir='ltr'><strong>etenim</strong></span> 
     </span>
    </p>
   </div>
   <div class='ocr_carea' id='block_1_26' title="bbox 563 2642 2147 2711">
    <p class='ocr_par' dir='ltr' id='par_1_26' title="bbox 563 2642 2147 2711">
     <span class='ocr_line' id='line_1_26' title="bbox 563 2642 2147 2711; baseline -0.006 -6"><span class='ocrx_word' id='word_1_211' title='bbox 563 2651 735 2706; x_wconf 90' lang='lat' dir='ltr'><strong>aliena</strong></span> <span class='ocrx_word' id='word_1_212' title='bbox 768 2649 903 2704; x_wconf 88' lang='lat' dir='ltr'><strong>bona</strong></span> <span class='ocrx_word' id='word_1_213' title='bbox 930 2663 1024 2702; x_wconf 87' lang='lat' dir='ltr'><strong>sua</strong></span> <span class='ocrx_word' id='word_1_214' title='bbox 1055 2661 1174 2702; x_wconf 87' lang='lat' dir='ltr'><strong>esse</strong></span> <span class='ocrx_word' id='word_1_215' title='bbox 1199 2647 1489 2701; x_wconf 82' lang='lat' dir='ltr'><strong>existimat.</strong></span> <span class='ocrx_word' id='word_1_216' title='bbox 1510 2643 1697 2698; x_wconf 84' lang='lat' dir='ltr'><strong>Viden‘</strong></span> <span class='ocrx_word' id='word_1_217' title='bbox 1719 2642 1994 2711; x_wconf 83' lang='lat' dir='ltr'><strong>quomodo</strong></span> <span class='ocrx_word' id='word_1_218' title='bbox 2007 2644 2147 2698; x_wconf 85' lang='lat' dir='ltr'><strong>cari-</strong></span> 
     </span>
    </p>
   </div>
   <div class='ocr_carea' id='block_1_27' title="bbox 567 2734 2146 2809">
    <p class='ocr_par' dir='ltr' id='par_1_27' title="bbox 567 2734 2146 2809">
     <span class='ocr_line' id='line_1_27' title="bbox 567 2734 2146 2809; baseline -0.007 -9"><span class='ocrx_word' id='word_1_219' title='bbox 567 2755 647 2800; x_wconf 89' lang='lat' dir='ltr'><strong>tas</strong></span> <span class='ocrx_word' id='word_1_220' title='bbox 701 2744 974 2799; x_wconf 88' lang='lat' dir='ltr'><strong>alumnum</strong></span> <span class='ocrx_word' id='word_1_221' title='bbox 1002 2755 1157 2796; x_wconf 89' lang='lat' dir='ltr'><strong>suum</strong></span> <span class='ocrx_word' id='word_1_222' title='bbox 1189 2739 1438 2809; x_wconf 87' lang='lat' dir='ltr'><strong>paulatim</strong></span> <span class='ocrx_word' id='word_1_223' title='bbox 1491 2737 1737 2806; x_wconf 86' lang='lat' dir='ltr'><strong>angelum</strong></span> <span class='ocrx_word' id='word_1_224' title='bbox 1767 2734 1963 2792; x_wconf 80' lang='lat' dir='ltr'><strong>faciat?</strong></span> <span class='ocrx_word' id='word_1_225' title='bbox 2017 2735 2146 2791; x_wconf 83' lang='lat' dir='ltr'><strong>Cum</strong></span> 
     </span>
    </p>
   </div>
   <div class='ocr_carea' id='block_1_28' title="bbox 567 2829 2152 2902">
    <p class='ocr_par' dir='ltr' id='par_1_28' title="bbox 567 2829 2152 2902">
     <span class='ocr_line' id='line_1_28' title="bbox 567 2829 2152 2902; baseline -0.006 -11"><span class='ocrx_word' id='word_1_226' title='bbox 567 2836 708 2892; x_wconf 89' lang='lat' dir='ltr'><strong>enim</strong></span> <span class='ocrx_word' id='word_1_227' title='bbox 750 2835 843 2889; x_wconf 74' lang='lat' dir='ltr'><strong>ira:</strong></span> <span class='ocrx_word' id='word_1_228' title='bbox 857 2848 1051 2902; x_wconf 82' lang='lat' dir='ltr'><strong>expers</strong></span> <span class='ocrx_word' id='word_1_229' title='bbox 1078 2833 1170 2898; x_wconf 89' lang='lat' dir='ltr'><strong>sit,</strong></span> <span class='ocrx_word' id='word_1_230' title='bbox 1197 2832 1266 2886; x_wconf 89' lang='lat' dir='ltr'><strong>ab</strong></span> <span class='ocrx_word' id='word_1_231' title='bbox 1287 2831 1481 2885; x_wconf 78' lang='lat' dir='ltr'><strong>invidia</strong></span> <span class='ocrx_word' id='word_1_232' title='bbox 1515 2845 1700 2900; x_wconf 88' lang='lat' dir='ltr'><strong>purus,</strong></span> <span class='ocrx_word' id='word_1_233' title='bbox 1725 2839 1778 2884; x_wconf 92' lang='lat' dir='ltr'><strong>ct</strong></span> <span class='ocrx_word' id='word_1_234' title='bbox 1809 2829 1876 2883; x_wconf 92' lang='lat' dir='ltr'><strong>ab</strong></span> <span class='ocrx_word' id='word_1_235' title='bbox 1894 2829 2038 2883; x_wconf 93' lang='lat' dir='ltr'><strong>omni</strong></span> <span class='ocrx_word' id='word_1_236' title='bbox 2071 2837 2152 2900; x_wconf 83' lang='lat' dir='ltr'><strong>ty-</strong></span> 
     </span>
    </p>
   </div>
   <div class='ocr_carea' id='block_1_29' title="bbox 570 2922 2149 2994">
    <p class='ocr_par' dir='ltr' id='par_1_29' title="bbox 570 2922 2149 2994">
     <span class='ocr_line' id='line_1_29' title="bbox 570 2922 2149 2994; baseline -0.005 -12"><span class='ocrx_word' id='word_1_237' title='bbox 570 2927 790 2983; x_wconf 82' lang='lat' dir='ltr'><strong>rannica</strong></span> <span class='ocrx_word' id='word_1_238' title='bbox 831 2927 960 2981; x_wconf 85' lang='lat' dir='ltr'><strong>vitio</strong></span> <span class='ocrx_word' id='word_1_239' title='bbox 989 2926 1123 2980; x_wconf 86' lang='lat' dir='ltr'><strong>liber</strong></span> <span class='ocrx_word' id='word_1_240' title='bbox 1146 2964 1162 2990; x_wconf 96' lang='lat'><strong>,</strong></span> <span class='ocrx_word' id='word_1_241' title='bbox 1191 2925 1364 2994; x_wconf 80' lang='lat' dir='ltr'><strong>Cogita</strong></span> <span class='ocrx_word' id='word_1_242' title='bbox 1396 2924 1542 2978; x_wconf 88' lang='lat' dir='ltr'><strong>illum</strong></span> <span class='ocrx_word' id='word_1_243' title='bbox 1574 2923 1641 2978; x_wconf 89' lang='lat' dir='ltr'><strong>ab</strong></span> <span class='ocrx_word' id='word_1_244' title='bbox 1683 2922 1914 2976; x_wconf 86' lang='lat' dir='ltr'><strong>humana</strong></span> <span class='ocrx_word' id='word_1_245' title='bbox 1963 2930 2149 2974; x_wconf 87' lang='lat' dir='ltr'><strong>natura</strong></span> 
     </span>
    </p>
   </div>
   <div class='ocr_carea' id='block_1_30' title="bbox 567 3012 2152 3086">
    <p class='ocr_par' dir='ltr' id='par_1_30' title="bbox 567 3012 2152 3086">
     <span class='ocr_line' id='line_1_30' title="bbox 567 3012 2152 3086; baseline -0.008 -12"><span class='ocrx_word' id='word_1_246' title='bbox 567 3019 874 3084; x_wconf 86' lang='lat' dir='ltr'><strong>abductum,</strong></span> <span class='ocrx_word' id='word_1_247' title='bbox 904 3017 972 3071; x_wconf 89' lang='lat' dir='ltr'><strong>ad</strong></span> <span class='ocrx_word' id='word_1_248' title='bbox 1000 3017 1167 3086; x_wconf 88' lang='lat' dir='ltr'><strong>ipsam</strong></span> <span class='ocrx_word' id='word_1_249' title='bbox 1208 3015 1518 3085; x_wconf 87' lang='lat' dir='ltr'><strong>angelorum</strong></span> <span class='ocrx_word' id='word_1_250' title='bbox 1549 3012 2028 3082; x_wconf 88' lang='lat' dir='ltr'><strong>impassibilitatem</strong></span> <span class='ocrx_word' id='word_1_251' title='bbox 2056 3028 2152 3080; x_wconf 89' lang='lat' dir='ltr'><strong>ap-</strong></span> 
     </span>
    </p>
   </div>
   <div class='ocr_carea' id='block_1_31' title="bbox 570 3105 2152 3181">
    <p class='ocr_par' dir='ltr' id='par_1_31' title="bbox 570 3105 2152 3181">
     <span class='ocr_line' id='line_1_31' title="bbox 570 3105 2152 3181; baseline -0.002 -18"><span class='ocrx_word' id='word_1_252' title='bbox 570 3111 791 3181; x_wconf 84' lang='lat' dir='ltr'><strong>pulisse.</strong></span> <span class='ocrx_word' id='word_1_253' title='bbox 839 3112 1088 3165; x_wconf 82' lang='lat' dir='ltr'><strong>Attamen</strong></span> <span class='ocrx_word' id='word_1_254' title='bbox 1119 3124 1223 3164; x_wconf 91' lang='lat' dir='ltr'><strong>non</strong></span> <span class='ocrx_word' id='word_1_255' title='bbox 1274 3107 1358 3162; x_wconf 87' lang='lat' dir='ltr'><strong>his</strong></span> <span class='ocrx_word' id='word_1_256' title='bbox 1401 3116 1686 3162; x_wconf 82' lang='lat' dir='ltr'><strong>contentus</strong></span> <span class='ocrx_word' id='word_1_257' title='bbox 1733 3114 1854 3171; x_wconf 84' lang='lat' dir='ltr'><strong>est,</strong></span> <span class='ocrx_word' id='word_1_258' title='bbox 1904 3105 1996 3160; x_wconf 89' lang='lat' dir='ltr'><strong>sed</strong></span> <span class='ocrx_word' id='word_1_259' title='bbox 2027 3106 2152 3175; x_wconf 88' lang='lat' dir='ltr'><strong>qttid</strong></span> 
     </span>
    </p>
   </div>
   <div class='ocr_carea' id='block_1_32' title="bbox 570 3197 2154 3270">
    <p class='ocr_par' dir='ltr' id='par_1_32' title="bbox 570 3197 2154 3270">
     <span class='ocr_line' id='line_1_32' title="bbox 570 3197 2154 3270; baseline -0.006 -11"><span class='ocrx_word' id='word_1_260' title='bbox 570 3207 731 3259; x_wconf 88' lang='lat' dir='ltr'><strong>etiam</strong></span> <span class='ocrx_word' id='word_1_261' title='bbox 785 3202 866 3256; x_wconf 90' lang='lat' dir='ltr'><strong>his</strong></span> <span class='ocrx_word' id='word_1_262' title='bbox 893 3202 1066 3270; x_wconf 84' lang='lat' dir='ltr'><strong>majus</strong></span> <span class='ocrx_word' id='word_1_263' title='bbox 1090 3199 1373 3255; x_wconf 86' lang='lat' dir='ltr'><strong>dicendum</strong></span> <span class='ocrx_word' id='word_1_264' title='bbox 1402 3199 1560 3253; x_wconf 85' lang='lat' dir='ltr'><strong>habet</strong></span> <span class='ocrx_word' id='word_1_265' title='bbox 1589 3215 1604 3253; x_wconf 87' lang='lat'><strong>:</strong></span> <span class='ocrx_word' id='word_1_266' title='bbox 1635 3214 1756 3252; x_wconf 91' lang='lat' dir='ltr'><strong>nam</strong></span> <span class='ocrx_word' id='word_1_267' title='bbox 1782 3212 1903 3268; x_wconf 69' lang='lat' dir='ltr'><strong>qua:</strong></span> <span class='ocrx_word' id='word_1_268' title='bbox 1936 3197 2154 3250; x_wconf 81' lang='lat' dir='ltr'><strong>fortiora</strong></span> 
     </span>
    </p>
   </div>
   <div class='ocr_carea' id='block_1_33' title="bbox 571 3288 2157 3364">
    <p class='ocr_par' dir='ltr' id='par_1_33' title="bbox 571 3288 2157 3364">
     <span class='ocr_line' id='line_1_33' title="bbox 571 3288 2157 3364; baseline -0.007 -15"><span class='ocrx_word' id='word_1_269' title='bbox 571 3303 696 3349; x_wconf 85' lang='lat' dir='ltr'><strong>sunt</strong></span> <span class='ocrx_word' id='word_1_270' title='bbox 740 3303 1020 3364; x_wconf 83' lang='lat' dir='ltr'><strong>postremo</strong></span> <span class='ocrx_word' id='word_1_271' title='bbox 1044 3291 1213 3358; x_wconf 89' lang='lat' dir='ltr'><strong>ponit.</strong></span> <span class='ocrx_word' id='word_1_272' title='bbox 1246 3290 1583 3359; x_wconf 85' lang='lat' dir='ltr'><strong>Quapropter</strong></span> <span class='ocrx_word' id='word_1_273' title='bbox 1611 3289 1742 3343; x_wconf 90' lang='lat' dir='ltr'><strong>dicit</strong></span> <span class='ocrx_word' id='word_1_274' title='bbox 1774 3306 1787 3342; x_wconf 90' lang='lat'><strong>:</strong></span> <span class='ocrx_word' id='word_1_275' title='bbox 1824 3288 2008 3341; x_wconf 85' lang='lat' dir='ltr'><strong>Omnia</strong></span> <span class='ocrx_word' id='word_1_276' title='bbox 2047 3289 2157 3358; x_wconf 76' lang='lat' dir='ltr'><strong>suf-</strong></span> 
     </span>
    </p>
   </div>
   <div class='ocr_carea' id='block_1_34' title="bbox 572 3379 2156 3453">
    <p class='ocr_par' dir='ltr' id='par_1_34' title="bbox 572 3379 2156 3453">
     <span class='ocr_line' id='line_1_34' title="bbox 572 3379 2156 3453; baseline -0.004 -15"><span class='ocrx_word' id='word_1_277' title='bbox 572 3383 689 3451; x_wconf 78' lang='lat' dir='ltr'><strong>fert.</strong></span> <span class='ocrx_word' id='word_1_278' title='bbox 730 3388 775 3438; x_wconf 81' lang='lat' dir='ltr'><strong>A</strong></span> <span class='ocrx_word' id='word_1_279' title='bbox 808 3383 1088 3453; x_wconf 87' lang='lat' dir='ltr'><strong>patientia,</strong></span> <span class='ocrx_word' id='word_1_280' title='bbox 1126 3396 1156 3435; x_wconf 91' lang='lat' dir='ltr'><strong>a</strong></span> <span class='ocrx_word' id='word_1_281' title='bbox 1183 3380 1624 3445; x_wconf 89' lang='lat' dir='ltr'><strong>mansuetudine;</strong></span> <span class='ocrx_word' id='word_1_282' title='bbox 1677 3381 1789 3434; x_wconf 87' lang='lat' dir='ltr'><strong>sive</strong></span> <span class='ocrx_word' id='word_1_283' title='bbox 1819 3379 2156 3434; x_wconf 80' lang='lat' dir='ltr'><strong>contumelia:</strong></span> 
     </span>
    </p>
   </div>
   <div class='ocr_carea' id='block_1_35' title="bbox 573 3469 2160 3544">
    <p class='ocr_par' dir='ltr' id='par_1_35' title="bbox 573 3469 2160 3544">
     <span class='ocr_line' id='line_1_35' title="bbox 573 3469 2160 3544; baseline -0.006 -12"><span class='ocrx_word' id='word_1_284' title='bbox 573 3477 700 3544; x_wconf 89' lang='lat' dir='ltr'><strong>sint,</strong></span> <span class='ocrx_word' id='word_1_285' title='bbox 727 3476 841 3530; x_wconf 86' lang='lat' dir='ltr'><strong>sive</strong></span> <span class='ocrx_word' id='word_1_286' title='bbox 873 3474 1060 3544; x_wconf 70' lang='lat' dir='ltr'><strong>plagze,</strong></span> <span class='ocrx_word' id='word_1_287' title='bbox 1090 3473 1202 3528; x_wconf 91' lang='lat' dir='ltr'><strong>sive</strong></span> <span class='ocrx_word' id='word_1_288' title='bbox 1223 3488 1388 3536; x_wconf 91' lang='lat' dir='ltr'><strong>mors,</strong></span> <span class='ocrx_word' id='word_1_289' title='bbox 1408 3473 1520 3526; x_wconf 87' lang='lat' dir='ltr'><strong>sive</strong></span> <span class='ocrx_word' id='word_1_290' title='bbox 1546 3470 1756 3542; x_wconf 89' lang='lat' dir='ltr'><strong>quidvis</strong></span> <span class='ocrx_word' id='word_1_291' title='bbox 1777 3469 1941 3525; x_wconf 88' lang='lat' dir='ltr'><strong>aliud.</strong></span> <span class='ocrx_word' id='word_1_292' title='bbox 1971 3471 2032 3524; x_wconf 68' lang='lat' dir='ltr'><strong>lit</strong></span> <span class='ocrx_word' id='word_1_293' title='bbox 2059 3469 2160 3523; x_wconf 89' lang='lat' dir='ltr'><strong>hoc</strong></span> 
     </span>
    </p>
   </div>
   <div class='ocr_carea' id='block_1_36' title="bbox 574 3561 2161 3633">
    <p class='ocr_par' dir='ltr' id='par_1_36' title="bbox 574 3561 2161 3633">
     <span class='ocr_line' id='line_1_36' title="bbox 574 3561 2161 3633; baseline -0.005 -11"><span class='ocrx_word' id='word_1_294' title='bbox 574 3581 759 3622; x_wconf 91' lang='lat' dir='ltr'><strong>rursus</strong></span> <span class='ocrx_word' id='word_1_295' title='bbox 785 3581 850 3622; x_wconf 86' lang='lat' dir='ltr'><strong>ex</strong></span> <span class='ocrx_word' id='word_1_296' title='bbox 874 3565 1029 3621; x_wconf 89' lang='lat' dir='ltr'><strong>beato</strong></span> <span class='ocrx_word' id='word_1_297' title='bbox 1044 3564 1240 3619; x_wconf 87' lang='lat' dir='ltr'><strong>Davide</strong></span> <span class='ocrx_word' id='word_1_298' title='bbox 1265 3564 1493 3633; x_wconf 87' lang='lat' dir='ltr'><strong>perspici</strong></span> <span class='ocrx_word' id='word_1_299' title='bbox 1514 3572 1711 3633; x_wconf 87' lang='lat' dir='ltr'><strong>potest.</strong></span> <span class='ocrx_word' id='word_1_300' title='bbox 1733 3561 1869 3630; x_wconf 85' lang='lat' dir='ltr'><strong>Quid</strong></span> <span class='ocrx_word' id='word_1_301' title='bbox 1884 3561 2025 3616; x_wconf 90' lang='lat' dir='ltr'><strong>enim</strong></span> <span class='ocrx_word' id='word_1_302' title='bbox 2054 3576 2161 3615; x_wconf 88' lang='lat' dir='ltr'><strong>mo-</strong></span> 
     </span>
    </p>
   </div>
   <div class='ocr_carea' id='block_1_37' title="bbox 575 3655 2160 3727">
    <p class='ocr_par' dir='ltr' id='par_1_37' title="bbox 575 3655 2160 3727">
     <span class='ocr_line' id='line_1_37' title="bbox 575 3655 2160 3727; baseline -0.004 -14"><span class='ocrx_word' id='word_1_303' title='bbox 575 3659 762 3716; x_wconf 89' lang='lat' dir='ltr'><strong>lestius</strong></span> <span class='ocrx_word' id='word_1_304' title='bbox 783 3668 886 3720; x_wconf 84' lang='lat' dir='ltr'><strong>est.</strong></span> <span class='ocrx_word' id='word_1_305' title='bbox 918 3674 1076 3727; x_wconf 89' lang='lat' dir='ltr'><strong>quam</strong></span> <span class='ocrx_word' id='word_1_306' title='bbox 1106 3655 1288 3711; x_wconf 89' lang='lat' dir='ltr'><strong>videre</strong></span> <span class='ocrx_word' id='word_1_307' title='bbox 1313 3657 1478 3709; x_wconf 89' lang='lat' dir='ltr'><strong>lilium</strong></span> <span class='ocrx_word' id='word_1_308' title='bbox 1508 3655 1869 3724; x_wconf 81' lang='lat' dir='ltr'><strong>insurgentem</strong></span> <span class='ocrx_word' id='word_1_309' title='bbox 1899 3662 1952 3708; x_wconf 90' lang='lat' dir='ltr'><strong>ct</strong></span> <span class='ocrx_word' id='word_1_310' title='bbox 1978 3663 2160 3724; x_wconf 84' lang='lat' dir='ltr'><strong>tyran-</strong></span> 
     </span>
    </p>
   </div>
   <div class='ocr_carea' id='block_1_38' title="bbox 576 3743 2161 3817">
    <p class='ocr_par' dir='ltr' id='par_1_38' title="bbox 576 3743 2161 3817">
     <span class='ocr_line' id='line_1_38' title="bbox 576 3743 2161 3817; baseline -0.007 -10"><span class='ocrx_word' id='word_1_311' title='bbox 576 3751 750 3808; x_wconf 89' lang='lat' dir='ltr'><strong>nidem</strong></span> <span class='ocrx_word' id='word_1_312' title='bbox 763 3749 1099 3805; x_wconf 76' lang='lat' dir='ltr'><strong>aﬂ&#39;ectantem</strong></span> <span class='ocrx_word' id='word_1_313' title='bbox 1116 3758 1502 3817; x_wconf 88' lang='lat' dir='ltr'><strong>paternumque</strong></span> <span class='ocrx_word' id='word_1_314' title='bbox 1519 3746 1830 3817; x_wconf 85' lang='lat' dir='ltr'><strong>sanguinem</strong></span> <span class='ocrx_word' id='word_1_315' title='bbox 1855 3745 2121 3798; x_wconf 81' lang='lat' dir='ltr'><strong>sitientem</strong></span> <span class='ocrx_word' id='word_1_316' title='bbox 2139 3743 2161 3796; x_wconf 88' lang='lat'><strong>?</strong></span> 
     </span>
    </p>
   </div>
   <div class='ocr_carea' id='block_1_39' title="bbox 575 3836 2161 3907">
    <p class='ocr_par' dir='ltr' id='par_1_39' title="bbox 575 3836 2161 3907">
     <span class='ocr_line' id='line_1_39' title="bbox 575 3836 2161 3907; baseline -0.008 -7"><span class='ocrx_word' id='word_1_317' title='bbox 575 3843 680 3900; x_wconf 88' lang='lat' dir='ltr'><strong>Sed</strong></span> <span class='ocrx_word' id='word_1_318' title='bbox 709 3851 766 3899; x_wconf 89' lang='lat' dir='ltr'><strong>et</strong></span> <span class='ocrx_word' id='word_1_319' title='bbox 786 3841 890 3897; x_wconf 89' lang='lat' dir='ltr'><strong>hoc</strong></span> <span class='ocrx_word' id='word_1_320' title='bbox 916 3841 1036 3895; x_wconf 90' lang='lat' dir='ltr'><strong>tulit</strong></span> <span class='ocrx_word' id='word_1_321' title='bbox 1062 3840 1248 3895; x_wconf 89' lang='lat' dir='ltr'><strong>beatus</strong></span> <span class='ocrx_word' id='word_1_322' title='bbox 1272 3839 1393 3902; x_wconf 90' lang='lat' dir='ltr'><strong>ille;</strong></span> <span class='ocrx_word' id='word_1_323' title='bbox 1419 3853 1588 3907; x_wconf 82' lang='lat' dir='ltr'><strong>neque</strong></span> <span class='ocrx_word' id='word_1_324' title='bbox 1630 3838 1702 3890; x_wconf 91' lang='lat' dir='ltr'><strong>ita</strong></span> <span class='ocrx_word' id='word_1_325' title='bbox 1737 3836 2161 3890; x_wconf 73' lang='lat' dir='ltr'><strong>susﬁnuitacer-</strong></span> 
     </span>
    </p>
   </div>
   <div class='ocr_carea' id='block_1_40' title="bbox 578 3925 2162 4000">
    <p class='ocr_par' dir='ltr' id='par_1_40' title="bbox 578 3925 2162 4000">
     <span class='ocr_line' id='line_1_40' title="bbox 578 3925 2162 4000; baseline -0.008 -10"><span class='ocrx_word' id='word_1_326' title='bbox 578 3935 703 3990; x_wconf 92' lang='lat' dir='ltr'><strong>bum</strong></span> <span class='ocrx_word' id='word_1_327' title='bbox 726 3932 948 3988; x_wconf 88' lang='lat' dir='ltr'><strong>verbum</strong></span> <span class='ocrx_word' id='word_1_328' title='bbox 971 3931 1218 3986; x_wconf 88' lang='lat' dir='ltr'><strong>emittere</strong></span> <span class='ocrx_word' id='word_1_329' title='bbox 1235 3941 1420 3984; x_wconf 88' lang='lat' dir='ltr'><strong>contra</strong></span> <span class='ocrx_word' id='word_1_330' title='bbox 1449 3926 1789 4000; x_wconf 87' lang='lat' dir='ltr'><strong>parricidam,</strong></span> <span class='ocrx_word' id='word_1_331' title='bbox 1809 3926 1900 3980; x_wconf 89' lang='lat' dir='ltr'><strong>sed</strong></span> <span class='ocrx_word' id='word_1_332' title='bbox 1915 3940 2034 3979; x_wconf 90' lang='lat' dir='ltr'><strong>cum</strong></span> <span class='ocrx_word' id='word_1_333' title='bbox 2061 3925 2162 3978; x_wconf 89' lang='lat' dir='ltr'><strong>alia</strong></span> 
     </span>
    </p>
   </div>
   <div class='ocr_carea' id='block_1_41' title="bbox 580 4015 2162 4087">
    <p class='ocr_par' dir='ltr' id='par_1_41' title="bbox 580 4015 2162 4087">
     <span class='ocr_line' id='line_1_41' title="bbox 580 4015 2162 4087; baseline -0.008 -7"><span class='ocrx_word' id='word_1_334' title='bbox 580 4024 756 4080; x_wconf 87' lang='lat' dir='ltr'><strong>omnia</strong></span> <span class='ocrx_word' id='word_1_335' title='bbox 774 4023 894 4079; x_wconf 85' lang='lat' dir='ltr'><strong>belli</strong></span> <span class='ocrx_word' id='word_1_336' title='bbox 911 4021 1138 4076; x_wconf 90' lang='lat' dir='ltr'><strong>ducibus</strong></span> <span class='ocrx_word' id='word_1_337' title='bbox 1159 4019 1536 4084; x_wconf 67' lang='lat' dir='ltr'><strong>commisisset,</strong></span> <span class='ocrx_word' id='word_1_338' title='bbox 1558 4016 1809 4087; x_wconf 88' lang='lat' dir='ltr'><strong>proillius</strong></span> <span class='ocrx_word' id='word_1_339' title='bbox 1826 4015 2162 4070; x_wconf 80' lang='lat' dir='ltr'><strong>salutcman-</strong></span> 
     </span>
    </p>
   </div>
   <div class='ocr_carea' id='block_1_42' title="bbox 585 4109 2160 4182">
    <p class='ocr_par' dir='ltr' id='par_1_42' title="bbox 585 4109 2160 4182">
     <span class='ocr_line' id='line_1_42' title="bbox 585 4109 2160 4182; baseline -0.008 -10"><span class='ocrx_word' id='word_1_340' title='bbox 585 4117 707 4172; x_wconf 88' lang='lat' dir='ltr'><strong>data</strong></span> <span class='ocrx_word' id='word_1_341' title='bbox 727 4116 912 4182; x_wconf 86' lang='lat' dir='ltr'><strong>dabat;</strong></span> <span class='ocrx_word' id='word_1_342' title='bbox 943 4116 1154 4170; x_wconf 83' lang='lat' dir='ltr'><strong>ﬁrmum</strong></span> <span class='ocrx_word' id='word_1_343' title='bbox 1183 4114 1325 4169; x_wconf 90' lang='lat' dir='ltr'><strong>enim</strong></span> <span class='ocrx_word' id='word_1_344' title='bbox 1353 4122 1467 4168; x_wconf 90' lang='lat' dir='ltr'><strong>erat</strong></span> <span class='ocrx_word' id='word_1_345' title='bbox 1491 4110 1726 4166; x_wconf 89' lang='lat' dir='ltr'><strong>caritatis</strong></span> <span class='ocrx_word' id='word_1_346' title='bbox 1739 4109 2160 4164; x_wconf 78' lang='lat' dir='ltr'><strong>fundamentum.</strong></span> 
     </span>
    </p>
   </div>
   <div class='ocr_carea' id='block_1_43' title="bbox 588 4201 2162 4276">
    <p class='ocr_par' dir='ltr' id='par_1_43' title="bbox 588 4201 2162 4276">
     <span class='ocr_line' id='line_1_43' title="bbox 588 4201 2162 4276; baseline -0.007 -13"><span class='ocrx_word' id='word_1_347' title='bbox 588 4207 810 4276; x_wconf 90' lang='lat' dir='ltr'><strong>ldeoque</strong></span> <span class='ocrx_word' id='word_1_348' title='bbox 842 4208 1018 4263; x_wconf 86' lang='lat' dir='ltr'><strong>omnia</strong></span> <span class='ocrx_word' id='word_1_349' title='bbox 1051 4205 1271 4270; x_wconf 84' lang='lat' dir='ltr'><strong>sull‘ert;</strong></span> <span class='ocrx_word' id='word_1_350' title='bbox 1305 4214 1358 4260; x_wconf 91' lang='lat' dir='ltr'><strong>et</strong></span> <span class='ocrx_word' id='word_1_351' title='bbox 1376 4203 1502 4259; x_wconf 90' lang='lat' dir='ltr'><strong>hinc</strong></span> <span class='ocrx_word' id='word_1_352' title='bbox 1521 4203 1735 4272; x_wconf 89' lang='lat' dir='ltr'><strong>quidem</strong></span> <span class='ocrx_word' id='word_1_353' title='bbox 1770 4201 1887 4272; x_wconf 85' lang='lat' dir='ltr'><strong>ejus</strong></span> <span class='ocrx_word' id='word_1_354' title='bbox 1915 4201 2162 4254; x_wconf 88' lang='lat' dir='ltr'><strong>virtutem</strong></span> 
     </span>
    </p>
   </div>
   <div class='ocr_carea' id='block_1_44' title="bbox 585 4299 2162 4366">
    <p class='ocr_par' dir='ltr' id='par_1_44' title="bbox 585 4299 2162 4366">
     <span class='ocr_line' id='line_1_44' title="bbox 585 4299 2162 4366; baseline -0.007 -11"><span class='ocrx_word' id='word_1_355' title='bbox 585 4299 904 4366; x_wconf 86' lang='lat' dir='ltr'><strong>subindicat,</strong></span> <span class='ocrx_word' id='word_1_356' title='bbox 935 4299 1228 4354; x_wconf 88' lang='lat' dir='ltr'><strong>bonitatem</strong></span> <span class='ocrx_word' id='word_1_357' title='bbox 1256 4305 1435 4352; x_wconf 91' lang='lat' dir='ltr'><strong>autem</strong></span> <span class='ocrx_word' id='word_1_358' title='bbox 1468 4310 1563 4364; x_wconf 89' lang='lat' dir='ltr'><strong>per</strong></span> <span class='ocrx_word' id='word_1_359' title='bbox 1589 4310 1650 4349; x_wconf 90' lang='lat' dir='ltr'><strong>ea</strong></span> <span class='ocrx_word' id='word_1_360' title='bbox 1681 4310 1799 4364; x_wconf 74' lang='lat' dir='ltr'><strong>qua:</strong></span> <span class='ocrx_word' id='word_1_361' title='bbox 1829 4302 2162 4364; x_wconf 84' lang='lat' dir='ltr'><strong>sequuntur:</strong></span> 
     </span>
    </p>
   </div>
   <div class='ocr_carea' id='block_1_45' title="bbox 585 4387 2162 4468">
    <p class='ocr_par' dir='ltr' id='par_1_45' title="bbox 585 4387 2162 4468">
     <span class='ocr_line' id='line_1_45' title="bbox 585 4387 2162 4468; baseline -0.006 -20"><span class='ocrx_word' id='word_1_362' title='bbox 585 4408 705 4448; x_wconf 87' lang='lat' dir='ltr'><strong>nam</strong></span> <span class='ocrx_word' id='word_1_363' title='bbox 727 4394 821 4455; x_wconf 88' lang='lat' dir='ltr'><strong>ait,</strong></span> <span class='ocrx_word' id='word_1_364' title='bbox 857 4391 1042 4447; x_wconf 85' lang='lat' dir='ltr'><strong>Omnia</strong></span> <span class='ocrx_word' id='word_1_365' title='bbox 1082 4400 1274 4468; x_wconf 79' lang='lat' dir='ltr'><strong>sperat,</strong></span> <span class='ocrx_word' id='word_1_366' title='bbox 1305 4389 1476 4442; x_wconf 81' lang='lat' dir='ltr'><strong>omnia</strong></span> <span class='ocrx_word' id='word_1_367' title='bbox 1511 4387 1699 4449; x_wconf 86' lang='lat' dir='ltr'><strong>credit,</strong></span> <span class='ocrx_word' id='word_1_368' title='bbox 1737 4387 1906 4440; x_wconf 83' lang='lat' dir='ltr'><strong>omnia</strong></span> <span class='ocrx_word' id='word_1_369' title='bbox 1936 4387 2162 4439; x_wconf 84' lang='lat' dir='ltr'><strong>sustinet.</strong></span> 
     </span>
    </p>
   </div>
   <div class='ocr_carea' id='block_1_46' title="bbox 559 4477 2167 4552">
    <p class='ocr_par' dir='ltr' id='par_1_46' title="bbox 559 4477 2167 4552">
     <span class='ocr_line' id='line_1_46' title="bbox 559 4477 2167 4552; baseline -0.008 -10"><span class='ocrx_word' id='word_1_370' title='bbox 559 4485 716 4552; x_wconf 81' lang='lat' dir='ltr'><strong>Quid</strong></span> <span class='ocrx_word' id='word_1_371' title='bbox 744 4495 846 4545; x_wconf 88' lang='lat' dir='ltr'><strong>est.</strong></span> <span class='ocrx_word' id='word_1_372' title='bbox 881 4483 1068 4538; x_wconf 84' lang='lat' dir='ltr'><strong>Omnia</strong></span> <span class='ocrx_word' id='word_1_373' title='bbox 1093 4482 1308 4551; x_wconf 84' lang='lat' dir='ltr'><strong>sperat?</strong></span> <span class='ocrx_word' id='word_1_374' title='bbox 1338 4481 1410 4536; x_wconf 90' lang='lat' dir='ltr'><strong>De</strong></span> <span class='ocrx_word' id='word_1_375' title='bbox 1433 4480 1589 4535; x_wconf 87' lang='lat' dir='ltr'><strong>bonis</strong></span> <span class='ocrx_word' id='word_1_376' title='bbox 1609 4479 2050 4550; x_wconf 82' lang='lat' dir='ltr'><strong>quibuscumque,</strong></span> <span class='ocrx_word' id='word_1_377' title='bbox 2087 4477 2167 4530; x_wconf 82' lang='lat' dir='ltr'><strong>in-</strong></span> 
     </span>
    </p>
   </div>
   <div class='ocr_carea' id='block_1_47' title="bbox 581 4568 2168 4646">
    <p class='ocr_par' dir='ltr' id='par_1_47' title="bbox 581 4568 2168 4646">
     <span class='ocr_line' id='line_1_47' title="bbox 581 4568 2168 4646; baseline -0.004 -16"><span class='ocrx_word' id='word_1_378' title='bbox 581 4576 715 4646; x_wconf 91' lang='lat' dir='ltr'><strong>quit,</strong></span> <span class='ocrx_word' id='word_1_379' title='bbox 757 4575 934 4630; x_wconf 84' lang='lat' dir='ltr'><strong>dilecti</strong></span> <span class='ocrx_word' id='word_1_380' title='bbox 961 4575 1041 4628; x_wconf 90' lang='lat' dir='ltr'><strong>sui</strong></span> <span class='ocrx_word' id='word_1_381' title='bbox 1073 4589 1178 4628; x_wconf 92' lang='lat' dir='ltr'><strong>non</strong></span> <span class='ocrx_word' id='word_1_382' title='bbox 1205 4573 1491 4643; x_wconf 85' lang='lat' dir='ltr'><strong>desperat;</strong></span> <span class='ocrx_word' id='word_1_383' title='bbox 1523 4571 1619 4627; x_wconf 89' lang='lat' dir='ltr'><strong>sed</strong></span> <span class='ocrx_word' id='word_1_384' title='bbox 1648 4570 1856 4626; x_wconf 88' lang='lat' dir='ltr'><strong>etiamsi</strong></span> <span class='ocrx_word' id='word_1_385' title='bbox 1884 4570 1972 4624; x_wconf 90' lang='lat' dir='ltr'><strong>ille</strong></span> <span class='ocrx_word' id='word_1_386' title='bbox 1998 4568 2168 4623; x_wconf 87' lang='lat' dir='ltr'><strong>malus</strong></span> 
     </span>
    </p>
   </div>
   <div class='ocr_carea' id='block_1_48' title="bbox 583 4663 2167 4738">
    <p class='ocr_par' dir='ltr' id='par_1_48' title="bbox 583 4663 2167 4738">
     <span class='ocr_line' id='line_1_48' title="bbox 583 4663 2167 4738; baseline -0.004 -16"><span class='ocrx_word' id='word_1_387' title='bbox 583 4669 673 4732; x_wconf 88' lang='lat' dir='ltr'><strong>sit,</strong></span> <span class='ocrx_word' id='word_1_388' title='bbox 704 4676 985 4738; x_wconf 86' lang='lat' dir='ltr'><strong>permanet</strong></span> <span class='ocrx_word' id='word_1_389' title='bbox 1006 4665 1153 4721; x_wconf 91' lang='lat' dir='ltr'><strong>illum</strong></span> <span class='ocrx_word' id='word_1_390' title='bbox 1180 4665 1475 4736; x_wconf 86' lang='lat' dir='ltr'><strong>corrigens,</strong></span> <span class='ocrx_word' id='word_1_391' title='bbox 1505 4663 1810 4734; x_wconf 86' lang='lat' dir='ltr'><strong>providens,</strong></span> <span class='ocrx_word' id='word_1_392' title='bbox 1848 4677 2030 4717; x_wconf 91' lang='lat' dir='ltr'><strong>curam</strong></span> <span class='ocrx_word' id='word_1_393' title='bbox 2073 4675 2167 4731; x_wconf 80' lang='lat' dir='ltr'><strong>ge-</strong></span> 
     </span>
    </p>
   </div>
   <div class='ocr_carea' id='block_1_49' title="bbox 583 4750 2166 4825">
    <p class='ocr_par' dir='ltr' id='par_1_49' title="bbox 583 4750 2166 4825">
     <span class='ocr_line' id='line_1_49' title="bbox 583 4750 2166 4825; baseline -0.005 -12"><span class='ocrx_word' id='word_1_394' title='bbox 583 4773 727 4814; x_wconf 87' lang='lat' dir='ltr'><strong>rens.</strong></span> <span class='ocrx_word' id='word_1_395' title='bbox 757 4757 940 4812; x_wconf 88' lang='lat' dir='ltr'><strong>Omnia</strong></span> <span class='ocrx_word' id='word_1_396' title='bbox 954 4758 1129 4812; x_wconf 85' lang='lat' dir='ltr'><strong>credit.</strong></span> <span class='ocrx_word' id='word_1_397' title='bbox 1156 4756 1272 4812; x_wconf 81' lang='lat' dir='ltr'><strong>Non</strong></span> <span class='ocrx_word' id='word_1_398' title='bbox 1289 4756 1459 4811; x_wconf 87' lang='lat' dir='ltr'><strong>solum</strong></span> <span class='ocrx_word' id='word_1_399' title='bbox 1477 4755 1618 4811; x_wconf 89' lang='lat' dir='ltr'><strong>enim</strong></span> <span class='ocrx_word' id='word_1_400' title='bbox 1637 4765 1838 4825; x_wconf 88' lang='lat' dir='ltr'><strong>sperat,</strong></span> <span class='ocrx_word' id='word_1_401' title='bbox 1859 4752 2049 4824; x_wconf 90' lang='lat' dir='ltr'><strong>inquit,</strong></span> <span class='ocrx_word' id='word_1_402' title='bbox 2072 4750 2166 4806; x_wconf 85' lang='lat' dir='ltr'><strong>sed</strong></span> 
     </span>
    </p>
   </div>
   <div class='ocr_carea' id='block_1_50' title="bbox 584 4844 2169 4920">
    <p class='ocr_par' dir='ltr' id='par_1_50' title="bbox 584 4844 2169 4920">
     <span class='ocr_line' id='line_1_50' title="bbox 584 4844 2169 4920; baseline -0.003 -16"><span class='ocrx_word' id='word_1_403' title='bbox 584 4851 745 4906; x_wconf 88' lang='lat' dir='ltr'><strong>etiam</strong></span> <span class='ocrx_word' id='word_1_404' title='bbox 772 4850 967 4918; x_wconf 89' lang='lat' dir='ltr'><strong>credit,</strong></span> <span class='ocrx_word' id='word_1_405' title='bbox 983 4866 1049 4906; x_wconf 83' lang='lat' dir='ltr'><strong>ex</strong></span> <span class='ocrx_word' id='word_1_406' title='bbox 1068 4865 1134 4905; x_wconf 88' lang='lat' dir='ltr'><strong>eo</strong></span> <span class='ocrx_word' id='word_1_407' title='bbox 1153 4849 1292 4920; x_wconf 90' lang='lat' dir='ltr'><strong>quod</strong></span> <span class='ocrx_word' id='word_1_408' title='bbox 1307 4847 1460 4903; x_wconf 87' lang='lat' dir='ltr'><strong>valde</strong></span> <span class='ocrx_word' id='word_1_409' title='bbox 1474 4855 1618 4902; x_wconf 88' lang='lat' dir='ltr'><strong>amet</strong></span> <span class='ocrx_word' id='word_1_410' title='bbox 1642 4847 1879 4901; x_wconf 87' lang='lat' dir='ltr'><strong>:etiamsi</strong></span> <span class='ocrx_word' id='word_1_411' title='bbox 1899 4845 2013 4900; x_wconf 80' lang='lat' dir='ltr'><strong>haec</strong></span> <span class='ocrx_word' id='word_1_412' title='bbox 2031 4844 2169 4900; x_wconf 91' lang='lat' dir='ltr'><strong>bona</strong></span> 
     </span>
    </p>
   </div>
   <div class='ocr_carea' id='block_1_51' title="bbox 586 4937 2170 5011">
    <p class='ocr_par' dir='ltr' id='par_1_51' title="bbox 586 4937 2170 5011">
     <span class='ocr_line' id='line_1_51' title="bbox 586 4937 2170 5011; baseline -0.004 -11"><span class='ocrx_word' id='word_1_413' title='bbox 586 4959 694 5000; x_wconf 85' lang='lat' dir='ltr'><strong>non</strong></span> <span class='ocrx_word' id='word_1_414' title='bbox 721 4943 1016 4999; x_wconf 86' lang='lat' dir='ltr'><strong>secundum</strong></span> <span class='ocrx_word' id='word_1_415' title='bbox 1046 4957 1195 5011; x_wconf 86' lang='lat' dir='ltr'><strong>spem</strong></span> <span class='ocrx_word' id='word_1_416' title='bbox 1225 4939 1536 5006; x_wconf 89' lang='lat' dir='ltr'><strong>succedant,</strong></span> <span class='ocrx_word' id='word_1_417' title='bbox 1556 4938 1650 4994; x_wconf 91' lang='lat' dir='ltr'><strong>sed</strong></span> <span class='ocrx_word' id='word_1_418' title='bbox 1663 4939 1873 4994; x_wconf 84' lang='lat' dir='ltr'><strong>etiamsi</strong></span> <span class='ocrx_word' id='word_1_419' title='bbox 1891 4938 1979 4993; x_wconf 92' lang='lat' dir='ltr'><strong>ille</strong></span> <span class='ocrx_word' id='word_1_420' title='bbox 2002 4937 2170 4993; x_wconf 87' lang='lat' dir='ltr'><strong>mole-</strong></span> 
     </span>
    </p>
   </div>
   <div class='ocr_carea' id='block_1_52' title="bbox 586 5033 2166 5103">
    <p class='ocr_par' dir='ltr' id='par_1_52' title="bbox 586 5033 2166 5103">
     <span class='ocr_line' id='line_1_52' title="bbox 586 5033 2166 5103; baseline -0.002 -11"><span class='ocrx_word' id='word_1_421' title='bbox 586 5037 718 5092; x_wconf 91' lang='lat' dir='ltr'><strong>stior</strong></span> <span class='ocrx_word' id='word_1_422' title='bbox 747 5037 836 5103; x_wconf 87' lang='lat' dir='ltr'><strong>sit,</strong></span> <span class='ocrx_word' id='word_1_423' title='bbox 864 5051 927 5093; x_wconf 87' lang='lat' dir='ltr'><strong>ea</strong></span> <span class='ocrx_word' id='word_1_424' title='bbox 968 5037 1129 5093; x_wconf 88' lang='lat' dir='ltr'><strong>etiam</strong></span> <span class='ocrx_word' id='word_1_425' title='bbox 1157 5037 1279 5092; x_wconf 90' lang='lat' dir='ltr'><strong>l&#39;ert.</strong></span> <span class='ocrx_word' id='word_1_426' title='bbox 1310 5035 1495 5089; x_wconf 81' lang='lat' dir='ltr'><strong>Omnia</strong></span> <span class='ocrx_word' id='word_1_427' title='bbox 1525 5034 1671 5089; x_wconf 89' lang='lat' dir='ltr'><strong>enim</strong></span> <span class='ocrx_word' id='word_1_428' title='bbox 1701 5033 1936 5100; x_wconf 81' lang='lat' dir='ltr'><strong>sustinet,</strong></span> <span class='ocrx_word' id='word_1_429' title='bbox 1975 5033 2166 5103; x_wconf 90' lang='lat' dir='ltr'><strong>inquit.</strong></span> 
     </span>
    </p>
   </div>
   <div class='ocr_carea' id='block_1_53' title="bbox 586 5124 2166 5198">
    <p class='ocr_par' dir='ltr' id='par_1_53' title="bbox 586 5124 2166 5198">
     <span class='ocr_line' id='line_1_53' title="bbox 586 5124 2166 5198; baseline -0.004 -13"><span class='ocrx_word' id='word_1_430' title='bbox 586 5129 640 5185; x_wconf 93' lang='lat'><strong>8.</strong></span> <span class='ocrx_word' id='word_1_431' title='bbox 669 5127 870 5184; x_wconf 85' lang='lat' dir='ltr'><strong>Caritas</strong></span> <span class='ocrx_word' id='word_1_432' title='bbox 899 5144 1174 5198; x_wconf 80' lang='lat' dir='ltr'><strong>numquam</strong></span> <span class='ocrx_word' id='word_1_433' title='bbox 1199 5126 1404 5182; x_wconf 75' lang='lat' dir='ltr'><strong>excidit.</strong></span> <span class='ocrx_word' id='word_1_434' title='bbox 1438 5125 1685 5181; x_wconf 84' lang='lat' dir='ltr'><strong>Vidistin‘</strong></span> <span class='ocrx_word' id='word_1_435' title='bbox 1708 5125 1924 5196; x_wconf 89' lang='lat' dir='ltr'><strong>quando</strong></span> <span class='ocrx_word' id='word_1_436' title='bbox 1949 5124 2166 5180; x_wconf 84' lang='lat' dir='ltr'><strong>coroni-</strong></span> 
     </span>
    </p>
   </div>
   <div class='ocr_carea' id='block_1_54' title="bbox 588 5219 2169 5292">
    <p class='ocr_par' dir='ltr' id='par_1_54' title="bbox 588 5219 2169 5292">
     <span class='ocr_line' id='line_1_54' title="bbox 588 5219 2169 5292; baseline -0.002 -17"><span class='ocrx_word' id='word_1_437' title='bbox 588 5221 708 5277; x_wconf 89' lang='lat' dir='ltr'><strong>dem</strong></span> <span class='ocrx_word' id='word_1_438' title='bbox 741 5221 1076 5291; x_wconf 87' lang='lat' dir='ltr'><strong>imposuerit,</strong></span> <span class='ocrx_word' id='word_1_439' title='bbox 1099 5229 1152 5276; x_wconf 91' lang='lat' dir='ltr'><strong>et</strong></span> <span class='ocrx_word' id='word_1_440' title='bbox 1178 5221 1319 5292; x_wconf 90' lang='lat' dir='ltr'><strong>quod</strong></span> <span class='ocrx_word' id='word_1_441' title='bbox 1350 5219 1404 5275; x_wconf 91' lang='lat' dir='ltr'><strong>in</strong></span> <span class='ocrx_word' id='word_1_442' title='bbox 1430 5219 1532 5275; x_wconf 92' lang='lat' dir='ltr'><strong>hoc</strong></span> <span class='ocrx_word' id='word_1_443' title='bbox 1559 5219 1702 5275; x_wconf 90' lang='lat' dir='ltr'><strong>dono</strong></span> <span class='ocrx_word' id='word_1_444' title='bbox 1725 5219 1894 5290; x_wconf 81' lang='lat' dir='ltr'><strong>magis</strong></span> <span class='ocrx_word' id='word_1_445' title='bbox 1914 5219 2169 5275; x_wconf 87' lang='lat' dir='ltr'><strong>eximium</strong></span> 
     </span>
    </p>
   </div>
   <div class='ocr_carea' id='block_1_55' title="bbox 587 5312 2170 5384">
    <p class='ocr_par' dir='ltr' id='par_1_55' title="bbox 587 5312 2170 5384">
     <span class='ocr_line' id='line_1_55' title="bbox 587 5312 2170 5384; baseline -0.003 -14"><span class='ocrx_word' id='word_1_446' title='bbox 587 5316 694 5371; x_wconf 86' lang='lat' dir='ltr'><strong>sit?</strong></span> <span class='ocrx_word' id='word_1_447' title='bbox 723 5316 860 5384; x_wconf 84' lang='lat' dir='ltr'><strong>Quid</strong></span> <span class='ocrx_word' id='word_1_448' title='bbox 894 5317 1038 5372; x_wconf 92' lang='lat' dir='ltr'><strong>enim</strong></span> <span class='ocrx_word' id='word_1_449' title='bbox 1074 5315 1176 5370; x_wconf 90' lang='lat' dir='ltr'><strong>sibi</strong></span> <span class='ocrx_word' id='word_1_450' title='bbox 1203 5315 1337 5382; x_wconf 88' lang='lat' dir='ltr'><strong>vult,</strong></span> <span class='ocrx_word' id='word_1_451' title='bbox 1367 5313 1488 5368; x_wconf 85' lang='lat' dir='ltr'><strong>Non</strong></span> <span class='ocrx_word' id='word_1_452' title='bbox 1512 5313 1739 5369; x_wconf 72' lang='lat' dir='ltr'><strong>excidit?</strong></span> <span class='ocrx_word' id='word_1_453' title='bbox 1767 5313 1883 5368; x_wconf 84' lang='lat' dir='ltr'><strong>Non</strong></span> <span class='ocrx_word' id='word_1_454' title='bbox 1911 5312 2170 5368; x_wconf 87' lang='lat' dir='ltr'><strong>discindi-</strong></span> 
     </span>
    </p>
   </div>
   <div class='ocr_carea' id='block_1_56' title="bbox 591 5406 2170 5476">
    <p class='ocr_par' dir='ltr' id='par_1_56' title="bbox 591 5406 2170 5476">
     <span class='ocr_line' id='line_1_56' title="bbox 591 5406 2170 5476; baseline -0.001 -12"><span class='ocrx_word' id='word_1_455' title='bbox 591 5419 694 5476; x_wconf 89' lang='lat' dir='ltr'><strong>tur,</strong></span> <span class='ocrx_word' id='word_1_456' title='bbox 724 5428 828 5466; x_wconf 90' lang='lat' dir='ltr'><strong>non</strong></span> <span class='ocrx_word' id='word_1_457' title='bbox 869 5409 1180 5468; x_wconf 83' lang='lat' dir='ltr'><strong>dissolvitur</strong></span> <span class='ocrx_word' id='word_1_458' title='bbox 1200 5408 1617 5466; x_wconf 83' lang='lat' dir='ltr'><strong>ferendo:amat</strong></span> <span class='ocrx_word' id='word_1_459' title='bbox 1645 5410 1788 5464; x_wconf 90' lang='lat' dir='ltr'><strong>enim</strong></span> <span class='ocrx_word' id='word_1_460' title='bbox 1813 5409 2012 5464; x_wconf 90' lang='lat' dir='ltr'><strong>omnia.</strong></span> <span class='ocrx_word' id='word_1_461' title='bbox 2037 5406 2170 5463; x_wconf 87' lang='lat' dir='ltr'><strong>Nam</strong></span> 
     </span>
    </p>
   </div>
   <div class='ocr_carea' id='block_1_57' title="bbox 590 5499 2171 5574">
    <p class='ocr_par' dir='ltr' id='par_1_57' title="bbox 590 5499 2171 5574">
     <span class='ocr_line' id='line_1_57' title="bbox 590 5499 2171 5574; baseline -0.001 -19"><span class='ocrx_word' id='word_1_462' title='bbox 590 5503 680 5572; x_wconf 91' lang='lat' dir='ltr'><strong>qui</strong></span> <span class='ocrx_word' id='word_1_463' title='bbox 707 5512 870 5570; x_wconf 86' lang='lat' dir='ltr'><strong>amat,</strong></span> <span class='ocrx_word' id='word_1_464' title='bbox 914 5517 1204 5574; x_wconf 88' lang='lat' dir='ltr'><strong>numquam</strong></span> <span class='ocrx_word' id='word_1_465' title='bbox 1230 5502 1408 5558; x_wconf 90' lang='lat' dir='ltr'><strong>odisse</strong></span> <span class='ocrx_word' id='word_1_466' title='bbox 1435 5505 1622 5571; x_wconf 76' lang='lat' dir='ltr'><strong>p053it,</strong></span> <span class='ocrx_word' id='word_1_467' title='bbox 1670 5499 1926 5571; x_wconf 92' lang='lat' dir='ltr'><strong>quidquid</strong></span> <span class='ocrx_word' id='word_1_468' title='bbox 1971 5499 2171 5556; x_wconf 76' lang='lat' dir='ltr'><strong>factum</strong></span> 
     </span>
    </p>
   </div>
   <div class='ocr_carea' id='block_1_58' title="bbox 590 5591 2175 5665">
    <p class='ocr_par' dir='ltr' id='par_1_58' title="bbox 590 5591 2175 5665">
     <span class='ocr_line' id='line_1_58' title="bbox 590 5591 2175 5665; baseline 0.002 -19"><span class='ocrx_word' id='word_1_469' title='bbox 590 5591 788 5649; x_wconf 77' lang='lat' dir='ltr'><strong>fuerit:</strong></span> <span class='ocrx_word' id='word_1_470' title='bbox 815 5593 919 5650; x_wconf 74' lang='lat' dir='ltr'><strong>hoc</strong></span> <span class='ocrx_word' id='word_1_471' title='bbox 947 5595 1143 5665; x_wconf 90' lang='lat' dir='ltr'><strong>quippe</strong></span> <span class='ocrx_word' id='word_1_472' title='bbox 1172 5604 1257 5651; x_wconf 89' lang='lat' dir='ltr'><strong>est</strong></span> <span class='ocrx_word' id='word_1_473' title='bbox 1279 5594 1570 5650; x_wconf 78' lang='lat' dir='ltr'><strong>maximum</strong></span> <span class='ocrx_word' id='word_1_474' title='bbox 1593 5594 1759 5665; x_wconf 90' lang='lat' dir='ltr'><strong>ipsius</strong></span> <span class='ocrx_word' id='word_1_475' title='bbox 1779 5595 1998 5650; x_wconf 89' lang='lat' dir='ltr'><strong>bonum.</strong></span> <span class='ocrx_word' id='word_1_476' title='bbox 2029 5594 2175 5649; x_wconf 83' lang='lat' dir='ltr'><strong>Talis</strong></span> 
     </span>
    </p>
   </div>
   <div class='ocr_carea' id='block_1_59' title="bbox 589 5687 2169 5760">
    <p class='ocr_par' dir='ltr' id='par_1_59' title="bbox 589 5687 2169 5760">
     <span class='ocr_line' id='line_1_59' title="bbox 589 5687 2169 5760; baseline -0.001 -17"><span class='ocrx_word' id='word_1_477' title='bbox 589 5697 702 5743; x_wconf 79' lang='lat' dir='ltr'><strong>erat</strong></span> <span class='ocrx_word' id='word_1_478' title='bbox 731 5688 970 5745; x_wconf 86' lang='lat' dir='ltr'><strong>Paulus:</strong></span> <span class='ocrx_word' id='word_1_479' title='bbox 1006 5688 1232 5760; x_wconf 86' lang='lat' dir='ltr'><strong>ideoque</strong></span> <span class='ocrx_word' id='word_1_480' title='bbox 1268 5687 1502 5755; x_wconf 85' lang='lat' dir='ltr'><strong>dicebat,</strong></span> <span class='ocrx_word' id='word_1_481' title='bbox 1531 5688 1593 5744; x_wconf 87' lang='lat' dir='ltr'><strong>Si</strong></span> <span class='ocrx_word' id='word_1_482' title='bbox 1629 5704 1730 5756; x_wconf 85' lang='lat' dir='ltr'><strong>quo</strong></span> <span class='ocrx_word' id='word_1_483' title='bbox 1783 5687 1935 5741; x_wconf 88' lang='lat' dir='ltr'><strong>modo</strong></span> <span class='ocrx_word' id='word_1_484' title='bbox 1985 5703 2169 5756; x_wconf 75' lang='lat' dir='ltr'><strong>provo-</strong></span> 
     </span>
    </p>
   </div>
   <div class='ocr_carea' id='block_1_60' title="bbox 589 5781 2174 5851">
    <p class='ocr_par' dir='ltr' id='par_1_60' title="bbox 589 5781 2174 5851">
     <span class='ocr_line' id='line_1_60' title="bbox 589 5781 2174 5851; baseline 0.001 -17"><span class='ocrx_word' id='word_1_485' title='bbox 589 5794 698 5834; x_wconf 73' lang='lat' dir='ltr'><strong>cent</strong></span> <span class='ocrx_word' id='word_1_486' title='bbox 742 5782 809 5835; x_wconf 87' lang='lat' dir='ltr'><strong>ad</strong></span> <span class='ocrx_word' id='word_1_487' title='bbox 834 5781 1178 5838; x_wconf 76' lang='lat' dir='ltr'><strong>azmulandum</strong></span> <span class='ocrx_word' id='word_1_488' title='bbox 1206 5798 1407 5839; x_wconf 84' lang='lat' dir='ltr'><strong>carnem</strong></span> <span class='ocrx_word' id='word_1_489' title='bbox 1435 5797 1594 5838; x_wconf 89' lang='lat' dir='ltr'><strong>meam</strong></span> <span class='ocrx_word' id='word_1_490' title='bbox 1622 5781 1800 5851; x_wconf 82' lang='lat' dir='ltr'><strong>(llam.</strong></span> <span class='ocrx_word' id='word_1_491' title='bbox 1835 5783 1920 5838; x_wconf 91' lang='grc'><strong>11.</strong></span> <span class='ocrx_word' id='word_1_492' title='bbox 1958 5783 2068 5850; x_wconf 69' lang='lat' dir='ltr'><strong>ll),</strong></span> <span class='ocrx_word' id='word_1_493' title='bbox 2120 5793 2174 5837; x_wconf 90' lang='lat' dir='ltr'><strong>et</strong></span> 
     </span>
    </p>
   </div>
   <div class='ocr_carea' id='block_1_61' title="bbox 1539 316 2826 378">
    <p class='ocr_par' dir='ltr' id='par_1_61' title="bbox 1539 316 2826 378">
     <span class='ocr_line' id='line_1_61' title="bbox 1539 316 2826 378; baseline -0.002 -3"><span class='ocrx_word' id='word_1_494' title='bbox 1539 320 1602 378; x_wconf 84' lang='lat' dir='ltr'><strong>lN</strong></span> <span class='ocrx_word' id='word_1_495' title='bbox 1643 320 1857 378; x_wconf 80' lang='lat' dir='ltr'><strong>EPIST.</strong></span> <span class='ocrx_word' id='word_1_496' title='bbox 1904 319 1921 372; x_wconf 95' lang='lat' dir='ltr'><strong>l</strong></span> <span class='ocrx_word' id='word_1_497' title='bbox 1990 319 2076 370; x_wconf 77' lang='lat' dir='ltr'><strong>Al)</strong></span> <span class='ocrx_word' id='word_1_498' title='bbox 2116 316 2268 372; x_wconf 67' lang='grc'><strong>(1011.</strong></span> <span class='ocrx_word' id='word_1_499' title='bbox 2314 317 2543 373; x_wconf 62' lang='grc'><strong>1101111..</strong></span> <span class='ocrx_word' id='word_1_500' title='bbox 2587 318 2826 374; x_wconf 69' lang='lat' dir='ltr'><strong>XXXIII.</strong></span> 
     </span>
    </p>
   </div>
   <div class='ocr_carea' id='block_1_62' title="bbox 3715 329 3820 383">
    <p class='ocr_par' dir='ltr' id='par_1_62' title="bbox 3715 329 3820 383">
     <span class='ocr_line' id='line_1_62' title="bbox 3715 329 3820 383; baseline 0.019 -2"><span class='ocrx_word' id='word_1_501' title='bbox 3715 329 3820 383; x_wconf 72' lang='lat'><strong>282</strong></span> 
     </span>
    </p>
   </div>
   <div class='ocr_carea' id='block_1_63' title="bbox 2239 437 3821 504">
    <p class='ocr_par' dir='ltr' id='par_1_63' title="bbox 2239 437 3821 504">
     <span class='ocr_line' id='line_1_63' title="bbox 2239 437 3821 504; baseline 0.009 -17"><span class='ocrx_word' id='word_1_502' title='bbox 2239 449 2466 504; x_wconf 78' lang='lat' dir='ltr'><strong>sperans</strong></span> <span class='ocrx_word' id='word_1_503' title='bbox 2505 437 2719 491; x_wconf 88' lang='lat' dir='ltr'><strong>mansit.</strong></span> <span class='ocrx_word' id='word_1_504' title='bbox 2771 437 2841 492; x_wconf 81' lang='lat' dir='ltr'><strong>Et</strong></span> <span class='ocrx_word' id='word_1_505' title='bbox 2869 437 3207 496; x_wconf 88' lang='lat' dir='ltr'><strong>Timotheum</strong></span> <span class='ocrx_word' id='word_1_506' title='bbox 3241 440 3548 498; x_wconf 83' lang='lat' dir='ltr'><strong>hortabatur</strong></span> <span class='ocrx_word' id='word_1_507' title='bbox 3595 444 3821 502; x_wconf 82' lang='lat' dir='ltr'><strong>dicens:</strong></span> 
     </span>
    </p>
   </div>
   <div class='ocr_carea' id='block_1_64' title="bbox 2236 525 3826 602">
    <p class='ocr_par' dir='ltr' id='par_1_64' title="bbox 2236 525 3826 602">
     <span class='ocr_line' id='line_1_64' title="bbox 2236 525 3826 602; baseline 0.004 -21"><span class='ocrx_word' id='word_1_508' title='bbox 2236 525 2444 582; x_wconf 77' lang='lat' dir='ltr'><strong>Servum</strong></span> <span class='ocrx_word' id='word_1_509' title='bbox 2472 537 2637 581; x_wconf 84' lang='lat' dir='ltr'><strong>autem</strong></span> <span class='ocrx_word' id='word_1_510' title='bbox 2678 526 2881 582; x_wconf 86' lang='lat' dir='ltr'><strong>Domini</strong></span> <span class='ocrx_word' id='word_1_511' title='bbox 2908 545 3010 584; x_wconf 88' lang='lat' dir='ltr'><strong>non</strong></span> <span class='ocrx_word' id='word_1_512' title='bbox 3056 541 3255 599; x_wconf 84' lang='lat' dir='ltr'><strong>oportet</strong></span> <span class='ocrx_word' id='word_1_513' title='bbox 3294 548 3539 602; x_wconf 84' lang='lat' dir='ltr'><strong>pugnare,</strong></span> <span class='ocrx_word' id='word_1_514' title='bbox 3567 537 3655 588; x_wconf 75' lang='lat' dir='ltr'><strong>sed</strong></span> <span class='ocrx_word' id='word_1_515' title='bbox 3678 552 3826 588; x_wconf 75' lang='lat' dir='ltr'><strong>man-</strong></span> 
     </span>
    </p>
   </div>
   <div class='ocr_carea' id='block_1_65' title="bbox 2237 618 3829 695">
    <p class='ocr_par' dir='ltr' id='par_1_65' title="bbox 2237 618 3829 695">
     <span class='ocr_line' id='line_1_65' title="bbox 2237 618 3829 695; baseline 0.008 -26"><span class='ocrx_word' id='word_1_516' title='bbox 2237 627 2434 670; x_wconf 88' lang='lat' dir='ltr'><strong>suetunt</strong></span> <span class='ocrx_word' id='word_1_517' title='bbox 2461 633 2568 671; x_wconf 87' lang='lat' dir='ltr'><strong>esse</strong></span> <span class='ocrx_word' id='word_1_518' title='bbox 2592 618 2660 671; x_wconf 88' lang='lat' dir='ltr'><strong>ad</strong></span> <span class='ocrx_word' id='word_1_519' title='bbox 2703 636 2899 683; x_wconf 87' lang='lat' dir='ltr'><strong>omnes,</strong></span> <span class='ocrx_word' id='word_1_520' title='bbox 2934 621 2986 674; x_wconf 90' lang='lat' dir='ltr'><strong>in</strong></span> <span class='ocrx_word' id='word_1_521' title='bbox 3017 622 3262 676; x_wconf 84' lang='lat' dir='ltr'><strong>modestia</strong></span> <span class='ocrx_word' id='word_1_522' title='bbox 3304 623 3612 678; x_wconf 85' lang='lat' dir='ltr'><strong>erudientem</strong></span> <span class='ocrx_word' id='word_1_523' title='bbox 3641 641 3723 678; x_wconf 87' lang='lat' dir='ltr'><strong>eos</strong></span> <span class='ocrx_word' id='word_1_524' title='bbox 3743 633 3829 695; x_wconf 87' lang='lat' dir='ltr'><strong>qui</strong></span> 
     </span>
    </p>
   </div>
   <div class='ocr_carea' id='block_1_66' title="bbox 2236 709 3826 789">
    <p class='ocr_par' dir='ltr' id='par_1_66' title="bbox 2236 709 3826 789">
     <span class='ocr_line' id='line_1_66' title="bbox 2236 709 3826 789; baseline 0.005 -27"><span class='ocrx_word' id='word_1_525' title='bbox 2236 709 2472 763; x_wconf 88' lang='lat' dir='ltr'><strong>resistunt</strong></span> <span class='ocrx_word' id='word_1_526' title='bbox 2515 711 2714 764; x_wconf 84' lang='lat' dir='ltr'><strong>veritati</strong></span> <span class='ocrx_word' id='word_1_527' title='bbox 2735 752 2752 777; x_wconf 95' lang='lat'><strong>,</strong></span> <span class='ocrx_word' id='word_1_528' title='bbox 2793 729 2859 765; x_wconf 88' lang='lat' dir='ltr'><strong>an</strong></span> <span class='ocrx_word' id='word_1_529' title='bbox 2890 712 3020 780; x_wconf 81' lang='lat' dir='ltr'><strong>forte</strong></span> <span class='ocrx_word' id='word_1_530' title='bbox 3059 715 3139 768; x_wconf 90' lang='lat' dir='ltr'><strong>det</strong></span> <span class='ocrx_word' id='word_1_531' title='bbox 3169 716 3272 770; x_wconf 88' lang='lat' dir='ltr'><strong>illis</strong></span> <span class='ocrx_word' id='word_1_532' title='bbox 3312 715 3451 772; x_wconf 89' lang='lat' dir='ltr'><strong>Deus</strong></span> <span class='ocrx_word' id='word_1_533' title='bbox 3488 718 3826 789; x_wconf 78' lang='lat' dir='ltr'><strong>cognitionem</strong></span> 
     </span>
    </p>
   </div>
   <div class='ocr_carea' id='block_1_67' title="bbox 2240 800 3826 879">
    <p class='ocr_par' dir='ltr' id='par_1_67' title="bbox 2240 800 3826 879">
     <span class='ocr_line' id='line_1_67' title="bbox 2240 800 3826 879; baseline 0.008 -28"><span class='ocrx_word' id='word_1_534' title='bbox 2240 801 2458 855; x_wconf 74' lang='lat' dir='ltr'><strong>veritatis</strong></span> <span class='ocrx_word' id='word_1_535' title='bbox 2514 800 2589 871; x_wconf 93' lang='lat'><strong>(2.</strong></span> <span class='ocrx_word' id='word_1_536' title='bbox 2615 801 2750 856; x_wconf 86' lang='lat' dir='ltr'><strong>Tim.</strong></span> <span class='ocrx_word' id='word_1_537' title='bbox 2776 801 2830 856; x_wconf 90' lang='lat'><strong>2.</strong></span> <span class='ocrx_word' id='word_1_538' title='bbox 2855 803 2946 858; x_wconf 72' lang='lat'><strong>24.</strong></span> <span class='ocrx_word' id='word_1_539' title='bbox 2969 803 3084 876; x_wconf 81' lang='lat'><strong>25).</strong></span> <span class='ocrx_word' id='word_1_540' title='bbox 3133 806 3271 873; x_wconf 85' lang='lat' dir='ltr'><strong>Quid</strong></span> <span class='ocrx_word' id='word_1_541' title='bbox 3315 823 3477 877; x_wconf 81' lang='lat' dir='ltr'><strong>ergo,</strong></span> <span class='ocrx_word' id='word_1_542' title='bbox 3523 810 3748 879; x_wconf 83' lang='lat' dir='ltr'><strong>inquies,</strong></span> <span class='ocrx_word' id='word_1_543' title='bbox 3782 810 3826 864; x_wconf 76' lang='lat' dir='ltr'><strong>si</strong></span> 
     </span>
    </p>
   </div>
   <div class='ocr_carea' id='block_1_68' title="bbox 2240 890 3830 968">
    <p class='ocr_par' dir='ltr' id='par_1_68' title="bbox 2240 890 3830 968">
     <span class='ocr_line' id='line_1_68' title="bbox 2240 890 3830 968; baseline 0.007 -24"><span class='ocrx_word' id='word_1_544' title='bbox 2240 890 2439 946; x_wconf 82' lang='lat' dir='ltr'><strong>inimici</strong></span> <span class='ocrx_word' id='word_1_545' title='bbox 2460 895 2572 950; x_wconf 88' lang='lat' dir='ltr'><strong>sint</strong></span> <span class='ocrx_word' id='word_1_546' title='bbox 2601 904 2655 948; x_wconf 92' lang='lat' dir='ltr'><strong>et</strong></span> <span class='ocrx_word' id='word_1_547' title='bbox 2679 894 2928 963; x_wconf 82' lang='lat' dir='ltr'><strong>gentiles,</strong></span> <span class='ocrx_word' id='word_1_548' title='bbox 2962 910 3139 950; x_wconf 86' lang='lat' dir='ltr'><strong>annon</strong></span> <span class='ocrx_word' id='word_1_549' title='bbox 3157 897 3335 953; x_wconf 90' lang='lat' dir='ltr'><strong>odisse</strong></span> <span class='ocrx_word' id='word_1_550' title='bbox 3353 899 3618 968; x_wconf 78' lang='lat' dir='ltr'><strong>oportuit?</strong></span> <span class='ocrx_word' id='word_1_551' title='bbox 3637 899 3830 955; x_wconf 86' lang='lat' dir='ltr'><strong>Odisse</strong></span> 
     </span>
    </p>
   </div>
   <div class='ocr_carea' id='block_1_69' title="bbox 2239 985 3827 1060">
    <p class='ocr_par' dir='ltr' id='par_1_69' title="bbox 2239 985 3827 1060">
     <span class='ocr_line' id='line_1_69' title="bbox 2239 985 3827 1060; baseline 0.008 -25"><span class='ocrx_word' id='word_1_552' title='bbox 2239 985 2478 1054; x_wconf 87' lang='lat' dir='ltr'><strong>quidem,</strong></span> <span class='ocrx_word' id='word_1_553' title='bbox 2529 1002 2634 1040; x_wconf 89' lang='lat' dir='ltr'><strong>non</strong></span> <span class='ocrx_word' id='word_1_554' title='bbox 2666 987 2807 1054; x_wconf 88' lang='lat' dir='ltr'><strong>illos,</strong></span> <span class='ocrx_word' id='word_1_555' title='bbox 2841 988 2934 1043; x_wconf 89' lang='lat' dir='ltr'><strong>sed</strong></span> <span class='ocrx_word' id='word_1_556' title='bbox 2963 989 3189 1060; x_wconf 78' lang='lat' dir='ltr'><strong>dogma;</strong></span> <span class='ocrx_word' id='word_1_557' title='bbox 3241 1007 3346 1046; x_wconf 79' lang='lat' dir='ltr'><strong>non</strong></span> <span class='ocrx_word' id='word_1_558' title='bbox 3387 992 3678 1060; x_wconf 88' lang='lat' dir='ltr'><strong>hominem,</strong></span> <span class='ocrx_word' id='word_1_559' title='bbox 3733 993 3827 1048; x_wconf 84' lang='lat' dir='ltr'><strong>sed</strong></span> 
     </span>
    </p>
   </div>
   <div class='ocr_carea' id='block_1_70' title="bbox 2243 1075 3830 1152">
    <p class='ocr_par' dir='ltr' id='par_1_70' title="bbox 2243 1075 3830 1152">
     <span class='ocr_line' id='line_1_70' title="bbox 2243 1075 3830 1152; baseline 0.007 -24"><span class='ocrx_word' id='word_1_560' title='bbox 2243 1075 2436 1130; x_wconf 88' lang='lat' dir='ltr'><strong>malum</strong></span> <span class='ocrx_word' id='word_1_561' title='bbox 2467 1091 2626 1144; x_wconf 64' lang='lat' dir='ltr'><strong>(lpus,</strong></span> <span class='ocrx_word' id='word_1_562' title='bbox 2654 1088 2966 1148; x_wconf 88' lang='lat' dir='ltr'><strong>corruptum</strong></span> <span class='ocrx_word' id='word_1_563' title='bbox 2993 1081 3251 1134; x_wconf 90' lang='lat' dir='ltr'><strong>animum.</strong></span> <span class='ocrx_word' id='word_1_564' title='bbox 3279 1080 3450 1136; x_wconf 82' lang='lat' dir='ltr'><strong>Homo</strong></span> <span class='ocrx_word' id='word_1_565' title='bbox 3479 1098 3708 1152; x_wconf 87' lang='lat' dir='ltr'><strong>namque</strong></span> <span class='ocrx_word' id='word_1_566' title='bbox 3747 1095 3830 1139; x_wconf 90' lang='lat' dir='ltr'><strong>est</strong></span> 
     </span>
    </p>
   </div>
   <div class='ocr_carea' id='block_1_71' title="bbox 2238 1166 3829 1243">
    <p class='ocr_par' dir='ltr' id='par_1_71' title="bbox 2238 1166 3829 1243">
     <span class='ocr_line' id='line_1_71' title="bbox 2238 1166 3829 1243; baseline 0.008 -25"><span class='ocrx_word' id='word_1_567' title='bbox 2238 1181 2376 1234; x_wconf 92' lang='lat' dir='ltr'><strong>opus</strong></span> <span class='ocrx_word' id='word_1_568' title='bbox 2406 1166 2520 1233; x_wconf 83' lang='lat' dir='ltr'><strong>Dci,</strong></span> <span class='ocrx_word' id='word_1_569' title='bbox 2554 1183 2710 1222; x_wconf 87' lang='lat' dir='ltr'><strong>error</strong></span> <span class='ocrx_word' id='word_1_570' title='bbox 2734 1181 2914 1224; x_wconf 90' lang='lat' dir='ltr'><strong>autem</strong></span> <span class='ocrx_word' id='word_1_571' title='bbox 2944 1185 3080 1239; x_wconf 90' lang='lat' dir='ltr'><strong>opus</strong></span> <span class='ocrx_word' id='word_1_572' title='bbox 3101 1171 3319 1226; x_wconf 84' lang='lat' dir='ltr'><strong>diaboli.</strong></span> <span class='ocrx_word' id='word_1_573' title='bbox 3341 1172 3418 1228; x_wconf 87' lang='lat' dir='ltr'><strong>Ne</strong></span> <span class='ocrx_word' id='word_1_574' title='bbox 3444 1189 3573 1243; x_wconf 82' lang='lat' dir='ltr'><strong>ergo</strong></span> <span class='ocrx_word' id='word_1_575' title='bbox 3600 1178 3829 1231; x_wconf 77' lang='lat' dir='ltr'><strong>misceas</strong></span> 
     </span>
    </p>
   </div>
   <div class='ocr_carea' id='block_1_72' title="bbox 2241 1261 3830 1333">
    <p class='ocr_par' dir='ltr' id='par_1_72' title="bbox 2241 1261 3830 1333">
     <span class='ocr_line' id='line_1_72' title="bbox 2241 1261 3830 1333; baseline 0.008 -21"><span class='ocrx_word' id='word_1_576' title='bbox 2241 1274 2300 1312; x_wconf 89' lang='lat' dir='ltr'><strong>ea</strong></span> <span class='ocrx_word' id='word_1_577' title='bbox 2329 1275 2448 1328; x_wconf 66' lang='lat' dir='ltr'><strong>qua!</strong></span> <span class='ocrx_word' id='word_1_578' title='bbox 2473 1261 2564 1314; x_wconf 85' lang='lat' dir='ltr'><strong>Dei</strong></span> <span class='ocrx_word' id='word_1_579' title='bbox 2596 1271 2742 1327; x_wconf 89' lang='lat' dir='ltr'><strong>sunt,</strong></span> <span class='ocrx_word' id='word_1_580' title='bbox 2765 1271 2819 1316; x_wconf 91' lang='lat' dir='ltr'><strong>et</strong></span> <span class='ocrx_word' id='word_1_581' title='bbox 2840 1279 2960 1333; x_wconf 76' lang='lat' dir='ltr'><strong>qua:</strong></span> <span class='ocrx_word' id='word_1_582' title='bbox 2984 1262 3205 1319; x_wconf 86' lang='lat' dir='ltr'><strong>diaboli.</strong></span> <span class='ocrx_word' id='word_1_583' title='bbox 3233 1264 3366 1320; x_wconf 85' lang='lat' dir='ltr'><strong>Nam</strong></span> <span class='ocrx_word' id='word_1_584' title='bbox 3397 1265 3565 1321; x_wconf 66' lang='lat' dir='ltr'><strong>Judaei</strong></span> <span class='ocrx_word' id='word_1_585' title='bbox 3596 1281 3744 1323; x_wconf 86' lang='lat' dir='ltr'><strong>erant</strong></span> <span class='ocrx_word' id='word_1_586' title='bbox 3776 1279 3830 1324; x_wconf 86' lang='lat' dir='ltr'><strong>et</strong></span> 
     </span>
    </p>
   </div>
   <div class='ocr_carea' id='block_1_73' title="bbox 2241 1350 3832 1424">
    <p class='ocr_par' dir='ltr' id='par_1_73' title="bbox 2241 1350 3832 1424">
     <span class='ocr_line' id='line_1_73' title="bbox 2241 1350 3832 1424; baseline 0.008 -22"><span class='ocrx_word' id='word_1_587' title='bbox 2241 1350 2538 1422; x_wconf 75' lang='lat' dir='ltr'><strong>hlaSpltemi</strong></span> <span class='ocrx_word' id='word_1_588' title='bbox 2562 1361 2614 1406; x_wconf 92' lang='lat' dir='ltr'><strong>et</strong></span> <span class='ocrx_word' id='word_1_589' title='bbox 2639 1362 3056 1424; x_wconf 85' lang='lat' dir='ltr'><strong>perscquutores</strong></span> <span class='ocrx_word' id='word_1_590' title='bbox 3077 1364 3132 1409; x_wconf 91' lang='lat' dir='ltr'><strong>et</strong></span> <span class='ocrx_word' id='word_1_591' title='bbox 3158 1357 3554 1423; x_wconf 90' lang='lat' dir='ltr'><strong>contumeliosi,</strong></span> <span class='ocrx_word' id='word_1_592' title='bbox 3585 1360 3832 1414; x_wconf 89' lang='lat' dir='ltr'><strong>innume-</strong></span> 
     </span>
    </p>
   </div>
   <div class='ocr_carea' id='block_1_74' title="bbox 2243 1443 3833 1519">
    <p class='ocr_par' dir='ltr' id='par_1_74' title="bbox 2243 1443 3833 1519">
     <span class='ocr_line' id='line_1_74' title="bbox 2243 1443 3833 1519; baseline 0.008 -24"><span class='ocrx_word' id='word_1_593' title='bbox 2243 1458 2406 1513; x_wconf 75' lang='lat' dir='ltr'><strong>t-aque</strong></span> <span class='ocrx_word' id='word_1_594' title='bbox 2432 1443 2498 1498; x_wconf 89' lang='lat' dir='ltr'><strong>de</strong></span> <span class='ocrx_word' id='word_1_595' title='bbox 2523 1443 2741 1500; x_wconf 86' lang='lat' dir='ltr'><strong>Christo</strong></span> <span class='ocrx_word' id='word_1_596' title='bbox 2771 1446 3021 1501; x_wconf 86' lang='lat' dir='ltr'><strong>dicebant</strong></span> <span class='ocrx_word' id='word_1_597' title='bbox 3053 1447 3188 1502; x_wconf 88' lang='lat' dir='ltr'><strong>mala</strong></span> <span class='ocrx_word' id='word_1_598' title='bbox 3226 1466 3238 1500; x_wconf 87' lang='lat'><strong>:</strong></span> <span class='ocrx_word' id='word_1_599' title='bbox 3267 1463 3468 1519; x_wconf 86' lang='lat' dir='ltr'><strong>ergone</strong></span> <span class='ocrx_word' id='word_1_600' title='bbox 3495 1450 3616 1506; x_wconf 89' lang='lat' dir='ltr'><strong>illos</strong></span> <span class='ocrx_word' id='word_1_601' title='bbox 3646 1452 3833 1507; x_wconf 86' lang='lat' dir='ltr'><strong>oderat</strong></span> 
     </span>
    </p>
   </div>
   <div class='ocr_carea' id='block_1_75' title="bbox 2242 1539 3833 1611">
    <p class='ocr_par' dir='ltr' id='par_1_75' title="bbox 2242 1539 3833 1611">
     <span class='ocr_line' id='line_1_75' title="bbox 2242 1539 3833 1611; baseline 0.005 -17"><span class='ocrx_word' id='word_1_602' title='bbox 2242 1539 2438 1594; x_wconf 80' lang='lat' dir='ltr'><strong>Paulus</strong></span> <span class='ocrx_word' id='word_1_603' title='bbox 2459 1582 2473 1606; x_wconf 97' lang='lat'><strong>,</strong></span> <span class='ocrx_word' id='word_1_604' title='bbox 2501 1542 2590 1611; x_wconf 85' lang='lat' dir='ltr'><strong>qui</strong></span> <span class='ocrx_word' id='word_1_605' title='bbox 2620 1543 3120 1598; x_wconf 81' lang='lat' dir='ltr'><strong>maxime&#39;omnium</strong></span> <span class='ocrx_word' id='word_1_606' title='bbox 3150 1543 3427 1600; x_wconf 90' lang='lat' dir='ltr'><strong>Christum</strong></span> <span class='ocrx_word' id='word_1_607' title='bbox 3459 1547 3705 1601; x_wconf 85' lang='lat' dir='ltr'><strong>amabat?</strong></span> <span class='ocrx_word' id='word_1_608' title='bbox 3729 1547 3833 1602; x_wconf 77' lang='lat' dir='ltr'><strong>Ne-</strong></span> 
     </span>
    </p>
   </div>
   <div class='ocr_carea' id='block_1_76' title="bbox 2242 1634 3828 1709">
    <p class='ocr_par' dir='ltr' id='par_1_76' title="bbox 2242 1634 3828 1709">
     <span class='ocr_line' id='line_1_76' title="bbox 2242 1634 3828 1709; baseline 0.005 -24"><span class='ocrx_word' id='word_1_609' title='bbox 2242 1648 2532 1702; x_wconf 88' lang='lat' dir='ltr'><strong>quaquam,</strong></span> <span class='ocrx_word' id='word_1_610' title='bbox 2568 1634 2675 1688; x_wconf 90' lang='lat' dir='ltr'><strong>imo</strong></span> <span class='ocrx_word' id='word_1_611' title='bbox 2702 1645 2757 1689; x_wconf 88' lang='lat' dir='ltr'><strong>et</strong></span> <span class='ocrx_word' id='word_1_612' title='bbox 2783 1635 3014 1703; x_wconf 87' lang='lat' dir='ltr'><strong>amabat,</strong></span> <span class='ocrx_word' id='word_1_613' title='bbox 3042 1646 3096 1691; x_wconf 93' lang='lat' dir='ltr'><strong>ct</strong></span> <span class='ocrx_word' id='word_1_614' title='bbox 3120 1637 3299 1691; x_wconf 91' lang='lat' dir='ltr'><strong>omnia</strong></span> <span class='ocrx_word' id='word_1_615' title='bbox 3329 1653 3424 1706; x_wconf 87' lang='lat' dir='ltr'><strong>pro</strong></span> <span class='ocrx_word' id='word_1_616' title='bbox 3453 1638 3580 1708; x_wconf 90' lang='lat' dir='ltr'><strong>ipsis</strong></span> <span class='ocrx_word' id='word_1_617' title='bbox 3607 1638 3828 1709; x_wconf 86' lang='lat' dir='ltr'><strong>agebat:</strong></span> 
     </span>
    </p>
   </div>
   <div class='ocr_carea' id='block_1_77' title="bbox 2242 1724 3832 1796">
    <p class='ocr_par' dir='ltr' id='par_1_77' title="bbox 2242 1724 3832 1796">
     <span class='ocr_line' id='line_1_77' title="bbox 2242 1724 3832 1796; baseline 0.003 -17"><span class='ocrx_word' id='word_1_618' title='bbox 2242 1734 2294 1779; x_wconf 88' lang='lat' dir='ltr'><strong>ct</strong></span> <span class='ocrx_word' id='word_1_619' title='bbox 2326 1739 2464 1778; x_wconf 87' lang='lat' dir='ltr'><strong>nunc</strong></span> <span class='ocrx_word' id='word_1_620' title='bbox 2495 1724 2712 1794; x_wconf 89' lang='lat' dir='ltr'><strong>quidem</strong></span> <span class='ocrx_word' id='word_1_621' title='bbox 2745 1725 2896 1792; x_wconf 83' lang='lat' dir='ltr'><strong>dicit,</strong></span> <span class='ocrx_word' id='word_1_622' title='bbox 2965 1725 3216 1780; x_wconf 87' lang='lat' dir='ltr'><strong>Voluntas</strong></span> <span class='ocrx_word' id='word_1_623' title='bbox 3241 1728 3444 1796; x_wconf 85' lang='lat' dir='ltr'><strong>quidem</strong></span> <span class='ocrx_word' id='word_1_624' title='bbox 3472 1739 3519 1782; x_wconf 85' lang='lat' dir='ltr'><strong>et</strong></span> <span class='ocrx_word' id='word_1_625' title='bbox 3545 1729 3832 1794; x_wconf 78' lang='lat' dir='ltr'><strong>deprecatio</strong></span> 
     </span>
    </p>
   </div>
   <div class='ocr_carea' id='block_1_78' title="bbox 2243 1815 3833 1889">
    <p class='ocr_par' dir='ltr' id='par_1_78' title="bbox 2243 1815 3833 1889">
     <span class='ocr_line' id='line_1_78' title="bbox 2243 1815 3833 1889; baseline 0.004 -20"><span class='ocrx_word' id='word_1_626' title='bbox 2243 1832 2354 1870; x_wconf 84' lang='lat' dir='ltr'><strong>mea</strong></span> <span class='ocrx_word' id='word_1_627' title='bbox 2372 1817 2440 1869; x_wconf 88' lang='lat' dir='ltr'><strong>ad</strong></span> <span class='ocrx_word' id='word_1_628' title='bbox 2461 1815 2624 1872; x_wconf 90' lang='lat' dir='ltr'><strong>Deum</strong></span> <span class='ocrx_word' id='word_1_629' title='bbox 2647 1818 2703 1886; x_wconf 73' lang='lat' dir='ltr'><strong>fit</strong></span> <span class='ocrx_word' id='word_1_630' title='bbox 2721 1834 2813 1887; x_wconf 83' lang='lat' dir='ltr'><strong>pro</strong></span> <span class='ocrx_word' id='word_1_631' title='bbox 2842 1819 2943 1872; x_wconf 80' lang='lat' dir='ltr'><strong>illis</strong></span> <span class='ocrx_word' id='word_1_632' title='bbox 2969 1820 3036 1870; x_wconf 89' lang='lat' dir='ltr'><strong>ad</strong></span> <span class='ocrx_word' id='word_1_633' title='bbox 3063 1819 3278 1873; x_wconf 80' lang='lat' dir='ltr'><strong>salutem</strong></span> <span class='ocrx_word' id='word_1_634' title='bbox 3300 1819 3576 1887; x_wconf 69' lang='lat' dir='ltr'><strong>(IlomJO.</strong></span> <span class='ocrx_word' id='word_1_635' title='bbox 3594 1821 3671 1889; x_wconf 83' lang='lat' dir='ltr'><strong>l);</strong></span> <span class='ocrx_word' id='word_1_636' title='bbox 3693 1837 3833 1875; x_wconf 85' lang='lat' dir='ltr'><strong>nunc</strong></span> 
     </span>
    </p>
   </div>
   <div class='ocr_carea' id='block_1_79' title="bbox 2245 1907 3830 1982">
    <p class='ocr_par' dir='ltr' id='par_1_79' title="bbox 2245 1907 3830 1982">
     <span class='ocr_line' id='line_1_79' title="bbox 2245 1907 3830 1982; baseline 0.004 -23"><span class='ocrx_word' id='word_1_637' title='bbox 2245 1918 2446 1972; x_wconf 88' lang='lat' dir='ltr'><strong>autem,</strong></span> <span class='ocrx_word' id='word_1_638' title='bbox 2483 1907 2736 1977; x_wconf 85' lang='lat' dir='ltr'><strong>Optabam</strong></span> <span class='ocrx_word' id='word_1_639' title='bbox 2760 1910 3036 1963; x_wconf 84' lang='lat' dir='ltr'><strong>anathema</strong></span> <span class='ocrx_word' id='word_1_640' title='bbox 3065 1926 3173 1964; x_wconf 80' lang='lat' dir='ltr'><strong>esse</strong></span> <span class='ocrx_word' id='word_1_641' title='bbox 3215 1927 3247 1964; x_wconf 92' lang='lat' dir='ltr'><strong>a</strong></span> <span class='ocrx_word' id='word_1_642' title='bbox 3299 1911 3503 1965; x_wconf 77' lang='lat' dir='ltr'><strong>Christo</strong></span> <span class='ocrx_word' id='word_1_643' title='bbox 3556 1929 3648 1980; x_wconf 83' lang='lat' dir='ltr'><strong>pro</strong></span> <span class='ocrx_word' id='word_1_644' title='bbox 3705 1914 3830 1982; x_wconf 78' lang='lat' dir='ltr'><strong>ipsis</strong></span> 
     </span>
    </p>
   </div>
   <div class='ocr_carea' id='block_1_80' title="bbox 2247 1999 3832 2072">
    <p class='ocr_par' dir='ltr' id='par_1_80' title="bbox 2247 1999 3832 2072">
     <span class='ocr_line' id='line_1_80' title="bbox 2247 1999 3832 2072; baseline 0.002 -18"><span class='ocrx_word' id='word_1_645' title='bbox 2247 2000 2420 2072; x_wconf 79' lang='lat' dir='ltr'><strong>(Rom.</strong></span> <span class='ocrx_word' id='word_1_646' title='bbox 2465 2001 2516 2056; x_wconf 89' lang='lat'><strong>9.</strong></span> <span class='ocrx_word' id='word_1_647' title='bbox 2552 2002 2630 2067; x_wconf 83' lang='lat'><strong>5).</strong></span> <span class='ocrx_word' id='word_1_648' title='bbox 2653 1999 2742 2056; x_wconf 89' lang='lat' dir='ltr'><strong>Sic</strong></span> <span class='ocrx_word' id='word_1_649' title='bbox 2772 2011 2824 2056; x_wconf 92' lang='lat' dir='ltr'><strong>et</strong></span> <span class='ocrx_word' id='word_1_650' title='bbox 2856 2000 3110 2057; x_wconf 81' lang='lat' dir='ltr'><strong>Ezechiel</strong></span> <span class='ocrx_word' id='word_1_651' title='bbox 3155 2001 3341 2056; x_wconf 86' lang='lat' dir='ltr'><strong>videns</strong></span> <span class='ocrx_word' id='word_1_652' title='bbox 3368 2016 3464 2056; x_wconf 90' lang='lat' dir='ltr'><strong>eos</strong></span> <span class='ocrx_word' id='word_1_653' title='bbox 3489 2002 3657 2058; x_wconf 88' lang='lat' dir='ltr'><strong>occidi</strong></span> <span class='ocrx_word' id='word_1_654' title='bbox 3687 2003 3832 2058; x_wconf 87' lang='lat' dir='ltr'><strong>diec-</strong></span> 
     </span>
    </p>
   </div>
   <div class='ocr_carea' id='block_1_81' title="bbox 2247 2090 3838 2163">
    <p class='ocr_par' dir='ltr' id='par_1_81' title="bbox 2247 2090 3838 2163">
     <span class='ocr_line' id='line_1_81' title="bbox 2247 2090 3838 2163; baseline 0.003 -17"><span class='ocrx_word' id='word_1_655' title='bbox 2247 2093 2333 2146; x_wconf 89' lang='lat' dir='ltr'><strong>bat</strong></span> <span class='ocrx_word' id='word_1_656' title='bbox 2360 2109 2372 2143; x_wconf 85' lang='lat'><strong>:</strong></span> <span class='ocrx_word' id='word_1_657' title='bbox 2407 2090 2506 2146; x_wconf 81' lang='lat' dir='ltr'><strong>Ilei</strong></span> <span class='ocrx_word' id='word_1_658' title='bbox 2527 2092 2650 2145; x_wconf 88' lang='lat' dir='ltr'><strong>nti/ti</strong></span> <span class='ocrx_word' id='word_1_659' title='bbox 2669 2133 2686 2158; x_wconf 95' lang='lat'><strong>,</strong></span> <span class='ocrx_word' id='word_1_660' title='bbox 2718 2092 2950 2159; x_wconf 88' lang='lat' dir='ltr'><strong>Domine,</strong></span> <span class='ocrx_word' id='word_1_661' title='bbox 2979 2091 3117 2148; x_wconf 70' lang='lat' dir='ltr'><strong>delos</strong></span> <span class='ocrx_word' id='word_1_662' title='bbox 3138 2101 3192 2145; x_wconf 86' lang='lat' dir='ltr'><strong>tu</strong></span> <span class='ocrx_word' id='word_1_663' title='bbox 3219 2108 3301 2146; x_wconf 88' lang='lat' dir='ltr'><strong>eos</strong></span> <span class='ocrx_word' id='word_1_664' title='bbox 3326 2093 3413 2162; x_wconf 85' lang='lat' dir='ltr'><strong>qui</strong></span> <span class='ocrx_word' id='word_1_665' title='bbox 3435 2104 3549 2146; x_wconf 87' lang='lat' dir='ltr'><strong>sunt</strong></span> <span class='ocrx_word' id='word_1_666' title='bbox 3574 2095 3753 2163; x_wconf 81' lang='lat' dir='ltr'><strong>reliqui</strong></span> <span class='ocrx_word' id='word_1_667' title='bbox 3775 2112 3838 2150; x_wconf 78' lang='lat' dir='ltr'><strong>es:</strong></span> 
     </span>
    </p>
   </div>
   <div class='ocr_carea' id='block_1_82' title="bbox 2249 2182 3838 2254">
    <p class='ocr_par' dir='ltr' id='par_1_82' title="bbox 2249 2182 3838 2254">
     <span class='ocr_line' id='line_1_82' title="bbox 2249 2182 3838 2254; baseline 0.002 -18"><span class='ocrx_word' id='word_1_668' title='bbox 2249 2182 2413 2237; x_wconf 88' lang='lat' dir='ltr'><strong>Israel</strong></span> <span class='ocrx_word' id='word_1_669' title='bbox 2440 2182 2649 2252; x_wconf 63' lang='lat' dir='ltr'><strong>(lfzeclt.</strong></span> <span class='ocrx_word' id='word_1_670' title='bbox 2681 2183 2737 2238; x_wconf 87' lang='lat'><strong>9.</strong></span> <span class='ocrx_word' id='word_1_671' title='bbox 2767 2184 2869 2252; x_wconf 75' lang='lat'><strong>8)?</strong></span> <span class='ocrx_word' id='word_1_672' title='bbox 2896 2195 2949 2238; x_wconf 90' lang='lat' dir='ltr'><strong>et</strong></span> <span class='ocrx_word' id='word_1_673' title='bbox 2979 2183 3189 2254; x_wconf 75' lang='lat' dir='ltr'><strong>Moyses</strong></span> <span class='ocrx_word' id='word_1_674' title='bbox 3215 2199 3228 2233; x_wconf 92' lang='lat'><strong>:</strong></span> <span class='ocrx_word' id='word_1_675' title='bbox 3266 2183 3326 2239; x_wconf 85' lang='lat' dir='ltr'><strong>Si</strong></span> <span class='ocrx_word' id='word_1_676' title='bbox 3370 2185 3572 2252; x_wconf 86' lang='lat' dir='ltr'><strong>quidem</strong></span> <span class='ocrx_word' id='word_1_677' title='bbox 3619 2187 3838 2239; x_wconf 85' lang='lat' dir='ltr'><strong>dimittis</strong></span> 
     </span>
    </p>
   </div>
   <div class='ocr_carea' id='block_1_83' title="bbox 2247 2274 3839 2355">
    <p class='ocr_par' dir='ltr' id='par_1_83' title="bbox 2247 2274 3839 2355">
     <span class='ocr_line' id='line_1_83' title="bbox 2247 2274 3839 2355; baseline 0.001 -25"><span class='ocrx_word' id='word_1_678' title='bbox 2247 2278 2349 2330; x_wconf 87' lang='lat' dir='ltr'><strong>illis</strong></span> <span class='ocrx_word' id='word_1_679' title='bbox 2374 2287 2653 2347; x_wconf 86' lang='lat' dir='ltr'><strong>peccatum,</strong></span> <span class='ocrx_word' id='word_1_680' title='bbox 2685 2277 2881 2330; x_wconf 87' lang='lat' dir='ltr'><strong>dimitte</strong></span> <span class='ocrx_word' id='word_1_681' title='bbox 2910 2274 3106 2355; x_wconf 58' lang='lat' dir='ltr'><strong>(Exod.</strong></span> <span class='ocrx_word' id='word_1_682' title='bbox 3131 2275 3220 2332; x_wconf 79' lang='lat'><strong>52.</strong></span> <span class='ocrx_word' id='word_1_683' title='bbox 3246 2277 3358 2348; x_wconf 79' lang='grc'><strong>51).</strong></span> <span class='ocrx_word' id='word_1_684' title='bbox 3390 2277 3527 2345; x_wconf 85' lang='lat' dir='ltr'><strong>Quid</strong></span> <span class='ocrx_word' id='word_1_685' title='bbox 3558 2293 3686 2348; x_wconf 81' lang='lat' dir='ltr'><strong>ergo</strong></span> <span class='ocrx_word' id='word_1_686' title='bbox 3710 2278 3839 2333; x_wconf 87' lang='lat' dir='ltr'><strong>dicit</strong></span> 
     </span>
    </p>
   </div>
   <div class='ocr_carea' id='block_1_84' title="bbox 2251 2368 3840 2440">
    <p class='ocr_par' dir='ltr' id='par_1_84' title="bbox 2251 2368 3840 2440">
     <span class='ocr_line' id='line_1_84' title="bbox 2251 2368 3840 2440; baseline 0.003 -17"><span class='ocrx_word' id='word_1_687' title='bbox 2251 2369 2460 2423; x_wconf 82' lang='lat' dir='ltr'><strong>David?</strong></span> <span class='ocrx_word' id='word_1_688' title='bbox 2510 2369 2611 2423; x_wconf 79' lang='lat' dir='ltr'><strong>Eos</strong></span> <span class='ocrx_word' id='word_1_689' title='bbox 2625 2370 2711 2438; x_wconf 83' lang='lat' dir='ltr'><strong>qui</strong></span> <span class='ocrx_word' id='word_1_690' title='bbox 2745 2369 2961 2424; x_wconf 83' lang='lat' dir='ltr'><strong>oderunt</strong></span> <span class='ocrx_word' id='word_1_691' title='bbox 2989 2379 3055 2436; x_wconf 88' lang='lat' dir='ltr'><strong>te,</strong></span> <span class='ocrx_word' id='word_1_692' title='bbox 3087 2368 3322 2435; x_wconf 88' lang='lat' dir='ltr'><strong>Domine,</strong></span> <span class='ocrx_word' id='word_1_693' title='bbox 3351 2371 3581 2438; x_wconf 87' lang='lat' dir='ltr'><strong>oderant,</strong></span> <span class='ocrx_word' id='word_1_694' title='bbox 3622 2381 3668 2424; x_wconf 86' lang='lat' dir='ltr'><strong>et</strong></span> <span class='ocrx_word' id='word_1_695' title='bbox 3687 2387 3840 2440; x_wconf 82' lang='lat' dir='ltr'><strong>super</strong></span> 
     </span>
    </p>
   </div>
   <div class='ocr_carea' id='block_1_85' title="bbox 2249 2463 3841 2535">
    <p class='ocr_par' dir='ltr' id='par_1_85' title="bbox 2249 2463 3841 2535">
     <span class='ocr_line' id='line_1_85' title="bbox 2249 2463 3841 2535; baseline 0.002 -20"><span class='ocrx_word' id='word_1_696' title='bbox 2249 2463 2487 2517; x_wconf 83' lang='lat' dir='ltr'><strong>inimicos</strong></span> <span class='ocrx_word' id='word_1_697' title='bbox 2530 2473 2641 2517; x_wconf 85' lang='lat' dir='ltr'><strong>tuos</strong></span> <span class='ocrx_word' id='word_1_698' title='bbox 2675 2463 2985 2518; x_wconf 80' lang='lat' dir='ltr'><strong>tabescebam</strong></span> <span class='ocrx_word' id='word_1_699' title='bbox 3013 2481 3031 2516; x_wconf 91' lang='lat'><strong><em>:</em></strong></span> <span class='ocrx_word' id='word_1_700' title='bbox 3062 2467 3281 2535; x_wconf 79' lang='lat' dir='ltr'><strong>perfecto</strong></span> <span class='ocrx_word' id='word_1_701' title='bbox 3312 2464 3430 2518; x_wconf 88' lang='lat' dir='ltr'><strong>odio</strong></span> <span class='ocrx_word' id='word_1_702' title='bbox 3472 2464 3679 2520; x_wconf 84' lang='lat' dir='ltr'><strong>oderam</strong></span> <span class='ocrx_word' id='word_1_703' title='bbox 3724 2465 3841 2520; x_wconf 90' lang='lat' dir='ltr'><strong>illos</strong></span> 
     </span>
    </p>
   </div>
   <div class='ocr_carea' id='block_1_86' title="bbox 2255 2553 3832 2626">
    <p class='ocr_par' dir='ltr' id='par_1_86' title="bbox 2255 2553 3832 2626">
     <span class='ocr_line' id='line_1_86' title="bbox 2255 2553 3832 2626; baseline 0.001 -17"><span class='ocrx_word' id='word_1_704' title='bbox 2255 2553 2426 2625; x_wconf 83' lang='lat' dir='ltr'><strong>(Psal.</strong></span> <span class='ocrx_word' id='word_1_705' title='bbox 2457 2554 2578 2610; x_wconf 83' lang='grc'><strong>158.</strong></span> <span class='ocrx_word' id='word_1_706' title='bbox 2611 2553 2701 2609; x_wconf 82' lang='lat'><strong>2|.</strong></span> <span class='ocrx_word' id='word_1_707' title='bbox 2725 2553 2840 2626; x_wconf 84' lang='lat'><strong>22).</strong></span> <span class='ocrx_word' id='word_1_708' title='bbox 2869 2555 3029 2623; x_wconf 82' lang='lat' dir='ltr'><strong>Atqui</strong></span> <span class='ocrx_word' id='word_1_709' title='bbox 3058 2571 3164 2609; x_wconf 89' lang='lat' dir='ltr'><strong>non</strong></span> <span class='ocrx_word' id='word_1_710' title='bbox 3194 2555 3394 2620; x_wconf 81' lang='lat' dir='ltr'><strong>omnia,</strong></span> <span class='ocrx_word' id='word_1_711' title='bbox 3425 2571 3544 2625; x_wconf 77' lang='lat' dir='ltr'><strong>quae</strong></span> <span class='ocrx_word' id='word_1_712' title='bbox 3567 2571 3598 2610; x_wconf 85' lang='lat' dir='ltr'><strong>a</strong></span> <span class='ocrx_word' id='word_1_713' title='bbox 3630 2555 3832 2610; x_wconf 87' lang='lat' dir='ltr'><strong>Davide</strong></span> 
     </span>
    </p>
   </div>
   <div class='ocr_carea' id='block_1_87' title="bbox 2254 2647 3832 2717">
    <p class='ocr_par' dir='ltr' id='par_1_87' title="bbox 2254 2647 3832 2717">
     <span class='ocr_line' id='line_1_87' title="bbox 2254 2647 3832 2717; baseline 0.001 -16"><span class='ocrx_word' id='word_1_714' title='bbox 2254 2653 2305 2702; x_wconf 90' lang='lat' dir='ltr'><strong>in</strong></span> <span class='ocrx_word' id='word_1_715' title='bbox 2340 2647 2566 2702; x_wconf 85' lang='lat' dir='ltr'><strong>Psalmis</strong></span> <span class='ocrx_word' id='word_1_716' title='bbox 2588 2647 2726 2702; x_wconf 88' lang='lat' dir='ltr'><strong>dicta</strong></span> <span class='ocrx_word' id='word_1_717' title='bbox 2749 2657 2894 2710; x_wconf 89' lang='lat' dir='ltr'><strong>sunt,</strong></span> <span class='ocrx_word' id='word_1_718' title='bbox 2920 2664 2984 2702; x_wconf 76' lang='lat' dir='ltr'><strong>ex</strong></span> <span class='ocrx_word' id='word_1_719' title='bbox 3013 2662 3238 2717; x_wconf 88' lang='lat' dir='ltr'><strong>persona</strong></span> <span class='ocrx_word' id='word_1_720' title='bbox 3273 2649 3487 2704; x_wconf 86' lang='lat' dir='ltr'><strong>Davidis</strong></span> <span class='ocrx_word' id='word_1_721' title='bbox 3505 2657 3628 2703; x_wconf 88' lang='lat' dir='ltr'><strong>sunt</strong></span> <span class='ocrx_word' id='word_1_722' title='bbox 3649 2648 3792 2702; x_wconf 85' lang='lat' dir='ltr'><strong>dicta</strong></span> <span class='ocrx_word' id='word_1_723' title='bbox 3820 2667 3832 2702; x_wconf 92' lang='lat'><strong>:</strong></span> 
     </span>
    </p>
   </div>
   <div class='ocr_carea' id='block_1_88' title="bbox 2252 2741 3840 2810">
    <p class='ocr_par' dir='ltr' id='par_1_88' title="bbox 2252 2741 3840 2810">
     <span class='ocr_line' id='line_1_88' title="bbox 2252 2741 3840 2810; baseline -0.001 -15"><span class='ocrx_word' id='word_1_724' title='bbox 2252 2742 2448 2795; x_wconf 89' lang='lat' dir='ltr'><strong>etenim</strong></span> <span class='ocrx_word' id='word_1_725' title='bbox 2479 2741 2564 2795; x_wconf 91' lang='lat' dir='ltr'><strong>hic</strong></span> <span class='ocrx_word' id='word_1_726' title='bbox 2596 2744 2708 2810; x_wconf 86' lang='lat' dir='ltr'><strong>ipse</strong></span> <span class='ocrx_word' id='word_1_727' title='bbox 2739 2741 2886 2806; x_wconf 86' lang='lat' dir='ltr'><strong>dicit,</strong></span> <span class='ocrx_word' id='word_1_728' title='bbox 2916 2741 3324 2796; x_wconf 82' lang='lat' dir='ltr'><strong>Tabernaculum</strong></span> <span class='ocrx_word' id='word_1_729' title='bbox 3353 2743 3444 2810; x_wconf 77' lang='lat' dir='ltr'><strong>[ixi</strong></span> <span class='ocrx_word' id='word_1_730' title='bbox 3470 2757 3583 2795; x_wconf 87' lang='lat' dir='ltr'><strong>cum</strong></span> <span class='ocrx_word' id='word_1_731' title='bbox 3610 2741 3840 2796; x_wconf 80' lang='lat' dir='ltr'><strong>taberna—</strong></span> 
     </span>
    </p>
   </div>
   <div class='ocr_carea' id='block_1_89' title="bbox 2253 2834 3837 2906">
    <p class='ocr_par' dir='ltr' id='par_1_89' title="bbox 2253 2834 3837 2906">
     <span class='ocr_line' id='line_1_89' title="bbox 2253 2834 3837 2906; baseline -0.004 -15"><span class='ocrx_word' id='word_1_732' title='bbox 2253 2838 2381 2892; x_wconf 87' lang='lat' dir='ltr'><strong>culis</strong></span> <span class='ocrx_word' id='word_1_733' title='bbox 2407 2836 2601 2898; x_wconf 80' lang='lat' dir='ltr'><strong>Cedar;</strong></span> <span class='ocrx_word' id='word_1_734' title='bbox 2638 2844 2712 2901; x_wconf 90' lang='lat' dir='ltr'><strong>et,</strong></span> <span class='ocrx_word' id='word_1_735' title='bbox 2748 2836 2918 2904; x_wconf 86' lang='lat' dir='ltr'><strong>Super</strong></span> <span class='ocrx_word' id='word_1_736' title='bbox 2937 2836 3152 2905; x_wconf 81' lang='lat' dir='ltr'><strong>ﬂumina</strong></span> <span class='ocrx_word' id='word_1_737' title='bbox 3177 2834 3455 2906; x_wconf 81' lang='lat' dir='ltr'><strong>Babylonis</strong></span> <span class='ocrx_word' id='word_1_738' title='bbox 3481 2835 3588 2889; x_wconf 86' lang='lat' dir='ltr'><strong>illic</strong></span> <span class='ocrx_word' id='word_1_739' title='bbox 3617 2835 3837 2888; x_wconf 85' lang='lat' dir='ltr'><strong>sedimus</strong></span> 
     </span>
    </p>
   </div>
   <div class='ocr_carea' id='block_1_90' title="bbox 2257 2925 3847 3000">
    <p class='ocr_par' dir='ltr' id='par_1_90' title="bbox 2257 2925 3847 3000">
     <span class='ocr_line' id='line_1_90' title="bbox 2257 2925 3847 3000; baseline -0.004 -15"><span class='ocrx_word' id='word_1_740' title='bbox 2257 2939 2302 2985; x_wconf 81' lang='lat' dir='ltr'><strong>ct</strong></span> <span class='ocrx_word' id='word_1_741' title='bbox 2331 2931 2560 3000; x_wconf 78' lang='lat' dir='ltr'><strong>ﬂeuimus</strong></span> <span class='ocrx_word' id='word_1_742' title='bbox 2581 2927 2754 3000; x_wconf 85' lang='lat' dir='ltr'><strong>(Psal.</strong></span> <span class='ocrx_word' id='word_1_743' title='bbox 2789 2927 2916 2983; x_wconf 87' lang='grc'><strong>119.</strong></span> <span class='ocrx_word' id='word_1_744' title='bbox 2947 2929 3000 2982; x_wconf 81' lang='grc'><strong>5.</strong></span> <span class='ocrx_word' id='word_1_745' title='bbox 3023 2937 3070 2982; x_wconf 87' lang='lat' dir='ltr'><strong>et</strong></span> <span class='ocrx_word' id='word_1_746' title='bbox 3099 2929 3332 2994; x_wconf 67' lang='lat'><strong>156.1);</strong></span> <span class='ocrx_word' id='word_1_747' title='bbox 3359 2941 3533 2996; x_wconf 88' lang='lat' dir='ltr'><strong>neque</strong></span> <span class='ocrx_word' id='word_1_748' title='bbox 3558 2941 3686 2980; x_wconf 82' lang='lat' dir='ltr'><strong>vero</strong></span> <span class='ocrx_word' id='word_1_749' title='bbox 3716 2925 3847 2980; x_wconf 83' lang='lat' dir='ltr'><strong>vidit</strong></span> 
     </span>
    </p>
   </div>
   <div class='ocr_carea' id='block_1_91' title="bbox 2258 3017 3845 3093">
    <p class='ocr_par' dir='ltr' id='par_1_91' title="bbox 2258 3017 3845 3093">
     <span class='ocr_line' id='line_1_91' title="bbox 2258 3017 3845 3093; baseline -0.004 -16"><span class='ocrx_word' id='word_1_750' title='bbox 2258 3021 2626 3093; x_wconf 85' lang='lat' dir='ltr'><strong>Babylonem,</strong></span> <span class='ocrx_word' id='word_1_751' title='bbox 2687 3035 2862 3087; x_wconf 84' lang='lat' dir='ltr'><strong>neque</strong></span> <span class='ocrx_word' id='word_1_752' title='bbox 2915 3019 3257 3075; x_wconf 88' lang='lat' dir='ltr'><strong>tabernacula</strong></span> <span class='ocrx_word' id='word_1_753' title='bbox 3314 3017 3490 3074; x_wconf 78' lang='lat' dir='ltr'><strong>Cedat-</strong></span> <span class='ocrx_word' id='word_1_754' title='bbox 3542 3036 3553 3070; x_wconf 91' lang='lat'><strong>:</strong></span> <span class='ocrx_word' id='word_1_755' title='bbox 3612 3017 3845 3085; x_wconf 89' lang='lat' dir='ltr'><strong>alioquin</strong></span> 
     </span>
    </p>
   </div>
   <div class='ocr_carea' id='block_1_92' title="bbox 2257 3109 3843 3181">
    <p class='ocr_par' dir='ltr' id='par_1_92' title="bbox 2257 3109 3843 3181">
     <span class='ocr_line' id='line_1_92' title="bbox 2257 3109 3843 3181; baseline -0.006 -13"><span class='ocrx_word' id='word_1_756' title='bbox 2257 3115 2417 3168; x_wconf 89' lang='lat' dir='ltr'><strong>etiam</strong></span> <span class='ocrx_word' id='word_1_757' title='bbox 2441 3128 2582 3168; x_wconf 90' lang='lat' dir='ltr'><strong>nunc</strong></span> <span class='ocrx_word' id='word_1_758' title='bbox 2598 3112 2769 3181; x_wconf 85' lang='lat' dir='ltr'><strong>major</strong></span> <span class='ocrx_word' id='word_1_759' title='bbox 2791 3126 2819 3164; x_wconf 92' lang='lat' dir='ltr'><strong>a</strong></span> <span class='ocrx_word' id='word_1_760' title='bbox 2843 3111 2997 3164; x_wconf 87' lang='lat' dir='ltr'><strong>nobis</strong></span> <span class='ocrx_word' id='word_1_761' title='bbox 3025 3111 3253 3179; x_wconf 81' lang='lat' dir='ltr'><strong>exigitur</strong></span> <span class='ocrx_word' id='word_1_762' title='bbox 3278 3109 3843 3179; x_wconf 79' lang='lat' dir='ltr'><strong>pltilosophia.Quatn-</strong></span> 
     </span>
    </p>
   </div>
   <div class='ocr_carea' id='block_1_93' title="bbox 2259 3200 3844 3276">
    <p class='ocr_par' dir='ltr' id='par_1_93' title="bbox 2259 3200 3844 3276">
     <span class='ocr_line' id='line_1_93' title="bbox 2259 3200 3844 3276; baseline -0.006 -16"><span class='ocrx_word' id='word_1_763' title='bbox 2259 3208 2469 3269; x_wconf 89' lang='lat' dir='ltr'><strong>obrcm,</strong></span> <span class='ocrx_word' id='word_1_764' title='bbox 2524 3205 2836 3276; x_wconf 84' lang='lat' dir='ltr'><strong>rogantibus</strong></span> <span class='ocrx_word' id='word_1_765' title='bbox 2867 3204 3142 3274; x_wconf 87' lang='lat' dir='ltr'><strong>discipulis</strong></span> <span class='ocrx_word' id='word_1_766' title='bbox 3170 3213 3226 3256; x_wconf 93' lang='lat' dir='ltr'><strong>ut</strong></span> <span class='ocrx_word' id='word_1_767' title='bbox 3259 3202 3631 3257; x_wconf 88' lang='lat' dir='ltr'><strong>demitteretur</strong></span> <span class='ocrx_word' id='word_1_768' title='bbox 3675 3200 3844 3270; x_wconf 86' lang='lat' dir='ltr'><strong>ignis,</strong></span> 
     </span>
    </p>
   </div>
   <div class='ocr_carea' id='block_1_94' title="bbox 2261 3289 3844 3368">
    <p class='ocr_par' dir='ltr' id='par_1_94' title="bbox 2261 3289 3844 3368">
     <span class='ocr_line' id='line_1_94' title="bbox 2261 3289 3844 3368; baseline -0.008 -14"><span class='ocrx_word' id='word_1_769' title='bbox 2261 3311 2319 3354; x_wconf 89' lang='lat' dir='ltr'><strong>ut</strong></span> <span class='ocrx_word' id='word_1_770' title='bbox 2341 3308 2581 3368; x_wconf 89' lang='lat' dir='ltr'><strong>tempore</strong></span> <span class='ocrx_word' id='word_1_771' title='bbox 2607 3297 2759 3361; x_wconf 69' lang='lat' dir='ltr'><strong>Elite,</strong></span> <span class='ocrx_word' id='word_1_772' title='bbox 2785 3289 3223 3365; x_wconf 81' lang='lat' dir='ltr'><strong>Nescitis,&#39;iuquit</strong></span> <span class='ocrx_word' id='word_1_773' title='bbox 3269 3292 3532 3353; x_wconf 82' lang='lat' dir='ltr'><strong>Christus,</strong></span> <span class='ocrx_word' id='word_1_774' title='bbox 3555 3295 3699 3355; x_wconf 78' lang='lat' dir='ltr'><strong>cuius</strong></span> <span class='ocrx_word' id='word_1_775' title='bbox 3733 3291 3844 3362; x_wconf 72' lang='lat' dir='ltr'><strong>spi-</strong></span> 
     </span>
    </p>
   </div>
   <div class='ocr_carea' id='block_1_95' title="bbox 2261 3388 2934 3459">
    <p class='ocr_par' dir='ltr' id='par_1_95' title="bbox 2261 3388 2934 3459">
     <span class='ocr_line' id='line_1_95' title="bbox 2261 3388 2934 3459; baseline -0.003 -15"><span class='ocrx_word' id='word_1_776' title='bbox 2261 3393 2387 3445; x_wconf 82' lang='lat' dir='ltr'><strong>ritus</strong></span> <span class='ocrx_word' id='word_1_777' title='bbox 2416 3392 2530 3444; x_wconf 86' lang='lat' dir='ltr'><strong>cstis</strong></span> <span class='ocrx_word' id='word_1_778' title='bbox 2559 3389 2704 3459; x_wconf 82' lang='lat' dir='ltr'><strong>(Luc.</strong></span> <span class='ocrx_word' id='word_1_779' title='bbox 2736 3388 2789 3443; x_wconf 88' lang='lat'><strong>9.</strong></span> <span class='ocrx_word' id='word_1_780' title='bbox 2820 3389 2934 3458; x_wconf 81' lang='grc'><strong>55).</strong></span> 
     </span>
    </p>
   </div>
   <div class='ocr_carea' id='block_1_96' title="bbox 2341 3479 3841 3551">
    <p class='ocr_par' dir='ltr' id='par_1_96' title="bbox 2341 3479 3841 3551">
     <span class='ocr_line' id='line_1_96' title="bbox 2341 3479 3841 3551; baseline -0.004 -11"><span class='ocrx_word' id='word_1_781' title='bbox 2341 3485 2396 3540; x_wconf 87' lang='grc'><strong>5.</strong></span> <span class='ocrx_word' id='word_1_782' title='bbox 2432 3483 2586 3540; x_wconf 91' lang='lat' dir='ltr'><strong>Tunc</strong></span> <span class='ocrx_word' id='word_1_783' title='bbox 2613 3485 2758 3539; x_wconf 90' lang='lat' dir='ltr'><strong>enim</strong></span> <span class='ocrx_word' id='word_1_784' title='bbox 2801 3498 2907 3536; x_wconf 89' lang='lat' dir='ltr'><strong>non</strong></span> <span class='ocrx_word' id='word_1_785' title='bbox 2954 3483 3284 3551; x_wconf 89' lang='lat' dir='ltr'><strong>impietatem</strong></span> <span class='ocrx_word' id='word_1_786' title='bbox 3327 3482 3518 3546; x_wconf 85' lang='lat' dir='ltr'><strong>modo,</strong></span> <span class='ocrx_word' id='word_1_787' title='bbox 3547 3479 3841 3535; x_wconf 84' lang='lat' dir='ltr'><strong>scd&#39;etiam</strong></span> 
     </span>
    </p>
   </div>
   <div class='ocr_carea' id='block_1_97' title="bbox 2274 3573 3843 3646">
    <p class='ocr_par' dir='ltr' id='par_1_97' title="bbox 2274 3573 3843 3646">
     <span class='ocr_line' id='line_1_97' title="bbox 2274 3573 3843 3646; baseline -0.004 -14"><span class='ocrx_word' id='word_1_788' title='bbox 2274 3577 2468 3646; x_wconf 90' lang='lat' dir='ltr'><strong>impios</strong></span> <span class='ocrx_word' id='word_1_789' title='bbox 2493 3578 2644 3646; x_wconf 91' lang='lat' dir='ltr'><strong>ipsos</strong></span> <span class='ocrx_word' id='word_1_790' title='bbox 2673 3575 2856 3630; x_wconf 89' lang='lat' dir='ltr'><strong>odisse</strong></span> <span class='ocrx_word' id='word_1_791' title='bbox 2882 3575 3235 3644; x_wconf 87' lang='lat' dir='ltr'><strong>jubebantur,</strong></span> <span class='ocrx_word' id='word_1_792' title='bbox 3260 3591 3328 3630; x_wconf 89' lang='lat' dir='ltr'><strong>ue</strong></span> <span class='ocrx_word' id='word_1_793' title='bbox 3351 3573 3592 3630; x_wconf 83' lang='lat' dir='ltr'><strong>amicitia</strong></span> <span class='ocrx_word' id='word_1_794' title='bbox 3619 3573 3843 3628; x_wconf 79' lang='lat' dir='ltr'><strong>occasio</strong></span> 
     </span>
    </p>
   </div>
   <div class='ocr_carea' id='block_1_98' title="bbox 2272 3667 3846 3738">
    <p class='ocr_par' dir='ltr' id='par_1_98' title="bbox 2272 3667 3846 3738">
     <span class='ocr_line' id='line_1_98' title="bbox 2272 3667 3846 3738; baseline -0.001 -16"><span class='ocrx_word' id='word_1_795' title='bbox 2272 3669 2408 3738; x_wconf 87' lang='lat' dir='ltr'><strong>ipsis</strong></span> <span class='ocrx_word' id='word_1_796' title='bbox 2439 3678 2584 3723; x_wconf 89' lang='lat' dir='ltr'><strong>esset</strong></span> <span class='ocrx_word' id='word_1_797' title='bbox 2629 3667 2958 3737; x_wconf 77' lang='lat' dir='ltr'><strong>iniquitatis;</strong></span> <span class='ocrx_word' id='word_1_798' title='bbox 3002 3667 3231 3738; x_wconf 87' lang='lat' dir='ltr'><strong>ideoque</strong></span> <span class='ocrx_word' id='word_1_799' title='bbox 3264 3667 3622 3737; x_wconf 86' lang='lat' dir='ltr'><strong>cognationes</strong></span> <span class='ocrx_word' id='word_1_800' title='bbox 3662 3667 3846 3723; x_wconf 88' lang='lat' dir='ltr'><strong>absci-</strong></span> 
     </span>
    </p>
   </div>
   <div class='ocr_carea' id='block_1_99' title="bbox 2272 3760 3842 3832">
    <p class='ocr_par' dir='ltr' id='par_1_99' title="bbox 2272 3760 3842 3832">
     <span class='ocr_line' id='line_1_99' title="bbox 2272 3760 3842 3832; baseline -0.001 -16"><span class='ocrx_word' id='word_1_801' title='bbox 2272 3763 2355 3816; x_wconf 91' lang='lat' dir='ltr'><strong>dit</strong></span> <span class='ocrx_word' id='word_1_802' title='bbox 2403 3772 2458 3818; x_wconf 89' lang='lat' dir='ltr'><strong>et</strong></span> <span class='ocrx_word' id='word_1_803' title='bbox 2507 3762 2942 3825; x_wconf 81' lang='lat' dir='ltr'><strong>commixtiones,</strong></span> <span class='ocrx_word' id='word_1_804' title='bbox 2983 3770 3037 3815; x_wconf 90' lang='lat' dir='ltr'><strong>et</strong></span> <span class='ocrx_word' id='word_1_805' title='bbox 3082 3761 3320 3832; x_wconf 88' lang='lat' dir='ltr'><strong>undique</strong></span> <span class='ocrx_word' id='word_1_806' title='bbox 3370 3762 3494 3816; x_wconf 84' lang='lat' dir='ltr'><strong>illos</strong></span> <span class='ocrx_word' id='word_1_807' title='bbox 3539 3760 3842 3816; x_wconf 85' lang='lat' dir='ltr'><strong>muniebat.</strong></span> 
     </span>
    </p>
   </div>
   <div class='ocr_carea' id='block_1_100' title="bbox 2273 3850 3847 3922">
    <p class='ocr_par' dir='ltr' id='par_1_100' title="bbox 2273 3850 3847 3922">
     <span class='ocr_line' id='line_1_100' title="bbox 2273 3850 3847 3922; baseline -0.001 -16"><span class='ocrx_word' id='word_1_808' title='bbox 2273 3850 2430 3907; x_wconf 82' lang='lat' dir='ltr'><strong>Nunc</strong></span> <span class='ocrx_word' id='word_1_809' title='bbox 2461 3859 2671 3916; x_wconf 86' lang='lat' dir='ltr'><strong>autem,</strong></span> <span class='ocrx_word' id='word_1_810' title='bbox 2705 3851 2829 3922; x_wconf 90' lang='lat' dir='ltr'><strong>quia</strong></span> <span class='ocrx_word' id='word_1_811' title='bbox 2865 3850 2931 3904; x_wconf 85' lang='lat' dir='ltr'><strong>ad</strong></span> <span class='ocrx_word' id='word_1_812' title='bbox 2970 3850 3230 3920; x_wconf 90' lang='lat' dir='ltr'><strong>majorem</strong></span> <span class='ocrx_word' id='word_1_813' title='bbox 3272 3867 3375 3906; x_wconf 84' lang='lat' dir='ltr'><strong>nos</strong></span> <span class='ocrx_word' id='word_1_814' title='bbox 3413 3852 3566 3905; x_wconf 83' lang='lat' dir='ltr'><strong>duxit</strong></span> <span class='ocrx_word' id='word_1_815' title='bbox 3605 3853 3847 3921; x_wconf 88' lang='lat' dir='ltr'><strong>philoso-</strong></span> 
     </span>
    </p>
   </div>
   <div class='ocr_carea' id='block_1_101' title="bbox 2266 3937 3852 4013">
    <p class='ocr_par' dir='ltr' id='par_1_101' title="bbox 2266 3937 3852 4013">
     <span class='ocr_line' id='line_1_101' title="bbox 2266 3937 3852 4013; baseline -0.004 -17"><span class='ocrx_word' id='word_1_816' title='bbox 2266 3943 2442 4012; x_wconf 88' lang='lat' dir='ltr'><strong>phiam</strong></span> <span class='ocrx_word' id='word_1_817' title='bbox 2463 3941 2869 3999; x_wconf 44' lang='lat' dir='ltr'><strong>et&#39;excelsiores</strong></span> <span class='ocrx_word' id='word_1_818' title='bbox 2896 3942 3094 4013; x_wconf 86' lang='lat' dir='ltr'><strong>posuit,</strong></span> <span class='ocrx_word' id='word_1_819' title='bbox 3109 3956 3268 4012; x_wconf 90' lang='lat' dir='ltr'><strong>quam</strong></span> <span class='ocrx_word' id='word_1_820' title='bbox 3284 3949 3340 3995; x_wconf 91' lang='lat' dir='ltr'><strong>ut</strong></span> <span class='ocrx_word' id='word_1_821' title='bbox 3355 3940 3552 3994; x_wconf 88' lang='lat' dir='ltr'><strong>danmo</strong></span> <span class='ocrx_word' id='word_1_822' title='bbox 3567 3939 3693 3994; x_wconf 92' lang='lat' dir='ltr'><strong>hinc</strong></span> <span class='ocrx_word' id='word_1_823' title='bbox 3713 3937 3852 3991; x_wconf 76' lang='lat' dir='ltr'><strong>allici</strong></span> 
     </span>
    </p>
   </div>
   <div class='ocr_carea' id='block_1_102' title="bbox 2269 4028 3851 4103">
    <p class='ocr_par' dir='ltr' id='par_1_102' title="bbox 2269 4028 3851 4103">
     <span class='ocr_line' id='line_1_102' title="bbox 2269 4028 3851 4103; baseline -0.001 -18"><span class='ocrx_word' id='word_1_824' title='bbox 2269 4048 2566 4103; x_wconf 75' lang='lat' dir='ltr'><strong>possemus.</strong></span> <span class='ocrx_word' id='word_1_825' title='bbox 2587 4040 2644 4088; x_wconf 91' lang='lat' dir='ltr'><strong>et</strong></span> <span class='ocrx_word' id='word_1_826' title='bbox 2669 4031 2952 4088; x_wconf 88' lang='lat' dir='ltr'><strong>admittere</strong></span> <span class='ocrx_word' id='word_1_827' title='bbox 2973 4046 3066 4088; x_wconf 83' lang='lat' dir='ltr'><strong>eos</strong></span> <span class='ocrx_word' id='word_1_828' title='bbox 3088 4041 3142 4086; x_wconf 89' lang='lat' dir='ltr'><strong>et</strong></span> <span class='ocrx_word' id='word_1_829' title='bbox 3164 4030 3430 4086; x_wconf 86' lang='lat' dir='ltr'><strong>consulari</strong></span> <span class='ocrx_word' id='word_1_830' title='bbox 3460 4031 3630 4101; x_wconf 74' lang='lat' dir='ltr'><strong>jubet.</strong></span> <span class='ocrx_word' id='word_1_831' title='bbox 3663 4028 3851 4098; x_wconf 85' lang='lat' dir='ltr'><strong>Neque</strong></span> 
     </span>
    </p>
   </div>
   <div class='ocr_carea' id='block_1_103' title="bbox 2267 4121 3853 4191">
    <p class='ocr_par' dir='ltr' id='par_1_103' title="bbox 2267 4121 3853 4191">
     <span class='ocr_line' id='line_1_103' title="bbox 2267 4121 3853 4191; baseline -0.006 -9"><span class='ocrx_word' id='word_1_832' title='bbox 2267 4127 2408 4182; x_wconf 91' lang='lat' dir='ltr'><strong>enim</strong></span> <span class='ocrx_word' id='word_1_833' title='bbox 2435 4125 2588 4181; x_wconf 89' lang='lat' dir='ltr'><strong>nobis</strong></span> <span class='ocrx_word' id='word_1_834' title='bbox 2616 4123 2685 4180; x_wconf 91' lang='lat' dir='ltr'><strong>ab</strong></span> <span class='ocrx_word' id='word_1_835' title='bbox 2714 4124 2818 4179; x_wconf 91' lang='lat' dir='ltr'><strong>illis</strong></span> <span class='ocrx_word' id='word_1_836' title='bbox 2857 4124 3135 4191; x_wconf 88' lang='lat' dir='ltr'><strong>damnum,</strong></span> <span class='ocrx_word' id='word_1_837' title='bbox 3164 4122 3257 4178; x_wconf 83' lang='lat' dir='ltr'><strong>sed</strong></span> <span class='ocrx_word' id='word_1_838' title='bbox 3288 4122 3394 4176; x_wconf 92' lang='lat' dir='ltr'><strong>illis</strong></span> <span class='ocrx_word' id='word_1_839' title='bbox 3415 4137 3444 4176; x_wconf 92' lang='lat' dir='ltr'><strong>a</strong></span> <span class='ocrx_word' id='word_1_840' title='bbox 3467 4121 3623 4176; x_wconf 88' lang='lat' dir='ltr'><strong>nobis</strong></span> <span class='ocrx_word' id='word_1_841' title='bbox 3652 4121 3853 4177; x_wconf 87' lang='lat' dir='ltr'><strong>utilitas</strong></span> 
     </span>
    </p>
   </div>
   <div class='ocr_carea' id='block_1_104' title="bbox 2268 4212 3855 4287">
    <p class='ocr_par' dir='ltr' id='par_1_104' title="bbox 2268 4212 3855 4287">
     <span class='ocr_line' id='line_1_104' title="bbox 2268 4212 3855 4287; baseline -0.008 -13"><span class='ocrx_word' id='word_1_842' title='bbox 2268 4216 2532 4287; x_wconf 88' lang='lat' dir='ltr'><strong>provenit.</strong></span> <span class='ocrx_word' id='word_1_843' title='bbox 2553 4215 2692 4284; x_wconf 88' lang='lat' dir='ltr'><strong>Quid</strong></span> <span class='ocrx_word' id='word_1_844' title='bbox 2709 4216 3014 4287; x_wconf 87' lang='lat' dir='ltr'><strong>ergodicit?</strong></span> <span class='ocrx_word' id='word_1_845' title='bbox 3033 4214 3148 4270; x_wconf 81' lang='lat' dir='ltr'><strong>Non</strong></span> <span class='ocrx_word' id='word_1_846' title='bbox 3171 4223 3382 4282; x_wconf 79' lang='lat' dir='ltr'><strong>Oportet</strong></span> <span class='ocrx_word' id='word_1_847' title='bbox 3409 4213 3608 4278; x_wconf 88' lang='lat' dir='ltr'><strong>odisse,</strong></span> <span class='ocrx_word' id='word_1_848' title='bbox 3633 4212 3726 4269; x_wconf 87' lang='lat' dir='ltr'><strong>sed</strong></span> <span class='ocrx_word' id='word_1_849' title='bbox 3751 4213 3855 4264; x_wconf 87' lang='lat' dir='ltr'><strong>mi-</strong></span> 
     </span>
    </p>
   </div>
   <div class='ocr_carea' id='block_1_105' title="bbox 2268 4304 3855 4378">
    <p class='ocr_par' dir='ltr' id='par_1_105' title="bbox 2268 4304 3855 4378">
     <span class='ocr_line' id='line_1_105' title="bbox 2268 4304 3855 4378; baseline -0.005 -15"><span class='ocrx_word' id='word_1_850' title='bbox 2268 4308 2461 4364; x_wconf 87' lang='lat' dir='ltr'><strong>sereri.</strong></span> <span class='ocrx_word' id='word_1_851' title='bbox 2483 4307 2538 4364; x_wconf 88' lang='lat' dir='ltr'><strong>Si</strong></span> <span class='ocrx_word' id='word_1_852' title='bbox 2565 4307 2707 4363; x_wconf 87' lang='lat' dir='ltr'><strong>enim</strong></span> <span class='ocrx_word' id='word_1_853' title='bbox 2730 4307 2927 4367; x_wconf 87' lang='lat' dir='ltr'><strong>oderis.</strong></span> <span class='ocrx_word' id='word_1_854' title='bbox 2949 4307 3220 4378; x_wconf 90' lang='lat' dir='ltr'><strong>quomodo</strong></span> <span class='ocrx_word' id='word_1_855' title='bbox 3252 4316 3522 4360; x_wconf 85' lang='lat' dir='ltr'><strong>errantem</strong></span> <span class='ocrx_word' id='word_1_856' title='bbox 3547 4304 3700 4360; x_wconf 81' lang='lat' dir='ltr'><strong>facile</strong></span> <span class='ocrx_word' id='word_1_857' title='bbox 3726 4322 3855 4356; x_wconf 80' lang='lat' dir='ltr'><strong>rou-</strong></span> 
     </span>
    </p>
   </div>
   <div class='ocr_carea' id='block_1_106' title="bbox 2270 4395 3857 4470">
    <p class='ocr_par' dir='ltr' id='par_1_106' title="bbox 2270 4395 3857 4470">
     <span class='ocr_line' id='line_1_106' title="bbox 2270 4395 3857 4470; baseline -0.005 -16"><span class='ocrx_word' id='word_1_858' title='bbox 2270 4401 2482 4456; x_wconf 84' lang='lat' dir='ltr'><strong>vertes‘!</strong></span> <span class='ocrx_word' id='word_1_859' title='bbox 2510 4399 2778 4470; x_wconf 89' lang='lat' dir='ltr'><strong>quomodo</strong></span> <span class='ocrx_word' id='word_1_860' title='bbox 2797 4398 2979 4454; x_wconf 90' lang='lat' dir='ltr'><strong>orabis</strong></span> <span class='ocrx_word' id='word_1_861' title='bbox 3000 4414 3097 4469; x_wconf 90' lang='lat' dir='ltr'><strong>pro</strong></span> <span class='ocrx_word' id='word_1_862' title='bbox 3121 4397 3356 4453; x_wconf 80' lang='lat' dir='ltr'><strong>inﬁdeli?</strong></span> <span class='ocrx_word' id='word_1_863' title='bbox 3385 4397 3516 4452; x_wconf 84' lang='lat' dir='ltr'><strong>Nam</strong></span> <span class='ocrx_word' id='word_1_864' title='bbox 3538 4395 3679 4466; x_wconf 90' lang='lat' dir='ltr'><strong>quod</strong></span> <span class='ocrx_word' id='word_1_865' title='bbox 3702 4410 3791 4449; x_wconf 85' lang='lat' dir='ltr'><strong>ora</strong></span> <span class='ocrx_word' id='word_1_866' title='bbox 3801 4408 3857 4447; x_wconf 88' lang='lat' dir='ltr'><strong>re</strong></span> 
     </span>
    </p>
   </div>
   <div class='ocr_carea' id='block_1_107' title="bbox 2268 4486 3856 4564">
    <p class='ocr_par' dir='ltr' id='par_1_107' title="bbox 2268 4486 3856 4564">
     <span class='ocr_line' id='line_1_107' title="bbox 2268 4486 3856 4564; baseline -0.006 -15"><span class='ocrx_word' id='word_1_867' title='bbox 2268 4501 2533 4564; x_wconf 89' lang='lat' dir='ltr'><strong>oporteat,</strong></span> <span class='ocrx_word' id='word_1_868' title='bbox 2562 4493 2683 4547; x_wconf 90' lang='lat' dir='ltr'><strong>audi</strong></span> <span class='ocrx_word' id='word_1_869' title='bbox 2713 4491 2838 4563; x_wconf 91' lang='lat' dir='ltr'><strong>quid</strong></span> <span class='ocrx_word' id='word_1_870' title='bbox 2869 4492 3012 4547; x_wconf 87' lang='lat' dir='ltr'><strong>dicat</strong></span> <span class='ocrx_word' id='word_1_871' title='bbox 3038 4491 3235 4547; x_wconf 83' lang='lat' dir='ltr'><strong>Paulus</strong></span> <span class='ocrx_word' id='word_1_872' title='bbox 3265 4510 3278 4545; x_wconf 90' lang='lat'><strong>:</strong></span> <span class='ocrx_word' id='word_1_873' title='bbox 3311 4490 3528 4545; x_wconf 80' lang='lat' dir='ltr'><strong>Obsecro</strong></span> <span class='ocrx_word' id='word_1_874' title='bbox 3571 4490 3726 4560; x_wconf 78' lang='lat' dir='ltr'><strong>igitur</strong></span> <span class='ocrx_word' id='word_1_875' title='bbox 3749 4486 3856 4554; x_wconf 79' lang='lat' dir='ltr'><strong>pri-</strong></span> 
     </span>
    </p>
   </div>
   <div class='ocr_carea' id='block_1_108' title="bbox 2269 4578 3852 4654">
    <p class='ocr_par' dir='ltr' id='par_1_108' title="bbox 2269 4578 3852 4654">
     <span class='ocr_line' id='line_1_108' title="bbox 2269 4578 3852 4654; baseline -0.006 -15"><span class='ocrx_word' id='word_1_876' title='bbox 2269 4601 2405 4640; x_wconf 84' lang='lat' dir='ltr'><strong>munt</strong></span> <span class='ocrx_word' id='word_1_877' title='bbox 2431 4585 2659 4639; x_wconf 80' lang='lat' dir='ltr'><strong>omnium</strong></span> <span class='ocrx_word' id='word_1_878' title='bbox 2686 4584 2799 4654; x_wconf 70' lang='lat' dir='ltr'><strong>fieri</strong></span> <span class='ocrx_word' id='word_1_879' title='bbox 2818 4582 3208 4648; x_wconf 85' lang='lat' dir='ltr'><strong>obsecrationes,</strong></span> <span class='ocrx_word' id='word_1_880' title='bbox 3249 4583 3524 4645; x_wconf 73' lang='lat' dir='ltr'><strong>orationes,</strong></span> <span class='ocrx_word' id='word_1_881' title='bbox 3558 4578 3852 4650; x_wconf 88' lang='lat' dir='ltr'><strong>postulatio-</strong></span> 
     </span>
    </p>
   </div>
   <div class='ocr_carea' id='block_1_109' title="bbox 2270 4669 3856 4749">
    <p class='ocr_par' dir='ltr' id='par_1_109' title="bbox 2270 4669 3856 4749">
     <span class='ocr_line' id='line_1_109' title="bbox 2270 4669 3856 4749; baseline -0.006 -18"><span class='ocrx_word' id='word_1_882' title='bbox 2270 4695 2380 4743; x_wconf 86' lang='lat' dir='ltr'><strong>nes,</strong></span> <span class='ocrx_word' id='word_1_883' title='bbox 2408 4678 2688 4749; x_wconf 86' lang='lat' dir='ltr'><strong>gratiarum</strong></span> <span class='ocrx_word' id='word_1_884' title='bbox 2707 4678 2930 4732; x_wconf 80' lang='lat' dir='ltr'><strong>actioncs</strong></span> <span class='ocrx_word' id='word_1_885' title='bbox 2947 4693 3040 4745; x_wconf 80' lang='lat' dir='ltr'><strong>pro</strong></span> <span class='ocrx_word' id='word_1_886' title='bbox 3060 4676 3292 4732; x_wconf 85' lang='lat' dir='ltr'><strong>omnibus</strong></span> <span class='ocrx_word' id='word_1_887' title='bbox 3314 4673 3598 4729; x_wconf 78' lang='lat' dir='ltr'><strong>hominibus</strong></span> <span class='ocrx_word' id='word_1_888' title='bbox 3614 4674 3664 4744; x_wconf 84' lang='lat' dir='ltr'><strong>(l</strong></span> <span class='ocrx_word' id='word_1_889' title='bbox 3681 4713 3694 4726; x_wconf 96' lang='lat'><strong>.</strong></span> <span class='ocrx_word' id='word_1_890' title='bbox 3721 4669 3856 4725; x_wconf 81' lang='lat' dir='ltr'><strong>Tim.</strong></span> 
     </span>
    </p>
   </div>
   <div class='ocr_carea' id='block_1_110' title="bbox 2270 4764 3856 4840">
    <p class='ocr_par' dir='ltr' id='par_1_110' title="bbox 2270 4764 3856 4840">
     <span class='ocr_line' id='line_1_110' title="bbox 2270 4764 3856 4840; baseline -0.006 -16"><span class='ocrx_word' id='word_1_891' title='bbox 2270 4770 2326 4824; x_wconf 79' lang='lat'><strong>2.</strong></span> <span class='ocrx_word' id='word_1_892' title='bbox 2359 4773 2409 4826; x_wconf 89' lang='grc'><strong>1.</strong></span> <span class='ocrx_word' id='word_1_893' title='bbox 2431 4772 2510 4840; x_wconf 79' lang='lat'><strong>2).</strong></span> <span class='ocrx_word' id='word_1_894' title='bbox 2533 4769 2686 4838; x_wconf 86' lang='lat' dir='ltr'><strong>Quod</strong></span> <span class='ocrx_word' id='word_1_895' title='bbox 2713 4778 2892 4825; x_wconf 88' lang='lat' dir='ltr'><strong>autem</strong></span> <span class='ocrx_word' id='word_1_896' title='bbox 2918 4778 3044 4823; x_wconf 92' lang='lat' dir='ltr'><strong>tunc</strong></span> <span class='ocrx_word' id='word_1_897' title='bbox 3074 4783 3179 4822; x_wconf 90' lang='lat' dir='ltr'><strong>nou</strong></span> <span class='ocrx_word' id='word_1_898' title='bbox 3209 4781 3398 4821; x_wconf 83' lang='lat' dir='ltr'><strong>omnes</strong></span> <span class='ocrx_word' id='word_1_899' title='bbox 3422 4764 3606 4820; x_wconf 81' lang='lat' dir='ltr'><strong>ﬁdeles</strong></span> <span class='ocrx_word' id='word_1_900' title='bbox 3654 4771 3856 4825; x_wconf 84' lang='lat' dir='ltr'><strong>essent,</strong></span> 
     </span>
    </p>
   </div>
   <div class='ocr_carea' id='block_1_111' title="bbox 2273 4857 3860 4930">
    <p class='ocr_par' dir='ltr' id='par_1_111' title="bbox 2273 4857 3860 4930">
     <span class='ocr_line' id='line_1_111' title="bbox 2273 4857 3860 4930; baseline -0.006 -9"><span class='ocrx_word' id='word_1_901' title='bbox 2273 4865 2442 4921; x_wconf 87' lang='lat' dir='ltr'><strong>cuivis</strong></span> <span class='ocrx_word' id='word_1_902' title='bbox 2472 4863 2811 4918; x_wconf 79' lang='lat' dir='ltr'><strong>manifestum</strong></span> <span class='ocrx_word' id='word_1_903' title='bbox 2849 4870 2952 4918; x_wconf 89' lang='lat' dir='ltr'><strong>est.</strong></span> <span class='ocrx_word' id='word_1_904' title='bbox 2982 4863 3046 4915; x_wconf 66' lang='lat' dir='ltr'><strong>lit</strong></span> <span class='ocrx_word' id='word_1_905' title='bbox 3078 4875 3310 4921; x_wconf 80' lang='lat' dir='ltr'><strong>rursum.</strong></span> <span class='ocrx_word' id='word_1_906' title='bbox 3337 4859 3442 4913; x_wconf 80' lang='lat' dir='ltr'><strong>Pro</strong></span> <span class='ocrx_word' id='word_1_907' title='bbox 3467 4858 3686 4930; x_wconf 85' lang='lat' dir='ltr'><strong>regibus,</strong></span> <span class='ocrx_word' id='word_1_908' title='bbox 3723 4865 3770 4910; x_wconf 82' lang='lat' dir='ltr'><strong>et</strong></span> <span class='ocrx_word' id='word_1_909' title='bbox 3798 4857 3860 4911; x_wconf 88' lang='lat' dir='ltr'><strong>iis</strong></span> 
     </span>
    </p>
   </div>
   <div class='ocr_carea' id='block_1_112' title="bbox 2269 4952 3859 5030">
    <p class='ocr_par' dir='ltr' id='par_1_112' title="bbox 2269 4952 3859 5030">
     <span class='ocr_line' id='line_1_112' title="bbox 2269 4952 3859 5030; baseline -0.005 -18"><span class='ocrx_word' id='word_1_910' title='bbox 2269 4959 2360 5030; x_wconf 87' lang='lat' dir='ltr'><strong>qui</strong></span> <span class='ocrx_word' id='word_1_911' title='bbox 2403 4958 2457 5012; x_wconf 88' lang='lat' dir='ltr'><strong>in</strong></span> <span class='ocrx_word' id='word_1_912' title='bbox 2503 4957 2750 5028; x_wconf 89' lang='lat' dir='ltr'><strong>dignitate</strong></span> <span class='ocrx_word' id='word_1_913' title='bbox 2788 4955 3045 5008; x_wconf 87' lang='lat' dir='ltr'><strong>constituti</strong></span> <span class='ocrx_word' id='word_1_914' title='bbox 3075 4965 3213 5008; x_wconf 89' lang='lat' dir='ltr'><strong>sunt.</strong></span> <span class='ocrx_word' id='word_1_915' title='bbox 3247 4954 3398 5021; x_wconf 85' lang='lat' dir='ltr'><strong>Quod</strong></span> <span class='ocrx_word' id='word_1_916' title='bbox 3437 4968 3596 5022; x_wconf 87' lang='lat' dir='ltr'><strong>porro</strong></span> <span class='ocrx_word' id='word_1_917' title='bbox 3628 4953 3679 5006; x_wconf 91' lang='lat' dir='ltr'><strong>hi</strong></span> <span class='ocrx_word' id='word_1_918' title='bbox 3712 4952 3859 5021; x_wconf 90' lang='lat' dir='ltr'><strong>impii</strong></span> 
     </span>
    </p>
   </div>
   <div class='ocr_carea' id='block_1_113' title="bbox 2274 5042 3858 5114">
    <p class='ocr_par' dir='ltr' id='par_1_113' title="bbox 2274 5042 3858 5114">
     <span class='ocr_line' id='line_1_113' title="bbox 2274 5042 3858 5114; baseline -0.008 -8"><span class='ocrx_word' id='word_1_919' title='bbox 2274 5057 2456 5106; x_wconf 87' lang='lat' dir='ltr'><strong>essent</strong></span> <span class='ocrx_word' id='word_1_920' title='bbox 2497 5056 2554 5103; x_wconf 88' lang='lat' dir='ltr'><strong>et</strong></span> <span class='ocrx_word' id='word_1_921' title='bbox 2598 5046 2784 5114; x_wconf 86' lang='lat' dir='ltr'><strong>iniqui,</strong></span> <span class='ocrx_word' id='word_1_922' title='bbox 2840 5044 2942 5099; x_wconf 91' lang='lat' dir='ltr'><strong>hoc</strong></span> <span class='ocrx_word' id='word_1_923' title='bbox 2970 5044 3094 5099; x_wconf 88' lang='lat' dir='ltr'><strong>item</strong></span> <span class='ocrx_word' id='word_1_924' title='bbox 3127 5059 3466 5114; x_wconf 83' lang='lat' dir='ltr'><strong>persptcuum</strong></span> <span class='ocrx_word' id='word_1_925' title='bbox 3517 5053 3618 5098; x_wconf 72' lang='grc' dir='ltr'><strong>ρει.</strong></span> <span class='ocrx_word' id='word_1_926' title='bbox 3655 5042 3858 5098; x_wconf 87' lang='lat' dir='ltr'><strong>Deinde</strong></span> 
     </span>
    </p>
   </div>
   <div class='ocr_carea' id='block_1_114' title="bbox 2275 5133 3860 5208">
    <p class='ocr_par' dir='ltr' id='par_1_114' title="bbox 2275 5133 3860 5208">
     <span class='ocr_line' id='line_1_114' title="bbox 2275 5133 3860 5208; baseline -0.006 -12"><span class='ocrx_word' id='word_1_927' title='bbox 2275 5153 2491 5196; x_wconf 88' lang='lat' dir='ltr'><strong>causam</strong></span> <span class='ocrx_word' id='word_1_928' title='bbox 2517 5151 2733 5208; x_wconf 89' lang='lat' dir='ltr'><strong>quoque</strong></span> <span class='ocrx_word' id='word_1_929' title='bbox 2752 5136 3012 5191; x_wconf 85' lang='lat' dir='ltr'><strong>orationis</strong></span> <span class='ocrx_word' id='word_1_930' title='bbox 3031 5135 3237 5201; x_wconf 88' lang='lat' dir='ltr'><strong>dicens,</strong></span> <span class='ocrx_word' id='word_1_931' title='bbox 3261 5136 3566 5207; x_wconf 84' lang='lat' dir='ltr'><strong>subjungit:</strong></span> <span class='ocrx_word' id='word_1_932' title='bbox 3597 5133 3709 5189; x_wconf 80' lang='lat' dir='ltr'><strong>[loc</strong></span> <span class='ocrx_word' id='word_1_933' title='bbox 3729 5134 3860 5187; x_wconf 87' lang='lat' dir='ltr'><strong>enim</strong></span> 
     </span>
    </p>
   </div>
   <div class='ocr_carea' id='block_1_115' title="bbox 2277 5230 3862 5300">
    <p class='ocr_par' dir='ltr' id='par_1_115' title="bbox 2277 5230 3862 5300">
     <span class='ocr_line' id='line_1_115' title="bbox 2277 5230 3862 5300; baseline -0.004 -13"><span class='ocrx_word' id='word_1_934' title='bbox 2277 5234 2460 5287; x_wconf 86' lang='lat' dir='ltr'><strong>bonum</strong></span> <span class='ocrx_word' id='word_1_935' title='bbox 2501 5241 2576 5286; x_wconf 86' lang='lat' dir='ltr'><strong>est</strong></span> <span class='ocrx_word' id='word_1_936' title='bbox 2619 5241 2666 5284; x_wconf 90' lang='lat' dir='ltr'><strong>et</strong></span> <span class='ocrx_word' id='word_1_937' title='bbox 2695 5240 2959 5299; x_wconf 87' lang='lat' dir='ltr'><strong>acceptum</strong></span> <span class='ocrx_word' id='word_1_938' title='bbox 2997 5231 3048 5284; x_wconf 89' lang='lat' dir='ltr'><strong>in</strong></span> <span class='ocrx_word' id='word_1_939' title='bbox 3093 5246 3364 5300; x_wconf 56' lang='lat' dir='ltr'><strong>conspectu</strong></span> <span class='ocrx_word' id='word_1_940' title='bbox 3391 5230 3675 5284; x_wconf 81' lang='lat' dir='ltr'><strong>Saluatoris</strong></span> <span class='ocrx_word' id='word_1_941' title='bbox 3703 5230 3862 5281; x_wconf 88' lang='lat' dir='ltr'><strong>nostri</strong></span> 
     </span>
    </p>
   </div>
   <div class='ocr_carea' id='block_1_116' title="bbox 2275 5319 3865 5394">
    <p class='ocr_par' dir='ltr' id='par_1_116' title="bbox 2275 5319 3865 5394">
     <span class='ocr_line' id='line_1_116' title="bbox 2275 5319 3865 5394; baseline -0.004 -17"><span class='ocrx_word' id='word_1_942' title='bbox 2275 5323 2394 5389; x_wconf 88' lang='lat' dir='ltr'><strong>Dei,</strong></span> <span class='ocrx_word' id='word_1_943' title='bbox 2423 5323 2511 5394; x_wconf 85' lang='lat' dir='ltr'><strong>qui</strong></span> <span class='ocrx_word' id='word_1_944' title='bbox 2539 5339 2712 5378; x_wconf 87' lang='lat' dir='ltr'><strong>omnes</strong></span> <span class='ocrx_word' id='word_1_945' title='bbox 2751 5323 2978 5376; x_wconf 74' lang='lat' dir='ltr'><strong>homines</strong></span> <span class='ocrx_word' id='word_1_946' title='bbox 3002 5323 3109 5376; x_wconf 84' lang='lat' dir='ltr'><strong>vult</strong></span> <span class='ocrx_word' id='word_1_947' title='bbox 3133 5323 3298 5376; x_wconf 76' lang='lat' dir='ltr'><strong>salvos</strong></span> <span class='ocrx_word' id='word_1_948' title='bbox 3318 5322 3447 5388; x_wconf 75' lang='lat' dir='ltr'><strong>fieri,</strong></span> <span class='ocrx_word' id='word_1_949' title='bbox 3477 5328 3525 5373; x_wconf 88' lang='lat' dir='ltr'><strong>et</strong></span> <span class='ocrx_word' id='word_1_950' title='bbox 3549 5320 3618 5371; x_wconf 89' lang='lat' dir='ltr'><strong>ad</strong></span> <span class='ocrx_word' id='word_1_951' title='bbox 3643 5319 3865 5388; x_wconf 83' lang='lat' dir='ltr'><strong>agnitio-</strong></span> 
     </span>
    </p>
   </div>
   <div class='ocr_carea' id='block_1_117' title="bbox 2277 5411 3856 5486">
    <p class='ocr_par' dir='ltr' id='par_1_117' title="bbox 2277 5411 3856 5486">
     <span class='ocr_line' id='line_1_117' title="bbox 2277 5411 3856 5486; baseline -0.006 -13"><span class='ocrx_word' id='word_1_952' title='bbox 2277 5435 2390 5473; x_wconf 87' lang='lat' dir='ltr'><strong>nem</strong></span> <span class='ocrx_word' id='word_1_953' title='bbox 2418 5419 2643 5473; x_wconf 77' lang='lat' dir='ltr'><strong>ueritatis</strong></span> <span class='ocrx_word' id='word_1_954' title='bbox 2670 5418 2840 5472; x_wconf 73' lang='lat' dir='ltr'><strong>uenire</strong></span> <span class='ocrx_word' id='word_1_955' title='bbox 2868 5415 3033 5486; x_wconf 86' lang='lat' dir='ltr'><strong>(Ibid.</strong></span> <span class='ocrx_word' id='word_1_956' title='bbox 3064 5432 3114 5470; x_wconf 85' lang='grc' dir='ltr'><strong>υ.</strong></span> <span class='ocrx_word' id='word_1_957' title='bbox 3140 5417 3196 5470; x_wconf 77' lang='grc'><strong>5.</strong></span> <span class='ocrx_word' id='word_1_958' title='bbox 3242 5413 3321 5486; x_wconf 71' lang='grc' dir='ltr'><strong>ι).</strong></span> <span class='ocrx_word' id='word_1_959' title='bbox 3368 5413 3491 5467; x_wconf 90' lang='lat' dir='ltr'><strong>Ideo</strong></span> <span class='ocrx_word' id='word_1_960' title='bbox 3529 5411 3574 5466; x_wconf 86' lang='lat' dir='ltr'><strong>si</strong></span> <span class='ocrx_word' id='word_1_961' title='bbox 3603 5412 3856 5481; x_wconf 87' lang='lat' dir='ltr'><strong>gentilcm</strong></span> 
     </span>
    </p>
   </div>
   <div class='ocr_carea' id='block_1_118' title="bbox 2278 5504 3856 5565">
    <p class='ocr_par' dir='ltr' id='par_1_118' title="bbox 2278 5504 3856 5565">
     <span class='ocr_line' id='line_1_118' title="bbox 2278 5504 3856 5565; baseline -0.005 0"><span class='ocrx_word' id='word_1_962' title='bbox 2278 5509 2556 5565; x_wconf 89' lang='lat' dir='ltr'><strong>mulierem</strong></span> <span class='ocrx_word' id='word_1_963' title='bbox 2584 5506 2848 5562; x_wconf 85' lang='lat' dir='ltr'><strong>invenerit</strong></span> <span class='ocrx_word' id='word_1_964' title='bbox 2869 5520 2989 5560; x_wconf 91' lang='lat' dir='ltr'><strong>cum</strong></span> <span class='ocrx_word' id='word_1_965' title='bbox 3015 5504 3154 5560; x_wconf 88' lang='lat' dir='ltr'><strong>lideli</strong></span> <span class='ocrx_word' id='word_1_966' title='bbox 3182 5505 3529 5565; x_wconf 86' lang='lat' dir='ltr'><strong>habitantem.</strong></span> <span class='ocrx_word' id='word_1_967' title='bbox 3557 5519 3661 5557; x_wconf 86' lang='lat' dir='ltr'><strong>non</strong></span> <span class='ocrx_word' id='word_1_968' title='bbox 3701 5504 3856 5557; x_wconf 79' lang='lat' dir='ltr'><strong>solvit</strong></span> 
     </span>
    </p>
   </div>
   <div class='ocr_carea' id='block_1_119' title="bbox 2277 5594 3858 5670">
    <p class='ocr_par' dir='ltr' id='par_1_119' title="bbox 2277 5594 3858 5670">
     <span class='ocr_line' id='line_1_119' title="bbox 2277 5594 3858 5670; baseline -0.004 -14"><span class='ocrx_word' id='word_1_969' title='bbox 2277 5600 2621 5670; x_wconf 87' lang='lat' dir='ltr'><strong>conjugium:</strong></span> <span class='ocrx_word' id='word_1_970' title='bbox 2649 5612 2970 5669; x_wconf 90' lang='lat' dir='ltr'><strong>quamquam</strong></span> <span class='ocrx_word' id='word_1_971' title='bbox 2990 5595 3120 5668; x_wconf 91' lang='lat' dir='ltr'><strong>quid</strong></span> <span class='ocrx_word' id='word_1_972' title='bbox 3150 5603 3233 5652; x_wconf 89' lang='lat' dir='ltr'><strong>est</strong></span> <span class='ocrx_word' id='word_1_973' title='bbox 3262 5595 3470 5650; x_wconf 88' lang='lat' dir='ltr'><strong>mulieri</strong></span> <span class='ocrx_word' id='word_1_974' title='bbox 3492 5594 3607 5649; x_wconf 85' lang='lat' dir='ltr'><strong>viro</strong></span> <span class='ocrx_word' id='word_1_975' title='bbox 3633 5596 3858 5664; x_wconf 86' lang='lat' dir='ltr'><strong>conjun-</strong></span> 
     </span>
    </p>
   </div>
   <div class='ocr_carea' id='block_1_120' title="bbox 2277 5683 3856 5755">
    <p class='ocr_par' dir='ltr' id='par_1_120' title="bbox 2277 5683 3856 5755">
     <span class='ocr_line' id='line_1_120' title="bbox 2277 5683 3856 5755; baseline -0.008 -7"><span class='ocrx_word' id='word_1_976' title='bbox 2277 5692 2452 5748; x_wconf 84' lang='lat' dir='ltr'><strong>ctius?</strong></span> <span class='ocrx_word' id='word_1_977' title='bbox 2484 5689 2648 5745; x_wconf 86' lang='lat' dir='ltr'><strong>Erunt</strong></span> <span class='ocrx_word' id='word_1_978' title='bbox 2691 5690 2832 5745; x_wconf 89' lang='lat' dir='ltr'><strong>enim</strong></span> <span class='ocrx_word' id='word_1_979' title='bbox 2891 5689 2992 5743; x_wconf 84' lang='lat' dir='ltr'><strong>duo</strong></span> <span class='ocrx_word' id='word_1_980' title='bbox 3037 5687 3091 5741; x_wconf 90' lang='lat' dir='ltr'><strong>in</strong></span> <span class='ocrx_word' id='word_1_981' title='bbox 3133 5704 3286 5743; x_wconf 87' lang='lat' dir='ltr'><strong>carne</strong></span> <span class='ocrx_word' id='word_1_982' title='bbox 3336 5702 3439 5740; x_wconf 87' lang='lat' dir='ltr'><strong>una</strong></span> <span class='ocrx_word' id='word_1_983' title='bbox 3464 5686 3614 5755; x_wconf 82' lang='lat' dir='ltr'><strong>(Gen.</strong></span> <span class='ocrx_word' id='word_1_984' title='bbox 3642 5687 3698 5742; x_wconf 89' lang='lat'><strong>2.</strong></span> <span class='ocrx_word' id='word_1_985' title='bbox 3721 5683 3856 5749; x_wconf 64' lang='lat' dir='ltr'><strong>2i):</strong></span> 
     </span>
    </p>
   </div>
   <div class='ocr_carea' id='block_1_121' title="bbox 2281 5778 3860 5855">
    <p class='ocr_par' dir='ltr' id='par_1_121' title="bbox 2281 5778 3860 5855">
     <span class='ocr_line' id='line_1_121' title="bbox 2281 5778 3860 5855; baseline -0.006 -14"><span class='ocrx_word' id='word_1_986' title='bbox 2281 5800 2576 5855; x_wconf 80' lang='lat' dir='ltr'><strong>magnaque</strong></span> <span class='ocrx_word' id='word_1_987' title='bbox 2622 5792 2702 5839; x_wconf 88' lang='lat' dir='ltr'><strong>est</strong></span> <span class='ocrx_word' id='word_1_988' title='bbox 2727 5781 2837 5838; x_wconf 88' lang='lat' dir='ltr'><strong>illic</strong></span> <span class='ocrx_word' id='word_1_989' title='bbox 2865 5780 3161 5837; x_wconf 86' lang='lat' dir='ltr'><strong>animorum</strong></span> <span class='ocrx_word' id='word_1_990' title='bbox 3199 5778 3509 5850; x_wconf 89' lang='lat' dir='ltr'><strong>conjunctio</strong></span> <span class='ocrx_word' id='word_1_991' title='bbox 3558 5788 3613 5836; x_wconf 92' lang='lat' dir='ltr'><strong>et</strong></span> <span class='ocrx_word' id='word_1_992' title='bbox 3646 5779 3860 5834; x_wconf 73' lang='lat' dir='ltr'><strong>terrens</strong></span> 
     </span>
    </p>
   </div>
  </div>
