4112 6224
352 289 461 345 985

351 420 522 460 amor.
549 406 604 459 Si
633 413 807 458 autem
829 404 1021 472 impios
1039 412 1087 455 et
1119 401 1328 468 iniquos
1345 398 1470 452 odio
1493 397 1718 451 habituri
1747 398 1934 460 simus,

352 502 493 554 ultra
522 499 788 570 progressi
822 498 982 552 etiam
1031 503 1338 564 peccatores
1367 492 1491 546 odio
1521 489 1850 553 habebimus,
1885 501 1937 543 et

352 594 432 646 sic
461 594 684 646 ulterius
715 589 1030 660 procedens,
1059 601 1086 638 a
1117 584 1296 639 multis
1315 582 1567 638 fratribus
1595 581 1931 644 discinderis,

353 687 461 738 into
491 685 559 738 ab
580 684 824 739 omnibus
861 700 873 734 :
902 694 1058 734 nemo
1089 679 1256 741 enim,
1301 691 1460 732 nemo
1485 687 1632 732 certe
1662 677 1778 730 sine
1809 691 1935 746 pec-

351 789 468 831 cata
498 786 597 832 est.
633 775 761 829 Nam
801 774 845 828 si
877 781 1123 843 oporteat
1172 772 1264 826 Dei
1299 771 1544 825 inimicos
1572 769 1749 825 odisse
1773 811 1787 833 ,
1828 785 1933 822 non
1967 805 1969 807 ι

349 869 522 925 solum
543 867 754 935 impios,
787 865 880 920 sed
907 865 1066 919 etiam
1093 872 1400 933 peceatores
1416 861 1540 916 odio
1562 860 1758 915 habere
1778 876 1935 929 opor-

349 969 421 1012 tet
456 977 468 1010 :
501 967 552 1012 et
577 958 655 1010 sit:
672 957 872 1010 erimus
902 955 1024 1010 feris
1047 955 1365 1020 deteriores,
1394 968 1581 1007 omnes
1602 963 1930 1018 aversantes,

347 1049 650 1119 armgantia
681 1048 867 1112 inflati,
896 1051 1034 1102 sicut
1054 1048 1141 1102 ille
1164 1047 1483 1101 Pharisazus.
1517 1047 1586 1099 At
1609 1061 1714 1100 non
1733 1045 1934 1113 itajus-

346 1144 412 1194 sit
446 1141 660 1205 Paulus,
692 1140 784 1193 sed
819 1139 1131 1210 quomodo?
1175 1137 1378 1192 Moneta
1405 1137 1782 1206 incompositos,
1811 1151 1933 1189 con-

343 1232 582 1285 sulamini
606 1232 977 1301 pusillanimes,
1006 1231 1243 1298 suscipite
1259 1230 1509 1298 inﬁrmos,
1535 1230 1778 1298 patientes
1801 1235 1934 1282 esto-

343 1337 390 1378 te
413 1324 481 1377 ad
509 1340 678 1377 onmes
706 1323 781 1394 (l.
813 1322 991 1376 Thess.
1018 1323 1070 1376 5.
1098 1321 1359 1392 H).Quid
1387 1337 1535 1390 ergo,
1563 1321 1788 1390 inquies,
1810 1334 1930 1374 cum

341 1415 495 1470 dicit:
530 1414 589 1468 Si
640 1415 750 1480 quis
777 1431 875 1466 non
902 1414 1064 1467 obedit
1105 1413 1252 1466 verba
1293 1422 1463 1465 nostra
1510 1429 1598 1481 per
1627 1411 1927 1478 epistolam,

345 1508 478 1560 hunc
506 1516 691 1568 notate,
726 1515 772 1558 et
799 1523 896 1559 non
921 1505 1345 1558 contmisceamini
1383 1522 1496 1557 cum
1524 1505 1612 1558 illo
1644 1505 1716 1575 (τὶ.
1750 1503 1927 1558 Thess.

343 1601 395 1654 5.
432 1599 559 1666 ΜΠ
589 1599 722 1654 Vere
745 1599 957 1668 quidem
987 1598 1088 1652 hoc
1117 1600 1182 1652 de
1223 1598 1474 1653 fratribus
1500 1598 1699 1653 dictum
1730 1607 1844 1664 est;
1878 1611 1931 1652 at

343 1706 449 1745 non
477 1691 744 1754 absolute,
775 1690 868 1744 sed
899 1706 1018 1744 cum
1046 1689 1479 1744 mansuetudine.
1510 1687 1586 1743 Ne
1617 1689 1758 1742 enim
1786 1704 1930 1743 rese-

340 1798 433 1837 ces
457 1798 518 1837 ea
546 1797 666 1852 quae
689 1792 1007 1851 sequuntur,
1037 1781 1130 1835 sed
1167 1789 1221 1834 et
1244 1796 1304 1835 ea
1328 1796 1448 1851 qua:
1479 1792 1596 1834 sunt
1623 1791 1803 1850 postea
1831 1781 1930 1834 ad-

342 1875 515 1943 jicias.
540 1874 670 1928 Nam
695 1889 816 1927 cum
847 1874 1090 1937 dixisset,
1128 1873 1208 1928 Ne
1239 1873 1680 1938 commiscetnniui,
1705 1872 1929 1941 subjun-

339 1967 417 2021 xit
445 1983 459 2020 :
492 1965 559 2019 Et
581 1967 738 2021 nolite
763 1968 911 2036 quasi
930 1967 1189 2020 inimicum
1217 1967 1522 2033 existimare,
1557 1967 1644 2020 sed
1669 1966 1931 2020 admonete

339 2067 390 2111 ut
418 2061 626 2129 fratrem
658 2056 821 2124 (Ibid.
857 2074 901 2111 υ.
962 2057 1069 2128 15).

412 2149 554 2220 Opus
581 2149 772 2202 diaboli
805 2160 876 2202 est
909 2151 1123 2202 alterum
1151 2149 1212 2202 ab
1237 2152 1399 2203 altera
1429 2149 1684 2204 divellere.
1721 2149 1928 2204 Caritas

339 2241 510 2294 omnia
530 2251 758 2310 superat.
786 2270 851 2279 —
884 2239 1068 2294 Viden’
1101 2239 1372 2310 quomodo
1396 2239 1597 2294 malum
1625 2240 1929 2311 opusjubet

340 2333 541 2400 odisse,
569 2349 675 2388 non
709 2333 979 2389 hominem
1003 2335 1026 2388 ?
1056 2333 1188 2387 Natu
1218 2349 1354 2402 opus
1383 2334 1580 2389 diaboli
1609 2344 1690 2388 est
1716 2349 1816 2389 nos
1843 2335 1927 2389 al-

342 2439 514 2484 terum
545 2429 613 2485 ab
637 2429 811 2484 altero
831 2427 1087 2483 divellere
1122 2446 1134 2481 :
1165 2436 1220 2481 et
1253 2426 1408 2482 valde
1429 2427 1650 2483 curabat
1678 2428 1766 2483 ille
1793 2429 1928 2484 cari-

341 2531 504 2575 tatem
531 2519 600 2576 de
628 2520 806 2576 medio
831 2520 1040 2586 tollere,
1072 2526 1130 2572 ut
1155 2519 1509 2574 correctionis
1534 2521 1674 2574 viam
1695 2528 1925 2585 secaret,

341 2614 716 2684 detineretque
739 2613 886 2668 illum
918 2613 1133 2684 quidem
1162 2612 1214 2666 in
1245 2628 1451 2679 errore,
1477 2622 1528 2668 te
1554 2622 1730 2668 autem
1755 2614 1806 2667 in
1830 2613 1929 2667 ini-

341 2707 563 2772 micitia,
587 2707 889 2776 deindeque
911 2714 1122 2761 arceret
1150 2717 1272 2760 eum
1295 2721 1324 2760 a
1358 2706 1440 2759 via
1470 2706 1678 2761 salutis.
1707 2705 1930 2773 Quando

340 2797 486 2851 enim
509 2796 750 2851 medicus
775 2797 889 2850 odit
917 2806 1174 2866 tegi-olunt
1201 2807 1255 2851 et
1278 2796 1346 2850 ab
1369 2797 1464 2850 illo
1486 2796 1636 2866 fugit,
1671 2807 1725 2851 et
1753 2812 1928 2866 aegro-

341 2899 426 2942 tus
448 2887 710 2942 medicum
741 2896 1040 2946 aversatur.
1070 2887 1411 2956 quandonam
1451 2887 1539 2940 hic
1567 2887 1926 2951 convalescet,

342 2995 464 3034 cutn
498 2994 669 3048 neque
699 2978 785 3034 hic
813 2979 960 3032 illum
979 2979 1223 3044 advocet,
1249 2994 1422 3047 neque
1453 2978 1732 3052 illeipsum
1751 2978 1930 3036 adeat?

339 3072 448 3126 (Iur
487 3086 636 3141 ergo,
692 3085 897 3141 quaeso,
947 3071 1215 3124 aversaris
1240 3078 1293 3124 et
1322 3070 1458 3139 fugis
1483 3070 1675 3125 illum?
1708 3086 1776 3124 an
1806 3071 1927 3140 quia

343 3173 427 3218 est
452 3164 780 3234 intpius?At
804 3163 923 3216 ideo
951 3171 1164 3233 oportet
1196 3163 1343 3216 illum
1373 3163 1523 3218 adire
1552 3171 1606 3217 et
1631 3178 1844 3228 curare,
1875 3173 1930 3216 ut

339 3265 598 3327 aegrotum
624 3254 690 3309 ad
713 3254 1072 3309 valetudinem
1106 3268 1348 3308 revoces.
1379 3253 1531 3321 Quod
1578 3254 1622 3308 si
1652 3253 1927 3308 incurabili

347 3345 536 3401 morbo
563 3345 786 3412 Laborat,
829 3345 922 3400 sed
957 3354 1010 3399 tu
1051 3344 1236 3414 jussus
1271 3359 1329 3398 es
1373 3343 1515 3414 quod
1564 3347 1615 3399 in
1666 3355 1717 3400 te
1747 3343 1928 3399 estfa-

345 3453 468 3492 eere
509 3454 522 3490 :
572 3453 694 3491 nam
735 3445 791 3492 et
844 3437 1010 3492 Judas
1068 3437 1346 3490 incurabili
1401 3438 1588 3492 morbo
1634 3437 1924 3502 laborabat,

347 3545 444 3585 nec
477 3537 654 3584 tamen
703 3527 912 3584 destitit
956 3529 1094 3582 Deus
1151 3528 1296 3582 illum
1353 3544 1564 3584 curare.
1621 3528 1698 3584 Ne
1751 3531 1930 3602 itaque

343 3631 400 3674 tu
459 3633 672 3690 quoque
722 3619 1050 3690 defatigeris.
1100 3618 1230 3673 Nam
1284 3619 1740 3691 etiamsi,magno
1773 3622 1929 3676 adbi-

343 3713 454 3766 bito
501 3711 699 3776 studio,
755 3713 928 3782 ipsutn
968 3713 1037 3766 ab
1077 3713 1350 3783 impietate
1389 3727 1496 3767 non
1532 3715 1751 3781 liberes,
1784 3729 1848 3769 ac
1878 3717 1924 3770 si

342 3806 629 3860 liberasses
679 3804 986 3860 mercedem
1033 3805 1308 3876 accipies,
1355 3815 1411 3861 et
1455 3805 1661 3862 eicies
1703 3815 1764 3861 ut
1817 3808 1930 3877 ipse

344 3896 806 3952 mansuetudinem
860 3907 1003 3952 tuam
1053 3897 1385 3965 admiretur;
1435 3900 1618 3970 sicque
1646 3900 1712 3954 ad
1761 3901 1926 3955 Deum

342 3997 452 4041 tota
480 3987 593 4041 haec
620 3988 790 4056 gloria
825 3987 1091 4044 transibit.
1122 3989 1347 4044 Etiamsi
1375 3990 1518 4044 enim
1545 3991 1803 4046 miracula
1835 4007 1928 4062 pa-

341 4091 474 4149 tres,
524 4081 732 4136 etiamsi
777 4080 989 4152 quidvis
1027 4081 1172 4137 aliud
1220 4082 1407 4151 facias,
1458 4099 1746 4154 numquam
1775 4095 1827 4140 te
1858 4084 1928 4139 ita

339 4173 751 4231 admirabuntur
796 4175 1048 4245 gentiles,
1093 4183 1152 4231 ut
1196 4190 1318 4230 cum
1352 4185 1402 4230 te
1435 4177 1667 4232 viderint
1721 4179 1927 4243 mitem,

341 4275 700 4334 mansuetum,
747 4280 1047 4339 suavesque
1088 4281 1268 4322 mores
1307 4267 1672 4323 exhibentem.
1707 4268 1820 4323 Non
1847 4279 1931 4325 est

342 4366 519 4412 autem
563 4357 663 4411 hoc
692 4357 960 4412 modicum
1005 4356 1216 4412 virtutis
1244 4371 1382 4426 Optts
1412 4376 1424 4411 :
1459 4358 1608 4413 multi
1639 4360 1780 4413 enim
1815 4371 1929 4414 tan-

341 4450 466 4504 dem
493 4465 522 4502 a
556 4449 697 4503 malo
729 4449 1120 4505 liberabuntur.
1152 4448 1452 4505 Nihilcuim
1484 4451 1552 4504 ita
1580 4460 1754 4520 potest
1774 4461 1930 4507 attra-

347 4532 498 4605 here,
525 4548 584 4594 ut
609 4541 828 4594 caritas.
859 4540 991 4594 Nam
1022 4551 1243 4610 propter
1269 4541 1359 4596 illa
1381 4542 1595 4612 quidem
1630 4551 1682 4598 te
1711 4545 1930 4598 aemula-

347 4633 566 4698 buntur,
595 4641 815 4702 propter
844 4633 994 4701 signa
1019 4632 1141 4686 dico
1169 4643 1224 4686 et
1250 4633 1506 4688 miracula
1531 4650 1547 4699 ;
1579 4646 1799 4705 propter
1827 4636 1931 4692 hoc

344 4732 522 4778 autem
549 4731 604 4778 et
625 4722 1032 4778 admirabuntur
1056 4731 1111 4778 et
1137 4722 1394 4778 amabunt
1425 4742 1437 4778 :
1479 4732 1530 4779 te
1549 4733 1727 4780 autem
1747 4741 1930 4782 aman-

346 4825 451 4878 tes,
482 4817 763 4871 veritatem
810 4818 949 4872 ultra
980 4817 1248 4888 progressi
1274 4817 1682 4888 amplectentur.
1717 4818 1775 4874 Si
1802 4835 1929 4876 vero

345 4919 452 4957 non
480 4906 658 4959 statim
689 4908 779 4960 tiat
807 4908 1002 4976 fidelis,
1028 4925 1095 4965 ne
1127 4910 1359 4974 mireris,
1394 4926 1566 4981 neque
1594 4926 1803 4982 urgeas,
1837 4928 1930 4968 ne-

344 5009 449 5064 que
497 4995 675 5048 omnia
724 4997 882 5051 simul
929 5015 1169 5068 quaeras;
1219 5001 1313 5056 sed
1361 5003 1477 5058 sine
1524 5002 1672 5057 illum
1717 5004 1928 5059 interim

346 5084 587 5150 laudare,
621 5100 823 5148 amare,
854 5097 908 5141 et
935 5089 1014 5140 sic
1047 5089 1272 5144 ulterius
1303 5093 1602 5161 procedens
1628 5093 1828 5149 veniet.
1865 5095 1930 5150 Et

347 5191 406 5232 nt
433 5179 577 5234 clare
604 5176 779 5232 discas
797 5187 1055 5247 quantum
1087 5178 1188 5234 hoc
1213 5183 1302 5246 sit,
1327 5183 1450 5237 audi
1471 5186 1739 5254 quomodo
1767 5187 1925 5243 etiam

346 5269 545 5325 Paulus
586 5268 858 5325 ittlidelem
902 5267 1137 5339 judicem
1187 5271 1372 5326 adiens
1399 5289 1520 5329 sese
1544 5287 1768 5344 purget:
1802 5295 1922 5334 nam

345 5363 442 5428 ait,
466 5359 677 5417 Beatum
706 5378 784 5416 me
807 5361 1060 5426 existimo,
1109 5378 1222 5416 cum
1249 5363 1390 5432 apud
1417 5373 1464 5418 te
1488 5366 1584 5420 sim
1611 5384 1690 5421 me
1713 5370 1926 5440 injudi-

345 5456 426 5506 eis
450 5453 748 5525 defensurus
775 5454 922 5524 (Act.
949 5454 1040 5509 26.
1072 5453 1165 5525 9.).
1199 5455 1324 5511 Hmc
1351 5467 1528 5513 autem
1559 5457 1790 5525 dicebat,
1819 5478 1923 5515 non

346 5553 626 5598 assentans
648 5545 719 5609 ei,
739 5544 898 5612 absit,
922 5545 1017 5601 sed
1045 5554 1102 5600 ut
1121 5561 1241 5601 eutn
1267 5548 1673 5604 mansuetudine
1693 5550 1926 5605 lucrare-

344 5641 452 5686 tur.
486 5633 552 5688 Et
591 5651 656 5689 ex
701 5646 850 5703 parte
879 5638 1114 5692 lucratus
1149 5647 1251 5703 est,
1294 5648 1348 5693 et
1371 5639 1604 5708 judiccm
1639 5641 1802 5708 cepit,
1833 5642 1921 5703 qui

346 5722 601 5784 hactenus
643 5729 852 5782 crimini
904 5729 1167 5784 obnoxius
1213 5731 1517 5802 putabatur,
1554 5741 1606 5786 et
1636 5733 1913 5788 victoriam

1121 284 1177 339 S.
1218 284 1494 339 JOANNIS
1531 280 1998 338 CllliYSOSTOMl
2037 279 2350 336 ARCIIIEP.
2393 281 2922 338 CONSTANTINOP.

3530 288 3634 344 ρει

2047 396 2163 464 ejus
2213 397 2256 450 is
2304 396 2417 468 ipse
2445 399 2532 467 qui
2561 409 2747 466 captus
2771 408 2853 452 est
2873 397 3149 468 Splendida
3180 413 3311 454 voce
3345 407 3627 470 pra'settti-

2044 489 2144 544 bus
2182 492 2432 546 omnibus
2461 493 2814 547 confitebatur
2857 494 3036 548 dicens
3073 512 3084 546 :
3123 492 3313 547 Parant
3341 494 3480 549 abest
3509 498 3630 566 quin

2043 583 2164 634 mihi
2193 585 2498 652 persuadeas
2529 595 2583 637 ut
2607 586 2729 654 ﬁant
2755 585 3074 639 Christianus
3104 586 3237 657 (Act.
3266 586 3356 641 9.6.
3385 587 3455 644 28
3479 589 3517 659 ).

2113 676 2164 728 6.
2185 675 2321 742 Quid
2338 690 2465 746 ergo
2489 677 2715 731 Paulus?
2740 677 2901 747 Magis
2917 679 3169 752 expandit
3187 693 3436 750 sagenam
3453 689 3507 735 et
3523 683 3629 740 ait:

2045 766 2287 836 Optarent
2317 784 2428 838 ego,
2461 785 2560 822 non
2578 770 2741 823 solum
2765 780 2828 834 te,
2858 770 2944 823 sed
2966 772 3111 823 etiam
3132 788 3301 826 omnes
3317 774 3404 843 qui
3418 775 3626 840 adsunt,

2041 859 2136 911 ltoc
2171 875 2279 913 esse
2314 860 2449 928 quod
2487 877 2578 931 ego
2628 877 2757 920 sum.
2801 867 3018 931 exreptt's
3065 863 3143 917 his
3195 864 3406 920 vinculis
3436 863 3542 936 (Νι.
3575 883 3624 918 r.

2038 949 2152 1019 29).
2185 950 2320 1016 Quid
2361 952 2493 1006 dicis
2515 993 2534 1020 ,
2561 967 2594 1006 ο
2624 953 2805 1018 Paule,
2835 953 3072 1022 Exceptis
3100 956 3348 1010 vinculis?
3383 967 3437 1011 et
3477 973 3627 1026 qua:-

2040 1057 2160 1095 nam
2197 1043 2289 1096 tibi
2322 1043 2390 1097 de
2420 1054 2618 1098 cratera
2643 1044 2854 1109 fiducia,
2883 1045 2926 1097 si
2960 1060 3142 1099 eorum
3175 1055 3225 1099 te
3259 1047 3451 1116 pudeat
3481 1058 3534 1102 et
3563 1065 3624 1102 ea

2038 1134 2226 1202 fugias,
2256 1144 2308 1188 et
2340 1134 2440 1188 hoc
2483 1144 2630 1188 tanto
2655 1145 2921 1204 przrseute
2955 1137 3186 1207 populo?
3226 1153 3402 1191 annon
3432 1139 3484 1192 in
3515 1139 3627 1208 cpi-

2038 1226 2191 1280 Stolis
2223 1227 2326 1280 tuis
2361 1228 2459 1281 hac
2499 1228 2566 1283 de
2602 1244 2660 1283 re
2699 1229 2894 1299 ubique
2920 1230 3186 1299 gloriaris,
3217 1238 3272 1285 et
3305 1241 3357 1285 te
3387 1233 3622 1287 vinctum

2037 1317 2296 1386 appellas,
2331 1319 2572 1390 hancque
2589 1329 2833 1374 catenam
2864 1320 3058 1388 ubique
3087 1320 3240 1374 nobis
3265 1323 3414 1390 quasi
3443 1323 3625 1376 diade-

2039 1424 2121 1462 ma
2149 1410 2503 1466 circumfers?
2528 1412 2653 1482 quid
2685 1427 2816 1482 ergo
2838 1427 2978 1468 nunc
3009 1412 3206 1468 factum
3229 1423 3328 1479 est,
3363 1424 3418 1468 ut
3439 1416 3624 1470 vincu-

2039 1500 2084 1553 la
2115 1500 2461 1571 depreceris?
2487 1503 2600 1557 Non
2635 1505 2748 1572 ipse
2777 1503 3057 1574 deprecor,
3101 1506 3290 1575 inquit,
3330 1522 3506 1577 neque
3537 1524 3623 1563 me

2039 1592 2219 1660 pudet,
2247 1595 2342 1648 sed
2376 1596 2588 1650 illorum
2609 1595 2903 1650 infirmitati
2927 1612 3012 1651 me
3028 1605 3328 1668 attempero
3347 1615 3361 1663 ;
3383 1599 3618 1655 nondum

2034 1685 2175 1739 enim
2226 1698 2449 1757 possunt
2495 1690 2766 1758 suscipere
2812 1705 2984 1744 meam
3028 1691 3422 1760 gloriationem.
3452 1695 3618 1750 Didici

2035 1785 2212 1831 autem
2243 1793 2273 1832 a
2304 1779 2528 1834 Domino
2558 1796 2699 1846 meo,
2729 1795 2832 1835 non
2859 1780 3244 1837 immittendam
3268 1799 3388 1840 esse
3415 1795 3619 1855 partem

2036 1869 2194 1938 panni
2223 1870 2374 1925 rudis
2402 1871 2452 1924 itt
2481 1885 2712 1940 pannum
2736 1883 2970 1927 veterem
2994 1876 3012 1943 (
3037 1873 3222 1928 Matth.
3251 1876 3306 1931 9.
3342 1876 3430 1946 16)
3459 1894 3474 1933 :
3498 1879 3623 1933 ideo

2035 1960 2111 2014 sic
2143 1961 2393 2032 loquutus
2419 1978 2560 2018 sum.
2602 1963 2734 2018 Nam
2765 1965 2906 2020 male
2931 1967 3072 2036 apud
3103 1967 3223 2022 illos
3250 1969 3399 2025 audit
3426 1972 3618 2042 dogma

2033 2062 2300 2115 nostrum,
2349 2063 2405 2108 et
2451 2069 2584 2110 crux
2633 2055 2740 2111 illis
2787 2057 2960 2112 invisa
3007 2067 3107 2113 est.
3141 2059 3194 2115 Si
3235 2077 3364 2131 ergo
3408 2063 3618 2120 vincula

2031 2160 2244 2216 quoque
2271 2145 2537 2216 adjiciam,
2570 2147 2744 2217 majus
2771 2148 2950 2202 odium
2983 2151 3103 2205 crit.
3136 2150 3258 2206 ideo
3285 2153 3398 2208 inec
3425 2165 3612 2210 sustu-

2035 2235 2094 2302 li,
2141 2245 2197 2290 ut
2229 2237 2358 2292 illud
2405 2249 2547 2293 esset
2587 2249 2888 2309 acceptum.
2918 2240 3130 2296 Etenim
3161 2246 3611 2301 contumeliosum

2035 2329 2138 2384 illis
2175 2329 2385 2385 videtur
2427 2346 2548 2386 esse
2573 2332 2801 2386 vinculis
2826 2334 3141 2404 constringi,
3175 2335 3298 2404 quia
3325 2351 3464 2401 eam,
3497 2354 3618 2408 qua:

2032 2423 2170 2494 apud
2198 2439 2296 2478 nos
2343 2432 2444 2489 est,
2471 2425 2696 2495 gloriam
2722 2425 2958 2480 nondum
2990 2425 3360 2497 degustarunt.
3391 2428 3619 2497 Oportet

2034 2516 2197 2585 igitur
2227 2530 2347 2570 sese
2376 2525 2752 2587 attemperare.
2782 2516 2911 2572 Nam
2933 2518 3354 2573 cutn'didicerint
3383 2518 3618 2589 philoso-

2035 2605 2207 2674 phari,
2239 2613 2364 2660 tunc
2392 2607 2564 2661 scient
2591 2608 2749 2662 etiam
2795 2607 2953 2678 hujus
2995 2608 3120 2663 ferri
3162 2609 3618 2680 pulchritudinem

2033 2707 2087 2752 et
2110 2698 2448 2768 splendorem
2479 2701 2569 2770 qui
2599 2717 2665 2755 ex
2686 2700 2913 2756 vinculis
2942 2702 3132 2756 oritur.
3159 2701 3296 2757 Cum
3320 2703 3443 2758 aliis
3468 2719 3620 2758 nam-
3693 2707 3708 2720 ’

2033 2805 2134 2858 que
2165 2790 2458 2857 disserens,
2505 2791 2642 2846 hanc
2674 2807 2785 2846 rem
2830 2794 3054 2863 gratiam
3085 2803 3241 2848 vocat.
3267 2793 3474 2860 dicens,
3507 2794 3619 2848 Da-

2033 2892 2138 2933 tum
2170 2891 2240 2934 est
2282 2882 2423 2937 nobis
2461 2899 2494 2935 a
2527 2881 2631 2937 Deo
2659 2900 2760 2937 non
2784 2884 2934 2937 modo
2960 2894 3013 2937 ut
3038 2885 3091 2938 in
3131 2886 3298 2955 ipsum
3327 2888 3614 2952 credamus,

2033 2976 2120 3026 sed
2148 2975 2298 3028 etiam
2327 2983 2380 3026 ut
2406 2989 2498 3044 pro
2522 2975 2611 3028 illo
2634 2975 2889 3045 patiamur
2917 2975 3183 3048 (Philipp.
3216 2978 3267 3032 Ι.
3298 2977 3369 3032 29
3397 2979 3414 3050 )
3445 2997 3459 3032 :
3492 2989 3619 3033 tunc

2032 3074 2213 3120 autem
2241 3064 2343 3119 hoc
2377 3080 2539 3119 unum
2579 3067 2872 3136 optandum
2903 3076 3037 3127 erat.
3071 3078 3129 3122 ut
3153 3085 3367 3125 crucem
3397 3072 3622 3126 audien-

2035 3167 2114 3209 tes
2155 3171 2260 3210 non
2299 3156 2503 3226 pudore
2547 3157 2908 3213 afficerentur.
2967 3160 3254 3229 PrOpterea
3298 3164 3435 3216 ultra
3489 3179 3618 3234 pro-

2031 3247 2291 3318 greditur.
2332 3248 2448 3304 Non
2496 3252 2638 3305 enim
2666 3251 2712 3305 si
2756 3253 2874 3320 quis
2932 3252 2983 3305 in
3026 3255 3224 3322 regiam
3273 3255 3503 3324 aliquem
3547 3258 3620 3309 in-

2036 3339 2298 3405 traducat,
2353 3350 2637 3412 antequam
2669 3343 2933 3399 vestibula
2983 3360 3102 3415 (pne
3132 3345 3260 3401 foris
3309 3355 3434 3401 sunt
3458 3362 3620 3417 aSpe-

2037 3437 2200 3502 xerit,
2239 3437 2382 3507 cogit
2409 3437 2556 3490 illum
2585 3446 2641 3491 ut
2664 3452 2727 3492 ea
2759 3453 2879 3508 qua:
2909 3439 3050 3493 intus
3077 3448 3201 3494 sunt
3222 3440 3472 3495 observet
3503 3441 3620 3496 :sic

2033 3527 2175 3581 enim
2198 3543 2297 3582 nec
2329 3527 2586 3582 mirabilia
2618 3528 2704 3582 illa
2731 3538 3072 3599 apparerent,
3101 3531 3203 3585 nisi
3225 3532 3344 3601 quis
3364 3533 3496 3584 intra
3527 3547 3622 3602 po-

2035 3621 2189 3686 situs,
2220 3620 2397 3674 omnia
2421 3619 2686 3676 didicerit.
2720 3618 2810 3676 Sic
2836 3621 3013 3691 itaque
3040 3632 3094 3677 et
3124 3638 3223 3676 nus
3250 3637 3371 3676 cum
3390 3623 3620 3676 ethnicis

2034 3715 2363 3768 disseramus
2394 3729 2517 3768 cum
2562 3715 3030 3784 atlemperatione,
3063 3729 3184 3769 cum
3215 3717 3457 3770 caritate.
3493 3715 3620 3770 Hmc

2035 3807 2232 3874 quippe
2282 3819 2471 3874 magna
2499 3815 2581 3860 est
2606 3806 2880 3876 magistra,
2911 3821 3029 3876 qua:
3056 3806 3226 3875 possit
3260 3815 3314 3861 et
3338 3808 3407 3862 ab
3434 3822 3621 3861 errore

2034 3899 2322 3966 abducere,
2369 3909 2425 3954 et
2479 3913 2657 3954 mores
2711 3912 3053 3967 componere,
3112 3908 3272 3968 atque
3319 3898 3385 3952 ad
3442 3899 3622 3969 philo-

2035 3991 2277 4060 sophiam
2308 3992 2445 4046 viam
2476 4001 2738 4056 sternere,
2767 4005 2942 4060 exque
2969 3991 3236 4060 lapidibus
3266 3991 3512 4046 homines
3536 3991 3618 4047 fa-

2034 4099 2177 4138 cere.
2211 4082 2280 4138 Et
2305 4083 2349 4138 si
2379 4083 2457 4139 vis
2489 4083 2606 4153 ejus
2631 4084 2882 4138 virtutem
2905 4083 3169 4145 ediscere.
3194 4081 3368 4137 adduc
3390 4083 3518 4138 mihi
3547 4084 3625 4139 vi-

2036 4193 2152 4231 rum
2175 4175 2414 4230 timidum
2442 4183 2496 4230 et
2517 4175 2606 4246 qui
2633 4175 2716 4230 vel
2744 4174 3024 4244 strepitum
3050 4173 3302 4230 formidet
3327 4183 3377 4229 et
3403 4175 3622 4231 umbras

2037 4270 2258 4333 timeat;
2289 4269 2464 4338 sitque
2495 4266 2804 4332 iracundus,
2835 4281 3012 4337 asper,
3044 4276 3098 4321 et
3122 4265 3230 4321 fera
3263 4267 3431 4337 magis
3457 4281 3622 4336 quam

2036 4358 2215 4424 homo,
2251 4360 2400 4414 salax
2443 4368 2497 4414 et
2540 4358 2876 4419 libidinosus,
2909 4357 3054 4413 nullo
3076 4372 3183 4412 non
3213 4357 3341 4412 vitio
3368 4357 3620 4425 affectus;

2035 4463 2082 4504 et
2118 4448 2266 4504 trade
2313 4449 2462 4503 illum
2501 4448 2553 4503 iu
2583 4464 2772 4503 manus
2802 4449 3061 4515 caritatis,
3093 4458 3147 4503 et
3175 4448 3228 4504 in
3257 4448 3360 4504 hoc
3390 4463 3620 4520 gymna-

2034 4540 2170 4594 sium
2199 4539 2387 4604 induc;
2417 4549 2472 4594 et
2501 4541 2607 4594 cito
2634 4539 2836 4594 videbis
2865 4539 3108 4593 timidum
3133 4539 3283 4595 illum
3307 4554 3370 4595 ac
3396 4538 3621 4597 meticu-

2035 4635 2232 4697 losum,
2285 4632 2479 4686 fortem
2527 4630 2785 4687 eﬂ‘ectum
2815 4639 2870 4686 et
2894 4631 3076 4703 magni
3099 4631 3286 4698 animi,
3331 4632 3622 4702 omniaque

2037 4723 2188 4779 facile
2243 4723 2550 4777 audentem.
2599 4721 2753 4790 Quod
2814 4730 2993 4778 autem
3039 4722 3283 4778 mirabile
3324 4733 3444 4790 est,
3499 4723 3618 4779 haec

2034 4833 2141 4872 non
2173 4824 2376 4872 mutata
2403 4815 2520 4886 ejus
2549 4824 2737 4870 natura
2765 4815 2919 4881 fiunt,
2947 4814 3039 4870 sed
3069 4814 3122 4869 in
3153 4817 3266 4886 ipsa
3295 4815 3478 4870 timida
3500 4817 3622 4870 ani-

2036 4927 2119 4966 tua
2152 4926 2300 4966 suam
2329 4910 2526 4965 caritas
2551 4908 2784 4964 ostendit
2809 4909 3061 4964 virtutem
3085 4926 3099 4975 ;
3131 4919 3186 4964 et
3215 4911 3432 4978 perinde
3459 4911 3518 4965 fit
3539 4922 3622 4968 at-

2033 5019 2137 5074 que
2161 5004 2204 5058 si
2236 5003 2356 5074 quis
2371 5017 2553 5058 ensem
2573 4999 2899 5071 plumbeum,
2931 5017 3035 5055 non
3066 5001 3296 5057 ferreum
3328 5003 3577 5059 effectum
3601 5049 3616 5071 ,

2033 5097 2126 5150 sed
2148 5105 2450 5150 manentem
2475 5095 2526 5149 in
2553 5093 2755 5164 plumbi
2781 5103 2990 5160 natura,
3009 5093 3198 5148 efficiat
3217 5105 3273 5150 ut
3291 5096 3476 5150 eadem
3498 5113 3618 5166 qum

2034 5189 2232 5242 ferrum
2265 5197 2536 5256 operetur.
2567 5187 2817 5241 Animum
2839 5196 3018 5242 autem
3041 5186 3241 5242 adhibe
3274 5205 3285 5240 :
3309 5188 3474 5243 Jacob
3501 5190 3619 5243 sine

2035 5281 2156 5334 fuco
2182 5287 2315 5342 erat,
2350 5279 2494 5332 domi
2524 5278 2770 5332 habitans
2799 5288 2854 5334 et
2878 5279 3120 5334 laborum
3152 5281 3618 5350 periculorumque

2031 5385 2245 5439 expers,
2276 5369 2438 5423 vitam
2470 5370 2756 5439 quamdam
2785 5384 2951 5440 agens
2980 5371 3254 5425 remissam
3283 5380 3338 5426 et
3364 5372 3612 5439 liberam,

2031 5471 2083 5514 et
2113 5461 2247 5514 sicut
2270 5459 2418 5528 virgo
2445 5460 2495 5514 in
2541 5460 2795 5525 thalamo,
2830 5461 2911 5517 sic
2936 5462 3080 5516 intus
3105 5462 3319 5527 sedens,
3351 5471 3411 5518 ut
3438 5464 3610 5534 pluri-

2030 5568 2174 5607 mum
2199 5551 2416 5606 domum
2448 5567 2665 5608 servare
2690 5553 3004 5624 cogebatur,
3032 5569 3062 5608 a
3087 5553 3186 5609 fori
3221 5556 3446 5611 tumultu
3471 5567 3525 5612 et
3545 5560 3615 5613 ab

2029 5643 2279 5699 omnibus
2300 5643 2602 5711 bujusmodi
2621 5645 2769 5707 liber,
2793 5661 3004 5716 semper
3022 5656 3200 5702 autem
3225 5648 3275 5702 in
3299 5649 3476 5716 quiete
3491 5659 3545 5705 et
3559 5652 3613 5706 in

2032 5735 2416 5808 tranquillitate
2449 5752 2687 5793 manens.
2736 5735 2874 5807 Quid
2906 5739 3109 5810 igitur?
3151 5738 3434 5810 Postquam
3458 5741 3606 5798 illum
