4094 6222
471 254 574 309 285

472 373 590 423 τῶν
624 369 946 440 ὀφθαλμῶν
983 390 1121 446 μιν.
1158 373 1339 424 Ταῦτα
1377 375 1403 423 ὀ
1435 374 1705 438 ἄπλαστος
1748 379 1839 430 καὶ
1877 378 2040 432 οἰκῶν

470 455 646 509 οἰκίαν
675 456 768 508 καὶ
799 455 888 506 τὸν
909 456 1187 522 ἀνειμένον
1217 455 1328 522 βίον
1359 456 1483 520 ζῶν.
1524 459 1641 511 Ὀτι
1676 459 1732 512 δὲ
1764 461 1856 514 καὶ
1874 462 2046 527 δειλὸς

471 537 560 608 ἦν,
599 539 756 610 δῆλον
784 539 842 602 ἐξ
867 532 940 589 ὧν
965 539 1052 589 τὸν
1097 538 1264 590 Ἡσαῦ
1308 541 1617 609 προσδοκῶν
1649 543 1894 613 ὑψεσθαι,
1929 549 2044 600 ἐτε-

473 624 661 694 θνήκει
697 623 772 689 τῷ
801 621 930 673 δέει.
977 619 1115 671 Ἀλλ’
1149 621 1250 690 ὅρα
1289 625 1405 686 πῶς
1439 625 1600 678 πάλιν
1635 623 1786 691 οὗτος
1816 631 1844 680 ὀ
1874 629 2044 693 δειλὸς

471 707 680 766 λέοντος
705 702 1032 772 θρασύτερος
1056 703 1159 756 ὑπὸ
1181 704 1280 774 τῆς
1305 707 1524 778 ἀγάπης
1540 709 1750 776 γέγονε.
1780 712 2044 785 Καθάπερ

471 793 576 858 γάρ
625 805 743 840 τινα
793 787 1052 857 πρόϐολον
1101 788 1294 842 ἐαυτὸν
1345 792 1450 862 πρὸ
1500 793 1608 845 τῶν
1653 795 1827 849 ἀλλων
1876 798 2044 862 τάξας

468 872 740 930 ἁπάντων,
781 869 994 940 ἕτοιμος
1035 865 1103 941 ἦν
1143 871 1232 924 τὸν
1274 873 1464 942 ἄγριον
1510 877 1716 931 ἐκεῖνον
1751 880 1845 934 καὶ
1885 882 2042 949 φόνου

469 954 720 1017 πνέοντα,
750 952 930 1017 καθὼς
968 953 1123 1025 ᾤετο,
1163 956 1420 1023 δέξασθαι
1473 960 1704 1032 πρῶτος,
1741 964 1832 1016 καὶ
1877 966 1934 1017 ἐν
1968 965 2045 1036 τῷ

467 1036 651 1108 οἰκείῳ
695 1035 906 1108 σώματι
956 1041 1073 1101 ταῖς
1130 1041 1344 1110 γυναιξὶ
1396 1042 1493 1114 τὴν
1537 1045 1837 1114 ἀσφάλειαν
1875 1066 2044 1102 κατα-

469 1121 762 1174 σκευάσαι·
796 1123 891 1175 καὶ
921 1122 978 1174 ὃν
1004 1123 1256 1176 ἐδεδοίκει
1289 1126 1381 1178 καὶ
1409 1125 1648 1198 ἔφριττε,
1677 1131 1891 1202 πρῶτος
1917 1134 2043 1186 ἰδεῖν

467 1202 558 1254 ἐπὶ
590 1203 690 1272 τῆς
730 1205 1085 1276 παρατάξεως
1114 1206 1396 1278 ἐπεθύμει.
1437 1209 1546 1262 Τοῦ
1576 1213 1686 1282 γάρ
1721 1213 1888 1281 φόϐου
1921 1215 2044 1270 τού-

465 1303 558 1338 του
582 1285 947 1356 δυνατώτερος
974 1285 1039 1359 ἦν
1065 1292 1094 1343 δ
1115 1290 1220 1341 τῶν
1241 1292 1516 1359 γυναικῶν
1543 1295 1724 1356 πόθος.
1757 1291 1906 1361 Εἶδες
1928 1299 2042 1362 πῶς

467 1367 636 1430 δειλὸς
685 1367 778 1434 ὢν,
823 1371 1097 1441 τολμητὴς
1146 1373 1368 1442 γέγονεν
1412 1374 1626 1445 ἀθρόον,
1679 1378 1737 1429 οὑ
1788 1381 1887 1449 τὴν
1931 1380 2042 1439 ἐΞιν

470 1451 807 1520 μεταϐαλὼν,
842 1453 955 1505 ἀλλ’
994 1455 1098 1508 ὑπὸ
1137 1457 1236 1528 τῆς
1268 1457 1489 1527 ἀγάπης
1524 1459 1882 1531 κρατυνθείς;
1921 1464 2042 1515 Ὅτι

466 1537 573 1606 γὰρ
595 1536 688 1588 καὶ
725 1537 862 1605 μετὰ
895 1539 1068 1592 ταῦτα
1103 1540 1270 1604 δειλὸς
1300 1538 1390 1612 ἦν,
1436 1542 1593 1613 δῆλον
1632 1544 1690 1608 ἐξ
1730 1539 1802 1597 ῶν
1843 1546 2043 1608 τόπους

467 1621 530 1670 ἐκ
559 1618 738 1671 τόπων
773 1620 1009 1687 ἀμείϐει.
1075 1623 1234 1676 Ἀλλά
1277 1624 1464 1695 μηδεὶς
1499 1626 1764 1694 νομιζέτω
1807 1645 2043 1698 κατηγο-

472 1703 590 1772 ρίαν
624 1699 763 1756 εἶναι
787 1703 880 1756 τοῦ
905 1703 1113 1758 δικαίου
1137 1707 1211 1759 τά
1234 1708 1518 1778 εἰρημένα.
1551 1709 1624 1760 Οὑ
1649 1711 1756 1780 γάρ
1782 1711 1842 1762 τὸ
1874 1711 2044 1764 δειλὸν

468 1783 628 1850 εἶναι,
659 1787 910 1858 ἔγκλημα
936 1806 950 1818 ·
997 1791 1152 1843 τοῦτο
1201 1791 1308 1862 γὰρ
1345 1791 1591 1860 φύσεως·
1650 1795 1785 1847 ἀλλά
1827 1795 1890 1847 τὸ
1952 1797 2043 1850 διὰ

467 1870 664 1924 δειλίαν
717 1890 768 1924 τι
807 1877 976 1925 ποιεῖν
1023 1875 1129 1926 τῶν
1180 1876 1254 1945 μὴ
1292 1877 1694 1946 προσηκόντων.
1739 1877 1895 1931 Ἔστι
1936 1880 2044 1951 γὰρ

467 1954 560 2006 καὶ
587 1954 757 2009 δειλὸν
788 1956 916 2010 δντα
948 1961 1010 2028 τῇ
1041 1959 1218 2026 φύσει,
1261 1959 1504 2029 ἀνδρεῖον
1533 1959 1784 2028 γενέσθαι
1814 1961 1920 2014 ὑπὸ
1945 1964 2044 2034 τῆς

465 2039 771 2104 εὐλαϐείας.
841 2042 904 2092 Τί
942 2042 998 2094 δέ
1050 2044 1078 2094 ὀ
1116 2042 1356 2112 Μωυσῆς
1381 2061 1394 2107 ;
1446 2043 1565 2114 οὐχὶ
1609 2044 1702 2097 ἕνα
1748 2044 2042 2112 Αίγύπτιον

467 2123 726 2196 φοϐηθεὶς
757 2123 944 2192 ἔφυγε,
993 2125 1086 2178 καὶ
1127 2125 1263 2196 πρὸς
1305 2125 1400 2192 τὴν
1436 2127 1734 2197 ὑπερορίαν
1771 2129 2039 2198 μετέστη;

479 2205 620 2257 Ἀλλ’
648 2207 796 2276 ὅμως
822 2209 850 2259 ὁ
874 2207 1047 2274 φυγὰς
1078 2201 1252 2270 οὗτος,
1297 2210 1390 2260 καὶ
1435 2209 1552 2272 ἐνὸς
1593 2209 1784 2280 ἀνδρὸς
1814 2211 2043 2280 ἀπειλὴν

465 2289 564 2342 οὑκ
601 2289 856 2357 ἐνεγκὼν,
885 2290 1071 2348 ἐπειδὴ
1100 2292 1360 2360 ἐγεύσατο
1397 2291 1491 2344 τοῦ
1534 2292 1748 2362 μέλιτος
1775 2293 1923 2366 [509]
1946 2295 2044 2364 τῆς

467 2371 708 2443 ἀγάπης,
749 2373 929 2438 καλῶς
974 2375 1071 2426 καὶ
1106 2375 1331 2446 μηδενὸς
1371 2379 1875 2445 καταναγκάζοντος
1915 2396 2042 2431 συν-

467 2459 761 2513 απολέσθαι
795 2465 906 2524 τοῖς
953 2463 1339 2533 ἀγαπωμένοις
1369 2464 1648 2533 ἠπείγετο.
1699 2467 1768 2518 El
1790 2466 1909 2534 μὲν
1932 2465 2043 2535 γὰρ

468 2541 629 2610 ἀφῇς
677 2545 880 2611 αὐτοῖς
926 2545 1040 2614 τὴν
1076 2547 1391 2616 ἁμαρτίαν,
1441 2549 1627 2616 φησὶν,
1661 2547 1839 2616 ἄφες·
1886 2548 2044 2601 εἰδὲ

467 2625 571 2693 μὴ,
599 2629 751 2695 κάμὲ
775 2628 1106 2698 ἐξάλειψον
1129 2633 1198 2685 ἐκ
1233 2630 1344 2699 τῆς
1367 2632 1590 2696 βίϐλου
1627 2647 1744 2686 σου
1769 2629 1845 2702 ἧς
1869 2636 2042 2702 ἐγρα-

467 2713 612 2778 ψας.
645 2713 764 2764 Ὅτι
795 2713 852 2765 δέ
886 2713 980 2766 καὶ
1007 2713 1099 2767 τὸν
1129 2714 1331 2786 θρασὺν
1361 2715 1601 2784 ἐπιεικῆ,
1639 2718 1734 2769 καὶ
1766 2717 1856 2769 τὸν
1885 2719 2043 2770 ἀσελ-

483 2919 862 2939 ~——-

1160 257 1214 308 S.
1258 255 1543 310 JO.‘..\'NIS
1583 257 2077 315 CHRYSOSTOW
2116 261 2436 322 ARCHIEP.
2475 265 3026 329 CONSTANTINOP.

3610 283 3713 339 983

2147 388 2214 454 γῆ
2253 384 2502 456 σώφρονα
2547 390 2692 441 ποιεῖ
2750 388 2809 440 τδ
2853 390 3044 459 φιλεῖν,
3093 389 3211 444 οὐδὲ
3257 391 3716 463 παραδειγμάτων

2148 472 2274 539 ἡμῖν
2307 471 2540 526 ἐνταῦθα
2567 472 2725 543 χρεία
2753 473 2934 526 λοιπόν
2955 491 2967 503 ·
3015 475 3148 528 πᾶσι
3180 474 3288 544 γὰρ
3325 474 3485 529 τοῦτο
3522 477 3710 547 δῆλον·

2147 553 2248 606 κᾶν
2277 553 2464 624 θηρίου
2498 555 2696 620 παντός
2716 573 2799 619 τις
2825 557 3158 628 ἀγριώτερος
3187 555 3242 632 ᾖ,
3280 559 3555 632 προϐάτου
3582 579 3715 617 πανο

2147 637 2234 699 :6;
2266 637 2614 708 ἡμερώτερος
2645 639 2752 692 ἀπὸ
2778 639 2872 693 τοῦ
2919 641 3091 709 φιλεῖν
3121 642 3350 708 γίνεται.
3389 643 3454 695 Τί
3481 644 3588 714 γὰρ
3619 644 3716 698 τοῦ

2148 720 2320 773 Σαοὺλ
2349 720 2684 792 ἀγριώτερον
2717 718 2784 794 ἦν
2819 724 2911 776 καὶ
2945 724 3347 795 μανικώτερον;
3393 726 3532 780 Ἀλλ’
3561 729 3718 799 ἡνίκα

2145 803 2237 855 τὸν
2275 803 2466 874 ἐχθρὸν
2493 805 2762 858 ἀπέλυσεν
2783 807 2816 876 ή
2839 807 3106 878 Θυγάτηρ,
3131 809 3252 861 οὑδέ
3279 810 3431 879 ῥῆμα
3461 811 3596 880 πρὸς
3620 813 3717 866 αὑ-

2146 887 2242 956 τὴν
2271 885 2488 950 ἐξέϐαλε
2516 888 2710 956 πικρόν
2734 905 2748 919 ·
2785 891 2877 943 καὶ
2904 889 2932 940 ὁ
2962 893 3089 954 τοὺς
3131 891 3312 962 ίερέας
3343 891 3510 962 ἄρδην
3549 894 3719 948 ἀπανι-

2145 987 2238 1031 τας
2262 969 2616 1037 κατασφάξας
2643 970 2729 1025 διά
2753 972 2841 1024 τὸν
2879 973 3041 1025 Δαυῖδ
3062 1013 3076 1040 ,
3118 974 3218 1044 τὴν
3269 973 3545 1046 θυγατέρα
3577 977 3716 1048 ὁρῶν

2146 1051 2209 1104 ἐκ
2245 1051 2342 1121 τῆς
2379 1052 2555 1114 οἰκίας
2587 1053 2746 1106 αὑτὸν
2778 1055 3024 1122 ἀφεῖσαν,
3058 1056 3180 1108 οὑδέ
3209 1056 3373 1126 μέχρι
3401 1057 3558 1125 λόγου
3585 1059 3719 1129 πρὸς

2144 1134 2314 1202 αὐτὴν
2363 1135 2732 1204 ἠγανάκτησε,
2798 1139 2891 1189 καὶ
2953 1137 3124 1190 ταῦτα
3171 1139 3387 1208 ἀπάτης
3452 1140 3720 1210 τοσαύτης

2145 1217 2230 1269 ἐπ’
2259 1216 2420 1269 αὑτὸν
2460 1217 2809 1287 συντεθείσης
2830 1235 2844 1251 ·
2876 1219 3229 1290 δυνατωτέρῳ
3266 1222 3374 1290 γάρ
3410 1221 3613 1292 χαλινῷ
3641 1224 3719 1292 τῷ

2145 1301 2242 1369 τῆς
2265 1298 2486 1370 ἀγάπης
2514 1300 2818 1370 κατείχετο.
2850 1301 3060 1370 Ὥσπερ
3081 1302 3136 1354 δέ
3161 1305 3444 1366 ἐπιεικεῖς,
3467 1303 3609 1357 οὑτω
3628 1305 3720 1358 καὶ

2147 1379 2428 1454 σώφρονας
2460 1379 2597 1434 οῐδεν
2645 1381 2784 1453 αὕτη
2835 1388 3041 1436 ποιεῖν·
3091 1385 3193 1438 κᾶν
3251 1387 3348 1454 τὴν
3395 1386 3589 1439 ἐαυτοῦ
3638 1403 3721 1450 τις

2145 1464 2332 1535 ἀγαπᾷ
2361 1469 2592 1532 γυναῖκα
2615 1466 2808 1530 οὑτως,
2836 1467 2908 1530 ὡς
2932 1469 3149 1538 ἀγαπᾷν
3187 1468 3285 1532 δεῖ,
3323 1469 3425 1522 κᾶν
3458 1471 3718 1540 μυριάκις

2144 1547 2374 1618 ἀσελγὴς
2411 1545 2468 1622 ᾗ,
2491 1551 2591 1602 οὑκ
2627 1550 2874 1614 ἀνέξεται
2921 1553 3116 1623 ἑτέραν
3161 1553 3288 1605 ἰδεῖν
3324 1553 3411 1606 διά
3457 1554 3548 1606 τὸν
3587 1555 3720 1624 πρὸς

2146 1631 2360 1700 ἐκείνην
2388 1632 2570 1686 πόθον.
2603 1635 2860 1700 Κραταιά
2898 1635 3028 1705 γὰρ,
3070 1637 3254 1704 φησὶν,
3287 1637 3366 1702 ὡς
3393 1637 3646 1702 θάνατος
3678 1638 3719 1706 ἠ

2143 1713 2368 1782 ἀγάπη.
2405 1715 2570 1768 Ὥστε
2596 1716 2894 1786 οὐδαμόθεν
2925 1718 3148 1771 ἄλλοθεν
3175 1720 3234 1772 τὸ
3265 1720 3606 1787 ἀσελγαίνειν
3635 1721 3721 1786 γί-

2143 1814 2312 1861 νεται,
2361 1799 2396 1868 ἢ
2439 1800 2501 1851 ἐκ
2551 1800 2644 1852 τοῦ
2679 1802 2754 1870 μὴ
2803 1802 2996 1869 φιλεῖν.
3063 1803 3218 1855 Ἐπεὶ
3255 1799 3346 1856 οὖν
3389 1803 3722 1875 δημιουργὸς

2143 1882 2342 1953 ἀρετῆς
2370 1883 2590 1954 ἀπάσης
2619 1885 2652 1953 ἡ
2691 1885 2902 1953 ἀγάπη,
2940 1886 3078 1956 μετά
3105 1885 3388 1955 ἀκριϐείας
3417 1887 3635 1955 ἀπάσης
3663 1887 3721 1938 ἐν

2143 1967 2260 2026 ταῖς
2285 1964 2492 2018 ἑαυτῶν
2521 1967 3024 2038 καταφυτεύσωμεν
3055 1969 3226 2038 αὑτήν
3252 1967 3463 2038 ψυχαῖς,
3497 1968 3563 2020 ἵν’
3583 1971 3720 2038 ημῖν

2146 2047 2315 2100 πολλά
2346 2047 2548 2121 κομίσῃ
2590 2049 2659 2102 τὰ
2708 2049 2910 2118 ἀγαθὰ,
2951 2051 3046 2104 καὶ
3079 2049 3312 2121 βρύοντα
3341 2050 3506 2118 αὑτῆς
3541 2049 3720 2119 διηνε-

2145 2129 2256 2194 κῶς
2275 2131 2366 2184 τὸν
2399 2132 2612 2202 καρπον
2640 2130 2873 2203 ἔχωμεν,
2898 2132 2990 2186 τὸν
3020 2134 3108 2187 ἀεὶ
3146 2133 3407 2202 τεθηλότα
3451 2131 3544 2186 καὶ
3572 2132 3723 2186 οὑδέο

2147 2229 2276 2266 ποτε
2307 2215 2728 2284 μαραινόμενον.
2762 2215 2919 2270 Οὕτω
2952 2216 3061 2288 γάρ
3089 2219 3182 2271 κιιί⁵
3211 2216 3318 2269 τῶν
3338 2215 3571 2270 αἰωνίων
3597 2216 3721 2268 ἐπι-

2143 2294 2444 2366 τευξόμεθα
2477 2295 2722 2363 ἀγαθῶν·
2764 2290 2839 2350 ὧν
2871 2298 3082 2366 γένοιτο
3111 2302 3321 2363 πάντας
3353 2300 3500 2370 ἡμᾶς
3535 2299 3723 2352 ἐπιτυ-

2144 2381 2280 2448 χεῖν,
2314 2379 2496 2450 χάριτι
2528 2380 2622 2433 καὶ
2656 2379 3040 2454 φιλανθρωπίᾳ
3062 2381 3154 2435 τοῦ
3187 2383 3390 2452 Κυρίου
3424 2381 3581 2451 ἡμῶν
3621 2382 3725 2450 Ἰη-

2148 2461 2239 2514 σοῦ
2263 2461 2521 2533 Χριστοῦ,
2563 2461 2681 2532 μεθ’
2713 2455 2773 2515 οῦ
2811 2463 2888 2533 τῷ
2913 2464 3112 2535 Πατρί,
3144 2463 3258 2534 ἅμα
3291 2464 3368 2534 τῷ
3396 2465 3533 2534 ἀγίῳ
3557 2462 3726 2516 Πνεύ-

2148 2562 2300 2616 ματι,
2324 2545 2474 2612 δόξα,
2515 2545 2736 2617 κράτος,
2766 2546 2921 2617 τιμὴ,
2948 2547 3042 2600 νῦν
3077 2547 3174 2600 καὶ
3211 2549 3319 2612 ἀεὶ,
3342 2549 3435 2602 καὶ
3479 2549 3559 2611 εἰς
3599 2547 3724 2610 τοὺς

2146 2627 2350 2692 αἰῶνας
2377 2628 2485 2682 τῶν
2513 2628 2747 2685 αἰώνων.
2790 2630 2983 2701 Ἀμήν.

1886 3103 2124 3154 ΟΜΙΛΙΑ
2175 3104 2294 3154 ΛΔ’.

468 3251 604 3304 Εἴτε
682 3253 749 3305 δὲ
821 3254 1168 3322 προφητεῖαι
1260 3253 1838 3321 καταργηθήσονται,
1929 3252 2050 3303 εἴτε

540 3333 815 3403 γλῶσσαι
851 3338 1215 3400 παύσονται,
1261 3337 1382 3389 εἴτε
1419 3335 1641 3405 γνῶσις
1673 3333 2042 3404 καταργηθήο

539 3435 729 3476 σεται.

539 3531 610 3579 α’.
631 3524 814 3590 Δείξας
829 3525 930 3594 τῆς
950 3525 1172 3596 ἀγάπης
1197 3525 1294 3592 τὴν
1323 3523 1594 3593 ὑπεροχὴν
1633 3523 1699 3574 ἐκ
1735 3522 1826 3573 τοῦ
1866 3523 1958 3574 καὶ
1982 3521 2052 3575 τὰ

471 3607 787 3679 χαρίσματα
812 3607 906 3660 καὶ
935 3607 1003 3660 τά
1031 3607 1124 3660 τοῦ
1163 3606 1278 3676 βίου
1309 3605 1711 3675 κατορθώματα
1740 3605 1909 3673 αὐτῆς
1939 3605 2050 3657 δεῖ·

474 3692 620 3753 σθαι,
669 3691 731 3743 ἐκ
778 3688 872 3742 τοῦ
920 3689 1019 3753 τὰς
1057 3691 1258 3761 ἀρετὰς
1303 3691 1472 3758 αὐτῆς
1510 3688 1812 3761 ἀριθμῆσαι
1848 3689 2048 3754 πάσας,

471 3773 565 3827 καὶ
593 3771 908 3841 φιλοσοφίας
935 3774 1194 3844 ἀκριϐοῦς
1222 3775 1478 3827 ὑπόθεσιν
1507 3773 1806 3844 ἀποφῆναι,
1833 3773 1890 3838 ἐξ
1930 3773 2046 3825 ἐτέ-

479 3867 567 3920 ρου
616 3854 778 3908 πάλιν
817 3855 1002 3925 τρίτου
1055 3857 1350 3925 κεφαλαίου
1401 3856 1672 3910 δείκνυσιν
1727 3856 1898 3922 αὑτῆς
1954 3854 2051 3924 τὴν

477 3935 650 4000 ἀξίαν.
681 3938 790 3990 Καὶ
822 3938 993 3992 ταῦτα
1025 3943 1172 3994 ποιεῖ
1204 3941 1330 4004 τούς
1362 3958 1417 3992 τε
1445 3939 1792 4009 ἡλαττῶσθαι
1831 3939 2049 3992 δοκοῦν-

469 4036 569 4083 τας
603 4023 787 4078 πεῖσαι
811 4021 1000 4086 θέλων,
1041 4024 1124 4076 ὅτι
1165 4023 1375 4089 ἔξεστιν
1421 4025 1605 4086 αὐτοῖς
1647 4022 1707 4076 τὸ
1757 4022 2050 4091 κεφάλαιον

469 4103 580 4156 τῶν
615 4103 854 4174 σημείων
889 4105 1053 4174 ἔχειν,
1099 4106 1191 4159 καὶ
1237 4107 1391 4159 οὐδὲν
1441 4107 1659 4158 ἔλαττον
1705 4105 1884 4171 ἕξουσι
1942 4103 2050 4157 τῶν

471 4187 706 4255 ἐχόντων
738 4187 808 4239 τὰ
847 4189 1182 4258 χαρίσματα,
1216 4190 1265 4240 εί
1297 4188 1502 4259 ταύτην
1552 4189 1746 4259 ἔχοιεν,
1781 4188 1915 4241 ἀλλά
1958 4190 2052 4241 καὶ

470 4267 652 4339 πολλῷ
676 4269 839 4323 πλέον
856 4287 871 4301 ·
902 4272 1137 4334 καὶτοὺς
1159 4271 1383 4340 ἔχοντας
1409 4272 1480 4323 τά
1502 4273 1713 4340 μεγάλα
1739 4272 2052 4342 χαρίσματα

470 4351 633 4405 πάλιν
659 4353 752 4405 καὶ
779 4352 1030 4406 ἐντεῦθεν
1059 4354 1476 4424 ἐπαιρομένους,
1511 4355 1848 4408 ταπεινῶσαι
1880 4371 2049 4406 σπου-

469 4431 669 4502 δάζων,
726 4437 817 4488 καὶ
859 4436 1028 4503 δεῖξαι
1075 4437 1244 4505 μηδὲν
1303 4436 1545 4507 ἔχοντας,
1585 4437 1680 4490 ἐὰν
1732 4439 1808 4507 μὴ
1845 4437 2050 4506 ταύτην

471 4516 686 4586 ἔχωσιν.
735 4517 890 4571 Οὑτω
936 4519 1045 4588 γάρ
1097 4519 1322 4588 ἔμελλόν
1382 4523 1440 4571 τε
1492 4519 1754 4590 ἀλλήλους
1807 4522 2047 4589 ἀγαπᾷν,

475 4598 772 4667 βασκανίας
810 4616 872 4651 τε
904 4599 998 4652 καὶ
1036 4600 1294 4662 ἀπονοίας
1335 4601 1582 4654 ἐντεῦθεν
1627 4602 2046 4673 ἀναιρουμένης,

472 4683 796 4751 ἀγαπῶντές
827 4699 885 4734 τε
915 4683 1078 4736 πάλιν
1118 4683 1453 4754 πορρωτέρω
1484 4685 1658 4737 ταῦτα
1698 4684 1955 4755 ἐξώριζον
1981 4684 2052 4736 τὰ

473 4765 620 4836 πάθη
648 4781 662 4796 ·
715 4765 786 4820 Ἡ
827 4765 932 4839 γὰρ
981 4765 1180 4836 ἀγάπη
1224 4767 1297 4818 οὺ
1341 4765 1525 4832 ζηλοῖ,
1573 4770 1652 4820 οὐ.
1705 4767 2048 4835 φυσιοῦται.

475 4847 637 4900 Ὥστε
669 4848 1005 4919 πανταχόθεν
1032 4852 1211 4920 τεῖχος
1243 4851 1424 4914 αὑτοῖς
1466 4851 1709 4922 ἀῤῥαγές
1736 4851 2048 4922 περιέϐαλε,

474 4926 624 4999 [510]
654 4931 747 4982 καὶ
771 4932 1105 4988 πολύπλοκον
1137 4935 1391 5006 ὁμόνοιαν
1417 4934 1748 5006 ἀναιροῦσάν
1777 4951 1835 4987 τε
1869 4933 1936 4986 τά
1966 4953 2052 4987 vo-

476 5008 698 5077 σήματα
720 5009 952 5077 ἅπαντα,
976 5017 1070 5068 καὶ
1106 5017 1357 5070 ἐντεῦθεν
1385 5017 1547 5072 πάλιν
1582 5018 1938 5090 ἰσχυροτέραν
1967 5036 2052 5088 γι-

474 5091 726 5174 νομένην.
758 5093 856 5144 Διά
896 5095 1052 5148 τοῦτο
1089 5099 1184 5150 καὶ
1229 5102 1457 5169 μυρίους
1498 5103 1716 5172 ἐκίνησε
1759 5101 2054 5174 λογισμοὺς

472 5175 600 5236 τοὺς
633 5172 966 5243 δυναμένους
1012 5179 1192 5230 αὑτῶν
1243 5184 1741 5254 παραμυθήσασθαι
1782 5186 1882 5258 τὴν
1921 5172 2052 5240 ἀθυ-

476 5257 628 5328 μίαν.
673 5256 782 5311 Καὶ
836 5258 941 5329 γάρ
983 5259 1044 5312 τὸ
1090 5261 1221 5315 αὐτὸ
1269 5264 1494 5335 Πνεῦμα
1531 5267 1743 5333 δίδωσι,
1776 5256 1931 5339 φησὶ,
1964 5271 2055 5324 καὶ

475 5341 612 5412 1:96;
643 5342 702 5396 τὺ
738 5341 1015 5414 συμφέρον
1049 5343 1250 5412 δίδωσι,
1299 5350 1393 5400 καὶ
1433 5350 1508 5410 ώς
1558 5350 1804 5418 βούλεται
1834 5353 2051 5424 διαιρεῖ,

477 5427 570 5479 καὶ
616 5429 996 5499 χαριζόμενον,
1049 5429 1148 5482 οὑκ
1181 5429 1393 5501 ὀφεῖλον
1431 5433 1647 5504 διαιρεῖ.
1694 5436 1812 5488 Κᾶν
1861 5436 2055 5506 μικρὸν

477 5507 670 5580 λάϐῃς,
711 5512 909 5581 ὁμοίως
939 5513 1017 5576 εἰς
1059 5514 1120 5566 τὸ
1151 5514 1310 5586 σῶμα
1353 5517 1548 5583 τελεῖς,
1590 5517 1683 5570 καὶ
1729 5518 1930 5587 πολλῆς
1961 5518 2056 5569 καί

477 5590 651 5672 οὕτως
676 5594 967 5661 ἀπολαύεις
1006 5599 1202 5669 τιμῆς·
1242 5600 1336 5654 καὶ
1373 5603 1401 5654 ὁ
1433 5601 1489 5653 τὸ
1527 5603 1710 5671 μεῖζον
1749 5603 1907 5672 έχων,
1961 5602 2054 5654 σοῦ

479 5669 572 5729 τοῦ
602 5676 663 5728 τὸ
697 5676 912 5731 ἔλαττον
955 5681 1170 5752 ἔχοντος
1214 5682 1418 5737 δεῖται·
1455 5687 1547 5737 καὶ
1580 5687 1662 5737 ὅτι
1708 5685 1768 5738 :6
1803 5686 2055 5754 μέγιστον

485 5758 729 5830 χάρισμα
763 5761 853 5812 καὶ
882 5763 914 5830 ἡ
953 5764 1074 5815 καθ’
1106 5765 1413 5836 ὑπερϐολὴν
1446 5764 1561 5830 ὁδός
1595 5769 1739 5819 ἐστιν
1776 5769 1807 5834 ἡ
1842 5767 2052 5836 ἀγάπη.

2225 3251 2412 3306 Ταῦτα
2440 3253 2498 3306 δὲ
2525 3251 2699 3320 ἔλεγε,
2724 3253 2882 3324 διπλῇ
2914 3254 3296 3323 περισφίγγων
3326 3255 3524 3322 αὐτοὺς
3561 3259 3725 3331 ἀλλή-

2151 3332 2284 3396 λοις,
2307 3333 2384 3406 τῷ
2409 3353 2469 3388 τε
2507 3335 2583 3406 μὴ
2626 3335 2866 3406 νομίζειν
2905 3337 3254 3406 ηλαττῶσθαι
3287 3339 3491 3408 ταύτης
3521 3342 3728 3416 1:090:3-

2152 3435 2272 3487 σης,
2303 3419 2396 3472 καὶ
2421 3418 2498 3490 τῷ
2525 3419 2925 3490 ἐπιδραμόντας
2966 3421 3105 3492 αὑτῇ
3143 3422 3238 3474 καὶ
3284 3423 3523 3490 ἑλόντας,
3564 3426 3729 3496 μηδὲν

2153 3502 2383 3571 πάσχειν
2405 3503 2592 3556 λοιπὸν
2617 3501 2978 3574 ἀνθρώπινον,
3010 3505 3104 3557 καὶ
3139 3504 3216 3568 ὡς
3259 3507 3358 3575 τὴν
3388 3507 3544 3577 ῥίζαν
3578 3509 3729 3578 ἕχον-

2153 3603 2250 3648 τας
2295 3584 2404 3637 τῶν
2448 3585 2825 3656 χαρισμάτων,
2873 3586 2966 3639 καὶ
3017 3586 3094 3650 ὡς
3147 3586 3329 3641 οὐκέτι
3377 3589 3726 3660 δυναμένους,

2151 3668 2269 3721 οὑδέ
2303 3669 2350 3720 εί
2387 3667 2554 3738 μηδὲν
2583 3665 2751 3738 εἶχον,
2789 3669 3131 3738 φιλονεικεῖν.
3176 3670 3234 3723 '0
3258 3673 3366 3740 γὰρ
3391 3672 3551 3735 ἁλοὺς
3583 3671 3732 3738 ἅπαξ

2152 3751 2256 3804 ὑπὸ
2288 3750 2386 3820 τῆς
2435 3750 2657 3821 ἀγάπης
2679 3792 2693 3815 ,
2734 3752 3070 3820 φιλονεικίας
3102 3754 3467 3822 ἀπήλλακται.
3512 3756 3600 3808 Διὸ
3635 3757 3731 3809 καὶ

2151 3833 2364 3896 δεικνὺς
2390 3833 2595 3898 αὐτοῖς,
2631 3833 2730 3887 ὅσα
2750 3834 3001 3888 ἐντεῦθεν
3023 3837 3408 3907 καρπώσονται
3434 3838 3500 3891 τὰ
3527 3838 3726 3906 ἀγαθά,

2149 3919 2278 3982 τοὺς
2323 3918 2569 3988 καρποὺς
2607 3917 2774 3988 αὑτῆς
2814 3919 3120 3989 ὑπέγραψε,
3163 3920 3250 3973 διὰ
3283 3921 3392 3975 τῶν
3443 3922 3729 3992 ἐγκωμίων

2151 4002 2320 4072 αὑτῆς
2348 4001 2417 4055 τὰ
2441 4002 2668 4055 ἐκείνων
2707 4002 2991 4073 νοσήματα
3033 4002 3436 4059 καταστέλλων.
3475 4004 3582 4058 Καὶ
3619 4003 3731 4077 γάρ

2150 4085 2258 4137 τῶν
2315 4085 2622 4155 εἰρημένων
2667 4083 2894 4137 ἕκαστον
2944 4085 3236 4155 φάρμακον
3279 4087 3463 4140 ἰκανὸν
3508 4083 3577 4158 ἦν
3617 4090 3731 4151 τοῖς

2151 4167 2375 4221 ἐκείνων
2407 4166 2720 4238 τραύμασιν
2753 4167 3008 4236 ἀρκέσαι.
3037 4169 3130 4221 Διὸ
3167 4169 3258 4222 καὶ
3288 4169 3460 4236 ἔλεγε,
3495 4173 3732 4237 Μακρο-

2151 4249 2342 4317 θυμεῖ,
2394 4249 2531 4321 πρὸς
2572 4249 2699 4311 τοὺς
2742 4249 2994 4320 ἀλλήλοις
3042 4249 3518 4320 φιλονεικοῦντας·
3569 4253 3728 4318 Χρη-

2151 4333 2447 4393 στεύεται,
2507 4333 2643 4400 πρὸς
2685 4331 2810 4394 τοὺς
2844 4330 3140 4396 διεστῶτας
3184 4333 3275 4386 καὶ
3313 4331 3608 4394 ὑπούλους·
3642 4335 3729 4387 οὐ

2152 4413 2339 4479 ζηλοῖ,
2381 4413 2521 4484 1:96;
2559 4415 2686 4477 τοὺς
2729 4414 3123 4483 βασκαίνοντας
3163 4418 3276 4480 τοῖς
3321 4415 3677 4485 ὑπερέχουσιν
3709 4433 3726 4448 ·

2156 4497 2240 4549 Οὺ
2287 4496 2727 4562 περπερεύεται,
2786 4498 2922 4568 πρὸς
2976 4496 3102 4560 τοὺς
3149 4497 3612 4561 διασπασθέντας·
3645 4499 3732 4552 οὐ

2151 4577 2497 4645 φυσιοῦται,
2529 4576 2664 4644 πρὸς
2702 4578 2828 4642 τοὺς
2874 4579 3472 4650 καταλαζονευομένους
3508 4579 3728 4634 αὐτῶν·

2155 4662 2277 4713 Οὐκ
2304 4659 2660 4728 ἀσχημονεῖ,
2700 4661 2836 4732 πρὸς
2866 4663 2992 4726 τοὺς
3044 4664 3145 4716 οὑκ
3189 4664 3548 4732 όφείλονταςι
3602 4679 3735 4730 συγ-

2154 4741 2505 4797 καταϐαίνειν
2527 4755 2540 4770 ·
2579 4744 2661 4796 Οὐ
2692 4741 2851 4810 ζητεῖ
2881 4743 2947 4797 τὸ
2970 4744 3211 4813 ἑαυτῆς,
3240 4745 3378 4816 πρὸς
3409 4745 3536 4809 τοὺς
3565 4747 3734 4814 ὑπερ-

2152 4828 2395 4900 ορῶντας
2431 4827 2540 4880 τῶν
2566 4828 2770 4883 λοιπῶν
2797 4845 2811 4860 ·
2845 4833 2928 4882 Οὐ
2963 4830 3384 4898 παροξύνεται,
3413 4833 3485 4885 οὐ
3511 4829 3734 4900 λογίζει-

2154 4928 2246 4965 ται
2270 4911 2338 4965 τὸ
2367 4911 2576 4976 κακὸν,
2607 4911 2742 4982 1:96;
2789 4913 2913 4974 τοὺς
2945 4912 3328 4983 ὑϐριζομένους
3365 4929 3381 4944 ·
3416 4915 3498 4966 Οὐ
3543 4914 3735 4981 χαίρει

2153 4997 2252 5050 ἐπὶ
2301 4995 2374 5064 τῇ
2413 4994 2635 5062 ἀδικίᾳ,
2688 4996 3004 5064 συγχαίρει
3048 4995 3116 5048 δὲ
3160 4995 3233 5064 τῇ
3280 4997 3552 5063 ἀληθείᾳ,
3603 4997 3735 5067 πρὸς

2155 5082 2280 5143 τοὺς
2313 5078 2701 5149 βασκαίνοντας
2731 5078 2893 5131 πάλιν
2916 5094 2931 5108 ·
2963 5078 3166 5133 Πάντα
3187 5077 3408 5148 στέγει,
3442 5081 3579 5150 πρὸς
3607 5081 3733 5141 τοὺς

2155 5161 2700 5230 ἐπιϐουλευομένους·
2741 5161 2944 5216 Πάντα
2992 5162 3235 5226 ἐλπίζει,
3272 5163 3410 5234 πρὸς
3437 5163 3565 5224 τοὺς
3595 5164 3734 5214 ἀπο-

2155 5246 2521 5315 γινώσκοντας
2538 5260 2552 5273 ·
2579 5244 2782 5297 Πάντα
2799 5246 3106 5314 ὑπομένει,
3128 5246 3418 5301 οὐδέποτε
3439 5246 3732 5310 ἐκπίπτει,

2158 5329 2292 5400 πρὸς
2325 5328 2452 5390 τοὺς
2499 5325 2734 5389 εὐκόλως
2773 5327 3172 5399 διῖσταμένους.
3209 5331 3360 5383 Ἐπεὶ
3407 5326 3499 5384 οὖν
3530 5345 3735 5382 παντα-

2157 5411 2311 5483 χόθεν
2337 5410 2508 5480 αὑτὴν
2539 5409 2782 5480 μεγάλην
2815 5410 2984 5477 ἔδειξε
3011 5413 3130 5485 μεθ’
3156 5413 3459 5484 ὑπερϐολῆς
3490 5414 3735 5483 ἀπάσης,

2158 5494 2317 5548 πάλιν
2350 5491 2410 5558 ἐξ
2456 5492 2643 5564 ἐτέρου
2699 5494 2994 5563 κεφαλαίου
3054 5497 3310 5567 μεγίστου
3359 5496 3516 5550 τοῦτο
3569 5497 3736 5560 ποιεί,

2221 5715 2238 5738 ⁸
2260 5715 2542 5785 ί.εεεη‹ιυηι
2563 5719 2706 5780 pulat
2728 5715 2947 5766 Savilius
2970 5714 3027 5763 οὑ
3049 5715 3283 5775 θέλοντας,
3309 5717 3361 5765 εἰ
3383 5715 3454 5765 sic
3498 5712 3624 5777 legit
3646 5721 3735 5758 ve-

2165 5785 2248 5831 lI-‘s
2271 5788 2538 5841 Interpres.
