4112 6224
461 317 566 374 237

461 433 691 493 sustinet,
718 441 994 495 numquam
1019 423 1231 489 excidit,
1259 432 1445 477 contra
1471 438 1567 478 eos
1592 423 1682 493 qui
1715 422 1870 477 facile
1897 423 2054 477 dissi-

461 522 611 579 dent.
660 517 800 587 Quia
844 515 998 586 igitur
1050 515 1197 568 illam
1246 514 1481 585 undique
1525 529 1768 583 magnam
1811 514 2054 568 exhibuit

461 628 584 668 eum
616 608 909 682 hyperbole
935 605 1106 672 omni,
1141 621 1328 660 rursus
1353 622 1418 660 es
1447 605 1554 659 alio
1579 605 1756 675 capite
1783 605 1886 660 hoc
1907 605 2050 672 facit,

462 721 558 777 per
582 703 1043 774 comparationem
1071 700 1233 754 aliam
1259 700 1378 769 ejus
1402 699 1719 770 dignitatem
1747 698 2017 755 extollens
2033 739 2049 762 ,

459 808 515 854 et
535 796 614 852 sic
635 795 817 849 dicens
839 809 856 850 :
887 793 1006 847 Sive
1034 790 1312 861 praplietia:
1333 790 1728 855 euacuabuntur,
1749 790 1852 844 sive
1867 790 2055 860 lingua:

461 890 746 942 cessabunt.
778 885 835 940 Si
857 885 1000 939 enim
1031 883 1143 938 lucc
1166 892 1390 952 utraque
1413 890 1628 953 propter
1652 883 1812 938 iidem
1840 882 2052 936 inducta

462 989 608 1043 sunt,
640 978 740 1034 hac
771 978 965 1047 ubique
997 985 1258 1030 terrarum
1286 974 1528 1044 dispersa
1549 1016 1565 1040 ,
1605 973 1715 1044 jam
1743 974 2050 1044 superﬂuus

463 1074 676 1129 illorum
704 1086 831 1126 usus
862 1069 1040 1124 fuerit.
1087 1067 1192 1122 Sed
1222 1077 1404 1122 mutua
1438 1068 1526 1121 illa
1558 1066 1776 1122 dilectio
1802 1082 1910 1122 non
1936 1081 2055 1121 ces-

464 1165 622 1223 sabit.
650 1164 757 1218 imo
784 1161 952 1230 magis
977 1169 1206 1225 crescet,
1233 1168 1286 1212 et
1313 1159 1397 1213 hic
1426 1168 1479 1212 et
1508 1159 1558 1212 in
1593 1158 1790 1223 futuro,
1824 1167 2054 1228 tuncque

465 1258 635 1329 magis
661 1271 821 1326 quam
850 1270 1010 1309 nunc.
1046 1253 1142 1308 llic
1167 1255 1311 1308 enim
1340 1253 1505 1307 multa
1534 1262 1662 1306 sunt
1701 1266 1819 1321 quae
1860 1255 2056 1306 carita-

465 1361 573 1405 tem
605 1346 885 1402 emolliant
915 1356 969 1400 et
996 1346 1269 1407 minuant,
1303 1343 1572 1413 pecunias,
1605 1343 1812 1414 negotia
1835 1385 1850 1407 ,
1883 1343 2053 1398 morbi

462 1453 769 1507 corporum,
789 1437 1132 1506 mgritudines
1149 1437 1376 1498 animze;
1411 1435 1519 1489 illic
1544 1450 1673 1490 vero
1701 1433 1832 1488 nihil
1863 1434 2054 1488 horum

464 1529 656 1586 aderit.
699 1529 804 1586 Sed
845 1528 988 1598 quod
1031 1527 1324 1598 prophetia:
1354 1535 1410 1582 et
1448 1526 1643 1596 lingua:
1669 1533 1926 1592 cessent,
1955 1524 2056 1579 mi-

464 1641 581 1680 rum
613 1639 718 1680 non
758 1632 877 1687 cst;
911 1621 1050 1692 quod
1092 1630 1270 1676 autem
1309 1620 1535 1675 scientia
1565 1619 1906 1682 destruatur,
1953 1617 2054 1674 hoc

464 1726 610 1773 certe
637 1715 990 1786 qutcstioncm
1015 1723 1194 1768 movet
1219 1731 1232 1765 :
1266 1727 1388 1766 nam
1417 1721 1470 1767 et
1502 1711 1602 1766 hoc
1627 1709 1819 1778 adjecit
1845 1710 2051 1776 dicens,

474 1807 596 1862 Siue
615 1807 827 1861 scientia
854 1807 1158 1860 destruetur.
1183 1801 1319 1871 Quid
1343 1802 1511 1872 ergo?
1532 1803 1584 1856 in
1613 1801 1906 1872 ignorantia
1929 1808 2055 1856 tunc

468 1899 659 1953 victuri
691 1896 917 1951 sumus?
947 1895 1140 1950 Absit:
1195 1910 1317 1950 nam
1365 1904 1489 1948 tunc
1539 1894 1769 1948 maxime
1815 1893 2053 1964 augenda

465 1989 691 2046 scicntia
719 1999 838 2052 est;
871 1987 1100 2056 ideoque
1127 1986 1372 2040 dicebat:
1414 1983 1560 2039 Tunc
1588 2001 1889 2056 cognoscam
1926 1985 2056 2038 sicut

464 2091 513 2135 et
542 2081 774 2151 cognitus
799 2095 914 2132 sum
941 2078 1018 2147 (l.
1047 2077 1167 2134 Cor.
1198 2079 1286 2133 l5.
1318 2077 1430 2147 η).
1467 2077 1758 2146 Propterea
1783 2119 1798 2143 ,
1837 2092 1904 2132 ne
1935 2091 2056 2146 per-

465 2173 594 2230 inde
630 2184 791 2244 atqne
835 2170 1170 2243 prophetiam
1207 2182 1262 2227 et
1303 2171 1510 2242 linguas
1551 2171 1686 2226 hanc
1726 2181 2054 2226 cessaturum

467 2280 588 2322 esse
620 2274 854 2335 putares,
884 2279 1006 2319 cum
1034 2263 1279 2327 dixisset,
1314 2263 1439 2318 Sive
1481 2263 1691 2316 scicntia
1732 2263 2054 2328 destruetur,

469 2376 576 2414 non
621 2359 805 2423 tacuit,
836 2357 930 2414 sed
961 2357 1177 2412 niodum
1210 2357 1598 2411 destructiunis
1629 2356 1922 2426 subjunxit,
1948 2356 2056 2411 cito

467 2453 675 2508 addens
717 2452 886 2506 illud:
933 2450 986 2506 9.
1030 2450 1111 2504 Ex
1139 2460 1285 2518 parte
1313 2451 1700 2522 cognoscimus,
1737 2459 1783 2503 et
1811 2467 1876 2505 ea:
1913 2459 2059 2522 parte

470 2546 850 2616 prophetamus.
898 2545 986 2599 10.
1027 2544 1152 2598 Cum
1181 2556 1348 2597 autent
1391 2545 1577 2597 venerit
1605 2543 1741 2614 quod
1781 2545 2056 2614 perfectum

468 2647 576 2702 est,
619 2648 737 2691 tunc
782 2637 1107 2690 cvrrcuabitur
1153 2634 1290 2702 quod
1341 2651 1403 2690 ea:
1450 2645 1594 2706 parte
1631 2647 1722 2690 est.
1772 2635 1888 2689 Non
1927 2649 2057 2705 ergo

469 2729 695 2783 scicntia
737 2727 1055 2794 desunitnr,
1094 2728 1186 2782 sed
1226 2728 1310 2780 illa
1355 2743 1418 2782 ex
1459 2739 1611 2798 parte
1652 2737 1854 2782 tantum
1884 2727 2058 2782 scien-

472 2821 541 2874 tia
565 2838 577 2873 :
610 2835 712 2873 non
741 2821 882 2874 enim
909 2818 1082 2873 solum
1112 2828 1190 2873 tot
1222 2829 1472 2889 tantaque
1499 2820 1748 2880 scienms.
1777 2819 1870 2874 sed
1896 2820 2054 2874 etiam

471 2911 640 2963 multo
671 2909 846 2979 plura.
880 2907 950 2963 Ut
977 2918 1156 2963 autem
1191 2908 1321 2962 illud
1347 2909 1594 2977 exemplo
1627 2912 1796 2978 palam
1828 2908 2014 2962 faciam
2041 2927 2055 2963 :

473 3018 616 3057 Itllllc
645 3002 846 3055 scimus
887 3000 1053 3055 Deum
1097 2999 1294 3068 ubique
1320 3015 1441 3054 esse
1461 3040 1476 3066 ,
1506 3001 1598 3055 sed
1631 2999 1899 3068 quomodo
1919 3040 1934 3064 ,
1967 3014 2060 3055 ne-

478 3093 678 3148 scimus
706 3109 719 3145 :
752 3091 894 3161 tpiod
925 3107 991 3146 ex
1022 3090 1192 3144 nihilo
1243 3092 1421 3145 tinniia
1451 3090 1636 3146 fecerit
1661 3091 1862 3145 scimus
1882 3132 1896 3156 ,
1939 3106 2057 3146 mo-

473 3185 604 3240 dutn
629 3193 810 3238 autem
843 3183 1191 3252 ignoramus:
1237 3181 1378 3251 quod
1423 3197 1488 3235 cx
1522 3181 1735 3252 Virgine
1772 3190 1927 3236 natus
1953 3182 2055 3247 sit,

473 3275 744 3346 quomodo
764 3284 964 3337 autem,
996 3287 1101 3327 non
1126 3274 1274 3326 item.
1298 3272 1450 3327 Tunc
1475 3283 1652 3327 autem
1681 3273 1808 3342 quid
1831 3273 2058 3342 amplius

479 3382 536 3429 et
583 3370 778 3426 clarius
830 3368 899 3424 de
954 3367 1037 3421 his
1087 3381 1501 3436 cognoscemus.
1573 3365 1774 3420 Deinde
1825 3366 2061 3421 ostendit

473 3472 730 3534 quantum
769 3459 1010 3524 intersit,
1045 3467 1098 3513 et
1127 3458 1267 3528 quod
1303 3457 1388 3511 hic
1427 3456 1609 3512 deficit
1651 3474 1755 3512 non
1784 3471 1903 3512 esse
1935 3474 2058 3528 par-

475 3571 631 3618 vum,
671 3554 892 3609 dicens:
943 3552 1027 3606 ll.
1077 3549 1203 3604 Cum
1243 3566 1398 3604 essent
1442 3551 1697 3619 parvulus,
1723 3549 1962 3618 loquebar
2007 3559 2061 3604 ut

475 3646 738 3716 parvulus,
760 3643 1015 3712 sapiebam
1044 3651 1098 3694 ut
1127 3640 1368 3710 parvulus
1393 3656 1410 3693 :
1435 3657 1546 3694 cum
1573 3651 1738 3694 autem
1763 3642 1928 3712 factus
1949 3657 2061 3695 sum

477 3738 572 3802 uir,
593 3733 828 3789 evacuavi
853 3747 968 3802 qua:
986 3741 1129 3785 erant
1155 3731 1373 3800 parvuli.
1403 3729 1504 3785 Per
1529 3729 1658 3784 illud
1677 3741 1853 3785 autem
1874 3745 2061 3786 exem-

479 3830 625 3898 plum
656 3826 757 3881 hoc
785 3827 958 3896 ipsum
989 3819 1175 3879 rursus
1201 3822 1474 3890 declarat,
1515 3823 1738 3878 dicens:
1782 3822 1869 3878 l2.
1909 3823 2060 3878 Vide-

477 3939 590 3977 mus
617 3920 748 3975 enim
787 3934 920 3972 nunc
950 3933 1041 3987 per
1065 3917 1347 3988 speculum.

547 4013 605 4067 2.
646 4010 848 4067 Deinde
877 4011 999 4081 quia
1027 4008 1308 4080 speculum
1343 4007 1393 4062 id
1423 4007 1565 4079 quod
1605 4008 1814 4064 videtur
1851 4016 2063 4064 utcum-

477 4121 582 4177 qnc
621 4111 910 4169 monstrat,
942 4101 1236 4171 subjunxit,
1265 4099 1330 4154 In
1356 4100 1645 4171 (enigmate,
1675 4116 1740 4155 ex
1772 4099 2065 4172 hyperbole

479 4206 786 4252 monstrans
815 4211 908 4266 per
936 4193 1169 4249 modicas
1198 4201 1377 4264 partes
1397 4207 1518 4248 esse
1547 4202 1864 4263 prmsentem
1891 4194 2066 4250 scien-

479 4291 631 4344 tiam.
663 4288 805 4342 1‘unc
847 4295 1018 4342 autem
1043 4285 1174 4357 {acie
1201 4284 1270 4337 ad
1299 4284 1515 4354 faciem;
1561 4299 1668 4339 non
1704 4283 1846 4356 quod
1877 4285 2064 4340 faciem

480 4383 677 4437 habeat
705 4381 880 4447 Deus,
909 4377 1005 4436 sed
1036 4386 1094 4433 ut
1132 4392 1248 4434 rem
1276 4377 1478 4434 clarius
1501 4386 1559 4434 et
1583 4379 1755 4448 magis
1785 4378 2068 4450 perspicue

477 4475 645 4530 dicat.
702 4471 863 4528 Vides
911 4470 1094 4526 omnia
1166 4468 1442 4526 discentes
1492 4485 1588 4541 per
1631 4471 2066 4526 incrementum?

482 4564 640 4620 Nunc
681 4578 929 4634 cognosco
957 4577 1019 4615 ex
1047 4569 1194 4630 parte
1217 4601 1232 4625 ,
1277 4569 1396 4615 tunc
1419 4570 1588 4615 autem
1615 4577 1915 4631 cognoscam
1939 4563 2068 4618 sicut

477 4667 529 4712 et
555 4655 786 4727 cognitus
813 4669 948 4708 sum.
976 4650 1168 4706 Viden‘
1203 4650 1473 4721 quomodo
1501 4650 1694 4707 fastum
1733 4669 1919 4709 eorum
1963 4653 2064 4710 du-

485 4749 695 4819 pliciter
720 4742 1025 4816 deprimat?
1051 4741 1196 4813 quod
1227 4750 1283 4796 et
1309 4757 1405 4813 per
1439 4751 1616 4812 partes
1645 4743 1717 4797 sit
1743 4744 1985 4810 scientia,
2013 4754 2071 4800 et

483 4839 626 4910 quod
658 4853 763 4894 non
793 4837 938 4892 illam
968 4852 1034 4892 ex
1060 4850 1121 4890 se
1149 4833 1400 4889 habeant.
1446 4831 1564 4889 Non
1599 4835 1743 4888 enim
1777 4851 1878 4906 ego
1919 4835 2066 4891 illum

486 4930 632 4992 novi,
675 4928 768 4984 sed
816 4944 875 4982 se
923 4929 1036 4998 ipse
1078 4925 1209 4982 mihi
1238 4934 1422 4981 notum
1454 4922 1600 4992 fecit,
1628 4923 1819 4996 inquit.
1868 4925 2068 4994 Quem-

487 5020 775 5076 admodum
818 5035 947 5088 ergo
987 5021 1102 5088 ipse
1149 5035 1236 5074 me
1279 5020 1433 5074 novit
1472 5019 1618 5090 prior
1659 5034 1822 5086 nunc,
1861 5029 1916 5075 et
1957 5020 2072 5091 ipse

487 5111 554 5167 ad
604 5124 690 5164 me
732 5109 964 5162 accurrit
1002 5124 1016 5160 :
1059 5109 1139 5161 sic
1183 5124 1280 5177 ego
1325 5120 1452 5163 tunc
1489 5108 1554 5163 ad
1601 5109 1749 5163 illum
1794 5125 2069 5166 accurram

490 5200 658 5258 multo
687 5198 876 5267 magis,
904 5212 1061 5264 quam
1096 5212 1254 5250 IlllttC.
1285 5196 1496 5252 Etenim
1523 5199 1614 5269 qui
1641 5199 1692 5254 in
1726 5199 1960 5258 tenebris
1988 5217 2074 5258 sc-

489 5295 580 5348 det
601 5333 616 5356 ,
644 5290 818 5347 donec
845 5286 1038 5341 viderit
1070 5285 1259 5348 solem.
1291 5301 1397 5340 non
1426 5287 1541 5356 ipse
1576 5291 1807 5345 accurrit
1847 5292 1915 5348 ad
1959 5294 2074 5363 pul—

493 5381 854 5440 chritudinem
883 5378 1039 5447 radii,
1070 5376 1163 5433 sed
1194 5376 1281 5432 illa
1310 5377 1539 5448 seipsam
1566 5381 1833 5448 ostendit,
1861 5385 2075 5454 quando

489 5475 766 5531 illuxerit:
814 5487 936 5528 cum
973 5481 1152 5526 autem
1196 5470 1312 5540 ejus
1361 5469 1705 5541 splendorem
1743 5475 2071 5545 susceperit,

494 5577 622 5622 tunc
657 5575 710 5621 et
752 5566 868 5634 ipse
910 5563 1127 5619 demum
1181 5563 1353 5618 lucem
1397 5565 1752 5634 persequitur.
1795 5563 1910 5621 lloe
1946 5579 2076 5636 ergo

493 5659 596 5713 sibi
635 5658 747 5712 vult
789 5656 939 5718 illud,
969 5657 1115 5711 Sicut
1141 5667 1190 5710 et
1223 5657 1450 5726 cognitus
1480 5672 1592 5710 sum
1618 5671 1638 5711 :
1683 5673 1790 5712 non
1835 5657 1960 5728 quia
2005 5659 2074 5713 ita

491 5747 641 5805 illum
668 5745 932 5816 cognituri
958 5759 1165 5813 smnus,
1193 5747 1332 5801 sicut
1360 5746 1472 5816 ipse
1499 5761 1599 5802 nos
1641 5745 1944 5818 cognoscit;
1980 5750 2074 5809 sed

1255 307 1312 363 S.
1345 307 1624 396 JQANNIS
1659 308 2135 368 CHRYSOSTOMI
2166 310 2478 367 ARCHIEP.
2519 308 3051 367 CONSTANTINOP.

3644 312 3745 372 238

2161 425 2282 495 quia
2313 426 2451 480 sicut
2483 425 2571 480 ille
2607 424 2673 479 ad
2718 439 2815 480 nos
2853 441 2995 481 nunc
3031 431 3264 482 accurrit
3289 469 3302 490 .
3353 429 3422 483 ita
3457 439 3510 484 et
3541 446 3638 486 nos
3671 439 3747 487 sic

2163 528 2288 572 tunc
2313 518 2484 586 ipsum
2518 518 2894 588 insequemur,
2923 528 2978 573 et
3004 519 3168 574 multa
3196 561 3211 584 ,
3239 535 3360 591 qua:
3387 539 3529 578 nunc
3552 540 3746 580 arcana

2160 617 2304 671 sunt,
2331 610 2599 675 sciemus,
2640 621 2695 665 et
2723 611 3030 666 beatissima
3062 612 3151 666 illa
3179 612 3420 669 fruemur
3458 627 3750 673 consuetu-

2161 698 2286 754 dine
2323 710 2380 755 et
2422 700 2705 768 sapientia.
2755 702 2812 758 Si
2861 704 3006 758 enim
3047 707 3137 772 qui
3185 715 3292 759 tam
3336 708 3504 762 multa
3545 709 3748 766 sciebat

2163 791 2359 847 Paulus
2386 794 2640 861 parvulus
2664 804 2812 859 erat,
2839 795 3011 864 cogita
3041 806 3235 867 quanta
3266 799 3354 854 illa
3383 801 3492 856 sint
3520 819 3534 857 :
3562 804 3606 856 si
3633 804 3751 860 inec

2159 893 2285 938 sum
2308 885 2582 954 speculum
2609 894 2663 940 et
2688 887 2937 956 :enigma,
2957 888 3044 943 hic
3065 888 3196 942 mihi
3221 891 3531 948 consideres
3550 905 3747 964 quanti

2160 975 2228 1029 sit
2256 975 2441 1032 facies.
2472 976 2545 1032 Ut
2582 987 2761 1032 autem
2801 979 2893 1032 tibi
2923 994 3144 1048 parvum
3187 982 3458 1051 quidpiam
3501 989 3739 1054 aperiam

2161 1069 2301 1123 circa
2331 1068 2689 1125 dill'erentiam
2719 1071 2877 1136 hanc,
2905 1083 2956 1126 et
2990 1072 3194 1128 radium
3222 1077 3524 1144 quempiam
3552 1078 3748 1133 obscu-

2161 1175 2278 1213 rum
2306 1159 2464 1230 hujus
2486 1161 2808 1230 cognitionis
2832 1163 2883 1217 in
2905 1167 3136 1218 animam
3164 1175 3306 1220 tuam
3331 1167 3636 1236 immittam,
3665 1187 3750 1227 re-

2159 1252 2383 1306 cordare
2423 1268 2609 1307 eorum
2653 1269 2774 1324 qua:
2818 1255 2869 1308 in
2907 1255 3023 1326 lege
3057 1266 3213 1320 sunt,
3253 1273 3392 1313 noue
3424 1275 3546 1314 cum
3583 1265 3746 1332 gratia

2159 1341 2376 1396 effulsit.
2417 1342 2628 1396 Etenim
2659 1343 2745 1398 illa
2774 1353 2898 1400 ante
2923 1347 3148 1417 gratiam
3192 1363 3380 1418 magna
3408 1351 3652 1421 quzedam
3697 1363 3752 1408 ct

2160 1433 2422 1488 mirabilia
2451 1435 2766 1490 videbantur
2801 1451 2957 1504 esse;
3001 1447 3238 1494 attamen
3277 1440 3402 1495 audi
3439 1440 3566 1512 quid
3607 1443 3752 1499 dicat

2159 1525 2226 1581 de
2256 1526 2359 1580 illis
2389 1535 2509 1595 post
2541 1529 2766 1596 gratiam
2812 1529 3009 1584 Paulus
3038 1550 3051 1586 :
3100 1531 3223 1586 Non
3271 1535 3614 1604 gloriﬁcatur»
3653 1540 3750 1607 fuit

2158 1618 2292 1687 quod
2317 1618 2504 1672 claruit
2533 1620 2585 1673 in
2614 1621 2711 1674 hac
2734 1632 2897 1690 parte,
2929 1633 3137 1694 propter
3161 1627 3613 1694 supereminentem
3635 1630 3750 1700 glo-

2157 1709 2288 1762 riam
2315 1709 2389 1779 (2.
2418 1709 2538 1764 Cor.
2565 1711 2620 1766 3.
2651 1711 2766 1781 l0).
2798 1711 2866 1768 Ut
2884 1724 3062 1768 autem
3089 1716 3230 1785 quod
3257 1715 3380 1772 dico
3402 1717 3600 1773 clarius
3626 1735 3750 1775 eva—

2158 1800 2268 1867 dat,
2286 1801 2338 1856 in
2358 1817 2517 1856 unam
2533 1803 2769 1873 aliquam
2788 1820 2923 1871 rem,
2935 1821 3058 1875 qua:
3073 1814 3200 1861 tunc
3216 1807 3440 1878 mystice
3457 1810 3750 1879 perageba-

2161 1903 2266 1962 tur,
2282 1909 2589 1951 sermonem
2620 1897 3024 1963 transferamus,
3053 1908 3106 1952 ct
3133 1909 3260 1956 tunc
3276 1900 3480 1956 videbis
3495 1910 3750 1972 quantum

2159 1985 2230 2040 sit
2254 1986 2590 2041 intervallum
2619 2005 2634 2042 :
2674 1996 2730 2042 et
2753 1989 2796 2043 si
2823 1989 2905 2044 vis
2925 2030 2940 2054 ,
2984 1989 3186 2045 Pascha
3216 1991 3266 2045 in
3295 1991 3526 2047 medium
3553 1991 3750 2048 affera-

2160 2092 2279 2131 mus
2307 2086 2361 2132 et
2399 2086 2552 2132 vetus
2584 2087 2638 2134 et
2677 2093 2873 2135 novum
2895 2122 2908 2143 ,
2939 2091 2992 2134 et
3019 2091 3144 2136 tunc
3173 2083 3312 2138 scies
3343 2084 3746 2140 excellentiam.

2161 2167 2292 2223 illud
2332 2169 2476 2224 enim
2519 2170 2865 2226 celebrabant
2903 2173 3063 2227 etiam
3094 2173 3286 2238 Judaei,
3321 2173 3428 2230 hoc
3455 2186 3632 2230 autem
3658 2191 3750 2245 pa-

2159 2273 2248 2318 cto
2270 2261 2654 2328 celebrabant,
2685 2272 2742 2318 ut
2781 2265 2832 2318 in
2873 2268 3092 2336 speculo
3132 2268 3265 2322 etin
3306 2268 3590 2338 aenigmate
3617 2285 3630 2320 :
3658 2285 3750 2323 ar-

2160 2369 2290 2407 cana
2322 2363 2501 2409 autem
2535 2354 2650 2410 ha‘c
2678 2355 2930 2426 mysteria
2963 2371 3030 2412 ne
3059 2359 3112 2411 in
3138 2368 3372 2413 mentem
3400 2358 3616 2429 quidem
3644 2361 3752 2414 illis

2163 2460 2395 2516 unquam
2423 2454 2702 2512 venerant,
2723 2461 2898 2516 neque
2924 2447 3164 2504 sciebant
3188 2463 3433 2518 quamam
3460 2462 3641 2505 essent
3661 2465 3749 2515 ea,

2161 2552 2283 2606 qua:
2311 2537 2399 2591 illa
2429 2538 2888 2606 praenuntiabant;
2919 2538 3012 2593 sed
3043 2554 3198 2594 ovem
3229 2539 3482 2596 videbant
3506 2543 3749 2607 mactari,

2162 2637 2214 2680 et
2241 2630 2551 2699 sanguinem
2580 2629 2810 2693 bruti,et
2839 2638 3020 2698 portas
3048 2630 3140 2684 illo
3161 2641 3382 2695 unctas;
3407 2629 3548 2701 quod
3571 2645 3750 2686 autem

2162 2718 2331 2775 Filius
2359 2721 2450 2775 Dei
2481 2723 2792 2776 incarnatus
2817 2722 3132 2778 mactandos
3157 2734 3300 2779 esset
3323 2734 3380 2779 et
3405 2723 3593 2780 orbem
3620 2724 3752 2779 libe-

2163 2823 2379 2868 raturus
2423 2821 2634 2877 totum,
2685 2813 3018 2884 daturusque
3063 2824 3119 2869 et
3156 2814 3362 2870 Grazcis
3399 2823 3456 2869 et
3512 2814 3753 2870 barbaris

2163 2904 2477 2973 sanguinem
2524 2903 2666 2959 hunc
2725 2904 3118 2974 degustandum
3149 2949 3163 2973 ,
3221 2907 3412 2961 caelum
3471 2915 3756 2977 aperturus

2163 2996 2434 3060 omnibus,
2467 3005 2522 3050 et
2565 3012 2686 3066 qua:
2730 2997 2836 3052 illic
2877 3007 3005 3053 sunt
3053 2999 3285 3054 lmmano
3323 2999 3504 3070 generi
3547 2999 3757 3054 oblatu-

2165 3103 2254 3143 rus
2281 3104 2295 3154 ;
2329 3097 2384 3142 et
2415 3102 2634 3143 carnem
2673 3088 2818 3143 illam
2845 3091 3105 3161 sanguine
3129 3099 3465 3146 cruentatam
3495 3091 3758 3147 deductu—

2165 3195 2256 3234 rus
2285 3194 2443 3248 supra
2489 3181 2681 3235 cazlum
2727 3189 2784 3236 et
2821 3183 3012 3237 caelum
3040 3183 3183 3250 cteli,
3216 3191 3271 3239 et
3301 3199 3488 3238 omnes
3533 3185 3758 3239 omnino

2163 3285 2428 3342 supernos
2485 3271 2837 3342 angelorum,
2913 3273 3361 3343 archangelorum
3421 3275 3758 3345 aliarumque

2164 3363 2418 3418 virtutum
2439 3365 2726 3429 exercitus,
2744 3374 2800 3419 et
2822 3365 2872 3418 in
2889 3365 3004 3435 ipso
3023 3365 3218 3420 throno
3239 3367 3386 3436 regio
3400 3366 3464 3421 ad
3477 3365 3754 3423 dexteram

2165 3454 2340 3509 Patris
2364 3469 2635 3510 sessuram
2664 3455 3044 3519 collocaturus,
3077 3456 3243 3527 gloria
3271 3456 3523 3512 ineffabili
3551 3456 3760 3528 fulgen-

2168 3555 2273 3602 tem
2300 3564 2314 3601 :
2347 3547 2462 3602 hare
2489 3557 2636 3602 certe
2669 3563 2842 3617 neque
2873 3549 3108 3615 illorum,
3141 3564 3316 3620 neque
3340 3551 3563 3604 aliorum
3590 3549 3758 3605 homi-

2167 3654 2295 3693 num
2327 3638 2592 3708 quiSpiam
2621 3639 2704 3693 vel
2749 3639 3015 3709 praescivit
3037 3682 3051 3702 .
3083 3640 3164 3694 vel
3214 3639 3267 3694 in
3299 3648 3532 3694 mentem
3564 3655 3758 3697 vocare

2169 3730 2358 3799 potuit.
2389 3729 2493 3785 Sed
2524 3729 2648 3799 quid
2680 3729 2864 3784 dicunt
2895 3731 2929 3785 ii
2958 3731 3047 3800 qni
3086 3732 3266 3786 onmia
3305 3732 3540 3787 audent?
3577 3731 3714 3788 Illud
3735 3772 3752 3798 ,

2171 3819 2329 3876 Nunc
2359 3838 2604 3893 cognosco
2629 3839 2693 3877 ea:
2720 3833 2886 3892 parte,
2925 3823 2992 3878 de
3018 3823 3508 3894 dispensationibus
3553 3824 3754 3880 dictum

2167 3928 2324 3980 esse;
2377 3913 2549 3984 ipsum
2602 3915 2746 3968 enim
2792 3912 3080 3983 perfectam
3129 3916 3196 3969 de
3245 3915 3356 3970 Deo
3397 3915 3754 3986 cognitionem

2169 4003 2442 4060 habuisse.
2489 4005 2555 4059 Et
2589 4005 2859 4074 quomodo
2887 4022 2950 4062 se
2979 4004 3238 4060 infantem
3267 4007 3462 4062 vocat?
3489 4007 3758 4078 quomodo

2167 4111 2266 4167 per
2289 4097 2567 4167 speculum
2595 4095 2779 4152 videt?
2809 4096 3078 4167 quomodo
3107 4099 3160 4152 in
3190 4100 3488 4169 :enigmate,
3519 4101 3564 4155 si
3592 4109 3755 4155 totam

2169 4187 2333 4244 habet
2379 4190 2698 4245 scientiam?
2744 4205 2842 4244 cur
2890 4190 3019 4246 illud
3066 4191 3216 4262 quasi
3267 4191 3524 4246 eximium
3574 4192 3758 4247 tribuit

2169 4281 2412 4353 Spiritui,
2444 4292 2498 4338 et
2528 4283 2659 4338 nulli
2689 4283 2776 4336 alii
2813 4293 3010 4339 creata:
3041 4286 3330 4354 potestati,
3360 4284 3588 4340 dicens:
3633 4285 3758 4351 Quis

2170 4377 2304 4431 enim
2340 4377 2476 4430 nouit
2513 4392 2626 4446 qua:
2665 4385 2784 4430 sunt
2823 4376 3080 4440 hominis,
3113 4378 3210 4432 uisi
3253 4379 3462 4445 spiritus
3500 4377 3755 4441 hominis.

2171 4469 2256 4538 qui
2281 4475 2356 4520 cst
2381 4467 2431 4522 in
2463 4467 2617 4535 ipso?
2647 4466 2736 4522 Sic
2766 4476 2812 4520 et
2841 4482 2957 4538 qua
2999 4466 3094 4523 Dei
3133 4479 3249 4522 sunt
3279 4485 3423 4524 nemo
3459 4470 3594 4523 norit
3613 4509 3628 4534 ,
3661 4467 3760 4522 nisi

2173 4559 2401 4630 Spiritus
2427 4557 2522 4611 Dei
2550 4559 2627 4627 (l.
2674 4556 2795 4614 Cor.
2836 4559 2894 4614 2.
2925 4558 3036 4630 ll).
3071 4560 3139 4616 Et
3161 4560 3410 4618 Christus
3433 4576 3647 4617 rursum
3677 4563 3759 4617 sui

2171 4649 2339 4704 solius
2374 4648 2476 4702 hoc
2504 4662 2626 4703 esse
2652 4647 2787 4704 dicit
2815 4649 2884 4704 ita
2917 4649 3183 4721 loquens:
3218 4649 3342 4707 Non
3375 4652 3512 4722 quod
3551 4651 3762 4708 Patrem

2172 4739 2298 4794 uidit
2333 4739 2638 4809 quisquam,
2667 4740 2767 4794 nisi
2794 4741 2878 4812 qui
2918 4751 2991 4796 est
3035 4758 3069 4796 ιι
3105 4742 3248 4810 Deo,
3279 4745 3360 4798 llic
3388 4745 3511 4798 sidit
3553 4744 3763 4799 Patrem

2175 4831 2357 4904 (Joau.
2388 4833 2443 4889 6.
2475 4833 2609 4904 l6);
2643 4834 2904 4891 visionem
2932 4834 3121 4891 dicens
3149 4838 3501 4894 clarissimam
3539 4847 3596 4894 et
3636 4855 3762 4910 per-

2176 4926 2519 4981 lectissimum
2573 4925 2956 4996 cognitionem.
3020 4928 3302 4994 Quomodo
3355 4939 3536 4986 autem
3580 4931 3627 4986 is
3669 4932 3761 5002 qui

2177 5018 2527 5073 substantiam
2551 5018 2720 5082 novit,
2741 5019 3074 5074 teconomias
3091 5029 3145 5074 et
3165 5019 3589 5090 dispensationes
3617 5024 3768 5092 igno-

2178 5111 2350 5165 rabit?
2398 5110 2490 5164 llla
2521 5110 2664 5164 enim
2711 5110 2947 5180 cognitio
2977 5111 3076 5167 hac.
3117 5112 3287 5182 major
3315 5122 3420 5168 est.
3456 5113 3766 5185 lgnoranms

2179 5217 2330 5273 ergo,
2356 5201 2550 5272 inquit,
2577 5203 2780 5257 Dcmn?
2811 5203 2965 5258 Absit
2991 5223 3004 5260 :
3030 5203 3131 5258 sed
3158 5205 3300 5274 quod
3329 5205 3544 5276 quidem
3574 5207 3645 5260 sit
3671 5221 3770 5260 no-

2180 5297 2390 5360 vimus;
2423 5295 2549 5366 quid
2582 5305 2760 5351 autem
2786 5295 3087 5352 substantia
3117 5298 3218 5363 sit,
3251 5314 3358 5353 non
3402 5299 3550 5353 item.
3602 5299 3674 5354 Et
3710 5310 3770 5354 ut

2181 5389 2320 5442 scias
2366 5385 2508 5456 quod
2560 5404 2666 5442 non
2717 5388 2786 5442 de
2837 5388 3327 5458 dispensationibus
3371 5389 3566 5444 dixerit
3612 5390 3766 5456 illud,

2185 5476 2341 5531 Nunc
2373 5493 2621 5550 cognosco
2667 5495 2731 5533 ea:
2767 5490 2942 5550 parte,
2974 5480 3101 5536 audi
3140 5482 3416 5551 sequentia
3443 5500 3457 5536 :
3491 5482 3772 5552 subiunxit

2182 5585 2332 5640 ergo,
2367 5567 2508 5624 Tunc
2549 5581 2716 5625 autem
2751 5588 3052 5643 cognoscam
3095 5574 3225 5627 sicut
3269 5585 3318 5628 et
3362 5576 3592 5646 cognitus
3630 5592 3768 5631 sunt.

2185 5662 2298 5717 Non
2327 5673 2504 5716 autem
2531 5679 2560 5718 a
2585 5665 3076 5736 dispensationibus
3094 5676 3150 5723 et
3175 5669 3494 5724 teconomiis
3521 5670 3770 5740 cognitus

2187 5761 2268 5810 est
2293 5793 2308 5821 ,
2355 5754 2447 5811 scd
2477 5771 2506 5810 a
2539 5756 2668 5812 Deo.
2703 5757 2871 5813 Nemo
2899 5757 3058 5830 igitur
3086 5758 3168 5816 vel
3198 5775 3415 5830 parvam
3447 5762 3531 5818 vel
3558 5760 3765 5834 sitnpli-
