4094 6222
328 339 446 395 287

314 457 460 509 κατά
497 452 783 523 σύγκρισιν
818 450 1010 522 ἐτέραν
1050 449 1290 520 ἐπαίρων
1337 452 1516 521 αὐτῆς
1545 451 1607 503 τὸ
1646 448 1886 519 ἀξίωμα,

312 539 413 592 καὶ
466 534 640 603 λέγων
691 532 899 597 οὕτως·
941 532 1079 587 Εἴτε
1107 532 1177 585 δὲ
1206 532 1556 602 προφητεῖαι
1597 546 1892 599 καταργη-

312 618 631 687 θήσονται,
666 616 789 671 εἴτε
835 614 1111 685 γλῶσσαι
1149 616 1502 669 παύσονται.
1550 616 1614 668 Εἰ
1642 614 1751 684 7&9
1786 614 1895 683 ἀμ-

314 703 521 772 φότερα
569 699 743 754 ταῦτα
804 701 904 769 τῆς
961 698 1195 762 πίστεως
1260 697 1445 752 ἐνεκεν
1499 697 1895 768 εἰσενήνεκται,

312 785 523 856 ταύτης
574 781 849 854 πανταχοῦ
893 782 1309 853 διασπαρείσης,
1365 781 1594 853 περιττὴ
1631 778 1834 833 τούτων
1862 779 1896 849 ή

316 869 477 941 χρεία
518 867 725 920 λοιπόν.
787 864 925 918 Ἀλλ’
952 866 1012 918 ού
1060 864 1120 919 τὸ
1152 864 1373 935 ἀγαπᾷν
1400 862 1662 932 ἀλλήλους
1694 860 1902 931 παυθή-

320 970 498 1018 σεται,
520 950 658 1005 ἀλλὰ
698 949 792 1002 καὶ
822 947 1074 1002 ἐπιδώσει
1106 947 1390 1018 μειζόνως,
1427 948 1522 1001 καὶ
1549 944 1782 1001 ἐνταῦθα
1806 944 1901 997 καὶ

317 1035 462 1091 κατά
491 1034 553 1086 τὸ
605 1032 817 1105 μέλλον,
865 1031 960 1085 καὶ
989 1030 1110 1084 τότε
1155 1029 1354 1100 μᾶλλον
1391 1031 1424 1102 ἢ
1478 1028 1595 1083 νῦν.
1639 1026 1902 1082 Ἐνταῦθα

322 1120 423 1189 μὲν
456 1116 566 1188 γὰρ
599 1113 771 1169 πολλὰ
793 1114 862 1167 τὰ
892 1111 1198 1185 χαυνοῦντα
1221 1112 1319 1183 τὴν
1349 1112 1594 1183 ἀγάπην,
1620 1111 1724 1183 χρή
1735 1125 1898 1181 ματα,

320 1200 644 1273 πράγματα,
676 1196 827 1267 πάθη
879 1195 1173 1264 σωμάτων,
1214 1196 1496 1265 νοσήματα
1538 1192 1714 1264 ψυχῆς
1742 1208 1757 1222 ·
1787 1192 1903 1245 ἐκεῖ

316 1285 375 1337 δὲ
422 1281 574 1336 οὐδὲν
612 1278 839 1334 τούτων.
897 1276 1059 1331 Ἀλλά
1109 1276 1171 1329 τὸ
1226 1276 1326 1346 μέν
1368 1276 1706 1347 προφητείας
1764 1291 1901 1329 κατ-

319 1363 609 1438 αργεῖσθαι
666 1363 762 1416 καὶ
808 1359 1081 1430 γλώσσας,
1157 1360 1466 1430 θαυμαστὸν
1507 1359 1661 1413 οὐδέν
1686 1373 1702 1389 ·
1741 1357 1803 1411 τὸ
1842 1356 1900 1411 δὲ

318 1450 521 1518 γνῶσιν
562 1445 978 1517 καταργεῖσθαι,
1037 1442 1197 1496 τοῦτό
1237 1445 1352 1497 ἐστι
1402 1442 1464 1496 τὸ
1512 1441 1611 1515 τὴν
1668 1440 1902 1513 ἀπορίαν

319 1532 538 1587 ποιοῦν·
568 1532 665 1584 κα).
695 1529 804 1599 7&9
832 1527 927 1581 καί¹
970 1524 1129 1579 τοῦτο
1157 1525 1497 1597 προσέθηκεν
1529 1523 1718 1589 εἰπὼν,
1766 1523 1904 1579 Εἴτε

321 1614 548 1686 γνῶσις
574 1609 1118 1682 καταργηθήσεται.
1147 1607 1212 1660 Τί
1241 1603 1334 1661 οὖν
1360 1624 1375 1674 ;
1409 1608 1467 1660 ἐν
1494 1606 1739 1678 ἀγνωσία
1774 1605 1903 1675 μέλ-

321 1699 488 1770 λομεν
511 1697 610 1768 ζῇν
634 1694 755 1748 τότε
775 1709 790 1759 ;
823 1693 1040 1759 ΙἌπαγε
1059 1707 1073 1721 ·
1104 1688 1201 1744 κα)⁸
1226 1688 1335 1761 7&9
1356 1688 1477 1742 τότε
1500 1689 1735 1759 μάλιστα
1751 1686 1903 1760 [5H]

322 1779 646 1849 ἐπιταθῆναι
702 1774 850 1838 εἰκὸς
896 1772 996 1844 τὴν
1039 1771 1264 1842 γνῶσιν.
1303 1771 1394 1824 Διὸ
1420 1772 1514 1826 καὶ
1557 1771 1733 1840 ἔλεγε,
1768 1770 1907 1824 Τότε

320 1860 725 1932 ἐπιγνώσομαι
745 1895 761 1920 ,
826 1855 1021 1922 καθὼς
1070 1855 1170 1908 καὶ
1218 1852 1629 1922 ἐπεγνώσθην.
1688 1852 1789 1907 Διά
1821 1868 1905 1906 τοι

322 1943 502 2008 τοῦτο,
524 1945 610 1996 ῖνα
638 1940 713 2013 μὴ
731 1939 933 2010 ὁμοίως
953 1940 1019 2008 τῇ
1050 1936 1358 2009 προφητείᾳ
1379 1937 1474 1989 καὶ
1493 1938 1614 1999 ταῖς
1632 1933 1907 2004 γλώσσαις

324 2026 423 2080 καὶ
444 2024 648 2095 ταύτην
675 2012 1071 2093 καταργεῖσθαι
1099 2018 1350 2089 νομίσῃς.
1376 2016 1583 2080 Εἰπὼν,
1611 2016 1730 2070 εἶτε
1754 2012 1906 2086 γνῶ·

323 2126 428 2175 σις
469 2104 1012 2175 καταργηθήσεται,
1052 2101 1151 2155 οὐκ
1191 2101 1466 2173 ἐσίγησεν,
1507 2099 1621 2153 ἀλλ’
1657 2099 1905 2170 ἐπήγαγε

323 2194 423 2247 καὶ
444 2192 538 2244 τὸν
563 2190 762 2262 τρόπον
800 2188 901 2258 τῆς
943 2186 1360 2258 καταργήσεως,
1394 2183 1607 2255 ταχέως
1648 2182 1906 2253 προσθεὶς

319 2278 409 2342 τὸ,
462 2276 567 2330 Ἐκ
592 2272 812 2343 μέρους
846 2268 1239 2339 γινώσκομεν,
1282 2267 1382 2322 καί
1415 2267 1485 2321 ἐκ
1516 2266 1740 2336 μέρους
1766 2279 1908 2337 προ-

321 2359 686 2430 φητεύομεν.
713 2354 893 2407 Ὅταν
915 2351 984 2405 δὲ
1021 2352 1172 2420 ἔλθῃ
1204 2350 1271 2405 τὸ
1300 2348 1556 2416 τέλειον,
1583 2349 1717 2402 τότε
1751 2347 1820 2400 τὸ
1839 2347 1907 2401 ἐκ

319 2440 546 2512 μέρους
573 2436 1108 2506 καταργηθήσεται.
1140 2434 1255 2487 Οὐκ
1275 2431 1385 2503 ἀρα
1407 2434 1441 2503 ή
1470 2430 1671 2500 γνῶσις
1701 2446 1907 2500 καταρ-

324 2527 531 2595 γεῖται,
574 2521 711 2577 ἀλλά
741 2521 803 2573 τὸ
853 2518 1053 2591 μερικὴ
1105 2512 1244 2570 εἶναι
1280 2514 1518 2584 γνῶσις·
1569 2513 1755 2595 ούκέτι
1798 2512 1907 2584 7&9

323 2594 563 2662 τοσαῦτα
596 2602 855 2675 εἰσόμεθα
909 2600 1087 2671 μόνον,
1135 2598 1272 2653 ἀλλά
1310 2599 1406 2652 καὶ
1439 2596 1618 2667 πολλῷ
1664 2594 1904 2648 πλείονα.

327 2690 449 2744 Ἵνα
477 2688 538 2741 δὲ
565 2688 660 2741 καὶ
689 2686 782 2739 ἐπὶ
820 2683 1221 2754 ύποδείγματος
1251 2681 1383 2736 αὐτὸ
1418 2680 1633 2750 ποιήσω
1654 2678 1904 2750 φανερὸν,

326 2770 426 2825 νῦν
466 2771 625 2840 ἴσμεν
667 2769 750 2820 ὅτι
804 2763 1080 2836 πανταχοῦ
1135 2767 1285 2817 ἐστιν
1311 2764 1341 2814 ό
1386 2762 1543 2825 Θεὺς,
1584 2759 1720 2814 ἀλλὰ
1768 2759 1906 2823 πῶς,

327 2854 431 2908 οὐκ
456 2853 635 2922 ἴσμεν.
668 2852 789 2904 Ὅτι
814 2849 874 2914 ἐξ
895 2849 994 2902 οὐκ
1028 2847 1198 2901 ὄντων
1234 2847 1308 2899 τά
1343 2845 1474 2899 δντα
1513 2844 1793 2914 ἐποίησεν,
1829 2844 1909 2897 τσ-

332 2953 434 3006 μεν
473 2952 490 2968 ·
526 2936 617 2989 τὸν
649 2935 705 2987 δὲ
751 2935 953 3005 τρόπον
1003 2929 1305 3002 ἀγνοοῦμεν
1340 2945 1354 2958 ·
1407 2931 1490 2983 ὅτι
1520 2931 1586 2983 ἐκ
1630 2927 1907 3001 Παρθένου

327 3020 546 3091 ἐτέχθη,
576 3018 691 3082 πῶς
718 3018 794 3084 δὲ,
827 3016 1034 3070 οὐκέτι.
1077 3014 1209 3068 Τότε
1241 3013 1299 3068 δὲ
1351 3010 1614 3082 εἰσόμεθά
1664 3028 1717 3064 τι
1746 3010 1910 3065 πλέον

329 3106 428 3160 καὶ
462 3104 795 3175 σαφέστερον
829 3102 957 3170 περὶ
977 3099 1201 3155 τούτων.
1249 3095 1384 3153 Εἶτα
1427 3092 1669 3151 δείκνυσι
1710 3096 1911 3150 καὶ-τὸ

333 3190 499 3260 μέσον
532 3189 676 3253 ὅσον,
705 3188 799 3239 καὶ
820 3186 900 3239 ὃτι
925 3185 987 3238 οὐ
1021 3183 1215 3255 μικρὸν
1245 3181 1305 3235 τὸ
1329 3181 1670 3251 λειπόμενον,
1697 3179 1873 3249 λέγων
1891 3197 1906 3212 ·

332 3274 476 3327 Ὅτε
512 3269 674 3340 ἤμην
714 3267 955 3337 νήπιος,
985 3267 1065 3329 ὡς
1096 3265 1314 3329 νήπιος
1355 3263 1642 3325 ἐλάλουν,
1691 3262 1772 3329 ὡς
1808 3263 1915 3332 νή-

329 3372 467 3423 πιος
511 3354 828 3423 ἐφρόνουν,
870 3351 952 3415 ὼς
1009 3347 1225 3415 νήπιος
1262 3345 1613 3417 ἐλογιζόμην
1638 3357 1655 3374 ’
1700 3345 1800 3399 ὅτε
1843 3344 1912 3398 δὲ

331 3438 550 3509 γέγονα
581 3434 759 3501 ἀνὴρ,
822 3431 895 3486 τὰ
944 3431 1051 3485 τοῦ
1105 3429 1329 3497 νηπίου
1382 3427 1748 3497 κατήργηκα.
1801 3426 1913 3509 καὶ

329 3521 402 3574 δι’
431 3517 617 3590 ἐτέρου
649 3516 707 3569 δὲ
744 3513 1181 3585 παραδείγματος
1201 3511 1262 3564 τὸ
1288 3510 1419 3565 αὐτὸ
1447 3510 1610 3564 πάλιν
1642 3509 1794 3583 δηλοῖ
1825 3508 1913 3563 λέ-

330 3617 482 3672 γωνο
517 3597 836 3668 Βλέπομεν
862 3596 975 3666 γὰρ
1004 3594 1133 3663 ἄρτι
1163 3593 1238 3647 δι’
1275 3591 1596 3663 ἐσόπτρου.

410 3754 477 3826 β’.
497 3748 628 3809 Εἶτα
656 3750 846 3822 ἐπειδὴ
866 3749 928 3803 τὸ
954 3748 1214 3818 ἔσοπτρον
1234 3746 1527 3820 παρίστησι
1548 3746 1608 3800 τὸ
1637 3745 1912 3818 ὁρώμενον

327 3836 718 3908 ὁπωσδήποτε,
751 3833 1051 3905 ἐπήγαγεν,
1097 3832 1192 3885 Ἐν
1220 3831 1519 3899 αἰνίγματι
1539 3870 1554 3894 ,
1603 3828 1721 3898 μεθ’
1745 3830 1914 3901 ὑπερ-

330 3920 502 3993 ϐολῆς
541 3917 759 3981 δεικνὺς
800 3914 1182 3988 μερικωτάτην
1221 3913 1319 3985 τὴν
1365 3912 1647 3983 παροῦσαν
1687 3911 1908 3980 γνῶσιν.

336 4006 481 4060 Τότε
498 4003 567 4058 δὲ
587 4001 914 4071 πρόσωπον
958 3999 1108 4068 πρὸς
1147 3997 1495 4064 πρόσωπον·
1516 3996 1615 4066 οὐχ
1641 3995 1718 4059 ὡς
1743 3996 1913 4068 πρόσ-

329 4103 490 4142 ωπον
506 4085 722 4155 εχοντος
734 4082 831 4137 τοῦ
858 4081 1018 4144 Θεοῦ,
1046 4080 1161 4134 ἀλλ’
1186 4079 1272 4133 ῐνα
1300 4079 1432 4151 εῐπῃ
1460 4078 1794 4149 σαφέστερον
1820 4078 1915 4131 καὶ

328 4166 687 4241 τρανότερον.
722 4166 882 4238 Ὁρᾷς
908 4163 1030 4218 κατ’
1050 4162 1292 4217 ἐπίδοσιν
1308 4162 1485 4214 πάντα
1509 4159 1911 4231 μανθάνοντας;

332 4256 506 4321 Ἄρτι
546 4247 814 4320 γινώσκω
853 4248 922 4301 ἐκ
948 4245 1192 4317 μέρους,
1237 4244 1371 4298 τότε
1400 4242 1471 4297 δὲ
1512 4243 1914 4313 ἐπιγνώσομαι

330 4335 537 4401 καθὼς
550 4331 651 4387 καί
669 4330 1074 4402 ἐπεγνώσθην.
1097 4325 1247 4392 Εῐδες
1272 4326 1389 4390 πῶς
1413 4326 1574 4398 διπλῇ
1599 4326 1662 4380 τὸ
1686 4325 1913 4397 φύσημα

329 4420 519 4476 αὐτῶν
563 4414 941 4479 κατέσπαστν;
984 4413 1066 4466 ὅτι
1119 4413 1216 4466 καὶ
1248 4409 1448 4483 μερικὴ
1478 4411 1514 4481 ή
1548 4407 1752 4479 γνῶσις
1773 4447 1790 4472 ,
1821 4408 1914 4461 καὶ

330 4504 459 4558 οὐδὲ
492 4500 700 4571 ταύτην
748 4496 962 4552 οῖκοθεν
1016 4494 1255 4565 ἔχουσιν.
1312 4494 1387 4548 Οὐ
1437 4493 1548 4564 7&9
1603 4491 1714 4560 ἐγὼ
1751 4489 1913 4571 αὐτόν

335 4588 534 4655 ἔγνων,
562 4569 680 4639 ἀλλ’
709 4579 873 4644 αύτός
917 4595 985 4651 με
1030 4576 1316 4647 ἐγνώρισε,
1351 4575 1537 4647 φησίν.
1575 4575 1786 4647 Ὠσπερ
1820 4569 1914 4628 οῦν

335 4667 503 4730 αὐτός
530 4682 601 4737 με
631 4665 774 4735 ἐγνω
801 4662 1067 4735 πρότερος
1096 4659 1214 4727 νῦν,
1241 4660 1335 4713 καὶ
1364 4658 1526 4723 αὑτός
1557 4675 1648 4728 μοι
1678 4657 1913 4730 ἐπέδρα-

342 4766 466 4821 μεν,
511 4748 684 4813 οὕτως
733 4747 845 4815 ἐγὼ
888 4743 1038 4815 αὐτῷ
1091 4741 1500 4815 ἐπιδραμοῦμαι
1551 4741 1674 4795 τότε
1734 4739 1914 4811 πολλῷ

343 4832 625 4904 μειζόνως,
653 4830 689 4901 ἢ
716 4829 835 4883 νῦν.
859 4827 965 4881 Καὶ
984 4829 1091 4900 7&9
1114 4828 1143 4880 ό
1167 4827 1225 4879 ἐν
1259 4825 1437 4896 σκότῳ
1456 4824 1784 4895 καθήμενος,
1806 4822 1912 4887 ἐως

344 4915 446 4986 μιν
472 4915 539 4970 ἀν
575 4913 650 4985 μὴ
682 4912 858 4984 βλέπῃ
885 4911 976 4965 τὸν
1000 4910 1172 4981 ἥλιον,
1203 4910 1304 4963 οὐκ
1332 4908 1492 4972 αὐτὸς
1521 4906 1802 4978 ἐπιτρέχει
1834 4905 1914 4975 τῷ

298 5024 305 5029 -
342 4998 530 5052 κάλλει
574 4997 676 5067 τῆς
710 4996 950 5058 ἀκτῖνος,
985 4992 1098 5047 ἀλλ’
1146 4992 1327 5060 ἐκείνη
1375 4990 1643 5043 δείκνυσιν
1690 4987 1909 5059 ἑαυτὴν,

343 5079 564 5134 ἐπειδὰν
596 5076 808 5149 λάμψῃ⁶
841 5076 969 5130 ὅταν
1003 5076 1059 5129 δὲ
1097 5074 1267 5144 αὐτῆς
1306 5072 1531 5144 δέξηται
1578 5071 1677 5142 τὴν
1712 5070 1910 5143 αὐγὴν,

340 5162 463 5216 τότε
495 5162 591 5216 καὶ
613 5161 778 5224 αὐτὸς
797 5159 984 5213 λοιπὸν
1014 5157 1200 5211 διώκει
1221 5157 1282 5210 τδ
1319 5155 1453 5225 φῶς.
1484 5156 1657 5210 Τοῦτο
1680 5153 1774 5209 οὖν
1795 5158 1912 5209 ἐστι

338 5245 424 5310 τὸ,
460 5242 666 5308 Καθὼς
706 5244 805 5297 καί
836 5239 1242 5311 ἐπεγνώσθην·
1291 5240 1390 5309 οὐχ
1425 5241 1507 5293 ὅτι
1549 5239 1721 5303 οὓτως
1752 5238 1915 5294 αὑτὸν

342 5326 621 5396 εἰσόμεθα.
651 5324 832 5388 καθὼς
870 5324 1030 5388 αὐτὸς
1058 5314 1229 5392 ἡμᾶς,
1260 5321 1374 5375 ἀλλ’
1406 5323 1488 5375 ὃτι
1525 5319 1715 5393 ὥσπερ
1750 5322 1915 5386 αὐτὸς

342 5412 475 5481 ἡμῖν
501 5410 775 5481 ἐπέδραμε
804 5407 921 5471 νῦν,
959 5406 1101 5460 οὕτω
1131 5406 1226 5460 καὶ
1256 5407 1416 5477 ἡμεῖς
1444 5404 1782 5474 ἀνθεξόμεθα
1813 5406 1913 5458 αὖ-

341 5493 436 5547 τοῦ
473 5494 598 5546 τότε
619 5535 633 5556 ,
664 5492 761 5545 καὶ
791 5490 961 5544 πολλὰ
992 5489 1101 5544 τῶν
1149 5488 1243 5543 νῦν
1272 5490 1599 5560 ἀπορρήτων
1632 5488 1912 5558 εἰσόμεθα,

343 5578 438 5629 καὶ
471 5575 575 5647 τῆς
605 5572 1030 5645 μακαριωτάτης
1052 5570 1266 5642 ἐκείνης
1293 5570 1673 5641 ἀπολαύσομεν
1696 5570 1915 5641 ὁμιλίας

344 5660 437 5713 καὶ
464 5657 677 5729 σοφίας.
712 5658 777 5711 Εἰ
810 5658 920 5726 7&9
950 5656 980 5708 ὁ
1006 5654 1244 5709 τοσαῦτα
1276 5653 1432 5717 εἰδὼς
1461 5654 1672 5718 Παῦλος
1699 5655 1909 5723 νήπιος,

344 5744 595 5815 ἐννόησον
632 5741 799 5813 ἡλίκα
838 5741 1039 5793 ἐκεῖνα·
1083 5739 1133 5791 εί
1171 5737 1344 5792 ταῦτα
1384 5740 1646 5810 ἔσοπτρον
1689 5738 1785 5792 καὶ
1825 5737 1911 5792 αῖ-

352 5843 533 5893 ιηγμα.
587 5823 803 5891 λογίζου
853 5839 945 5892 μοι
990 5820 1148 5877 πάλιν
1196 5821 1452 5879 ἐντεῦθεν
1503 5823 1564 5878 τὸ
1620 5822 1906 5894 πρόσωπον

1360 333 1429 390 IN
1468 332 1682 389 EPIST.
1729 332 1748 386 l
1782 328 1871 384 AD
1900 328 2060 385 εοιι.
2100 328 2330 387 HOMIL.
2368 326 2612 386 XXXIV.

3462 336 3571 390 288

1994 447 2179 518 ήλίκον
2209 447 2379 503 ἐστίν.
2428 448 2546 501 ἰνα
2577 446 2635 500 δέ
2681 463 2760 500 σοι
2799 448 2994 519 μικρόν
3024 464 3078 501 τι
3126 444 3437 518 παρανοίξω
3474 453 3574 520 τῆς

1994 530 2255 602 διαφορᾶς
2289 530 2515 602 ταύτης,
2546 530 2640 584 καὶ
2668 530 2864 585 ἀκτῖνά
2893 548 3013 584 τινα
3049 530 3297 603 ἀμυδρὰν
3326 529 3421 583 τοῦ
3449 534 3573 602 νοή⁴

2000 631 2169 685 ματος
2194 614 2379 684 ἐναφῶ
2424 632 2518 668 σου
2546 617 2612 687 τῇ
2643 614 2789 686 ψυχῇ
2820 614 3034 679 τούτου,
3069 614 3452 685 ἀναμνήσθητε
3482 632 3577 686 μοι

1994 697 2104 751 τῶν
2132 699 2190 751 ἐν
2214 696 2294 768 τῷ
2316 697 2471 768 νόμῳ
2494 697 2609 761 νῦν,
2634 698 2798 769 ήνίκα
2827 699 2860 769 ἡ
2882 699 3040 770 χάρις
3069 697 3302 768 ἔλαμψε.
3329 698 3441 752 Καὶ
3466 697 3577 770 γὰρ

1998 780 2183 834 ἐκεῖνα
2212 781 2320 852 πρὸ
2355 781 2456 851 τῆς
2496 780 2719 852 χάριτος
2753 780 2965 852 μεγάλα
2995 780 3116 834 τινὰ
3147 780 3244 835 καὶ⁹
3286 779 3577 851 θαυμαστά

1998 861 2268 931 ἐφαίνετο·
2300 862 2416 917 ἀλλ’
2444 864 2595 933 ὅμως
2624 863 2855 918 ἄκουσον
2885 862 3032 937 [512]
3059 862 3111 916 τί
3145 878 3277 934 φησι
3319 865 3447 936 περί
3475 864 3572 917 αὐ-

1997 947 2107 1001 τῶν
2134 946 2272 1017 μετά
2298 946 2396 1016 τὴν
2422 947 2585 1018 χάριν
2606 946 2635 999 ό
2655 945 2884 1010 Παῦλος.
2911 948 2992 1000 ὅτι
3022 947 3104 999 Οὐ
3125 946 3482 1012 δεδόξασται
3510 946 3576 1000 τό

1999 1029 2449 1100 δεδοξασμένον
2492 1031 2562 1084 ἐν
2611 1030 2801 1095 τούτῳ
2854 1028 2935 1095 τῷ
2984 1029 3170 1099 μέρει,
3222 1030 3429 1085 ἕνεκεν
3464 1030 3578 1099 τῆς

1999 1114 2505 1181 ὑπερϐαλλούσης
2541 1111 2749 1181 δόξης.
2786 1113 2905 1167 Ἵνα
2941 1112 3000 1166 δέ
3041 1114 3136 1168 καὶ⁵
3180 1113 3512 1184 σαφέστερον
3547 1112 3578 1166 δ

1999 1195 2145 1265 λέγω
2187 1197 2447 1269 γένηται,
2480 1196 2565 1266 ἐφ’
2602 1196 2720 1261 ἑνός
2751 1213 2894 1260 τινος
2931 1196 3043 1249 τῶν
3073 1196 3197 1250 τότε
3237 1196 3577 1266 τελουμένων

1999 1279 2092 1333 τὸν
2128 1278 2286 1349 λόγον
2334 1279 2822 1351 μεταχειρίσωμεν,
2861 1280 2956 1334 καὶ
2998 1279 3122 1333 τότε
3158 1278 3278 1349 δψει
3313 1280 3375 1333 τὸ
3413 1281 3578 1350 μέσον

2000 1363 2143 1417 ὅσον·
2180 1364 2294 1428 καὶ,
2326 1364 2375 1415 εἰ
2408 1362 2606 1432 βούλει,
2643 1362 2706 1415 τὸ
2738 1363 2933 1432 Πάσχα
2969 1364 3050 1423 εἰς
3093 1361 3255 1433 μέσον
3281 1361 3578 1431 ἀγάγωμεν

2002 1446 2177 1499 ἐκεῖνο
2211 1446 2307 1499 καὶ
2334 1446 2511 1512 τοῦτο,
2540 1445 2635 1500 καὶ
2670 1444 2790 1499 τότε
2818 1446 2939 1515 είσῃ
2974 1444 3073 1514 τὴν
3117 1445 3413 1516 ὑπεροχήν.
3451 1444 3580 1497 Ἐπ-

2003 1528 2217 1582 ετέλουν
2238 1528 2338 1599 μὲν
2362 1528 2471 1598 7&9
2496 1529 2589 1582 καὶ
2603 1527 2862 1590 Ἰουδαῖοι,
2886 1527 3175 1582 ἐπετέλουν
3197 1527 3255 1581 δὲ
3280 1526 3476 1592 οὕτως,
3503 1526 3579 1591 ώς

2002 1612 2060 1663 ὲν
2086 1611 2335 1683 ἐσόπτρῳ
2360 1614 2455 1665 καὶ
2484 1611 2541 1663 ἐν
2567 1610 2882 1681 αἰνίγματι·
2913 1611 2982 1665 τὰ
3006 1610 3062 1663 δὲ
3089 1610 3377 1683 ἀπόρρητα
3403 1608 3581 1664 ταῦτα

2006 1693 2283 1765 μυστήρια
2319 1693 2440 1747 οὐδὲ
2470 1696 2551 1757 εἰς
2595 1693 2719 1747 νοῦν
2762 1710 2893 1747 ποτε
2938 1693 3148 1759 ἔλαϐον,
3181 1693 3304 1747 οὐδὲ
3335 1692 3576 1764 ῃδεσανι

2002 1776 2125 1831 τίνα
2146 1773 2234 1848 ἦν,
2261 1776 2298 1832 δ.
2321 1779 2504 1831 ἐκεῖνα
2527 1775 2922 1847 προανεφώνει·
2945 1775 3080 1829 ἀλλά
3100 1776 3373 1848 πρόδατον
3389 1776 3579 1848 ἐώρων

2006 1863 2393 1934 σφαττόμενον,
2422 1861 2516 1916 καὶ
2541 1856 2682 1932 αἷμα
2709 1860 2927 1929 ἀλόγου,
2959 1860 3052 1913 καὶ⁵
3085 1859 3255 1932 θύρας
3282 1860 3579 1932 χριομένας

2003 1948 2178 2017 τούτῳ
2192 1962 2207 1976 ·
2230 1947 2312 2000 δτι
2332 1947 2389 2001 δὲ
2409 1949 2437 2000 ό
2461 1945 2590 2010 Υίδς
2610 1943 2702 1998 τοῦ
2727 1943 2862 1998 Θεοῦ
2886 1944 3190 2014 σαρκωθεὶς
3210 1947 3576 2015 σφαγήσεται.

2005 2030 2097 2085 καὶ
2127 2030 2227 2101 τήν
2260 2028 2584 2099 οἰκουμένην
2627 2026 2984 2096 ἐλευθερώσει
3015 2027 3229 2090 πᾶσαν,
3277 2028 3372 2081 καὶ
3416 2025 3578 2080 δώσει

2004 2114 2099 2166 καὶ
2123 2111 2459 2182 Ἐλλησικαὶ
2482 2108 2778 2182 βαρϐάροις
2800 2107 2893 2162 τοῦ
2918 2110 3151 2179 αἵματος
3167 2107 3578 2176 ἀπογεύσασθαι

2004 2194 2217 2259 τούτου,
2250 2195 2345 2248 καὶ
2386 2195 2479 2248 τὸν
2518 2194 2742 2266 ούρανδν
2780 2192 2981 2258 ἀνοίξει
3010 2194 3167 2260 πᾶσι,
3214 2195 3312 2248 καὶ
3355 2194 3424 2248 τά
3461 2193 3582 2246 ἐκεῖ

2005 2279 2306 2351 προσθήσει
2335 2278 2413 2351 τῷ
2450 2277 2560 2331 τῶν
2590 2277 2894 2349 ἀνθρώπων
2938 2277 3113 2346 γένει,
3146 2277 3243 2332 καὶ
3269 2277 3370 2349 τὴν
3413 2279 3580 2349 αἱμα-

2005 2365 2224 2434 χθεῖσαν
2259 2362 2438 2434 σάρκα
2465 2359 2647 2415 λαϐὼν
2673 2362 2813 2433 ὑπὲρ
2844 2361 2935 2415 τὸν
2963 2360 3213 2431 οὐρανὸν,
3247 2363 3341 2414 καὶ
3369 2361 3460 2415 τὸν
3488 2361 3580 2415 ού·-

2008 2446 2169 2518 ρανδν
2196 2444 2291 2500 τοῦ
2329 2443 2589 2516 ούρανοῦ,
2621 2444 2715 2498 καὶ
2750 2444 2931 2507 πάσας
2960 2443 3147 2506 ἁπλῶς
3185 2443 3285 2508 τὰς
3326 2444 3437 2499 ἄνω
3467 2445 3580 2499 τῶν

2006 2528 2250 2597 ἀγγέλων
2289 2528 2385 2582 καὶ
2415 2527 2766 2600 ἀρχαγγέλων
2797 2527 2890 2580 καὶ
2924 2526 3033 2579 τῶν
3077 2525 3253 2581 ἄλλων
3296 2529 3580 2598 δυνάμεων

2009 2611 2267 2683 στρατιὰς
2301 2611 2622 2665 άναδιϐάσει
2643 2653 2658 2675 ,
2694 2610 2788 2663 καὶ
2832 2610 2918 2662 ἐπ’
2949 2607 3115 2663 αὐτοῦ
3143 2608 3234 2664 τοῦ
3268 2609 3458 2679 θρόνου
3482 2610 3579 2663 τοῦ

2009 2692 2289 2765 βασιλικοῦ
2338 2695 2395 2747 ἐν
2446 2692 2595 2764 δεξιᾷ
2637 2692 2731 2746 τοῦ
2774 2692 2987 2764 Πατρδς
3018 2691 3189 2764 αὐτὴν
3229 2692 3414 2745 καθιεῖ
3455 2692 3581 2765 δόξῃ

2006 2778 2329 2848 λάμπουσαν
2377 2778 2634 2848 ἀρρήτῳ·
2688 2774 2861 2830 ταῦτα
2909 2776 2974 2847 δὴ
3019 2774 3143 2829 οὔτε
3183 2775 3406 2829 ἐκείνων
3456 2792 3581 2841 τις,

2007 2860 2129 2915 οὔτε
2179 2860 2289 2914 τῶν
2337 2860 2511 2913 ἄλλων
2557 2858 2732 2922 οὐδεὶς
2782 2857 3116 2926 ἀνθρώπων,
3152 2856 3277 2910 οὔτε
3329 2858 3583 2929 προέγνω

2007 2944 2131 3000 οὔτε
2186 2947 2271 3008 είς
2320 2943 2444 2997 νοῦν
2490 2942 2731 3013 ἠδυνήθη
2776 2940 3033 3012 βαλέσθαι
3089 2941 3242 2995 ποτέ.
3313 2942 3474 2997 Ἀλλά
3526 2942 3582 2996 τί

2008 3046 2174 3099 φασιν
2214 3030 2264 3082 οἰ
2305 3027 2484 3081 πάντα
2512 3024 2808 3097 τολμηροί;
2838 3024 2928 3087 Τὸ,
2981 3025 3134 3093 Ἄρτι
3181 3026 3453 3095 γινώσκω
3510 3026 3582 3080 ἐκ

2003 3111 2263 3182 μέρους,
2296 3110 2426 3181 περὶ
2466 3106 2790 3179 οἰκονομιῶν
2832 3104 3123 3179 εἰρῆσθαι·
3170 3108 3269 3179 τὴν
3314 3107 3421 3178 7&9
3452 3109 3584 3179 περὶ

2008 3194 2100 3248 τοῦ
2128 3192 2265 3247 Θεοῦ
2289 3191 2492 3262 γνῶσιν
2514 3189 2932 3260 ἀπηρτισμένην
2952 3189 3115 3243 αὐτὸν
3141 3189 3305 3260 ἔχειν.
3332 3189 3440 3243 Καὶ
3464 3189 3581 3253 πῶς

2009 3278 2202 3349 νήπιον
2232 3275 2424 3329 ἑαυτὸν
2449 3273 2639 3341 καλεῖ;
2672 3271 2789 3336 πῶς
2817 3271 2883 3324 δι’
2911 3271 3179 3344 ἐσόπτρου
3210 3271 3397 3342 βλέπει
3421 3287 3438 3338 ;
3464 3270 3583 3335 πῶς

2009 3361 2066 3412 ἐν
2113 3357 2417 3428 αἰνίγματι,
2465 3357 2514 3411 εί
2551 3355 2613 3409 τὸ
2651 3357 2759 3409 πᾶν
2804 3353 2918 3425 ἔχει
2958 3355 3059 3425 τῆς
3108 3354 3395 3423 γνώσεως;
3427 3354 3480 3409 τί
3526 3353 3585 3408 δὲ

2010 3440 2199 3512 ὥσπερ
2231 3439 2506 3511 ἐξαίρετον
2532 3437 2852 3508 ἀνατίθησιν
2878 3436 3011 3491 αὐτὸ
3038 3436 3115 3508 τῷ
3155 3436 3456 3508 Πνεύματι,
3489 3438 3586 3491 καὶ

2011 3524 2238 3596 οὐδεμιᾷ
2278 3522 2414 3595 ἄλλῃ
2440 3523 2668 3591 δυνάμει
2696 3521 2796 3591 τῆς
2825 3520 3076 3584 κτίσεως,
3106 3520 3279 3589 λέγων
3303 3537 3316 3550 ·
3353 3523 3446 3587 Τίς
3474 3522 3585 3591 γὰρ

2010 3605 2136 3664 οἵδε
2167 3609 2241 3660 τὰ
2276 3606 2380 3660 τοῦ
2410 3603 2746 3673 ἀνθρώπου,
2783 3605 2835 3656 εὶ
2852 3603 2940 3672 μὴ
2968 3601 3035 3656 τὸ
3068 3606 3303 3673 πνεῦμα
3342 3604 3448 3658 τοῦ
3479 3604 3585 3658 άν-

2011 3689 2246 3758 θρώπου
2285 3689 2353 3744 τὸ
2382 3688 2452 3742 ἐν
2489 3686 2670 3752 αὐτῷ;
2705 3685 2868 3739 Οὕτω
2900 3684 3000 3740 καί
3043 3688 3116 3739 τὰ
3155 3686 3262 3741 τοῦ
3302 3686 3449 3743 Θεοῦ
3479 3688 3581 3741 οὐ⁹

2011 3774 2136 3839 δείς
2163 3769 2346 3835 οἶδεν,
2376 3772 2428 3825 εἰ
2446 3771 2532 3840 μὴ
2560 3769 2624 3823 τὸ
2656 3767 2898 3838 Πνεῦμα
2925 3767 3032 3822 τοῦ
3063 3767 3232 3823 Θεοῦ.
3263 3768 3374 3823 Καὶ
3393 3769 3422 3821 ό
3449 3769 3584 3840 Χρι-

2013 3858 2138 3921 στὸς
2169 3854 2331 3910 πάλιν
2362 3852 2554 3908 ἐαυτοῦ
2607 3853 2769 3919 μόνου
2807 3849 2964 3904 τοῦτο
3006 3846 3145 3904 εἷναί
3187 3867 3386 3921 φησιν.
3440 3850 3584 3905 οὕτω

2011 3943 2206 4012 λέγων’
2244 3940 2368 4008 Οὐκ
2405 3937 2493 3990 ὅτι
2524 3936 2628 3990 τὸν
2655 3935 2888 4002 Πατέρα
2915 3952 3002 4000 τις
3038 3933 3319 4003 ἑώρακεν,
3346 3937 3397 3989 εὶ
3432 3935 3520 4005 μὴ
3550 3941 3584 3991 ό

2011 4025 2097 4079 ὢν
2134 4022 2295 4092 παρὰ
2327 4020 2433 4077 τοῦ
2469 4019 2640 4084 Θεοῦ,
2692 4013 2870 4084 οὗτος
2919 4017 3141 4085 ἑώρακε
3187 4014 3295 4070 τὸν
3328 4016 3580 4087 Πατέρα·

2011 4111 2203 4181 ὅρασιν
2258 4108 2358 4178 τὴν
2422 4105 2623 4175 γνῶσιν
2690 4102 2864 4171 λέγων
2918 4101 3019 4173 τὴν
3084 4100 3429 4172 σαφεστάτην
3489 4102 3585 4156 καὶ

2012 4180 2451 4264 ἀπηρτισμένην.
2494 4185 2618 4251 Πῶς
2648 4185 2706 4240 δὲ
2735 4185 2765 4238 ό
2799 4183 2899 4255 τὴν
2947 4181 3136 4237 ούσίαν
3170 4180 3346 4249 εἰδὼς,
3376 4182 3475 4248 τάς
3507 4184 3584 4236 οἰ-

2013 4263 2271 4344 κονομίας
2325 4271 2610 4341 ἀγνοήσεις
2665 4266 2851 4338 ἐκείνη
2895 4267 3005 4338 γὰρ
3054 4263 3254 4336 μείζων
3303 4267 3507 4337 ταύτης
3549 4267 3585 4339 ἠ

2012 4358 2234 4428 γνῶσις.
2280 4353 2606 4427 Ἀγνοοῦμεν
2640 4347 2755 4419 οὖν,
2793 4351 2945 4423 φησὶ,
2998 4350 3091 4404 τὸν
3124 4350 3293 4415 Θεόν;
3347 4350 3581 4418 Ἄπαγε·

2014 4443 2131 4498 ἀλλ’
2153 4443 2235 4499 ὅτι
2261 4442 2360 4513 μὲν
2384 4440 2553 4505 ἐστιν,
2582 4436 2758 4508 ἴσμεν·
2785 4437 2838 4490 τί
2866 4452 2998 4489 ποτε
3022 4433 3078 4489 δέ
3107 4435 3222 4488 ἐστι
3244 4433 3345 4505 τὴν
3371 4432 3582 4497 οὐσίαν,

2012 4527 2220 4584 οὐκέτι.
2252 4527 2363 4580 Καὶ
2394 4525 2481 4579 ῖνα
2501 4521 2644 4593 γνῷς
2664 4522 2748 4576 δτι
2774 4520 2835 4574 ού
2867 4521 2995 4591 περὶ
3023 4517 3133 4571 τῶν
3161 4516 3481 4587 οἰκονομιῶν
3506 4516 3586 4569 εῖ-

2017 4628 2151 4681 ρηκε
2188 4610 2272 4678 τὸ,
2308 4610 2466 4678 Ἄρτι
2508 4603 2779 4676 γινώσκω
2813 4604 2884 4658 ἐκ
2909 4601 3152 4673 μέρους,
3201 4601 3434 4656 ἄκουσον
3473 4599 3586 4654 τῶν

2014 4693 2167 4764 ἑξῆς·
2210 4694 2485 4765 ἐπήγαγεν
2516 4685 2628 4744 οὖν·
2667 4688 2803 4743 Τότε
2834 4686 2903 4740 δὲ
2937 4684 3362 4755 ἐπιγνώσομαι,
3391 4681 3585 4749 καθὼς

2012 4784 2114 4839 καὶ
2138 4776 2547 4849 ἐπεγνώσθην.
2575 4774 2651 4830 ού
2689 4772 2859 4843 δήπου
2886 4767 2946 4824 δέ
2977 4767 3083 4823 ὑπὸ
3119 4766 3229 4820 τῶν
3263 4765 3585 4849 οἰκονομιῶν

2014 4861 2356 4934 ἐπεγνώσθη,
2378 4859 2491 4914 ἀλλ’
2514 4857 2618 4912 ὑπὸ
2636 4856 2730 4910 τοῦ
2749 4852 2904 4908 Θεοῦ.
2928 4851 3133 4934 Μηδεὶς
3151 4849 3333 4904 τοίνυν
3357 4848 3582 4934 μικράν,

2017 4931 2151 5021 μηδέ
2183 4931 2360 5017 ἁπλῆν
2388 4942 2653 5014 νομιζέτω
2678 4937 2821 5021 εἶναι
2852 4933 3053 5021 ταύτην
3080 4933 3180 5021 τήν
3216 4931 3581 5021 παρανομίαν,

2013 5014 2149 5086 ἀλλά
2177 5030 2272 5084 καὶ
2298 5014 2492 5095 διπλῆν
2517 5025 2611 5078 καὶ
2638 5019 2873 5093 τριπλῆν
2898 5019 2991 5073 καὶ
3024 5015 3479 5072 πολλαπλασίονα.
3507 5014 3582 5070 Ού

2014 5117 2122 5187 7&9
2146 5112 2386 5186 δήτοῦτο
2408 5110 2565 5181 μόνον
2598 5106 2713 5159 ἐστὶ
2738 5102 3045 5187 τὺᾼάτοπον,
3070 5102 3154 5156 ὅτι
3178 5100 3356 5187 ταῦτα
3385 5099 3583 5187 ἀλαζοῖ

2014 5183 2256 5255 νεύονται
2277 5196 2494 5257 εἰδέναι,
2510 5191 2547 5246 ἃ
2569 5189 2661 5243 τοῦ
2685 5184 2999 5258 Πνεύματός
3019 5186 3133 5240 ἐστι
3160 5184 3345 5256 μόνου,
3370 5185 3465 5239 καὶ
3489 5183 3583 5237 τοῦ

2018 5279 2336 5357 μονογενοῦς
2360 5276 2488 5331 Υἰοῦ
2510 5274 2603 5329 τοῦ
2627 5273 2787 5341 Θεοῦ,
2807 5272 2920 5357 ἀλλ’
2940 5273 3027 5357 ὃτι
3041 5271 3137 5357 καλ.
3154 5269 3365 5357 Παύλου
3385 5266 3585 5357 οὐδὲτὸ

2019 5346 2241 5440 μερικδν
2260 5362 2417 5416 τοῦτο
2431 5359 2530 5430 τῆς
2548 5358 2799 5429 γνώσεως
2819 5356 2947 5440 ἄνευ
2970 5355 3068 5440 τῆς
3090 5346 3585 5440 ἀνωθενάποκαλύ-

2015 5430 2161 5522 ιεὼς
2176 5445 2493 5516 δυνηθέντος
2517 5442 2705 5513 μαθεῖν
2719 5482 2735 5507 ,
2757 5439 2911 5495 αὐτοὶ
2937 5436 2999 5491 τὺ
3027 5437 3135 5522 πᾶν
3146 5434 3354 5522 ἐκτῶν
3370 5430 3585 5522 οἰκείων

2016 5512 2166 5607 [1⁵⁸57]
2197 5512 2473 5599 λογήισμῶν
2504 5512 2889 5594 κατειληφέναι
2922 5519 3106 5591 φασιν.
3136 5516 3269 5571 Οὐδὲ
3296 5515 3404 5584 7&9
3430 5512 3586 5584 ἐχουσ-

2080 5823 2102 5852 ⁶
2133 5822 2305 5872 Deerat
2326 5818 2515 5882 ᾔδεσαν.
