4112 6224
546 263 652 320 289

545 394 632 432 σιν
657 371 891 444 οὐδαμοῦ
918 371 1017 442 τὴν
1044 371 1262 443 Γραφὴν
1285 370 1639 442 περὶτούτων
1668 371 1800 441 ἡμῖν
1825 367 2120 439 διειλεγμέ-

545 477 642 530 νην
683 458 869 524 δεῖξαι·
928 455 1088 509 Ἀλλά
1126 454 1234 527 γὰρ
1266 455 1364 524 τὴν
1413 455 1609 525 μανίαν
1646 454 1824 507 αὑτῶν
1870 451 2118 521 ἀφέντες,

543 542 651 595 τῶν
679 539 808 611 ἐξῆς
835 536 1090 609 ἐχώμεθα
1114 538 1242 606 περί
1271 537 1367 605 τῆς
1389 535 1610 605 ἀγάπης
1634 535 1828 604 λόγων.
1851 534 1985 589 Οὑδέ
2014 533 2123 604 γὰρ

543 624 751 687 τούτοις
797 620 1063 692 ἠρκέσθη,
1111 618 1224 672 ἀλλ’
1276 619 1472 686 ἐπάγει
1519 617 1680 671 πάλιν
1727 617 1936 685 λέγων·
1972 616 2123 671 Νυνί

542 706 614 760 δὲ
652 706 820 776 μένει
868 705 1094 768 πίστις,
1127 701 1335 766 ἐλπὶς,
1367 699 1587 770 ἀγάπη,
1621 699 1694 754 τὰ
1722 702 1856 768 τριά
1898 698 2083 754 ταῦτα
2105 713 2119 728 ·

540 787 753 859 μείζων
773 787 841 839 δὲ
872 786 1098 839 τούτων
1127 783 1161 850 ἡ
1192 782 1417 853 ἀγάπη.

620 936 693 1007 γ’.
730 938 794 991 ἸΙ
826 937 924 1008 μέν
949 936 1057 1007 γὰρ
1078 936 1257 997 πίστις
1274 934 1366 988 καὶ
1386 938 1416 1004 ἡ
1435 934 1585 999 ἐλπὶς
1607 934 1714 988 τῶν
1731 933 2124 988 πιστευθέντων

543 1024 639 1076 καὶ
665 1020 774 1075 τῶν
807 1020 1168 1074 ἐλπισθέντων
1193 1018 1654 1088 παραγενομένων
1683 1017 1928 1086 ἀγαθῶν,
1953 1017 2122 1070 παύε-

542 1124 654 1159 ται.
694 1105 803 1158 Καὶ
834 1103 987 1157 τοῦτο
1017 1102 1191 1173 δηλῶν
1229 1105 1257 1156 6
1288 1102 1495 1165 Παῦλος
1526 1101 1731 1170 ἔλεγεν·
1780 1101 1983 1167 Ἑνίπίς
2012 1103 2124 1171 γὰρ

537 1185 915 1256 βλεπομένη,
941 1188 1049 1239 οὐκ
1078 1186 1250 1239 ἐστιν
1276 1185 1473 1250 ἐλπίς·
1509 1183 1539 1237 ὃ
1562 1186 1668 1253 γὰρ
1688 1184 1908 1249 ,ϐλέπει
1933 1203 2041 1251 τις,
2069 1185 2125 1239 τί

544 1271 639 1325 καί
667 1268 925 1333 ἐλπίζὲω
954 1268 1048 1320 καὶ
1082 1268 1262 1329 πάλιν,
1297 1269 1463 1320 Ἔστι
1497 1266 1563 1319 δὲ
1586 1269 1791 1332 πίστις
1817 1266 2123 1337 ἐλπιζομέ-

542 1371 664 1408 νων
684 1354 1044 1418 ὑπόστασις,
1074 1350 1432 1421 πραγμάτων
1451 1350 1702 1419 ἔλεγχος
1728 1351 1800 1403 οὺ
1821 1350 2123 1421 βλεπομέ-

541 1453 683 1490 νων.
718 1435 882 1486 Ὥστε
911 1428 1069 1487 αὗται
1099 1435 1197 1503 μὲν
1226 1434 1489 1486 παύονται
1520 1432 1795 1501 φανέντων
1821 1432 2061 1487 ἐκείνων·
2088 1433 2121 1505 ἡ

541 1521 599 1573 δὲ
632 1519 821 1587 ἀγάπη
856 1518 979 1570 τότε
1008 1516 1242 1586 μάλιστα
1273 1516 1508 1587 αἴρεται,
1544 1517 1638 1568 καὶ
1664 1515 1872 1584 γίνεται
1900 1517 2125 1587 σφοδροο

542 1603 695 1675 τέρα.
731 1600 956 1671 Ἕτερον
980 1598 1140 1653 πάλιν
1170 1600 1445 1669 ἐγκώμιον
1475 1598 1576 1666 τῆς
1603 1600 1844 1668 ἀγάπης·
1871 1599 1989 1651 οὑδὲ
2015 1600 2124 1670 γάρ

542 1686 792 1756 ἀρκεῖται
824 1685 938 1745 τοῖς
968 1682 1302 1752 ἔμπροσθεν,
1338 1680 1476 1734 ἀλλά
1527 1683 1620 1733 καί
1661 1681 1789 1734 ἄλλο
1831 1683 2125 1750 φιλονεικεῖ

544 1767 705 1819 πάλιν
738 1767 939 1834 εὑρεῖν.
971 1765 1170 1818 Σκόπει
1198 1764 1275 1816 δέ·
1311 1759 1481 1818 Εἶπεν
1509 1763 1679 1834 αὑτὴν
1714 1764 1963 1834 χάρισμα
1986 1758 2123 1816 εἶναι

546 1850 690 1920 μέγα
731 1852 824 1901 καί
857 1848 974 1901 ὁδὸν
1017 1845 1222 1900 τούτων
1261 1847 1386 1899 καθ’
1431 1844 1758 1917 ὑπερδολήν·
1801 1840 1922 1897 εἷπε
1956 1846 2124 1916 χωρὶς

542 1933 709 2002 αὑτῆς
746 1931 911 2001 μηδὲν
957 1930 1099 2001 μέγα
1129 1929 1357 1999 ὠφελεῖν
1395 1931 1462 1982 τά
1489 1930 1835 2000 χαρίσματα,
1878 1929 2120 1999 ὑπέγρα-

540 2015 642 2084 ψεν
681 2015 847 2085 αὑτῆς
895 2014 982 2067 διά
1030 2013 1242 2067 πολλῶν
1279 2015 1378 2084 τὴν
1430 2015 1634 2066 εἰκόνα·
1673 2011 1922 2081 βούλεται
1964 2012 2125 2066 πάλιν

545 2098 638 2153 καί
667 2097 866 2169 ἑτέρως
898 2097 1067 2168 αὑτὴν
1099 2098 1322 2168 ἐπᾶραι,
1353 2097 1449 2150 καὶ
1475 2096 1647 2165 δεῖξαι
1682 2096 1928 2165 μεγάλην
1958 2091 2124 2150 οὖσαν

543 2184 608 2235 ἐκ
661 2181 755 2235 τοῦ
798 2180 1095 2251 διαμένειν⁹
1146 2181 1225 2233 διὸ
1277 2182 1370 2234 καὶ
1422 2180 1596 2250 ἔλεγε,
1652 2180 1803 2234 Νυνί
1857 2179 1926 2233 δὲ
1958 2179 2126 2249 μένει

541 2265 766 2330 πίστις,
796 2263 994 2329 ἐλπὶς,
1034 2262 1258 2335 ἀγάπη,
1289 2263 1361 2316 τὰ
1398 2264 1532 2331 τρία
1568 2262 1778 2318 ταῦτα·
1816 2260 2025 2330 μείζων
2059 2262 2129 2315 δὲ

544 2348 770 2402 τούτων
819 2349 856 2415 ἡ
905 2346 1128 2417 ἀγάπη.
1161 2348 1286 2410 Πῶς
1324 2342 1418 2401 οὑν
1449 2347 1653 2418 μείζων
1700 2348 1733 2417 ἡ
1766 2346 1995 2417 ἀγάπη;
2035 2346 2127 2414 Τῷ

544 2433 726 2485 ἐκεῖνα
762 2430 1081 2484 διαϐαίνειν.
1130 2431 1191 2483 Εἰ
1235 2430 1412 2483 τοίνυν
1461 2429 1699 2500 τοσαύτη
1743 2433 1776 2499 ἡ
1831 2431 1984 2500 ἰσχῦς
2027 2430 2128 2501 τῆς

543 2514 801 2584 ἀγάπης,
874 2514 1101 2576 εἰκότως
1176 2513 1376 2580 ἐπάγει
1437 2513 1646 2580 λέγων,
1701 2512 1947 2565 Διὼκετε
2013 2511 2128 2581 τὴν

539 2596 803 2668 ἀγάπην.
838 2597 946 2650 Καὶ
996 2596 1104 2667 γὰρ
1146 2594 1381 2660 διώξεως
1422 2597 1581 2668 χρεία
1615 2596 1709 2649 καὶ
1751 2596 1951 2668 δρόμου
1983 2596 2126 2660 τινὸς

545 2679 778 2750 σφοδροῦ
806 2682 893 2732 ἐπ’
914 2680 1108 2750 αὐτήν·
1137 2679 1309 2743 οὕτως
1333 2679 1489 2749 ἡμῶν
1514 2679 1754 2747 ἀπέπτη,
1778 2679 1871 2730 καὶ
1891 2677 2127 2730 τοσαῦτα

541 2762 612 2814 τά
634 2761 1060 2826 ὑποσκελίζοντα
1092 2762 1183 2814 τὸν
1215 2764 1393 2814 ἐκεῖσε
1423 2762 1643 2832 δρόμον.
1678 2760 1769 2813 Διὸ
1802 2761 1896 2812 καί
1926 2759 2125 2829 πολλῆς

541 2846 675 2913 ημῖν
713 2845 792 2896 δεῖ
828 2845 925 2915 τῆς
964 2844 1345 2916 σφοδρότητος,
1377 2842 1518 2897 ὥστε
1551 2845 1721 2913 αὑτὴν
1771 2844 2121 2896 καταλαϐεῖν.

544 2928 722 2997 Ὅπερ
756 2926 1163 2996 ἐνδεικνύμενος
1197 2928 1225 2978 6
1270 2925 1479 2990 Παῦλος
1510 2928 1609 2979 οὑκ
1651 2923 1826 2987 εἶπεν,
1874 2926 2126 2978 Ἀκολου-

542 3011 685 3064 θεῖτε
724 3013 791 3080 τῇ
838 3010 1052 3080 ἀγάπῃ,
1098 3008 1255 3074 ἀλλά,
1306 3007 1549 3062 Διώκετε
1602 3009 1791 3079 αὑτὴν,
1843 3009 2126 3079 διεγείρων

540 3095 690 3165 ἡμᾶς
717 3094 812 3146 καὶ
855 3093 1110 3147 ἀνάπτων
1138 3095 1273 3164 πρὸς
1301 3094 1398 3164 τὴν
1428 3095 1643 3165 ἐκείνης
1670 3094 1976 3163 ἀντίληψιν.
2013 3093 2125 3146 Καὶ

542 3177 653 3249 γάρ
694 3178 722 3230 6
748 3176 883 3240 Θεὸς
921 3175 1159 3245 ἐξαρχῆς
1191 3175 1363 3246 μυρία
1406 3176 1548 3245 ὑπὲρ
1586 3176 1680 3229 τοῦ
1731 3176 1937 3247 ταύτην
1993 3178 2126 3248 ἡμῖν

542 3258 881 3333 ἐμφυτεῦσαι
902 3260 1306 3330 ἐμηχανήσατο·
1334 3257 1428 3311 καὶ
1450 3260 1559 3330 γάρ
1583 3259 1709 3328 μίαν
1732 3260 1937 3313 ἆπασιν
1958 3259 2125 3313 ἔδωκε

545 3344 807 3415 κεφαλὴν,
839 3343 931 3396 τὸν
972 3341 1165 3412 Ἀδάμ.
1195 3342 1295 3395 Διά
1322 3342 1374 3394 τί
1407 3341 1517 3412 γάρ
1544 3342 1618 3411 μὴ
1645 3343 1710 3394 ἐκ
1733 3342 1836 3411 γῆς
1864 3342 2127 3412 γινόμεθα

544 3429 775 3494 πάντες;
806 3426 894 3480 διά
935 3426 986 3480 τί
1031 3424 1108 3496 μὴ
1136 3424 1353 3488 τέλειοι,
1396 3425 1472 3488 ὡς
1506 3427 1749 3490 ἐκεῖνος;
1790 3426 1907 3479 ’Ὶνα
1948 3426 2044 3479 καὶ
2075 3427 2125 3479 οί

542 3509 693 3564 τόκοι
717 3510 813 3564 καὶ
835 3511 890 3562 αἱ
914 3503 1313 3579 παιδοτροφίαι,
1339 3509 1433 3561 καὶ
1453 3507 1514 3560 τὸ
1535 3506 1593 3572 ἐξ
1608 3506 1850 3579 ἀλλήλων
1873 3507 2124 3576 φύεσθαι,

546 3593 850 3663 συνδήσωσι
882 3593 1015 3663 πρὸς
1047 3590 1312 3660 ἀλλήλους
1343 3592 1516 3662 ἡμᾶς.
1559 3592 1657 3643 Διά
1688 3589 1848 3644 τοῦτο
1879 3590 1999 3643 οὑδέ
2027 3591 2127 3663 τὴν

544 3679 783 3739 γυναῖκα
822 3674 1080 3746 ἐποίησεν
1118 3675 1226 3729 ἀπὸ
1261 3674 1386 3743 γῆς.
1436 3675 1653 3745 Ἐπειδὴ
1685 3676 1795 3746 γὰρ
1833 3676 1934 3729 οὑκ
1967 3676 2127 3747 ἢρκει

543 3759 864 3830 δυσωπῆσαι
905 3759 1039 3830 πρὸς
1074 3759 1327 3829 ὁμόνοιαν
1359 3759 1507 3829 ἡμᾶς
1554 3757 1777 3824 ὁμοίως,
1812 3758 1872 3811 τὸ
1899 3757 1999 3829 τῆς
2032 3758 2127 3812 αὑ-

542 3842 644 3912 τῆς
672 3842 857 3904 οὐσίας
901 3838 1062 3905 εἶναι,
1098 3843 1148 3894 εἰ
1185 3841 1261 3912 μὴ
1303 3842 1395 3894 καὶ
1434 3841 1522 3894 τὸν
1553 3840 1716 3893 αὑτὸν
1749 3841 1966 3912 ἔχοιμεν
1996 3840 2128 3912 πρό-

543 3942 723 3994 γονον,
763 3926 861 3978 καὶ
889 3923 1048 3977 τοῦτο
1095 3922 1520 3977 κατεσκεύασεν.
1567 3922 1627 3976 Εἰ
1665 3924 1774 3996 γάρ
1815 3921 1910 3977 νῦν
1942 3922 2127 3987 τόποις

543 4011 889 4082 διεστηκότες
923 4010 1125 4079 μόνοις,
1164 4007 1478 4082 ἀλλοτρίους
1507 4005 1646 4062 εἶναι
1674 4007 1967 4080 νομίζομεν
1995 4009 2125 4061 ἐαυ-

542 4096 674 4157 τοὺς
718 4092 995 4163 ἀλλήλων·
1030 4094 1080 4143 εἰ
1127 4090 1222 4144 δύο
1250 4091 1312 4143 τὸ
1360 4092 1514 4158 γένος
1545 4091 1704 4160 ἡμῶν
1733 4092 1888 4161 ἐσχεν
1928 4092 2124 4163 ἀρχάς,

544 4175 725 4246 πολλῷ
758 4175 956 4246 μᾶλλον
980 4175 1046 4228 ἂν
1066 4172 1225 4226 τοῦτο
1253 4174 1488 4241 ἐγένετο.
1521 4175 1619 4226 Διά
1639 4173 1702 4245 δὴ
1730 4174 1906 4235 τοῦτο,
1938 4172 2127 4246 ὥσπερ

544 4259 657 4323 ἀπό
677 4275 817 4322 τινος
851 4260 981 4330 μιᾶς
1010 4256 1271 4328 κεφαλῆς,
1302 4258 1364 4310 τὸ
1389 4259 1496 4311 πᾶν
1519 4258 1675 4329 ἔδησε
1706 4257 1868 4329 σῶμα
1892 4258 1988 4312 τοῦ
2016 4260 2126 4312 τῶν

543 4337 849 4410 ἀνθρώπων
887 4337 1102 4407 γένους.
1133 4338 1242 4389 Καὶ
1271 4337 1572 4408 ἐπειδήπερ
1594 4337 1832 4408 ἐξαρχῆς
1857 4337 1950 4391 δύο
1980 4338 2126 4402 τινὲς

544 4422 763 4476 ἐδόκουν
795 4416 958 4484 εἶναι,
993 4420 1096 4490 ὅρα
1129 4418 1247 4482 πῶς
1288 4418 1488 4483 αὑτοὺς
1526 4420 1797 4491 συγκολλᾷ
1839 4422 1998 4475 πάλιν
2030 4422 2125 4475 καὶ

544 4506 626 4571 εἰς
667 4504 726 4557 ἐν
774 4503 993 4572 συνάγει
1024 4503 1113 4555 διὰ
1151 4503 1244 4555 τοῦ
1291 4505 1502 4573 γάμου·
1551 4504 1706 4558 Ἀντί
1754 4506 1968 4559 τούτου
2014 4505 2123 4576 γάρ

543 4588 916 4655 κατανίείψει,
958 4588 1145 4654 φησὶν,
1179 4584 1489 4655 ἄνθρωπος
1525 4587 1632 4639 τὸν
1672 4587 1899 4655 πατέρα
1933 4587 2122 4641 αὑτοῦ

544 4670 643 4724 καί
664 4671 779 4736 τὴν
801 4668 1046 4738 μητέρα,
1077 4667 1172 4721 καί
1203 4664 1808 4736 προσκολληθήσεται
1833 4669 1984 4737 πρὸς
2009 4669 2125 4738 τὴν

543 4752 800 4825 γυναῖκα
821 4750 972 4825 [514]
992 4750 1201 4814 αὐτοῦ,
1224 4749 1320 4803 καί
1342 4748 1583 4802 ἔσονται
1609 4751 1662 4802 οἱ
1687 4750 1797 4803 δύο
1821 4754 1908 4817 εἰς
1926 4751 2124 4821 σάρκα

538 4840 704 4906 μίαν.
762 4837 871 4890 Καὶ
895 4838 995 4889 οὑκ
1024 4831 1200 4897 εἶπεν,
1239 4834 1304 4886 ’ἰί
1335 4831 1491 4902 γυνη.
1521 4832 1637 4885 ἀλλ’
1679 4833 1732 4885 '0
1770 4833 2082 4903 ἅνθρωπος
2103 4875 2118 4901 ,

544 4920 731 4988 ἐπειδὴ
772 4920 866 4971 καὶ
904 4920 1107 4989 μείζων
1142 4920 1175 4989 ἡ
1206 4916 1472 4987 ἐπιθυμία
1520 4917 1577 4968 ἐν
1618 4916 1831 4986 ἐκείνῳ.
1870 4917 1978 4971 Καὶ
2010 4920 2121 4989 γάρ

546 5003 639 5056 καὶ
664 5003 883 5069 μείζονα
901 5004 1070 5072 αὑτὴν
1090 5003 1176 5055 διά
1192 5002 1350 5056 τοῦτο
1368 5002 1643 5069 ἐποίησεν,
1668 5001 1756 5053 ἵνα
1775 5000 1837 5053 τὸ
1854 5002 2123 5074 ὑπερέχον

545 5085 886 5154 κατακάμψῃ
932 5086 999 5154 τῇ
1049 5086 1322 5154 τυραννίδι
1379 5085 1570 5137 τούτου
1606 5074 1712 5137 ’τοῦ
1762 5082 1984 5155 ἔρωτος,
2028 5088 2122 5140 καὶ

547 5163 793 5237 ὑποτάξῃ
849 5164 929 5233 τῷ
982 5164 1377 5236 ἀσθενεστέρῳ.
1447 5167 1662 5239 Ἐπειδὴ
1709 5167 1766 5220 δέ
1813 5169 1908 5223 καὶ
1942 5170 2121 5240 γάμον

546 5252 654 5306 ἔδει
699 5247 1041 5320 εἰσαχθῆναι,
1089 5246 1182 5299 τὸν
1225 5248 1284 5313 ἐξ
1334 5241 1396 5300 οἶ)
1448 5250 1658 5316 γέγονε,
1706 5250 1894 5305 τοῦτον
1949 5254 2120 5324 ἄνδρα

545 5333 769 5404 ἐποίησε
794 5336 860 5404 τῇ
892 5330 1129 5400 γυναικί.
1160 5330 1344 5384 Πάντα
1376 5330 1484 5400 γὰρ
1510 5332 1728 5402 ἀγάπης
1754 5334 1835 5404 τῷ
1863 5334 1983 5404 Θεῷ
2008 5336 2120 5388 δεύ,

545 5436 603 5471 τε
614 5434 702 5490 ρα.
734 5418 795 5470 ἰΞί
818 5416 925 5488 γὰρ
946 5413 1088 5468 οὑτω
1112 5413 1415 5485 γενομένων
1438 5416 1466 5467 ό
1489 5413 1701 5483 πρῶτος
1721 5414 1919 5479 εὐθέως
1943 5416 2119 5481 οὑτως

543 5503 739 5572 ἐμάνη,
760 5502 853 5555 καί
873 5499 1138 5572 τοσαύτην
1166 5502 1347 5571 μάχην
1371 5502 1398 5553 6
1424 5498 1668 5562 διάϐολος
1698 5500 1794 5552 καὶ
1819 5500 2117 5567 βασκανίαν

544 5585 847 5654 ἐνέσπειρε,
891 5584 940 5637 τί
972 5584 1071 5637 οὐκ
1100 5587 1165 5636 ἂν
1191 5586 1505 5655 εἰργάσατο,
1535 5582 1582 5633 εἰ
1617 5581 1691 5649 μὴ
1721 5581 1828 5633 ἀπὸ
1866 5583 1996 5650 μιᾶς
2037 5583 2118 5653 ρί-

546 5666 641 5734 ζης
674 5664 1040 5734 ἐϐλάστησανς
1076 5662 1207 5717 Εἶτα
1249 5666 1333 5719 ἵνα
1377 5664 1437 5716 τὸ
1487 5664 1585 5731 μὲν
1632 5663 2019 5731 ὑποτάττηται,
2058 5667 2114 5718 τὸ

546 5752 602 5802 δὲ
624 5749 781 5818 ἄρχῃ·
816 5748 876 5800 τὸ
909 5748 1017 5818 γάρ
1042 5747 1301 5818 ὁμότιμον
1347 5743 1455 5801 οἶδε
1488 5744 1745 5807 πολλάκις
1777 5744 1955 5815 μάχην
1996 5751 2106 5802 είσ-

1245 257 1309 314 S.
1346 254 1637 313 JOANNIS
1671 251 2165 311 CIIRYSOSTOHI
2203 253 2521 310 ARCIIIEP.
2560 253 3106 311 CONSTANTINOP.
3160 300 3165 304 .

2226 368 2400 435 άγειν·
2424 369 2524 422 οὐκ
2548 369 2724 438 ἀφῆκε
2746 367 3118 439 δημοκρατίαν
3149 363 3307 429 εἶναι,
3334 366 3468 419 ἀλλά
3496 366 3794 436 βασιλείαν,

2226 452 2318 504 καὶ
2359 450 2605 521 καθάπερ
2639 453 2697 503 ἐν
2729 450 3097 521 στρατοπέδῳ,
3129 447 3333 517 ταύτην
3363 447 3426 500 ἄν
3457 464 3541 511 τις
3572 448 3668 501 ῖδοι
3699 450 3799 520 τὴν

2220 532 2462 598 διάταξιν
2508 533 2627 587 καθ’
2667 535 2906 605 ἑκάστην
2950 533 3149 586 οἰκίαν.
3195 532 3352 584 Ἔστι
3386 531 3517 599 γοῦν
3562 531 3619 584 ἐν
3646 531 3799 593 τάξει

2226 616 2325 686 μὲν
2364 616 2626 686 βασιλέως
2658 619 2685 670 6
2728 615 2886 688 ἀνὴρ,
2929 617 2987 669 ἐν
3014 615 3165 682 τάξει
3199 614 3256 668 δὲ
3299 614 3548 686 ὑπάρχου
3577 616 3611 685 ἡ
3657 624 3800 688 γυνὴ

2223 698 2319 752 καὶ
2340 699 2664 770 στρατηγοῦ·
2697 700 2789 753 καί
2815 701 2867 751 οἰ
2897 699 3085 763 παῖδες
3115 698 3171 752 δέ
3212 696 3389 769 ἀρχὴν
3422 697 3801 769 κεκλήρωνται

2222 782 2429 854 τρίτην·
2460 778 2577 835 εἶτα
2618 781 2756 852 μετά
2792 781 2964 835 ταῦτα
2992 781 3137 853 ἀρχὴ
3169 782 3406 851 τετάρτη
3439 783 3471 850 η
3514 781 3624 834 τῶν
3652 782 3803 834 οἰκε-

2224 866 2351 918 τῶν·
2375 866 2467 918 καί
2489 865 2596 936 γάρ
2628 866 2724 919 καί
2754 861 2899 918 οὗτοι
2924 863 3187 934 κρατοῦσι
3214 864 3322 917 τῶν
3351 863 3671 926 ἐλαττόνων,
3704 865 3804 918 καὶ

2224 942 2302 1012 είς
2329 966 2411 1013 τις
2445 947 2699 1010 πολλάκις
2718 951 2830 1011 τοῖς
2859 950 3021 1001 πᾶσιν
3048 948 3341 1017 ἐφέστηκε,
3369 945 3466 1017 τὴν
3489 946 3581 999 τοῦ
3604 946 3803 1000 δεσπό-

2223 1048 2316 1084 του
2368 1031 2518 1095 τάξιν
2558 1031 2851 1100 διατηρῶν,
2904 1031 3043 1100 πλὴν
3093 1032 3167 1094 ὡς
3207 1029 3446 1098 οἰκέτης.
3502 1031 3610 1084 Καὶ
3655 1030 3805 1100 μετά

2222 1113 2424 1183 ταύτης
2451 1113 2611 1184 ἐτέρα
2634 1113 2794 1165 πάλιν
2819 1112 2959 1183 ἀρχὴ
2986 1114 3077 1164 καὶ
3107 1114 3166 1165 ἐν
3189 1114 3377 1175 αὑτοῖς
3403 1113 3438 1176 ἡ
3465 1111 3571 1163 τῶν
3602 1128 3803 1178 γυναιο

2224 1196 2355 1261 κῶν,
2386 1199 2419 1268 ἡ
2448 1196 2557 1249 τῶν
2586 1196 2790 1250 παίδων
2810 1204 2850 1257 ⁸,
2889 1197 2984 1248 καὶ
3009 1196 3065 1246 ἐν
3089 1196 3276 1258 αὑτοῖς
3307 1197 3418 1258 τοῖς
3451 1196 3607 1246 παισὶ
3634 1194 3803 1248 πάλιν

2226 1279 2386 1350 ἑτέρα
2422 1278 2564 1333 κατά
2600 1279 2698 1348 τὴν
2742 1278 2955 1348 ἡλικίαν
3001 1277 3095 1329 καὶ
3129 1279 3272 1330 κατά
3309 1277 3407 1347 τὴν
3443 1275 3625 1345 φύσιν·
3676 1276 3801 1331 οὑδὲ
3874 1347 3881 1353 ἡ

2224 1363 2330 1435 γάρ
2369 1364 2426 1416 ἐν
2471 1366 2583 1423 τοῖς
2614 1362 2846 1425 παιδίοις
2896 1360 3096 1432 ὁμοίως
3139 1361 3199 1415 τὸ
3239 1360 3374 1430 θῆλυ
3426 1364 3638 1432 κρατεῖ.
3687 1361 3803 1414 Καὶ

2225 1445 2500 1516 πανταχοῦ
2530 1446 2597 1499 δι’
2634 1445 2818 1513 ὀλίγου
2857 1445 2949 1497 καὶ
2979 1443 3187 1507 πυκνάς
3228 1444 3453 1513 ἐποίησε
3492 1442 3593 1505 τάς
3626 1442 3805 1514 ἀρχάς

2224 1530 2252 1581 6
2284 1531 2438 1596 Θεὸς,
2464 1529 2550 1582 ἴνα
2577 1528 2754 1582 πάντα
2784 1530 2840 1581 ἐν
2875 1526 3097 1596 ὁμονοία
3128 1526 3267 1600 μένῃ
3296 1527 3388 1579 καὶ
3418 1524 3643 1596 εὐταξίᾳ
3669 1525 3803 1578 πολ-

2224 1611 2313 1683 λῇ.
2346 1604 2443 1665 Διά
2484 1610 2643 1665 τοῦτο
2683 1609 2780 1664 καὶ
2812 1610 2942 1681 πρὶν
2991 1610 3070 1671 εἰς
3115 1608 3316 1678 πλῆθος
3345 1606 3690 1677 ἐξενεχθῆναι
3740 1608 3808 1661 τὸ

2225 1695 2399 1764 γένος,
2423 1694 2513 1748 δύο
2546 1684 2721 1765 μόνων
2749 1693 2918 1745 ὄντων
2944 1691 3054 1745 τῶν
3082 1691 3335 1762 πρώτων,
3360 1690 3438 1760 τῷ
3464 1691 3563 1761 μὲν
3587 1690 3803 1760 ἄρχειν,

2223 1780 2291 1849 τῇ
2336 1777 2391 1831 δὲ
2423 1775 2687 1848 ἄρχεσθαι
2721 1775 3001 1828 ἐκέλευσε.
3040 1775 3147 1826 Καὶ
3180 1774 3265 1827 ἵνα
3308 1773 3382 1846 μη
3413 1773 3488 1836 ὡς
3521 1771 3806 1836 ἐλάττονος

2227 1864 2542 1932 καταφρονῇ
2578 1859 2739 1913 πάλιν
2780 1862 2875 1912 καὶ
2914 1856 3297 1927 ἀποσχίζηται,
3340 1859 3443 1927 ὅρα
3482 1856 3599 1919 πῶς
3628 1856 3804 1925 αὑτὴν

2227 1944 2454 2015 ἐτίμησέ
2500 1960 2559 1996 τε
2610 1945 2704 1996 καὶ
2749 1944 2927 2013 ῆνωσε
2982 1942 3076 1995 καὶ
3125 1939 3231 2011 πρὸ
3272 1943 3370 2011 τῆς
3417 1939 3803 2009 δημιουργίας.

2225 2025 2579 2096 Ποιήσωμεν
2612 2027 2723 2097 γάρ
2760 2024 2940 2091 αὐτῷ,
2978 2024 3142 2094 φησί,
3171 2023 3432 2091 βοηθόν·
3473 2023 3685 2084 δεικνὺς
3718 2022 3805 2076 ὅτι

2227 2110 2308 2172 εἰς
2346 2111 2534 2181 χρείαν
2577 2108 2741 2163 αὑτοῦ
2768 2109 2957 2176 γέγονε
2978 2147 2993 2169 ,
3019 2109 3114 2160 καὶ
3147 2106 3319 2180 ταύτῃ
3350 2107 3599 2174 συνάγων
3635 2105 3802 2159 αὑτὸν

2228 2193 2363 2263 πρὸς
2386 2192 2484 2260 τὴν
2505 2192 2572 2244 δι’
2601 2193 2763 2246 αὑτὸν
2785 2190 3177 2262 γεγενημένην.
3204 2192 3313 2244 Καὶ
3339 2191 3447 2262 γάρ
3469 2189 3603 2260 πρὸς
3623 2188 3800 2244 ταῦτα

2226 2277 2556 2348 οἰκειότερον
2584 2274 2904 2346 διακείμεθα
2933 2274 3001 2327 τά
3028 2274 3096 2327 δι’
3124 2274 3270 2344 ἡμᾶς
3317 2272 3646 2344 πραχθέντα.
3682 2273 3803 2325 ἰνα

2226 2361 2284 2415 δὲ
2311 2361 2388 2432 μὴ
2414 2362 2712 2433 ἐπαίρηται
2741 2360 2902 2414 πάλιν
2929 2358 3134 2430 ἐκείνη,
3164 2358 3238 2420 ὡς
3262 2359 3340 2420 εἰς
3370 2357 3624 2427 βοήθειαν
3651 2355 3803 2426 αὐτῷ

2226 2443 2460 2506 δοθεῖσα,
2495 2448 2587 2497 καὶ
2623 2446 2717 2497 τὸν
2756 2443 2953 2513 δεσμὸν
2995 2442 3287 2513 ἀπορρήξῃ
3318 2440 3522 2503 τοῦτον,
3563 2439 3671 2494 ἀπὸ
3694 2439 3799 2510 τῆς

2227 2527 2468 2598 πλευρᾶς
2509 2529 2678 2599 αὑτὴν
2706 2530 2866 2591 ποιεῖ,
2897 2526 3112 2590 δεικνὺς
3138 2527 3220 2579 ὅτι
3262 2525 3428 2596 μέρος
3466 2523 3561 2577 τοῦ
3595 2522 3800 2585 παντός

2226 2615 2375 2665 ἐστιν
2414 2612 2550 2682 αῦτη
2580 2611 2675 2665 τοῦ
2717 2612 2987 2682 σώματος.
3032 2612 3151 2664 ’Ὶνα
3192 2610 3249 2662 δέ
3293 2609 3428 2680 μηδέ
3467 2610 3496 2661 6
3537 2609 3677 2679 ἀνὴρ
3708 2609 3803 2661 ἐν-

2226 2694 2416 2748 τεῦθεν
2446 2697 2765 2767 ἐπαίθηται,
2790 2695 2974 2748 οὐκέτι
3006 2694 3230 2762 ἀφίησιν
3256 2690 3394 2746 εἶναι
3428 2692 3615 2762 μόνου,
3641 2692 3669 2744 6
3709 2691 3806 2762 μό-

2227 2795 2318 2831 νου
2365 2778 2427 2831 τὸ
2467 2778 2729 2848 πρότερον
2780 2777 3017 2845 ἐγένετο,
3048 2776 3184 2829 ἀλλά
3229 2774 3538 2829 τοὺναντίον
3575 2775 3802 2844 ἐποίησε

2226 2862 2420 2932 τούτῳ,
2452 2861 2550 2931 τὴν
2582 2860 2926 2914 παιδοποιίαν
2956 2857 3291 2927 εἰσαγαγὼν,
3333 2857 3432 2911 κᾶν
3459 2857 3632 2928 τούτῳ
3664 2873 3805 2928 προ-

2225 2949 2464 3018 τιμήσας
2504 2947 2604 3018 μέν
2629 2946 2719 3001 τὸν
2756 2946 2947 3017 ἄνδρα,
2987 2946 3047 2999 οὑ
3087 2945 3194 3017 μὴν
3237 2945 3299 2999 τὸ
3329 2946 3437 2998 πᾶν
3476 2945 3633 3015 ἀφεὶς
3659 2939 3807 2999 εἶναι

2227 3029 2415 3086 αὑτοῦ.

2297 3176 2358 3231 δ’.
2391 3172 2543 3241 Εἶδες
2576 3175 2774 3239 πόσους
2797 3175 3121 3245 συνδέσμους
3152 3174 3369 3245 ἀγάπης
3400 3175 3428 3227 6
3450 3174 3580 3238 Θεὸς
3616 3174 3807 3247 εἰργάν

2229 3278 2391 3326 σατο;
2428 3259 2588 3315 Ἀλλά
2608 3259 2780 3312 ταῦτα
2804 3258 2903 3329 μέν
2926 3258 3034 3312 ἀπὸ
3061 3258 3162 3328 τῆς
3189 3257 3403 3327 φύσεως
3433 3258 3706 3329 κατέθηκε
3733 3262 3806 3329 τῇ

2226 3343 2448 3414 ὁμονοίᾳ
2472 3342 2540 3395 τά
2572 3341 2820 3414 ἐνέχυρα.
2853 3341 2964 3395 Καὶ
2982 3342 3090 3411 γὰρ
3110 3342 3170 3393 τὸ
3195 3343 3293 3412 τῆς
3323 3342 3488 3413 αὑτῆς
3517 3342 3703 3406 οὑσίας
3726 3335 3811 3395 εῖ-

2228 3444 2336 3490 ναι,
2374 3427 2455 3490 εἰς
2479 3423 2635 3495 τοῦτο
2674 3425 2817 3494 ἄγει·
2847 3426 2953 3477 πᾶν
2981 3424 3089 3494 γὰρ
3123 3423 3261 3489 ζῶον
3293 3425 3483 3494 ἀγαπᾷ
3520 3424 3579 3476 τὸ
3617 3425 3808 3495 ὅμοιον

2228 3508 2396 3579 αὑτῷ·
2429 3509 2523 3561 καὶ
2567 3507 2628 3560 τὸ
2679 3507 2740 3573 ἐξ
2769 3506 2958 3579 ἀνδρὸς
2996 3507 3096 3577 τὴν
3128 3508 3362 3574 γυναῖκα
3401 3501 3561 3571 εἶναι,
3613 3508 3705 3563 καὶ
3741 3507 3809 3561 τὸ

2228 3592 2288 3658 ἐξ
2320 3591 2643 3663 ἀμφοτέρων
2690 3592 2850 3645 πάλιν
2885 3591 3011 3654 τοὺς
3045 3590 3259 3653 παῖδας.
3294 3588 3456 3643 Ὅθεν
3493 3589 3587 3642 καὶ
3621 3588 3810 3644 πολλοὶ

2229 3677 2453 3746 φύονται
2496 3674 2789 3740 διαθέσεως
2818 3674 3032 3746 τρόποι.
3065 3675 3168 3728 Τὸν
3200 3674 3298 3743 μέν
3325 3673 3436 3743 γὰρ
3471 3667 3548 3737 ὥς
3589 3672 3810 3744 πατέρα

2226 3761 2552 3830 ἀγαπῶμεν,
2584 3759 2674 3812 τὸν
2705 3759 2760 3813 δὲ
2789 3755 2865 3821 ὡς
2896 3757 3119 3813 πάππον
3143 3773 3156 3785 ·
3188 3759 3284 3810 καί⁸
3313 3758 3409 3822 τὴν
3457 3757 3556 3827 μὲν
3587 3756 3660 3821 ὡς
3691 3775 3807 3828 μη-

2227 3845 2382 3917 τέρα,
2413 3845 2512 3915 τὴν
2542 3844 2598 3898 δὲ
2636 3843 2711 3907 ὡς
2742 3841 2987 3914 τιθηνόν·
3043 3842 3138 3895 καὶ
3177 3842 3269 3895 τὸν
3316 3841 3417 3911 μὲν
3447 3840 3525 3904 ὡς
3554 3840 3668 3895 υἱὸν
3707 3842 3809 3894 καὶ

2229 3929 2451 3998 ἔγγονον
2480 3929 2574 3981 καὶ
2606 3927 2665 3994 ἐξ
2699 3928 2940 3995 ἐγγόνων
2971 3925 3153 3988 πάλιν,
3184 3923 3282 3995 τὴν
3316 3924 3374 3978 δὲ
3410 3923 3487 3988 ὡς
3525 3924 3807 3994 θυγατέρα

2229 4013 2325 4065 καὶ
2355 4010 2701 4081 θυγατριδῆν·
2737 4010 2832 4064 καὶ
2860 4009 2954 4063 τὸν
2985 4008 3083 4079 μὲν
3120 4008 3195 4071 ὡς
3237 4007 3488 4076 ἀδελφὸν,
3520 4009 3610 4061 τὸν
3639 4007 3699 4060 δὲ
3723 4007 3807 4070 ὡς

2231 4093 2381 4169 [515]
2414 4092 2746 4163 ἀδελφιδοῦν·
2770 4093 2866 4147 καὶ
2894 4093 2994 4162 τὴν
3016 4092 3112 4162 μὲν
3137 4090 3214 4155 ὡς
3235 4090 3488 4162 ἀδελφὴν,
3515 4090 3611 4161 τὴν
3638 4091 3698 4145 δέ
3722 4090 3805 4155 ὡς

2229 4178 2535 4248 ἀδελφιδῆν.
2571 4175 2682 4229 Καὶ
2707 4175 2759 4228 τί
2788 4174 2896 4246 γὰρ
2927 4174 3008 4227 δεῖ
3040 4172 3217 4228 πάντα
3248 4174 3566 4241 καταλέγειν
3597 4174 3665 4228 τὰ
3701 4174 3807 4244 τῆς

2231 4261 2551 4330 συγγενείας
2578 4259 2858 4331 ὀνόματα;
2895 4258 3187 4329 Ἐπενόησε
3205 4257 3263 4312 δὲ
3289 4259 3383 4313 καὶ
3410 4260 3603 4330 ἑτέραν
3616 4256 3806 4312 διαθέ-

2228 4363 2366 4410 σεως
2395 4345 2670 4398 ὑπόθεσιν·
2692 4341 3079 4413 ἀπαγορεύσας
3101 4342 3211 4413 γὰρ
3231 4342 3356 4406 τοῦς
3380 4342 3486 4395 τῶν
3520 4341 3802 4411 συγγενῶν

2227 4429 2458 4499 γάμους,
2486 4427 2570 4481 ἐπ’
2592 4426 2905 4495 ἀλλοτρίους
2926 4426 3070 4495 ἡμᾶς
3099 4425 3359 4495 ὲξήγαγε,
3382 4424 3668 4489 κάκείνους
3690 4426 3799 4481 πάι-

2226 4511 2308 4564 λιν
2345 4510 2479 4581 πρὸς
2509 4510 2654 4580 ἡμᾶς
2697 4508 2965 4561 εἵλκυσεν.
3010 4507 3227 4576 Ἐπειδὴ
3275 4506 3384 4578 γὰρ
3414 4507 3524 4560 ἀπὸ
3564 4508 3663 4576 τῆς
3696 4525 3803 4577 φυο

2229 4592 2386 4663 σικῆς
2414 4591 2618 4662 ταύτης
2648 4590 2966 4660 συγγενείας
2994 4592 3096 4645 οὑκ
3126 4587 3194 4663 ἦν
3221 4590 3464 4654 ἐκείνους
3497 4592 3631 4660 ἡμῖν
3672 4608 3801 4643 συν-

2225 4676 2481 4747 αφθῆναι,
2515 4676 2624 4730 ἀπὸ
2656 4675 2748 4729 τοῦ
2775 4676 2953 4745 γάμου
2985 4675 3145 4729 πάλιν
3183 4674 3440 4745 συνῆψεν,
3469 4675 3802 4746 ὁλοκλήρους

2223 4760 2398 4823 οἰκίας
2416 4759 2504 4814 διά
2522 4759 2621 4828 τῆς
2643 4759 2771 4829 μιᾶς
2791 4759 3007 4830 νύμφης
3024 4759 3293 4827 συνάγων,
3320 4760 3415 4812 καί
3433 4758 3565 4828 γένη
3585 4760 3806 4828 γένεσιν

2222 4843 2319 4897 δλα
2353 4841 2674 4913 ἀναμιγνύς.
2710 4842 2806 4910 Μὴ
2839 4842 3009 4912 γάμει
3038 4842 3169 4914 γὰρ,
3197 4842 3355 4912 φησί.
3386 4841 3504 4911 τὴν
3524 4840 3809 4910 ἀδελφὴν

2222 4927 2338 4996 τὴν
2361 4926 2506 4994 σὴν,
2538 4924 2695 4996 μηδὲ
2734 4925 2849 4993 τὴν
2894 4924 3172 4995 ἀδελφὴν
3214 4925 3323 4981 τοῦ
3364 4927 3611 4994 πατρὸς,
3645 4925 3807 4994 μηδὲ

2222 5011 2423 5079 ἄλλην
2455 5011 2641 5078 κόρην
2669 5008 2784 5075 τὴν
2821 5010 3106 5076 τοιαύτην
3131 5009 3492 5079 συγγένειαν
3528 5010 3680 5077 πρὸς
3725 5007 3806 5063 σὲ

2221 5094 2616 5161 κεκτημένην,
2656 5093 2692 5163 ἢ
2725 5090 3015 5146 διακωλύει
3058 5092 3147 5146 τὸν
3187 5093 3387 5164 γάμον,
3422 5093 3649 5164 ὀνόματι
3687 5092 3806 5157 θεὶς

2220 5176 2330 5230 τῶν
2360 5176 2617 5230 τοιούτων
2669 5175 2947 5245 συγγενῶν
2993 5176 3062 5230 τά
3108 5176 3243 5247 εἴδη.
3293 5177 3479 5248 Ἀρκεῖ
3529 5193 3612 5231 σοι
3662 5176 3805 5247 πρὸς

2220 5261 2317 5329 τὴν
2349 5261 2572 5314 ἐκείνων
2604 5259 2839 5314 διάθεσιν
2867 5259 2928 5312 τὸ
2966 5258 3127 5314 λῦσαι
3162 5264 3263 5324 τὰς
3291 5260 3462 5324 αὑτάς
3496 5260 3716 5324 ὠδῖνας,
3738 5259 3806 5313 τὸ

2219 5342 2420 5411 ἐτέρως
2466 5359 2547 5394 σοι
2595 5342 2895 5413 προσήκειν
2937 5343 3035 5405 τὰς
3071 5342 3259 5406 ἄλλας.
3329 5344 3395 5396 Τί
3447 5344 3805 5414 στενοχωρεῖς

2218 5424 2320 5494 τῆς
2356 5423 2577 5495 ἀγάπης
2612 5425 2673 5478 τὸ
2706 5424 2942 5490 πλάταις
2989 5424 3044 5477 τί
3080 5426 3350 5497 περιττῶς
3389 5426 3642 5481 ὑπόθεσιν
3669 5426 3809 5480 ἀναρ-

2216 5506 2425 5571 λίσκεις
2447 5509 2526 5570 εἰς
2561 5506 2729 5579 αὑτὴν
2753 5508 2956 5577 φιλίας,
2996 5508 3063 5562 δι’
3105 5504 3173 5580 ἦς
3217 5509 3446 5564 δύνασαι
3476 5512 3570 5565 καὶ
3601 5508 3804 5580 ἑτέραν

2217 5589 2543 5660 πορίσασθαι
2565 5590 2744 5659 φιλίας
2769 5591 3042 5663 ἀφορμὴν,
3073 5591 3272 5656 ἔξωθεν
3293 5596 3524 5660 γυναῖκα
3543 5590 3799 5661 ἀγαγὼν,

2279 5778 2299 5802 ’
2338 5764 2543 5816 Deerant
2567 5763 2729 5827 verba,
2753 5768 2831 5817 καὶ
2852 5767 2901 5816 έν
2918 5768 3152 5825 αὐτοῖς....
3167 5767 3348 5817 παίδων
