4094 6222
253 438 358 494 289

251 565 368 606 cem
395 548 530 602 hanc
560 543 894 614 iniquitatem
923 551 1046 596 esse
1075 547 1244 608 putet,
1277 538 1371 593 sed
1402 547 1458 593 et
1483 534 1746 606 duplicem
1778 541 1828 588 et

255 639 511 708 triplicem
543 641 600 691 et
629 631 1001 701 multiplicem.
1032 627 1149 684 Non
1195 629 1337 684 enim
1379 630 1480 683 hoc
1519 628 1692 682 solum
1736 626 1833 681 abo

251 729 471 786 surdum
511 737 619 792 est,
649 723 792 797 quod
820 738 882 779 ea
914 737 976 778 se
1002 735 1139 776 vane
1167 720 1470 792 glorientur
1495 719 1636 773 scire
1658 760 1672 784 ,
1715 732 1832 788 qum.

255 823 478 891 Spiritus
505 818 676 873 solius
700 823 826 871 sunt
852 822 908 870 et
936 813 1190 883 unigeniti
1229 811 1346 866 Filii
1377 811 1506 875 Dei;
1535 809 1629 865 sed
1672 808 1832 864 etiam

253 913 411 984 quod,
443 926 565 966 cum
605 908 804 964 Paulus
831 922 898 962 ne
927 914 1130 976 partem
1160 905 1374 975 quidem
1405 903 1548 958 illam
1575 901 1835 973 cognitio-

253 1007 339 1058 nis
365 1005 480 1057 sine
509 1015 740 1072 superna
771 998 1102 1054 revelatione
1139 997 1385 1066 accipere
1426 995 1698 1064 potuerit,
1732 993 1832 1061 ipsi

254 1105 418 1148 totum
447 1108 514 1148 cx
545 1091 774 1162 propriis
799 1088 1094 1145 ratiociniis
1121 1102 1180 1143 se
1207 1087 1479 1156 accepisse
1505 1085 1705 1140 dicant.
1735 1083 1835 1138 Ne-

251 1204 358 1256 que
381 1189 522 1242 enim
556 1200 778 1255 usquam
816 1193 1042 1254 possunt
1072 1179 1437 1250 Scripturam,
1485 1195 1603 1248 quae
1640 1177 1708 1233 de
1748 1177 1834 1232 his

251 1277 596 1343 disseruerit,
632 1276 786 1332 nobis
813 1274 1122 1329 ostendere.
1168 1271 1275 1328 Sed
1307 1272 1468 1326 missa
1503 1270 1714 1326 ilIorum
1748 1271 1830 1324 in-

251 1375 422 1438 sania,
454 1370 731 1439 sequentia
757 1383 876 1438 qua:
904 1365 974 1422 de
1001 1365 1225 1421 caritate
1263 1363 1512 1418 dicuntur
1542 1379 1832 1434 persequa-

251 1480 393 1519 mur.
423 1461 605 1531 Neque
631 1460 776 1516 enim
805 1459 889 1514 his
914 1466 1200 1512 cantemus
1227 1455 1354 1522 fuit,
1381 1455 1472 1510 sed
1505 1469 1691 1510 rursus
1719 1455 1834 1509 ha‘c

250 1553 556 1622 subjungit:
589 1551 676 1606 t3.
710 1549 864 1606 Nunc
890 1559 1060 1602 autem
1089 1557 1258 1602 manet
1284 1547 1430 1615 ﬁdes,
1459 1563 1591 1614 spes,
1621 1547 1828 1612 caritas,

252 1647 351 1700 tria
377 1646 519 1710 hac;
549 1643 714 1713 major
741 1652 910 1695 autent
935 1639 1113 1694 horum
1141 1649 1212 1693 est
1237 1640 1440 1693 caritas.

324 1737 377 1791 5.
407 1735 642 1789 Caritatis
664 1730 1140 1788 eneamia.——Nam
1169 1731 1303 1784 lides
1323 1741 1376 1784 et
1405 1745 1550 1799 spes,
1583 1746 1702 1785 cum
1734 1731 1830 1786 ads

253 1829 501 1883 venerint
537 1829 672 1881 bona
709 1841 828 1896 qum
850 1824 1052 1880 credita
1075 1833 1130 1880 et
1149 1833 1359 1893 sperata
1393 1823 1625 1889 fuerunt,
1653 1839 1834 1880 cessa-

251 1922 402 1974 bunt.
432 1920 496 1973 Et
524 1921 622 1973 hoc
653 1917 965 1988 significans
995 1915 1192 1971 Paulus
1221 1915 1438 1970 dicebat
1476 1934 1489 1969 :
1537 1916 1668 1985 Spes
1701 1898 1833 1968 enim

249 2027 362 2081 qua!
383 2011 598 2069 videtur,
633 2025 737 2062 non
767 2019 840 2062 est
873 2023 989 2074 spes
1017 2022 1036 2060 :
1064 2007 1199 2077 quod
1222 2008 1355 2060 enim
1395 2007 1527 2060 videt
1552 2009 1682 2076 quis,
1711 2008 1834 2076 quid

249 2103 399 2154 etiam
429 2110 591 2170 speret
631 2099 807 2171 (Rom.
837 2100 889 2155 8.
919 2099 1013 2168 24)
1040 2099 1064 2153 ?
1089 2111 1142 2153 et
1172 2114 1386 2153 rursum
1418 2117 1430 2152 :
1463 2097 1552 2151 Est
1579 2107 1744 2152 autem
1767 2099 1836 2166 βο

248 2193 339 2247 des
365 2209 542 2246 eorum
578 2207 691 2261 qua:
728 2200 998 2262 sperantur
1027 2191 1305 2245 substantia
1324 2232 1339 2256 ,
1385 2206 1552 2244 rerum
1594 2205 1706 2259 qua:
1735 2207 1834 2244 non

245 2285 485 2338 videntur
526 2293 870 2354 argumentum
898 2282 1092 2353 (Hebr.
1127 2283 1214 2338 H.
1245 2282 1328 2351 1).
1361 2281 1717 2350 Quamobrem
1751 2281 1834 2336 hze

245 2377 471 2446 quidem
495 2375 908 2430 cessabuntcum
939 2374 1023 2428 illa
1043 2374 1382 2442 apparuerint
1404 2391 1417 2426 :
1445 2375 1637 2428 caritas
1658 2383 1832 2428 autem

249 2479 381 2523 tunc
427 2468 661 2522 maxime
699 2466 992 2531 extollitur,
1038 2473 1095 2520 et
1130 2466 1188 2519 ﬁt
1236 2464 1622 2519 vehementior.
1674 2463 1833 2518 Aliud

247 2576 443 2618 rursus
489 2561 789 2615 enectnium
829 2560 1066 2614 caritatis
1104 2575 1118 2611 :
1152 2573 1324 2627 neque
1364 2558 1506 2612 enim
1549 2567 1834 2612 contentus

245 2665 329 2710 est
358 2653 650 2724 prioribus,
681 2652 777 2707 sed
804 2663 859 2707 et
883 2652 988 2707 alia
1024 2667 1234 2705 rursum
1275 2650 1514 2706 invenire
1537 2641 1832 2705 contendit.

246 2749 505 2802 Animum
549 2756 725 2801 autem
779 2745 975 2800 adhibe
1012 2763 1025 2799 :
1072 2744 1204 2799 dixit
1248 2759 1366 2798 eam
1412 2743 1674 2800 charisma
1715 2758 1836 2798 esse

247 2856 504 2912 titagnum
534 2848 590 2894 et
611 2839 745 2892 viam
769 2837 836 2892 ad
867 2838 980 2892 haec
1008 2836 1492 2906 supereminentem
1519 2852 1536 2902 ;
1563 2835 1695 2889 dixit
1720 2835 1836 2890 sine

249 2933 337 2986 illa
381 2949 489 2985 non
534 2930 760 2984 nmltum
789 2930 977 2997 juvare
1019 2929 1367 2992 charismata,
1405 2929 1521 2996 ejus
1550 2928 1834 2995 imaginem

248 3023 495 3092 pluribus
547 3021 830 3089 descripsit
878 3037 891 3072 :
941 3019 1051 3074 vult
1096 3033 1282 3073 rursus
1333 3019 1478 3073 illam
1527 3019 1630 3073 alio
1677 3017 1836 3073 modo

246 3114 532 3177 extollere,
554 3124 609 3166 et
634 3110 921 3166 ostendere
948 3109 1090 3181 quod
1110 3124 1297 3179 magna
1316 3109 1382 3163 sit
1399 3125 1462 3164 ex
1481 3124 1547 3164 eo
1563 3109 1703 3180 quod
1725 3124 1836 3163 ma-

248 3218 396 3261 neat.
432 3204 664 3274 Ideoque
703 3203 856 3269 dixit,
893 3201 1046 3256 Nune
1077 3211 1247 3255 autem
1272 3210 1474 3255 manent
1501 3201 1646 3269 ﬁdes,
1699 3218 1833 3270 spes,

246 3300 460 3363 caritas,
489 3300 586 3352 tria
616 3299 755 3360 hac;
787 3298 951 3365 major
973 3307 1140 3350 autem
1171 3296 1350 3350 horum
1372 3296 1665 3350 estcaritas.
1695 3296 1835 3361 Quo-

248 3391 416 3447 modo
444 3405 574 3460 ergo
615 3389 784 3459 major
825 3399 906 3442 est
945 3389 1140 3443 caritas
1169 3387 1368 3456 ?Quod
1411 3387 1496 3441 illa
1542 3395 1833 3442 transeant.

249 3484 307 3537 Si
344 3497 476 3553 ergo
505 3489 648 3537 tanta
674 3491 758 3535 est
788 3481 955 3534 virtus
979 3481 1239 3544 caritatis,
1285 3481 1406 3548 jure
1450 3479 1723 3549 subjungit
1752 3480 1837 3533 di-

248 3590 387 3631 cens
423 3591 438 3626 :
468 3573 746 3629 Sectamini
793 3571 1078 3625 caritatem.
1121 3571 1329 3626 Etenim
1375 3570 1581 3640 insequi
1628 3579 1839 3640 oportet

249 3682 317 3722 ac
343 3665 694 3720 vehementer
721 3664 786 3718 ad
817 3663 960 3716 illam
992 3678 1210 3717 currere
1240 3679 1253 3726 ;
1285 3662 1354 3716 ita
1387 3677 1416 3715 a
1445 3662 1597 3716 nobis
1629 3661 1836 3727 avolat,

250 3769 308 3813 et
333 3768 484 3813 tanta
512 3766 634 3812 sunt
656 3772 777 3827 qure
797 3765 1101 3824 susceptum
1125 3754 1220 3809 illo
1238 3769 1451 3810 cursum
1476 3753 1838 3824 supplantant.

251 3851 595 3922 Quapropter
621 3863 756 3920 opus
793 3856 877 3904 est
919 3861 1019 3902 nos
1048 3861 1236 3917 magna
1281 3847 1354 3902 uti
1395 3845 1752 3912 vehementia,
1787 3857 1843 3901 ut

253 3946 405 3999 illam
457 3943 974 4012 comprehendamus
1021 3959 1034 3994 :
1092 3939 1235 4010 quod
1301 3940 1591 3994 ostendens
1657 3939 1843 3994 beatus

254 4037 459 4093 Paulus
486 4052 592 4091 non
617 4036 770 4102 dixit,
798 4033 1095 4105 Sequimini
1120 4034 1418 4093 caritatem,
1443 4030 1839 4100 sed,Persequi-

253 4133 385 4185 mini
417 4129 715 4193 caritatem,
743 4128 978 4182 excitans
1022 4139 1118 4180 nos
1147 4123 1549 4192 accendensque
1583 4121 1646 4175 ad
1701 4123 1841 4176 illam

256 4217 792 4294 apprehendendam.
819 4218 1031 4274 Etenim
1059 4216 1198 4271 Deus
1222 4231 1252 4269 a
1280 4214 1542 4284 principio
1569 4213 1844 4267 innumera

260 4315 328 4369 ad
365 4313 520 4368 illam
553 4311 604 4364 in
639 4308 792 4365 nobis
821 4307 1161 4363 inserendam
1201 4304 1535 4361 machinatus
1564 4312 1646 4358 est
1675 4321 1688 4357 :
1723 4318 1844 4357 nam

259 4407 516 4463 omnibus
546 4417 707 4458 unum
729 4401 875 4457 dedit
906 4408 1086 4471 caput,
1117 4399 1398 4452 Adamum.
1431 4397 1539 4452 Cur
1564 4397 1706 4452 enim
1739 4412 1845 4450 non

260 4516 326 4556 ex
367 4508 510 4553 terra
549 4494 821 4550 nascimur
861 4491 1096 4546 omnes?
1132 4505 1228 4545 cur
1271 4503 1375 4544 non
1427 4488 1687 4559 perfecti,
1733 4489 1847 4544 sive

261 4590 431 4646 adulti
454 4589 593 4644 sicut
614 4586 705 4642 ille
731 4586 756 4639 ἳ
785 4583 855 4641 Ut
878 4591 934 4640 et
961 4591 1140 4654 partus
1160 4591 1213 4636 et
1234 4581 1458 4635 filiorum
1481 4580 1844 4647 educationes,

261 4695 319 4740 et
362 4680 507 4753 quod
561 4693 627 4735 ex
680 4677 802 4732 aliis
850 4688 1215 4740 nasceremur,
1245 4687 1344 4728 nos
1390 4680 1576 4726 mutuo
1622 4671 1844 4742 colliga-

264 4783 408 4830 rent.
437 4771 563 4828 Ideo
600 4784 776 4840 neque
805 4767 1084 4823 mulierem
1121 4780 1185 4819 ex
1216 4773 1354 4819 terra
1386 4762 1527 4817 fecit.
1552 4762 1683 4830 Quia
1705 4763 1846 4817 enim

263 4879 373 4920 non
400 4863 532 4918 satis
555 4869 674 4916 erat
699 4859 766 4914 ad
791 4856 1169 4914 verecundiam
1209 4855 1260 4908 in
1297 4853 1451 4907 nobis
1482 4852 1845 4919 inserendam,

261 4970 388 5025 qua:
415 4953 484 5009 ad
509 4951 851 5008 concordiam
889 4963 988 5004 nos
1025 4947 1338 5012 adduceret,
1375 4944 1514 5015 quod
1559 4960 1624 4999 ex
1660 4944 1846 5000 eadem

261 5044 566 5103 substantia
595 5057 838 5098 essemus
860 5080 875 5106 ,
908 5039 1010 5094 nisi
1035 5036 1286 5094 eumdem
1317 5035 1641 5091 haberemus
1670 5049 1851 5105 proge-

263 5140 499 5192 nitorem
534 5153 549 5190 :
597 5133 702 5190 hoc
745 5145 959 5203 quoque
1004 5129 1202 5185 eﬂ‘ecit.
1246 5127 1300 5182 Si
1344 5125 1486 5181 enim
1526 5139 1669 5180 nunc
1719 5125 1851 5180 solis

261 5227 522 5299 disjuncti
566 5226 730 5290 locis,
761 5223 968 5278 alienos
1011 5235 1111 5275 nos
1145 5216 1558 5279 existimamus;
1594 5215 1640 5270 si
1681 5228 1852 5286 genus

263 5332 513 5380 nostrum
551 5321 661 5377 duo
697 5318 957 5390 principia
1000 5314 1310 5378 habuisset,
1351 5312 1521 5367 multo
1553 5312 1722 5382 magis
1749 5311 1852 5368 hoc

261 5419 530 5476 eveniret.
573 5415 716 5480 Ideo,
761 5415 912 5485 quasi
957 5411 1025 5467 ab
1067 5424 1172 5466 uno
1197 5407 1391 5479 capite,
1424 5415 1594 5463 totum
1638 5406 1852 5478 generis

262 5509 487 5563 humani
533 5519 730 5573 corpus
767 5501 1057 5572 colligavit.
1092 5499 1159 5554 Et
1187 5498 1308 5569 quia
1359 5496 1413 5551 in
1455 5496 1718 5567 principio
1745 5495 1852 5552 duo

259 5598 484 5668 quidam
517 5594 838 5651 videbantur
863 5583 985 5648 esse
1008 5632 1024 5657 ,
1049 5589 1172 5644 vide
1192 5586 1460 5659 quomodo
1485 5586 1605 5641 illos
1627 5585 1851 5657 conglu-

261 5690 402 5743 tinet
427 5699 484 5743 et
515 5688 570 5742 in
600 5701 764 5740 unum
793 5691 949 5755 cogat
975 5697 1070 5752 per
1095 5677 1420 5737 connubium
1461 5697 1474 5733 :
1508 5677 1726 5748 Propter
1759 5679 1852 5732 hoc

256 5782 436 5846 enim,
464 5779 658 5850 inquit,
691 5777 934 5845 relinquet
964 5775 1113 5828 homo
1143 5781 1336 5843 patrem
1361 5786 1509 5824 suum
1549 5781 1594 5824 et
1619 5779 1848 5831 matrem,

259 5881 307 5925 et
338 5872 620 5928 adhcrebit
661 5870 808 5931 uxori
857 5882 984 5933 sate,
1039 5875 1085 5920 et
1125 5871 1271 5918 erant
1315 5862 1420 5916 duo
1463 5863 1517 5915 in
1559 5877 1710 5916 carne
1751 5878 1851 5915 una

1245 423 1311 482 IN
1349 423 1563 482 EPIS’I‘.
1604 419 1624 477 I
1685 419 1779 478 AD
1815 417 1971 474 (ΞΟΠ.
2014 419 2245 474 IIOMIL.
2289 415 2528 474 XXXIV.

3422 422 3520 478 230

1940 530 2186 600 (σακε.
2219 531 2347 602 ει).
2390 533 2507 588 Non
2546 532 2718 600 dixit,
2766 534 2985 601 Mulier,
3031 537 3348 606 schlomo,
3399 543 3521 609 quia
3549 520 3557 533 ⁷

1938 621 2110 692 major
2133 632 2214 678 est
2259 623 2310 677 in
2343 623 2432 678 illo
2456 625 2911 694 concupiscentia.
2948 626 3081 682 Nam
3111 628 3233 686 ideo
3263 632 3522 701 majorem

1939 713 2082 767 illam
2128 713 2273 781 fecit,
2319 724 2376 770 ut
2415 716 2556 785 quod
2602 718 2952 775 excellentius
2996 730 3114 776 erat
3141 722 3380 780 flecteret
3429 741 3525 795 per

1939 803 2095 872 hujus
2124 807 2323 860 amoris
2351 808 2712 878 tyrannidem,
2746 819 2801 864 et
2837 811 3176 868 imbecilliori
3207 816 3521 884 subjiceret.

1939 895 2070 962 Quia
2099 911 2228 952 vero
2253 899 2648 952 matrimonium
2671 901 2830 955 etiam
2856 902 3210 959 inducendum
3237 917 3374 973 erat,
3397 925 3521 963 enm

1939 1001 2004 1042 ex
2031 1002 2139 1058 quo
2166 998 2278 1043 orta
2311 998 2426 1044 erat
2465 989 2591 1045 fecit
2619 989 2832 1046 mulieri
2873 994 3123 1049 maritum
3160 1014 3171 1047 :
3207 997 3346 1053 Deus
3373 1000 3517 1054 enim

1938 1081 2115 1135 omnia
2146 1082 2353 1136 caritati
2384 1081 2676 1152 postponit.
2709 1081 2764 1138 Si
2796 1085 2940 1139 enim
2970 1097 3092 1140 cum
3122 1101 3209 1142 res
3255 1088 3326 1142 ita
3367 1088 3522 1145 facta:

1939 1173 2083 1238 sint,
2114 1174 2318 1243 primus
2347 1175 2528 1228 statim
2562 1176 2640 1230 sic
2669 1176 2919 1231 insanivit
2946 1187 3254 1251 tantamque
3295 1198 3520 1252 pugnam

1937 1273 1992 1319 et
2019 1265 2267 1320 invidiam
2310 1266 2532 1320 inseruit
2560 1267 2807 1322 diabolus
2841 1285 2855 1333 ;
2899 1269 3025 1339 quid
3061 1286 3166 1325 non
3199 1272 3442 1338 fecisset,
3475 1276 3521 1328 si

1938 1373 2044 1416 non
2065 1373 2128 1413 ex
2160 1375 2263 1415 una
2285 1360 2464 1416 radice
2493 1362 2593 1416 orti
2621 1365 3046 1432 germinasscnt?
3069 1365 3268 1422 Deinde
3297 1378 3352 1424 ut
3378 1369 3524 1425 aliud

1937 1451 2147 1520 quidem
2178 1452 2549 1521 subjiceretur,
2589 1455 2730 1509 aliud
2777 1455 3108 1525 imperaret;
3158 1475 3279 1514 nam
3315 1463 3516 1530 paritas

1938 1540 2161 1597 honoris
2185 1544 2323 1599 solet
2344 1560 2486 1615 saepe
2517 1561 2721 1616 pugnas
2750 1547 3000 1604 inducere
3027 1568 3040 1615 ;
3072 1566 3176 1606 non
3204 1553 3324 1607 sivit
3358 1570 3525 1623 popu-

1938 1632 2050 1686 lare
2079 1634 2360 1703 imperium
2389 1651 2530 1701 esse,
2556 1638 2647 1692 sed
2669 1653 2910 1708 regnum,
2943 1650 2996 1694 et
3022 1643 3159 1696 sicut
3188 1643 3238 1697 in
3262 1650 3521 1714 exerci'u,

1937 1725 2185 1782 eumdem
2213 1727 2410 1782 videris
2455 1730 2505 1783 in
2545 1731 2769 1799 singulis
2815 1731 3062 1788 domibus
3109 1735 3373 1790 ordinem.
3423 1737 3520 1792 Est

1938 1835 2066 1888 ergo
2095 1822 2316 1875 maritus
2347 1822 2397 1874 in
2428 1821 2618 1876 ordine
2645 1823 2786 1892 regis
2807 1865 2820 1888 ,
2857 1825 3048 1879 mulier
3077 1842 3206 1880 vero
3236 1827 3286 1880 in
3332 1828 3521 1882 ordine

1941 1910 2175 1981 prtcfecti
2223 1920 2314 1964 aut
2354 1912 2504 1966 ducis
2531 1915 2834 1976 exercitus;
2869 1916 3083 1968 tertium
3115 1915 3208 1970 lilii
3239 1917 3520 1986 imperium

1940 2003 2273 2067 sortiuntur;
2331 2005 2526 2060 deinde
2575 2017 2821 2077 quartum
2875 2008 3154 2064 domestici
3209 2021 3522 2081 occupant:

1941 2111 2061 2150 nam
2109 2097 2161 2150 hi
2194 2112 2406 2167 quoque
2456 2097 2722 2167 imperant
2751 2098 3066 2163 minoribus,
3117 2111 3169 2156 et
3211 2117 3346 2157 unus
3381 2118 3524 2172 smpe

1938 2191 2188 2246 omnibus
2235 2193 2521 2261 praefectus
2572 2191 2700 2258 fuit,
2747 2192 2947 2248 domini
2987 2193 3229 2250 ordinem
3279 2210 3520 2261 servans,

1937 2292 2188 2337 caeterum
2218 2293 2273 2337 ut
2298 2283 2643 2338 domesticus.
2665 2284 2730 2338 Et
2760 2295 2881 2355 post
2914 2285 3015 2341 hoc
3041 2287 3184 2342 aliud
3216 2303 3398 2343 rursus
3424 2289 3525 2343 im-

1939 2375 2143 2444 perium
2163 2375 2239 2446 (a)
2259 2373 2335 2447 [et
2357 2377 2406 2430 in
2426 2377 2576 2446 ipsis,
2606 2377 2882 2446 imperium
2906 2377 3210 2444 mulierum,
3244 2381 3522 2451 imperium

1941 2465 2232 2537 filiorum],
2281 2475 2336 2522 et
2378 2467 2433 2521 in
2465 2467 2595 2537 ipsis
2641 2467 2764 2524 filiis
2793 2484 2978 2524 rursus
3028 2470 3170 2524 aliud
3227 2472 3522 2526 secundum

1946 2567 2150 2614 aetatem
2190 2569 2244 2614 et
2292 2561 2586 2615 secundum
2630 2576 2816 2616 sexum
2851 2579 2864 2615 :
2898 2577 3004 2617 non
3054 2564 3196 2618 enim
3240 2565 3291 2618 in
3341 2564 3524 2619 liberis

1939 2651 2186 2705 similiter
2214 2652 2546 2707 dominatum
2576 2653 2781 2708 obtinet
2818 2654 3035 2709 femina.
3079 2655 3143 2709 Et
3187 2657 3381 2725 ubique
3413 2656 3524 2712 fere

1940 2741 2080 2796 Deus
2139 2741 2433 2812 frequentia
2474 2742 2598 2798 fecit
2650 2744 2906 2813 imperia,
2965 2754 3022 2798 ut
3074 2747 3254 2798 omnia
3305 2746 3354 2800 in
3387 2763 3520 2801 con-

1939 2834 2120 2888 cordia
2163 2844 2441 2888 manerent
2479 2845 2532 2889 et
2567 2835 2618 2888 in
2657 2845 2802 2888 recto
2843 2835 3055 2890 ordine.
3108 2835 3332 2903 Idcirco,
3368 2849 3523 2892 antc—

1939 2941 2098 2994 quam
2135 2940 2302 2995 genus
2351 2925 2638 2980 humanum
2687 2926 3152 2995 multiplicaretur,
3199 2942 3319 2981 cum
3366 2928 3524 2998 primi

1939 3016 2047 3071 duo
2066 3026 2264 3070 tantum
2284 3026 2488 3082 essent,
2503 3016 2662 3087 jussit
2685 3016 2823 3071 hunc
2843 3018 3128 3088 imperare,
3150 3018 3291 3072 illam
3316 3034 3524 3089 parere.

1941 3109 2007 3163 Et
2052 3124 2120 3164 ne
2165 3123 2352 3162 rursus
2399 3109 2542 3162 illam
2578 3118 2634 3162 ut
2663 3109 2926 3164 minorem
2976 3109 3313 3179 despiceret,
3354 3120 3408 3166 et
3435 3111 3524 3164 illa

1939 3201 2358 3266 abscinderetur,
2406 3201 2526 3255 vide
2568 3201 2838 3270 quomodo
2883 3201 3028 3255 illam
3071 3202 3418 3256 lienoraverit
3464 3213 3520 3256 et

1941 3296 2297 3365 eonjunxerit,
2327 3295 2487 3350 etiam
2517 3304 2642 3349 ante
2663 3295 3015 3350 creationem.
3043 3294 3174 3349 Nam
3195 3296 3270 3349 ait
3298 3313 3311 3348 :
3349 3294 3527 3349 Facia-

1941 3404 2053 3441 mus
2081 3387 2159 3442 illi
2187 3387 2472 3456 adjutorem
2520 3385 2667 3457 (Gen.
2697 3387 2750 3440 2.
2785 3386 2877 3456 18)
2908 3401 2922 3450 ;
2967 3386 3255 3441 ostendens
3291 3386 3432 3440 illam
3475 3387 3528 3440 in

1944 3494 2096 3533 usum
2144 3477 2334 3532 factam
2366 3477 2565 3544 fuisse,
2596 3488 2649 3531 et
2678 3477 2776 3532 hac
2808 3479 3016 3532 ratione
3051 3477 3349 3532 concilians
3381 3477 3526 3532 illum

1944 3585 2065 3626 cum
2094 3587 2177 3635 ea,
2211 3587 2328 3640 qua:
2357 3581 2577 3641 propter
2616 3570 2789 3639 ipsum
2835 3567 2972 3624 facta
3003 3568 3100 3623 fuit
3129 3585 3143 3622 :
3174 3585 3294 3623 nam
3341 3571 3530 3639 majori

1945 3664 2137 3718 affectu
2170 3663 2390 3719 ferimur
2431 3678 2553 3732 erga
2596 3679 2658 3717 ea
2688 3679 2806 3732 qua:
2836 3671 3058 3732 propter
3090 3677 3189 3716 nos
3217 3662 3352 3716 facta
3381 3672 3526 3718 sunt.

1947 3759 2016 3814 Ut
2038 3775 2102 3813 ne
2127 3767 2302 3813 autem
2328 3757 2414 3811 illa
2442 3771 2629 3811 rursus
2655 3755 2957 3819 efferretur,
2991 3765 3170 3824 utpote
3198 3755 3249 3809 in
3272 3757 3527 3811 auxilium

1949 3855 2046 3924 ipsi
2073 3853 2215 3913 data,
2248 3860 2301 3906 et
2331 3850 2431 3905 hoc
2455 3859 2728 3920 rumperet
2755 3850 3050 3916 vinculum,
3089 3865 3151 3903 ex
3186 3848 3350 3903 latere
3380 3848 3526 3902 illam

1949 3946 2094 4010 fecit,
2143 3942 2435 3998 ostendens
2477 3941 2622 3996 illam
2665 3950 2866 4010 partem
2901 3954 3022 3994 esse
3057 3939 3220 3992 totius
3261 3939 3530 4008 corporis.

1952 4038 2020 4094 Ut
2046 4048 2222 4092 autem
2267 4049 2440 4104 neque
2471 4034 2552 4088 vir
2593 4033 2718 4088 inde
2756 4031 3125 4096 extolleretnr,
3156 4046 3260 4084 non
3307 4030 3534 4099 amplius

1950 4133 2078 4188 sinit
2105 4145 2224 4186 esse
2250 4130 2436 4188 solius,
2467 4125 2609 4199 quod
2638 4127 2807 4181 solius
2836 4125 3064 4196 primum
3097 4124 3192 4178 fuit
3225 4141 3238 4186 ;
3280 4123 3373 4177 sed
3401 4138 3531 4176 con-

1953 4225 2171 4280 trarium
2219 4223 2364 4289 fecit,
2412 4222 2699 4276 liberorum
2752 4218 3177 4289 procreationem
3227 4215 3532 4279 inducens;

1951 4325 2004 4372 et
2029 4315 2128 4368 hac
2157 4315 2207 4368 in
2237 4328 2295 4367 re
2320 4311 2534 4383 quidem
2561 4311 2732 4364 virum
2777 4307 3091 4380 praeferens,
3141 4323 3312 4377 neque
3356 4314 3529 4360 tamen

1953 4415 2120 4464 totum
2145 4406 2242 4476 ipsi
2272 4403 2597 4474 relinquens.

2023 4499 2076 4554 4.
2113 4496 2353 4552 Vidistin‘
2376 4504 2500 4564 quot
2537 4494 2733 4548 amoris
2762 4491 2972 4547 vincula
3003 4491 3142 4546 Dens
3175 4490 3405 4545 fecerit?
3429 4488 3534 4544 Sed

1958 4593 2070 4648 hmc
2111 4589 2323 4661 quidem
2371 4605 2436 4644 ex
2496 4598 2680 4642 natura
2728 4584 3028 4640 concordia:
3077 4585 3290 4653 pignora
3337 4581 3537 4651 posuit.

1955 4683 2085 4739 Nam
2114 4681 2254 4753 quod
2283 4697 2346 4735 cx
2387 4679 2575 4736 eadem
2619 4677 2912 4732 substantia
2962 4676 3052 4738 sit,
3098 4674 3163 4728 ad
3205 4674 3308 4728 hoc
3345 4672 3538 4727 ducit:

1954 4794 2114 4834 omne
2144 4778 2341 4848 quippe
2380 4771 2577 4829 animal
2621 4770 2762 4841 quod
2802 4769 2977 4824 simile
3023 4768 3120 4836 ipsi
3164 4775 3247 4820 est
3272 4774 3454 4828 amat;
3488 4772 3538 4818 ct

1955 4871 2094 4944 quod
2123 4869 2316 4924 mulier
2345 4868 2415 4923 sit
2444 4881 2508 4921 ex
2535 4867 2652 4920 viro
2676 4905 2690 4930 ,
2723 4871 2777 4917 et
2805 4861 2945 4930 quod
2976 4874 3041 4913 ex
3069 4867 3294 4926 utroque
3325 4871 3538 4910 rursum

1956 4965 2061 5021 sint
2091 4962 2205 5018 ﬁlii.
2233 4960 2388 5018 Unde
2418 4960 2578 5014 etiam
2611 4963 2900 5011 nascuntur
2929 4951 3082 5006 multi
3121 4949 3344 5005 affectus
3372 4949 3538 5004 modi.

1956 5057 2110 5112 Illum
2156 5068 2385 5125 namque
2427 5060 2482 5105 ut
2513 5056 2718 5121 patrem
2745 5060 2984 5101 amamus
3007 5085 3022 5110 ,
3061 5044 3208 5098 illum
3253 5052 3314 5099 ut
3340 5057 3538 5108 avum;

1958 5161 2005 5207 et
2037 5150 2180 5204 illam
2207 5158 2264 5200 ut
2291 5154 2543 5206 matrem,
2571 5141 2724 5196 istam
2765 5147 2823 5193 ut
2849 5137 3150 5201 nutricem;
3196 5136 3358 5191 alium
3392 5146 3448 5190 ιιι
3474 5135 3541 5189 ﬁ-

1957 5243 2110 5311 lium,
2138 5250 2196 5296 ut
2240 5246 2511 5308 nepotem,
2553 5243 2608 5289 ut
2653 5239 3043 5303 pronepotem;
3089 5229 3250 5284 aliam
3279 5237 3339 5285 ut
3378 5223 3542 5282 filiam

1958 5345 2014 5392 et
2037 5343 2094 5389 ut
2117 5331 2318 5388 sororis
2345 5329 2506 5383 ﬁliam
2532 5345 2544 5380 :
2565 5333 2616 5381 et
2637 5325 2778 5380 hunc
2797 5323 3009 5396 quidem
3038 5331 3094 5378 ut
3115 5321 3354 5386 fratrem,
3378 5321 3539 5373 alium

1958 5445 2089 5486 vero
2118 5436 2174 5481 ut
2202 5421 2493 5496 patruelem
2520 5438 2534 5486 ;
2563 5420 2719 5474 aliam
2751 5427 2808 5472 ut
2833 5431 3095 5483 sororem,
3123 5415 3280 5468 aliam
3313 5420 3370 5465 nt
3407 5426 3544 5464 con-

1959 5520 2249 5579 sobrinam.
2283 5515 2350 5570 Et
2381 5511 2507 5583 quid
2538 5525 2672 5580 Opus
2701 5518 2784 5564 est
2810 5521 3098 5562 recensere
3133 5505 3310 5559 omnia
3341 5517 3543 5573 cogna-

1959 5612 2121 5669 tionis
2151 5606 2365 5664 nomina
2393 5605 2417 5659 ?
2451 5601 2784 5673 Excogitavit
2811 5599 2970 5654 etiam
3012 5597 3172 5651 aliam
3203 5593 3425 5650 affectus
3451 5608 3543 5646 oc-

1957 5711 2226 5768 casionem
2264 5723 2276 5760 :
2301 5700 2583 5774 prohibitis
2604 5697 2747 5754 enim
2774 5702 3121 5766 cognatorum
3149 5688 3452 5753 connubiis,
3475 5684 3540 5742 ad

2025 5866 2098 5929 (a)
2131 5862 2322 5912 Uncinis
2339 5858 2500 5908 clausa
2525 5866 2554 5905 e
2581 5851 2866 5906 Commelin.
2893 5845 3240 5912 supplevimus.
