4112 6224
580 389 678 445 29!

578 505 786 558 alienos
813 497 995 554 eduxit
1023 508 1118 549 nos
1139 534 1152 555 ,
1189 491 1416 559 illosque
1447 501 1658 542 rursum
1700 483 1766 537 ad
1795 499 1892 537 nos
1919 483 2163 536 attraxit.

581 595 716 660 Quia
748 591 890 646 enim
923 605 952 642 a
979 583 1203 638 naturali
1228 582 1318 634 illa
1349 579 1666 650 cognatione
1689 593 1792 631 non
1824 574 2019 629 licebat
2045 571 2166 626 illos

583 687 739 741 nobis
765 679 1036 750 conjungi,
1063 693 1092 730 a
1117 675 1390 731 connubio
1411 685 1597 728 rursus
1616 669 1912 739 conjunxit,
1933 668 2168 736 integras

579 777 769 831 domos
799 787 895 843 per
920 784 1083 824 unam
1113 781 1360 837 sponsam
1385 764 1738 834 conjungens,
1775 769 1829 816 et
1856 773 2050 829 genera
2083 757 2168 811 iu-

579 879 727 935 tegra
757 861 1047 932 generibus
1075 857 1452 914 commisceus.
1497 853 1580 908 Ne
1603 854 1781 918 ducas,
1815 849 2008 920 inquit,
2040 865 2169 902 uxo-

577 974 684 1013 rem
723 970 944 1008 sororem
970 962 1108 1005 luam
1128 991 1142 1015 ,
1167 966 1326 1019 neque
1355 962 1577 1002 sororem
1615 943 1795 1016 patris,
1827 957 1986 1011 neque
2012 940 2167 994 aliam

580 1048 800 1120 puellam
849 1059 962 1116 quae
990 1043 1141 1097 talem
1170 1050 1332 1095 tecum
1369 1037 1718 1110 cognationem
1761 1033 1939 1088 habeat
1969 1029 2166 1104 (Leuit.

580 1139 672 1194 18.
729 1137 864 1192 810
895 1138 946 1205 ),
990 1149 1111 1204 qua:
1157 1129 1557 1187 matrimonium
1603 1124 1900 1194 impediat,
1953 1121 2169 1176 nomina

583 1242 790 1301 potiens
818 1222 1123 1295 hujusmodi
1154 1221 1554 1292 cognationum.
1586 1217 1704 1272 'l'ihi
1731 1214 1929 1270 sufficit
1953 1213 2018 1268 ad
2047 1213 2170 1268 illu-

582 1337 698 1374 rum
747 1318 997 1372 allectum
1049 1313 1409 1376 trahendum,
1463 1307 1604 1380 quod
1649 1306 1838 1363 eodem
1898 1315 2047 1376 partu
2097 1304 2171 1358 sis

581 1411 779 1474 editus,
811 1418 865 1463 et
902 1406 1044 1478 quod
1073 1405 1141 1460 ad
1174 1413 1227 1460 te
1261 1403 1419 1458 aliter
1444 1401 1563 1455 alia:
1590 1408 1833 1470 spectent
1859 1397 2168 1451 affinitates.

545 1555 550 1562 .
581 1502 688 1558 Cur
716 1503 766 1556 iu
798 1509 1081 1572 angustum
1107 1498 1304 1568 redigis
1325 1493 1661 1550 latitudinem
1683 1491 1920 1547 caritatis
1949 1490 2088 1544 ?cur
2119 1490 2170 1543 in

584 1594 726 1661 illam
773 1592 969 1646 frustra
1015 1589 1243 1658 suscipis
1296 1585 1545 1642 amicitiae
1585 1598 1824 1649 causam,
1872 1598 1967 1652 per
2013 1597 2170 1650 quam

583 1695 738 1755 potes
777 1683 934 1738 aliam
964 1680 1218 1751 consequi
1263 1677 1513 1733 amicitiae
1547 1676 1906 1740 occasionem,
1951 1685 2173 1728 externa

584 1777 798 1833 inducta
831 1789 1018 1840 uxore,
1048 1783 1102 1828 et
1129 1788 1224 1842 per
1247 1772 1391 1826 illam
1427 1769 1687 1824 inducens
1711 1775 2060 1838 cognatorum
2084 1782 2174 1820 se-

585 1871 739 1932 riem,
774 1879 1018 1930 matrem,
1069 1875 1294 1934 patrem,
1351 1861 1546 1916 fratres
1593 1870 1647 1916 et
1686 1860 1898 1914 illorum
1946 1858 2174 1914 affines?

589 1958 774 2012 Videu‘
818 1967 945 2027 quot
991 1955 1162 2010 modis
1191 1969 1289 2008 nos
1319 1951 1652 2022 colligaverit
1676 1951 1699 2002 ’ἰ
1726 1953 1974 2004 Attamen
2002 1965 2176 2020 neque

590 2050 672 2103 his
701 2058 986 2103 contentus
1010 2045 1127 2110 fuit,
1160 2044 1252 2100 sed
1277 2043 1437 2098 etiam
1462 2041 1640 2096 effecit
1669 2051 1725 2095 ut
1752 2041 1844 2094 alii
1876 2040 1995 2095 aliis
2034 2040 2176 2094 iudi-

585 2155 852 2211 geremus,
880 2147 936 2192 ιιι
955 2136 1117 2191 etiam
1148 2135 1226 2190 sic
1256 2148 1355 2188 nos
1379 2132 1748 2202 conjungeret,
1773 2131 1895 2201 quia
1917 2130 2179 2185 amicitias

589 2249 715 2288 usus
744 2232 887 2287 facit.
936 2230 1061 2285 ideo
1089 2243 1193 2283 nou
1224 2228 1420 2298 ubique
1449 2227 1625 2280 omnia
1655 2225 1794 2294 gigui
1838 2225 2095 2293 permisit,
2123 2233 2180 2277 ut

589 2326 714 2380 hiuc
759 2323 921 2378 etiam
956 2337 1054 2376 nos
1083 2327 1302 2390 cogeret
1343 2335 1463 2372 cum
1493 2317 1610 2371 aliis
1639 2316 2000 2370 commisceri.
2042 2313 2176 2368 Cum

591 2433 750 2486 porro
780 2414 908 2470 illud
935 2413 1200 2469 eﬂ‘ecisset
1248 2420 1308 2465 ιιι
1347 2412 1482 2465 alter
1509 2409 1678 2464 altero
1703 2423 1980 2478 egeremus
2002 2449 2018 2473 ,
2049 2406 2178 2461 faci-

589 2510 694 2564 lem
742 2507 970 2563 rcddidit
1012 2503 1447 2559 commixtionem
1479 2519 1492 2556 :
1527 2500 1625 2554 nisi
1674 2500 1815 2554 enim
1864 2497 1966 2552 huc
1994 2506 2175 2560 esset,

589 2601 756 2653 altera
781 2598 907 2652 hinc
931 2595 1174 2650 molestia
1203 2604 1254 2648 et
1279 2591 1570 2647 difficultas
1595 2598 1916 2659 emergeret.
1947 2587 2002 2644 Si
2029 2589 2176 2643 enim

589 2689 802 2744 medico
827 2695 1074 2758 egentem
1103 2693 1195 2740 aut
1223 2684 1372 2739 fabro
1408 2693 1498 2736 aut
1524 2683 1630 2736 alio
1670 2682 1877 2736 artifice
1903 2691 2111 2751 oportet
2126 2689 2181 2736 et.

590 2794 818 2852 peregre
848 2777 1132 2850 proficisci,
1165 2785 1330 2831 totum
1367 2775 1582 2843 periret.
1609 2771 1735 2827 Ideo
1764 2780 1817 2826 et
1842 2772 1999 2826 urbes
2023 2786 2180 2840 para-

593 2873 690 2937 vit,
714 2877 768 2925 et
791 2883 980 2924 omnes
1002 2865 1156 2920 simul
1175 2863 1474 2934 conjunxit.
1496 2860 1564 2917 Ut
1585 2870 1761 2916 autem
1785 2876 1878 2916 eos
1891 2862 1977 2930 qui
1999 2861 2180 2930 procul

592 2970 717 3018 sunt
753 2960 908 3016 facile
935 2959 1083 3014 adire
1125 2972 1425 3028 possemus,
1459 2970 1605 3009 mare
1627 2955 1678 3008 in
1706 2953 1883 3008 medio
1920 2954 2180 3020 extendit,

590 3063 644 3109 et
693 3063 972 3108 ventorum
1019 3049 1170 3104 dedit
1213 3048 1561 3112 celeritatem,
1609 3046 1686 3100 sic
1725 3044 1906 3100 faciles
1951 3044 2184 3100 reddens

592 3143 1066 3216 peregrinationes.
1117 3138 1274 3196 initio
1316 3140 1477 3193 etiam
1523 3152 1710 3191 omnes
1760 3137 1813 3190 in
1862 3151 1968 3191 uno
2010 3138 2184 3208 coegit

593 3240 747 3304 loco;
773 3250 946 3306 neque
975 3234 1121 3303 prius
1149 3229 1425 3302 dispersit,
1459 3229 1633 3284 donec
1657 3229 1690 3283 ii
1716 3229 1806 3298 qui
1829 3229 2060 3298 primum
2087 3229 2183 3283 do-

594 3348 722 3387 num
752 3335 1089 3399 acceperant,
1125 3323 1414 3380 concordia
1444 3322 1510 3377 ad
1551 3323 1748 3377 malum
1778 3322 1856 3375 usi
1888 3330 2054 3387 sunt;
2087 3321 2181 3376 sed

593 3424 828 3494 undique
859 3436 958 3477 nos
982 3419 1222 3488 collegit,
1246 3427 1298 3473 et
1319 3433 1350 3471 a
1379 3425 1566 3471 natura
1598 3425 1649 3470 et
1671 3431 1702 3469 a
1727 3414 2046 3484 cognatione
2071 3423 2124 3468 et
2153 3429 2182 3468 a

595 3517 771 3585 lingua
816 3523 870 3568 et
904 3528 933 3566 a
973 3513 1115 3567 loco.
1154 3510 1231 3564 Ac
1270 3509 1409 3563 sicut
1454 3506 1666 3562 uolebat
1709 3518 1807 3560 nos
1839 3505 2089 3560 excidere
2118 3519 2182 3559 cx

592 3607 938 3679 paradiso;si
961 3606 1107 3660 enim
1137 3602 1415 3666 voluisset,
1445 3616 1552 3655 nou
1577 3599 1685 3654 illic
1709 3614 1831 3653 eum
1855 3613 2013 3667 quem
2045 3596 2184 3652 fece-

595 3708 678 3754 rat
705 3697 976 3752 hominem
1011 3697 1062 3751 in
1097 3695 1358 3765 principio
1383 3693 1667 3763 posuisset,
1691 3690 1784 3746 sed
1806 3689 1895 3760 qui
1926 3704 2030 3743 non
2055 3689 2184 3743 obe-

595 3791 750 3857 divit,
786 3789 838 3844 in
883 3803 1042 3844 causa
1073 3788 1172 3843 fuit
1205 3807 1218 3842 :
1253 3791 1331 3842 sic
1359 3801 1456 3839 nos
1493 3784 1708 3840 nolebat
1736 3783 1965 3838 diversa:
1994 3781 2183 3852 lingua:

599 3898 755 3949 esse;
787 3897 907 3936 nam
934 3879 1001 3935 ab
1028 3880 1178 3934 initio
1208 3878 1312 3934 hoc
1341 3877 1552 3932 fecisset
1584 3893 1598 3942 ;
1630 3891 1770 3930 nunc
1791 3887 1970 3929 autem
1997 3876 2048 3927 in
2077 3881 2184 3927 tota

598 3984 741 4029 terra
774 3972 971 4028 labium
1017 3979 1133 4026 erat
1173 3985 1332 4024 unum
1375 3978 1429 4023 et
1465 3983 1564 4021 vox
1607 3980 1711 4020 una
1753 3964 2024 4019 omnibus.
2055 3963 2185 4018 Pro-

600 4076 782 4136 ptetca
812 4079 909 4119 nec
938 4062 1151 4134 quando
1173 4071 1371 4116 terram
1399 4059 1632 4130 oportuit
1651 4054 1839 4119 deleri,
1867 4070 1963 4108 nos
1989 4070 2053 4108 ex
2077 4055 2182 4108 alia

603 4156 725 4212 fecit
768 4155 1012 4217 materia,
1046 4168 1221 4222 neque
1259 4151 1464 4222 justum
1511 4145 1818 4211 transtulit;
1854 4144 1948 4199 sed
1995 4144 2086 4198 illo
2133 4144 2184 4198 in

601 4248 790 4305 mediis
807 4247 1055 4302 fluctibus
1074 4243 1318 4307 dimisso,
1343 4242 1494 4312 quasi
1515 4239 1742 4311 quadam
1765 4237 1912 4292 orbis
1933 4237 2184 4303 scintilla,

601 4359 769 4413 genus
798 4348 1040 4395 nostrum
1073 4350 1257 4392 rursus
1287 4335 1532 4390 accendit
1554 4350 1618 4390 ex
1652 4335 1808 4390 beato
1837 4334 1927 4388 illo
1957 4334 2086 4389 Noe.
2121 4333 2188 4388 Et

603 4436 671 4489 ab
699 4433 852 4489 initio
881 4433 1095 4502 quidem
1125 4445 1288 4484 unum
1332 4428 1458 4482 fecit
1488 4427 1770 4497 imperium
1799 4427 1970 4481 virum
2009 4423 2180 4494 praefi-

603 4526 752 4580 ciens
795 4521 1004 4576 mulieri
1037 4539 1049 4574 :
1082 4519 1204 4588 quia
1232 4533 1362 4573 vero
1389 4532 1561 4588 genus
1600 4524 1841 4572 nostrum
1873 4515 1926 4570 in
1966 4515 2187 4568 multam

604 4613 805 4671 decidit
833 4611 1036 4666 ordinis
1063 4611 1420 4672 eversionem,
1450 4608 1554 4662 alia
1582 4623 1792 4677 quoque
1820 4607 2039 4676 imperia
2061 4620 2192 4660 con-

605 4706 813 4771 stituit,
846 4717 1038 4772 nempe
1082 4701 1423 4754 dominorum
1453 4708 1508 4753 et
1533 4700 1974 4768 magisu'atuum;
2007 4705 2062 4752 et
2090 4697 2193 4754 hoc

606 4807 825 4870 propter
855 4795 1154 4851 caritatem.
1184 4791 1318 4858 Quia
1346 4788 1489 4845 enim
1522 4788 1720 4843 malitia
1751 4803 1921 4858 genus
1951 4797 2190 4843 nostrum

605 4892 766 4947 solvit
787 4899 844 4947 et
863 4891 1100 4962 perimit,
1127 4902 1227 4943 ceu
1252 4882 1512 4956 quosdam
1541 4880 1778 4937 medicos
1809 4883 1860 4935 in
1889 4879 2080 4935 mediis
2105 4897 2194 4935 ur-

609 4981 765 5036 bibus
789 4981 1067 5034 constituit
1093 4979 1183 5049 qui
1201 4977 1401 5049 judicia
1425 4973 1650 5036 ferrent,
1683 4979 1743 5027 ut
1767 4971 2018 5041 deinceps
2043 4971 2196 5026 malio

610 5070 734 5125 tiam
766 5085 863 5122 ceu
902 5068 1184 5138 quamdam
1211 5067 1450 5124 caritatis
1495 5074 1697 5137 pestem
1727 5065 2066 5120 elimiuantes
2092 5105 2108 5129 ,
2141 5064 2194 5118 in

612 5175 772 5216 unum
805 5175 903 5213 nos
925 5169 1199 5226 cogerent.
1231 5159 1299 5214 Ut
1328 5168 1505 5214 autem
1537 5175 1642 5214 non
1671 5159 1842 5213 solum
1873 5157 1924 5211 in
1950 5155 2190 5218 urbibus,

613 5252 706 5311 sed
737 5252 896 5306 etiam
923 5250 975 5304 in
1003 5249 1228 5319 singulis
1248 5249 1499 5304 domibus
1527 5251 1692 5304 multa
1714 5249 1998 5306 concordia
2021 5257 2193 5314 esset;

611 5362 733 5403 cum
761 5343 935 5399 virum
963 5341 1188 5410 imperio
1215 5348 1269 5394 et
1300 5339 1659 5409 praecellentia
1691 5340 2008 5396 honorasset
2029 5380 2043 5403 ,
2074 5355 2196 5391 nm-

613 5439 796 5494 lierem
827 5447 1004 5491 autem
1043 5432 1476 5504 concupiscentia
1506 5441 1803 5498 armasset,
1851 5440 1909 5488 et
1946 5445 2197 5500 procrea-

614 5531 774 5586 tionis
800 5530 1088 5586 liberorum
1116 5527 1317 5583 donum
1343 5529 1395 5582 in
1425 5525 1602 5581 medio
1631 5541 1816 5581 eorum
1838 5523 2192 5594 deposuisset,

614 5623 716 5674 alia
745 5637 865 5676 cum
916 5620 999 5674 bis
1041 5634 1161 5690 qua:
1204 5620 1479 5674 caritatem
1518 5618 1871 5673 conciliarent
1899 5615 2193 5685 apparavit.

619 5709 798 5778 Neque
838 5710 979 5764 enim
1009 5710 1186 5763 omnia
1214 5708 1456 5778 permisit
1483 5707 1598 5762 viro
1617 5748 1631 5774 ,
1666 5721 1840 5776 neque
1866 5706 2043 5760 omnia
2074 5721 2194 5761 mu-

617 5796 757 5863 lieri,
791 5797 882 5851 sed
909 5807 962 5854 et
1005 5797 1120 5853 haec
1148 5797 1432 5869 unicuique
1461 5795 1676 5863 divisit,
1711 5792 1920 5852 mulieri
1949 5793 2192 5864 domum,

1255 379 1310 432 S.
1348 371 1625 432 .l().-\-.\"NIS
1660 366 2126 426 CHRYSOSTOMI
2168 363 2482 421 ARCHIEP.
2524 363 3052 421 CONSTANTIXOP.

3758 367 3864 422 ἒοέ

2276 478 2391 532 viro
2417 477 2586 532 forum
2616 478 2972 548 consignans;
3001 487 3055 534 et
3081 478 3194 534 viro
3214 479 3431 550 quidem
3454 489 3511 535 ut
3538 480 3724 548 aleret,
3757 494 3864 538 ter-

2279 585 2391 624 ram
2419 570 2562 624 enim
2603 569 2765 636 colit;
2797 569 3010 624 mulieri
3039 584 3168 624 vero
3198 578 3254 625 ut
3281 571 3536 638 vestiret,
3578 573 3680 627 tela
3719 575 3862 628 enim

2273 673 2328 716 et
2365 661 2517 716 colus
2560 670 2686 715 sunt
2729 661 2971 716 mulieris
3005 677 3018 716 :
3050 661 3166 732 ipse
3209 677 3441 733 namque
3478 662 3626 718 dedit
3651 665 3866 721 mulieri

2277 753 2492 809 texendi
2536 754 2874 809 industriam.
2921 754 3027 810 Sed
3073 765 3258 826 pereat
3297 757 3558 822 avaritia,
3608 774 3728 830 quze
3756 775 3864 815 non

2275 847 2404 902 sinit
2426 845 2566 900 hanc
2585 860 2845 915 apparere
2865 844 3241 901 differentiam.
3266 846 3398 902 Nam
3419 849 3708 904 multorum
3731 852 3869 906 melo

2275 936 2418 991 lities
2449 936 2596 991 viros
2622 935 2690 990 ad
2719 936 2851 991 telas
2881 935 3132 1004 deduxit,
3173 949 3228 991 et
3271 938 3448 993 radios
3490 940 3568 994 eis
3593 940 3646 996 in
3676 957 3868 998 manus

2273 1027 2422 1082 dedit
2465 1035 2520 1082 et
2563 1027 2878 1098 subtegmen
2923 1037 2978 1083 et
3005 1029 3256 1084 stamina.
3289 1030 3540 1086 Attamen
3580 1034 3660 1088 sic
3701 1034 3866 1089 etiam

2274 1117 2440 1188 fulget
2467 1115 2664 1172 divina:
2707 1118 3120 1188 dispensationis
3167 1120 3519 1190 providentia.
3565 1123 3698 1179 Nam
3743 1141 3867 1180 mu-

2275 1210 2406 1265 liere
2445 1210 2497 1264 in
2527 1210 2646 1264 aliis
2673 1210 2834 1265 etiam
2874 1210 3163 1267 admodum
3191 1215 3512 1269 necessariis
3538 1229 3674 1286 opus
3697 1216 3868 1272 habe-

2277 1317 2415 1364 mus,
2440 1311 2495 1356 et
2517 1302 2815 1357 minoribus
2841 1303 2892 1357 in
2915 1303 2979 1357 iis
3002 1318 3122 1372 quae
3142 1304 3304 1359 vitam
3325 1307 3601 1362 continent
3629 1316 3868 1362 nostram

2277 1392 2610 1462 indigemus;
2644 1401 2896 1463 tantaque
2937 1401 3021 1448 est
3064 1395 3355 1450 necessitas
3378 1437 3393 1462 ,
3423 1404 3482 1451 ut
3511 1397 3720 1452 etiamsi
3747 1398 3870 1468 quis

2277 1484 2515 1538 omnium
2544 1483 2614 1538 sit
2643 1482 2922 1538 hominum
2953 1484 3270 1553 ditissimus,
3301 1501 3478 1557 neque
3500 1487 3577 1543 sic
3605 1487 3707 1543 hac
3733 1504 3870 1544 con-

2273 1577 2550 1647 junctione
2591 1577 2870 1644 liberetur,
2918 1578 2990 1632 ita
3022 1578 3264 1634 utetiam
3310 1579 3566 1635 inferiore
3593 1596 3728 1650 opus
3769 1581 3870 1634 ha.

2282 1670 2422 1724 beat.
2451 1668 2634 1740 Neque
2661 1671 2803 1724 enim
2836 1683 3097 1739 pauperes
3126 1669 3298 1724 solum
3338 1685 3475 1742 opus
3503 1671 3704 1727 habent
3730 1672 3870 1726 divi-

2281 1763 2444 1828 tibus,
2475 1763 2571 1816 sed
2596 1762 2758 1816 etiam
2784 1761 2979 1817 divites
3009 1764 3354 1834 pauperibus,
3387 1774 3440 1820 et
3462 1764 3516 1818 hi
3545 1766 3717 1837 magis
3742 1767 3867 1834 illis,

2278 1872 2436 1926 quam
2467 1855 2542 1909 illi
2575 1856 2712 1910 istis.

2352 1950 2402 2004 5.
2447 1948 2516 2003 Et
2557 1959 2614 2004 ut
2647 1949 2748 2003 hoc
2794 1948 2991 2004 clarius
3036 1948 3242 2016 videas,
3285 1950 3561 2018 faciam/us,
3592 1952 3636 2006 si
3668 1952 3860 2025 placet,

2281 2040 2413 2095 duas
2439 2039 2634 2103 urbes;
2662 2040 2821 2094 aliam
2862 2040 3090 2096 divitum
3133 2051 3360 2106 tantum,
3390 2043 3546 2097 aliam
3579 2059 3709 2098 vero
3739 2060 3870 2114 pau—

2285 2149 2500 2203 perum;
2534 2142 2590 2187 et
2619 2148 2793 2202 neque
2819 2133 2871 2186 in
2902 2148 2964 2188 ea
2993 2149 3112 2202 qua:
3139 2133 3361 2188 divitum
3384 2143 3466 2187 est
3490 2134 3560 2188 sit
3582 2135 3702 2205 quis
3732 2151 3865 2205 pau-

2285 2238 2399 2293 per,
2433 2239 2607 2292 neque
2634 2224 2684 2277 in
2718 2239 2778 2277 ea
2810 2241 2927 2294 qua:
2975 2240 3267 2293 pauperum
3312 2236 3397 2280 est
3436 2226 3504 2279 sit
3531 2228 3654 2296 quis
3693 2227 3869 2294 dives,

2282 2314 2375 2369 sed
2401 2323 2680 2384 utramque
2706 2324 2894 2370 exacte
2923 2330 3286 2387 expurgemus
3311 2338 3322 2371 :
3351 2326 3404 2372 et
3429 2317 3705 2373 videamus
3719 2336 3868 2389 qua:-

2284 2421 2404 2459 nam
2438 2406 2607 2477 magis
2633 2406 2732 2460 sibi
2760 2405 3008 2462 sufficere
3039 2409 3254 2476 poterit.
3282 2407 3337 2463 Si
3365 2409 3505 2463 enim
3531 2409 3870 2466 inveniamus

2283 2513 2402 2553 eam
2428 2514 2546 2567 quae
2576 2499 2765 2567 possit,
2789 2513 2910 2553 esse
2947 2515 3236 2570 pauperum
3267 2501 3476 2566 urbem,
3524 2503 3698 2570 palam
3742 2506 3866 2569 erit,

2283 2589 2428 2661 quod
2459 2590 2653 2645 divites
2685 2591 2854 2660 magis
2901 2591 3008 2644 illis
3039 2590 3335 2661 indigeant.
3368 2593 3551 2663 itaque
3580 2593 3632 2648 in
3662 2595 3752 2649 illa
3782 2596 3868 2650 di-

2286 2684 2453 2738 vitum
2483 2683 2615 2738 urbe
2639 2684 2816 2738 nullus
2843 2683 2948 2738 erit
2971 2684 3191 2751 artifex,
3227 2701 3333 2739 non
3374 2686 3722 2754 architectus,
3756 2677 3865 2742 non

2286 2775 2453 2840 faber,
2484 2791 2590 2830 non
2630 2783 2780 2830 sutor
2810 2775 3129 2840 calcearius,
3166 2793 3270 2830 non
3306 2777 3495 2847 pistor,
3528 2794 3630 2831 non
3657 2781 3870 2847 agrico-

2287 2869 2359 2933 la,
2404 2882 2510 2922 nou
2553 2865 2707 2922 faber
2735 2868 2981 2934 aerarius,
3021 2882 3127 2922 non
3177 2867 3382 2922 funium
3429 2879 3729 2930 contestor,
3763 2887 3871 2926 nou

2284 2961 2429 3016 aliud
2462 2960 2753 3031 quidquam
2789 2960 3112 3030 hujusmodi.
3149 2961 3280 3029 Quis
3305 2962 3448 3016 enim
3491 2961 3715 3017 divitum
3743 2979 3871 3018 um-

2285 3069 2445 3125 quam
2473 3052 2589 3108 ιιωο
2617 3062 2848 3107 traCIarc
2864 3052 3116 3120 voluerit,
3141 3052 3356 3122 quando
3377 3053 3410 3107 ii
3429 3054 3613 3121 etiam,
3644 3055 3734 3124 qui
3756 3055 3875 3109 hare

2288 3154 2538 3209 tractant,
2589 3159 2710 3198 cum
2758 3143 2999 3213 opulenti
3043 3144 3262 3208 fuerint,
3294 3159 3401 3198 non
3429 3144 3566 3199 ultra
3605 3145 3869 3200 sustinent

2289 3239 2478 3293 horum
2503 3252 2728 3308 operum
2748 3236 3055 3290 miseriam?
3084 3236 3364 3304 Quomodo
3391 3237 3550 3303 igitur
3566 3237 3721 3291 nobis
3743 3238 3874 3291 urbs

2289 3332 2438 3386 istaec
2465 3329 2760 3385 consistet?
2792 3328 3099 3394 Numerata,
3150 3329 3382 3398 inquies,
3429 3332 3652 3398 pecunia
3683 3329 3876 3385 divites

2289 3426 2403 3480 hrec
2432 3441 2461 3478 a
2511 3423 2836 3495 pauperibus
2880 3431 3081 3478 ement.
3115 3422 3254 3493 Ergo
3281 3438 3390 3476 nou
3429 3424 3530 3478 sibi
3564 3425 3694 3492 ipsis
3719 3424 3874 3478 suﬂi-

2289 3517 2452 3580 cient,
2484 3516 2527 3569 si
2562 3515 2668 3568 illis
2697 3513 2985 3584 indigeant.
3008 3513 3289 3579 Quomodo
3316 3523 3497 3567 autem
3526 3513 3720 3568 domos
3746 3513 3877 3567 tedi-

2293 3605 2560 3661 ticabunt?
2589 3620 2655 3659 an
2700 3604 2804 3658 hoc
2843 3605 3004 3658 etiam
3049 3605 3267 3658 ement?
3307 3604 3400 3659 sed
3446 3605 3496 3659 id
3535 3614 3720 3659 natura
3767 3621 3876 3660 neu

2293 3699 2470 3754 habet.
2504 3698 2646 3768 Ergo
2674 3712 2893 3752 necesse
2918 3707 3001 3750 est
3029 3697 3134 3750 huc
3170 3697 3405 3752 artifices
3435 3713 3683 3763 evocare,
3715 3707 3766 3753 et
3797 3698 3880 3752 le-

2289 3806 2408 3862 gem
2456 3804 2825 3858 corrumpere,
2867 3805 3027 3858 quam
3056 3789 3208 3844 initio
3241 3793 3511 3858 posuimus
3535 3805 3658 3843 eum
3690 3790 3881 3844 urbem

2293 3881 2482 3937 incolis
2507 3882 2933 3936 instrueremus:
2963 3880 3284 3936 meministis
3327 3882 3468 3935 enim
3507 3880 3650 3950 quod
3677 3880 3880 3936 dixeri-

2293 3988 2432 4038 mus,
2467 3972 2734 4026 neminem
2765 3985 2885 4026 esse
2910 3970 3054 4024 intus
3080 3987 3390 4041 pauperem.
3414 3971 3518 4028 Sed
3541 3987 3670 4027 ecce
3690 3987 3882 4027 neces-

2291 4065 2423 4119 sitas
2451 4064 2613 4118 etiam
2641 4062 2794 4116 nobis
2821 4062 3127 4117 nolentibus
3156 4061 3302 4131 ipsos
3336 4062 3614 4117 advocavit
3635 4073 3692 4118 et
3711 4063 3881 4117 intro-

2293 4156 2461 4211 duxit.
2495 4154 2648 4212 Unde
2669 4154 2844 4224 palam
2871 4162 2954 4208 est
2983 4170 3088 4209 non
3117 4170 3276 4225 posse
3296 4156 3413 4210 siue
3440 4157 3761 4225 pauperibus
3790 4172 3881 4210 ιιι·-

2293 4247 2414 4302 bem
2447 4247 2760 4302 subsistere.
2786 4244 2841 4300 Si
2869 4246 3011 4302 enim
3040 4259 3253 4301 maneat
3281 4249 3468 4303 civitas
3493 4248 3696 4303 nullum
3723 4248 3880 4302 exiis

2295 4337 2597 4407 excipiens,
2620 4353 2728 4392 non
2757 4338 2892 4391 ultra
2922 4337 3112 4392 civitas
3129 4338 3251 4406 erit,
3283 4339 3375 4394 sed
3405 4339 3616 4408 peribit.
3638 4339 3756 4394 Non
3777 4340 3884 4410 igi-

2297 4441 2382 4485 tur
2408 4430 2509 4485 sibi
2539 4429 2790 4495 sufﬁeiet,
2824 4428 2923 4483 nisi
2956 4429 3103 4484 velut
3127 4441 3435 4486 servatores
3455 4431 3715 4500 quosdam
3744 4449 3881 4503 pau-

2295 4535 2451 4591 peres
2473 4521 2526 4574 in
2555 4535 2615 4575 se
2640 4521 3002 4591 congregarit.
3039 4520 3328 4576 Videamus
3369 4539 3554 4578 rursus
3584 4539 3881 4594 pauperum

2297 4609 2506 4675 urbem,
2537 4626 2662 4664 num
2691 4610 2779 4664 illa
2809 4611 3057 4668 similiter
3083 4612 3132 4666 in
3159 4623 3402 4684 egestate
3424 4614 3603 4684 degat,
3627 4615 3888 4671 divitibus

2295 4704 2522 4774 privata.
2558 4703 2624 4758 Et
2653 4705 2824 4773 primo
2851 4720 3211 4776 expurgemus
3259 4709 3502 4763 oratione
3537 4708 3778 4774 divitias,
3814 4712 3884 4765 il-

2299 4794 2483 4864 lasque
2523 4803 2708 4863 aperte
2752 4797 3120 4851 ostendamus.
3164 4797 3429 4864 Quidnam
3472 4810 3595 4854 sunt
3641 4799 3888 4858 divitite?

2299 4885 2528 4952 Aurum,
2557 4895 2858 4956 argentum,
2889 4888 3094 4957 lapides
3124 4890 3364 4957 pretiosi,
3405 4902 3585 4947 vestes
3614 4894 3804 4948 serica:
3829 4908 3889 4950 et

2303 4995 2582 5049 purpurea:
2607 4989 2659 5033 et
2689 4993 2886 5034 aurem.
2917 4981 3048 5047 Quia
3077 4982 3237 5052 igitur
3260 4993 3480 5055 apparet
3509 5001 3754 5056 quamam
3775 4989 3892 5042 sint

2300 5073 2522 5138 divrtim,
2555 5071 2884 5140 expellamus
2909 5073 3028 5128 illas
3051 5091 3115 5129 ex
3150 5090 3439 5144 pauperum
3485 5078 3640 5143 urbe,
3671 5081 3717 5134 si
3749 5081 3890 5134 veli-

2301 5175 2420 5220 mus
2449 5179 2738 5234 pauperum
2779 5166 3049 5221 civitatem
3093 5179 3283 5225 exacte
3309 5172 3674 5237 constituere;
3708 5189 3773 5228 ne
3800 5175 3892 5229 vel

2302 5272 2400 5326 per
2429 5258 2694 5312 somnium
2727 5259 2832 5312 illic
2857 5274 3044 5314 aurum
3075 5272 3351 5331 appareat,
3383 5280 3556 5336 neque
3579 5267 3701 5321 talia
3725 5268 3896 5321 vesti—

2304 5355 2512 5413 menta;
2535 5348 2579 5402 si
2602 5349 2683 5402 vis
2701 5359 2900 5415 autem,
2928 5367 3101 5420 neque
3126 5365 3429 5425 argentum,
3450 5374 3622 5429 neque
3641 5374 3763 5413 vasa
3796 5375 3893 5412 ar-

2301 5447 2514 5505 gentea.
2546 5438 2683 5506 Quid
2713 5441 2881 5511 ergo?
2907 5443 2995 5497 dic
3019 5445 3170 5512 mihi,
3202 5446 3395 5503 ideone
3431 5450 3483 5504 in
3512 5459 3754 5522 egestate
3784 5454 3897 5509 erit

2303 5532 2420 5584 lucc
2451 5531 2614 5586 urbs?
2635 5532 2874 5590 Minime.
2902 5535 2956 5590 Si
2985 5539 3126 5591 enim
3159 5540 3430 5598 mdiﬁcare
3469 5555 3738 5614 oporteat.
3782 5561 3899 5602 nou

2303 5635 2436 5674 auro
2467 5637 2566 5678 nec
2593 5635 2814 5694 argento
2843 5643 2941 5683 nec
2971 5633 3273 5702 margaritis
3301 5645 3382 5690 est
3425 5651 3581 5705 opus,
3621 5636 3718 5691 sed
3747 5649 3893 5702 arte,

2303 5712 2583 5781 manibus;
2608 5717 2853 5774 manibus
2876 5729 3054 5778 autem
3085 5739 3191 5778 non
3217 5735 3527 5798 utcumque,
3557 5728 3653 5783 sed
3675 5729 3902 5783 callosis

2305 5802 2589 5878 digitisque
2620 5807 2902 5879 induratis,
2933 5815 3125 5871 robore
3158 5818 3346 5886 multo,
3379 5820 3555 5891 lignis,
3591 5820 3896 5891 lapidibus:
