4094 6222
388 367 486 426 99!

385 481 480 535 καὶ
508 478 574 530 δι’
610 475 823 544 ἐκείνης
874 475 1147 543 συγγενῶν
1179 476 1438 546 όρμαθὸν,
1467 480 1562 531 καὶ
1599 477 1829 549 μητέρα.
1865 476 1960 530 καὶ

383 561 619 631 πατέρα,
651 559 746 610 καὶ
764 556 1044 624 ἀδελφοὺς,
1077 558 1170 611 κα⁶ι
1197 561 1322 622 τοὺς
1347 561 1551 614 τούτων
1584 559 1949 628 ἐπιτηδείουςς

387 640 538 705 Εἶδες
572 641 758 702 πόσοις
795 639 1016 710 τρόποις
1053 641 1200 710 ἡμᾶς
1250 641 1571 714 συνέδησεν;
1625 642 1761 695 Ἀλλ’
1807 642 1954 710 ὅμως

381 726 504 779 οὑδὲ
533 721 710 778 ταῦτα
737 722 1154 793 αὑτῷήρκεσεν,
1185 723 1320 778 ἀλλά
1353 727 1444 780 καὶ
1469 724 1714 796 ἀλλήλων
1736 721 1956 794 χρῄζειν

385 806 798 880 παρεσκεύασεν
822 817 870 870 ι,
921 806 1008 858 ἴνα
1060 807 1155 859 καὶ
1211 808 1382 872 οὓτως
1439 811 1586 880 ήμᾶς
1651 808 1952 878 συναγάγῃ,

381 890 575 961 ἐπειδὴ
613 889 848 960 μάλιστα
871 887 972 952 τὰς
1002 889 1183 959 φιλίας
1211 891 1268 942 αἱ
1294 895 1475 964 χρεῖαι
1506 892 1736 946 ποιοῦσι.
1768 891 1866 944 Διά
1891 891 1954 960 δὴ

383 975 542 1028 τοῦτο
562 974 684 1028 οὑδέ
710 973 885 1026 πάντα
911 973 1088 1044 ἀφῆκε
1119 974 1396 1045 πανταχοῦ
1423 975 1690 1044 γίνεσθαι,
1715 975 1800 1028 ἵνα
1827 975 1957 1027 κάν-

383 1058 580 1113 τεῦθεν
601 1056 859 1127 ἀλλήλοις
893 1057 1291 1126 ἀναμίγνυσθαι
1328 1059 1632 1130 ἀναγκάσῃ.
1669 1057 1958 1126 Καταστή-

385 1161 487 1207 σας
527 1142 585 1195 δέ
619 1142 767 1213 ἡμᾶς
804 1142 863 1194 ἐν
904 1139 1063 1212 χρείᾳ
1100 1140 1365 1212 ἀλλήλων,
1396 1140 1618 1196 εὔκολον
1655 1140 1816 1195 πάλιν
1856 1139 1957 1211 τὴν

383 1225 665 1295 ἐπιμιξίαν
711 1223 987 1292 ἐποίησενο
1022 1223 1142 1276 ἐπεὶ
1169 1223 1219 1276 εί
1251 1223 1325 1295 μή
1355 1224 1515 1278 τοῦτο
1539 1219 1628 1294 ἦν,
1662 1225 1742 1288 είς
1764 1223 1956 1292 ἐτέραν

383 1309 577 1380 ἀηδίαν
631 1308 694 1360 τὸ
735 1309 971 1378 πρᾶγμα
1018 1307 1336 1379 περιΐστατο
1381 1308 1477 1362 καὶ⁵
1520 1307 1855 1379 δυσχέρειαν.
1893 1305 1955 1360 El

383 1393 496 1462 γὰρ
532 1391 718 1459 ἰατροῦ
767 1389 1019 1459 δεόμενον
1049 1389 1084 1460 ή
1125 1390 1376 1455 τέκτονος
1407 1391 1440 1461 ή
1476 1391 1661 1460 ἐτέρου
1698 1389 1958 1460 δημιουρ-

383 1475 506 1544 γοῦ,
566 1473 782 1546 μακρὰν
831 1473 938 1526 εδει
994 1472 1306 1527 στέλλεσθαι
1357 1473 1686 1542 ἀποδημίαν,
1737 1472 1800 1526 τὸ
1848 1473 1956 1526 πᾶν

381 1557 670 1612 ἀπολώλει.
699 1555 799 1610 Διά
827 1555 893 1627 δή
917 1555 1074 1610 τοῦτο
1103 1557 1196 1611 καὶ
1227 1556 1412 1620 πόλεις
1438 1555 1831 1620 κατεσκεύασε,
1860 1555 1956 1607 καὶ

381 1641 588 1703 πάντας
619 1639 754 1709 όμοῦ
786 1639 1113 1708 συνήγαγεν.
1142 1638 1258 1691 Ἵνα
1289 1639 1353 1710 δὴ
1396 1639 1489 1692 καὶ
1517 1640 1630 1701 τοῖς
1675 1635 1955 1708 πόρρωθεν

383 1723 584 1794 ῥᾳδίως
608 1719 961 1792 ἐπιχωριάζω
971 1737 1091 1792 μεν,
1129 1720 1393 1775 θάλατταν
1414 1723 1492 1784 είς
1524 1719 1686 1791 μέσον
1709 1719 1952 1791 ήπλωσε,

381 1806 478 1859 καὶ
509 1805 725 1875 ἀνέμων
769 1803 1048 1875 ταχύτητα
1090 1803 1289 1867 ἔδωκε,
1333 1805 1521 1875 ῥᾳδίας
1565 1802 1817 1856 ἐντεῦθεν
1856 1801 1955 1864 τὰς

381 1887 688 1958 ἀποδημίας
737 1887 925 1949 ποιῶν.
971 1888 1125 1958 Παρὰ
1176 1888 1231 1940 δὲ
1286 1887 1385 1958 τὴν
1426 1885 1598 1956 ἀρχὴν
1639 1885 1734 1938 καὶ
1769 1885 1827 1936 ἐν
1875 1884 1954 1938 ἐνὶ

380 1973 590 2032 πάντας
630 1971 906 2039 συνήγαγε
947 1972 1152 2040 χωρίῳ,
1199 1971 1293 2023 καὶ
1328 1971 1390 2023 οὑ
1419 1970 1683 2038 πρότερον
1713 1969 1950 2022 διέσπει-

381 2071 498 2123 ρεν,
537 2053 642 2116 ἓως
679 2055 759 2116 είς
790 2053 957 2106 κακὸν
992 2054 1292 2123 ἐχρήσαντο
1318 2055 1385 2123 τῇ
1419 2052 1641 2123 ὁμονοίᾳ
1667 2054 1716 2104 οἱ
1749 2051 1952 2123 πρῶτοι

380 2136 638 2198 λαϐόντες
665 2136 726 2188 τὸ
751 2135 922 2205 δῶρον
945 2151 958 2164 °
998 2135 1134 2189 ἀλλά
1167 2135 1613 2204 πάντοθενκήμᾶς
1658 2135 1951 2203 συνήγαγε,

383 2220 484 2273 καὶ
522 2220 630 2272 ἀπὸ
659 2219 872 2288 φύσεως
909 2219 1004 2271 καὶ
1036 2219 1143 2272 ἀπὸ
1173 2218 1488 2287 συγγενείας
1519 2219 1614 2270 καὶ
1643 2216 1750 2269 ἀπὸ
1780 2216 1954 2286 γλώτ-

384 2319 492 2371 της
513 2303 604 2355 καὶ
633 2301 735 2356 ἀπὸ
756 2301 941 2354 τόπου.
985 2303 1094 2355 Καὶ
1136 2301 1324 2372 ὥσπερ
1364 2301 1464 2354 οὑκ
1508 2299 1755 2352 ἐϐούλετο
1793 2299 1956 2350 ἐκπε-

381 2389 504 2439 σεῖν
532 2385 676 2455 ήμᾶς
705 2383 796 2437 τοῦ
831 2385 1158 2454 παραδείσου
1190 2386 1261 2441 (εἰ
1295 2382 1403 2453 γὰρ
1440 2382 1707 2443 ἐϐούλετο,
1741 2381 1849 2433 οὐδ’
1891 2379 1955 2432 ἂν

377 2469 502 2521 ἐκεῖ
544 2465 803 2519 κατέθετο
857 2466 914 2518 ὃν
973 2466 1228 2536 ἐποίησεν
1275 2466 1558 2536 ἄνθρωπον
1597 2464 1694 2535 τὴν
1736 2462 1952 2534 ἀρχὴν),

378 2549 499 2604 ἀλλ’
522 2551 550 2602 ὁ
581 2549 934 2620 παρακούσας
970 2549 1141 2613 αίτιος
1159 2567 1172 2580 ·
1204 2547 1376 2612 οὕτως
1407 2549 1526 2602 οὑδέ
1551 2546 1956 2615 ἀλλογλώσσους

377 2629 524 2687 εῖναι
553 2630 853 2703 ήθέλησενο
893 2631 1014 2684 ἐπεὶ
1049 2631 1154 2685 κᾶν
1192 2631 1252 2695 ἐξ
1282 2632 1456 2702 ἀρχῆς
1498 2629 1657 2683 τοῦτο
1696 2629 1952 2700 ἐποίησε*

383 2715 482 2769 νῦν
517 2715 573 2769 δέ
608 2715 759 2768 πᾶσα
792 2717 826 2786 ή
853 2715 922 2783 γῆ
958 2713 1133 2784 χεῖλος
1156 2714 1213 2766 ἒν
1240 2709 1328 2784 ἦν,
1359 2713 1454 2766 καὶ
1485 2713 1634 2782 φωνὴ
1672 2712 1768 2782 μία
1797 2712 1950 2767 πᾶσι.

382 2797 486 2854 Διά
519 2797 583 2867 δὴ
621 2796 780 2849 τοῦτο
811 2796 932 2849 οὑδέ
961 2795 1124 2866 ήνίκα
1155 2797 1254 2866 τὴν
1292 2796 1396 2864 γῆν
1437 2794 1798 2864 ἀφανισθῆναι
1825 2793 1952 2857 ἔδει,

380 2882 506 2935 οὐδὲ
544 2880 668 2932 τότε
709 2881 858 2950 ήμᾶς
897 2878 956 2942 ἐξ
997 2877 1165 2946 ἀλλης
1194 2879 1446 2948 ἐποίησεν
1490 2876 1640 2947 ῦλης,
1673 2875 1791 2928 οὐδὲ
1824 2892 1958 2946 μετ-

383 2964 553 3034 έθηκε
578 2962 672 3016 τὸν
703 2962 930 3024 δίκαιον,
957 2960 1070 3013 ἀλλ’
1102 2961 1261 3028 ἀφεὶς
1286 2960 1448 3014 αὑτὸν
1479 2960 1536 3012 ἐν
1559 2958 1706 3028 μέσῳ
1731 2957 1808 3028 τῷ
1827 2957 1958 3010 κλυ-

387 3047 590 3116 δωνίῳ,
628 3044 818 3115 ῶσπερ
842 3043 961 3096 τινὰ
993 3042 1266 3113 σπινθῆρα
1297 3045 1395 3112 τῆς
1412 3041 1754 3111 οἰκουμένης,
1784 3040 1956 3112 ἀνῆψε

383 3130 552 3184 πάλιν
573 3132 607 3198 ή
617 3128 732 3199 μῶν
756 3127 817 3180 τὸ
848 3126 1003 3194 γένος
1030 3126 1237 3180 ἐκεῖθεν
1265 3126 1374 3180 ἀπὸ
1397 3125 1492 3179 τοῦ
1523 3125 1790 3196 μακαρίου
1811 3126 1955 3182 Νῶε.

381 3213 498 3268 Καὶ
527 3211 586 3278 ἐξ
610 3212 787 3283 ἀρχῆς
817 3212 913 3281 μὲν
961 3210 1089 3280 μίαν
1121 3210 1376 3280 ἐποίησεν
1421 3211 1617 3282 ἀρχὴν,
1647 3211 1738 3263 τὸν
1791 3210 1958 3282 ἀνδρα

388 3297 694 3365 ἐπιστήσας
723 3297 790 3364 τῇ
821 3292 1068 3363 γυναικί’
1103 3293 1290 3363 ἐπειδὴ
1316 3292 1373 3346 δέ
1397 3293 1476 3357 είς
1507 3293 1705 3364 πολλὴν
1741 3291 1960 3357 ἐξώκει-

383 3379 477 3434 λεν
515 3377 740 3442 ἀταξίαν
768 3377 828 3429 τὸ
858 3376 1013 3444 γένος
1053 3375 1230 3446 ήμῶν,
1263 3376 1359 3429 καὶ
1403 3376 1592 3446 ἐτέρας
1636 3375 1955 3446 κατέστησε,

381 3467 483 3531 τὰς
495 3465 603 3520 τῶν
626 3463 903 3518 δεσποτῶν
926 3461 1096 3534 [516],
1120 3462 1216 3525 τάς
1231 3462 1340 3516 τῶν
1362 3462 1661 3532 ἀρχόντωνο
1693 3462 1786 3516 καὶ
1804 3461 1960 3515 τοῦτο

381 3543 442 3597 δὲ
466 3543 532 3598 δι’
555 3543 795 3612 ἀγάπην.
815 3540 1029 3611 Ἐπειδὴ
1057 3539 1215 3612 γάρή
1239 3539 1402 3595 κακία
1433 3540 1735 3595 διαλυτικὺν
1758 3541 1850 3594 καὶ
1868 3542 1959 3593 ἀν-

385 3625 661 3699 αιρετικδν
693 3623 851 3696 ήμῶν
882 3621 975 3676 τοῦ
1009 3623 1220 3691 γένους,
1253 3624 1442 3695 ῶσπερ
1477 3622 1626 3687 τινὰς
1658 3624 1872 3695 ίατροὺς
1902 3622 1960 3674 ἐν

391 3708 581 3778 μέσαις
603 3711 721 3770 ταῖς
753 3707 973 3760 πόλεσιν
999 3705 1218 3758 ἐκάθισε
1246 3707 1372 3770 τοὺς
1391 3706 1728 3770 δικάζοντας,
1761 3705 1826 3758 ἶν’
1847 3704 1959 3757 ῶσ-

385 3809 496 3863 περ
517 3791 638 3846 τινὰ
660 3791 850 3861 λοιμὸν
872 3789 972 3858 τῆς
1002 3789 1222 3859 ἀγάπης
1256 3794 1356 3858 τὴν
1397 3790 1596 3844 κακίαν
1632 3789 1960 3844 ἀπελαύνον-

385 3891 504 3938 τες,
539 3873 746 3936 πάντας
778 3875 859 3936 είς
887 3872 947 3924 ἓν
988 3873 1388 3941 συναγάγωσιν,
1432 3873 1549 3927 Ἵνα
1579 3872 1638 3926 δέ
1681 3872 1756 3943 μή
1801 3872 1960 3942 μόνον

385 3960 448 4012 ἐν
476 3960 596 4020 ταῖς
619 3956 860 4021 πόλεσιν,
912 3955 1050 4008 ἀλλά
1082 3955 1176 4008 καὶ
1221 3957 1280 4008 ὲν
1324 3957 1525 4027 ἐκάστη
1548 3955 1694 4026 οἰκίᾳ
1731 3955 1897 4026 πολλὴ
1923 3957 1955 4026 ή

384 4041 610 4110 ὁμόνοια
633 4035 693 4111 ᾖ,
723 4039 813 4092 τὸν
845 4038 946 4108 μὲν
984 4038 1150 4108 ἄνδρα
1193 4041 1257 4109 τῇ
1295 4038 1436 4110 ἀρχῇ
1469 4039 1562 4090 καὶ
1603 4041 1668 4109 τῇ
1715 4038 1954 4110 ὑπεροχῇ

384 4122 651 4193 τιμήσας,
696 4121 794 4191 τὴν
827 4121 884 4174 δὲ
935 4123 1170 4187 γυναῖκα
1205 4123 1272 4191 τῇ
1303 4119 1564 4190 ἐπιθυμίᾳ
1601 4119 1955 4186 καθοπλίσας,

385 4206 491 4258 καὶ
510 4203 572 4257 τὸ
599 4203 697 4274 τῆς
737 4201 1074 4266 παιδοποιίας
1107 4203 1164 4256 δέ
1194 4203 1363 4275 δῶρον
1394 4204 1473 4264 είς
1515 4201 1676 4271 μέσον
1715 4202 1959 4274 ἀμφοτέ-

387 4303 516 4358 ροις
545 4283 820 4350 καταθεὶς,
846 4286 1119 4356 καὶέτερα
1147 4287 1284 4356 μετά
1309 4284 1513 4338 τούτων
1539 4286 1830 4354 συναγωγά
1862 4285 1962 4356 τῆς

385 4370 614 4441 ἀγάπης
659 4369 1080 4424 κατεσκεύασεν.
1125 4368 1262 4422 Οὑτε
1305 4367 1415 4438 γὰρ
1464 4367 1643 4424 πάντα
1695 4368 1960 4440 ἐπέτρεψε

386 4455 468 4527 τῷ
509 4453 686 4526 ἀνδρὶ,
717 4453 843 4508 οὔτε
891 4453 1070 4508 πάντα
1106 4455 1172 4524 τῇ
1203 4453 1442 4520 γυναικὶ,
1480 4451 1615 4505 ἀλλά
1652 4453 1747 4505 καὶ
1787 4450 1961 4504 ταῦτα

387 4539 584 4592 διεῖλεν
625 4539 874 4608 ἑκάστῳ,
909 4539 976 4608 τῇ
1017 4537 1115 4608 μὲν
1141 4535 1241 4607 τὴν
1267 4535 1464 4602 οίκίαν,
1499 4535 1577 4606 τῷ
1615 4535 1672 4588 δέ
1702 4535 1800 4607 τὴν
1830 4536 1961 4602 ἁγο-

392 4622 494 4692 ράν
517 4621 852 4691 ἐγχειρίσας,
870 4620 966 4674 καὶ
988 4619 1068 4691 τῷ
1091 4619 1190 4690 μὲν
1220 4619 1281 4672 τὸ
1301 4619 1541 4691 τρέφειν,
1565 4622 1797 4690 γεωργεῖ
1815 4617 1924 4690 γάρ
1943 4633 1959 4650 ο

383 4710 456 4779 τῇ
477 4707 537 4761 δέ
561 4707 624 4760 τὸ
645 4704 1013 4776 περιϐάλλειν,
1041 4703 1184 4768 ίστὺς
1211 4703 1319 4774 γὰρ
1349 4705 1443 4758 καὶ
1469 4703 1712 4774 ἠλακάτη
1744 4703 1846 4774 τῆς
1865 4719 1964 4772 γυο

391 4789 594 4853 ναικός·
628 4789 795 4852 αὑτὸς
822 4788 932 4859 γὰρ
963 4788 1129 4844 ἔδωκε
1161 4790 1228 4860 τῇ
1263 4789 1480 4856 γυναικί
1515 4788 1831 4859 ὑφάσματος
1875 4804 1964 4841 σο-

389 4875 539 4942 φίαν.
597 4873 736 4926 Ἀλλ’
788 4873 1041 4927 ἀπόλοιτο
1091 4875 1124 4943 ή
1177 4872 1530 4944 φιλαργυρία,
1581 4873 1680 4925 οὑκ
1741 4873 1964 4941 ἀφιεῖσα

391 4957 594 5027 ταύτην
642 4956 926 5027 φαίνεσθαι
967 4955 1064 5027 τὴν
1123 4956 1412 5025 διάκρισιν.
1445 4955 1448 4958 ’
1487 4955 1549 5008 Ἦ
1581 4956 1690 5025 γὰρ
1737 4955 1962 5026 βλακεία

390 5040 500 5096 τῶν
538 5039 751 5094 πολλῶν
807 5037 905 5093 καὶ
941 5038 1065 5102 τοὺς
1092 5037 1290 5108 ἀνδρας
1316 5039 1397 5100 είς
1423 5038 1548 5103 τοὺς
1574 5037 1754 5100 ίστοὺς
1779 5039 1964 5091 ἐπεισ-

391 5126 591 5194 ήγαγε,
615 5123 711 5176 καὶ
730 5122 987 5191 κερκίδας
1011 5121 1194 5184 αὑτοῖς
1209 5120 1502 5192 ἐνεχείρισε
1532 5121 1625 5174 καὶ
1643 5120 1850 5192 κρόκην
1871 5122 1964 5176 καὶ

393 5207 689 5276 στήμονας.
732 5205 876 5258 Ἀλλ’
907 5204 1057 5273 ὅμως
1083 5202 1178 5256 καὶ
1207 5200 1350 5256 οὕτω
1372 5201 1663 5274 διαλάμπει
1691 5204 1790 5274 τῆς
1814 5205 1964 5269 θείας

390 5289 703 5359 οἰκονομίας
733 5289 767 5358 ή
804 5286 1052 5359 πρόνοια.
1089 5285 1199 5340 Καὶ
1227 5285 1335 5356 γάρ
1365 5286 1461 5338 καὶ
1487 5287 1584 5355 τῆς
1617 5286 1878 5356 γυναικὸς
1906 5291 1964 5342 ἐν

391 5372 574 5433 ἄλλοις
622 5370 1068 5440 ἀναγκαιοτέροις
1124 5367 1330 5437 σφόδρα
1385 5369 1652 5440 δεόμεθα,
1705 5372 1798 5424 καὶ
1856 5371 1964 5424 τῶν

392 5453 692 5508 ἐλαττόνων
708 5454 766 5506 ἐν
791 5456 900 5515 τοῖς
927 5453 1206 5521 συνέχουσι
1227 5451 1319 5505 τὸν
1340 5451 1452 5521 βίον
1485 5452 1642 5521 ήμῶν
1660 5453 1933 5525 χρῄζομεν
1949 5471 1961 5483 ⁸

390 5540 492 5593 καὶ
525 5539 764 5610 τοσαύτη
817 5537 918 5608 τῆς
953 5537 1141 5608 χρείας
1175 5536 1323 5588 ἐστὶν
1369 5538 1404 5606 ή
1446 5536 1681 5606 ἀνάγκη,
1731 5539 1814 5590 δτι
1864 5537 1964 5591 κᾶν

392 5625 614 5675 πάντων
657 5619 958 5690 ἀνθρώπων
1020 5617 1412 5688 πλουσιώτερος
1519 5635 1622 5684 τις,
1670 5619 1787 5672 ούδέ
1823 5618 1965 5673 οὕτω

459 5783 482 5812 ⁸
501 5776 623 5839 Alii,
661 5777 1032 5827 κατεσκεύασεν.

1407 367 1472 422 ΙΝ
1514 366 1735 424 EPIST.
1772 366 1791 422 1
1828 364 1918 422 ΑΒ
1957 365 2112 420 COR.
2157 367 2393 422 HOMIL.
2439 367 2674 425 XXXIV.

3522 377 3628 432 ευει.

2067 477 2268 548 ταύτης
2303 479 2648 550 ἀπήλλακται
2677 479 2776 550 τῆς
2817 481 3128 549 συναφείας,
3171 484 3264 536 καὶ
3299 484 3396 538 τοῦ
3423 486 3627 544 δεῖσθαι

2057 560 2150 614 τοῦ
2174 564 2622 634 καταδεεστέρου.
2663 564 2739 615 Οὑ
2761 563 2870 634 γὰρ
2910 565 2973 636 δὴ
3007 566 3118 619 τῶν
3150 567 3418 624 πλουσίων
3447 573 3499 624 οί
3535 577 3631 625 πέ-

2063 660 2220 713 νητες
2242 645 2445 699 δέονται
2471 647 2650 716 μόνον,
2684 646 2816 699 ἀλλὰ
2855 649 2945 701 καὶ
2971 649 3018 700 οἱ
3051 649 3290 705 πλούσιοι
3320 653 3428 706 τῶν
3460 655 3630 725 πενή-

2059 744 2188 794 των,
2223 727 2316 780 καὶ
2337 723 2481 782 οὗτοι
2516 727 2715 798 μᾶλλον
2743 730 2983 794 ἐκείνων,
3013 730 3044 801 ή
3081 733 3274 786 ἐκεῖνοι
3295 734 3518 790 τούτων.

2125 885 2186 941 ε’.
2207 888 2315 941 Και
2350 886 2434 940 ἵνα
2448 889 2604 941 τοῦτο
2621 891 2948 961 σαφέστερον
2976 893 3109 964 ἴδῃς.
3129 896 3462 968 ποιήσωμεν,
3479 899 3526 952 εί
3543 898 3628 954 Coo

2058 969 2163 1032 κεῖ,
2190 969 2282 1023 δυο
2312 970 2516 1034 πόλεις,
2550 973 2651 1039 τὴν
2683 972 2785 1044 μὲν
2815 974 3084 1028 πλουσίων
3115 977 3294 1044 μόνον,
3322 980 3421 1049 τήν
3447 980 3504 1032 δέ
3529 996 3628 1034 πε-

2060 1053 2256 1122 νήτων*
2305 1052 2398 1105 καὶ
2452 1054 2587 1124 μήτε
2638 1055 2695 1107 ἐν
2730 1058 2795 1126 τῇ
2836 1057 2944 1110 τῶν
2973 1057 3348 1114 πλουτούντων
3378 1061 3518 1116 ἔστω
3541 1081 3629 1127 τις

2058 1134 2247 1204 πένης,
2287 1136 2425 1204 μήτε
2459 1135 2516 1187 ἐν
2545 1138 2610 1206 τῇ
2651 1137 2761 1190 τῶν
2792 1141 3042 1210 πενήτων
3081 1139 3224 1194 ἔστω
3253 1159 3338 1206 τις
3373 1143 3628 1209 πλούσιος

2059 1213 2220 1286 ἀνὴρ,
2274 1215 2388 1268 ἀλλ’
2433 1217 2832 1290 ἐκκαθάρωμεν
2881 1221 3127 1292 ἀκριϐῶς
3185 1224 3470 1296 ἑκατέρας,
3533 1229 3630 1280 καὶ

2063 1299 2260 1369 ἴδωμεν
2290 1300 2416 1353 ποία
2455 1300 2654 1371 μᾶλλον
2684 1303 2917 1374 ἀρκέσαι
2957 1307 3125 1376 ἑαυτῇ
3155 1307 3465 1378 δυνήσεται.
3501 1311 3628 1364 Ἐἀν

2059 1381 2169 1451 γὰρ
2214 1381 2463 1454 εὕρωμεν
2491 1383 2588 1454 τήν
2617 1383 2726 1438 τῶν
2755 1389 2998 1458 πενήτων
3044 1389 3367 1462 δυναμένην,
3407 1391 3630 1464 εὔδηλον

2057 1465 2138 1519 ὅτι
2165 1466 2214 1518 οἱ
2240 1467 2483 1520 πλούσιοι
2520 1467 2723 1521 τούτων
2760 1469 2958 1539 μᾶλλον
2988 1471 3290 1541 δεήσονται.
3333 1476 3542 1530 Οὐκοῦν
3571 1479 3629 1532 ἐν

2061 1548 2161 1618 μὲν
2188 1551 2370 1622 ἐκείνῃ
2396 1553 2462 1621 τῇ
2485 1551 2594 1604 τῶν
2621 1553 2869 1622 εὑπόρων
2901 1554 3076 1617 οὐδεὶς
3101 1555 3252 1609 ἔσται
3275 1557 3626 1631 δημιουργὸς,

2057 1632 2158 1684 οὑκ
2176 1634 2474 1706 οἰκοδόμος,
2496 1635 2556 1688 οὑ
2582 1635 2810 1699 τέκτων,
2835 1636 2932 1707 οὑχ
2957 1638 3500 1712 ὑποδηματορῤάφος,
3528 1646 3629 1700 οὑκ

2059 1715 2367 1786 ἀρτοποιὸς,
2414 1718 2474 1770 οὑ
2509 1719 2771 1788 γεωργὸς,
2804 1719 2865 1772 οὑ
2907 1719 3268 1790 χαλκοτύπος,
3303 1725 3364 1776 ού
3420 1743 3630 1796 σχοινο-

2061 1798 2311 1868 στρόφος.
2343 1800 2442 1852 οὑκ
2467 1799 2594 1852 ἀλλο
2628 1801 2737 1853 τῶν
2779 1803 3035 1855 τοιούτων
3081 1804 3253 1860 οὐδέν.
3293 1807 3389 1870 Τίς
3417 1809 3525 1878 γὰρ
3562 1813 3630 1866 ἀν

2058 1879 2232 1932 ἕλοιτο
2276 1879 2384 1934 τῶν
2433 1882 2802 1935 πλουτούντων
2834 1883 3008 1936 ταῦτα
3038 1887 3279 1954 μετιέναι
3305 1892 3456 1954 ποτὲ,
3491 1893 3628 1948 ὅπου

2059 1979 2121 2030 γε
2153 1962 2246 2016 καὶ
2271 1964 2422 2016 αὑτοὶ
2449 1965 2498 2016 οί
2520 1963 2690 2018 ταῦτα
2728 1965 3212 2036 μεταχειρίζοντες,
3243 1970 3371 2024 ὅταν
3397 1976 3627 2048 εὐπορή-

2060 2062 2244 2109 σωσιν,
2280 2047 2378 2099 οὑκ
2405 2047 2682 2117 ἀνέχονται
2708 2049 2806 2117 τῆς
2831 2047 2938 2100 ἀπὸ
2967 2049 3072 2101 τῶν
3102 2050 3279 2122 ἔργων
3304 2054 3507 2109 τούτων
3534 2074 3629 2112 τα-

2057 2126 2398 2198 λαιπωρίας;
2435 2129 2558 2191 Πῶς
2600 2127 2692 2184 οὖν
2740 2132 2871 2200 ἡμῖν
2901 2131 2935 2201 ἠ
2968 2131 3121 2195 πόλις
3165 2136 3420 2205 στήσεται
3453 2139 3624 2211 αῦτη;

2057 2213 2270 2274 Δόντες,
2295 2212 2480 2282 φησὶν,
2511 2213 2772 2284 ἀργύριον
2800 2216 2849 2267 οί
2872 2215 3249 2280 πλουτοῦντες,
3278 2221 3453 2274 ταῦτα
3489 2223 3631 2293 ὡνή-

2061 2309 2239 2345 σονται
2258 2295 2409 2363 παρά
2425 2295 2530 2346 τῶν
2547 2297 2812 2366 πενήτων.
2838 2297 3046 2350 Οὐκοῦν
3058 2298 3156 2351 οὑκ
3171 2300 3491 2370 ἀρκέσουσιν
3512 2307 3628 2358 ἐαυ⁸

2057 2378 2190 2439 τοῖς,
2230 2375 2283 2427 εί
2305 2393 2364 2458 γε
2398 2377 2622 2430 ἐκείνων
2647 2378 2876 2433 δέονται.
2903 2379 3025 2442 Πῶς
3046 2381 3102 2433 δὲ
3131 2383 3304 2446 οἰκίας
3340 2387 3627 2458 οίκοδομή-

2061 2471 2278 2522 σονται;
2325 2457 2357 2527 ή
2395 2459 2488 2512 καὶ
2543 2459 2702 2513 τοῦτο
2744 2460 3074 2530 ὼνήσονται;
3129 2465 3240 2518 ἀλλ’
3272 2466 3371 2521 οὑκ
3411 2469 3478 2522 ἂν
3515 2457 3628 2542 ἔχοι

2058 2538 2215 2592 τοῦτο
2241 2539 2418 2609 φύσις.
2445 2541 2652 2595 Οὑκοῦν
2691 2545 2901 2616 ἀνάγκη
2935 2548 3062 2609 τοὺς
3093 2549 3339 2619 τεχνίτας
3380 2553 3497 2606 ἐκεῖ
3525 2538 3627 2608 κα·-

2057 2622 2189 2688 λεῖν,
2216 2625 2310 2708 καὶ
2343 2625 2674 2696 διαφθείρειν
2706 2629 2797 2682 τὸν
2825 2630 3008 2700 νόμον,
3033 2630 3092 2684 δν
3125 2632 3399 2704 ἐθήκαμεν
3436 2635 3493 2702 ἐξ
3527 2639 3628 2708 ἀρ-

2059 2709 2160 2778 χῆς
2185 2707 2283 2778 τὴν
2313 2709 2468 2762 πόλιν
2504 2710 2818 2775 οἰκίζοντες·
2856 2713 3135 2784 μέμνησθε
3164 2717 3294 2787 γὰρ,
3325 2719 3412 2770 ὅτε
3445 2707 3626 2788 ἐλέγῤ.

2062 2806 2181 2860 μεν,
2216 2789 2403 2860 μηδεὶς
2427 2792 2566 2844 ἔστω
2589 2793 2753 2864 πένης
2777 2793 2944 2848 ἔνδον.
2981 2795 3119 2848 Ἀλλ’
3150 2797 3256 2851 ἰδοὺ
3279 2802 3312 2870 ή
3335 2802 3508 2870 χρεία,
3536 2803 3630 2856 καὶ

2063 2873 2136 2944 μὴ
2200 2873 2538 2945 βουλομένων
2596 2875 2744 2947 [517]
2800 2878 2978 2948 ήμῶν,
3009 2881 3263 2934 ἐκάλεσεν
3293 2886 3491 2948 αὑτοὺς
3535 2887 3630 2940 καὶ

2060 2956 2373 3026 εισήγαγεν.
2416 2956 2576 3010 Ὅθεν
2607 2958 2784 3029 δῆλον,
2826 2961 2902 3023 ὡς
2954 2961 3210 3017 ἀδύνατον
3263 2967 3432 3035 χωρὶς
3467 2971 3631 3038 πενή-

2059 3055 2166 3093 των
2218 3038 2477 3108 συστῆναι
2528 3039 2702 3094 πόλιν.
2748 3043 2812 3095 Εί
2847 3042 2956 3113 γὰρ
2997 3045 3146 3114 μένοι
3172 3047 3204 3116 ή
3234 3047 3390 3110 πόλις
3426 3049 3631 3118 μηδένα

2060 3122 2476 3194 παραδεχομένη
2511 3123 2737 3187 τούτων,
2781 3126 2961 3180 οὐκέτι
2995 3127 3147 3182 ἔσται
3193 3130 3363 3196 πόλις,
3389 3132 3502 3185 ἀλλ’
3525 3133 3630 3186 ἀπ-

2059 3203 2280 3260 ολεῖται.
2337 3205 2544 3258 Οὐκοῦν
2579 3207 2678 3260 οὑκ
2709 3208 2931 3278 ἀρκέσει
2961 3211 3150 3282 ἑαυτῇ,
3177 3214 3224 3264 εί
3265 3213 3338 3285 μὴ
3384 3214 3632 3287 καθάπερ

2061 3289 2210 3351 τινάς
2246 3289 2494 3360 σωτῆρας
2524 3291 2648 3352 τοὺς
2675 3289 2910 3360 πένητας
2947 3294 3076 3360 παρ’
3111 3295 3275 3366 ἑαυτῇ
3312 3297 3628 3365 συναγάγοι.

2067 3373 2293 3442 ἰδωμεν
2327 3372 2382 3426 δὲ
2415 3375 2509 3427 καὶ
2539 3373 2635 3444 τὴν
2660 3374 2768 3427 τῶν
2796 3377 3042 3445 πενήτων
3075 3379 3245 3444 πόλιν,
3279 3383 3326 3434 εί
3371 3383 3464 3434 καὶ
3492 3382 3630 3454 αῦτη

2060 3455 2263 3527 ὁμοίως
2292 3455 2484 3519 ἐνδεῶς
2514 3455 2845 3511 διακείσεται
2866 3459 2975 3512 τῶν
3006 3459 3378 3516 πλουτούντων
3404 3466 3631 3538 ἐστερη-

2066 3539 2222 3608 μένη.
2274 3539 2385 3591 Καὶ
2441 3539 2703 3610 πρότερον
2763 3539 3182 3612 διακαθάρωμεν
3228 3545 3306 3615 τῷ
3355 3546 3496 3617 λόγῳ
3540 3549 3632 3602 τὸν

2064 3621 2312 3683 πλοῦτον,
2347 3620 2443 3673 καὶ
2468 3621 2731 3692 δείξωμεν
2756 3622 2916 3676 αὑτὸν
2938 3624 3144 3692 σαφῶς.
3171 3626 3236 3678 Τί
3259 3629 3376 3682 ποτ’
3399 3625 3492 3682 οὖν
3517 3631 3632 3684 ἐστι

2065 3702 2325 3768 πλοῦτος;
2360 3702 2570 3773 Χρυσδς
2602 3703 2699 3757 καὶ
2727 3705 2985 3776 ἄργυρος,
3017 3708 3110 3759 καὶ
3140 3707 3276 3762 λίθοι
3314 3710 3502 3780 τίμιοι.
3540 3713 3634 3768 καὶ

2065 3786 2255 3854 ἱμάτια
2310 3785 2510 3854 σηρικά
2560 3785 2656 3837 καὶ
2704 3786 2948 3858 ἀλουργά
2997 3789 3093 3842 καὶ
3142 3790 3427 3861 διάχρυσα.
3480 3795 3634 3848 Ἑπεὶ

2063 3863 2156 3920 οῦν
2185 3867 2358 3936 ἐφάνη
2397 3865 2450 3920 τί
2469 3867 2616 3922 ,ποτέ
2648 3870 2794 3921 ἐστιν
2821 3872 2850 3922 ὸ
2879 3869 3126 3937 πλοῦτος,
3155 3875 3518 3945 ἀπελάσωμεν
3540 3880 3636 3932 αὑ·-

2064 3950 2154 4003 τδν
2187 3949 2287 4018 τῆς
2308 3949 2416 4004 τῶν
2441 3951 2689 4020 πενήτων
2715 3952 2944 4018 πόλεως,
2980 3955 3028 4005 εί
3060 3954 3345 4026 μέλλοιμεν
3379 3959 3634 4030 καθαρῶς

2067 4032 2221 4085 πόλιν
2258 4033 2506 4102 πενήτων
2527 4035 2723 4096 ποιεῖν,
2760 4036 2854 4087 καὶ
2905 4034 3037 4105 μηδὲ
3059 4037 3190 4107 όναρ
3220 4040 3336 4090 ἐκεῖ
3364 4042 3634 4110 φαινέσθω

2067 4115 2306 4185 χρυσίον,
2336 4114 2468 4199 μηδέ
2501 4115 2690 4199 ίμάτια
2709 4116 2950 4170 τοιαῦτα·
2985 4121 3031 4170 εί
3061 4118 3116 4171 δὲ
3146 4120 3341 4189 βούλει,
3375 4123 3511 4199 μηδέ
3539 4125 3634 4196 ἀρ-

2067 4213 2252 4269 γυρος,
2283 4197 2417 4268 μηδέ
2470 4197 2536 4250 τά
2581 4198 2639 4264 ἐξ
2689 4199 2932 4270 ἀργύρου
2981 4201 3170 4272 σκεύη.
3212 4203 3276 4256 Τί
3315 4197 3448 4271 οὗνς
3485 4208 3635 4278 παρὰ

2065 4288 2224 4342 τοῦτο
2253 4288 2448 4352 ἐνδεῶς
2481 4288 2704 4360 ζήσεται
2751 4291 2820 4344 τὰ
2867 4295 2965 4361 τῆς
3007 4293 3212 4357 πόλεως
3257 4296 3480 4368 ταύτης,
3515 4299 3634 4352 εἰπέ

2068 4389 2195 4444 μοις
2225 4372 2408 4426 Οὐδέν.
2443 4373 2541 4425 Ἂν
2570 4391 2629 4426 τε
2673 4371 2781 4445 γὰρ
2833 4375 3134 4438 οἰκοδομεῖν
3165 4378 3278 4450 δέῃ,
3323 4381 3384 4433 οὑ
3431 4381 3633 4452 χρυσοῦ

2065 4455 2160 4509 καὶ
2202 4453 2445 4527 ἀργύρου
2474 4455 2554 4508 δεῖ
2603 4456 2698 4509 καὶ
2737 4459 3112 4530 μαργαριτῶν,
3155 4461 3290 4516 ἀλλά
3319 4465 3512 4536 τέχνης
3541 4466 3635 4520 καὶ

2065 4539 2282 4610 χειρῶν,
2310 4540 2510 4610 χειρῶν
2536 4539 2593 4593 δὲ
2614 4541 2712 4611 ούχ
2736 4541 2940 4607 ἁπλῶς,
2963 4542 3097 4597 ἀλλὰ
3118 4546 3523 4618 τετυλωμένων,
3541 4551 3635 4603 καὶ

2064 4622 2342 4677 δακτύλων
2371 4623 2816 4694 ἀπεσκληκότων,
2839 4628 2932 4680 καὶ
2958 4627 3138 4699 ίσχύος
3168 4631 3388 4703 πολλῆς,
3428 4636 3521 4688 καὶ
3546 4635 3635 4700 ξύ-

2065 4707 2171 4759 λων
2200 4707 2294 4760 καὶ
2312 4706 2492 4760 λίθωνο
2522 4709 2586 4761 ἄν
2608 4725 2668 4760 τε
2691 4711 2937 4778 ὑφαίνειν
2967 4714 3127 4767 πάλιν
3163 4716 3394 4786 ἱμάτιον,
3417 4720 3477 4773 ού
3505 4736 3636 4788 χρυο

2067 4788 2162 4842 σοῦ
2185 4789 2352 4842 πάλιν
2385 4792 2517 4859 ήμῖν
2556 4791 2613 4844 δέ
2659 4795 2754 4846 καὶ
2783 4794 3048 4867 ἀργύρου,
3076 4799 3210 4851 ἀλλὰ
3237 4801 3435 4870 χειρῶν
3475 4803 3636 4854 πάλιν

2066 4873 2160 4926 καὶ
2195 4873 2390 4944 τέχνης
2436 4875 2529 4928 καὶ
2577 4877 2852 4944 γυναικῶν
2885 4879 3283 4950 ἐργαζομένων.
3332 4885 3395 4936 Τί
3433 4885 3512 4948 δέ,
3541 4886 3635 4940 ἐὰν

2066 4959 2330 5040 γεωργεῖν
2357 4956 2451 5028 δέῃ
2494 4957 2586 5010 καὶ
2616 4958 2878 5012 σκάπτειν
2904 4961 3003 5031 τὴν
3036 4963 3171 5033 γῆν;
3201 4964 3568 5022 πλουτούντων
3599 4969 3632 5040 ἢ

2068 5038 2382 5121 πενομένων
2406 5039 2590 5121 χρεία;
2622 5040 2786 5093 Παντί
2812 5059 2914 5095 που
2937 5044 3115 5115 δῆλον,
3142 5048 3222 5101 δτι
3239 5051 3503 5121 πενήτων.
3530 5038 3637 5105 Καὶ

2069 5117 2186 5189 σίδη
2197 5135 2285 5187 ρον
2299 5119 2356 5171 δὲ
2372 5120 2498 5173 ὅταν
2513 5120 2606 5192 δὲῃ
2622 5123 3024 5192 χαλκεύειν,καὶ
3045 5128 3105 5182 ἀλ
3113 5129 3172 5182 λο
3189 5147 3240 5183 τι
3259 5117 3371 5184 τῶν
3380 5132 3636 5185 τοιούτων

2068 5203 2263 5265 ποιεῖν,
2293 5201 2385 5254 τοῦ
2411 5201 2586 5272 δήμου
2618 5205 2809 5261 τούτου
2840 5209 3074 5280 μάλιστα
3105 5215 3237 5282 ἡμῖν
3267 5213 3364 5267 δεῖ.
3399 5215 3506 5268 Ποῦ
3543 5210 3638 5268 οῦν

2067 5284 2373 5353 δεησόμεθα
2401 5284 2508 5339 τῶν
2535 5288 2904 5346 πλουτούντων
2924 5293 3126 5348 λοιπόν·
3153 5297 3291 5366 πλὴν
3318 5301 3365 5350 εί
3402 5299 3474 5368 μὴ
3506 5299 3638 5351 καθ-

2069 5368 2208 5420 ελεῖν
2231 5368 2349 5421 δέον
2377 5368 2475 5440 τήν
2501 5372 2656 5425 πόλιν
2695 5375 2936 5444 ταύτην;
2969 5379 3032 5430 Εἰ
3066 5379 3175 5447 γὰρ
3216 5380 3637 5434 ἐπεισελθόντων

2069 5449 2294 5533 ἐκείνων
2315 5452 2399 5533 είς
2421 5453 2517 5533 τήν
2539 5453 2632 5507 τοῦ
2660 5458 2885 5533 χρυσίου
2918 5461 3009 5512 καὶ
3033 5461 3130 5529 τὴν
3152 5462 3259 5514 τῶν
3286 5462 3637 5533 μαργαριτῶν

2070 5530 2358 5599 ἐμπέσοιεν
2387 5531 2698 5601 ἐπιθυμίαν,
2730 5529 2875 5588 οὗτοι
2903 5539 2952 5589 οί
2989 5539 3265 5607 φιλόσοφοι
3288 5529 3639 5609 ’(φιλοσόφους

2069 5613 2180 5684 γὰρ
2217 5611 2326 5679 ἐγὼ
2374 5614 2524 5667 καλῶ
2562 5616 2684 5678 τοὺς
2722 5618 2874 5671 οὐδὲν
2924 5621 3171 5690 περιττὸν
3203 5623 3635 5694 ἐπιζητοῦνταςί,

2071 5697 2239 5767 ἀργίᾳ
2279 5697 2458 5762 δόντες
2508 5699 2730 5763 ἑαυτοὺς
2783 5703 2875 5755 καὶ
2931 5707 3130 5774 τρυφῇ,
3168 5707 3344 5760 πάντα
3382 5708 3641 5764 ἀπολοῦσι

2070 5777 2273 5835 λοιπόν.
2308 5781 2415 5836 Καὶ
2459 5783 2505 5834 εί
2549 5781 2623 5854 μὴ
2655 5785 2923 5855 χρήσιμος
2967 5789 2994 5840 ὁ
3026 5788 3270 5855 πλοῦτος,
3311 5793 3462 5862 φησὶ,
3498 5795 3638 5858 τίνος
