4094 6222
489 341 594 394 2Ωῆ

483 460 668 512 ἓνεκεν
694 454 900 508 δέδοται
926 447 1075 519 παρά
1105 445 1199 496 τοῦ
1227 442 1361 495 Θεοῦ
1389 458 1404 505 ;
1440 439 1547 492 Kal
1587 437 1750 491 πόθεν
1779 437 1958 507 δῆλον,
1989 437 2070 489 ὅτι

485 549 636 616 παρὰ
664 546 756 600 τοῦ
787 542 919 596 Θεοῦ
942 541 1002 592 τὸ
1038 536 1283 589 πλουτεῖν
1310 548 1324 598 ;
1363 532 1429 584 'H
1457 531 1648 602 Γραφή
1678 545 1864 616 φηςιν,
1895 527 2072 616 Ἑμρν

485 613 888 706 τὸνάργύριον,
922 628 1017 680 καὶ
1044 625 1192 694 ἐμὸν
1220 622 1287 677 τὸ
1313 622 1589 693 χρυσίον,
1619 621 1712 674 καὶ
1743 613 1785 687 ᾧ
1814 620 1908 672 ἐὰν
1946 615 2069 687 βού-

451 727 454 730 ’
481 733 666 798 λομαι,
707 722 862 778 δώσω
894 715 1045 770 αύτό.
1093 711 1359 766 Ἐνταῦθα
1390 715 1438 765 εί
1476 711 1549 783 μὴ
1585 713 1818 782 πρᾶγμα
1847 711 2066 763 ἐποίουν

482 815 727 886 αίσχρδν,
756 811 848 864 καὶ
879 807 1114 876 ἐγέλασα
1142 803 1237 856 νῦν
1259 803 1466 856 πλατὺν
1501 804 1734 870 γέλωτα,
1759 801 1865 854 τῶν
1895 799 2068 854 ταῦτα

481 906 745 972 λεγόντων
807 894 1149 964 καταγελῶν,
1202 894 1284 946 ὃτι
1337 891 1588 964 καθάπερ
1647 892 1833 945 παιδία
1897 891 2069 962 μικρὰ

481 994 757 1068 τραπέζης
811 988 1153 1045 ἀπολαύοντα
1186 984 1494 1054 βασιλικῆς,
1542 985 1658 1054 μετ’
1707 983 1923 1052 ἐκείνης
1969 983 2068 1052 τῆς

480 1088 685 1158 τροφῆς
733 1083 828 1138 καὶ
877 1082 938 1135 τὸ
970 1078 1272 1148 προστυχὸν
1331 1078 1476 1129 ἅπαν
1535 1074 1935 1145 ἐπεμϐάλλουσι
1987 1072 2068 1143 τῷ

483 1178 726 1247 στόματι·
765 1172 907 1227 οὕτω
936 1171 1029 1223 xal
1058 1165 1203 1222 οὗτοι
1233 1167 1371 1236 μετά
1391 1165 1501 1217 τῶν
1531 1162 1687 1217 θείων
1710 1162 1942 1234 Γραφῶν
1971 1161 2068 1216 καὶ

479 1269 549 1320 τὰ
576 1268 703 1340 παρ’
733 1264 946 1319 ἑαυτῶν
1004 1260 1405 1326 συνεισάγουσι.
1468 1256 1542 1307 T6
1589 1255 1688 1324 μὲν
1726 1256 1856 1326 γὰρ,
1894 1255 2068 1324 Ἐμὸν

481 1362 548 1414 τὸ
582 1359 888 1427 ἀργύριον,
924 1352 1020 1406 καί
1051 1351 1198 1421 ἐμὸν
1224 1348 1290 1402 τὸ
1314 1347 1594 1417 χρυσίον,
1635 1340 1752 1398 οἴδα
1777 1344 2066 1418 εἰρημένον

480 1449 559 1519 τῷ
583 1449 864 1518 προφήτῃ·
895 1444 954 1497 τὸ
984 1439 1060 1507 δέ,
1095 1435 1163 1512 ᾯ
1194 1439 1287 1510 ἐὰν
1319 1438 1476 1500 θέλω,
1511 1435 1668 1488 δώσω
1697 1435 1846 1501 αὐτὸ,
1881 1435 2066 1488 οὐκέτι

486 1540 903 1612 προσκείμενον,
933 1535 1068 1588 ἀλλὰ
1092 1531 1245 1604 παρὰ
1272 1530 1380 1583 τῶν
1417 1527 1702 1600 συρφετῶν
1732 1527 1935 1580 τούτων
1970 1528 2068 1580 ἐπ-

479 1629 948 1700 εισενηνεγμένον.
992 1627 1102 1681 Kal
1137 1626 1310 1678 ἐκεῖνο
1353 1621 1409 1675 δὲ
1460 1620 1602 1683 τίνος
1637 1619 1822 1672 ἕνεκεν
1851 1619 2066 1691 εἴρηται

481 1725 611 1797 ἐρῶ.
650 1725 708 1777 Ὀ
739 1723 846 1793 γὰρ
875 1721 1162 1790 προφήτης
1196 1717 1450 1784 Ἀγγαῖος
1477 1711 1664 1782 ἐπειδὴ
1696 1710 1934 1781 συνεχῶς
1968 1713 2067 1762 ἐπ-

481 1818 776 1889 ηγγέλλετο
805 1818 917 1877 τοῖς
951 1812 1223 1874 Ἰουδαίοις
1272 1808 1410 1880 μετὰ
1439 1809 1538 1878 τὴν
1569 1807 1831 1860 ἐπάνοδον
1878 1803 1978 1877 τὴν
2001 1807 2067 1858 ἐκ

484 1908 801 1971 Βαϐυλῶνος
855 1908 948 1960 τὸν
991 1905 1117 1984 γαόν
1167 1901 1362 1967 δείξειν
1394 1901 1487 1954 ἐπὶ
1526 1898 1621 1954 τοῦ
1662 1900 1941 1970 σχήματος
1971 1897 2066 1951 τοῦ

482 2000 769 2072 προτέρου,
800 1998 894 2052 καὶ
927 1996 1193 2067 ὴπίστουν
1219 1993 1298 2063 τῷ
1326 1993 1605 2063 λεγομένῳ
1640 1991 1785 2053 τινὲς
1819 1991 1914 2044 καὶ
1943 2007 2069 2060 σχε-

477 2092 568 2145 δὸν
591 2090 853 2144 ἀδύνατον
884 2085 1024 2144 εἶναι
1059 2085 1330 2158 ἐνόμιζον,
1361 2087 1410 2138 εί
1439 2085 1578 2155 μετά
1604 2083 1703 2155 τὴν
1734 2082 1942 2153 τέφραν
1974 2083 2067 2134 καὶ

480 2181 578 2250 τὴν
630 2181 779 2232 κόνιν
830 2176 1068 2240 τοιοῦτος
1111 2176 1271 2230 πάλιν
1305 2177 1556 2244 φανεῖται
1587 2175 1616 2226 6
1643 2169 1791 2234 οἶκος
1813 2188 1829 2204 ο
1863 2175 2067 2235 ἐκεῖνος

479 2271 686 2324 ἐκλύων
717 2270 894 2324 αὐτῶν
921 2269 1019 2339 τὴν
1050 2268 1331 2329 ἀπιστίαν,
1374 2268 1437 2318 ἐκ
1471 2266 1766 2336 προσώπου
1801 2265 1893 2318 τοῦ
1929 2262 2065 2317 Θεοῦ

482 2358 634 2432 [518]
667 2360 838 2413 ταῦτα
869 2357 1136 2431 λέγει,,ὼς
1157 2356 1222 2410 ἂν
1251 2357 1299 2408 εί
1322 2355 1497 2424 ἐλεγεο
1525 2355 1589 2408 Τί
1609 2355 1881 2408 δεδοίκατε
1901 2372 1918 2422 ;
1938 2355 1989 2407 τί
2009 2353 2066 2407 δὲ

481 2455 796 2517 άπιστεῖτε;
847 2449 1027 2520 Ἐμὸν
1074 2449 1139 2502 τὸ
1173 2449 1477 2517 ἀργύριον,
1515 2448 1614 2501 καί
1646 2446 1793 2516 ἐμὸν
1825 2445 1890 2499 τὸ
1922 2463 2067 2515 χρυ-

479 2544 639 2609 σίον,
687 2544 782 2596 καὶ
829 2543 889 2598 οὺ
950 2541 1163 2614 δέομαι,
1223 2541 1353 2611 παρ’
1409 2539 1612 2610 ἐτέρων
1653 2538 2062 2608 δανεισάμενος,

479 2635 623 2690 οὕτω
651 2635 996 2689 καλλωπίσαι
1032 2635 1122 2688 τὸν
1146 2628 1315 2687 οἷκον.
1352 2633 1462 2685 Kal
1483 2632 1565 2684 ὅτι
1586 2629 1744 2683 τοῦτό
1767 2631 1936 2692 ἐστιν,
1965 2631 2066 2682 ἐπ-

480 2730 677 2798 ήγαγε,
731 2728 844 2780 Καὶ
894 2727 1067 2781 ἔσται
1121 2725 1160 2794 ἡ
1212 2724 1363 2789 δόξα
1413 2723 1519 2778 τοῦ
1555 2721 1728 2777 οἰκον
1771 2722 1984 2774 τούτου
2030 2723 2066 2789 ἡ

477 2819 710 2889 ἐσχάτη
772 2819 924 2888 ὑπὲρ
975 2816 1092 2887 τὴν
1123 2815 1384 2888 πρώτην.
1446 2814 1538 2886 Μὴ
1586 2815 1766 2868 τοίνυν
1817 2812 2068 2882 ἀραχνῶν

481 2910 780 2982 ὑφάσματα
831 2910 1214 2980 ἐπεισάγωμεν
1279 2907 1357 2978 τῷ
1403 2907 1593 2977 πέπλῳ
1653 2903 1731 2974 τῷ
1781 2901 2065 2974 βασιλικῷ.

480 3001 543 3054 Et
578 3001 706 3074 γὰρ,
737 3005 795 3055 ἐν
823 3001 1102 3074 ἁλουργίδι
1130 3001 1183 3052 ετ
1201 3014 1284 3060 τις
1316 2996 1469 3064 ἁλοίη
1506 2995 1710 3066 κρόκην
1735 2994 2068 3064 παράσημον

479 3097 790 3168 ἐμπλέκων,
822 3096 921 3166 τὴν
960 3095 1197 3165 ἐσχάτην
1238 3089 1400 3144 δώσει
1429 3087 1606 3157 δίκην,
1639 3083 1820 3155 πολλῷ
1864 3083 2066 3154 μᾶλλον

479 3189 712 3243 ἐπὶτῶν
741 3186 1147 3260 πνευματικῶνο
1191 3182 1312 3236 οὐδὲ
1359 3181 1468 3250 γὰρ
1518 3180 1579 3232 τὸ
1615 3178 1777 3248 τυχὸν
1816 3175 2066 3229 ἐντεῦθεν

477 3285 784 3356 ἁμάρτημα
811 3283 1042 3352 γίνεται.
1068 3279 1175 3330 Kal
1205 3275 1257 3327 τί
1280 3274 1423 3341 λέγω
1447 3273 1598 3341 παρὰ
1627 3271 1944 3340 προσθήκην
1965 3269 2060 3320 xal

478 3374 804 3446 ἀφαίρεσιν;
831 3373 981 3444 παρά
1023 3369 1255 3438 στιγμὴν
1286 3365 1472 3436 μόνην.
1509 3363 1604 3414 καὶ
1634 3361 1784 3432 παρὰ
1828 3361 2062 3430 ὑπόκρι-

483 3483 567 3520 σιν
594 3469 763 3537 μόνην
789 3463 1146 3534 ἀναγνώσεως
1182 3458 1351 3511 πολλὰ
1374 3455 1633 3517 πολλάκις
1659 3455 1838 3507 ἄτοπα
1869 3450 2063 3522 ἐτέχθη

481 3559 754 3628 νοήματα.

556 3740 633 3798 ς’.
655 3731 824 3785 Πόθεν
840 3726 932 3786 οὖν
953 3733 1002 3784 οἱ
1021 3727 1374 3789 πλουτοῦντες
1395 3742 1409 3790 ;
1432 3723 1580 3795 φησί·
1598 3722 1692 3775 καὶ⁸
1708 3721 1778 3789 γά
1787 3739 1815 3790 ρ
1831 3721 2064 3791 εἴρηται,

486 3823 760 3889 Πλοῦτος
803 3823 900 3877 καὶ
931 3820 1109 3874 πενία
1147 3820 1307 3886 παρὰ
1346 3815 1588 3882 Κυρίου.
1638 3809 1926 3883 Ἐρώμεθα
1974 3805 2068 3863 οὖν

483 3916 608 3979 τοὺς
632 3914 805 3969 ταῦτα
830 3915 962 3984 ἡμῖν
991 3910 1491 3979 άνθυποφέροντας,
1517 3900 1666 3975 τΑρα
1699 3905 1806 3966 πᾶς
1837 3901 2069 3962 πλοῦτος

485 4008 578 4060 καὶ
629 4008 779 4058 πᾶσα
832 4003 994 4056 πενία
1031 4001 1184 4071 παρά
1234 3997 1477 4070 Κυρίους
1527 3995 1637 4047 Kal
1670 3993 1753 4055 τίς
1797 3992 1864 4045 ἂν
1913 3989 2070 4043 τοῦτο

485 4100 658 4164 είποις
706 4096 819 4151 Kal
861 4095 971 4165 γὰρ
1009 4094 1255 4164 ὁρῶμεν,
1306 4090 1401 4142 καὶ
1435 4088 1492 4153 ἐξ
1523 4085 1782 4156 ἁρπαγῆς
1815 4083 1909 4137 καὶ
1961 4081 2069 4135 ἀπὸ

484 4190 583 4260 τῆς
608 4188 734 4259 περὶ
763 4186 966 4254 τάφους
993 4180 1330 4252 κακουργίας
1354 4178 1449 4231 καὶ
1475 4176 1585 4230 ἀπὸ
1609 4173 1864 4244 γοητείας
1891 4173 1984 4224 καὶ
2011 4171 2068 4238 ἐξ

487 4281 689 4352 ἐτέρων
729 4278 987 4331 τοιούτων
1019 4275 1347 4345 προφάσεων
1391 4269 1556 4323 πολὺν
1591 4266 1805 4329 πολλοῖς
1837 4264 2067 4332 συναγό-

492 4389 651 4442 μενον
702 4370 952 4432 πλοῦτον,
1007 4367 1102 4419 καὶ
1151 4366 1278 4426 τοὺς
1327 4362 1550 4432 ἔχοντας
1587 4359 1708 4413 ούδέ
1750 4358 1848 4429 ζῇν
1888 4357 2070 4422 ἀξίους

485 4464 663 4526 δντας.
700 4462 765 4516 Τί
812 4456 924 4524 οῦν,
963 4459 1083 4512 εἰπέ
1131 4475 1244 4528 μοι,
1279 4453 1465 4507 τοῦτον
1501 4453 1651 4523 παρὰ
1691 4449 1786 4504 τοῦ
1821 4449 1952 4503 Θεοῦ
1979 4450 2068 4500 τὸν

491 4555 716 4609 πλοῦτον
758 4549 897 4606 εἷναί
953 4567 1167 4621 φαμεν;
1227 4550 1480 4613 Ἀπαγε·
1535 4545 1671 4598 ἀλλὰ
1720 4543 1910 4610 πόθεν;
1981 4542 2068 4608 Ἐξ

488 4647 779 4718 ἁμαρτίας.
831 4643 941 4696 Kal
987 4642 1095 4711 γὰρ
1143 4641 1175 4709 ἠ
1226 4639 1398 4707 πόρνη
1429 4635 1490 4688 τὸ
1546 4635 1707 4705 σῶμα
1738 4633 2070 4705 ἐνυϐρίσασα

492 4737 730 4798 πλουτεῖ,
764 4734 858 4788 καὶ
883 4729 1160 4802 εῦμορφος
1189 4727 1306 4788 νέος
1339 4722 1599 4786 πολλάκις
1633 4723 1731 4792 τὴν
1756 4721 1905 4791 ὥραν
1937 4721 2070 4773 ἀπ)-

487 4827 707 4897 ὃόμενος
764 4825 880 4896 μετ’
915 4819 1304 4894 ἀσχημοσύνης
1333 4815 1603 4884 κέκτηται
1640 4812 1883 4885 χρυσίον,
1915 4811 2010 4864 καὶ
2040 4811 2068 4864 ό

488 4917 845 4988 τυμϐωρύχος
874 4915 1000 4976 τοὺς
1030 4913 1234 4982 τάφους
1261 4906 1576 4982 ἀναρρήξας
1604 4907 1879 4988 συνήγαγε
1903 4903 2067 4988 πλοῦ-

489 5013 581 5048 τον
634 4985 839 5057 ἄδικον,
896 4997 990 5048 καὶ
1046 4999 1074 5048 6
1124 4995 1328 5065 λῃστὴς
1375 4993 1502 5054 τοὺς
1559 4989 1768 5060 τοίχους
1795 4985 2066 5058 διορύξας.

492 5077 702 5132 Οὐκοῦν
726 5078 835 5130 ἀπὸ
861 5078 953 5130 τοῦ
979 5078 1114 5129 Θεοῦ
1136 5078 1279 5139 ἂπας
1303 5079 1332 5129 6
1357 5074 1623 5140 πλοῦτος;
1656 5072 1721 5126 Τί
1742 5067 1856 5138 οὖν,
1881 5072 2066 5141 φησὶν,

493 5161 729 5236 ἐροῦμεν
771 5160 905 5231 πρὸς
937 5161 1036 5229 τὴν
1074 5160 1231 5228 ῥῆσιν
1263 5159 1500 5230 ταύτηνς
1539 5158 1698 5213 Μάθε
1729 5155 1946 5228 πρῶτον
1975 5159 2068 5211 καὶ

498 5246 688 5302 πενίαν
703 5245 803 5298 οὐκ
830 5243 938 5298 ἀπὸ
960 5242 1096 5296 Θεοῦ
1123 5243 1435 5313 γινομένην,
1472 5244 1565 5296 καὶ
1591 5245 1712 5296 τότε
1735 5243 1831 5296 καὶ
1850 5243 1943 5296 ἐπὶ
1969 5244 2068 5313 τὴν

497 5343 655 5414 ῥῆσιν
689 5339 858 5410 αὐτὴν
891 5335 1240 5407 βαδιούμεθα.
1279 5335 1448 5388 Ὅταν
1480 5336 1588 5406 γάρ
1623 5353 1705 5399 τις
1741 5334 1947 5400 ἄσωτος
1993 5333 2069 5389 ὥν

493 5435 633 5498 νέοῖν
654 5433 687 5505 ἦ
710 5435 789 5496 εἷς
815 5431 1018 5503 πόρνας
1039 5427 1294 5501 ἀναλώσῃ
1310 5427 1400 5480 τὸν
1420 5427 1670 5493 πλοῦτον,
1690 5428 1725 5498 ἦ
1742 5429 1820 5491 εἰς
1840 5428 2065 5498 γόητας,

494 5523 529 5592 ἢ
559 5533 635 5586 εις
668 5524 858 5593 ἐτέρας
900 5521 1051 5584 τινάς
1081 5517 1334 5583 τοιαύτας
1369 5518 1686 5588 ἐπιθυμίας.
1723 5518 1816 5570 καὶ
1842 5517 2068 5586 γένηται

496 5609 683 5678 πένης,
724 5609 825 5660 οὐκ
874 5607 1114 5679 εῦδηλον,
1147 5608 1229 5660 ὅτι
1282 5610 1380 5660 ούκ
1427 5607 1537 5658 61:6
1571 5605 1664 5658 τοῦ
1713 5604 1847 5657 Θεοῦ
1875 5606 2066 5672 γέγονε

497 5698 675 5761 τοῦτο,
697 5697 810 5750 ἀλλ’
829 5699 938 5750 61:6
961 5701 1055 5768 τῆς
1075 5700 1280 5761 οἰκείας
1305 5696 1542 5758 ἀσωτίας
1559 5712 1574 5760 ;
1593 5695 1764 5747 Πάλιν
1784 5693 1837 5746 εί
1858 5711 1940 5757 τις
1963 5693 2068 5748 61:6

495 5789 692 5861 ἀργίας
716 5788 919 5854 γένοιτο
946 5789 1131 5858 πένης,
1162 5789 1313 5851 εἴτις
1342 5785 1445 5839 ὑπὸ
1473 5786 1655 5848 ἀνοίας
1682 5786 1762 5848 εἰς
1794 5787 2066 5856 πτωχείαν

1231 332 1290 386 S.
1329 323 1618 383 JOANNIS
1655 321 2151 380 CIIRYSOSTOMI
2191 323 2510 380 AHCHIEP.
2553 323 3104 380 CONSTANTIN‘OP.

3653 325 3764 380 296

2180 437 2554 509 κατενεχθείη,
2607 438 2662 491 ετ
2707 455 2792 500 τις
2853 437 3217 502 ἐπικινδύνοις
3273 437 3374 489 καὶ
3418 437 3763 508 παρανόμοις

2174 530 2465 600 ἐπιχειρῶν
2491 530 2831 600 πράγμασιν,
2861 524 2962 584 οὐκ
2991 528 3214 601 εῦδηλον
3244 529 3486 593 πάντως,
3521 530 3606 582 ὅτι
3637 529 3762 583 ούδέ

2169 621 2375 675 τούτων
2395 639 2477 684 τις
2501 622 2722 676 καὶτῶν
2747 621 3006 677 τοιούτων
3033 623 3114 684 είς
3147 622 3246 692 τὴν
3278 620 3557 691 πτωχείαν
3586 620 3762 692 αὐτὴν

2170 710 2277 763 ἀπὸ
2321 710 2455 765 Θεοῦ
2494 713 2832 786 κατηνέχθης
2883 714 3153 768 Ψεύδεται
3197 709 3292 768 οῦν
3329 715 3363 784 ή
3399 715 3631 786 Γραφή;
3668 716 3762 788 Μὴ

2168 801 2398 870 γένοιτο,
2455 803 2570 857 ἀλλ’
2621 807 3032 876 ἅνοηταίνουσιν
3064 807 3114 859 οἱ
3154 806 3229 877 μὴ
3271 803 3414 875 μετὰ
3443 808 3542 877 τῆς
3585 822 3758 876 προσ·

2169 893 2412 964 ηκούσης
2478 895 2766 967 ἀκριϐείας
2838 897 3185 962 ἐξετάζοντες
3251 897 3320 951 τά
3387 897 3764 968 γεγραμμένα

2169 984 2408 1044 ἅπαντα.
2437 989 2501 1042 Et
2537 989 2646 1060 γὰρ
2679 989 2772 1044 καὶ
2802 990 2961 1043 τοῦτο
3002 988 3378 1060 ὡμολόγηται,
3405 989 3490 1042 ὅτι
3520 988 3762 1062 ἀψευδὴς

2171 1083 2202 1153 ή
2237 1081 2451 1152 Γραφὴ,
2483 1081 2578 1134 καὶ
2615 1080 2774 1134 τοῦτο
2805 1081 3126 1152 ἀπεδείχθη,
3157 1083 3241 1135 ὅτι
3280 1082 3342 1136 ού
3375 1084 3489 1143 πᾶς
3531 1083 3762 1148 πλοῦτος

2169 1174 2321 1243 παρά
2353 1172 2511 1238 Θεοῦ,
2538 1172 2638 1243 τῆς
2674 1171 2782 1225 τῶν
2809 1173 3234 1244 ἀπερισκέπτως
3265 1175 3762 1242 ἀναγινωσκόντων

2169 1260 2453 1323 ἀσθενείας
2481 1262 2514 1332 ή
2550 1261 2774 1332 ἀπορία.
2817 1262 2927 1314 Kal
2973 1261 3080 1314 ἔδει
3115 1261 3214 1332 μὲν
3244 1263 3394 1334 ἡμᾶς
3426 1265 3668 1333 ἀφεῖναι,
3701 1267 3761 1318 ἐν

2167 1351 2342 1422 τούτῳ
2370 1352 2784 1419 άπαλλάξαντας
2812 1356 2912 1423 τὴν
2956 1353 3182 1425 Γραφήν
3230 1356 3340 1408 τῶν
3371 1355 3760 1428 ἐγκλημάτων,

2169 1443 2258 1498 ἵνα
2291 1443 2496 1517 ταύτην
2544 1447 2675 1516 ἡμῖν
2711 1444 2870 1517 δίκην
2917 1444 3055 1498 δῶτε
3102 1446 3201 1516 τῆς
3237 1448 3367 1518 περί
3393 1447 3492 1511 τάς
3534 1447 3574 1500 Γ
3580 1449 3755 1520 ραφάς

2170 1533 2471 1608 ῥᾳθυμίας·
2503 1535 2618 1590 ἀλλ’
2650 1535 2840 1606 ἐπειδὴ
2875 1535 3132 1608 φείδομαι
3182 1538 3390 1610 σφόδρα
3443 1538 3622 1611 ὑμῶν,
3665 1541 3760 1595 καὶ⁵

2167 1626 2229 1680 οὑ
2259 1626 2493 1698 δύναμαι
2521 1627 2777 1680 ἐπιπλέον
2812 1627 3247 1700 θορυϐουμένους
3280 1631 3407 1684 ίδεῖν
3438 1632 3532 1685 καὶ
3564 1630 3757 1686 διατα-

2170 1721 2553 1792 ραττομένους,
2583 1719 2729 1793 [519]
2765 1721 2897 1790 φέρε
2929 1720 3025 1773 καὶ
3051 1721 3148 1791 τὴν
3176 1720 3329 1774 λύσιν
3359 1722 3757 1793 ἐπαγάγωμεν,

2169 1811 2431 1881 πρότερον
2461 1811 2553 1864 τὸν
2593 1811 2854 1882 εἰρηκότα
2897 1813 3164 1877 είπόντες,
3197 1814 3290 1866 καὶ
3343 1814 3468 1869 πότε
3507 1815 3754 1886 εἴρηται,

2168 1903 2262 1954 καὶ
2294 1902 2429 1972 πρὸς
2457 1903 2630 1964 τίνας.
2659 1902 2794 1956 Οὐδὲ
2813 1901 2921 1974 γάρ
2957 1903 3160 1974 ὁμοίως
3187 1904 3390 1958 ἅπασιν
3415 1905 3443 1958 ό
3475 1905 3610 1967 Θεὸς
3640 1906 3759 1958 δια-

2167 1993 2406 2062 λέγεται,
2462 1993 2650 2063 ῶσπερ
2691 1994 2814 2047 ούδέ
2863 1995 3027 2065 ἡμεῖς
3069 1994 3301 2060 παιδίοις
3349 1997 3440 2050 καὶ
3487 1996 3760 2067 ἀνδράσιν

2167 2086 2368 2156 ὁμοίως
2395 2085 2731 2157 κεχρήμεθα.
2768 2086 2905 2138 Πότε
2933 2082 3027 2138 οῦν
3056 2088 3290 2156 είρηται,
3319 2089 3410 2142 καὶ
3436 2088 3540 2141 ὑπὸ
3580 2089 3754 2154 τινος,

2167 2181 2262 2232 καὶ
2291 2179 2426 2249 πρὸς
2465 2179 2654 2244 τίνας;
2701 2178 2838 2230 Ὑπὸ
2877 2177 2971 2230 τοῦ
3005 2179 3350 2247 Σολομῶντος
3377 2179 3470 2232 ἐπὶ
3507 2179 3606 2248 τῆς
3643 2181 3760 2233 Πα-

2167 2272 2325 2336 λαιᾶς
2348 2271 2486 2341 πρὸς
2509 2273 2634 2335 τοὺς
2679 2273 2968 2335 Ἰουδαίους
2995 2273 3124 2336 τοὺς
3150 2270 3301 2325 οὐδὲν
3329 2272 3515 2343 ἕτερον
3544 2273 3758 2336 εἰδότας

2166 2365 2200 2436 ἢ
2237 2364 2304 2418 τά
2332 2362 2588 2434 αίσθητά,
2623 2364 2718 2417 καὶ
2748 2363 2855 2416 ἀπὸ
2884 2364 3092 2416 τούτων
3125 2363 3218 2417 τοῦ
3249 2363 3385 2416 Θεοῦ
3425 2362 3758 2434 δοκιμάζον-

2167 2474 2265 2520 τας
2295 2456 2391 2526 τὴν
2421 2455 2594 2526 ἰσχύν.
2639 2449 2796 2509 υῦτοι
2839 2456 2948 2526 γάρ
2983 2457 3029 2508 οἱ
3057 2454 3307 2523 λέγοντές
3353 2457 3460 2508 εἰσι
3481 2471 3494 2484 ”
3528 2454 3626 2522 Μὴ
3656 2454 3759 2509 καί

2167 2548 2349 2617 ἄρτον
2373 2547 2622 2602 δύναται
2651 2547 2898 2608 δοῦναι;
2928 2547 3044 2611 καὶ,
3086 2548 3145 2600 Τί
3174 2545 3429 2615 σημεῖον
3455 2546 3758 2615 δεικνύεις

2166 2641 2341 2708 ήιιῖν;
2369 2643 2433 2693 Οἱ
2478 2639 2729 2706 πατέρες
2761 2637 2930 2706 ἡμῶν
2968 2639 3199 2708 ἔφαγον
3228 2639 3295 2691 τὸ
3331 2636 3539 2707 μάννα
3582 2639 3655 2692 ὲν
3679 2639 3758 2708 τῇ

2167 2730 2380 2798 ἐρήμῳ.
2413 2724 2526 2782 Ὧν
2549 2733 2581 2783 ό
2612 2729 2744 2794 θεὸς
2769 2729 2806 2795 ἡ
2843 2729 3061 2781 κοιλία.
3107 2728 3259 2780 Ἐπεὶ
3296 2723 3389 2781 οὖν
3412 2728 3522 2782 61:6
3545 2729 3756 2782 τούτων

2167 2821 2329 2873 αὑτὸν
2363 2819 2703 2888 ἐδοκίμαζον,
2754 2819 2906 2887 λέγει
2950 2820 3087 2890 πρὸς
3133 2820 3353 2883 αὐτοὺς,
3395 2821 3624 2874 δυνατὸν
3658 2822 3757 2875 καὶ

2166 2913 2326 2969 ⁴ιεοῦτο
2354 2912 2430 2982 τῷ
2465 2912 2603 2982 Θεῷ,
2635 2915 2728 2964 καὶ
2770 2911 3058 2974 πλουσίους
3089 2911 3314 2982 ποιῆσαι
3356 2912 3448 2965 καὶ
3476 2912 3719 2981 πένητας
3739 2928 3755 2941 ·

2166 3007 2264 3076 ούχ
2291 3007 2373 3058 ὅτι
2415 3005 2631 3066 πάντως
2675 3005 2834 3066 αὐτὸς
2874 3005 3038 3067 ποιεῖ,
3080 3003 3197 3056 ἀλλ’
3231 3004 3313 3056 ὅτι
3343 3003 3592 3068 δύναται,
3627 3005 3759 3056 ὅταν

2169 3096 2330 3170 θέλῃ·
2367 3095 2557 3166 ὥσπερ
2588 3096 2713 3147 ὅταν
2746 3094 2903 3166 λέγῃ,
2951 3094 3005 3145 '0
3031 3093 3302 3148 ἀπειλῶν
3337 3094 3411 3163 τῇ
3440 3095 3755 3162 θαλάσσῃ,

2169 3191 2264 3243 καί
2300 3188 2598 3256 ξηραίνων
2625 3187 2838 3255 αὐτὴν,
2866 3187 2963 3240 καί
2997 3187 3232 3253 πάντας
3261 3187 3404 3254 τοὺς
3448 3189 3759 3258 ποταμοὺς

2167 3279 2504 3351 ἑξερημῶνο
2551 3279 2728 3332 καίτοι
2767 3277 2926 3331 τοῦτο
2953 3277 3211 3332 οὐδέποτε
3243 3279 3465 3348 γέγονε.
3507 3280 3633 3343 Πῶς
3661 3277 3758 3335 οὖν

2169 3375 2300 3428 αὐτὸ
2327 3377 2355 3427 ό
2384 3374 2667 3444 προφήτης
2702 3371 2903 3442 φησίνς
2937 3371 3049 3441 Οὐχ
3073 3369 3149 3434 ὡς
3177 3371 3466 3441 γινόμενον
3495 3373 3603 3434 ἀεὶ,
3639 3371 3760 3426 ἀλλ’

2168 3470 2244 3532 ὼς
2272 3468 2496 3521 δυνατὸν
2537 3465 2690 3536 αύτῷ
2716 3465 2959 3535 ποιῆσαι.
3006 3464 3171 3519 Ποίαν
3205 3459 3298 3517 οῦν
3332 3465 3524 3517 πενίαν
3550 3465 3756 3531 δίδωσι,

2169 3560 2266 3614 καὶ
2294 3561 2446 3611 ποῖον
2490 3556 2746 3621 πλοῦτον;
2800 3555 3206 3625 Ἀναμνὴσθητι
3239 3553 3335 3607 τοῦ
3385 3554 3755 3625 πατριάρχου,

2171 3655 2264 3707 καὶ
2289 3655 2410 3724 εῖσῃ
2442 3653 2534 3704 τὸν
2569 3648 2722 3720 παρά
2750 3649 2844 3702 τοῦ
2885 3647 3023 3702 Θεοῦ
3048 3648 3328 3717 διδόμενον
3361 3647 3612 3702 πλοῦτον.
3645 3647 3758 3702 Kal

2168 3745 2278 3816 γὰρ
2322 3743 2414 3797 τὸν
2452 3739 2703 3813 Ἀϐραὰμ
2735 3739 2898 3802 αὐτὸς
2937 3737 3194 3792 πλούσιον
3226 3737 3474 3808 ἐποίησε,
3506 3739 3602 3790 καὶ
3634 3736 3754 3805 μετ’

2169 3838 2374 3890 ἐκεῖνον
2395 3834 2486 3888 τὸν
2520 3831 2660 3898 Ἰὼϐ,
2693 3831 2875 3896 καθὼς
2903 3833 3001 3886 καὶ
3022 3831 3185 3894 αὑτός
3213 3847 3409 3900 φησιν·
3441 3833 3508 3884 El
3539 3830 3614 3884 τὰ
3634 3829 3758 3899 μὲν

2169 3926 2359 3994 ἀγαθὰ
2394 3921 2722 3992 ἐδεξάμεθα
2769 3921 2928 3989 παρὰ
2972 3921 3213 3990 Κυρίου,
3247 3920 3320 3973 τὰ
3347 3920 3416 3972 δὲ
3453 3922 3608 3973 κακὰ
3636 3921 3755 3989 οὐχ

2169 4019 2536 4087 ὐποίσομεν;
2577 4017 2686 4069 Kal
2728 4017 2756 4069 6
2788 4014 2883 4067 1:06
2926 4013 3121 4066 Ἰακὼὸ
3153 4012 3383 4076 πλοῦτος
3414 4013 3626 4066 ἐκεῖθεν
3653 4013 3754 4082 τὴν

2169 4112 2346 4184 ἀρχὴν
2384 4108 2550 4182 εἶχεν.
2586 4108 2742 4162 Ἐστι
2767 4107 2823 4161 δὲ
2861 4107 2956 4160 καὶ
2983 4107 3143 4160 πενία
3178 4106 3310 4177 παρ’
3336 4106 3502 4159 αὑτοῦ
3533 4108 3566 4177 ή
3597 4107 3756 4159 ἐπαι-

2170 4207 2317 4275 νετὴ,
2343 4205 2459 4258 οἵαν
2485 4202 2763 4274 προεξένει
2789 4201 2908 4253 τότε
2936 4199 3014 4269 τῷ
3037 4197 3280 4270 πλουσίῳ
3308 4201 3524 4270 ἐκείνῳ,
3552 4197 3754 4266 λέγων·

2172 4301 2240 4354 El
2282 4300 2474 4364 θέλεις
2509 4296 2735 4360 τέλειος
2763 4289 2948 4355 εἶναι,
2980 4291 3273 4358 πώλησόν
3304 4309 3419 4346 σου
3457 4291 3528 4344 τὰ
3555 4290 3752 4359 ὑπάρο

2172 4411 2377 4462 κοντα,
2404 4393 2500 4446 καί
2525 4390 2632 4456 δὸς
2653 4386 2929 4456 πτωχοῖς,
2958 4385 3054 4440 καὶ
3075 4385 3253 4453 δεῦρο
3277 4384 3590 4440 ἀκολούθει
3609 4398 3753 4453 μοι·
3868 4446 3871 4447 ν

2171 4488 2266 4539 καὶ
2294 4490 2409 4548 τοῖς
2445 4483 2714 4555 μαθηταῖς
2746 4479 2907 4532 πάλιν
2954 4475 3262 4547 νομοθετῶν
3293 4476 3385 4529 καὶ
3417 4473 3613 4540 λέγων,
3651 4476 3710 4527 Μ
3719 4474 3755 4543 ἡ

2171 4580 2479 4645 κτήσασθε
2513 4574 2766 4644 χρυσὸν,
2799 4571 2954 4641 μηδὲ
2999 4570 3285 4638 ἄργυρον,
3323 4565 3479 4637 μηδὲ
3505 4565 3616 4620 δύο
3663 4585 3757 4636 χι-

2169 4669 2384 4735 τῶνας.
2421 4667 2512 4736 Μὴ
2558 4664 2734 4718 τοίνυν
2784 4663 2932 4729 λέγε,
2963 4661 3043 4712 ὅτι
3093 4659 3271 4712 πάντα
3313 4657 3546 4712 πλοῦτον
3588 4658 3756 4721 αὐτος

2168 4762 2385 4818 δίδωσι·
2441 4757 2676 4828 καὶγὰρ
2721 4753 2939 4825 ἐδείχθη
2979 4753 3074 4805 καὶ
3111 4751 3219 4805 ἀπὸ
3264 4752 3446 4820 φόνων
3493 4750 3591 4802 καὶ
3640 4751 3756 4804 ἀπὸ

2171 4854 2425 4927 ἁρπαγῆς
2457 4849 2551 4904 καὶ
2587 4847 2695 4910 ἀπὸ
2726 4845 2936 4919 μυρίων
2973 4843 3178 4915 ἐτέρων
3207 4843 3537 4914 προφάσεων
3563 4840 3754 4912 συλλε-

2169 4949 2398 5018 γόμενος
2434 4937 2606 5005 οὗτος.
2654 4937 2814 4992 Ἀλλά
2847 4936 3008 4990 πάλιν
3046 4937 3125 4998 είς
3155 4935 3217 4987 16
3261 4933 3528 5005 πρότερον
3563 4934 3698 5003 ἡμῖν
3725 4935 3756 4986 ό

2168 5039 2325 5107 λόγος
2354 5035 2700 5106 περιΐσταται
2741 5029 2980 5102 ζήτημα.
3016 5027 3079 5079 El
3111 5025 3221 5097 γὰρ
3261 5024 3430 5094 μηδὲν
3455 5025 3588 5094 ἡμῖν
3615 5025 3753 5095 χρή-

2171 5147 2320 5201 σιμοι
2366 5128 2416 5180 οἱ
2461 5124 2837 5188 πλουτοῦντες,
2880 5120 2968 5174 διὰ
3005 5119 3057 5171 τί
3093 5118 3454 5186 γεγένηνται;
3483 5116 3536 5168 τί
3563 5110 3658 5168 οῦν
3685 5114 3752 5166 ἂν

2169 5221 2450 5289 εἴποιμεν;
2491 5217 2615 5268 Ὅτι
2646 5208 2792 5267 οὗτοι
2841 5212 2902 5265 06
2929 5211 3208 5283 χρήσιμοι,
3255 5210 3304 5262 οἱ
3344 5208 3571 5270 ἑαυτοὺς
3610 5205 3754 5259 οῦτω

2169 5312 2452 5372 ποιοῦντες
2483 5307 2791 5371 πλουσίους,
2827 5306 2905 5368 ὡς
2935 5305 2988 5358 οἵ
3019 5321 3084 5372 γε
3119 5303 3272 5374 παρά
3295 5300 3392 5354 τοῦ
3426 5299 3563 5353 Θεοῦ
3593 5301 3755 5368 γενό-

2172 5423 2343 5478 μενοι,
2385 5403 2480 5456 καὶ
2526 5400 2734 5470 σφόδρα
2765 5399 3046 5469 χρήσιμοι.
3087 5397 3194 5449 Kal
3230 5393 3389 5448 τοῦτο
3429 5394 3526 5446 ἀπ’
3567 5392 3754 5447 αὐτῶν

2168 5498 2274 5550 τῶν
2319 5495 2446 5564 παρ’
2501 5493 2723 5545 ἐκείνων
2767 5489 3066 5560 γινομένων
3123 5487 3382 5558 μάνθανε.
3431 5485 3542 5541 Kal
3583 5484 3697 5556 γὰρ
3725 5485 3755 5535 6

2181 5587 2433 5658 Ἁϐραάμ
2481 5588 2594 5650 τοῖς
2628 5584 2797 5648 ξένοις
2843 5583 2935 5636 καὶ
2973 5583 3085 5644 τοῖς
3128 5579 3406 5650 δεομένοις
3460 5579 3634 5631 ἆπασι
3660 5577 3755 5627 τον

2168 5680 2396 5734 πλοῦτον
2423 5679 2703 5748 ἐκέκτητο.
2741 5676 2798 5728 '0
2828 5674 2936 5746 γάρ
2961 5673 3130 5744 τριῶν
3165 5670 3646 5743 παραγενομένων,
3675 5667 3754 5729 ὡς

2169 5773 2435 5846 ἐνόμιζεν,
2481 5769 2801 5841 ἀνθρώπων,
2833 5767 3032 5838 μόσχον
3061 5765 3250 5826 θύσας,
3283 5765 3377 5817 καὶ
3408 5763 3532 5832 τρία
3570 5760 3755 5832 μέτρα.
