4094 6222
351 386 460 444 993

353 508 398 562 εἰ
424 516 611 560 1⁵111⁸8113
642 509 846 556 vestem
885 508 1085 562 ΙεΧΘιὋ,
1118 512 1220 552 ηοη
1249 510 1380 553 auro
1421 508 1610 549 I‘III‘SIIS
1652 507 1788 563 opus
1827 503 1927 557 BSI,

354 611 462 650 non
485 598 731 662 argento,
764 589 858 646 sed
887 589 1133 644 manibus
1149 601 1360 642 rursum
1383 594 1436 640 et
1465 593 1581 639 arte
1605 583 1944 638 mulieribus-

351 701 456 756 que
484 683 854 755 operantibus.
879 681 1016 750 Quid
1046 695 1171 736 vero
1200 681 1244 735 si
1271 688 1467 734 terram
1490 676 1674 733 colere
1699 685 1944 746 oporteat

351 789 408 832 et
439 777 646 842 fodere,
676 790 744 828 an
775 774 1029 829 divitibus
1055 787 1121 826 an
1169 771 1490 842 pauperibus
1533 779 1616 825 est
1644 767 1816 840 opus?
1845 768 1912 822 Pa
1932 799 1944 806 -

357 870 462 923 Iam
491 879 574 923 est
598 865 739 938 quod
769 864 1111 936 pauperibus.
1144 864 1208 918 Et
1234 863 1279 917 si
1305 862 1506 918 ferrum
1536 870 1765 916 tractare
1785 875 1945 929 Opor-

356 968 486 1024 teat,
509 968 601 1013 aut
630 956 760 1028 quid
781 948 957 1011 simile
988 954 1184 1020 facere,
1218 950 1318 1008 hac
1345 953 1576 1010 maxime
1609 951 1767 1023 plebe
1791 949 1944 1030 nobis

354 1063 490 1123 opus
520 1059 623 1105 est.
652 1047 876 1105 Ubinam
904 1061 1032 1117 ergo
1053 1045 1303 1101 divitibus
1332 1060 1467 1115 opus
1489 1043 1822 1106 habebimus,
1842 1041 1946 1098 nisi

354 1147 638 1200 destruere
668 1149 912 1212 oporteat
940 1138 1085 1195 hunc
1116 1137 1424 1194 civitatem?
1453 1136 1585 1192 Nam
1629 1135 1676 1192 si
1725 1135 1828 1190 illis
1860 1135 1943 1189 in-

353 1235 579 1308 gressis,
609 1235 660 1290 in
692 1234 807 1288 auri
837 1242 890 1288 et
916 1233 1325 1304 margaritarum
1351 1229 1838 1300 concupiscentiam
1861 1229 1946 1282 in-

355 1325 589 1384 ciderint
618 1326 672 1380 hi
705 1324 1010 1396 philosophi
1039 1321 1411 1396 (philosophos
1452 1322 1594 1376 enim
1644 1335 1778 1376 voco
1827 1335 1945 1383 eos,

356 1418 446 1487 qui
477 1411 611 1471 nihil
641 1413 970 1484 superfluum
1000 1412 1296 1483 quierunt),
1328 1413 1438 1466 otio
1467 1425 1526 1467 se
1556 1410 1748 1465 dantes
1773 1417 1828 1464 et
1852 1423 1948 1463 vo-

359 1509 568 1580 luptati,
599 1506 776 1562 omnia
802 1500 1019 1562 demum
1044 1505 1289 1574 perdent.
1325 1504 1389 1558 Et
1417 1503 1517 1559 nisi
1545 1502 1706 1558 utiles
1735 1501 1944 1556 sintdi-

356 1603 522 1668 vitim,
548 1600 779 1670 inquies,
803 1613 902 1653 cur
930 1613 962 1652 a
987 1597 1213 1652 Domino
1241 1596 1380 1652 data:
1400 1595 1558 1650 sunt?
1587 1595 1654 1648 Et
1681 1592 1944 1648 undenam

356 1696 525 1765 liquet
550 1692 764 1748 divitias
784 1707 814 1746 a
848 1691 958 1746 Deo
979 1689 1132 1746 dari?
1160 1689 1434 1759 Scriptura
1461 1687 1593 1743 dicit
1624 1707 1638 1742 :
1673 1687 1845 1741 Meum
1876 1696 1949 1740 est

357 1793 624 1856 argentum
647 1792 691 1836 et
720 1798 884 1836 meum
914 1797 1096 1834 aurum
1124 1779 1320 1852 (Λειᾳωὶ
1365 1779 1418 1832 2.
1442 1777 1521 1846 9),
1541 1788 1594 1833 et
1616 1777 1700 1833 cui
1728 1778 1949 1832 voluero

358 1876 500 1931 dabo
530 1873 682 1929 illud.
734 1872 853 1938 Ilic,
886 1871 990 1926 nisi
1021 1887 1135 1926 rem
1167 1879 1377 1938 turpem
1430 1868 1685 1934 facerem,
1733 1867 1950 1936 profuse

361 1982 503 2023 nunc
531 1966 795 2030 risissem,
817 1964 938 2019 illos
966 1964 1055 2034 qui
1084 1963 1198 2018 lucc
1219 1963 1405 2017 dicunt
1443 1961 1694 2026 irridens,
1726 1961 1848 2030 quia
1877 1961 1950 2017 si-

359 2069 452 2115 cut
477 2059 688 2130 pueruli
719 2057 864 2127 regia
897 2055 1136 2111 fruentes
1165 2069 1372 2119 mensa,
1404 2068 1525 2108 eum
1567 2054 1658 2106 illo
1697 2053 1952 2108 alimento

359 2151 621 2222 quidquid
649 2149 895 2206 inciderit
921 2149 974 2202 in
1007 2161 1067 2202 os
1097 2147 1363 2216 injiciunt.
1392 2145 1483 2199 Sic
1511 2153 1566 2198 et
1589 2145 1640 2198 hi
1664 2159 1786 2198 cum
1817 2143 1954 2198 divi-

360 2245 450 2298 nis
473 2239 764 2311 Scripturis
782 2255 879 2296 sua
903 2255 1116 2310 quoque
1137 2238 1416 2309 colligunt.
1440 2236 1573 2292 Illud
1594 2237 1758 2303 enim,
1783 2236 1954 2291 Meum

359 2348 440 2390 cst
467 2345 744 2405 argentum,
771 2343 816 2387 et
843 2349 1009 2386 meum
1041 2342 1112 2386 est
1139 2347 1346 2405 aurum,
1379 2330 1491 2385 scio
1517 2328 1718 2384 dictum
1749 2329 1953 2384 fuissca

365 2425 820 2496 prophetapillud
845 2436 996 2490 vero,
1027 2422 1121 2479 Cui
1167 2422 1390 2478 voluero
1426 2421 1566 2476 dabo
1609 2421 1802 2490 ipsum,
1849 2435 1954 2474 non

364 2519 439 2574 ibi
460 2515 662 2588 jacere,
692 2515 785 2573 sed
821 2532 852 2571 a
879 2515 1101 2571 faecibus
1132 2515 1250 2570 istis
1290 2513 1560 2569 inductum
1604 2513 1788 2568 fuisse.
1821 2513 1957 2568 Illud

361 2625 499 2666 vero
525 2625 628 2680 qua
652 2609 719 2662 de
745 2622 905 2663 causa
941 2606 1140 2662 dictum
1173 2607 1242 2661 sit
1285 2605 1483 2662 dicam.
1529 2604 1801 2675 PrOpheta
1847 2605 1956 2674 Ag-

364 2716 540 2772 gazus,
569 2701 692 2771 quia
719 2699 1030 2770 frequenter
1058 2697 1258 2753 Iudaeis
1281 2697 1622 2767 promiserat,
1662 2705 1783 2767 post
1813 2696 1959 2751 redi-

367 2804 486 2848 tum
521 2808 584 2848 ex
618 2791 888 2862 Babylone
915 2806 973 2846 se
1003 2789 1257 2860 templum
1299 2799 1642 2844 ostensurum
1688 2788 1743 2842 in
1781 2787 1961 2858 priore

371 2886 565 2951 forma,
600 2901 706 2940 non
735 2883 1030 2940 credebant
1059 2893 1237 2938 autem
1267 2883 1480 2954 quidam
1510 2882 1730 2947 dicenti,
1771 2890 1823 2937 et
1852 2881 1962 2938 fere

369 2993 489 3034 rem
523 2975 907 3048 impossibilem
945 2973 1348 3040 existimabant,
1389 2973 1530 3044 quod
1561 2973 1614 3028 in
1643 2975 1878 3028 cinerem
1909 2980 1964 3027 et

372 3073 647 3144 pulverem
673 3069 890 3126 redacta
917 3068 1132 3133 domus,
1166 3068 1284 3123 talis
1307 3082 1517 3122 rursum
1548 3064 1856 3136 apparitura
1880 3077 1964 3120 cs-

372 3175 490 3226 set;
521 3163 610 3218 ille
638 3161 854 3216 solvens
881 3159 1311 3216 incredulitatem
1344 3159 1604 3228 ipsorum,
1639 3173 1704 3212 ex
1734 3171 1963 3227 persona

376 3256 472 3310 Dei
513 3255 631 3309 haec
660 3253 810 3317 dicit,
841 3265 907 3306 ac
935 3250 980 3305 si
1010 3250 1248 3306 diceret:
1276 3249 1412 3316 Quid
1443 3247 1675 3304 timetis?
1699 3247 1826 3319 quid
1859 3263 1964 3302 non

375 3345 631 3402 creditis?
657 3344 829 3398 Meum
855 3353 928 3397 est
952 3350 1213 3413 argentum
1231 3349 1278 3394 et
1295 3356 1457 3394 meum
1482 3355 1686 3406 aurum,
1716 3353 1818 3394 nec
1831 3352 1968 3408 opus

379 3438 575 3504 habeo,
605 3445 662 3491 ut
691 3434 915 3505 pecunia
949 3434 1155 3489 faenore
1196 3440 1438 3502 accepta,
1470 3431 1552 3486 sic
1599 3430 1770 3485 tndem
1807 3444 1966 3486 exor-

379 3544 521 3584 nem.
555 3529 624 3583 Et
650 3526 794 3599 quod
826 3525 928 3582 hoc
956 3526 1048 3590 sit,
1080 3523 1355 3592 subiunxit
1389 3541 1402 3578 :
1450 3523 1514 3577 Et
1556 3524 1650 3577 erit
1675 3521 1841 3594 gloria
1871 3522 1966 3576 do-

375 3639 494 3678 mus
535 3623 691 3693 ltujus
719 3621 900 3675 ultima
945 3635 1104 3689 supra
1150 3618 1368 3688 primum
1398 3616 1594 3688 (Aggwi
1621 3616 1676 3670 2.
1719 3616 1786 3671 10
1811 3615 1851 3686 ).
1891 3615 1971 3670 Ne

379 3729 512 3784 ergo
540 3713 593 3767 in
623 3712 1000 3767 vestimentum
1042 3712 1247 3781 regium
1296 3709 1430 3766 telas
1465 3724 1782 3764 aranearum
1813 3709 1972 3763 indu-

379 3818 590 3858 eamus.
613 3801 745 3857 Nam
771 3801 815 3856 si
842 3800 965 3872 quis
989 3799 1422 3871 deprehendatur
1449 3800 1502 3854 in
1531 3815 1763 3870 purpura
1793 3798 1972 3855 defor-

379 3912 471 3952 me
521 3897 839 3966 subtegmcn
883 3903 1208 3960 contexens,
1259 3901 1528 3948 extremas
1570 3892 1718 3947 dabit
1758 3907 1968 3962 pinnas,

378 3990 559 4044 multo
580 3989 746 4059 magis
790 3988 843 4042 in
885 3986 1488 4056 spiritualibuszncque
1530 3986 1673 4040 enim
1703 3985 1826 4040 hinc
1853 3985 1972 4040 leve

379 4091 666 4153 peccatum
692 4081 880 4136 oritur.
903 4081 969 4136 Et
989 4079 1116 4150 quid
1145 4080 1265 4134 dico
1293 4079 1362 4134 de
1391 4078 1662 4134 additione
1689 4088 1743 4133 et
1763 4077 1830 4133 de
1846 4079 1972 4131 sub-

380 4172 694 4230 tractione‘i
731 4187 795 4227 ex
834 4181 1030 4243 puncto
1076 4181 1300 4236 tantum,
1335 4178 1389 4224 et
1415 4186 1480 4224 ex
1508 4170 1760 4223 simulata
1803 4169 1970 4224 altera

375 4264 626 4321 lectione
655 4261 814 4317 multa
837 4277 979 4334 saepe
1004 4262 1234 4318 absurda
1260 4276 1417 4317 sensa
1445 4270 1566 4317 orta
1592 4271 1735 4316 sunt.

462 4357 520 4411 6.
556 4355 825 4411 Undenatn
843 4371 972 4427 ergo
989 4355 1213 4411 divites?
1227 4355 1434 4426 inquies
1453 4362 1470 4411 ;
1487 4353 1684 4408 dictum
1705 4362 1788 4408 est
1804 4352 1970 4410 enim.

379 4451 599 4506 Divitior
622 4459 668 4503 et
697 4458 974 4520 paupertas
998 4465 1030 4501 a
1059 4447 1276 4501 Domino
1314 4445 1501 4516 (Eccli.
1534 4447 1622 4500 II.
1664 4445 1773 4516 Η).
1807 4445 1975 4512 Inter:

382 4541 698 4612 rogabimus
727 4555 854 4611 ergo
879 4554 974 4595 eos
1003 4540 1093 4608 qui
1124 4539 1238 4592 haec
1265 4538 1418 4594 nobis
1438 4537 1734 4608 objiciunt:
1762 4537 1973 4608 Ergone

382 4647 579 4688 omnes
608 4631 805 4686 divitia:
833 4641 891 4686 et
913 4631 1089 4686 omnis
1119 4640 1406 4701 paupertas
1431 4645 1460 4684 a
1486 4630 1747 4685 Domino?
1773 4640 1826 4685 et
1851 4632 1972 4702 quis

385 4728 495 4780 hoc
520 4725 750 4778 dixerit?
780 4723 912 4778 Nam
939 4721 1182 4777 videmus
1208 4732 1263 4777 et
1285 4737 1349 4776 ex
1383 4721 1568 4792 rapina
1596 4731 1650 4776 et
1680 4737 1746 4776 ex
1768 4721 1973 4776 malefi-

384 4820 477 4873 cio
504 4818 558 4871 in
585 4815 849 4872 fodiendis
877 4814 1158 4886 sepulcris,
1185 4823 1238 4869 et
1263 4829 1328 4868 ex
1359 4812 1826 4884 prtestigiisexque
1855 4814 1976 4868 aliis

387 4909 696 4978 hujusmodi
724 4907 934 4973 causis,
967 4921 1187 4978 magnas
1212 4922 1238 4959 a
1273 4906 1453 4960 multis
1481 4904 1691 4960 corradi
1739 4905 1972 4970 divitias,

385 5012 450 5057 et
475 5002 565 5071 qui
593 5015 686 5055 eas
729 4999 1042 5069 possident,
1076 5013 1145 5053 ne
1185 4998 1290 5051 vita
1335 4995 1556 5067 quidem
1599 4995 1790 5065 dignos
1829 5009 1972 5050 esse.

385 5093 530 5160 Quid
558 5108 705 5163 ergo,
734 5093 823 5148 dic
847 5091 1000 5158 mihi,
1027 5091 1246 5146 hascine
1265 5089 1475 5145 divitias
1500 5104 1529 5143 a
1559 5089 1668 5142 Deo
1693 5102 1812 5142 esse
1833 5086 1978 5142 dica-

385 5185 550 5243 mus?
577 5187 764 5242 Absit:
798 5184 896 5241 sed
919 5183 1225 5240 undenam‘.’
1261 5183 1335 5237 Ex
1369 5192 1609 5252 peccato.
1632 5180 1764 5236 Nam
1797 5195 1974 5234 mere-

385 5280 496 5334 trix
535 5293 731 5347 corpus
772 5293 928 5333 suum
968 5275 1289 5332 contumelia
1328 5275 1591 5339 afficiens,
1636 5271 1882 5336 ditescit;
1923 5280 1978 5326 et

386 5375 664 5430 formosus
701 5373 1017 5428 adolescens
1060 5384 1202 5440 saepe
1247 5367 1471 5423 formam
1517 5364 1755 5422 vendens
1800 5378 1974 5428 suam,

371 5484 515 5522 eum
548 5467 877 5536 turpitudine
901 5481 1089 5521 aurum
1120 5461 1392 5534 possidet;
1426 5471 1480 5516 et
1508 5460 1877 5531 sepulcrorum
1899 5457 1978 5513 ef-

386 5561 590 5621 fossor,
609 5558 840 5628 diruptis
855 5557 1137 5627 sepulcris,
1155 5553 1368 5610 divitias
1386 5553 1528 5622 cogit
1554 5551 1802 5622 injustas,
1825 5551 1979 5604 item-

385 5666 498 5721 que
524 5651 666 5706 latro
690 5651 859 5706 muris
901 5649 1204 5719 perforatis.
1245 5647 1455 5716 Ergone
1480 5658 1513 5698 a
1541 5643 1765 5699 Domino
1789 5655 1979 5697 omnes

380 5743 630 5799 divitias?
656 5742 793 5810 Quid
835 5755 987 5811 ergo,
1015 5738 1246 5809 inquies,
1293 5734 1741 5808 respondebimus
1774 5731 1840 5789 ad
1872 5733 1977 5788 hoc

381 5834 624 5891 dictum?
659 5835 811 5890 Disce
837 5833 984 5902 prius
1008 5846 1107 5887 nec
1135 5838 1502 5900 paupertatem
1530 5843 1558 5882 a
1591 5827 1702 5883 Deo
1741 5847 1884 5899 csse,
1920 5846 1974 5888 et

727 5931 998 6002 RATROL.
1051 5932 1166 5990 Gn.
1223 5933 1376 5994 LXI.

1344 375 1414 435 IN
1450 371 1666 432 EPIST.
1710 372 1728 430 I
1792 370 1882 430 AD
1917 373 2076 431 (ΞΟΠ.
2119 373 2352 431 ΠΟΜΙΙ..
2398 373 2636 430 XXXIV.

1987 900 2034 912 σι.

3079 297 3088 328 l

3531 385 3634 441 9.94

2052 500 2178 546 tunc
2201 489 2269 544 ad
2298 489 2398 546 hoc
2425 489 2628 544 dictum
2660 489 2953 545 veniemus.
2987 491 3121 547 Cum
3148 494 3291 549 enim
3331 496 3450 566 quis
3477 499 3632 568 juve-

2049 583 2130 639 nis
2157 581 2409 654 prodigus
2431 592 2523 638 aut
2551 583 2604 638 in
2636 585 2948 640 meretrices
2977 584 3191 641 divitias
3220 591 3636 661 consumpserit,

2046 682 2137 728 aut
2163 675 2214 728 in
2246 673 2681 745 prmstigiatores,
2733 685 2820 728 aut
2871 675 2924 730 in
2955 675 3089 730 alias
3128 678 3406 747 quastiiam
3433 679 3639 736 similes

2047 765 2386 836 cupiditates,
2422 775 2477 822 et
2504 781 2706 836 pauper
2734 766 2999 832 evaserit;
3034 783 3211 823 nonne
3239 771 3414 840 palam
3436 781 3518 827 est
3538 771 3644 828 hoc

2048 873 2073 907 ει
2111 857 2219 912 Deo
2253 855 2450 911 factum
2491 871 2596 911 non
2651 871 2790 920 esse,
2823 854 2918 912 sed
2963 857 3032 913 ab
3072 859 3239 929 ipsius
3287 859 3680 930 profusione?‘

2051 947 2280 1002 Rursum
2311 949 2356 1003 si
2388 949 2508 1020 quis
2537 945 2606 1003 ob
2641 950 2924 1020 segnitiem
2969 965 3169 1020 pauper
3198 952 3304 1018 fiat,
3339 953 3385 1006 si
3425 951 3543 1024 quis
3575 970 3643 1010 ex

2051 1040 2258 1097 insania
2314 1042 2365 1096 in
2414 1050 2780 1112 paupertatem
2824 1039 3056 1112 decidat,
3087 1045 3130 1100 si
3162 1045 3281 1115 quis
3312 1045 3638 1116 periculosas

2047 1142 2105 1188 et
2135 1133 2342 1202 iniquas
2363 1147 2452 1188 res
2479 1147 2793 1203 aggressus;
2836 1149 3016 1190 nonne
3051 1135 3398 1206 conspicuum
3421 1153 3641 1209 prorsus

2048 1234 2150 1289 est,
2183 1225 2387 1279 nullum
2416 1239 2604 1279 eorum
2631 1225 2722 1295 qui
2766 1224 3074 1296 hujusmodi
3103 1236 3229 1282 sunt
3273 1229 3326 1284 in
3361 1243 3641 1301 pauperta-

2050 1325 2156 1369 tem
2187 1330 2215 1369 a
2249 1316 2360 1370 Deo
2387 1315 2654 1385 dejecmm
2687 1316 2888 1374 fuisse?
2911 1315 3163 1375 Mentitur
3184 1335 3312 1392 ergo
3338 1320 3642 1395 Scriptura?

2053 1405 2232 1472 Absit;
2263 1407 2356 1462 sed
2392 1407 2554 1462 stulte
2584 1417 2749 1478 agunt
2781 1409 2836 1473 ii,
2885 1411 2974 1480 qui
3008 1425 3114 1465 non
3147 1427 3268 1466 cum
3314 1429 3375 1468 ca
3414 1430 3516 1485 qua
3545 1432 3639 1485 par

2051 1508 2193 1554 esset
2219 1501 2562 1554 accuratioue
2584 1503 2761 1555 oumia
2791 1517 2910 1572 qua:
2932 1504 3130 1574 scripta
3157 1513 3284 1560 sunt
3307 1496 3640 1564 examinant.

2051 1588 2184 1644 Nam
2211 1589 2260 1645 si
2285 1591 2464 1646 ethoc
2491 1591 2543 1647 in
2570 1591 2819 1649 confesso
2855 1595 2946 1662 sit,
2975 1593 3119 1666 quod
3161 1595 3440 1668 Scriptura
3486 1615 3640 1655 nien-

2054 1685 2142 1740 tiri
2172 1695 2424 1756 nequeat,
2472 1695 2528 1742 et
2579 1686 2682 1743 hoc
2723 1686 3152 1745 demonstratum
3200 1691 3289 1757 sit,
3342 1692 3482 1762 quod
3535 1709 3639 1748 non

2053 1789 2240 1832 omnes
2266 1776 2466 1832 divitia:
2501 1792 2531 1831 a
2575 1778 2684 1833 Deo
2711 1779 2846 1845 sint;
2897 1779 3186 1836 difficultas
3213 1781 3360 1837 venit
3386 1801 3449 1839 ex
3477 1783 3647 1842 imbe-

2053 1865 2276 1922 cillitate
2300 1882 2488 1922 eorum
2519 1869 2608 1938 qui
2641 1885 2748 1924 non
2775 1869 3116 1928 considerate
3143 1871 3345 1944 legunt.
3384 1874 3453 1930 Et
3477 1890 3642 1945 opor-

2057 1968 2194 2015 teret
2213 1959 2427 2029 quidem
2455 1975 2551 2014 vos
2580 1960 2870 2026 dimittere,
2899 1977 3021 2017 cum
3065 1963 3119 2018 in
3152 1963 3256 2021 hoc
3304 1961 3642 2036 Scripturant

2055 2053 2123 2108 ab
2149 2053 2344 2110 oblatis
2370 2055 2690 2111 criminibus
2731 2053 3100 2125 liberavimus,
3137 2068 3192 2113 ut
3235 2055 3332 2114 has
3361 2061 3518 2114 nobis
3549 2078 3643 2116 vc-

2056 2153 2181 2200 stm:
2205 2145 2257 2199 in
2282 2144 2523 2216 legendis
2543 2145 2835 2216 Scripturis
2857 2147 3193 2219 negligentia:
3215 2146 3413 2204 daretis
3437 2165 3642 2221 pteuas:

2057 2250 2241 2291 verum
2271 2236 2395 2305 quia
2431 2237 2577 2292 vobis
2608 2237 2898 2293 admodum
2931 2254 3115 2309 parco,
3167 2249 3221 2295 et
3269 2257 3376 2295 non
3429 2257 3653 2310 possum

2058 2327 2286 2398 amplius
2309 2327 2497 2384 videre
2522 2343 2618 2385 vos
2643 2329 3013 2399 conturbatos,
3047 2346 3145 2402 age
3172 2330 3495 2388 solutionem
3527 2333 3650 2389 alre-

2061 2435 2260 2488 ramus,
2288 2421 2461 2492 primo
2484 2438 2605 2477 eum
2631 2423 2721 2494 qui
2762 2423 2896 2478 dixit
2935 2436 3320 2494 memorantes,
3349 2437 3402 2484 et
3435 2431 3650 2499 quando

2060 2513 2258 2568 dictum
2287 2513 2466 2580 fuerit,
2490 2523 2546 2570 et
2574 2515 2642 2570 ad
2673 2530 2958 2585 quosnam.
2989 2517 3172 2588 Neque
3203 2519 3343 2574 enim
3371 2521 3510 2576 Dens
3527 2538 3647 2578 cum

2061 2605 2309 2660 omnibus
2332 2606 2581 2662 similiter
2596 2606 2863 2678 loquitur;
2891 2618 2949 2664 ut
2980 2626 3154 2681 neque
3190 2627 3289 2667 nos
3311 2629 3432 2668 cum
3471 2613 3652 2684 pueris

2061 2705 2114 2750 et
2135 2711 2255 2750 eum
2280 2697 2405 2752 viris
2423 2697 2669 2753 similiter
2685 2700 2847 2754 verba
2875 2699 3117 2758 facimus.
3138 2702 3490 2772 Quandouam
3519 2722 3650 2776 ergo

2062 2786 2264 2842 dictum
2311 2799 2392 2844 est
2413 2830 2428 2855 ,
2458 2799 2513 2844 et
2539 2805 2568 2844 a
2594 2805 2702 2861 quo
2723 2833 2736 2858 ,
2768 2803 2824 2847 et
2852 2793 2918 2847 ad
2943 2795 3243 2864 quosnam?
3275 2798 3314 2849 Λ
3363 2796 3652 2853 Salomone

2065 2879 2118 2934 in
2143 2877 2322 2935 Veteri
2363 2880 2430 2934 ad
2469 2880 2706 2946 Judteos,
2734 2884 2824 2953 qui
2865 2883 2995 2937 nihil
3039 2884 3183 2940 aliud
3219 2886 3461 2942 sciebant
3494 2903 3652 2957 quam

2065 2971 2361 3037 sensibilia,
2383 2981 2437 3027 et
2464 2974 2533 3026 ab
2563 2973 2628 3027 iis
2662 2973 2754 3028 Dei
2785 2974 3036 3030 virtutem
3069 2974 3389 3046 probabant.
3421 2977 3484 3032 IIi
3511 2979 3653 3034 enim

2066 3072 2192 3120 sunt
2238 3066 2325 3136 qui
2364 3065 2652 3122 dicebant:
2685 3065 2952 3138 Numquid
2995 3078 3044 3124 et
3096 3087 3281 3140 panem
3324 3072 3506 3142 poterit
3536 3073 3658 3126 dare

2068 3155 2239 3227 (Psal.
2271 3159 2359 3212 77.
2382 3156 2599 3228 20)?et,
2623 3157 2770 3225 Quod
2796 3160 3000 3231 signant
3029 3162 3252 3217 ostendis
3277 3161 3420 3217 nobis
3442 3161 3656 3234 (Matth.

2069 3250 2158 3306 12.
2186 3250 2317 3322 58)?
2340 3249 2519 3305 Patres
2541 3252 2699 3306 nostri
2721 3253 3158 3309 manducaverunt
3183 3271 3371 3309 manna
3389 3254 3440 3309 in
3463 3255 3660 3311 deserto

2070 3340 2252 3410 (Joan.
2285 3342 2339 3398 6.
2390 3341 2502 3413 5|).
2556 3341 2785 3409 Quorum
2817 3343 2942 3398 deus
2973 3354 3140 3399 venter
3166 3344 3427 3417 (Philipp.
3456 3346 3513 3401 '5.
3548 3346 3658 3417 t9).

2069 3435 2333 3500 Quoniam
2365 3434 2525 3504 igitur
2565 3450 2630 3489 ex
2675 3435 2738 3491 iis
2779 3435 2927 3490 illum
2971 3437 3316 3504 exercebant,
3345 3437 3476 3493 dicit
3504 3438 3658 3508 ipsis,

2071 3527 2183 3582 lloc
2211 3543 2424 3596 quoque
2452 3535 2631 3594 potest
2660 3528 2822 3593 Deus,
2854 3538 2909 3583 et
2935 3529 3130 3584 divites
3157 3527 3335 3586 facere
3361 3537 3416 3585 et
3446 3545 3660 3602 paupe-

2073 3633 2194 3683 res;
2223 3633 2330 3674 non
2362 3617 2505 3688 quod
2537 3617 2759 3672 omnino
2791 3618 2908 3686 ipse
2936 3617 3118 3687 faciat,
3161 3619 3257 3676 sed
3295 3620 3437 3691 quod
3468 3621 3659 3692 possit,

2072 3711 2286 3780 quando
2311 3711 2573 3766 voluerit:
2603 3720 2657 3765 ut
2680 3721 2736 3766 et
2761 3711 2976 3782 quando
3000 3712 3218 3780 dixerit,
3245 3713 3346 3780 Qui
3365 3715 3497 3770 mari
3520 3732 3660 3770 com-

2072 3803 2317 3870 minatur,
2349 3811 2396 3856 et
2422 3802 2640 3856 exsiccet
2665 3800 2818 3868 illud,
2847 3812 2895 3857 et
2918 3818 3089 3858 omnes
3115 3805 3300 3874 ﬂuvios
3326 3806 3378 3859 in
3409 3807 3660 3862 desertum

2072 3894 2307 3965 redigens
2346 3891 2609 3965 (Nahum.
2659 3894 2713 3950 ί.
2758 3894 2853 3966 4);
2885 3910 3207 3966 quamquam
3239 3897 3341 3953 hoc
3368 3914 3658 3969 numquam

2073 3986 2272 4042 factum
2289 3995 2390 4041 est.
2409 3984 2691 4054 Quomodo
2719 3985 2884 4057 igitur
2910 3986 3038 4042 illud
3065 3987 3328 4058 prepheta
3357 3988 3524 4044 dicit?
3542 3990 3658 4044 Non

2073 4077 2215 4146 quod
2242 4092 2459 4146 seraper
2485 4077 2597 4142 fiat,
2626 4077 2720 4133 sed
2747 4077 2892 4148 quod
2925 4079 3040 4149 ipse
3066 4081 3239 4151 possit
3258 4079 3458 4136 facere.
3488 4080 3660 4148 Quam

2075 4183 2204 4238 ergo
2255 4176 2629 4239 paupertatem
2670 4168 2762 4224 dat
2798 4180 2854 4224 et
2894 4185 3030 4242 quas
3072 4170 3329 4226 divitias?
3354 4171 3662 4230 Recordare

2079 4259 2420 4328 patriarchae,
2451 4269 2506 4317 et
2534 4262 2677 4316 scies
2722 4277 2968 4333 quasnam
3006 4277 3039 4318 a
3069 4263 3183 4320 Deo
3209 4263 3407 4321 dentur
3433 4264 3658 4322 divitim.

2075 4351 2206 4405 Nam
2241 4351 2605 4407 Abrahamum
2636 4352 2752 4423 ipse
2780 4352 3002 4408 divitem
3050 4353 3313 4419 reddidit;
3359 4365 3414 4412 et
3445 4367 3567 4427 post
3593 4358 3658 4411 il-

2076 4445 2184 4499 lum
2206 4443 2423 4511 Jobutu,
2448 4453 2505 4498 ut
2527 4454 2582 4499 et
2609 4445 2726 4514 ipse
2749 4443 2912 4500 dicit:
2946 4444 3008 4501 Si
3042 4444 3175 4500 bona
3205 4447 3408 4514 quidem
3429 4450 3656 4518 suscepi-

2077 4552 2188 4590 mus
2215 4552 2246 4589 a
2271 4534 2516 4599 Domino,
2558 4535 2696 4591 mala
2721 4545 2888 4591 autent
2917 4554 3018 4592 non
3044 4540 3402 4597 sustinebimus
3425 4539 3570 4613 (Job.
3599 4543 3658 4598 ‘2.

2079 4629 2208 4700 10)?
2231 4631 2297 4684 Et
2325 4629 2511 4685 Jacobi
2544 4630 2744 4686 divitia:
2774 4631 2900 4688 inde
2926 4633 3135 4688 initium
3169 4647 3534 4706 sumpserunt.
3567 4638 3662 4692 Est

2076 4733 2256 4778 autem
2283 4732 2337 4778 et
2383 4733 2667 4793 paupertas
2691 4725 2760 4780 ab
2787 4739 2854 4780 eo
2883 4725 3186 4788 laudabilis.
3218 4743 3378 4797 quam
3407 4729 3479 4782 illi
3509 4729 3659 4783 diviti

2081 4828 2204 4871 tunc
2227 4816 2551 4872 conciliabat
2589 4817 2814 4874 dicens:
2847 4818 2910 4874 Si
2953 4819 3026 4873 uis
3067 4823 3318 4891 perfectus
3346 4836 3477 4886 esse,
3508 4824 3666 4876 vende

2075 4923 2188 4977 qua:
2211 4907 2384 4974 habes,
2407 4917 2451 4961 et
2469 4908 2537 4962 da
2565 4909 2889 4979 pauperibus,
2912 4918 2958 4962 et
2983 4909 3096 4962 veni
3119 4926 3322 4979 sequere
3341 4927 3418 4966 me
3445 4912 3665 4984 (Matth.

2080 4999 2167 5053 I9.
2193 4997 2320 5071 2|);
2348 5008 2404 5053 et
2430 4998 2710 5069 discipulis
2737 5014 2950 5054 rursum
2990 5000 3163 5072 legem
3193 5010 3440 5059 statuens
3475 5021 3540 5061 ac
3578 5007 3665 5062 di-

2079 5107 2243 5148 cens:
2270 5090 2447 5146 Nolite
2487 5092 2743 5159 possidere
2769 5109 2972 5160 aurum,
3008 5111 3170 5164 neque
3195 5104 3489 5167 argentum,
3508 5115 3669 5170 neque

2081 5186 2206 5238 duas
2233 5187 2428 5237 tunicas
2457 5181 2608 5256 (Luc.
2638 5185 2690 5238 9.
2715 5184 2795 5255 3).
2814 5184 2890 5241 Ne
2907 5187 3087 5256 itaque
3110 5187 3258 5243 dicas
3281 5189 3453 5258 ipsum
3476 5205 3664 5246 omnes

2080 5277 2212 5331 dare
2237 5275 2482 5329 divitias:
2514 5291 2636 5331 nam
2663 5275 3089 5334 demonstratum
3133 5287 3218 5335 est
3249 5288 3308 5335 et
3331 5296 3399 5336 ex
3426 5283 3664 5336 caedibus

2083 5379 2137 5420 «ιι
2157 5383 2221 5421 ex
2247 5366 2450 5437 rapinis
2480 5378 2534 5422 et
2557 5382 2622 5422 ex
2654 5369 2802 5424 mille
2822 5370 2944 5424 aliis
2974 5370 3349 5425 occasionibus
3373 5370 3516 5440 ipsas
3544 5372 3665 5426 cel-

2083 5459 2194 5528 ligi.
2216 5457 2320 5513 Sed
2356 5472 2541 5513 rursus
2562 5458 2628 5512 ad
2654 5460 2891 5529 priorem
2919 5460 3277 5528 quaestionem
3300 5475 3477 5516 sermo
3507 5461 3668 5518 redu-

2082 5560 2253 5606 catur.
2281 5549 2337 5606 Si
2367 5550 2510 5604 enim
2532 5549 2601 5605 ad
2635 5550 2765 5604 nihil
2790 5549 2945 5606 nobis
2976 5552 3138 5608 utiles
3165 5553 3359 5608 divites
3385 5563 3530 5622 sunt,
3569 5571 3666 5612 cur

2086 5643 2210 5697 facti
2241 5639 2423 5697 fuere?
2451 5641 2576 5712 quid
2603 5656 2735 5713 ergo
2761 5641 3091 5699 dixerimus?
3119 5644 3272 5714 Quod
3315 5644 3366 5700 hi
3398 5662 3503 5702 non
3535 5664 3663 5718 pro-

2086 5735 2211 5798 sint,
2243 5734 2332 5804 qui
2362 5749 2420 5788 se
2447 5735 2525 5790 sic
2545 5733 3024 5802 divitcsreddunt;
3054 5747 3112 5792 ut
3136 5737 3209 5792 illi
3240 5738 3330 5808 qui
3356 5754 3386 5794 a
3413 5739 3519 5796 Deo
3544 5743 3666 5799 facti

2086 5841 2230 5900 sunt,
2262 5831 2413 5887 valde
2441 5842 2561 5887 sunt
2592 5833 2747 5888 utiles,
2796 5825 2909 5882 Hoc
2939 5829 3005 5883 ab
3037 5828 3248 5884 illorum
3275 5832 3441 5898 gestis
3464 5830 3664 5888 edisce.

3240 5920 3313 5980 19
