4112 6224
481 307 594 363 995

458 421 995 480 "Etenim‘Abraham
1023 417 1319 490 peregrinis
1358 426 1413 473 et
1454 416 1639 489 egenis
1667 415 1916 471 omnibus
1945 431 2066 486 pos-

459 516 698 572 sidebat
742 515 975 570 divitias.
1023 510 1118 566 ille
1145 510 1288 566 enim
1319 524 1440 564 cum
1470 509 1812 564 advenissent
1857 517 1984 572 tres,
2016 517 2071 563 ut

485 606 846 677 existimabat,
878 604 1146 670 homines,
1176 602 1346 658 vitulo
1376 613 1604 658 mactato
1629 601 1899 670 tribusque
1923 600 2065 655 simi-

457 761 460 764 ,
487 701 551 752 lae
573 696 840 752 mensuris
870 693 1128 762 subactis,
1148 693 1200 748 in
1221 694 1462 764 ostioque
1484 692 1678 749 sedens
1697 700 1937 762 tempore
1957 707 2068 746 me-

487 789 715 853 ridiano,
735 787 1014 843 considera
1033 802 1151 841 cum
1169 795 1364 858 quanta
1384 787 1701 842 liberalitate
1717 794 1770 841 et
1791 785 2066 842 alacritate

463 897 574 935 sua
597 879 846 936 erunibus
875 878 1226 952 impenderet,
1252 895 1373 934 cum
1415 878 1657 951 pecuniis
1687 878 1844 941 etiam
1875 891 2065 947 corpo-

452 975 554 1028 ~ris
585 972 936 1028 ministerium
963 971 1244 1038 adhibens,
1273 981 1325 1026 et
1355 969 1470 1026 haec
1486 970 1536 1025 in
1562 978 1706 1024 tanto
1731 969 1903 1024 senio.
1929 969 2062 1024 Por-

468 1077 568 1124 tus
590 1075 705 1123 erat
726 1067 995 1141 hospitum
1024 1074 1315 1134 earumque
1349 1063 1438 1135 qui
1467 1064 1518 1118 in
1539 1062 1862 1118 necessitate
1879 1070 2053 1127 erant,

479 1163 608 1218 nihil
630 1163 728 1216 sibi
749 1161 1018 1233 proprium
1043 1160 1343 1231 possidens,
1369 1173 1467 1213 nec
1492 1159 1652 1213 etiam
1679 1157 1846 1211 filium
1867 1170 2054 1210 suum:

471 1257 590 1311 Deo
619 1270 851 1325 namque
873 1253 1102 1324 jubente
1134 1252 1279 1306 hunc
1319 1251 1484 1307 etiam
1519 1250 1764 1314 tradidit;
1797 1265 1917 1304 eum
1949 1249 2060 1329 lilio

474 1357 654 1403 autem
677 1347 912 1416 seipsnm
941 1345 1110 1413 dedit,
1143 1353 1199 1399 et
1225 1351 1387 1398 totam
1419 1343 1660 1407 domum,
1692 1339 1905 1412 quando
1942 1350 2056 1395 stu-

474 1438 634 1493 debat
667 1435 844 1491 fratris
875 1434 1040 1491 filium
1069 1434 1295 1505 eripere.
1338 1433 1403 1486 Et
1438 1432 1553 1487 lure
1582 1430 1809 1486 faciebat
1835 1445 1939 1486 non
1968 1445 2059 1500 pc-

472 1529 746 1584 cuuiarum
778 1541 959 1591 causa,
994 1524 1087 1580 sed
1129 1539 1196 1580 ex
1229 1523 1556 1580 humanitate
1586 1522 1721 1577 sola.
1752 1520 1884 1576 Cum
1913 1521 2054 1575 enim

471 1623 645 1689 ipsum
693 1618 1060 1674 manubiarum
1105 1616 1379 1672 domimun
1430 1615 1672 1669 fecerunt
1716 1612 1805 1682 qui
1844 1611 1911 1666 ab
1939 1611 2055 1680 ipso

468 1713 666 1769 servati
688 1711 917 1779 fuerant,
971 1724 1139 1782 usque
1165 1707 1229 1762 ad
1255 1707 1399 1762 ﬁlum
1441 1703 1792 1776 subtegminis
1812 1711 1866 1758 et
1888 1703 2055 1766 carri.

467 1807 605 1878 giam
637 1804 985 1860 calceamenti
1009 1804 1185 1857 omnia
1207 1799 1492 1856 recusavit.

537 1898 589 1950 7.
621 1895 766 1950 Talis
791 1902 984 1949 eratet
1011 1892 1199 1948 beatus
1226 1889 1330 1946 Job
1355 1907 1368 1944 :
1403 1888 1617 1948 etenim,
1635 1886 1834 1943 Ostium
1865 1904 2048 1953 mcum,

467 1989 658 2058 inquit,
685 1985 824 2040 oumi
852 1983 1068 2040 venienti
1108 1992 1343 2054 apertum
1379 1987 1507 2035 erat.
1543 1978 1654 2050 Ego
1691 1995 1831 2032 eram
1876 1979 2052 2032 oculus

466 2093 710 2132 cwcorum
736 2084 783 2130 et
827 2091 914 2146 pes
956 2073 1294 2138 dandorum;
1341 2086 1431 2142 ego
1460 2085 1599 2123 eram
1643 2077 1788 2139 pater
1817 2068 2049 2136 inﬁrmo-

464 2185 613 2232 rum;
665 2165 791 2239 foris
837 2174 1010 2221 autem
1038 2181 1139 2218 non
1183 2163 1416 2217 manebat
1443 2162 1624 2231 hospes
1651 2157 1794 2228 (Job.
1827 2159 1914 2213 5i.
1957 2158 2045 2214 59..

461 2273 506 2315 et
529 2261 619 2317 9.9.
655 2260 740 2316 1‘5.
777 2259 874 2329 {6)
898 2275 910 2312 :
934 2255 1142 2313 inﬁrmi
1171 2263 1372 2320 autem,
1403 2251 1448 2308 si
1477 2250 1692 2323 quando
1717 2265 1852 2320 opus
1882 2249 2048 2306 habe-

463 2353 611 2419 bant,
646 2366 752 2407 non
804 2347 1241 2412 frustrabantur;
1295 2359 1470 2414 neque
1517 2342 1616 2397 sivi
1665 2341 1933 2396 inﬁrmum
1980 2356 2045 2397 ex

462 2445 604 2502 ostio
629 2458 749 2500 ineo
777 2442 897 2497 sinu
927 2455 1096 2495 vacuo
1129 2439 1298 2494 exire.
1342 2435 1410 2490 Et
1451 2435 1534 2490 his
1565 2433 1731 2488 multo
1774 2433 1944 2504 plura,
1979 2449 2046 2488 ne

459 2536 638 2592 omnia
686 2549 827 2590 nunc
868 2544 1264 2595 recenseamus,
1308 2527 1484 2583 facere
1529 2541 1632 2580 non
1661 2524 1958 2591 desinebat,
1991 2524 2044 2579 iu

459 2639 658 2698 egenos
685 2639 874 2680 oinncs
918 2623 1130 2679 divitias
1176 2627 1523 2676 consbmens.
1570 2616 1662 2671 \‘is
1714 2615 1873 2671 etiam
1925 2613 2045 2668 illos

451 2719 654 2774 divites
697 2717 897 2781 videre,
928 2715 1018 2786 qui
1053 2729 1081 2767 a
1111 2714 1222 2768 Deo
1250 2727 1354 2766 non
1388 2709 1525 2765 tales
1557 2708 1677 2763 facti
1703 2716 1844 2772 sunt,
1876 2714 1933 2760 ut
1957 2705 2042 2760 di-

459 2824 579 2864 scas
608 2805 878 2878 quomodo
908 2804 1109 2861 divitiis
1138 2803 1245 2859 sint
1275 2801 1400 2856 ttsi?
1441 2798 1573 2854 Vide
1605 2798 1752 2853 illum
1789 2796 1878 2868 qui
1920 2811 2042 2850 cum

446 2900 680 2964 Lazaro,
699 2899 787 2970 qui
820 2913 888 2954 ne
917 2896 1083 2953 micas
1102 2894 1316 2967 quidem
1340 2892 1536 2956 dabat;
1567 2889 1687 2945 vide
1711 2886 2039 2952 Acbaahum,

460 3022 1906 3052 Μ*

443 3259 587 3315 δὺν.
622 3257 708 3312 M.
739 3271 790 3311 v.
828 3257 876 3311 ι.
901 3250 1273 3322 Persequimiui
1292 3250 1573 3313 caritatem,
1594 3244 1912 3301 cemulamiui
1945 3243 2047 3314 spi-

728 3348 958 3415 ritualia,
986 3346 1146 3418 magis
1170 3355 1337 3399 autem
1366 3353 1419 3398 ut
1446 3341 1773 3413 prophetam.

534 3447 583 3501 i.
626 3444 760 3512 Quia
805 3442 950 3498 enim
993 3455 1114 3497 cum
1157 3438 1502 3494 accuratione
1531 3434 1770 3492 caritatis
1795 3432 2044 3487 virtutem

459 3552 675 3593 omnem
724 3535 827 3591 illis
873 3533 1166 3600 recensuit,
1197 3531 1264 3587 de
1293 3539 1490 3587 caetero
1537 3528 1781 3583 hortatur
1824 3534 1878 3579 ut
1923 3538 2044 3581 cum

459 3629 738 3684 alacritate
765 3626 911 3682 illam
939 3624 1330 3695 amplectantur
1356 3639 1369 3676 :
1403 3621 1630 3690 ideoque
1654 3617 1886 3684 dicebat,
1919 3614 2048 3669 Prr-

460 3717 746 3789 sequimini.
774 3715 907 3772 Nam
935 3715 1026 3786 qui
1056 3715 1414 3786 persequitur,
1453 3711 1582 3767 illud
1619 3710 1798 3767 solum
1827 3708 2048 3778 reSpicit

461 3809 605 3880 quod
654 3807 1011 3880 persequitur.
1058 3814 1112 3862 et
1153 3805 1221 3860 ad
1272 3804 1400 3860 illud
1449 3801 1637 3870 lt'ndil,
1689 3817 1788 3856 nec
1836 3798 2047 3855 desistit

447 3903 637 3958 donec
666 3900 911 3971 accipiat.
941 3898 1044 3967 Qui
1094 3897 1454 3968 persequitur,
1497 3909 1618 3950 cum
1668 3909 1762 3963 per
1810 3891 2044 3961 scipsum

463 4011 567 4050 non
598 4003 795 4064 potest,
827 4009 923 4063 per
951 4007 1046 4047 eos
1082 3990 1173 4061 qui
1203 3999 1327 4044 ante
1373 3988 1523 4042 illum
1569 3995 1710 4049 sunt,
1756 3983 2043 4055 fugientem

443 4085 842 4156 apprehendit,
869 4097 966 4139 eos
991 4082 1080 4153 qui
1114 4095 1282 4150 prope
1322 4089 1446 4134 sunt
1483 4093 1602 4132 cum
1634 4091 1828 4146 magno
1869 4074 2046 4131 studio

463 4178 778 4242 adhortans,
808 4184 867 4231 ut
895 4175 1174 4230 detineant
1209 4179 1264 4226 tt
1301 4177 1517 4224 servent
1560 4183 1681 4223 eum
1727 4166 1815 4236 qui
1860 4174 2046 4235 captus

454 4269 582 4336 fuit,
612 4267 786 4324 donec
812 4266 902 4321 ille
928 4263 1224 4319 advenerit.
1257 4261 1367 4316 lloc
1396 4273 1494 4314 nos
1516 4273 1726 4330 quoque
1754 4256 2042 4312 faciamus:

463 4377 582 4415 eum
610 4359 708 4429 ipsi
741 4373 846 4412 non
880 4355 1222 4428 pervenimus
1247 4352 1314 4408 ad
1337 4351 1635 4416 caritatem,
1656 4363 1750 4405 eos
1769 4347 1855 4420 qui
1878 4361 2046 4420 prope

464 4463 587 4507 sunt
611 4451 898 4522 iubeamus
929 4464 1049 4504 eam
1089 4447 1351 4512 detinere,
1380 4447 1551 4500 donec
1581 4443 1952 4515 perveniamus
1979 4441 2044 4495 ad

460 4546 608 4601 iilam
633 4561 646 4598 :
677 4543 870 4598 deinde
890 4557 1011 4596 cum
1037 4538 1570 4608 apprehendat-imus,
1605 4554 1671 4592 ne
1701 4541 1834 4591 ultra
1862 4535 2043 4590 dio‘it-

461 4647 639 4691 tamus
678 4649 794 4690 eam
817 4675 829 4698 ,
861 4647 928 4688 ne
957 4645 1141 4686 rursus
1171 4645 1199 4682 a
1232 4629 1388 4683 nobis
1433 4629 1616 4698 fugiat.
1649 4627 1877 4682 Assidue
1903 4626 2043 4681 ("tim

466 4741 494 4780 ε
521 4727 673 4782 nobis
695 4723 1021 4796 resilit,quia
1050 4737 1152 4776 non
1175 4728 1344 4790 utpar
1364 4727 1446 4775 est
1469 4718 1556 4774 illa
1580 4718 1796 4784 utimur,
1813 4731 1906 4772 seu
1933 4733 2046 4772 om-

466 4818 551 4871 nia
572 4819 623 4872 ei
651 4819 1001 4887 praeferimus.
1025 4813 1148 4871 Ideo
1169 4813 1347 4869 omnia
1371 4819 1584 4884 oportet
1607 4808 1801 4876 facere,
1823 4820 1877 4864 nt
1901 4811 2044 4865 iliam

465 4919 712 4963 accurate
743 4911 1088 4964 retineamus.
1112 4907 1244 4962 Nam
1273 4907 1318 4962 si
1347 4906 1453 4961 hoc
1480 4904 1587 4970 liat,
1619 4919 1724 4958 non
1756 4903 1922 4958 multo
1951 4920 2044 4958 no-

464 4997 549 5052 bis
575 4996 834 5066 deinceps
856 5012 992 5068 opus
1019 4999 1123 5052 erit
1168 4999 1374 5064 labore,
1409 4999 1516 5052 in;o
1545 5012 1611 5050 nc
1643 4995 1744 5050 levi
1788 4995 2004 5066 quidem
2024 5011 2041 5060 ',

463 5089 560 5146 sed
589 5089 640 5144 in
663 5087 872 5143 deliciis
918 5096 1218 5152 versantes,
1249 5088 1442 5144 festum
1485 5096 1724 5159 agentes,
1754 5103 1848 5158 per
1875 5104 2013 5158 aagu

465 5192 600 5239 stam
631 5179 843 5236 virtutis
870 5179 1009 5235 viam
1041 5179 1368 5234 inrcdemas.
1396 5180 1520 5235 ideo
1553 5183 1646 5248 ait,
1679 5180 2044 5248 I’ersequiwiui

467 5292 600 5332 eam.
635 5273 836 5330 Deinde
861 5291 931 5331 ne
956 5281 1225 5344 putarent,
1259 5271 1378 5326 ideo
1408 5272 1577 5341 ipsum
1603 5273 1668 5328 de
1693 5275 1915 5330 caritate
1934 5289 2046 5328 ser-

469 5380 683 5421 monem
715 5365 1010 5430 induxisse,
1044 5374 1099 5419 ut
1142 5363 1464 5420 charismata
1511 5365 1893 5436 exstingueret,
1923 5366 2020 5419 sub

462 5459 636 5529 jungit
673 5457 896 5516 dicens:
927 5457 1274 5514 Emulamiui
1320 5467 1486 5511 autem
1533 5457 1840 5528 spirituulia,
1887 5472 2043 5524 magi.

469 5561 636 5604 autem
670 5560 723 5604 ut
754 5553 1081 5623 prop/aetatis.
1108 5551 1163 5605 2.
1197 5551 1296 5618 Qui
1318 5551 1448 5605 enim
1477 5551 1696 5619 loquitur
1721 5550 1915 5617 lingua,
1947 5563 2041 5600 nor.

470 5641 750 5697 hominibus
789 5644 1030 5710 loquitur,
1060 5641 1149 5698 sed
1190 5640 1336 5704 Deo;
1383 5657 1526 5695 nemo
1552 5640 1683 5694 enim
1708 5638 1884 5701 audit;
1918 5636 2044 5707 Spi-

471 5733 570 5788 ritu
605 5744 769 5790 autem
799 5736 1022 5806 loqmtur
1067 5734 1303 5806 mysteria
1324 5748 1343 5786 :
1370 5733 1418 5788 5.
1443 5734 1530 5803 qui
1557 5743 1722 5786 autem
1753 5731 2039 5802 prophetat,

1213 300 1268 360 S.
1308 299 1584 356 JOANNIS
1607 297 2074 356 CHRYSOSTOMI
2116 298 2428 361 ARCHIEP.
2469 299 2996 362 CONSTANTINOP.

1791 3099 2137 3163 HOMILIA
2185 3100 2457 3164 XXXV.

3638 316 3735 374 296

2176 418 2264 488 qui
2310 427 2363 473 et
2405 418 2613 474 vineam
2660 423 2870 493 rapuit;
2917 424 3038 482 vide
3065 425 3235 496 Giezi,
3271 431 3388 487 vide
3431 447 3621 492 omnes
3659 436 3738 508 qni

2177 511 2480 580 huiusmodi
2528 512 2698 569 fuere.
2744 515 2874 570 Nam
2907 519 2995 588 qui
3033 519 3178 588 justo
3228 525 3521 592 possident,
3568 538 3740 600 utpote

2172 603 2262 672 qui
2308 617 2338 656 a
2385 601 2495 659 Deo
2525 607 2848 675 acceperint,
2878 610 3170 665 secundum
3200 614 3288 668 Dei
3337 627 3599 687 prrecepta
3647 621 3745 674 im-

2175 693 2810 768 pendunt;quiautemin
2831 702 3160 770 acquirendo
3193 704 3355 760 Deum
3385 706 3738 778 offenderunt,

2176 793 2230 838 et
2258 784 2308 838 in
2337 786 2588 854 expensis
2609 803 2817 858 quoque
2848 790 3073 860 idipsum
3103 792 3327 861 faciunt,
3361 798 3411 852 in
3440 803 3741 860 meretrices

2169 884 2224 931 et
2244 877 2503 946 parasitos
2526 879 2875 948 insumentes,
2901 894 2993 939 aut
3020 885 3367 947 sull‘odientes
3390 893 3472 946 vel
3501 893 3740 949 clauden-

2171 976 2270 1032 tes,
2305 969 2358 1024 in
2390 971 2695 1026 mendicum
2726 983 2901 1029 autem
2931 977 3063 1032 nihil
3095 991 3398 1050 erogantes.
3428 984 3491 1038 Et
3517 1000 3632 1050 cur,
3661 988 3739 1042 in-

2166 1059 2336 1129 quies,
2381 1063 2640 1131 permittit
2669 1065 2808 1120 Deus
2838 1077 2895 1122 ut
2922 1069 3052 1124 tales
3096 1069 3340 1128 homines
3380 1075 3488 1129 sint
3513 1077 3741 1135 divites?

2165 1152 2298 1220 Quia
2351 1154 2558 1225 patiens
2599 1167 2700 1222 est,
2732 1159 2852 1230 quia
2885 1161 2998 1216 vult
3027 1176 3124 1217 nos
3153 1163 3219 1220 ad
3250 1167 3618 1234 penitentiam
3647 1170 3739 1226 ad.

2164 1244 2382 1310 ducere,
2403 1248 2525 1316 quia
2553 1248 2850 1317 gehennam
2882 1255 3222 1324 praeparavit,
3247 1257 3369 1326 quia
3397 1259 3537 1314 diem
3559 1263 3741 1317 Statuit

2164 1334 2215 1389 in
2241 1352 2339 1407 qua
2360 1337 2694 1406 judicaturus
2715 1350 2798 1396 est
2826 1342 3033 1398 orbem.
3052 1345 3108 1402 Si
3138 1357 3316 1403 autem
3346 1351 3525 1406 statim
3550 1352 3739 1410 divites

2163 1427 2439 1496 plecteret,
2469 1429 2755 1486 Zacchceus
2787 1449 2891 1488 non
2921 1433 3196 1492 habuisset
3239 1447 3444 1509 tempus
3471 1442 3537 1495 ad
3567 1445 3736 1513 pmni~

2163 1519 2406 1586 tentiam,
2441 1523 2510 1575 ita
2551 1531 2610 1576 ut
2637 1523 2883 1581 redderet
2913 1526 3267 1598 quadruplum
3292 1544 3476 1584 eorum
3504 1549 3621 1600 qum
3651 1549 3736 1587 ra-

2161 1621 2365 1680 puerat,
2398 1619 2453 1668 et
2480 1611 2758 1669 dimidium
2805 1615 2966 1671 etiam
3009 1616 3274 1674 bonorum
3324 1634 3541 1677 suorum
3571 1623 3734 1679 adde-

2159 1709 2276 1755 ret:
2311 1717 2415 1757 non
2466 1702 2742 1760 Mattlueus
2787 1714 2994 1777 tempus
3043 1707 3316 1765 habuisset
3345 1721 3401 1766 ut
3443 1723 3734 1771 mutaretur

2157 1802 2209 1847 et
2231 1792 2377 1848 licret
2405 1795 2695 1864 apostolus,
2718 1797 2760 1851 si
2787 1809 2913 1853 ante
2934 1808 3293 1868 opportunum
3323 1809 3530 1874 tempus
3555 1815 3734 1876 raptus

2156 1883 2380 1944 fuisset:
2413 1900 2516 1939 n0n
2547 1887 2638 1941 alii
2682 1888 2834 1943 multi
2865 1889 3088 1946 similes.
3125 1892 3411 1962 l‘r0pterea
3439 1909 3729 1967 exspectat,

2155 1975 2219 2027 ad
2249 1977 2614 2045 paenitentiam
2639 1994 2824 2035 omnes
2853 1995 3072 2038 vocans.
3092 1981 3146 2038 Si
3175 1999 3304 2039 vero
3331 1986 3618 2054 noluerint,
3638 1991 3730 2045 sed

2160 2065 2211 2120 in
2260 2067 2446 2123 iisdem
2493 2073 2905 2141 permanserint,
2938 2073 3152 2130 audient
3179 2074 3401 2130 Paulum
3431 2079 3728 2136 dicentem:

2156 2160 2305 2225 Quod
2325 2163 2598 2216 secundum
2629 2165 2864 2220 duritiem
2894 2182 3067 2221 eorum
3107 2177 3152 2223 et
3179 2170 3493 2237 impamitens
3515 2191 3600 2228 cor
3625 2178 3732 2230 the-

2151 2252 2405 2306 saurizent
2430 2253 2526 2307 sibi
2559 2254 2688 2308 iram
2715 2256 2767 2310 iu
2793 2256 2873 2310 die
2900 2258 2990 2312 ira;
3024 2268 3069 2313 et
3094 2261 3410 2319 reuelationis
3438 2273 3486 2318 et
3503 2266 3632 2336 justi
3645 2269 3734 2338 ju-

2151 2340 2270 2395 (licii
2297 2341 2396 2397 Dei
2421 2344 2597 2408 (Rom.
2621 2345 2676 2400 Ξ.
2702 2347 2778 2420 5).
2803 2348 2972 2417 Quam
3023 2351 3154 2406 iram
3185 2362 3242 2408 ut
3273 2355 3555 2426 fugiamus,
3595 2359 3732 2415 dite-

2149 2450 2272 2490 ruur
2298 2435 2500 2492 divitiis
2530 2439 2855 2508 crelesﬁbus,
2895 2451 2950 2497 et
2981 2442 3301 2501 laudabilem
3352 2464 3732 2521 persequamur

2150 2536 2536 2596 paupertatem.
2563 2529 2637 2584 lta
2661 2530 2804 2586 enim
2828 2543 2879 2588 et
2903 2533 3137 2590 caelestia
3159 2542 3726 2609 eonseqnemurdona,

2148 2632 2267 2686 qua:
2299 2619 2500 2674 utinam
2533 2635 2631 2674 nos
2673 2637 2862 2677 omnes
2891 2623 3114 2694 adipisci
3146 2628 3441 2699 contingat,
3473 2634 3642 2702 gratia
3678 2644 3732 2688 et

2149 2709 2474 2780 benignitate
2506 2713 2715 2768 Domini
2738 2716 2907 2771 nostri
2933 2716 3065 2772 Jesu
3093 2718 3316 2789 ChriSti,
3341 2722 3553 2791 quicum
3587 2725 3727 2781 Patri

2148 2815 2359 2871 unaque
2377 2800 2594 2872 Spiritui
2619 2813 2805 2859 sancto
2826 2805 3015 2875 gloria,
3041 2807 3346 2878 imperium,
3379 2810 3569 2879 honor,
3590 2831 3731 2872 nunc

2149 2901 2202 2946 et
2231 2906 2444 2962 semper
2474 2901 2528 2948 et
2557 2893 2608 2947 in
2633 2897 2830 2951 smcula
2861 2897 3204 2954 sarculorum.
3239 2901 3432 2957 Amen.

2386 3025 3721 3053 ____________________________

2140 3244 2426 3300 hominibus
2455 3249 2677 3318 loquitur
2716 3252 2786 3305 ad
2823 3254 3214 3325 radi/irationem
3244 3268 3290 3313 ct
3327 3260 3730 3316 exhortationem

2141 3344 2188 3388 et
2233 3338 2652 3395 consolationem.
2695 3342 3160 3414 Comparationem
3213 3349 3299 3405 hic
3341 3350 3557 3406 demum
3605 3351 3730 3406 facit

2140 3428 2546 3499 charismatum,
2566 3442 2621 3488 et-
2652 3434 2950 3506 linguarum
2976 3439 3241 3494 charisma
3264 3440 3534 3510 deprimit,
3557 3457 3732 3512 neque

2141 3522 2360 3576 omnino
2400 3524 2586 3580 inutile
2613 3527 2924 3595 ostendens,
2955 3545 3130 3601 neque
3158 3531 3312 3588 valde
3339 3533 3467 3590 utile
3511 3549 3604 3603 per
3644 3549 3725 3589 se.

2141 3611 2272 3667 Nam
2303 3613 2589 3671 admodum
2621 3618 2673 3672 in
2702 3619 2806 3674 hoc.
2849 3621 3292 3689 intumescebant,
3322 3627 3444 3696 quia
3476 3642 3728 3697 magnum

2142 3708 2427 3776 putabatur
2480 3724 2602 3766 esse
2641 3711 2932 3769 charisma.
2979 3715 3228 3786 Magnum
3271 3733 3402 3774 vero
3449 3719 3732 3788 putabatur

2139 3813 2280 3865 esse,
2322 3800 2443 3870 quia
2496 3801 2671 3872 ipsum
2720 3805 2948 3874 primum
2999 3811 3230 3878 apostoli
3279 3821 3619 3881 acceperant,
3664 3822 3722 3867 et

2139 3903 2260 3945 eum
2291 3901 2433 3948 tanta
2453 3893 2711 3966 dignitate
2739 3906 2803 3954 ac
2831 3900 3138 3969 splendore.
3178 3903 3360 3974 Neque
3401 3912 3576 3960 tamen
3605 3904 3729 3961 aliis

2142 3981 2261 4038 ideo
2290 3988 2631 4054 prmstantius
2660 3998 2794 4044 erat.
2823 3991 2932 4046 Cur
2959 4007 3087 4064 ergo
3115 4003 3238 4048 ante
3277 3995 3379 4049 alia
3413 3995 3544 4050 illud
3571 4009 3732 4051 accc~

2140 4084 2330 4144 perant
2353 4079 2625 4146 apostoli?
2648 4079 2782 4147 Quia
2813 4097 2911 4151 per
2940 4097 3129 4140 omnes
3155 4085 3302 4140 orbis
3332 4095 3509 4154 partes
3539 4101 3731 4156 perva-

2140 4167 2250 4220 suri
2273 4179 2423 4222 erant
2450 4187 2466 4221 :
2499 4179 2553 4224 et
2593 4171 2729 4225 sicut
2761 4171 2812 4226 in
2857 4181 3099 4242 tempore
3123 4190 3230 4246 quo
3261 4174 3396 4232 facta
3425 4185 3506 4230 est
3543 4177 3729 4243 turris,

2141 4260 2320 4331 lingua
2365 4278 2485 4332 qua:
2534 4272 2650 4320 erat
2699 4280 2802 4319 una
2838 4265 3178 4323 dividebatur
3221 4268 3274 4323 in
3324 4269 3520 4324 multas
3564 4268 3726 4339 (Gen.

2143 4353 2230 4422 il)
2254 4370 2268 4418 ;
2301 4353 2370 4408 ita
2398 4363 2524 4411 tunc
2553 4371 2673 4427 qua:
2701 4367 2854 4412 erant
2887 4359 3090 4423 multae,
3119 4373 3263 4430 sape
3295 4358 3441 4414 ibant
3465 4359 3531 4414 ad
3560 4375 3732 4414 unum

2142 4445 2412 4503 hominem
2434 4465 2458 4514 ;-
2491 4459 2546 4503 et
2593 4449 2733 4505 idem
2777 4450 2937 4506 homo
2965 4451 3249 4508 Persarum
3281 4462 3334 4508 et
3361 4453 3734 4508 Romanorum

2140 4549 2194 4596 ct
2222 4538 2469 4595 Indorum
2497 4552 2550 4597 et
2579 4543 2695 4598 aliis
2725 4543 2906 4598 multis
2937 4545 3256 4616 loquebatur
3283 4545 3495 4616 linguis,
3525 4545 3577 4600 in
3608 4545 3733 4615 ipso

2141 4631 2420 4688 insonante
2462 4632 2662 4702 Spiritu
2713 4653 2727 4688 :
2789 4645 2843 4690 et
2892 4635 2992 4691 hoc
3040 4636 3308 4691 charisma
3362 4637 3738 4706 appellabatur

2139 4722 2406 4778 charisma
2458 4740 2554 4780 seu
2600 4725 2798 4781 donum
2857 4728 3179 4798 linguarum,
3208 4728 3460 4799 quoniam
3517 4736 3738 4797 poterat

2140 4815 2299 4870 simul
2341 4817 2521 4872 multis
2563 4818 2706 4888 loqui
2741 4819 2953 4890 linguis.
2984 4817 3118 4873 Vide
3153 4833 3282 4888 ergo
3322 4817 3592 4889 quomodo
3640 4818 3737 4872 id-

2141 4908 2310 4978 ipsum
2343 4917 2396 4962 et
2425 4907 2675 4978 deprimit
2713 4917 2769 4964 et
2796 4911 3023 4964 extollit.
3059 4910 3191 4964 Nam
3221 4909 3467 4976 dit-endo,
3501 4909 3602 4976 Qui
3645 4911 3736 4964 ιο-

2137 5001 2308 5060 quitur
2334 5000 2542 5068 liuguis,
2573 5016 2674 5053 nou
2693 5001 2989 5057 hominibus
3021 5001 3263 5071 loquitur,
3283 5001 3374 5056 sed
3407 5001 3552 5066 Deo;
3581 5017 3738 5055 neum

2141 5093 2271 5145 enim
2313 5093 2480 5154 audit,
2521 5091 2786 5162 depressit
2817 5092 2940 5147 illud
2961 5133 2974 5156 ,
3002 5091 3294 5147 Ostendens
3343 5107 3448 5146 non
3480 5106 3735 5162 magnam

2137 5197 2254 5238 esse
2282 5183 2565 5238 utilitatem
2591 5200 2606 5236 :
2638 5182 3009 5254 subjungendo
3034 5193 3237 5249 autem,
3262 5182 3466 5252 Spiritu
3502 5183 3737 5252 loquitur

2139 5272 2396 5342 mysteria,
2429 5288 2614 5328 rursus
2643 5272 2852 5338 extulit,
2888 5288 2955 5328 ne
2991 5273 3266 5328 videretur
3295 5288 3421 5328 esse
3463 5287 3734 5342 superva-

2136 5376 2362 5416 -.,aneum
2393 5371 2450 5417 et
2493 5363 2699 5429 inutile,
2733 5373 2788 5418 et
2814 5372 3016 5418 temere
3055 5379 3118 5419 ac
3160 5363 3353 5418 frustra
3380 5362 3588 5417 datum.
3621 5361 3738 5426 Qui

2140 5462 2303 5505 autem
2335 5454 2620 5524 proiihetat,
2654 5455 2941 5508 hominibus
2993 5455 3215 5523 loquitur
3241 5454 3312 5508 ad
3336 5453 3738 5521 adiﬁcationan

2138 5553 2184 5598 et
2211 5543 2617 5600 adhortationem
2655 5560 2702 5600 et
2730 5547 3148 5601 consolationem.
3179 5546 3428 5604 Vidistin'
3455 5546 3736 5599 utulenam

2137 5638 2381 5694 ostendat
2427 5639 2585 5710 hujus
2633 5639 2758 5696 doni
2810 5640 3204 5707 cscellcntiaxtt,
3239 5655 3302 5695 ex
3352 5654 3418 5695 eo
3474 5637 3612 5709 quod
3672 5639 3738 5692 in

2138 5746 2420 5790 commune
2471 5732 2748 5800 conferat;
2803 5743 2854 5790 et
2911 5732 3181 5805 quomodo
3225 5733 3276 5788 id
3324 5732 3522 5803 ultique
3573 5745 3738 5803 pra:-
