4094 6222
526 372 562 426 7

452 371 562 429 €97
1443 371 1508 406 ηπ
1547 371 1763 403 ursas.
1798 371 1838 400 ι.
1880 371 1971 399 nu
2006 371 2025 394 \

450 489 617 559 ponat
639 478 782 553 quod
813 477 871 532 ﬁt
899 475 967 531 ad
1013 434 1305 529 multorum
1352 465 1639 559 utilitatem
1658 459 1811 559 ?_llli
1860 457 2025 519 enim,

450 554 669 650 quaso,
723 584 902 627 annon
955 568 1245 637 loquuntur
1288 556 1638 650 hominibus?
1692 554 2028 650 Loquuntnr,

448 647 544 727 sed
591 681 699 723 non
748 662 908 719 talem
951 656 1357 715 aedificationem
1406 660 1463 708 et
1505 647 1935 706 exhortationem
1978 657 2033 699 et

446 760 892 822 consolationem.

522 850 815 925 Prophctite
838 847 1027 903 donum
1053 842 1188 899 dono
1213 841 1502 912 linguarum
1529 833 2032 925 priestat.—Quam-

450 924 643 1006 obrem
683 959 715 1000 a
754 941 958 1014 Spiritu
998 936 1214 1010 quidem
1261 932 1432 990 teneri
1474 941 1531 987 et
1557 928 1744 1000 agitari
1775 934 1860 983 est
1900 924 2033 979 utri-

450 1055 558 1110 que
582 1049 869 1095 commune
889 1072 905 1098 ,
937 1037 994 1087 et
1015 1029 1066 1084 ei
1092 1027 1183 1099 qui
1210 1025 1532 1098 prophetat,
1560 1019 1688 1077 etei
1718 1021 1808 1089 qui
1841 1015 2036 1110 linguis

453 1108 735 1203 loquitur:
767 1127 823 1183 in
850 1125 954 1180 hoc
978 1130 1157 1178 autem
1186 1125 1404 1190 prmstat
1447 1116 1583 1185 ipse,
1630 1126 1825 1182 nempe
1861 1110 1909 1166 is
1929 1108 2035 1203 qui

453 1200 781 1296 prophetat,
808 1214 950 1288 quod
979 1213 1050 1270 sit
1074 1211 1235 1268 etiam
1265 1208 1415 1264 utilis
1441 1206 1507 1261 iis
1528 1205 1619 1277 qui
1646 1202 1903 1296 audiunt.
1926 1200 2035 1296 ldos

453 1294 599 1375 enim
624 1312 716 1386 qui
742 1309 938 1381 linguis
963 1302 1337 1377 loquebantur,
1368 1314 1475 1356 non
1505 1295 1791 1353 audiebant
1816 1294 1907 1367 qui
1932 1294 2035 1386 do-

455 1421 584 1464 num
615 1384 722 1460 non
754 1399 1043 1457 habebant.
1078 1393 1217 1463 Quid
1245 1392 1410 1449 vero?
1450 1389 1530 1445 illi
1561 1387 1837 1443 nullumne
1863 1384 2034 1440 aedili-

454 1496 689 1556 cabant?
714 1493 899 1559 Certe,
924 1489 1115 1560 inquit,
1142 1486 1352 1557 seipsos
1374 1484 1558 1540 solos:
1584 1489 1639 1537 et
1662 1479 1782 1534 ideo
1811 1476 2035 1547 subjun-

458 1594 573 1664 git,
603 1590 657 1646 4.
690 1587 791 1654 Qui
820 1584 1042 1656 loquitur
1069 1582 1277 1652 lingua,
1314 1576 1639 1647 sentstipsum
1681 1572 1925 1664 aedificat.
1973 1570 2037 1664 hit

455 1661 749 1755 quomodo,
786 1677 831 1733 si
858 1676 1033 1732 nescit
1056 1687 1175 1745 quae
1202 1670 1365 1727 dicit?
1399 1667 1505 1723 Sed
1536 1681 1679 1721 nunc
1708 1663 1940 1734 loquitur
1967 1661 2037 1716 dc

458 1754 524 1833 iis
541 1814 561 1842 ,
588 1774 682 1846 qui
707 1771 885 1828 sciunt
911 1782 1032 1839 qua:
1059 1765 1245 1822 dicunt
1264 1803 1279 1827 ,
1320 1761 1410 1832 qui
1438 1760 1538 1831 ipsi
1563 1757 1778 1830 quidem
1820 1754 2031 1819 sciunt,

458 1866 705 1924 nesciunt
730 1873 910 1920 autem
937 1859 1060 1916 aliis
1089 1856 1392 1914 enuntiare.
1428 1853 1528 1920 Qui
1556 1860 1721 1906 autem
1747 1848 2033 1921 prophetat,

460 1959 744 2015 Ecclesium
781 1953 1026 2021 ludiﬁcat.
1085 1950 1357 2019 Quantum
1399 1954 1575 2000 autem
1628 1943 1852 1998 interest
1899 1942 2037 1995 inter

458 2064 628 2105 unum
668 2057 725 2105 et
766 2044 1104 2108 Ecclesium,
1154 2046 1299 2095 tanta
1326 2046 1411 2093 est
1457 2036 1597 2091 inter
1623 2034 1763 2090 hunc
1792 2043 1846 2089 et
1888 2033 2037 2087 illum

460 2140 782 2199 differentia.
816 2135 1066 2193 Vidistin'
1100 2132 1218 2205 ejus
1244 2130 1563 2202 sapientiam
1589 2169 1603 2196 ,
1639 2127 1910 2199 quomodo
1937 2127 2040 2181 do-

465 2251 596 2293 num
633 2248 738 2289 non
775 2229 984 2302 redigat
1012 2229 1067 2283 in
1110 2225 1372 2291 nihilum,
1413 2222 1506 2279 sed
1543 2220 1791 2277 ostendat
1839 2219 2039 2274 habere

467 2329 684 2401 quidem
710 2327 941 2386 lucrum,
974 2321 1069 2378 sed
1118 2334 1360 2391 parvum,
1403 2327 1456 2372 et
1494 2315 1634 2387 quod
1678 2315 1728 2371 ei
1753 2313 1923 2370 solum
1953 2315 2039 2385 qui

468 2419 706 2493 possidet
742 2416 1009 2473 sufficiat?
1040 2412 1244 2469 Deinde
1274 2426 1342 2466 ne
1384 2410 1757 2465 existimarent
1783 2406 1923 2478 quod
1963 2406 2042 2461 eis

465 2512 707 2569 invidens
747 2511 955 2579 linguas
989 2505 1257 2576 deprimat
1285 2502 1490 2575 (plures
1515 2501 1658 2555 enim
1685 2515 1749 2553 ex
1781 2499 1844 2552 iis
1876 2498 2040 2551 hahe-

466 2606 597 2660 bant
621 2603 723 2657 hoc
761 2599 984 2669 donum)
1008 2638 1025 2663 ,
1053 2593 1414 2667 suspicionem
1441 2607 1628 2647 eorum
1655 2590 1929 2659 corrigens
1957 2588 2040 2641 di-

464 2699 538 2751 cit
570 2717 584 2751 :
613 2695 668 2751 5.
707 2692 831 2747 Volo
855 2701 1023 2745 utilem
1046 2704 1220 2743 omnes
1250 2702 1337 2741 eos
1362 2685 1498 2756 loqui
1527 2683 1735 2753 linguis,
1760 2682 1921 2753 magis
1942 2697 2040 2734 au-

467 2797 567 2841 tem
598 2784 915 2854 prophetare.
961 2778 1099 2834 Nam
1125 2779 1292 2849 major
1323 2785 1397 2830 est
1432 2775 1521 2846 qui
1557 2773 1823 2844 prophetat
1847 2814 1862 2839 ,
1892 2788 2044 2841 quam

464 2880 555 2950 qui
580 2877 800 2949 loquitur
831 2872 1049 2944 linguis,
1078 2870 1176 2924 nisi
1210 2871 1339 2941 forte
1365 2869 1717 2937 interpretetur
1734 2905 1751 2931 ,
1779 2872 1834 2917 ut
1862 2863 2042 2917 Eccle-

466 2974 545 3028 sia
570 2969 955 3039 ludiﬁcationem
983 2964 1221 3035 accipiat.
1257 2961 1423 3032 Magis
1448 2967 1709 3015 autemet
1733 2957 1909 3012 minus
1934 2972 2042 3011 non

464 3074 591 3120 sunt
617 3078 685 3119 ex
713 3059 999 3116 contrariis
1018 3099 1033 3123 ,
1064 3056 1158 3114 sed
1185 3070 1251 3111 ex
1282 3054 1346 3109 iis
1375 3068 1494 3122 qua:
1523 3058 1863 3120 exsuperant.

535 3155 592 3209 9...
633 3152 995 3222 Quamobrem
1036 3149 1162 3207 hinc
1190 3160 1401 3218 quoque
1427 3155 1507 3199 ρει
1537 3142 1879 3213 perspicuum
1903 3142 2044 3212 quod

464 3246 665 3302 donum
721 3259 828 3299 non
878 3243 1162 3310 vituperet,
1219 3237 1314 3294 sed
1368 3250 1467 3292 eos
1507 3236 1666 3291 ducat
1692 3235 1759 3289 ad
1800 3233 2038 3301 meliora,

464 3337 758 3395 ostendens
785 3352 839 3391 et
868 3350 1029 3405 quam
1060 3347 1247 3388 eorum
1288 3344 1471 3386 curam
1510 3337 1694 3399 gerat,
1729 3335 1782 3382 et
1808 3328 2042 3381 animum

469 3432 541 3486 ab
560 3430 707 3486 omni
751 3428 947 3483 invidia
990 3426 1241 3481 liberum.
1288 3422 1472 3492 Neque
1501 3421 1644 3475 enim
1688 3420 1866 3474 dixit:
1901 3419 2046 3473 Duos

470 3534 561 3580 aut
585 3535 715 3590 tres,
747 3521 863 3589 sed,
902 3519 1001 3574 Vos
1026 3534 1196 3573 omnes
1215 3517 1328 3572 volo
1346 3515 1535 3587 linguis
1554 3514 1690 3585 loqui
1710 3529 1729 3567 :
1753 3527 1924 3583 neque
1946 3512 2046 3567 hoc

468 3617 641 3672 solum
667 3657 689 3682 ,
730 3613 826 3670 sed
855 3613 1016 3669 etiam
1046 3609 1379 3682 prOphetare‘
1405 3625 1419 3661 :
1455 3614 1512 3663 et
1547 3606 1648 3660 hoc
1689 3606 1856 3676 magis
1885 3618 2043 3674 quam

470 3707 638 3772 illud;
670 3705 846 3775 major
874 3712 958 3760 est
981 3702 1125 3758 enim
1155 3701 1245 3772 qui
1275 3698 1575 3771 prophetat.
1606 3696 1737 3751 Nam
1766 3703 2044 3767 postquam

473 3798 525 3854 id
549 3796 886 3854 confirmavit
909 3804 965 3851 et
991 3792 1399 3855 demonstravit,
1419 3799 1543 3845 tunc
1567 3788 1636 3844 de
1662 3796 1861 3844 czetero
1887 3786 2045 3841 etiam

472 3890 799 3958 pronuntiat,
827 3902 933 3943 non
959 3896 1136 3942 tamen
1162 3884 1426 3949 absolute,
1451 3881 1546 3939 sed
1570 3896 1692 3938 cum
1712 3880 2044 3950 adjectione:

473 3982 747 4052 subiunxit
774 3982 939 4047 enim,
974 3979 1095 4034 Nisi
1120 3978 1250 4048 forte
1275 3977 1667 4048 interpretetur;
1695 3976 1763 4029 ita
1786 3982 1845 4028 ut
1876 3974 1918 4027 si
1937 3962 2051 4027 hoc

478 4075 684 4142 possit,
727 4073 1068 4145 interpretari
1099 4072 1241 4138 dico,
1284 4084 1380 4140 par
1415 4071 1486 4125 sit
1513 4071 1804 4142 prophetae,
1850 4067 2046 4138 inquit.

480 4164 735 4232 quoniam
760 4174 883 4221 sunt
919 4165 1070 4220 multi
1093 4164 1184 4235 qui
1216 4152 1516 4234 percipiunt
1543 4164 1827 4219 utilitatem
1861 4180 1877 4217 :
1907 4162 2049 4234 quod

483 4254 713 4309 maxime
736 4263 816 4311 est
842 4254 1235 4310 observandum
1258 4295 1274 4321 ,
1317 4253 1586 4325 quomodo
1616 4254 1718 4309 hoc
1755 4269 1851 4325 per
1874 4254 2054 4310 omnia

481 4355 609 4404 ante
637 4346 738 4402 alia
767 4348 1022 4419 requirat.
1046 4347 1100 4404 ϐ.
1132 4347 1288 4402 Nunc
1311 4358 1503 4416 autem,
1532 4352 1716 4419 fratres
1735 4390 1750 4415 ,
1791 4351 1836 4405 si
1876 4365 2055 4405 venero

481 4441 550 4495 ad
583 4457 669 4495 vos
710 4441 899 4513 linguis
924 4442 1132 4512 loquens
1151 4480 1167 4509 ,
1194 4443 1316 4513 quid
1351 4442 1487 4497 vobis
1521 4443 1736 4514 prodere
1756 4485 1771 4511 ,
1800 4445 1898 4499 nisi
1920 4443 2057 4500 vobis

482 4535 661 4605 loquar
679 4544 768 4590 aut
790 4535 843 4589 in
864 4536 1184 4604 reuelatione,
1213 4546 1299 4591 aut
1323 4537 1377 4592 in
1398 4538 1627 4606 scientia,
1651 4551 1741 4593 aut
1761 4540 1814 4595 in
1843 4541 2059 4612 prophe-

482 4628 576 4693 tia,
603 4637 691 4681 aut
712 4627 765 4682 in
784 4628 1013 4683 doctrina
1031 4628 1059 4682 7
1085 4629 1152 4683 Et
1186 4628 1337 4700 quid,
1378 4629 1567 4700 inquit,
1610 4629 1732 4687 dico
1775 4632 1949 4686 alios?
1976 4631 2059 4688 Sit

485 4719 652 4786 enim,
674 4718 867 4789 inquit,
891 4719 981 4791 qui
1006 4720 1198 4791 linguis
1220 4720 1453 4792 loquitur
1471 4721 1663 4780 Paulus
1687 4740 1701 4777 :
1726 4714 1900 4795 neque
1916 4726 2057 4778 enim

486 4813 565 4866 sic
590 4810 878 4882 quidquam
909 4812 1105 4867 redibit
1130 4813 1475 4869 emolumenti
1505 4814 1575 4869 ad
1613 4815 1904 4871 auditores.
1935 4816 2061 4870 llarc

485 4912 662 4959 autem
679 4902 828 4968 dicit,
845 4904 1134 4961 ostendens
1155 4920 1214 4961 se
1237 4904 1289 4960 id
1307 4921 1548 4977 quaerere
1568 4908 1708 4977 quod
1730 4908 1892 4962 siteis
1908 4908 2062 4964 utile:

492 5011 593 5050 non
615 5006 796 5052 autem
817 4997 944 5052 odio
973 4998 1168 5054 habere
1198 5014 1292 5054 eos
1337 5000 1431 5070 qui
1468 5000 1735 5056 charisma
1767 5001 2062 5071 possident,

489 5103 610 5143 cum
640 5103 708 5144 ne
736 5089 792 5144 in
816 5090 1030 5160 propria
1056 5090 1269 5160 quidem
1294 5106 1530 5161 persona
1544 5101 1755 5148 recuset
1783 5091 2068 5149 ostendere

490 5179 542 5232 id
583 5195 706 5237 esse
734 5181 938 5239 inutile.
966 5182 1195 5254 Semper
1232 5192 1409 5240 autem
1452 5185 1510 5239 in
1549 5185 1629 5240 sui
1678 5199 1903 5255 persona
1948 5201 2068 5256 qua:

492 5281 616 5326 sunt
640 5274 824 5343 gravia
848 5284 904 5330 et
927 5276 1152 5332 molesta
1180 5276 1381 5346 agitat,
1411 5277 1549 5331 sicut
1573 5275 1784 5332 dicebat
1824 5277 1875 5330 in
1919 5280 2067 5345 prin-

492 5363 632 5432 cipio
656 5365 898 5434 epistola:
928 5383 942 5421 :
975 5367 1102 5435 Quis
1127 5377 1199 5421 est
1231 5367 1424 5422 Paulus
1441 5367 1467 5420 3’
1489 5368 1602 5438 quis
1620 5375 1696 5422 est
1720 5366 1901 5438 Apollo
1918 5369 1943 5422 .’
1959 5368 2072 5439 quis

496 5454 694 5524 Ceplias
718 5455 794 5527 (l.
826 5457 946 5512 Cor.
972 5459 1028 5514 5.
1054 5459 1152 5530 4)ἳ
1177 5459 1329 5525 Quod
1357 5458 1571 5530 quidem
1603 5458 1689 5514 hic
1707 5474 1919 5530 quoque
1948 5456 2074 5513 facit

496 5547 682 5604 dicens
710 5566 727 5605 :
759 5549 841 5605 Ne
861 5550 1222 5620 robisquidem
1242 5552 1480 5622 prodere,
1512 5551 1611 5606 nisi
1634 5551 1768 5606 vobis
1791 5552 1969 5622 loquar
1989 5562 2075 5605 aut

1443 348 1509 406 IN
1547 345 1763 403 EPIST.
1798 344 1838 400 Ι.
1880 343 1971 399 AD
2006 338 2162 396 (308.
2197 342 2429 402 ιιυιιι..
2473 350 2691 410 XXXV.

2055 743 2079 766 1

2045 733 2115 830 (ἶ
2138 733 2471 830 intelligitisl
2492 740 2545 793 7.
2571 738 2757 795 Tamen
2783 758 2896 814 quia
2916 745 3027 801 sine
3045 749 3215 802 anima
3233 759 3351 805 sunt
3370 767 3536 807 vocem
3567 755 3719 809 «dm-

3608 363 3716 421 298

2135 458 2503 531 manifestum,
2554 465 2649 521 sed
2697 475 2903 523 tantum
2933 470 3222 530 ostendero
3263 488 3350 531 me
3378 465 3577 533 habe're
3615 480 3685 533 du
3718 504 3726 530 ι

2137 566 2264 606 num
2294 553 2617 623 linguarum,
2651 556 2870 616 ebibitis
2898 560 3048 617 nullo
3078 562 3230 621 lucro
3256 563 3398 623 facto
3425 583 3491 624 ex
3524 570 3716 642 linguis

2137 658 2271 733 quas
2298 645 2543 701 audistis.
2575 647 2713 716 Quid
2740 651 2883 706 enim
2920 651 3054 709 lucri
3095 672 3161 712 ex
3205 673 3377 726 voce,
3413 674 3569 733 quam
3614 679 3717 718 non

2140 825 2230 890 tia,
2261 827 2366 882 sive
2393 828 2514 883 tibia
2549 831 2653 886 sive
2674 833 2870 889 cithara
2890 878 2905 903 ,
2933 838 3035 893 sire
3056 838 3427 898 distinctione»:
3466 847 3721 903 sonituum

2138 915 2385 985 dederint,
2415 923 2664 992 quomodo
2698 928 2884 981 scietur
2924 928 2980 983 id
3016 932 3154 1000 quod
3180 933 3383 988 canitur
3402 945 3493 990 aut
3512 938 3723 993 cit/raris

2138 1016 2284 1062 satur
2304 1009 2331 1063 γ
2356 1009 2425 1065 Et
2450 1012 2575 1083 quid
2604 1013 2726 1070 dico
2749 1057 2763 1081 ,
2807 1017 3014 1089 inquit,
3056 1020 3159 1078 hoc
3186 1025 3325 1095 quod
3364 1025 3416 1081 in
3457 1028 3610 1083 nobis
3641 1042 3725 1085 est

2141 1099 2271 1154 nihil
2298 1099 2431 1156 lucri
2458 1102 2671 1171 all‘erre,
2695 1107 2825 1163 utile
2847 1119 3024 1167 autem
3052 1128 3173 1171 esse
3188 1115 3330 1186 quod
3350 1126 3431 1173 est
3448 1117 3653 1175 clarum
3671 1132 3725 1176 et

2137 1191 2280 1261 quod
2301 1190 2455 1249 facile
2477 1197 2693 1266 capiunt
2724 1200 3028 1261 auditores!
3052 1205 3185 1262 Nam
3204 1208 3362 1265 etiam
3390 1212 3444 1267 in
3477 1213 3726 1271 inanimis

2138 1284 2358 1340 musica:
2386 1285 2753 1345 instrumentis
2779 1291 2882 1348 hoc
2914 1293 3112 1352 videris
3140 1316 3156 1349 :
3183 1299 3299 1356 sive
3335 1301 3475 1358 enim
3501 1305 3573 1360 sit
3596 1305 3721 1361 tibia

2139 1372 2255 1428 sive
2273 1374 2497 1445 cithara,
2527 1386 2583 1433 et
2608 1394 2784 1452 neque
2804 1398 3028 1441 numero
3048 1402 3218 1459 neque
3230 1388 3505 1450 harmonia
3523 1406 3694 1453 conre
3709 1428 3722 1438 -

2140 1466 2341 1561 niente,
2385 1469 2479 1525 sed
2508 1473 2728 1531 confuse
2751 1484 2807 1532 et
2833 1484 3033 1535 temere
3073 1482 3310 1551 pulsetur
3327 1496 3381 1543 et
3407 1488 3693 1561 inspiretur
3710 1532 3726 1558 ,

2140 1558 2342 1614 nullum
2385 1576 2449 1616 ex
2491 1561 2556 1618 iis
2607 1564 2696 1635 qui
2749 1565 2974 1624 audiunt
3012 1568 3296 1632 delectabit
3330 1592 3395 1633 ac
3439 1558 3722 1638 recreabit.

2140 1649 2547 1711 Nametiam-in
2580 1657 2684 1714 illis
2710 1659 3061 1721 inarticulatis
3100 1667 3275 1738 aliqua
3316 1671 3559 1730 claritate
3590 1690 3723 1747 opus

2141 1754 2227 1799 est
2254 1754 2308 1800 et
2333 1747 2601 1804 evidentia
2647 1766 2663 1804 :
2694 1762 2749 1808 et
2777 1756 2880 1811 nisi
2904 1773 2970 1812 ex
3000 1771 3115 1819 arte
3144 1766 3439 1835 pulsaveris
3464 1782 3517 1827 et
3543 1773 3722 1831 tibiam

2144 1836 2492 1932 inspiraveris
2512 1882 2527 1907 ,
2558 1844 2691 1900 nihil
2733 1847 2929 1904 fecisti.
2961 1851 3017 1909 Si
3041 1865 3222 1911 autem
3253 1861 3517 1932 exigimus
3541 1866 3608 1922 ab
3641 1869 3725 1924 in-

2145 1930 2339 1986 animis
2369 1941 2425 1987 ut
2469 1942 2611 1990 tanta
2655 1939 2724 1994 sit
2749 1940 2800 1995 in
2826 1943 2906 1997 eis
2933 1943 3147 2004 claritas
3175 1960 3232 2006 et
3255 1930 3532 2012 harmonia
3559 1969 3613 2015 ct
3639 1962 3725 2018 di-

2146 2022 2386 2089 stinctio,
2415 2034 2471 2123 et
2496 2028 2546 2083 in
2574 2029 2683 2085 illis
2714 2048 2819 2088 non
2849 2036 3273 2107 signiﬁcantibus
3299 2044 3450 2103 sonis
3476 2065 3725 2123 urgemus

2144 2125 2200 2173 et
2239 2120 2613 2178 contendimus
2641 2135 2698 2181 ut
2726 2142 2971 2199 magnam
3014 2132 3352 2202 imponamus
3381 2120 3724 2212 significatio-

2146 2224 2267 2265 nem
2301 2230 2315 2265 :
2350 2214 2518 2271 multo
2563 2219 2732 2289 magis
2781 2221 2832 2276 in
2873 2224 3120 2282 animatis
3161 2238 3216 2284 et
3253 2232 3458 2290 ratione
3491 2239 3728 2308 prmditis

2149 2301 2455 2399 hominibus
2484 2317 2536 2364 et
2578 2311 2631 2363 in
2661 2311 2815 2367 donis
2841 2314 3207 2384 spiritualibus
3237 2301 3727 2399 perseqni'oportct

2149 2393 2199 2447 id
2225 2396 2365 2465 quod
2391 2408 2537 2455 recte
2565 2401 2850 2472 signiticet.
2879 2406 2931 2461 8.
2975 2406 3176 2465 Etenim
3207 2414 3252 2467 si
3279 2393 3520 2473 incertam
3552 2393 3727 2479 uocem

2146 2486 2229 2539 det
2266 2488 2384 2541 tuba
2401 2531 2415 2552 ,
2446 2492 2559 2559 quis
2584 2496 2785 2563 parabit
2814 2513 2869 2551 se
2888 2500 2958 2552 ad
2983 2500 3167 2556 bellum
3191 2506 3217 2558 ?
3243 2506 3285 2561 A
3314 2517 3727 2581 supervacaneis

2147 2581 2289 2634 enim
2315 2581 2382 2636 ad
2409 2598 2492 2648 ea,
2526 2601 2645 2656 qua:
2674 2599 2799 2644 sunt
2825 2593 2992 2663 magis
3022 2601 3323 2656 necessaria
3354 2614 3407 2659 et
3435 2608 3605 2676 utilia,
3634 2611 3727 2667 de-

2146 2671 2293 2728 ducit
2317 2674 2649 2744 orationcm;
2679 2690 2733 2734 et
2759 2682 2890 2738 dicit
2916 2686 3057 2755 quod
3084 2703 3191 2744 non
3218 2692 3387 2748 solum
3418 2697 3470 2752 in
3497 2671 3722 2769 cithara,

2142 2767 2240 2822 sed
2276 2768 2439 2824 etiam
2476 2770 2529 2826 in
2556 2771 2681 2829 tuba
2712 2776 2908 2832 videris
2939 2778 3040 2835 hoc
3067 2798 3165 2838 usu
3195 2788 3400 2845 venire.
3430 2767 3723 2855 Snntenim

2149 2858 2257 2916 illic
2288 2876 2501 2959 quoque
2541 2866 2815 2938 rhythmi,
2845 2881 2899 2925 et
2927 2872 3162 2931 indicant
3186 2879 3476 2952 aliquando
3510 2878 3723 2959 quidem

2146 2966 2336 3044 sonum
2370 2953 2621 3012 bellicum
2642 2998 2660 3023 ,
2689 2959 2974 3031 aliquando
3003 2981 3132 3022 vero
3158 2985 3263 3025 non
3291 2968 3480 3044 talem;
3521 2953 3578 3036 et
3614 2985 3727 3039 ali—

2148 3043 2361 3113 quando
2384 3043 2564 3102 educit
2587 3047 2638 3103 in
2665 3050 2856 3116 aciem,
2885 3052 3169 3125 aliquando
3191 3071 3371 3119 autem
3396 3082 3640 3139 revocat;
3662 3091 3725 3133 ac

2148 3136 2248 3190 nisi
2276 3137 2537 3208 quispiam
2574 3140 2677 3197 hoc
2703 3144 2881 3209 norit,
2913 3146 2966 3200 in
2993 3152 3295 3209 extremum
3329 3160 3472 3215 venit
3507 3136 3723 3233 pericu-

2149 3228 2278 3329 lum.
2308 3228 2461 3329 Quod
2481 3231 2694 3302 quidem
2723 3234 3047 3307 significans,
3076 3252 3132 3297 et
3152 3258 3388 3304 errorem
3411 3228 3720 3329 ostendens,

2147 3318 2297 3386 dicit,
2342 3319 2467 3386 Quis
2514 3324 2712 3395 parabit
2753 3344 2808 3381 se
2851 3330 2923 3383 ad
2967 3333 3582 3407 bellum?Quamobrem
3624 3318 3723 3410 nisi

2151 3411 2503 3512 hoc‘habeat,
2539 3424 2704 3473 totum
2726 3421 2930 3512 perdit.
2975 3424 3039 3478 Et
3062 3428 3187 3505 quid
3217 3430 3351 3502 lucc,
3385 3435 3625 3512 inquies,
3652 3412 3724 3503 ad

2150 3506 2288 3607 nos?
2328 3507 2409 3562 Ad
2460 3524 2557 3564 vos
2597 3510 2828 3568 maxime
2875 3526 3103 3586 Spectat,
3144 3530 3199 3575 et
3238 3522 3362 3580 ideo
3409 3506 3723 3607 sequuta;

2150 3597 2205 3653 9.
2237 3596 2322 3652 Ita
2347 3608 2395 3655 et
2419 3614 2504 3655 eos
2522 3641 2538 3666 ,
2578 3619 2668 3672 per
2705 3604 2930 3675 linguam
2969 3610 3069 3665 nisi
3102 3596 3727 3693 manifeslum‘sermoitem

2151 3689 2390 3746 dederitis
2407 3733 2422 3758 ,
2449 3696 2698 3763 quomodo
2723 3699 2907 3752 scietur
2942 3701 2999 3756 id
3019 3706 3157 3775 quod
3181 3708 3406 3768 dicitur?
3429 3689 3567 3773 eritis
3594 3724 3727 3779 enim

2150 3782 2203 3835 in
2226 3799 2393 3837 aerem
2416 3783 2687 3855 loquentes.
2718 3787 2828 3845 Hoc
2854 3799 2964 3857 est,
2994 3794 3122 3851 nihil
3151 3797 3461 3873 loquentes,
3491 3810 3617 3866 nulli
3647 3813 3727 3871 Ιο-

2153 3883 2399 3943 quentes.
2430 3875 2494 3930 Et
2525 3877 2721 3950 ubique
2744 3897 2855 3937 rem
2888 3887 3123 3942 ostendit
3151 3890 3408 3949 inutilem.
3436 3898 3501 3954 Et
3527 3905 3570 3956 si
3608 3904 3728 3961 inu~

2156 3964 2299 4060 tilis,
2329 3966 2571 4060 inquies,
2598 3984 2700 4025 cur
2720 3970 2841 4028 data
2872 3975 3093 4033 esti‘Ut
3120 3982 3192 4035 sit
3217 3984 3359 4041 utilis
3383 3989 3429 4042 ei
3459 3993 3545 4060 qui
3574 4010 3729 4052 acce-

2158 4058 2233 4128 pit
2264 4075 2278 4112 :
2309 4059 2355 4114 si
2395 4070 2587 4116 autem
2612 4061 2733 4117 aliis
2758 4079 2971 4135 quoque
2997 4066 3172 4124 futura
3201 4084 3283 4128 est
3313 4058 3489 4146 utilis,
3522 4095 3732 4150 Oportet

2158 4150 2295 4206 adsit
2320 4150 2710 4224 interpretatio.
2739 4154 2864 4212 Haec
2886 4167 3064 4215 autem
3091 4158 3239 4231 dicit,
3273 4180 3366 4224 eos
3395 4169 3530 4225 inter
3555 4189 3615 4230 se
3654 4176 3735 4236 in-

2158 4241 2329 4297 vicem
2354 4244 2667 4314 concilians,
2699 4256 2759 4301 ut
2805 4255 2860 4302 et
2897 4249 2943 4305 si
2992 4251 3108 4321 ipse
3149 4270 3254 4310 non
3299 4258 3493 4316 habt-at
3534 4262 3731 4323 donum

2160 4335 2544 4406 interpretandi
2565 4377 2582 4405 ,
2622 4348 2897 4410 assumpto
2938 4343 3108 4399 altero
3142 4346 3230 4417 qui
3262 4346 3313 4403 id
3351 4347 3562 4418 habeat,
3592 4358 3735 4427 quod

2160 4443 2316 4484 suum
2362 4440 2443 4485 est
2481 4445 2574 4500 per
2625 4430 2773 4486 illurn
2818 4432 2977 4489 faciat
3015 4437 3162 4493 utile.
3214 4438 3503 4512 Propterea
3543 4446 3737 4519 ubique

2162 4520 2399 4577 ostendit
2422 4538 2536 4578 rem
2565 4537 2685 4579 esse
2711 4525 3100 4597 imperfectam,
3130 4540 3187 4586 ut
3216 4532 3360 4604 ipsos
3387 4536 3466 4591 sic
3493 4555 3593 4595 una
3620 4542 3736 4596 Cul-

2164 4619 2309 4690 liget.
2338 4617 2544 4674 Etenim
2571 4619 2663 4690 qui
2692 4619 2743 4676 id
2771 4620 2871 4676 sibi
2900 4622 3170 4679 existimat
3196 4627 3460 4696 sufﬁcere,
3494 4647 3598 4686 non
3631 4644 3737 4689 tam

2166 4716 2217 4771 id
2247 4715 2425 4770 laudat
2456 4732 2616 4787 quam
2643 4717 2930 4791 deprimit,
2959 4739 3062 4779 non
3092 4726 3273 4783 sinens
3313 4729 3365 4783 id
3391 4741 3536 4789 recte
3561 4734 3743 4804 Splen-

2164 4808 2297 4866 dere
2326 4825 2423 4881 per
2464 4811 2980 4884 interpretationem.
3013 4816 3298 4875 Pulchrum
3329 4823 3474 4879 enim
3514 4836 3598 4882 cst
3641 4827 3744 4883 do-

2170 4915 2295 4955 num
2324 4909 2376 4957 et
2406 4902 2791 4969 necessarium,
2822 4904 2917 4959 sed
2963 4912 3072 4960 tum
3116 4907 3331 4965 demum
3352 4952 3367 4978 ,
3410 4913 3475 4970 εἰ
3501 4915 3741 4973 habuerit

2169 5009 2290 5049 cum
2323 4994 2413 5065 qui
2441 4994 2678 5050 declaret
2704 5011 2764 5050 ea
2794 5011 2912 5067 qua:
2939 4997 3206 5055 dicuntur.
3236 5000 3597 5076 Namdigitns
3611 5024 3747 5079 quo-

2171 5101 2276 5155 que
2302 5100 2387 5139 res
2414 5095 2495 5139 est
2527 5086 2827 5141 necessaria
2849 5128 2863 5152 ,
2895 5087 2989 5142 sed
3017 5089 3229 5159 quando
3249 5107 3370 5149 eum
3397 5095 3688 5153 abduxeris
3716 5114 3745 5153 «ς

2174 5176 2392 5248 reliquis
2415 5216 2431 5243 ,
2471 5192 2575 5231 non
2602 5179 2702 5232 erit
2731 5194 2882 5250 teque
2913 5181 3056 5237 utilis
3085 5200 3097 5237 :
3133 5185 3257 5238 tuba
3288 5201 3499 5257 quoque
3526 5196 3610 5244 cst
3651 5205 3747 5244 ne—

2173 5270 2439 5335 cessaria;
2467 5268 2560 5324 sed
2588 5271 2801 5340 quando
2833 5280 3033 5328 temere
3058 5276 3320 5339 senuerit,
3345 5286 3427 5331 est
3455 5280 3613 5332 etiam
3640 5294 3751 5333 mo-

2179 5361 2312 5414 lesta
2341 5368 2395 5414 ct
2424 5361 2620 5431 gravis.
2664 5361 2847 5435 Neque
2887 5364 3028 5419 enim
3071 5379 3158 5419 ars
3190 5367 3503 5435 apparebit,
3539 5369 3639 5422 nisi
3683 5372 3752 5427 sit

2178 5450 2416 5520 subjecta
2458 5454 2712 5517 materia;
2761 5470 2932 5523 neque
2982 5454 3299 5510 informatur
3342 5458 3563 5513 materia
3591 5500 3606 5524 ,
3657 5461 3756 5517 nisi

2181 5540 2425 5611 imposita
2469 5542 2538 5596 sit
2585 5542 2773 5597 forma.
2809 5544 2953 5598 Pone
2992 5559 3121 5614 ergo
3160 5561 3346 5601 vocem
3374 5547 3587 5618 quidem
3622 5561 3758 5606 tam—

495 5641 551 5695 in
578 5643 878 5700 reuelatione
895 5687 910 5711 ,
933 5655 1021 5698 aut
1048 5645 1101 5699 in
1135 5645 1421 5717 prop/retia,
1446 5655 1535 5698 aut
1560 5647 1615 5700 in
1640 5647 1848 5700 scientia
1866 5686 1880 5710 ,
1910 5654 1998 5699 aut
2024 5645 2078 5698 in
2181 5650 2339 5705 quam
2367 5635 2683 5707 subjectum,
2706 5635 3000 5692 claritatem
3021 5649 3197 5693 autem
3223 5647 3487 5711 tamquam
3512 5642 3758 5713 formam,

499 5733 751 5788 doctrina.
784 5734 898 5792 Hoc
933 5745 1113 5792 autem
1156 5736 1272 5791 vult
1316 5736 1621 5808 significare
1668 5757 1680 5792 :
1724 5737 1834 5793 Nisi
1875 5737 2076 5808 aliquid

499 5825 709 5899 dixero,
740 5828 882 5900 quod
918 5844 949 5887 a
979 5829 1132 5887 vobis
1159 5828 1311 5885 facile
1342 5831 1507 5901 possit
1535 5830 1652 5901 capi
1676 5839 1729 5886 ct
1762 5831 1926 5902 possit
1951 5845 2071 5887 osse

2185 5745 2305 5800 quae
2334 5730 2377 5786 si
2404 5747 2508 5786 non
2539 5729 2714 5800 adsit,
2759 5729 2985 5801 subjecti
3017 5729 3195 5787 nullus
3221 5739 3306 5787 est
3337 5737 3603 5813 ususrlO.
3640 5736 3763 5791 Tum

2184 5831 2361 5900 multa,
2407 5828 2450 5884 si
2493 5824 2804 5898 contingant,
2856 5841 3038 5898 genera
3087 5825 3377 5896 linguarum
3424 5838 3536 5886 sunt
3577 5830 3625 5883 in
3673 5829 3764 5881 Izcc
