4112 6224
414 313 520 374 ιω
1170 313 1228 363 S.
1267 313 1546 365 3055MB
1578 313 2007 361 ωιίἰδῦῠιτυῑ

420 408 635 476 nutatio,
667 414 716 463 et
740 403 870 461 nihil
892 404 998 463 sine
1022 417 1140 465 voce
1158 411 1254 458 est.
1276 400 1392 456 lloc
1410 407 1522 463 est,
1552 407 1661 453 tam
1682 394 1870 453 titulun
1900 393 2007 451 lin-

418 518 557 576 guae,
585 510 692 556 tam
719 500 900 561 multa:
922 512 1103 560 voces,
1123 493 1470 568 Scytharum,
1496 491 1786 555 Thracum,
1810 487 2010 545 Roma-

422 610 632 660 norum,
673 593 981 661 Persarum,
1024 589 1354 655 Maurorum,
1399 585 1682 651 Indorum,
1719 580 1998 654 Egyptio~
2042 612 2062 635 ε

421 703 539 743 rum
562 727 579 754 ,
610 685 834 742 aliarum
860 681 1099 753 gentium
1130 678 1618 735 innumerabilium.
1662 676 1751 732 il.
1791 674 1855 731 Si
1889 689 2009 743 ergo

418 780 643 837 rusciero
665 777 902 834 uirtutem
930 775 1085 837 vocis,
1116 790 1209 828 ero
1228 773 1277 828 ei
1299 772 1379 827 cui
1406 770 1586 843 loquar
1606 770 1876 826 barbarus.

489 870 546 926 5.
594 867 673 924 Ne
701 866 981 925 existimes
1015 864 1160 920 enim
1186 862 1330 935 quod
1360 863 1464 918 hoc
1489 861 1667 916 salum
1696 859 1906 921 accidat
1948 859 2001 915 in

417 960 570 1017 rubis
590 1000 606 1032 ,
643 958 817 1030 inquit
836 999 856 1024 ,
905 956 1001 1013 sed
1027 956 1190 1013 etiam
1222 954 1278 1010 in
1303 951 1553 1009 omnibus
1582 953 1685 1007 hoc
1716 950 1838 1009 ﬁeri
1862 948 2010 1008 νὶιΙο-

420 1056 513 1112 ris.
545 1051 907 1124 Quamobrem
932 1049 1048 1107 haec
1078 1048 1221 1115 dico,
1268 1062 1375 1104 non
1417 1060 1602 1101 vocem
1651 1044 1960 1115 vituperans
1989 1083 2009 1109 ,

420 1145 522 1205 sed
538 1142 834 1205 ostendens
858 1157 978 1199 eam
1005 1140 1137 1196 mihi
1168 1155 1291 1196 esse
1320 1138 1585 1204 humilem,
1618 1135 1873 1208 quamdiu
1900 1149 2010 1191 non

420 1238 585 1299 fuerit
610 1237 758 1297 clara
781 1241 840 1293 et
859 1233 1168 1291 manifesta.
1196 1229 1402 1287 Deinde
1423 1245 1492 1286 ne
1516 1243 1731 1298 gravem
1753 1242 1815 1284 ac
1840 1225 2012 1283 mole-

326 1366 347 1385 .
419 1341 558 1390 stam
588 1328 780 1391 reddat
804 1326 1227 1391 accusationem,
1257 1331 1503 1394 exmquat
1530 1322 1758 1387 crimen,
1785 1319 2007 1375 dicens:

425 1424 527 1483 Ille
557 1423 680 1479 mihi
723 1421 999 1486 barbam,
1033 1428 1081 1475 et
1105 1434 1198 1490 ego
1224 1417 1304 1472 illi
1325 1432 1345 1483 ;
1373 1431 1479 1478 non
1505 1430 1579 1473 ex
1606 1424 1794 1471 natura
1822 1412 1969 1471 vocis
1990 1452 2006 1479 ,

420 1518 524 1576 sed
544 1533 614 1575 cs
635 1524 817 1573 nostra
840 1511 1160 1584 ignorantia.
1186 1509 1433 1571 Vidistin’
1459 1506 1730 1579 quomodo
1754 1504 2008 1576 paulatim

420 1609 575 1667 ὺιιιῑι
609 1607 678 1663 ad
723 1605 806 1672 id,
845 1603 987 1676 quod
1037 1610 1122 1659 est
1163 1608 1446 1671 cognatum
1473 1614 1537 1655 ac
1576 1599 1654 1655 rei
1687 1596 2009 1669 proprium?

421 1700 576 1769 Quod
605 1698 819 1770 quidem
864 1710 982 1751 mos
1009 1703 1093 1751 est
1121 1694 1170 1749 ei
1214 1692 1425 1759 facere,
1453 1699 1513 1747 ut
1548 1691 1794 1762 exempla
1826 1689 2010 1761 procul

422 1790 679 1857 attrahat,
710 1800 763 1845 et
793 1786 1007 1845 desinat
1030 1785 1087 1841 in
1118 1783 1169 1840 id
1196 1783 1340 1855 quod
1379 1791 1462 1839 est
1500 1782 1744 1854 subiecto
1784 1780 2011 1853 conjun'

423 1884 563 1939 etius
586 1890 644 1938 et
666 1880 837 1951 magis
862 1878 1159 1951 proprium.
1185 1876 1319 1935 Nam
1355 1884 1637 1947 postquam
1666 1875 1806 1931 dixit
1841 1873 1910 1931 de
1937 1874 2008 1929 ti-

421 1976 510 2034 bia
556 1982 612 2031 et
657 1972 890 2036 cithara,
933 1970 1022 2025 ubi
1068 1968 1242 2025 multa
1283 1966 1483 2025 desunt
1509 1975 1566 2024 et
1590 1967 1760 2027 multa
1803 1966 2011 2025 inutilia

423 2075 571 2133 sunt,
603 2064 749 2121 venit
790 2062 858 2119 ad
892 2061 1095 2129 tubam,
1142 2075 1258 2117 rem
1300 2060 1574 2117 utiliorem
1594 2101 1612 2127 ,
1641 2067 1697 2115 et
1722 2058 1920 2116 deinde
1941 2056 2010 2115 ad

422 2161 594 2231 ipsam
634 2170 845 2213 vocem.
892 2154 966 2210 ita
1013 2153 1175 2209 etiam
1217 2162 1398 2218 antea,
1438 2150 1656 2224 quando
1695 2150 2012 2207 versabatur

422 2251 541 2322 ejus
580 2249 752 2305 oratio
780 2247 835 2303 in
874 2261 941 2303 eo
967 2253 1027 2303 ut
1060 2243 1370 2300 ostenderet
1394 2257 1501 2299 non
1529 2257 1652 2300 esse
1681 2241 2011 2314 prohibitum

423 2342 679 2417 εψιειοιίε
705 2339 973 2410 accipere,
1000 2352 1121 2393 cum
1138 2335 1395 2407 erupisset
1415 2335 1648 2407 primum
1668 2333 1739 2389 ab
1761 2332 2011 2404 agricolis

423 2446 480 2492 ct
510 2433 821 2508 pastoribus
838 2438 895 2487 et
915 2428 1194 2495 militibus,
1221 2436 1351 2483 tunc
1375 2425 1597 2483 deduxit
1621 2426 1921 2482 orationem
1940 2424 2009 2483 ad

425 2526 478 2582 td
503 2523 655 2597 quod
677 2531 761 2579 est
789 2520 1064 2593 proposito
1105 2517 1458 2590 propinquius
1481 2559 1498 2585 ,
1526 2532 1719 2587 nempe
1741 2515 1810 2572 ad
1835 2530 2014 2574 sacer-

423 2617 578 2673 dotes
603 2615 693 2688 qui
733 2620 888 2669 eunt
930 2612 985 2666 in
1027 2609 1229 2667 Veteri.
1262 2609 1342 2665 Tu
1366 2619 1543 2665 autent
1573 2608 1703 2665 mihi
1731 2608 2009 2664 considam

423 2709 699 2782 quomodo
723 2706 920 2777 ubique
950 2703 1186 2760 studium
1227 2705 1471 2775 posuerit
1501 2713 1561 2760 ut
1585 2702 1784 2758 donum
1813 2701 2010 2759 libera-

423 2810 509 2857 ret
533 2799 601 2855 ab
625 2796 969 2853 accusatione
992 2836 1013 2863 ,
1054 2802 1110 2850 et
1148 2794 1356 2850 crimen
1397 2792 1672 2850 conferret
1711 2794 1765 2847 in
1794 2807 1891 2848 eos
1918 2791 2009 2864 qui

424 2896 770 2961 acceperunt.
803 2884 922 2941 Non
948 2878 1084 2940 dixit
1113 2883 1257 2940 enim
1288 2901 1303 2938 :
1337 2883 1441 2938 Ero
1463 2882 1724 2946 barbarus
1741 2922 1763 2950 ,
1784 2880 1879 2938 sed
1900 2922 1918 2949 ,
1944 2880 2012 2937 Ei

423 2983 511 3054 qui
548 2981 772 3051 loquitur
814 2975 1079 3033 barbarus.
1111 2974 1179 3030 Et
1208 2988 1394 3030 rursus
1423 2988 1531 3029 non
1572 2972 1750 3031 dixit:
1779 2972 1880 3042 Qui
1923 2972 2009 3029 lo-

424 3072 608 3146 quitur
626 3113 642 3137 ,
674 3069 934 3126 barbarus
957 3109 973 3137 ,
1002 3065 1097 3123 sed
1119 3107 1135 3133 ,
1174 3065 1274 3134 Qui
1301 3062 1549 3135 loquitur,
1595 3063 1722 3118 mihi
1746 3062 2008 3120 barbarus.

425 3162 569 3232 Quid
589 3176 719 3233 ergo
739 3168 974 3231 oportet,
997 3155 1189 3226 inquit,
1215 3154 1330 3211 lieri
1349 3154 1373 3209 Ἰ
1395 3153 1511 3210 Non
1530 3154 1708 3210 solum
1735 3154 1880 3212 enim
1902 3169 2010 3213 non

424 3261 637 3325 oportet
667 3253 999 3321 vituperare,
1045 3245 1138 3303 sed
1177 3247 1337 3303 etiam
1375 3246 1649 3302 adhortari
1685 3256 1741 3304 et
1763 3246 1960 3304 docere
1991 3265 2007 3304 :

423 3342 709 3417 gaudipse
735 3354 952 3412 quoque
991 3336 1137 3392 facit.
1166 3337 1457 3408 Postquam
1487 3339 1631 3394 enim
1661 3340 1933 3396 accusavit
1957 3349 2012 3397 et

425 3433 756 3506 increpavit,
804 3442 860 3487 et
897 3430 1086 3488 inutile
1119 3444 1241 3486 esse
1267 3428 1536 3498 ostendit,
1569 3431 1825 3503 deinceps
1849 3434 2011 3491 etiam

423 3528 705 3585 consilium
736 3525 848 3592 dat,
875 3523 1062 3579 dicens
1089 3540 1104 3578 :
1137 3522 1226 3579 12.
1260 3521 1351 3578 Sic
1378 3532 1424 3578 et
1451 3540 1566 3592 vos,
1592 3526 1834 3597 quoniam
1851 3542 2021 3582 temu-

424 3621 608 3675 latores
633 3618 759 3672 estis
773 3615 1078 3688 spirituum,
1098 3614 1169 3669 ad
1190 3614 1578 3684 ludiﬁcationem
1607 3614 1850 3673 Ecclesia:
1871 3635 2011 3690 quie-

422 3711 517 3764 rite
535 3719 588 3763 ut
608 3706 890 3762 abundetis.
919 3704 1161 3761 Vidistin‘
1184 3705 1300 3777 ejus
1324 3720 1547 3777 scopum
1574 3721 1789 3778 semper
1810 3718 1867 3765 ct
1895 3709 2011 3765 ubi-

423 3816 528 3873 que
557 3815 719 3855 unum
747 3797 907 3855 esse?
934 3796 1066 3853 Eam
1094 3812 1193 3853 ceu
1224 3801 1459 3869 regulam
1494 3799 1662 3869 ponit,
1689 3816 1807 3872 qua:
1828 3802 2013 3859 multis-

425 3893 577 3949 utilis
599 3892 668 3948 sit
708 3900 762 3947 ct
803 3889 1096 3947 Ecclesium
1133 3890 1302 3961 juvet.
1350 3891 1535 3962 Neque
1577 3893 1747 3962 dixit,
1777 3894 1845 3953 Ut
1870 3896 2008 3955 dona

425 3984 762 4057 possidentis,
792 3982 885 4039 sed
921 3981 987 4038 Ut
1021 3980 1330 4049 abumletis;
1349 3983 1449 4039 hoc
1469 3994 1572 4052 est,
1597 3996 1654 4043 ut
1673 4002 1794 4042 cum
1818 4003 2009 4060 magna

421 4078 574 4146 copia
606 4076 693 4131 illa
725 4075 986 4131 habeatis.
1016 4072 1242 4130 Tantum
1278 4076 1420 4131 cnim
1457 4077 1609 4134 abest
1633 4089 1691 4135 ut
1720 4080 1885 4137 nolim
1914 4098 2011 4140 vos

420 4185 493 4226 eae
526 4168 722 4226 habere
747 4208 762 4233 ,
794 4175 854 4221 ut
882 4166 1041 4221 velim
1080 4167 1240 4222 etiam
1271 4183 1363 4223 vos
1390 4168 1471 4225 eis
1498 4169 1805 4239 abundare,
1848 4176 2010 4235 modo

419 4277 485 4317 ea
509 4260 806 4316 exerceatis
829 4258 898 4314 ad
927 4257 979 4312 id
1003 4257 1145 4328 quod
1174 4259 1230 4314 in
1257 4275 1543 4321 commune
1566 4273 1652 4319 est
1678 4267 1831 4323 utile.
1860 4268 2006 4339 Quo-

423 4353 587 4410 modo
631 4362 812 4409 autem
863 4352 967 4407 hoc
1021 4352 1129 4419 liat,
1175 4351 1310 4411 dicit
1347 4363 1401 4410 et
1442 4357 1751 4429 subjungitr
1785 4360 2005 4420 dicens;

422 4446 512 4502 ιε.
547 4443 610 4499 Et
642 4444 755 4498 ideo
779 4442 864 4511 qui
899 4442 1125 4511 loquitur
1149 4442 1360 4515 lingua,
1403 4456 1510 4502 oret
1547 4457 1604 4501 ut
1628 4449 2005 4523 interpretetur.

421 4536 513 4593 1L
542 4534 684 4589 Nam
709 4535 754 4588 si
783 4549 921 4588 orem
955 4533 1152 4604 lingua,
1180 4535 1388 4606 spiritus
1412 4553 1552 4594 meus
1575 4549 1718 4607 orat,
1749 4559 1889 4599 mens
1907 4561 2008 4600 au-

422 4641 529 4686 tem
547 4645 658 4684 mea
684 4627 792 4682 sine
818 4629 990 4699 fructu
1018 4635 1110 4681 est.
1139 4626 1228 4682 l5.
1262 4627 1400 4695 Quid
1423 4647 1540 4702 ergo
1567 4635 1682 4688 est?
1709 4634 1877 4692 Orabo
1894 4640 2007 4709 spi-

420 4724 543 4789 ritu,
568 4722 726 4777 orabo
753 4727 802 4775 et
827 4726 994 4773 mente
1012 4733 1031 4771 :
1046 4718 1264 4790 psallam
1291 4720 1495 4791 spiritu,
1517 4726 1734 4794 psallam
1754 4743 1802 4784 et
1823 4743 2005 4790 mente.

422 4812 523 4869 llic
558 4811 793 4869 ostendit
818 4810 885 4866 in
908 4825 1096 4867 eorum
1125 4824 1247 4867 esse
1271 4819 1536 4883 potestate
1561 4823 1620 4871 ut
1645 4816 1844 4877 donum
1866 4823 2009 4879 acci-

420 4906 610 4978 piant:
641 4904 765 4960 Oret
811 4905 978 4970 enim,
1025 4903 1231 4977 inquit;
1274 4904 1377 4962 hoc
1422 4916 1526 4976 est,
1578 4925 1699 4979 quin
1739 4927 1834 4970 sua
1881 4926 2009 4973 sunt

417 4988 630 5049 alieni.
657 4994 793 5050 Nam
821 4995 867 5049 sl
896 4995 1181 5067 diligenter
1216 5006 1277 5055 et
1312 5014 1516 5073 magno
1545 5002 1723 5059 studio
1751 5007 2001 5078 petieris,

419 5086 672 5158 accipies.
703 5083 833 5140 Pete
860 5100 990 5156 ergo
1016 5094 1075 5141 ut
1099 5102 1205 5143 non
1235 5090 1410 5146 solum
1443 5092 1641 5150 habeas
1669 5094 1869 5156 donum
1895 5100 2004 5161 lin-

416 5197 557 5255 gum,
575 5179 668 5237 sed
687 5178 1331 5250 etiaminterpretationis
1356 5204 1372 5240 :
1394 5197 1453 5241 ut
1471 5189 1547 5244 sis
1565 5192 1816 5251 omnibus
1836 5197 2011 5267 utilis,

418 5288 520 5330 nec
546 5270 748 5328 donum
773 5268 834 5325 iu
864 5277 916 5325 te
940 5268 1116 5325 solum
1152 5269 1417 5331 ineundas.
1462 5275 1611 5333 Nam
1641 5282 1685 5335 si
1725 5301 1898 5354 orent,
1923 5288 2004 5344 in-

417 5368 551 5435 καί(ι
578 5366 783 5441 tum,
813 5364 1023 5438 spiritus
1045 5382 1188 5422 meus
1208 5375 1352 5437 orat,
1378 5383 1528 5425 mens
1548 5383 1716 5429 autem
1751 5394 1862 5434 mea
1894 5381 2004 5438 sine

412 5460 451 5529 Ῑι
465 5469 585 5514 netu
601 5468 696 5516 est.

482 5550 696 5607 Donum
713 5553 1007 5625 linguarum
1032 5554 1295 5626 quodnam
1329 5567 1477 5613 esset.
1494 5587 1569 5600 -—
1589 5557 1836 5618 Vidistin?
1859 5579 2000 5634 quo-

412 5640 575 5696 modo
605 5642 859 5712 paulatim
903 5647 1174 5705 extollens
1214 5648 1536 5717 orationem,
1579 5653 1829 5709 ostendat
1873 5670 1997 5711 eum

416 5732 512 5803 qui
536 5739 624 5788 est
655 5734 949 5805 ejusmodi,
983 5751 1090 5795 non
1115 5738 1289 5795 sebum
1316 5756 1437 5799 esse
1466 5741 1584 5798 aliis
1611 5742 1885 5811 inutilem.
1903 5748 1997 5806 sed

1267 305 1546 365 totum
1578 286 2066 361 mutauerant
2087 296 2396 356 amnes.
2426 298 2970 361 consumma.

2116 392 2279 448 etiam
2305 392 2408 451 sibi
2436 393 2564 467 ipsi,
2591 395 2861 466 siquidem
2907 409 3062 457 meus
3087 395 3211 468 ejus
3238 403 3322 455 est
3348 396 3465 455 sine
3500 395 3695 456 fructu.

2113 485 2246 542 Nam
2280 488 2330 543 si
2368 488 2491 558 quis
2529 489 2776 560 loquatur
2815 490 2994 553 solum
3031 490 3317 549 Persarum
3364 491 3565 563 lingua,
3609 500 3702 551 aut

2113 582 2291 653 aliqua
2341 582 2449 643 alia
2489 584 2695 652 aliena,
2744 586 2951 647 neseiat
3000 596 3180 644 autem
3207 603 3329 659 qua:
3357 587 3510 656 dicit,
3555 596 3701 649 certe

2113 674 2275 729 etiam
2298 674 2399 730 sibi
2442 675 2549 745 ipsi
2563 676 2673 745 jam
2701 679 2808 733 erit
2842 677 3123 747 barbarus,
3156 696 3264 736 non
3292 680 3382 736 alii
3409 682 3607 748 solum,
3635 699 3700 739 eo

2114 764 2258 835 quod
2285 765 2491 822 nesciat
2523 767 2630 823 vim
2659 768 2826 825 vocis.
2861 769 3027 826 Erant
3054 772 3198 827 enim
3231 773 3526 844 antiquitus
3548 774 3701 832 multi

2116 858 2207 928 (ιιιί
2238 859 2500 919 orationis
2527 859 2729 921 donum
2768 861 3038 925 habebant
3083 879 3205 923 cum
3250 865 3463 937 lingua;
3490 878 3549 931 et
3574 884 3701 927 ora-

2114 949 2247 1008 bant
2271 951 2512 1023 quidem,
2538 961 2596 1011 et
2620 954 2799 1025 lingua
2827 956 3165 1028 loquebatur,
3191 967 3282 1014 aut
3303 957 3585 1019 Persarum
3610 971 3704 1019 aut

2114 1042 2481 1103 Romanorum
2508 1061 2641 1107 voce
2662 1063 2859 1115 orans;
2887 1063 3041 1109 meus
3062 1060 3244 1109 autem
3268 1053 3542 1113 nesciebat
3560 1056 3703 1127 quod

2113 1136 2416 1199 dicebatur.
2444 1139 2571 1197 ideo
2586 1141 2829 1209 dicebat,
2848 1143 2919 1200 Si
2939 1162 3080 1203 orem
3101 1147 3303 1219 lingua,
3330 1148 3543 1219 spiritus
3566 1167 3709 1207 incus

2115 1239 2228 1291 erat
2245 1245 2270 1295 ;
2298 1229 2355 1287 id
2378 1240 2487 1299 est,
2511 1233 2947 1307 chuism'quod
2970 1238 3154 1296 datum
3182 1250 3266 1297 est
3287 1242 3419 1300 mihi
3443 1252 3500 1298 et
3525 1259 3705 1303 meret

2114 1321 2391 1394 linguam;
2420 1340 2563 1383 metu
2591 1337 2766 1385 autem
2791 1345 2905 1389 mea
2931 1330 3043 1386 sine
3073 1333 3241 1403 [ructu
3268 1343 3367 1388 est.
3398 1333 3535 1402 Quid
3574 1353 3705 1409 ergo

2114 1415 2379 1485 optimum
2402 1426 2461 1473 et
2489 1417 2621 1478 utile
2657 1420 2783 1475 est?
2817 1427 2869 1475 et
2911 1421 3181 1491 quomodo
3218 1422 3544 1495 faciendum,
3574 1431 3706 1498 quid

2116 1506 2409 1579 petendum
2432 1523 2464 1564 a
2492 1508 2604 1567 Deo
2620 1510 2745 1567 est?
2767 1509 2836 1567 Ut
2858 1520 2913 1567 et
2938 1511 3153 1585 spiritu.
3176 1513 3230 1571 id
3254 1525 3339 1571 est
3357 1514 3704 1586 chrismate,

2116 1608 2173 1657 et
2217 1608 2399 1659 metite
2441 1610 2648 1659 oretur.
2689 1601 2759 1658 Et
2808 1602 2938 1663 ideo
2980 1604 3243 1664 diccbat:
3277 1607 3449 1665 Orata
3493 1611 3707 1680 spiritu,

2116 1694 2274 1749 orabo
2312 1704 2361 1748 et
2402 1704 2604 1761 mente;
2640 1695 2863 1767 psallam
2894 1698 3113 1768 spiritu,
3158 1701 3383 1772 pentiam
3423 1712 3473 1758 et
3518 1714 3703 1763 attente.

2119 1786 2263 1843 Idem
2291 1802 2478 1846 rursus
2510 1788 2600 1845 hic
2626 1803 2840 1860 quoque
2867 1790 3134 1862 signiﬁcat
3163 1810 3180 1849 :
3209 1793 3278 1852 Ut
3306 1803 3363 1853 et
3399 1795 3578 1869 lingua
3622 1797 3706 1854 lo-

2114 1888 2330 1950 quatur,
2361 1890 2418 1939 et
2452 1897 2607 1941 mens
2633 1898 2741 1938 non
2772 1882 2984 1955 ignoret
3021 1899 3085 1942 ea
3123 1901 3245 1957 quae
3270 1886 3541 1945 dicuntur.
3570 1889 3711 1947 Nam

2117 1973 2220 2031 nisi
2248 1974 2350 2030 hoc
2373 1975 2464 2042 sit,
2501 1975 2606 2031 alia
2634 1991 2848 2049 quoque
2869 1978 2976 2035 erit
3007 1978 3277 2037 conlusio.
3306 1980 3393 2037 i6.
3428 1981 3632 2037 Etenim
3659 1985 3714 2039 si

2117 2064 2454 2133 benediaeris,
2486 2067 2679 2139 inquit,
2721 2069 2929 2140 spiritu,
2963 2064 3055 2142 qui
3082 2072 3288 2144 supplet
3323 2073 3493 2129 locum
3529 2076 3705 2132 idiota

2116 2157 2372 2227 φιοιιιοάο
2406 2158 2571 2226 dicet,
2607 2160 2790 2228 Antea,
2826 2177 2983 2232 super
3023 2171 3165 2219 tuam
3208 2166 3497 2238 gratiarum
3539 2169 3705 2224 actio—

2117 2267 2234 2307 ucnt
2254 2253 2281 2308 .9
2298 2254 2544 2323 quoniam
2580 2254 2705 2324 quid
2743 2255 2887 2312 dicas
2912 2257 3092 2314 nescit.
3128 2258 3220 2314 17.
3248 2258 3389 2315 Nam
3416 2271 3471 2315 tu
3500 2263 3706 2332 quidem

2117 2343 2241 2399 bene
2265 2345 2460 2414 gratias
2485 2344 2616 2416 agis,
2647 2344 2737 2403 sed
2774 2346 2905 2402 alter
2935 2362 3039 2403 non
3063 2347 3373 2419 aediﬁcatur.
3405 2350 3537 2408 Vide
3564 2369 3705 2425 quo-

2117 2436 2280 2492 modo
2319 2437 2408 2493 hic
2436 2452 2624 2494 rursus
2651 2437 2885 2509 lapidem
2915 2439 3064 2497 ducit
3088 2441 3157 2499 ad
3191 2446 3471 2513 amussim,
3504 2447 3710 2520 ubique

2118 2543 2365 2598 qumrens
2405 2528 2665 2587 Ecclesiae
2691 2531 3124 2591 mdilicationem.
3158 2534 3381 2593 ldiotam
3409 2548 3591 2596 autem
3616 2542 3705 2597 di-

2117 2620 2191 2677 cit
2219 2620 2434 2687 laieum,
2465 2631 2519 2678 et
2543 2622 2778 2679 ostendit
2805 2639 2929 2681 eum
2956 2639 3066 2683 non
3088 2641 3314 2699 parvum
3332 2629 3587 2688 damnum
3608 2648 3705 2690 ac-

2116 2711 2321 2781 cipere,
2347 2713 2564 2783 quando
2593 2728 2703 2769 non
2732 2724 2906 2785 potest
2930 2715 3134 2787 dicere,
3158 2719 3350 2777 Amen.
3380 2721 3494 2779 Hoc
3521 2733 3707 2781 autem

2119 2803 2230 2858 vult
2257 2804 2561 2875 signiﬁcare
2584 2822 2600 2859 :
2627 2804 2684 2861 Si
2718 2805 3069 2865 barbarorum
3104 2823 3240 2869 voce
3279 2812 3568 2873 benedieas
3608 2832 3702 2874 ne-

2117 2894 2293 2951 sciens
2321 2894 2450 2966 quid
2476 2895 2648 2965 dicas,
2668 2912 2848 2969 neque
2871 2900 3062 2958 valens
3082 2901 3446 2975 interpretari,
3478 2922 3586 2962 non
3608 2922 3706 2978 po-

2120 2996 2226 3042 test
2270 2987 2438 3043 laicus
2477 2989 2829 3060 respondere,
2876 2994 3047 3051 Amen
3081 3010 3097 3047 :
3128 3009 3234 3051 non
3283 2996 3508 3054 audiens
3558 2999 3703 3055 enim

2119 3076 2271 3144 illud,
2300 3078 2356 3134 lu
2377 3079 2574 3137 sarcula
2597 3081 2942 3151 mulorum,
2965 3085 3109 3156 quod
3138 3096 3223 3143 est
3247 3086 3391 3159 linis,
3421 3103 3525 3146 non
3551 3090 3707 3160 dicit,

2118 3170 2313 3228 Arnen.
2360 3170 2561 3229 Deinde
2602 3188 2789 3230 rursus
2828 3190 2951 3232 eum
2995 3177 3307 3247 consolans,
3354 3195 3427 3238 ne
3463 3182 3713 3238 videatur

2119 3259 2321 3317 donum
2342 3262 2496 3318 valde
2512 3263 2842 3335 rilipendere
2864 3285 2879 3321 :
2902 3268 3047 3339 quod
3064 3270 3316 3341 superius
3331 3271 3563 3339 dicebat,
3581 3289 3704 3329 eum

2118 3351 2265 3423 loqui
2308 3354 2588 3425 mysteria,
2629 3365 2684 3411 ct
2713 3356 2826 3413 Deo
2852 3357 3019 3430 loqui,
3050 3373 3107 3417 et
3142 3362 3382 3433 seipsum
3412 3364 3703 3433 mdilicare,

2117 3452 2175 3501 et
2197 3459 2354 3501 orare
2391 3447 2619 3517 spiritu;
2649 3465 2717 3504 ex
2745 3448 2830 3506 his
2854 3467 2963 3509 non
2991 3468 3205 3524 [larvam
3230 3457 3545 3528 exeogitans
3571 3474 3705 3514 enn-

2117 3536 2454 3603 solationem,
2502 3538 2606 3599 hoc
2646 3540 2736 3596 hic
2769 3556 2982 3613 quoque
3024 3543 3171 3612 facit,
3219 3546 3453 3604 dicens:
3486 3548 3619 3604 Nam
3648 3559 3708 3608 tu

2117 3628 2335 3700 quidem
2358 3630 2505 3688 bene
2516 3632 2717 3702 gratias
2743 3634 2891 3704 agis;
2919 3634 3124 3708 Spiritu
3149 3641 3291 3695 enim
3318 3651 3497 3697 motus
3520 3643 3703 3714 loque-

2117 3720 2228 3788 ris;
2248 3720 2345 3777 sed
2366 3721 2455 3778 ille
2474 3722 2611 3777 nihil
2634 3724 2876 3793 audiens,
2898 3742 3075 3798 neque
3094 3730 3271 3787 sciens
3289 3747 3409 3802 qua:
3426 3734 3710 3804 dicuntur,

2117 3819 2243 3878 stat,
2266 3827 2372 3868 non
2403 3828 2651 3885 magnam
2678 3817 2956 3888 excipiens
2983 3822 3285 3879 utilitatem.

2187 3904 2244 3959 ό.
2277 3905 2477 3962 Deinde
2505 3908 2759 3977 quoniam
2793 3924 2887 3966 eos
2915 3921 2998 3966 est
3023 3912 3317 3971 insectatus
3345 3917 3435 3988 qui
3466 3918 3570 3974 lioc
3602 3918 3702 3974 lia»

2116 3993 2247 4051 beut
2269 3996 2495 4067 donum,
2524 4008 2793 4071 tamquam
2818 4004 2910 4072 qui
2949 4004 3086 4060 nihil
3116 4022 3363 4078 magnum
3406 4010 3700 4081 haberent;

2118 4101 2188 4144 ne
2216 4087 2461 4145 videatur
2489 4091 2659 4147 veluti
2677 4107 2743 4148 eo
2770 4094 3029 4169 privatus,
3060 4111 3157 4153 eos
3182 4099 3535 4171 vilipcndere,
3579 4104 3702 4159 vide

2116 4181 2243 4253 quid
2270 4182 2412 4240 dicat
2443 4183 2571 4243 :18.
2598 4184 2802 4243 Gratias
2826 4204 2926 4259 ago
2942 4187 3076 4259 Deo,
3101 4192 3239 4262 quod
3257 4194 3423 4266 magis
3441 4212 3593 4267 quam
3616 4213 3702 4251 vos

2116 4288 2291 4329 omnes
2331 4275 2523 4347 linguis
2564 4277 2766 4349 loquar.
2816 4278 2929 4335 Hoc
2955 4291 3138 4338 autem
3180 4282 3309 4343 facit
3343 4287 3504 4341 etiam
3549 4287 3697 4342 alibi.

2116 4365 2640 4436 Depressurusenim
2669 4372 2944 4443 eaqnibus
2988 4377 3344 4448 exsuperabat
3369 4378 3696 4447 Judaismus,

2116 4466 2503 4515 etostensurus
2519 4476 2580 4515 ea
2595 4461 2729 4519 nihil
2746 4477 2890 4530 esse,
2912 4464 3062 4535 prius
3081 4468 3317 4524 ostendit
3329 4484 3390 4525 se
3404 4468 3700 4537 eababcre,

2116 4556 2170 4603 et
2209 4548 2365 4620 longe
2392 4549 2658 4621 amplius,
2691 4561 2818 4609 tunc
2842 4570 3058 4626 quoque
3083 4571 3148 4613 ea
3173 4557 3429 4615 damnum
3465 4561 3707 4633 appellat

2115 4640 2301 4697 dicens
2332 4658 2346 4696 :
2377 4641 2440 4697 Si
2461 4643 2575 4713 quis
2599 4643 2797 4700 videtur
2829 4646 3016 4704 habere
3042 4648 3286 4719 ﬁduciam
3313 4652 3367 4707 in
3404 4668 3579 4720 carne,
3609 4669 3703 4724 ego

2114 4735 2296 4806 magis,
2327 4735 2653 4792 circumcisus
2680 4747 2853 4795 οειαυο
2892 4741 2996 4807 die,
3039 4758 3103 4798 ea:
3128 4759 3313 4814 genere
3339 4743 3525 4813 Israel,
3567 4747 3709 4801 tribu

2113 4824 2406 4896 Benjamiu,
2428 4826 2677 4885 llcbrarus
2698 4847 2763 4884 ex
2789 4831 3037 4901 Hebrwis,
3064 4836 3344 4892 secundum
3373 4841 3534 4910 legent
3559 4836 3701 4893 Plin—

2112 4919 2311 4985 riswus,
2342 4920 2618 4974 secundum
2643 4921 2810 4979 zelum
2848 4941 3155 4997 persequens
3180 4927 3484 4998 Ecclesium,
3513 4947 3695 4987 secun-

2112 5011 2235 5066 dum
2264 5010 2520 5083 justitiam
2545 5030 2660 5086 qua
2682 5025 2755 5070 est
2785 5032 2850 5072 επ
2874 5019 3003 5090 lege,
3036 5024 3205 5091 fectus
3244 5024 3700 5094 ἕπομτήωᾶκῶ

2114 5104 2372 5178 (Philipp.
2404 5108 2458 5163 5.
2486 5107 2659 5180 ινδ).
2702 5109 2771 5165 Ει
2824 5120 2949 5168 tunc
3000 5123 3283 5185 postquam
3327 5117 3599 5188 ostendit,
3637 5133 3700 5174 se

2110 5198 2165 5253 in
2191 5198 2275 5253 bis
2295 5200 2545 5259 omnibus
2572 5201 2867 5269 abundare,
2901 5204 3079 5263 dicit:
3107 5207 3215 5263 Sed
3242 5225 3360 5279 (me
3397 5211 3533 5265 mihi
3551 5218 3702 5267 erant

2109 5289 2273 5354 lucra,
2302 5306 2364 5343 ea
2402 5292 2647 5348 alumnum
2685 5294 2970 5350 eav'stimtwi
2999 5308 3209 5369 propter
3241 5300 3511 5357 Christum
3530 5301 3692 5369 (ibid;

2106 5396 2154 5435 υ.
2181 5381 2257 5450 7).
2300 5381 2375 5436 lta
2418 5382 2505 5438 hic
2529 5392 2742 5456 quoque
2766 5386 2915 5453 facit,
2952 5387 3140 5446 dicens
3171 5409 3185 5445 :
3218 5390 3390 5465 Magis
3413 5410 3577 5464 quem
3607 5410 3697 5450 res

2105 5490 2278 5529 euntes
2321 5474 2510 5546 linguis
2556 5475 2759 5553 loquar.
2785 5480 2864 5538 Ne
2890 5495 3025 5553 ergo
3061 5482 3357 5540 ell'eramini
3379 5527 3395 5553 ,
3447 5496 3502 5542 et
3538 5485 3705 5541 vobis

2108 5565 2363 5633 placeatis
2401 5548 2695 5638 tamquam.
2712 5570 2815 5627 soli
2851 5548 3055 5630 donum
3094 5548 3391 5645 habentes;
3428 5593 3554 5634 nam
3593 5593 3699 5649 ego

2107 5670 2320 5730 quoque
2350 5656 2404 5713 id
2430 5658 2701 5730 possideo.
2729 5671 2785 5719 et
2811 5667 2981 5736 magis
3009 5681 3179 5737 qua.
3201 5683 3321 5725 vos.
3363 5669 3453 5726 ιο.
3496 5670 3606 5725 Sed
3638 5669 3694 5723 in

2111 5749 2342 5811 Ecclesia
2364 5747 2481 5806 volo
2499 5753 2720 5825 quinque
2743 5757 2892 5813 verba
2906 5776 3058 5817 scits:
3083 5778 3193 5817 meo
3218 5762 3376 5836 loqui,
3405 5771 3462 5818 ut
3485 5770 3541 5818 et
3556 5761 3692 5818 alios
