4094 6222
369 326 469 383 561

361 440 652 497 instituam.
676 437 816 508 Quid
847 448 950 506 est,
991 437 1156 494 Sensu
1186 454 1292 493 meo
1333 439 1489 509 loqui,
1530 448 1658 494 utet
1700 440 1828 494 alios
1870 439 1951 494 in-

363 534 615 592 stituam?
651 533 962 604 lntelligens
989 547 1108 603 qua:
1152 531 1295 599 dico,
1332 542 1386 588 et
1426 547 1545 602 qua!
1574 546 1794 603 possunt
1835 533 1954 587 aliis

367 643 582 699 quoque
616 627 980 697 interpretari,
1020 635 1074 682 et
1115 641 1236 681 cum
1265 625 1614 698 intelligentia
1655 626 1852 691 dicere,
1900 637 1955 680 et

368 720 566 775 docere
596 733 691 775 eos
714 718 804 789 qui
831 717 1074 772 audiunt.
1105 717 1270 784 Quam
1291 719 1464 773 decem
1499 718 1660 772 millia
1689 719 1952 773 verborum

365 813 423 864 in
465 810 665 882 lingua.
697 809 912 878 Quare?
955 809 1022 864 Ut
1065 809 1217 877 alios,
1265 810 1452 881 inquit,
1497 810 1777 866 instituam.
1818 809 1949 866 Nam

365 901 499 959 illud
528 901 748 974 quidem
775 901 938 957 habet
977 902 1390 958 ostentationem
1434 910 1664 969 tantum,
1711 903 1814 958 hoc
1851 919 1949 958 au-

366 1006 473 1051 tem
501 994 720 1049 multam
766 993 1069 1049 utilitatem.
1101 993 1215 1050 lloc
1241 993 1384 1049 enim
1430 1003 1532 1061 est,
1571 994 1712 1065 quod
1753 994 1950 1065 ubique

362 1090 588 1163 quaerit,
617 1089 759 1160 quod
787 1090 840 1144 in
871 1088 1140 1144 communi
1161 1089 1232 1145 sit
1259 1088 1408 1144 utile.
1438 1088 1597 1158 Atqui
1621 1088 1818 1143 donum
1845 1089 1950 1142 lin-

362 1197 586 1253 guarum
624 1191 743 1238 erat
785 1194 984 1236 novum
1028 1189 1085 1236 et
1126 1180 1382 1244 alienum,
1429 1179 1724 1249 prophetia:
1767 1187 1944 1234 autem

363 1276 561 1330 donum
589 1285 904 1330 consuetum
934 1282 988 1328 et
1015 1273 1289 1344 antiquum
1317 1282 1371 1327 et
1400 1270 1578 1327 multis
1603 1269 1712 1341 jam
1739 1269 1938 1338 datum,

362 1367 467 1422 hoc
492 1375 669 1422 autem
699 1375 810 1421 tum
839 1365 1068 1434 primum
1095 1380 1110 1430 ;
1155 1362 1248 1419 sed
1283 1372 1460 1418 tamen
1490 1361 1542 1416 in
1570 1360 1621 1416 id
1658 1376 1763 1416 non
1805 1359 1944 1415 tnui-

363 1468 474 1513 tum
504 1457 734 1528 ponebat
758 1455 941 1512 studii.
971 1455 1329 1524 Quamobrem
1352 1469 1450 1509 nec
1476 1468 1541 1509 co
1564 1467 1690 1508 usus
1711 1463 1812 1518 eet,
1836 1466 1942 1507 non

359 1547 501 1619 quod
530 1563 639 1603 non
670 1547 914 1614 haberet,
955 1545 1050 1602 sed
1081 1545 1221 1616 quod
1251 1549 1520 1616 quaereret
1547 1559 1667 1614 quae
1692 1554 1815 1597 sunt
1843 1543 1946 1597 nti-

359 1641 493 1696 liora
525 1659 540 1696 :
572 1649 689 1696 erat
714 1639 858 1695 enim
886 1639 1023 1694 liber
1051 1638 1119 1693 ab
1146 1637 1288 1693 omni
1321 1636 1464 1691 inani
1489 1636 1680 1708 gloria,
1705 1644 1758 1690 et
1779 1650 1942 1689 unum

357 1731 650 1804 spectabat,
683 1739 741 1785 ut
770 1731 1020 1786 meliores
1045 1728 1296 1785 redderet
1324 1727 1616 1782 auditores.
1658 1727 1942 1795 Propterea

356 1824 516 1879 etiam
562 1830 773 1892 poterat
800 1821 983 1878 videre
1008 1819 1150 1891 quod
1178 1819 1276 1874 sibi
1308 1829 1362 1874 et
1391 1819 1509 1873 aliis
1537 1827 1654 1872 erat
1694 1817 1845 1882 utile,
1875 1831 1942 1870 eo

354 1916 494 1988 quod
521 1925 666 1972 esset
693 1915 833 1970 liber
863 1914 930 1968 ab
958 1913 1100 1968 inani
1128 1911 1316 1983 gloria.
1338 1909 1470 1967 Nam
1512 1910 1600 1980 qui
1625 1919 1708 1964 est
1743 1910 1794 1964 in
1824 1909 1942 1978 ejus

353 2009 668 2066 servitutem
694 2007 966 2071 redactus,
1016 2021 1122 2061 non
1169 2005 1364 2076 poterit
1393 2004 1598 2069 videre,
1629 2018 1734 2058 non
1765 2004 1937 2057 solum

352 2102 498 2174 quod
524 2102 665 2169 aliis,
683 2100 780 2157 sed
806 2100 965 2156 etiam
991 2097 1134 2169 quod
1159 2097 1258 2153 sibi
1285 2105 1367 2152 est
1388 2096 1540 2152 utile.
1568 2096 1709 2150 Talis
1727 2093 1940 2150 eratSi-

352 2211 508 2259 mon,
538 2193 628 2264 qui
644 2193 891 2264 quoniam
911 2191 977 2247 ad
997 2191 1210 2247 inanem
1231 2188 1438 2259 aspexit
1453 2187 1699 2258 gloriam,
1723 2202 1790 2242 ne
1810 2187 1936 2241 vidit

353 2285 574 2357 quidem
595 2284 731 2356 quod
749 2284 850 2340 sibi
876 2292 992 2338 erat
1011 2281 1346 2338 conducibile
1367 2298 1382 2337 :
1409 2281 1542 2335 tales
1569 2288 1722 2334 erant
1744 2279 1935 2345 Judaei,

353 2376 448 2447 qui
490 2385 710 2447 propter
735 2390 852 2430 eam
885 2374 1098 2429 diabolo
1123 2388 1274 2430 suam
1313 2371 1934 2443 propinaruntsalutem.

421 2468 604 2524 Inanis
647 2469 824 2541 gloria:
851 2468 946 2523 uis.
987 2466 1291 2537 PhilasoPhi
1340 2463 1506 2520 (ἕναιεὶ
1549 2472 1938 2534 carpuntur.—

351 2563 488 2619 llinc
514 2563 677 2619 etiam
708 2573 824 2618 orta
855 2571 981 2616 sunt
1016 2560 1180 2628 idola,
1213 2567 1268 2614 et
1295 2558 1503 2614 externi
1535 2557 1840 2628 philosOphi
1870 2573 1934 2614 ex

349 2656 455 2712 hoc
483 2655 661 2713 lurore
687 2655 889 2711 incitati
918 2653 1054 2726 lapsi
1085 2661 1211 2708 sunt
1235 2651 1301 2708 ad
1337 2651 1476 2708 mala
1505 2651 1773 2722 dogmata.
1803 2649 1937 2706 \‘ide

348 2758 532 2806 autem
561 2748 716 2820 hujus
757 2749 869 2804 vitii
897 2748 1324 2819 perversitatem.
1355 2746 1458 2802 Per
1485 2745 1587 2800 hoc
1609 2760 1674 2801 ex
1703 2746 1768 2800 iis
1798 2759 1935 2800 non-

349 2840 481 2897 nulli
511 2841 684 2897 ell'ecti
711 2851 837 2896 sunt
866 2853 1146 2912 pauperes,
1174 2849 1231 2894 et
1261 2837 1350 2893 alii
1379 2837 1614 2893 studium
1635 2845 1936 2908 posuerunt

347 2933 401 2988 in
437 2932 661 2988 divitiis.
709 2931 880 2988 Tanta
930 2940 1012 2986 est
1051 2931 1170 3000 ejus
1215 2928 1478 3002 tyrannis,
1525 2937 1582 2984 ut
1627 2927 1936 2984 dominetur

348 3024 508 3081 etiam
553 3024 604 3078 in
646 3023 952 3095 contrariis.
985 3021 1116 3076 Nam
1159 3031 1213 3077 ct
1251 3037 1316 3077 ex
1362 3020 1712 3090 temperantia
1742 3019 1934 3091 aliquis

345 3117 489 3173 inani
521 3116 690 3187 gloria
720 3116 972 3183 afficitur,
996 3125 1050 3171 et
1076 3129 1262 3170 rursus
1292 3112 1430 3168 alius
1458 3129 1524 3169 ex
1545 3113 1807 3169 adulterio
1837 3131 1851 3168 :
1879 3123 1934 3170 et

343 3211 433 3267 hic
457 3210 672 3282 quidem
701 3225 768 3265 ex
791 3208 1020 3280 justitia,
1047 3207 1184 3262 alius
1224 3221 1290 3261 ex
1324 3205 1600 3277 injustitia,
1629 3221 1695 3261 ex
1726 3206 1932 3262 deliciis

345 3313 402 3361 et
429 3319 494 3358 ex
524 3303 755 3374 jejunio,
788 3317 855 3357 ex
897 3301 1120 3357 lenitate
1147 3307 1204 3356 et
1243 3314 1313 3354 ex
1352 3298 1597 3366 audacia,
1640 3314 1705 3354 ex
1732 3299 1931 3356 divitiis

346 3404 402 3450 et
429 3411 492 3453 ex
521 3405 852 3466 paupertate.
882 3392 1132 3448 Nonnulli
1171 3391 1311 3447 enim
1339 3392 1564 3457 externi,
1599 3407 1718 3447 cum
1745 3392 1932 3448 liceret

344 3486 485 3545 dona
525 3488 810 3557 accipere;
853 3493 910 3540 ut
956 3484 1008 3538 in
1055 3483 1407 3539 admiratione
1434 3483 1779 3549 haberentur,
1822 3499 1928 3538 non

341 3579 692 3654 accipiebant.
741 3577 847 3635 Sed
899 3593 1004 3632 non
1046 3577 1126 3632 sic
1170 3576 1439 3647 apostoli:
1471 3591 1591 3629 nam
1634 3576 1776 3647 quod
1814 3578 1930 3646 puri

343 3682 521 3730 essent
541 3688 573 3730 a
593 3685 727 3728 vana
748 3669 940 3741 gloria,
959 3667 1303 3724 ostenderunt
1321 3683 1415 3737 per
1435 3681 1496 3722 ea
1515 3682 1634 3739 qua:
1667 3666 1926 3722 fecerunt.

342 3763 552 3826 Etenim
595 3762 810 3834 quando
860 3761 979 3818 illos
1014 3761 1145 3817 deos
1168 3759 1451 3824 vocabant,
1480 3770 1534 3815 et
1572 3759 1740 3830 parati
1776 3768 1930 3814 erant

337 3854 406 3912 ad
440 3853 848 3913 sacrificandum
879 3852 1009 3924 ipsis
1040 3861 1222 3909 tauros
1265 3861 1571 3916 coronatos,
1608 3866 1713 3905 non
1753 3851 1926 3906 solum

339 3947 744 4016 prohibuerunt,
783 3947 878 4006 sed
909 3946 1068 4002 etiam
1108 3961 1203 4001 sua
1246 3945 1565 4001 vestimenta
1608 3943 1926 3999 sciderunt:

337 4049 397 4094 et
423 4037 638 4107 quando
668 4037 914 4096 claudum
952 4043 1312 4101 curaverunt,
1353 4035 1600 4090 omnibus
1638 4049 1732 4090 eos
1762 4034 1926 4089 hianti

337 4144 440 4186 ore
481 4129 814 4200 stupentibus
855 4129 1156 4184 dixerunt:
1193 4127 1330 4196 Quid
1367 4143 1458 4180 nos
1498 4125 1742 4196 aspicitis,
1792 4135 1925 4180 tant-

336 4238 496 4293 quam
521 4222 731 4293 propria
758 4222 934 4278 virtute
963 4221 1230 4293 fecerimus
1255 4223 1386 4273 hunc
1419 4219 1679 4274 ambulare
1703 4217 1839 4290 (Act.
1868 4219 1924 4275 ὅ.

335 4315 430 4386 12)
450 4315 476 4369 ?
500 4315 566 4370 Et
595 4314 670 4369 illi
700 4313 913 4385 quidem
942 4314 1082 4368 inter
1105 4311 1248 4368 viros
1265 4319 1629 4382 paupertatem
1660 4309 1927 4365 admiran-

335 4419 438 4474 tes,
469 4417 838 4479 paupertatem
883 4406 1185 4478 eligebant;
1235 4404 1288 4459 hi
1332 4419 1460 4460 vero
1509 4402 1678 4474 ipsam
1723 4403 1926 4474 eligunt

333 4499 475 4570 apud
512 4500 758 4557 homines
797 4500 888 4572 qui
928 4508 1295 4571 paupertatem
1326 4505 1588 4569 spernunt
1621 4505 1675 4552 et
1711 4495 1924 4553 divitias

334 4593 572 4654 laudant.
608 4593 674 4649 Et
703 4574 1046 4664 hi.quidem,
1095 4592 1140 4648 si
1181 4591 1307 4663 quid
1354 4598 1694 4662 acceperant,
1739 4591 1923 4663 egenis

332 4701 491 4754 opem
516 4683 802 4751 ferebant;
831 4685 904 4741 ita
929 4699 1036 4741 non
1063 4693 1284 4755 propter
1311 4683 1526 4739 inanem
1549 4684 1792 4755 gloriam,
1823 4683 1916 4738 sed

333 4789 552 4850 propter
603 4778 984 4850 benignitatem
1031 4778 1210 4834 omnia
1258 4776 1525 4834 faciebant
1562 4795 1578 4830 :
1623 4777 1700 4832 illi
1741 4786 1919 4832 autem

332 4870 488 4941 plane
513 4869 865 4936 contrarium,
895 4879 1168 4941 tamquam
1193 4870 1283 4940 qui
1309 4877 1491 4925 essent
1515 4868 1716 4923 inimici
1745 4878 1799 4923 et
1831 4883 1912 4938 pe-

329 4973 440 5021 stes
477 4963 782 5020 communis
828 4974 1056 5030 naturae,
1109 4965 1224 5020 hare
1267 4963 1345 5020 sic
1378 4978 1590 5034 quoque
1630 4963 1919 5019 faciebant.

329 5054 460 5114 Nam
486 5056 624 5111 alius
649 5054 865 5128 quidem
904 5055 1102 5111 frustra
1131 5063 1186 5111 et
1230 5064 1430 5110 temere
1458 5068 1646 5110 omnes
1681 5068 1804 5109 suas
1842 5053 1921 5110 fa-

327 5147 558 5205 cultates
602 5148 657 5204 in
703 5163 852 5205 mare
892 5147 1257 5218 demergebat,
1285 5146 1460 5202 fatuos
1503 5147 1716 5202 imitans
1744 5156 1798 5202 et
1825 5161 1918 5202 eos

326 5239 420 5310 qui
446 5249 570 5296 sunt
599 5240 804 5297 insanae
829 5243 1025 5297 mentis
1057 5259 1070 5295 :
1101 5241 1237 5296 alius
1278 5251 1456 5296 autem
1493 5239 1706 5296 sinebat
1730 5255 1918 5296 omnes

323 5345 455 5387 suos
481 5347 641 5404 agros
669 5332 884 5404 depasci
912 5334 980 5389 ab
1006 5333 1218 5389 ovibus.
1263 5332 1354 5389 Sic
1391 5333 1568 5387 omnia
1611 5331 1754 5403 apud
1799 5331 1917 5386 illos

323 5423 397 5482 ad
421 5425 873 5496 vanamgloriam
903 5425 1236 5495 spectabant.
1270 5423 1377 5479 Sed
1412 5439 1517 5479 non
1551 5423 1626 5491 hi,
1653 5423 1762 5479 imo
1787 5437 1917 5477 vero

321 5532 444 5587 qua:
469 5517 739 5574 dabantur
761 5517 1115 5588 accipiebant,
1147 5526 1202 5572 et
1219 5516 1608 5572 distribuebant
1633 5514 1918 5588 egentibus

321 5627 449 5666 cum
480 5619 627 5666 tanta
652 5611 992 5677 liberalitate,
1019 5623 1077 5667 ut
1102 5611 1263 5666 etiam
1289 5611 1342 5665 in
1367 5611 1505 5665 fame
1535 5616 1793 5681 perpetua
1813 5607 1912 5662 de-

321 5713 539 5774 gerent.
562 5704 622 5760 Si
655 5714 832 5764 autem
867 5703 1092 5775 gloriam
1121 5712 1413 5768 amassent,
1459 5718 1563 5758 non
1607 5702 1707 5758 hoc
1755 5702 1910 5756 fecis-

327 5805 468 5866 sent,
495 5812 688 5870 nempe
717 5808 772 5855 ut
801 5797 1105 5869 accipereut
1143 5805 1195 5854 et
1226 5797 1624 5865 distribuerunt,
1656 5797 1908 5854 timentes

1393 319 1458 376 IN
1497 321 1708 381 EPIST.
1752 324 1770 380 l
1826 324 1918 380 AD
1956 323 2112 380 (ΞΟΠ.
2145 324 2378 384 HOMIL.
2411 329 2628 387 XXXV.

3543 350 3650 407 302

2061 453 2131 495 ne
2155 450 2344 496 contra
2388 443 2534 514 ipsos
2576 447 2754 518 aliqua
2795 448 2938 506 foret
2965 453 3220 524 suspicio.
3251 455 3384 512 Nam
3423 462 3515 530 qul
3551 478 3646 517 sua

2057 531 2241 600 abiicit
2279 544 2500 604 propter
2525 538 2772 608 gloriam,
2805 543 2973 597 nmlto
3001 545 3168 617 magis
3194 562 3300 603 non
3329 552 3556 621 accipiet
3581 571 3644 611 ea

2055 636 2176 692 quae
2203 633 2328 680 sunt
2355 626 2602 694 aliorum,
2633 646 2702 686 ne
2729 632 2973 690 videatur
2993 651 3153 707 egere
3178 639 3320 708 aliis,
3348 658 3522 712 neque
3546 660 3643 700 ve-

2057 715 2164 770 niat
2190 717 2244 770 in
2269 721 2651 790 suspicionem.
2682 725 2788 780 llos
2814 737 2992 783 autem
3016 730 3166 787 vides
3192 741 3247 786 et
3277 734 3640 795 ministrantes

2053 817 2108 862 et
2127 809 2527 869 emendicantes
2553 830 2652 886 pro
2671 819 2951 888 egentibus
2981 841 2995 876 :
3023 822 3157 878 adeo
3181 835 3337 880 erant
3359 828 3516 882 etiam
3545 846 3642 900 pa-

2053 899 2226 955 trihus
2275 903 2602 971 quibuslibet
2653 911 2997 968 amantiores.
3050 913 3184 971 Vide
3230 926 3409 974 autem
3451 899 3639 977 eorum

2053 1006 2266 1063 quoque
2291 994 2438 1066 leges
2467 999 2794 1069 moderatas,
2836 1005 2986 1059 etab
3029 1005 3171 1061 inani
3215 1009 3385 1078 gloria
3416 1012 3637 1068 liberas.

2053 1080 2310 1140 Habentes
2330 1087 2493 1154 enim,
2518 1090 2708 1161 inquit,
2740 1095 3030 1149 vestimenta
3056 1107 3104 1150 et
3127 1099 3390 1166 alimenta,
3415 1103 3493 1157 Itis
3517 1120 3640 1157 con-

2050 1175 2176 1228 tenti
2204 1178 2392 1233 erimus
2419 1181 2495 1251 (1.
2526 1180 2663 1236 Tim.
2697 1184 2749 1238 6.
2777 1184 2836 1255 8)
2867 1203 2880 1238 :
2911 1201 3017 1242 non
3053 1187 3194 1244 sicut
3231 1191 3320 1246 ille
3349 1191 3634 1264 Sinopeus,

2049 1267 2137 1336 qui
2187 1271 2377 1338 pannis
2423 1273 2628 1330 obsitus
2671 1285 2725 1332 et
2765 1277 2966 1334 dolium
3011 1281 3296 1349 habitans,
3337 1301 3458 1341 cum
3503 1289 3638 1344 nihil

2053 1371 2195 1416 esset
2231 1377 2388 1433 opus,
2439 1369 2636 1425 multos
2681 1373 2896 1441 quidem
2945 1375 3244 1445 stupefecit,
3297 1381 3426 1434 nulli
3454 1393 3634 1436 autem

2048 1452 2266 1522 proluit.
2300 1457 2496 1516 Paulus
2533 1473 2711 1518 autem
2763 1465 2894 1521 nihil
2926 1466 3119 1522 horum
3161 1468 3430 1526 faciebat:
3464 1488 3637 1544 neque

2049 1546 2192 1602 enim
2220 1551 2496 1619 spectabat
2527 1555 2876 1613 ambitionem
2914 1568 2971 1614 et
3018 1560 3237 1616 honoris
3284 1563 3631 1629 desiderium,

2048 1638 2142 1692 sed
2168 1648 2223 1694 et
2251 1641 2446 1698 decore
2489 1645 2809 1702 induebatur
2839 1651 3099 1719 vestibus,
3136 1663 3190 1708 et
3233 1654 3376 1710 domi
3421 1659 3636 1714 assidue

2047 1728 2340 1798 habitabat,
2373 1750 2537 1806 seque
2577 1739 2734 1806 plane
2767 1743 3063 1811 perfectum
3099 1746 3414 1802 ostendebat
3441 1748 3492 1802 in
3533 1751 3634 1804 alia

2046 1823 2190 1876 omni
2239 1825 2436 1881 virtute
2471 1829 2656 1898 :quod
2697 1830 3028 1900 despiciebat
3069 1834 3322 1905 Cynicus,
3373 1839 3636 1909 intempe-

2047 1921 2228 1968 ranter
2252 1915 2436 1971 vivens
2478 1927 2532 1973 et
2574 1919 2746 1988 palam
2778 1921 3031 1978 indecore
3075 1938 3134 1978 se
3179 1941 3374 1995 gerens
3417 1929 3518 1999 (α),
3563 1934 3637 1983 ab

2047 2002 2188 2058 inani
2212 2005 2377 2074 gloria
2408 2008 2684 2080 abreptus.
2719 2011 2776 2067 Si
2801 2014 2922 2082 quis
2950 2015 3091 2070 enim
3119 2026 3268 2086 roget
3289 2033 3387 2072 cur
3409 2021 3463 2073 in
3488 2020 3633 2074 dolio

2047 2096 2383 2166 habitaverit,
2415 2102 2620 2158 nullam
2648 2105 2806 2161 aliam
2833 2121 3048 2162 causam
3082 2109 3313 2166 inveniet
3341 2127 3500 2182 quam
3541 2129 3632 2168 va-

2045 2206 2166 2248 nam
2194 2193 2437 2263 gloriam.

2113 2283 2168 2337 5.
2222 2282 2363 2339 Vana
2391 2286 2556 2356 gloria
2583 2304 2716 2342 sa’va
2741 2290 2929 2345 bellua.
2947 2321 3019 2333 --
3041 2292 3237 2349 Paulus
3260 2304 3439 2351 autem
3467 2298 3628 2352 etiam

2041 2374 2280 2441 domum,
2310 2394 2468 2449 quam
2508 2380 2692 2436 Roma:
2727 2382 3015 2452 incolebat,
3065 2387 3314 2443 mercede
3351 2389 3626 2446 conduxit.

2042 2465 2372 2538 Quamquam
2412 2471 2502 2541 qui
2539 2471 2698 2540 longe
2747 2473 2966 2529 fortiora
2995 2484 3226 2543 poterat,
3263 2478 3430 2532 multo
3460 2481 3630 2550 magis

2043 2559 2145 2614 hoc
2171 2561 2451 2630 potuisset.
2478 2563 2582 2618 Sed
2612 2579 2718 2620 non
2743 2564 3036 2635 aspiciebat
3060 2567 3127 2622 ad
3155 2568 3402 2637 gloriam,
3432 2586 3630 2626 sazvam

2040 2652 2294 2721 belluam,
2321 2654 2649 2712 horrendum
2677 2657 2998 2726 dzentonem,
3025 2669 3230 2729 pestem
3269 2661 3417 2716 orbis
3448 2673 3626 2730 terrae,

2042 2757 2360 2803 venenatam
2389 2749 2646 2817 viperam.
2678 2749 2830 2807 Sicut
2871 2753 3015 2806 enim
3053 2753 3140 2807 illa
3174 2753 3342 2809 bestia
3378 2755 3631 2813 dentibus

2040 2848 2251 2896 uterum
2273 2842 2458 2896 matris
2486 2843 2760 2914 discerpit,
2793 2845 2864 2900 ita
2891 2847 3053 2901 etiam
3081 2847 3184 2902 hoc
3209 2848 3394 2903 vitium
3419 2865 3616 2919 pareno

2039 2939 2145 2985 tem
2171 2931 2447 2987 dilacerat.
2477 2934 2757 2990 Undenam
2785 2953 2914 3008 ergo
2941 2938 3091 2993 vario
3115 2939 3239 2994 huic
3263 2942 3452 2997 morbo
3477 2943 3629 2999 inve-

2037 3023 2183 3078 neris
2209 3024 2697 3082 medicamentum?
2718 3026 2776 3082 Si
2799 3043 2894 3083 eos
2921 3029 3012 3099 qni
3041 3030 3213 3100 ipsum
3243 3033 3628 3090 coneulcarunt

2036 3114 2346 3169 inmedium
2379 3115 2688 3184 adduxeris,
2720 3127 2775 3174 et
2802 3119 2868 3174 ad
2897 3120 3108 3176 illorum
3140 3122 3426 3193 imaginem
3456 3127 3628 3195 reSpi-

2035 3205 2204 3272 ciens,
2228 3206 2306 3261 sic
2333 3206 2493 3261 vitam
2520 3212 2914 3280 composueris.
2947 3212 3252 3268 Patriarcha
3279 3215 3422 3269 enim
3450 3218 3624 3272 Abra-

2035 3297 2198 3362 ham;
2231 3299 2325 3354 sed
2365 3314 2524 3356 nemo
2554 3301 2686 3356 mihi
2714 3303 2844 3358 vitio
2875 3313 3052 3360 vertat
3093 3305 3331 3376 ejusdem
3361 3310 3438 3362 rei
3464 3325 3623 3380 repe-

2035 3392 2297 3458 titionem,
2327 3397 2371 3448 si
2395 3409 2538 3464 saepe
2562 3397 2678 3464 ejus
2707 3405 2760 3451 et
2787 3396 2839 3450 in
2861 3398 3111 3454 omnibus
3138 3400 3484 3458 memininus.
3511 3403 3624 3459 Hoc

2033 3484 2174 3538 enim
2216 3494 2300 3541 est
2325 3487 2465 3556 quod
2495 3487 2645 3542 illum
2674 3503 2890 3559 quoque
2920 3490 3094 3545 reddit
3121 3493 3352 3549 maxime
3387 3494 3622 3550 admira-

2034 3576 2217 3646 bilem,
2250 3587 2303 3634 et
2333 3593 2428 3634 eos
2454 3581 2544 3650 qui
2575 3595 2680 3635 non
2712 3582 2884 3650 ipsum
2907 3583 3248 3651 mmulantur,
3271 3587 3416 3642 omni
3446 3588 3624 3657 privat

2033 3671 2209 3726 venia.
2257 3671 2390 3726 Nam
2420 3673 2463 3728 si
2493 3688 2616 3728 eum
2651 3674 2866 3745 quidem
2910 3675 2964 3731 in
3010 3687 3162 3747 parte
3189 3679 3387 3750 aliqua,
3422 3681 3473 3736 in
3517 3682 3623 3738 alia

2031 3771 2209 3816 autem
2241 3772 2393 3832 parte
2421 3763 2583 3817 alium
2627 3780 2686 3820 se
2731 3775 2878 3821 recte
2920 3769 3154 3838 gessisse
3198 3771 3618 3836 ostenderimus.

2031 3851 2227 3907 dixerit
2252 3853 2446 3923 aliquis
2482 3854 2706 3911 dillicile
2728 3871 2850 3913 esse
2885 3859 3097 3914 virtutis
3132 3863 3482 3928 exercitium;
3511 3880 3617 3920 non

2031 3957 2152 3998 esse
2190 3944 2332 4000 enim
2364 3943 2523 4001 facile
2555 3948 2734 4002 omnia
2777 3949 2934 4002 simul
2970 3960 3117 4005 recte
3154 3967 3362 4022 gerere,
3392 3972 3619 4024 quorum

2031 4043 2237 4104 partem
2267 4045 2574 4092 Sanctorum
2605 4039 2796 4110 singuli
2822 4050 3108 4110 gesserunt
3136 4059 3151 4098 :
3179 4058 3300 4098 cum
3329 4054 3508 4100 autem
3540 4047 3622 4101 in-

2029 4126 2280 4181 veniatur
2315 4143 2454 4183 unus
2483 4138 2538 4184 et
2566 4129 2706 4185 idem
2747 4133 2926 4186 omnia
2956 4133 3222 4201 obtinere,
3254 4152 3413 4206 quam
3453 4137 3618 4194 habe-

2029 4216 2162 4272 bunt
2190 4221 2587 4275 excusationem
2628 4222 2717 4292 qni
2762 4232 2882 4292 post
2924 4223 3096 4294 legem
3137 4235 3192 4280 et
3237 4228 3462 4296 gratiam
3507 4244 3614 4284 non

2029 4321 2256 4379 possunt
2298 4311 2365 4365 ad
2401 4312 2646 4368 eamdem
2679 4315 2960 4384 pervenire
2999 4331 3330 4384 mensuram,
3360 4317 3426 4373 ad
3458 4335 3616 4390 quam

2029 4402 2119 4473 qui
2151 4403 2365 4457 fuerunt
2400 4414 2527 4460 ante
2558 4406 2728 4475 legem
2769 4415 2823 4460 et
2869 4407 3136 4477 gratiam?
3165 4410 3446 4476 Quomodo
3487 4427 3619 4482 ergo

2028 4492 2116 4548 hic
2165 4493 2469 4563 patriarcha
2521 4495 2658 4551 hanc
2717 4497 2946 4552 hellnam
3006 4499 3136 4554 vicit
3186 4510 3237 4554 et
3301 4504 3616 4571 superavit,

1985 4614 1988 4616 η
2027 4586 2244 4657 quando
2287 4586 2387 4642 fuit
2413 4589 2461 4642 ei
2504 4591 2875 4645 controversia
2923 4605 3045 4646 cum
3094 4591 3205 4646 filio
3234 4593 3455 4649 fratris?
3482 4595 3614 4650 Nam

2025 4692 2146 4733 cum
2177 4680 2355 4735 minor
2381 4683 2558 4752 portio
2587 4684 2634 4738 ei
2661 4681 2962 4753 obtigisset,
3001 4685 3051 4740 ei
3083 4685 3282 4754 primas
3304 4697 3483 4756 partes
3510 4704 3615 4742 non

2024 4779 2170 4827 esset
2196 4780 2538 4844 assequutus,
2580 4789 2686 4830 non
2730 4774 2924 4830 doluit.
2969 4774 3129 4832 Scitis
3167 4787 3348 4832 autem
3377 4777 3521 4847 quod
3563 4779 3614 4832 in

2025 4863 2108 4919 his
2135 4865 2298 4921 rebus
2335 4866 2570 4923 dedecus
2597 4877 2680 4924 est
2707 4868 2860 4938 pejus
2901 4868 3102 4922 damno
3132 4869 3196 4923 iis
3227 4870 3316 4940 qui
3359 4882 3485 4926 sunt
3513 4887 3615 4942 pu-

2023 4955 2127 5010 silli
2158 4957 2345 5025 animi,
2370 4969 2425 5013 et
2448 4960 2678 5014 maxime
2698 4959 2912 5028 quando
2939 4959 3054 5028 ipse
3079 4960 3316 5016 omnium
3341 4962 3612 5030 dominus,

2023 5049 2161 5104 sicut
2193 5059 2318 5105 tunc
2344 5051 2455 5116 ille,
2499 5059 2555 5106 et
2595 5051 2684 5120 qui
2731 5052 2881 5122 prior
2911 5062 3149 5123 cmperat
3188 5052 3474 5122 honorare,
3505 5073 3612 5112 non

2023 5142 2258 5197 vicissim
2287 5143 2494 5199 honore
2516 5143 2767 5200 allieitut.
2805 5145 2912 5202 Sed
2943 5156 3120 5202 tamen
3152 5146 3282 5202 nihil
3325 5149 3514 5204 horum
3549 5150 3612 5203 il-

2024 5233 2132 5288 lum
2161 5234 2471 5303 momordit,
2515 5237 2610 5292 sed
2652 5247 2850 5293 etcum
2881 5239 3143 5295 secundas
3176 5239 3403 5297 haberet
3429 5250 3610 5311 partes

2024 5326 2120 5383 fuit
2143 5335 2452 5396 contentus,
2483 5337 2538 5384 et
2569 5330 2761 5401 injuria
2801 5332 3025 5387 allectus
3061 5348 3090 5386 a
3116 5332 3314 5401 juvene
3339 5347 3524 5399 senex,
3558 5343 3610 5389 et

2019 5429 2242 5488 patruus
2285 5434 2315 5472 a
2364 5418 2543 5476 fratris
2588 5422 2718 5486 lilio,
2751 5437 2859 5475 non
2906 5424 3214 5478 succensuit
3257 5437 3429 5493 neque
3467 5439 3607 5494 aegre

2019 5511 2160 5577 tulit,
2190 5511 2285 5567 sed
2313 5513 2562 5567 similiter
2583 5527 2708 5567 eum
2734 5513 2949 5568 amabat
2969 5522 3024 5568 et
3044 5513 3287 5570 curabat.
3313 5514 3518 5570 Rursus
3538 5531 3606 5572 ex

2021 5619 2213 5676 magno
2239 5604 2330 5660 illo
2355 5615 2407 5660 ct
2439 5605 2658 5661 terribili
2690 5605 2830 5661 bello
2860 5615 3012 5676 parta
3035 5606 3276 5674 victoria,
3301 5607 3460 5678 vique
3485 5623 3609 5678 pro-

2082 5739 2153 5801 (a)
2187 5740 2305 5800 Quae
2331 5739 2412 5788 hic
2443 5739 2506 5788 de
2540 5739 2770 5800 Diogene
2795 5739 2971 5803 Cynico
2996 5739 3236 5803 feruntur,
3262 5740 3386 5802 apud
3424 5740 3608 5801 Dioge-

2018 5815 2134 5854 nem
2149 5803 2384 5856 Laertium
2411 5811 2458 5853 et
2483 5803 2733 5854 sexcentis
2758 5803 2804 5853 in
2829 5801 2934 5852 aliis
2958 5808 3183 5855 vetertun
3207 5801 3328 5854 locis
3349 5803 3606 5856 habentur.
