4112 6224
529 334 758 442 ρδιδιῐίε
783 375 837 425 et
856 365 1150 439 proﬂigatis
1178 363 1440 430 barbaris,
1468 363 1539 419 de
1560 362 1782 419 victoria
1808 376 1913 418 non
1937 362 2122 418 trium—

531 460 662 533 phat
701 476 796 515 ncr
832 458 994 528 erigit
1022 465 1282 527 tropteum
1307 475 1322 513 :
1353 455 1566 511 volebat
1593 455 1737 510 enim
1768 463 1973 510 tantum
2005 467 2121 510 ser-

531 533 681 615 vare.
727 565 833 605 non
878 565 939 606 se
984 557 1277 604 ostentare.
1328 548 1549 619 Excepit
1594 561 1782 602 rursus
1842 546 2117 615 hospites;

532 661 707 717 neque
749 644 834 700 hic
872 643 1019 698 inani
1061 642 1227 713 gloria
1267 640 1546 707 laboravit,
1577 640 1671 696 sed
1700 647 1756 695 et
1784 639 1898 711 ipse
1926 653 2118 694 occur-

530 737 687 795 rebat
724 745 783 792 et
826 734 1102 800 adorabat,
1133 749 1241 788 non
1286 744 1555 803 tamquam
1595 731 1730 788 dans
1774 731 2116 797 benelicium,

527 828 626 886 sed
654 837 922 898 tamquam
966 825 1227 882 beneﬁcio
1264 825 1523 881 allectus:
1554 833 1608 880 et
1649 833 1805 880 vocat
1840 823 2114 886 dominos,

529 920 780 977 nesciens
804 917 1017 990 quidem
1048 918 1262 987 quinam
1291 917 1665 981 accessissent,
1691 924 1745 970 et
1771 915 1889 970 loco
1908 912 2116 970 ancillte

526 1014 806 1071 constituit
833 1027 1076 1067 uxorem.
1106 1009 1239 1066 Cum
1267 1020 1443 1066 autem
1480 1020 1641 1064 antea
1668 1009 1723 1064 in
1758 1007 1988 1080 Egypto
2012 1007 2114 1064 ad-

528 1103 794 1161 mirabilis
828 1101 1183 1172 apparuisset,
1217 1110 1272 1155 et
1316 1099 1456 1154 haue
1495 1100 1666 1169 ipsam
1696 1114 1921 1154 uxorem
1960 1114 2115 1154 rece-

527 1198 717 1268 pisset,
750 1204 1062 1265 tantumque
1092 1202 1237 1248 esset
1264 1192 1521 1247 honorem
1558 1200 1943 1260 consequutus,
1974 1190 2114 1260 apud

527 1288 798 1344 neminem
825 1302 884 1341 se
911 1293 1174 1351 ostentat;
1214 1284 1308 1340 sed
1340 1281 1604 1352 itﬂigena:
1630 1282 1847 1352 quidem
1871 1297 1995 1338 eum
2022 1297 2112 1339 re-

530 1395 652 1451 gem
678 1379 1041 1450 appellabant,
1066 1379 1182 1448 ipse
1203 1385 1382 1433 autem
1414 1377 1573 1433 solvit
1599 1377 1827 1447 pretium
1857 1377 2109 1446 sepulcri.

523 1475 659 1529 Cum
686 1483 863 1527 autem
891 1471 1125 1527 mitteret
1154 1470 1432 1535 famulum,
1456 1484 1679 1524 uxorem
1709 1468 1819 1524 fllio
1846 1469 2112 1525 adductu-

524 1581 665 1633 rum,
695 1565 828 1619 nihil
860 1564 1019 1634 jussit
1056 1579 1301 1633 magnum
1342 1572 1433 1616 aut
1473 1562 1784 1631 pmclarum
1821 1561 1890 1616 de
1928 1577 1988 1616 se
2027 1561 2111 1616 di-

522 1673 666 1722 cere,
707 1657 803 1713 sed
845 1657 1018 1711 solum
1048 1670 1301 1727 sponsam
1337 1653 1626 1709 adducere.
1672 1653 1763 1707 Vis
1792 1653 1951 1709 etiam
1984 1670 2112 1709 exa-

525 1750 734 1805 minare
760 1764 855 1804 eos
884 1748 974 1819 qui
997 1757 1146 1802 erant
1169 1746 1268 1802 sub
1291 1746 1481 1818 gratia,
1512 1744 1727 1816 quando
1756 1759 1853 1801 eos
1878 1746 2110 1816 undique

521 1843 927 1899 circumfluebat
963 1856 1154 1912 magna
1183 1839 1445 1896 doctrina:
1477 1840 1669 1910 gloria,
1695 1848 1752 1894 et
1779 1838 1965 1895 videre
2007 1838 2110 1896 hoc

523 1948 735 2005 quoque
764 1933 953 1989 vitium
981 1941 1108 1988 tunc
1134 1932 1366 2003 ejectum
1392 1944 1447 1987 et
1470 1930 1848 1986 eliminatum?

596 2024 751 2080 Pauli
776 2025 910 2080 laus.
929 2023 1203 2095 —-Cogita
1234 2023 1362 2078 mihi
1389 2022 1533 2079 hunc
1554 2023 1732 2093 ipsum
1763 2023 1853 2094 qui
1884 2022 1998 2078 lucc
2025 2023 2108 2080 di~

518 2118 613 2186 cit,
649 2116 917 2188 quomodo
959 2133 1174 2188 semper
1213 2125 1380 2171 totum
1429 2117 1541 2172 Deo
1581 2116 1796 2179 tribuat,
1833 2116 2107 2187 quomodo

518 2224 737 2264 suorum
766 2207 983 2280 quidem
1007 2216 1346 2279 peccatorum
1366 2206 1581 2263 assidue
1606 2207 1933 2276 meminerit,
1961 2218 2108 2266 recte

519 2311 697 2356 autem
742 2299 1006 2355 factorum
1058 2310 1163 2353 non
1208 2299 1358 2353 item.
1388 2297 1496 2354 Sed
1539 2299 1587 2352 si
1618 2297 1831 2368 quando
1859 2310 2108 2369 opimeat

516 2394 789 2465 corrigere
815 2391 1108 2462 discipulos
1137 2400 1188 2448 et
1214 2396 1437 2459 cogatur
1476 2388 1578 2445 hoc
1607 2389 1803 2456 facere,
1839 2407 1958 2446 eam
1989 2406 2102 2446 rem

517 2497 672 2539 vocat
712 2483 1091 2554 insipientiam,
1125 2490 1182 2538 et
1206 2482 1367 2537 Petro
1405 2481 1605 2550 primas
1641 2481 1783 2536 cedit
1811 2498 1826 2534 :
1860 2497 1960 2540 nec
1982 2499 2107 2539 eru-

517 2575 692 2633 bescit
716 2577 927 2644 operari
954 2573 1097 2645 apud
1123 2572 1420 2629 Priscillam
1447 2580 1502 2628 et
1527 2572 1771 2644 Aquilam
1794 2573 1934 2644 (Act.
1969 2575 2060 2645 18)
2086 2594 2100 2632 :

514 2677 573 2723 et
599 2667 793 2736 ubique
816 2679 1040 2721 conatus
1066 2675 1148 2722 est
1174 2680 1234 2721 se
1259 2664 1547 2721 ostendere
1582 2666 1838 2721 humilem
1874 2676 1928 2721 et
1952 2667 2102 2736 abje-

512 2768 680 2824 ctum,
715 2772 823 2812 non
870 2757 924 2812 in
970 2758 1087 2812 foro
1122 2757 1356 2829 superbe
1402 2759 1658 2814 incedens
1704 2774 1877 2830 neque
1920 2762 2104 2818 turbas

515 2848 923 2916 circmnferens,
951 2849 1044 2903 sed
1068 2865 1129 2905 se
1154 2849 1395 2906 referens
1416 2850 1468 2904 in
1495 2866 1776 2906 numerum
1802 2867 1989 2907 eorum
2012 2854 2100 2923 qui

515 2952 641 2998 sunt
663 2942 878 2999 obscuri
901 2951 958 2997 et
987 2957 1091 2997 non
1124 2943 1380 3013 insignes.
1414 2942 1481 2997 Et
1515 2942 1638 2998 ideo
1668 2943 1910 3011 dicebat,
1950 2944 2102 3000 Prte-

513 3037 676 3091 sentia
700 3046 866 3089 autem
895 3036 1123 3104 corporis
1148 3044 1222 3088 est
1247 3035 1453 3103 inﬁrma
1474 3034 1551 3101 (2.
1577 3034 1698 3090 Cor.
1737 3036 1824 3091 10.
1856 3037 1969 3108 10),
2000 3036 2101 3093 hoc

512 3138 615 3196 est,
653 3126 1018 3198 despicienda,
1054 3138 1111 3182 ct
1142 3142 1261 3196 qua:
1305 3125 1508 3180 nullum
1542 3126 1736 3181 habeat
1771 3126 2005 3193 fastum;
2047 3137 2103 3182 et

512 3235 699 3277 rursus
728 3236 741 3274 :
777 3219 914 3291 Opto
938 3235 1023 3274 vos
1052 3218 1183 3271 nihil
1217 3217 1341 3271 ntali
1364 3220 1550 3287 facere,
1580 3234 1644 3271 ne
1671 3234 1764 3272 nos
1802 3219 1998 3289 probati
2026 3225 2103 3277 vi-

510 3313 724 3366 deamur
749 3310 826 3384 (Ξ.
860 3309 979 3364 Cor.
1019 3309 1102 3364 l3.
1135 3308 1211 3376 7).
1245 3308 1309 3361 Et
1336 3307 1460 3378 quid
1492 3311 1709 3373 mirum,
1746 3310 1790 3363 si
1831 3310 1970 3367 hanc
1998 3312 2097 3369 de-

510 3406 671 3477 spicit
720 3403 991 3476 gloriam?
1022 3402 1122 3470 Qui
1153 3400 1298 3456 enim
1324 3415 1611 3470 supernam
1652 3402 1794 3457 illam
1849 3402 2096 3473 despicit,

516 3495 657 3553 utet
684 3511 907 3567 regnum
953 3503 1008 3549 et
1050 3493 1373 3566 gehennam,
1404 3492 1696 3549 secundum
1740 3494 1941 3549 Christi
1986 3497 2099 3565 pla-

507 3590 673 3644 citum
708 3589 884 3659 (optat
931 3586 1075 3641 enim
1103 3601 1224 3642 esse
1270 3586 1555 3642 anathema
1600 3602 1630 3641 a
1676 3586 1890 3642 Christo
1915 3586 2095 3660 [ηοηι.

509 3679 563 3735 9.
596 3680 631 3734 3
655 3677 677 3751 ]
705 3692 802 3749 pro
846 3677 1043 3732 Christi
1081 3677 1250 3747 gloria
1279 3693 1294 3730 :
1327 3692 1450 3731 nam
1495 3678 1703 3733 etiamsi
1754 3694 1851 3748 pro
1896 3678 2096 3736 Judwis

512 3772 615 3825 hoc
641 3784 702 3825 se
730 3768 874 3824 dicat
898 3767 1035 3823 velle
1056 3768 1185 3838 pati,
1219 3768 1321 3823 hoc
1348 3768 1500 3832 dicit,
1528 3783 1597 3824 ne
1635 3769 1752 3839 quis
1776 3770 1972 3826 stultus
2000 3786 2096 3840 pu-

511 3870 589 3919 tet
617 3862 791 3931 ipsum
829 3861 1216 3932 promissioncs
1252 3860 1357 3915 illis
1401 3860 1568 3916 factas
1601 3860 1701 3917 sibi
1733 3861 1968 3930 sumere)
2001 3879 2016 3916 :
2046 3863 2094 3918 si

509 3953 601 4009 ille
630 3966 760 4024 ergo
787 3961 1005 4022 paratus
1043 3961 1159 4007 erat
1192 3966 1255 4007 ea
1288 3953 1578 4021 prieterire,
1617 3952 1745 4022 quid
1786 3953 2018 4019 miraris,
2048 3953 2093 4008 si

512 4046 746 4101 humana
772 4044 1040 4115 despicit?
1066 4043 1172 4100 Sed
1215 4058 1310 4099 eos
1336 4043 1427 4115 qui
1458 4058 1600 4098 Dllllc
1628 4051 1757 4098 sum
1778 4043 2096 4115 demergunt

507 4139 712 4206 omnia,
743 4154 849 4193 non
880 4138 1053 4193 solum
1092 4136 1281 4207 glorias
1322 4135 1608 4206 cupiditas,
1638 4136 1733 4192 sed
1771 4137 1933 4192 etiam
1963 4152 2095 4193 con-

510 4233 752 4297 trarium,
784 4228 1110 4287 contumelia
1146 4236 1203 4283 ct
1242 4238 1418 4283 metus
1463 4225 1717 4284 infamia.
1765 4226 1898 4285 Nam
1946 4238 2003 4284 et
2047 4229 2093 4284 si

507 4324 769 4395 quispiam
802 4322 1117 4387 laudaverit,
1156 4320 1494 4385 intumescis,
1523 4330 1578 4375 et
1618 4320 1665 4375 si
1694 4320 2091 4391 vituperaverit,

508 4415 849 4485 deprimeris.
897 4414 963 4469 Et
1006 4414 1144 4469 sicut
1185 4428 1412 4483 corpora
1454 4411 1720 4468 imbecilla
1750 4410 2093 4468 oll'enduntur

507 4507 592 4563 rel
613 4521 644 4561 a
670 4504 1016 4576 quibuslibet,
1047 4504 1118 4558 ita
1143 4506 1303 4559 etiam
1331 4503 1535 4573 pusillae
1554 4512 1611 4559 et
1629 4501 1854 4572 objecta:
1872 4503 2086 4559 animae.

509 4600 617 4654 Eos
645 4597 790 4653 enim
816 4596 907 4668 qui
938 4603 1063 4650 sunt
1091 4593 1415 4661 hujusmodi,
1444 4609 1551 4650 non
1579 4593 1752 4649 solum
1780 4603 2088 4665 paupertas,

509 4689 605 4746 sed
641 4689 804 4747 etiam
835 4687 1035 4744 divitia:
1065 4684 1335 4758 perdunt;
1360 4699 1481 4740 ‘non
1516 4685 1727 4740 tristitia
1755 4686 1952 4751 solum.
1994 4688 2090 4743 sed

508 4782 668 4837 ctiam
712 4781 984 4852 gaudium,
1014 4789 1071 4835 et
1112 4792 1230 4848 quae
1277 4784 1404 4832 sunt
1446 4775 1683 4846 jucunda
1731 4778 1901 4847 magis
1929 4793 2088 4848 quam

506 4886 628 4941 qua:
663 4874 855 4928 tristia.
895 4873 1024 4928 Natu
1058 4880 1343 4942 μυρετυς
1368 4869 1584 4941 quidem
1619 4869 1764 4940 cogit
1798 4885 1921 4926 esse
1957 4881 2092 4927 tem-

508 4971 819 5034 perantem;
850 4965 1047 5019 divitia:
1072 4976 1248 5021 autem
1275 4980 1421 5034 saepe
1449 4962 1680 5019 educunt
1700 4963 1862 5018 etiam
1891 4963 1956 5020 ad
1987 4964 2089 5019 alio

510 5054 655 5128 quod
699 5070 948 5126 magnum
985 5056 1204 5110 malum.
1256 5059 1314 5111 Et
1362 5058 1501 5113 sicut
1537 5055 1631 5127 qui
1665 5054 1987 5124 febricitant,
2020 5056 2091 5112 ab

507 5145 757 5205 omnibus
783 5144 1124 5200 offenduntur
1152 5162 1165 5198 :
1192 5146 1260 5200 ita
1290 5146 1377 5214 qui
1405 5155 1530 5201 sunt
1553 5147 1734 5202 animo
1761 5155 2015 5218 corrupto
2035 5157 2088 5203 ct

510 5240 805 5309 depravata
835 5280 849 5302 ,
925 5234 1190 5291 lzeduntur
1211 5234 1277 5287 ab
1306 5235 1574 5291 omnibus.

576 5332 630 5386 6.
651 5329 971 5387 Christianus
988 5325 1239 5397 quomodo
1266 5324 1396 5396 allici
1424 5324 1597 5382 debeat
1622 5344 1743 5399 erga
1765 5328 2085 5399 temporalia.

510 5425 693 5479 Anima
733 5422 985 5496 quoniam)
1025 5420 1274 5476 curanda.
1306 5418 1532 5474 Diuitem
1574 5420 1713 5475 mala
1756 5419 2087 5475 conditio.—

508 5514 633 5569 llace
660 5529 794 5584 ergo
814 5530 935 5572 cum
960 5513 1192 5571 sciamus
1209 5552 1228 5579 ,
1259 5527 1327 5568 ne
1368 5511 1633 5582 fugiamus
1676 5520 2041 5581 paupertatem
2068 5549 2084 5576 ,

505 5619 677 5674 neque
702 5605 1025 5660 admiremur
1054 5604 1299 5669 divitias;
1328 5604 1423 5660 sed
1451 5604 1685 5656 animum
1716 5602 1787 5656 ita
1809 5615 2087 5671 compare-

507 5712 623 5753 nius
661 5704 720 5751 ut
754 5696 822 5750 sit
858 5704 1011 5766 aptus
1046 5705 1098 5752 et
1135 5695 1360 5752 idoneus
1386 5693 1452 5751 ad
1479 5690 1833 5749 01))lll‘d.Nilm
1860 5692 1947 5763 qui
1977 5690 2078 5748 do-

1271 250 1328 306 S.
1367 247 1646 305 JOANNIS
1681 243 2151 305 ειιιιιεθειτυιιι
2186 244 2510 306 ARCHIEP.
2544 248 3078 309 CONSTANTINOP.

3709 263 3812 321 50S

2228 376 2373 416 mum
2399 360 2647 431 auiilicat,
2681 379 2788 419 non
2815 379 2882 420 eo
2908 374 3135 436 spectat,
3164 375 3223 421 ut
3263 365 3317 423 in
3352 382 3472 425 eam
3511 387 3616 427 non
3656 378 3811 434 cadat

2224 451 2421 521 pluria,
2440 467 2613 523 neque
2640 463 2696 509 ut
2722 453 2788 509 ad
2814 470 2931 510 eam
2960 470 3064 511 non
3093 456 3272 512 veniat
3299 457 3515 527 radius;
3540 462 3641 520 hoc
3665 470 3808 525 enim

2224 542 2340 597 lieri
2361 544 2571 613 nequit;
2590 544 2683 600 sed
2703 545 2841 600 utad
2857 547 3036 602 omnia
3060 546 3274 604 ferenda
3295 561 3418 620 apta
3438 552 3508 607 sit
3522 564 3576 610 et
3595 554 3807 617 idonea.

2223 630 2293 685 Et
2316 631 2407 702 qui
2439 648 2627 690 navem
2656 635 2964 704 fabricatur,
2998 652 3105 693 non
3130 638 3181 693 id
3209 649 3362 694 curat
3392 650 3447 696 nt
3476 641 3530 697 in
3558 660 3675 701 eam
3704 666 3811 706 non

2224 722 2519 794 irrumpant
2539 724 2752 794 fluctus,
2777 741 2949 798 neque
2972 736 3159 784 utnon
3188 730 3448 787 excitetur
3474 738 3639 791 maris
3675 751 3809 795 tem-

2223 825 2435 885 pestas;
2477 817 2580 873 hoc
2606 819 2746 872 enim
2777 820 2888 874 fieri
2920 821 3136 892 nequit;
3168 822 3263 878 sed
3294 832 3350 879 ut
3378 827 3529 883 navis
3572 831 3809 888 tabulata

2221 916 2340 978 apta
2370 909 2479 964 sint
2503 909 2569 966 ad
2598 913 2798 966 omnia.
2826 911 3034 969 Rursus
3062 915 3150 985 qui
3176 931 3356 970 curam
3381 919 3518 988 gerit
3542 924 3805 992 corporis,

2221 1015 2328 1055 non
2354 1015 2420 1056 eo
2446 1010 2652 1071 spectat
2679 1012 2734 1057 ut
2761 1018 2866 1058 non
2896 1005 2966 1059 sit
2991 1008 3128 1062 aeris
3170 1009 3500 1079 ina-qualitas
3528 1023 3582 1067 et
3613 1014 3804 1072 intem-

2218 1091 2414 1161 peries,
2434 1091 2530 1147 sed
2552 1100 2609 1147 ut
2628 1108 2822 1163 corpus
2844 1095 3019 1149 omnia
3042 1094 3160 1153 hmc
3180 1096 3335 1155 facile
3359 1099 3514 1156 ferat.
3536 1102 3623 1159 Sic
3643 1108 3806 1164 etiam

2218 1184 2476 1243 faciamus
2502 1188 2556 1244 in
2586 1191 2784 1257 anima,
2804 1201 2861 1248 et
2887 1192 3121 1248 studium
3153 1210 3434 1265 ponamus,
3464 1215 3568 1255 non
3598 1213 3653 1257 ut
3678 1219 3812 1273 pau-

2216 1289 2478 1349 pertatem
2522 1276 2800 1353 fugiamus,
2834 1299 3006 1356 neque
3045 1296 3100 1341 ut
3139 1287 3308 1344 simus
3349 1289 3563 1363 divites,
3612 1297 3708 1351 sed
3749 1308 3811 1354 ut

2160 1362 2181 1385 ⁵
2218 1373 2636 1445 unumquodque
2664 1390 2731 1430 ex
2763 1376 2827 1431 iis
2855 1376 2924 1431 ita
2954 1386 3281 1449 tractemus,
3316 1391 3374 1437 ut
3402 1383 3454 1438 in
3486 1393 3598 1440 tuto
3632 1388 3808 1444 collo.

2216 1478 2422 1519 ccmur.
2466 1464 2861 1536 Proptereadtis
2888 1467 3147 1537 dimissis,
3175 1481 3229 1528 et
3255 1471 3456 1529 divitiis
3485 1485 3541 1531 et
3571 1490 3804 1550 pauper-

2217 1556 2309 1612 tati
2355 1566 2534 1627 aptam
2586 1558 2882 1614 efliciamus
2930 1561 3185 1617 animam.
3240 1562 3372 1619 Nam
3418 1568 3623 1624 etiamsi
3670 1570 3804 1627 nihil

2215 1651 2429 1706 humani
2462 1651 2703 1718 accidat,
2733 1652 2876 1722 quod
2902 1653 3118 1724 quidem
3151 1665 3207 1711 ut
3238 1656 3522 1727 plurimum
3552 1660 3665 1718 fieri
3697 1680 3803 1720 non

2215 1751 2427 1812 potest,
2463 1744 2541 1798 sic
2583 1758 2794 1814 quoque
2833 1745 2936 1800 erit
2977 1746 3167 1801 melior
3196 1748 3284 1820 qui
3318 1766 3423 1805 non
3448 1753 3638 1820 qua-rit
3664 1752 3805 1810 divi-

2214 1835 2349 1902 tias,
2369 1835 2465 1890 sed
2495 1835 2672 1889 omnia
2703 1833 2856 1890 facile
2883 1845 3059 1907 potest
3084 1837 3224 1895 ferre
3244 1879 3258 1906 ,
3288 1857 3447 1911 quam
3481 1842 3526 1899 is
3552 1842 3640 1915 qui
3661 1861 3809 1902 scm-

2213 1941 2309 1995 per
2335 1935 2418 1981 est
2448 1925 2618 1982 dives.
2662 1926 2883 1994 Quare?
2931 1927 3167 1985 Primum
3199 1932 3436 2002 quidem,
3467 1915 3670 2007 quiest
3698 1939 3805 1995 hn-

2206 2019 2440 2088 jusmodi
2460 2063 2474 2084 ,
2497 2035 2562 2075 ex
2593 2034 2652 2076 se
2675 2028 2733 2076 et
2756 2021 2896 2092 apud
2925 2036 2985 2078 se
3011 2023 3172 2080 habet
3195 2024 3335 2096 quod
3363 2027 3437 2083 sit
3464 2026 3515 2083 in
3548 2038 3679 2099 tuto,
3710 2033 3804 2092 ille

2209 2119 2387 2167 autem
2427 2112 2783 2169 extrinsecus.
2827 2114 2895 2168 Et
2931 2113 3071 2170 sicut
3094 2116 3252 2172 miles
3278 2118 3369 2175 ille
3395 2122 3584 2178 melior
3607 2129 3803 2198 estqui

2209 2203 2432 2259 conlidit
2461 2203 2674 2274 corpori
2702 2214 2758 2260 ct
2784 2205 2888 2260 arti
2915 2205 3138 2273 bellicae,
3163 2225 3323 2281 quam
3348 2217 3438 2282 qui
3464 2212 3637 2270 solum
3658 2218 3802 2275 vires

2210 2295 2369 2350 habet
2397 2294 2448 2349 in
2470 2295 2636 2351 annis
2661 2314 2674 2350 :
2702 2296 2777 2351 ita
2800 2297 2892 2367 qui
2935 2313 2966 2353 a
3007 2299 3202 2356 virtute
3242 2311 3425 2374 septns
3472 2314 3553 2360 est
3593 2316 3646 2361 et
3682 2323 3803 2363 mu-

2210 2387 2372 2453 nitus,
2405 2386 2598 2442 melior
2619 2397 2707 2443 est
2735 2402 2801 2443 eo
2837 2389 2928 2459 qui
2968 2392 3193 2447 conlidit
3216 2395 3473 2464 pecuniis.
3507 2396 3757 2455 Secundo
3779 2442 3797 2469 ,

2207 2479 2350 2551 quod
2389 2479 2597 2535 etiamsi
2639 2480 2690 2535 in
2733 2491 3104 2551 paupertatem
3130 2499 3233 2540 non
3264 2486 3526 2551 inciderit,
3553 2487 3665 2545 fieri
3689 2508 3797 2548 non

2207 2579 2384 2642 potest
2410 2582 2469 2625 ut
2495 2572 2611 2643 ipse
2637 2587 2742 2626 non
2768 2572 2838 2627 sit
2861 2574 3123 2630 obnoxius
3149 2577 3533 2647 perturbationi
3560 2600 3574 2637 :
3602 2582 3797 2639 inultos

2207 2667 2348 2720 enim
2396 2664 2588 2720 ﬂuctus
2627 2672 2682 2719 et
2721 2665 3150 2736 perturbationes
3200 2665 3395 2725 habent
3437 2670 3654 2728 divitiae.
3685 2674 3793 2730 Sed

2206 2770 2315 2811 non
2339 2756 2508 2810 virtus
2539 2774 2553 2811 :
2583 2755 2696 2810 [nec
2726 2757 3051 2827 voluptatem
3084 2759 3243 2815 modo
3272 2760 3435 2818 habet
3457 2773 3510 2818 ct
3536 2746 3795 2833 securita-

2207 2853 2314 2902 tem
2343 2863 2357 2899 :
2389 2846 2850 2916 inexpugnabilem
2875 2850 3015 2904 enim
3041 2850 3217 2906 reddit
3238 2852 3608 2911 insidiantibus
3627 2874 3642 2910 :
3663 2871 3796 2913 con-

2207 2946 2285 2992 tra
2309 2946 2486 2993 autem
2509 2936 2727 3003 divitiae,
2755 2949 2808 2994 et
2832 2938 3177 2996 facileinvadi
3200 2954 3420 3012 possunt
3439 2953 3492 3000 ct
3508 2944 3698 3018 abripi.
3730 2949 3797 3004 Et

2203 3030 2342 3085 sicut
2366 3030 2505 3085 inter
2530 3031 2780 3086 animalia
2804 3034 2950 3089 cervi
2975 3043 3029 3090 et
3058 3035 3267 3105 lepores
3294 3036 3524 3094 maxime
3550 3042 3792 3098 omnium

2205 3121 2360 3178 facile
2387 3121 2505 3192 capi
2536 3131 2770 3191 possunt
2789 3135 3008 3194 propter
3030 3126 3367 3184 timiditatem
3393 3146 3422 3184 a
3450 3142 3634 3187 natura
3663 3134 3797 3191 insi-

2205 3223 2311 3267 tam
2336 3229 2352 3279 ;
2399 3228 2529 3283 aper
2556 3225 2733 3270 autem
2762 3225 2818 3295 et
2849 3224 3031 3273 taurus
3057 3229 3113 3274 et
3141 3218 3226 3275 leo
3257 3236 3361 3276 non
3391 3220 3546 3279 facile
3592 3224 3797 3281 incide—

2202 3305 2308 3360 rint
2338 3306 2390 3360 in
2420 3306 2801 3362 insidiatores:
2827 3309 2894 3362 ita
2923 3309 3086 3365 etiam
3116 3309 3298 3368 videre
3327 3324 3409 3369 est
3437 3317 3486 3369 in
3514 3315 3791 3384 divitibus,

2203 3406 2258 3451 et
2280 3398 2330 3450 in
2357 3395 2420 3451 iis
2445 3398 2531 3466 qui
2554 3413 2651 3452 sua
2672 3408 2862 3469 sponte
2883 3399 3081 3471 degunt
3108 3401 3161 3456 in
3186 3414 3516 3475 paupertate.
3543 3406 3677 3463 Nam
3705 3408 3793 3466 hic

2202 3485 2416 3563 quidem
2446 3486 2636 3542 similis
2663 3498 2746 3545 est
2775 3490 2914 3545 leoni
2947 3499 3002 3547 et
3029 3500 3201 3563 tauro,
3228 3494 3318 3550 ille
3343 3505 3521 3552 autem
3548 3513 3710 3554 cervo
3735 3512 3795 3558 et

2198 3579 2392 3650 lepori.
2421 3579 2591 3647 Quem
2618 3580 2760 3636 enim
2790 3599 2894 3637 non
2926 3584 3077 3639 timet
3104 3584 3293 3644 dives?
3323 3604 3499 3645 annon
3526 3589 3791 3661 latrones,

2200 3687 2377 3725 atinon
2414 3671 2721 3743 principes,
2766 3688 2947 3730 annon
2975 3674 3222 3745 invidos,
3273 3695 3451 3736 annon
3495 3683 3791 3740 calumnia-

2202 3762 2384 3817 tores?
2441 3763 2509 3818 Et
2574 3762 2700 3834 quid
2756 3763 2876 3820 dico
2930 3766 3165 3824 latrones
3219 3780 3275 3826 et
3338 3771 3790 3845 calumniatores,

2199 3868 2320 3909 cum
2386 3854 2531 3923 ipsos
2586 3855 2747 3911 etiam
2804 3856 3028 3914 famulos
3081 3859 3274 3917 habeat
3332 3868 3654 3935 suspectos?
3719 3868 3791 3923 Et

2198 3945 2323 4017 quid
2350 3946 2470 4001 dico
2498 3947 2690 4002 vivus?
2717 3965 2783 4004 ne
2808 3964 3050 4006 mortuus
3088 3951 3302 4023 quidem
3347 3954 3485 4012 liber
3508 3965 3591 4012 est
3615 3971 3644 4012 a
3673 3974 3791 4014 ma-

2199 4038 2373 4093 leficio
2400 4038 2684 4104 latronum,
2713 4057 2884 4111 neque
2913 4056 3061 4098 mors
3087 4059 3207 4099 eum
3238 4056 3412 4116 potest
3443 4046 3496 4102 in
3524 4055 3639 4104 tuto
3663 4050 3785 4105 col-

2200 4128 2415 4194 locare;
2447 4129 2541 4184 sed
2571 4138 2625 4186 et
2656 4142 2924 4188 mortuum
2948 4132 3324 4204 deprtcdmitur
3355 4140 3586 4195 malefici
3612 4158 3626 4194 :
3648 4140 3786 4197 adeo

2198 4218 2462 4276 instabilis
2483 4229 2535 4276 et
2555 4220 2757 4277 lubrica
2791 4238 2876 4278 res
2907 4235 3031 4278 sunt
3055 4224 3274 4282 divitiae.
3291 4227 3409 4284 Non
3436 4230 3609 4286 solum
3635 4231 3783 4289 enim

2199 4311 2568 4383 pcrfodiuntur
2595 4310 2804 4382 domus,
2827 4315 2920 4371 sed
2951 4318 3111 4373 etiam
3139 4321 3385 4391 sepulcra
3419 4338 3782 4396 perrumpun-

2199 4410 2285 4458 tur
2324 4412 2380 4460 et
2420 4404 2599 4461 loculi.
2634 4404 2770 4473 Quid
2801 4423 2930 4479 ergo
2960 4408 3041 4463 his
3070 4409 3183 4465 fieri
3216 4415 3450 4482 potuerit
3493 4416 3780 4485 miserius,

2196 4510 2316 4549 cum
2345 4511 2411 4550 ne
2441 4510 2586 4551 mors
2612 4497 2826 4567 quidem
2869 4498 2918 4554 ei
2964 4499 3103 4555 hanc
3129 4503 3365 4572 praebeat
3393 4507 3736 4563 securitatem
3761 4525 3780 4572 ;

2197 4587 2292 4646 scd
2329 4587 2513 4643 infelix
2564 4588 2693 4643 illud
2721 4605 2919 4662 corpus
2944 4633 2958 4658 ,
2993 4608 3062 4648 ne
3090 4594 3196 4649 vita
3222 4597 3438 4667 quidem
3482 4600 3785 4669 privatum,

2194 4695 2227 4735 a
2271 4678 2424 4734 malis
2448 4695 2567 4750 qua:
2609 4690 2737 4736 sunt
2776 4683 2827 4737 iu
2856 4682 2959 4737 vita
3004 4684 3073 4740 sit
3110 4684 3434 4755 liberatum;
3472 4704 3594 4746 cum
3624 4691 3658 4746 ii
3688 4695 3791 4762 qui

2196 4788 2261 4829 ea
2302 4771 2591 4828 admittunt
2635 4774 2929 4842 maleficia,
2973 4779 3133 4833 etiam
3186 4795 3308 4836 cum
3354 4783 3573 4852 pulvere
3614 4793 3670 4840 ct
3707 4788 3787 4841 ci-

2197 4881 2328 4922 nere
2370 4867 2699 4924 contendant
2750 4869 2948 4927 bellum
2995 4888 3212 4942 gerere,
3246 4883 3301 4931 et
3349 4876 3521 4932 multo
3563 4879 3785 4949 gravius

2195 4974 2354 5029 quam
2376 4974 2497 5013 cum
2523 4958 2765 5015 viveret?
2790 4960 2921 5016 Nam
2952 4972 3077 5020 tunc
3099 4964 3313 5035 quidem
3355 4969 3667 5038 penuarium
3694 4971 3781 5025 in—

2194 5052 2517 5123 gredientes,
2545 5053 2754 5110 arculas
2783 5053 2997 5124 quidem
3026 5057 3336 5125 movebant,
3368 5075 3399 5116 a
3430 5076 3659 5135 corpore
3686 5080 3788 5119 auc

2196 5153 2299 5197 tem
2354 5143 2730 5209 abstinebant,
2762 5161 2933 5216 neque
2979 5155 3086 5204 tam
3133 5150 3298 5206 multa
3345 5153 3679 5223 aeripiebant
3722 5165 3783 5212 ut

2193 5232 2369 5302 ipsum
2398 5236 2559 5290 etiam
2585 5252 2781 5307 corpus
2810 5239 3073 5297 nudarent
3105 5261 3118 5298 :
3153 5259 3297 5301 nunc
3322 5256 3500 5301 autem
3528 5262 3594 5302 ne
3621 5250 3691 5302 ab
3718 5249 3786 5306 iis

2193 5323 2409 5394 quidem
2456 5328 2727 5385 abstinent
2771 5334 3114 5389 exsecranda:
3142 5351 3333 5392 manus
3359 5353 3545 5410 eorum
3577 5339 3671 5410 qui
3695 5354 3785 5396 se-

2194 5415 2373 5485 pulcra
2421 5415 2681 5476 effodiunt
2704 5462 2720 5488 ,
2752 5420 2846 5479 sed
2880 5425 3052 5495 ipsum
3100 5438 3318 5484 movent
3347 5409 3661 5487 et'rersaut
3681 5473 3696 5496 ,
3726 5442 3787 5490 et

2193 5526 2314 5565 cum
2341 5526 2546 5568 summa
2577 5515 2892 5574 crudelitate
2937 5519 3108 5589 ipsum
3152 5523 3474 5579 contumelia
3502 5534 3554 5579 ct
3581 5525 3789 5596 probro

2192 5601 2450 5659 afficiunt.
2479 5603 2610 5660 Nam
2644 5622 2924 5681 p05tquam
2958 5620 3114 5668 terra:
3139 5614 3444 5671 tuaudatum
3476 5613 3615 5684 fuit,
3648 5615 3784 5673 illud

2196 5694 2355 5751 etiam
2384 5696 2608 5755 vestium
2647 5701 2845 5758 ainictu
2879 5703 3133 5762 nudatum
3159 5707 3236 5765 sic
3267 5708 3444 5766 sinunt
3473 5708 3785 5782 projectum
