4094 6222
738 242 852 259 ηιμ-ιν·-
924 244 928 248 ·

384 308 495 367 303
1451 301 1519 360 IN
1540 299 1771 361 EH33.
1806 300 1923 357 IAI

2030 298 2149 359 θλ.
2191 299 2434 361 m..
2470 301 2693 363 XXXV.
3534 317 3644 379 5“

380 422 525 479 κατὰ
557 419 760 492 κράτος
795 418 1016 486 ἐλάσας,
1046 419 1149 474 οὐκ
1170 416 1521 491 ιμπομπεύει
1545 423 1613 493 τῇ
1653 421 1802 496 νίκη,
1832 422 1956 478 οὐδὲ
2061 416 2177 472 ἀλλ’
2204 416 2356 480 ὅπως
2383 417 2434 472 οἱ
2463 420 2633 490 τοῖχοι
2654 421 2763 491 τῆς
2798 420 2934 486 νεὼς
2962 422 3098 492 mg
3129 422 3347 480 am
3375 420 3489 483 εἶεν
3523 425 3645 486 ,ἐμ

377 506 640 578 τρόπαιον
666 502 872 574 ἵστησι·
904 501 1078 557 σῶσαι
1097 503 1207 575 γὰρ
1230 503 1484 559 ἐϐούλετο
1509 504 1693 576 μόνον,
1713 507 1815 562 οὐκ
1835 507 1955 560 ἐπι-

374 586 672 655 δείξασθαι.
707 586 905 650 Ξένους
944 587 1161 658 ἐδέχετο
1198 587 1362 642 πάλιν
1382 627 1402 651 ,
1431 588 1526 643 καὶ
1566 588 1691 644 οὐδὲ
1719 587 1954 644 ἐνταῦθα

374 670 697 736 ἰκενοδόξει,
716 668 832 723 ἀλλ’
853 668 1014 733 αὐτὸς
1031 670 1127 724 καὶ
1142 670 1476 743 προσέτρεχε
1493 672 1589 727 καὶ
1604 670 1949 743 προσεκύνει,

372 753 473 826 οὑχ
500 753 579 818 ώς
600 746 660 807 εῦ
710 752 900 816 ποιῶν,
934 751 1050 807 ἀλλ’
1085 751 1161 816 ώς
1188 748 1249 809 εῦ
1283 754 1510 825 πάσχων
1530 793 1547 821 ,
1577 753 1673 809 καὶ
1726 754 1952 826 κυρίους

372 837 551 901 καλεῖ,
583 835 705 889 οὐδὲ
736 834 893 900 εἰδὼς
916 834 1062 899 τίνες
1087 837 1219 889 ποτέ
1248 838 1388 891 εἰσιν
1414 840 1462 892 οἰ
1488 838 1946 908 παραγενόμενοι,

372 920 468 973 καὶ
516 917 819 993 παρίστησι
849 918 948 989 τὴν
994 920 1228 987 γυναῖκα
1260 921 1320 973 ἐν
1356 920 1509 985 τάξει
1549 920 1945 993 θεραπαινίδος.

371 1005 483 1058 Καὶ
534 985 611 1057 ἐν
639 985 914 1074 Αἰγύπτῳ⁷
953 985 1015 1056 δὲν
1060 1003 1168 1073 πρὸ
1215 1003 1407 1058 τούτου
1456 985 1766 1076 θαυμαστὸς
1806 1004 1948 1058 οὕτω

369 1084 596 1156 φανεὶς,
635 1086 733 1140 καὶ
760 1085 933 1155 αὐτὴν
980 1084 1189 1156 ταύτην
1218 1086 1319 1157 τὴν
1356 1090 1591 1154 γυναῖκα
1631 1087 1943 1154 ἀπολαϐὼν,

367 1170 464 1224 καὶ
502 1168 777 1241 τοσαύτης
812 1168 1124 1234 ἀπολαύσας
1177 1173 1379 1241 τιμῆς,
1418 1170 1556 1242 πρὸς
1585 1170 1779 1224 οὐδένα
1825 1172 1945 1224 ἐπι-

365 1252 659 1307 δείκνυταιο
711 1251 828 1307 ἀλλ’
867 1252 918 1305 οἰ
954 1251 1053 1321 μὲν
1090 1250 1347 1323 ἐγχώριοι
1383 1252 1478 1307 καὶ
1514 1252 1740 1323 βασιλέα
1778 1253 1944 1309 αὑτὸν

365 1334 628 1400 ἐκάλουν,
661 1334 823 1399 αὐτὸς
867 1334 924 1388 δὲ
955 1335 1050 1390 καὶ
1092 1334 1261 1406 τιμὴν
1295 1334 1564 1389 κατέϐαλε
1604 1335 1698 1390 τοῦ
1742 1337 1938 1406 τάφου.

364 1418 477 1473 Καὶ
506 1417 673 1489 ήνίκα
698 1418 757 1472 δὲ
790 1417 1008 1489 ἔπεμπε
1042 1418 1515 1490 μνηστευσόμενος
1543 1418 1621 1490 τῷ
1653 1420 1827 1486 παιδὶ,
1852 1422 1943 1476 06-

362 1499 451 1552 δὲν
475 1501 732 1555 ἐκέλευσε
767 1501 913 1572 μέγα
948 1500 1081 1570 περὶ
1106 1501 1275 1556 αὐτοῦ
1315 1502 1408 1557 καὶ
1444 1501 1700 1574 λαμπρὸν
1743 1504 1937 1570 εἰπεῖν,

360 1583 480 1638 ἀλλ’
506 1584 695 1650 ἁπλῶς
722 1585 954 1655 ἀγαγεῖν
976 1584 1074 1657 τὴν
1096 1584 1335 1657 νύμφην.
1363 1585 1553 1640 Βούλει
1582 1587 1678 1641 καὶ
1700 1590 1826 1652 :06;
1846 1586 1941 1643 ἐπὶ

355 1668 458 1739 τῆς
489 1668 712 1740 χάριτος
743 1668 1016 1734 ἐξετάσαι,
1052 1669 1142 1723 ὅτε
1172 1669 1344 1742 πολλὴ
1377 1668 1715 1740 πανταχόθεν
1739 1670 1939 1734 αὐτοὺς

359 1749 508 1823 [529]
545 1751 828 1823 περιέρρει
874 1751 975 1823 τῆς
1008 1750 1360 1817 διδασκαλίας
1402 1753 1437 1826 ή
1479 1751 1629 1824 δόξα,
1668 1753 1764 1809 καὶ
1808 1754 1937 1809 ἰδεῖν

355 1835 450 1888 καὶ
476 1835 598 1890 τότε
626 1834 785 1889 τοῦτο
815 1836 876 1890 :6
906 1834 1080 1901 πάθος
1107 1835 1549 1908 ἐκϐεϐλημένονς

436 1991 722 2064 Ἐννόησόν
772 2009 864 2064 μοι
906 1989 1095 2047 τοῦτον
1140 1990 1303 2048 αὐτὸν
1339 1992 1432 2050 τὸν
1478 1992 1653 2050 ταῦτα
1687 1995 1932 2067 λέγοντα,

352 2075 470 2140 πῶς
509 2076 599 2130 ἀεὶ
633 2076 696 2131 τδ
736 2077 847 2132 πᾶν
894 2075 1184 2149 ἀνατίθησι
1223 2075 1302 2149 τῷ
1343 2075 1484 2150 Θεῷ,
1530 2079 1651 2144 πῶς
1687 2079 1799 2136 τῶν
1831 2081 1934 2153 μὲν

349 2160 764 2232 ἁμαρτημάτων
793 2160 959 2216 αὐτοῦ
992 2161 1268 2233 μέμνηται
1292 2160 1554 2232 συνεχῶς,
1582 2162 1694 2219 τῶν
1720 2164 1778 2217 δὲ
1800 2182 1934 2220 κατ-

345 2243 690 2315 ορθωμάτων
725 2243 925 2299 οὐκέτι.
966 2244 1114 2316 Πλὴν
1151 2244 1207 2298 εί
1245 2262 1373 2300 ποτε
1405 2245 1654 2318 μαθητάς
1697 2248 1932 2321 ἐπανορ-

346 2326 527 2382 θῶσαι
559 2327 688 2394 δέοι,
720 2328 821 2383 κάν
858 2327 1177 2400 ἀναγκασθῇ
1224 2329 1445 2401 ποιῆσαι
1474 2330 1652 2395 τοῦτο,
1687 2332 1931 2403 ἀφροσύ-

342 2410 528 2483 νηντδ
550 2412 781 2483 πρᾶγμα
815 2410 988 2479 καλεῖ,
1023 2411 1117 2466 καὶ
1158 2412 1264 2466 τῶν
1301 2414 1587 2483 πρωτείων
1626 2414 1705 2487 τῷ
1735 2418 1931 2491 Πέτρῳ

344 2497 690 2567 παραχωρεῖ,
729 2494 826 2548 καὶ
861 2494 962 2548 οὐκ
1004 2495 1320 2566 αἰσχύνεται
1368 2495 1737 2569 ἐργαζόμενος
1777 2502 1929 2572 παρά

342 2576 646 2652 Πρισκίλλῃ
672 2578 767 2633 καὶ
803 2577 1023 2650 Ἀκύλᾳ,
1054 2580 1150 2632 καὶ
1194 2581 1468 2650 πανταχοῦ
1501 2582 1756 2637 ταπεινὸν
1802 2585 1930 2639 ἐαυ-

340 2662 436 2716 τὸν
454 2661 757 2716 ἐσπούδακε
783 2661 1096 2727 δεικνύναι,
1136 2663 1196 2716 06
1233 2664 1405 2718 σοϐῶν
1434 2665 1526 2719 ἐπὶ
1564 2666 1664 2736 τῆς
1695 2668 1922 2739 ἀγορᾶς,

341 2744 468 2800 ούδὶ
488 2744 679 2817 ὄχλους
705 2745 1038 2818 περιφέρων,
1067 2745 1185 2801 ἀλλ’
1230 2746 1290 2801 ἐν
1327 2750 1441 2811 τοῖς
1487 2749 1726 2823 ἀσήμοις
1756 2770 1926 2809 κατα-

338 2830 555 2885 τάττων
578 2830 788 2885 ἑαυτόν.
818 2830 910 2883 Διὸ
932 2831 1026 2885 καὶ
1055 2829 1261 2900 ἔλεγεν,
1299 2830 1361 2886 Ἠ
1389 2830 1459 2885 δὲ
1485 2836 1793 2902 παρουσία
1817 2837 1925 2893 τοῦ

341 2912 619 2984 σώματος
650 2912 941 2981 ἀσθενὴς,
976 2912 1279 2980 τουτέστιν,
1312 2914 1795 2990 εὐκαταφρόνητος
1829 2922 1925 2975 καὶ

339 2996 492 3051 οὐδὲν
513 2995 709 3068 ἔχουσα
740 2995 949 3068 κομψόν
970 3012 986 3028 θ
1018 2997 1111 3051 καὶ
1142 2997 1327 3063 πάλιν,
1353 2998 1623 3069 Εὕχομαι
1651 3000 1811 3070 ὑμᾶς
1832 3002 1922 3075 μὴ

340 3078 593 3148 ποιῆσαι
625 3080 816 3134 κακὸν
840 3078 1058 3150 μηδὲν,
1095 3079 1300 3149 ἵναμὴ
1334 3081 1503 3151 ἡμεῖς
1533 3082 1766 3154 δόκιμοι
1803 3105 1921 3157 φα..

338 3162 554 3234 πῶμεν.
585 3166 696 3218 Καὶ
720 3164 773 3217 τί
806 3164 1136 3236 θαυμαστὸν,
1167 3166 1218 3218 εἰ
1239 3164 1398 3237 δόξης
1431 3172 1763 3240 καταφρονεῖ
1790 3172 1921 3227 ταύ-

338 3267 476 3321 της;
533 3250 591 3303 Ὀ
620 3249 730 3320 γάρ
755 3249 857 3320 τῆς
893 3250 1006 3304 ἀνω
1039 3248 1200 3320 δόξης
1238 3252 1596 3322 καταφρονῶν
1638 3255 1732 3308 καὶ
1768 3254 1923 3325 βασι-

340 3333 485 3398 λείας
507 3334 602 3388 καὶ
628 3334 853 3402 γεέννης
883 3331 972 3414 διὰ
1000 3331 1060 3386 :6
1088 3332 1166 3405 τῷ
1190 3333 1413 3405 Χριστῷ
1442 3333 1634 3389 δοκοῦν
1664 3336 1780 3408 (καὶ
1810 3339 1919 3414 γὰρ

339 3417 586 3488 ἀνάθεμα
606 3416 826 3488 εὔχεται
853 3412 996 3471 εἶναι
1016 3414 1124 3470 ἀπὺ
1148 3415 1242 3469 τοῦ
1272 3416 1511 3491 Χριστοῦ
1534 3419 1673 3492 ὑπὲρ
1699 3421 1799 3493 τῆς
1821 3412 1917 3479 τοῦ

340 3500 576 3572 Χριστοῦ
600 3500 762 3572 δόξης
788 3516 803 3532 ο
834 3499 937 3555 κᾶν
969 3499 1080 3572 γὰρ
1107 3500 1249 3571 ὑπὲρ
1289 3501 1562 3558 Ἰουδαίων
1595 3502 1756 3561 τοῦτο
1785 3505 1917 3581 λέγῃ

342 3583 624 3653 βούλεσθαι
659 3584 910 3654 πάσχειν,
937 3582 1027 3636 διά
1053 3581 1212 3637 τοῦτο
1243 3582 1414 3652 λέγει,
1455 3585 1543 3641 ἵνα
1572 3587 1647 3660 μὴ
1675 3589 1802 3664 δόξῃ
1831 3608 1918 3657 τις

338 3667 448 3722 τῶν
492 3668 735 3739 ἀνοήτων
777 3664 1244 3737 ἐπιλαμϐάνεσθαι
1278 3667 1387 3722 τῶν
1423 3670 1766 3738 ἐπαγγελιῶν
1808 3673 1917 3730 τῶν

339 3752 475 3824 πρὸς
506 3752 704 3814 αὐτοὺς
731 3750 1136 3821 γεγενημένων)
1162 3766 1177 3782 ·
1218 3751 1267 3804 εί
1300 3751 1483 3807 τοίνυν
1520 3754 1704 3809 ἐκεῖνα
1733 3773 1916 3828 παρα-

335 3834 562 3906 δραμεῖν
607 3835 847 3904 ἐτοιμος,
895 3834 949 3886 τί
997 3831 1322 3903 θαυμάζεις,
1376 3836 1427 3889 εί
1474 3836 1545 3890 τὰ
1609 3838 1915 3911 ἀνθρώπων

336 3920 579 3991 ὕπερορᾷ
604 3937 621 3989 ;
657 3918 821 3972 Ἀλλά
839 3919 964 3982 τοὺς
995 3916 1091 3970 νῦν
1117 3917 1333 3972 ἅπαντα
1365 3918 1638 3989 βαπτίζει,
1664 3924 1725 3976 οὐ
1755 3925 1915 3997 δόξης

333 4002 603 4072 ἐπιθυμία
628 4002 807 4073 μόνον,
834 4002 971 4056 ἀλλά
1000 4003 1095 4072 καὶ
1128 4002 1440 4057 τούναντίον
1470 4003 1630 4076 ὕϐρις
1679 4010 1775 4062 καὶ
1806 4012 1916 4065 ἀτι.

335 4087 468 4158 μίας
497 4085 636 4149 δέος.
663 4086 762 4139 Ἀν
780 4103 837 4139 τε
862 4085 971 4157 γάρ
1002 4085 1265 4159 ἐπαινέσῃ
1286 4102 1390 4150 τις,
1420 4087 1721 4159 ἐφυσήθης,
1750 4092 1817 4146 ἄν
1853 4110 1913 4146 τε

329 4169 497 4242 ψέξῃ,
524 4168 860 4240 κατηνέχθης
894 4169 981 4224 ἄν.
1030 4170 1140 4223 Καὶ
1175 4169 1429 4239 καθάπερ
1466 4170 1535 4223 τά
1574 4170 1780 4245 ἀσθενῆ
1805 4174 1914 4229 σώ-

333 4271 486 4323 ματα
513 4253 609 4307 καὶ
648 4253 757 4307 ἀπὸ
792 4253 898 4306 τῶν
923 4253 1196 4325 τυχόντων
1222 4252 1611 4325 ἐπηρεάζεται,
1644 4256 1788 4312 οῦτω
1819 4262 1913 4314 καὶ

328 4340 386 4391 αἰ
417 4336 747 4409 χαμαίζηλοι
769 4337 960 4409 ψυχαί.
1005 4338 1142 4400 Τοὺς
1188 4336 1296 4408 γὰρ
1339 4336 1613 4403 τοιούτους
1651 4340 1712 4394 06
1753 4344 1914 4399 πενία

333 4421 515 4491 μόνον,
548 4420 684 4476 ἀλλά
703 4421 798 4475 καὶ
833 4420 1064 4484 πλοῦτος
1094 4420 1411 4485 ἀπόλλυσιν,
1442 4422 1505 4475 06
1533 4422 1678 4496 λύπη
1726 4425 1908 4496 μόνον,

327 4505 466 4560 ἀλλά
496 4506 593 4559 καὶ
617 4506 783 4578 χαρά,
815 4506 909 4559 καὶ
952 4504 1023 4559 τά
1060 4505 1273 4577 χρηστά
1308 4505 1507 4577 μᾶλλον
1561 4506 1595 4578 ἢ
1630 4508 1698 4562 τά
1736 4508 1911 4583 λυπη-

328 4590 421 4651 ρά.
468 4590 533 4642 Ἦ
573 4590 674 4661 μὲν
709 4589 819 4660 γὰρ
859 4587 1017 4642 πενία
1058 4589 1154 4642 καὶ
1189 4592 1489 4660 σωφρονεῖν
1523 4589 1847 4661 ἀναγκάζει,
1881 4595 1911 4649 6

320 4672 384 4727 δὲ
415 4673 642 4737 πλοῦτος
673 4673 768 4726 καὶ
804 4674 884 4736 εἰς
930 4672 1100 4726 κακόν
1129 4689 1182 4725 τι
1223 4674 1365 4743 μέγα
1396 4673 1578 4743 ἐξάγει
1624 4678 1908 4746 πολλάκις.

326 4756 435 4809 Καὶ
463 4756 652 4829 ὥσπερ
691 4758 742 4810 οί
776 4756 1135 4827 πυρέττοντες
1169 4757 1305 4827 πρὸς
1333 4756 1514 4812 πάντα
1544 4760 1651 4813 εἰσὶ
1674 4762 1909 4835 δυσάρε-

328 4855 466 4906 στοι,
490 4839 633 4892 οῦτω
657 4841 754 4894 καὶ
790 4841 841 4893 οἱ
878 4839 1265 4913 διεφθαρμένοι
1302 4841 1403 4911 τὴν
1432 4838 1611 4915 ψυχὴν
1642 4845 1908 4902 πάντοθεν

324 4920 677 4994 πλήττονται.
1781 4974 1796 5011 ι

399 5088 476 5148 ς’.
516 5082 680 5137 Ταῦτ’
716 5079 815 5139 οὖν
849 5084 1081 5150 εἰδότες,
1122 5083 1197 5157 μὴ
1243 5085 1435 5140 πενίαν
1473 5086 1797 5158 φεύγωμεν,
1831 5089 1908 5162 μὴ

320 5165 555 5219 πλοῦτον
569 5166 963 5239 θαυμάζωμεν,
981 5168 1115 5223 ἀλλά
1131 5169 1229 5241 τήν
1246 5171 1424 5241 ψυχήν
1441 5172 1576 5244 πρὸς
1585 5173 1766 5227 πάντα
1784 5174 1906 5227 ίκα-

319 5250 423 5320 νην
459 5251 984 5322 κατασκευάζωμεν.
1013 5253 1124 5307 Καὶ
1144 5255 1253 5323 γάρ
1284 5255 1464 5308 οἰκίαν
1482 5273 1565 5319 τις
1592 5256 1905 5328 οίκοδομού-

323 5348 513 5402 μενος,
536 5334 598 5386 οὐ
629 5334 787 5388 τοῦτο
829 5338 1045 5401 σκοπεῖ,
1071 5338 1223 5400 ὅπως
1256 5340 1394 5408 μήτε
1420 5338 1575 5403 ὑετὸς
1610 5341 1698 5392 ἐπ’
1730 5339 1903 5410 αὐτὴν

318 5417 699 5490 κατενεχθείη,
726 5420 865 5490 μήτε
885 5422 1044 5486 ἀκτὶς
1068 5421 1212 5476 ἔλθοι
1228 5437 1242 5450 °
1269 5421 1426 5475 :06:0
1448 5423 1556 5493 γὰρ
1584 5425 1864 5495 ἀμήχανον
1882 5439 1901 5455 '

316 5499 438 5554 ἀλλ’
471 5502 622 5564 ὅπως
658 5503 796 5574 αὐτὴ
843 5506 1004 5576 ἰκανη
1034 5505 1245 5574 γένοιτο
1287 5507 1460 5561 πάντα
1493 5506 1697 5577 φέρειν.
1733 5509 1844 5561 Καὶ
1872 5510 1901 5561 6

320 5584 508 5639 πλοῖον
534 5585 599 5638 δέ
619 5588 1054 5657 τεκταινόμενος,
1091 5589 1189 5659 οὐχ
1221 5590 1369 5651 ὅπως
1400 5590 1473 5658 μὴ
1507 5588 1726 5661 κύματα
1749 5589 1901 5662 αῦτῷ

322 5668 678 5741 προσρήξειε,
710 5671 844 5742 μηδὲ
877 5670 1085 5742 χειμὼν
1114 5671 1308 5743 ἀρθείη
1338 5671 1636 5742 θαλάσσης,
1673 5677 1819 5727 ποιεῖ
1844 5692 1898 5728 τι

322 5752 417 5806 καὶ
490 5755 797 5825 μηχανᾶται
822 5771 839 5784 '
881 5757 977 5810 καὶ
1032 5756 1140 5829 γὰρ
1204 5758 1298 5811 καὶ
1346 5757 1509 5812 τοῦτο
1574 5758 1856 5830 ἀμήχανον
1881 5776 1893 5789 ’

2060 499 2281 572 τήδειοι.
2314 500 2425 555 Καὶ
2459 499 2488 554 6
2534 499 2788 570 σώματος
2827 505 3129 576 φροντίζων
3168 508 3333 563 πάλιν
3378 510 3438 563 06
3480 512 3643 567 τοῦτο

2023 635 2036 654 ,ι
2062 584 2274 649 σκοπεῖ,
2290 583 2440 647 ὅπως
2471 583 2546 655 μὴ
2572 585 2859 656 ἀνωμαλία
2884 588 3065 660 ἀέρων
3086 594 3321 658 γένοιτο,
3352 593 3466 647 ἀλλ’
3491 594 3635 660 ὅπως

2058 664 2119 718 :6
2146 664 2305 736 σῶμα
2343 665 2581 730 εύκόλως
2614 667 2830 724 ἅπαντα
2860 670 3033 725 ταῦτα.
3062 673 3241 745 φέροι.
3273 674 3430 730 Οῦτω
3458 678 3636 732 τοίνυν

2059 747 2267 831 καὶέπὶ
2301 749 2401 831 τῆς
2438 748 2620 821 ψυχῆς
2656 751 2922 823 ποιῶμεν,
2953 754 3047 808 καὶ
3083 754 3159 827 μὴ
3197 758 3347 823 ὅπως
3375 759 3634 831 φύγωμεν

2056 830 2267 914 πενίαν,
2299 830 2432 901 μηδὲ
2461 833 2609 903 ὅπως
2637 834 2926 905 γενώμεθα
2948 837 3190 892 πλούσιοι
3218 830 3633 914 σπουδάζωμεν,

2053 912 2170 967 ἀλλ’
2190 913 2339 979 ὅπως
2356 916 2493 987 πρὸς
2508 917 2605 985 τὴν
2625 918 2835 971 ἑαυτῶν
2851 919 3152 989 ἀσφάλειαν
3170 922 3401 977 ἕκαστον
3427 912 3636 980 τούτων

2052 997 2548 1069 μεταχειρίσωμεν.
2573 996 2725 1072 [630]
2735 1001 2825 1054 Διὸ
2834 1002 3005 1057 ταῦτα
3022 1004 3271 1073 ἀφέντες,
3297 1009 3635 1065 κατασκευά-

2052 1076 2367 1162 ζωμενντὴν
2394 1080 2571 1153 ψυχὴν
2600 1082 2695 1135 καὶ
2727 1082 2943 1157 πλούτῳ
2973 1087 3069 1140 καὶ
3112 1088 3274 1161 πενίᾳ
3299 1090 3630 1162 ἐπιτηδείαν.

2051 1161 2173 1215 Κᾶν
2199 1161 2309 1232 γάρ
2352 1164 2522 1235 μηδὲν
2559 1164 2901 1238 ἀνθρώπινον
2945 1168 3240 1240 συμϐαίνῃ,
3285 1171 3422 1242 ὅπερ
3448 1161 3525 1237 di;
3565 1173 3635 1228 τά

2050 1244 2222 1300 πολλά
2248 1246 2536 1314 ἀδύνατον,
2564 1248 2663 1303 καὶ
2688 1248 2833 1304 οὕτω
2864 1249 3089 1320 βελτίων
3113 1254 3142 1306 6
3168 1252 3246 1324 μὴ
3276 1253 3504 1309 πλοῦτον
3536 1255 3635 1326 ζη-

2047 1326 2180 1396 τῶν,
2205 1328 2322 1384 ἀλλ’
2345 1328 2503 1394 εἰδὼς
2530 1330 2708 1387 πάντα
2731 1333 2918 1401 ἀρειν
2941 1334 3199 1400 εὐκόλως,
3222 1337 3319 1390 τοῦ
3340 1338 3633 1403 διαπαντὸς

2050 1410 2432 1476 πλουτοῦντος.
2466 1412 2532 1467 Τί
2565 1414 2801 1485 δήποτε;
2838 1417 3061 1487 Πρῶτον
3095 1417 3196 1487 μὲν
3228 1420 3256 1473 6
3279 1419 3518 1485 τοιοῦτος
3548 1420 3631 1475 οτ-

2046 1492 2205 1549 κοθεν
2231 1494 2344 1566 ἔχει
2370 1495 2433 1550 τὸ
2464 1497 2725 1566 ἀσφαλὲς,
2754 1501 2958 1564 ἐκεῖνος
2982 1500 3037 1554 δὲ
3059 1501 3276 1568 ἔξωθεν.
3300 1504 3411 1557 Καὶ
3439 1502 3631 1576 ὥσπερ

2047 1578 2387 1648 στρατιώτης
2431 1578 2655 1650 βελτίων
2700 1584 2730 1635 6
2778 1582 2857 1653 τῷ
2905 1582 3120 1653 σώματι
3160 1584 3379 1657 θαρρῶν
3422 1586 3516 1640 καὶ
3557 1591 3626 1658 τῇ

2044 1658 2208 1733 τέχνῃ
2237 1660 2331 1714 τοῦ
2368 1661 2626 1734 πολεμεῖν
2652 1703 2669 1729 ,
2721 1663 2815 1717 τοῦ
2858 1664 2956 1736 τὴν
3001 1668 3154 1736 ἰσχὺν
3192 1668 3251 1721 ἐν
3294 1669 3405 1731 τοῖς
3439 1668 3627 1733 ὅπλοις

2042 1740 2261 1814 ἔχοντος
2286 1744 2447 1815 μόνον
2470 1762 2483 1775 ·
2514 1746 2659 1801 οὕτω
2689 1745 2782 1800 τοῦ
2817 1749 3064 1819 χρήμασι
3096 1749 3430 1821 θαρροῦντος
3458 1753 3487 1806 6
3515 1752 3626 1807 ἀπὸ

2040 1826 2142 1898 τῆς
2178 1828 2383 1900 ἀρετῆς
2422 1830 2814 1902 πεφραγμένος
2866 1833 3127 1902 ἀμείνων.
3176 1834 3470 1906 Δεύτερον,
3517 1836 3621 1901 δτι,

2040 1911 2147 1966 κάν
2171 1913 2252 1977 εἰς
2288 1913 2480 1968 πενίαν
2508 1915 2587 1986 μὴ
2616 1915 2927 1988 καταπέσῃ,
2959 1917 3020 1969 06
3046 1916 3269 1972 δυνατὸν
3297 1917 3461 1973 αὐτὸν
3489 1920 3624 1975 ἀτά-

2040 2011 2207 2066 ραχον
2235 1995 2375 2051 εἶναι
2393 2012 2408 2028 ·
2439 1996 2662 2068 καὶγὰρ
2690 1998 2920 2062 πολλοὺς
2943 1998 3057 2069 ἔχει
3084 1999 3362 2064 κλύδωνας
3394 2003 3423 2054 6
3455 2001 3621 2055 πλοῦ-

2036 2092 2130 2142 τος
2169 2078 2267 2133 καὶ
2309 2080 2580 2152 ταραχάς.
2626 2079 2768 2134 Ἀλλ’
2814 2080 2915 2152 οὐχ
2953 2084 2987 2153 ή
3032 2082 3224 2155 ἀρετὴ,
3274 2081 3390 2136 ἀλλ’
3428 2082 3622 2154 ἡδονὴν

2042 2161 2205 2230 μόνον
2232 2163 2327 2217 καὶ
2346 2163 2648 2234 ἀσφάλειαν
2672 2177 2688 2192 ⁸
2712 2164 2811 2219 καὶ
2851 2164 2961 2237 γάρ
2994 2165 3293 2238 ἀχείρωτον
3319 2167 3464 2220 ποιεῖ
3507 2169 3622 2231 τοῖς

2038 2242 2510 2300 ἐπιϐουλεύουσιν
2547 2247 2576 2300 6
2613 2246 2672 2300 δὲ
2710 2245 2942 2312 πλοῦτος
2972 2248 3282 2304 τούναντίον
3314 2249 3480 2316 ἅπαν,
3525 2248 3621 2303 εῦ-

2036 2327 2383 2400 επιχείρητον
2431 2329 2528 2384 καὶ
2576 2329 2876 2400 ἁλώσιμον.
2932 2331 3044 2387 Καὶ
3095 2332 3348 2405 καθάπερ
3399 2335 3459 2387 ἐν
3505 2336 3619 2398 :06;

2037 2407 2197 2474 ζώοις
2223 2410 2410 2481 ἔλαφοι
2444 2412 2537 2466 καὶ
2561 2411 2765 2482 λαγωοὶ
2784 2414 3021 2485 μάλιστα
3042 2416 3259 2470 πάντων
3283 2417 3418 2469 εἰσὶν
3441 2415 3619 2488 εὐχεί-

2039 2510 2198 2564 ρωτοι
2226 2493 2312 2547 διὰ
2336 2494 2435 2565 τὴν
2469 2496 2527 2549 ἐν
2551 2498 2617 2567 τῇ
2647 2497 2806 2565 φύσει
2838 2497 3064 2567 δειλίαν,
3098 2490 3161 2562 6;
3194 2499 3252 2554 δὲ
3291 2498 3482 2571 ἄγριος
3521 2500 3618 2554 καὶ

2033 2574 2235 2648 ταῦρος
2274 2577 2366 2630 καὶ
2389 2576 2527 2630 λέων
2556 2578 2666 2632 οὐδ’
2696 2577 2765 2632 ἂν
2801 2579 3096 2650 ἐμπέσοιεν
3131 2582 3330 2654 ῥᾳδίως
3360 2585 3476 2646 τοῖς
3496 2584 3618 2637 ἐπι-

2034 2657 2382 2714 ϐουλεύουσιν
2413 2676 2428 2692 ·
2458 2660 2603 2716 οῦτω
2632 2661 2699 2733 δὴ
2725 2664 2819 2717 καὶ
2847 2664 2941 2717 ἐπὶ
2972 2663 3081 2717 τῶν
3107 2664 3503 2733 πλουτούντων,
3522 2665 3618 2720 καὶ

2032 2741 2091 2796 ἐν
2120 2741 2281 2814 πενίᾳ
2316 2741 2532 2808 ζώντων
2559 2745 2791 2799 ἑκόντων
2819 2746 2968 2800 ἐστιν
3004 2748 3151 2801 ἰδεῖν.
3200 2748 3260 2801 '0
3290 2749 3389 2819 μὲν
3410 2749 3518 2819 γὰρ
3539 2748 3618 2819 τῷ

2030 2829 2208 2885 λέοντι
2236 2831 2333 2886 καὶ
2351 2832 2430 2903 τῷ
2454 2831 2643 2905 ταύρῳ
2680 2833 2879 2899 ἔοικεν,
2921 2834 3030 2888 όδὲ
3064 2837 3129 2907 τῇ
3179 2833 3365 2904 ἐλάφῳ
3402 2836 3498 2888 καὶ
3536 2833 3619 2905 τῷ

2029 2912 2247 2986 λαγωῷ.
2279 2916 2416 2970 Τίνα
2445 2916 2555 2988 γάρ
2588 2918 2649 2970 06
2679 2917 2919 2972 δέδοικεν
2959 2920 2988 2972 6
3024 2917 3312 2984 πλουτῶν;
3359 2919 3483 2988 οὐχὶ
3519 2919 3618 2991 λῃ-

2031 2999 2162 3063 στάς
2185 3015 2201 3066 ;
2230 2999 2354 3070 οὐχὶ
2370 3000 2674 3066 δυνάστας;
2703 3001 2763 3055 οὐ
2789 3000 3092 3072 βασκάνους
3115 3019 3131 3069 ;
3153 3003 3213 3056 06
3238 3004 3614 3072 συκοφάνταςς

2029 3082 2142 3136 Καὶ
2171 3083 2223 3137 τί
2254 3083 2398 3151 λέγω
2446 3083 2650 3157 ληστάς
2681 3086 2776 3139 καὶ
2822 3085 3187 3155 συκοφάντας,
3229 3087 3364 3139 ὅπου
3412 3101 3476 3152 γε
3519 3085 3617 3139 καὶ

2025 3168 2154 3231 τοὺς
2172 3168 2389 3230 οἰκέτας
2420 3170 2618 3232 αὐτοὺς
2650 3169 2990 3235 ύποπτεύει;
3041 3170 3152 3223 Καὶ
3196 3170 3249 3223 τί
3287 3169 3430 3237 λέγω
3461 3168 3612 3234 ζῶν;

2025 3250 2149 3305 ούδέ
2180 3251 2512 3324 τελευτήσας
2560 3252 2661 3324 τῆς
2701 3254 2810 3311 τῶν
2866 3253 3236 3328 λῃστευόντων
3274 3253 3614 3324 κακουργίας

2024 3335 2397 3408 ἀπήλλακται,
2431 3337 2552 3393 οὐδὲ
2588 3337 2762 3409 ίσχύει
2789 3341 2818 3393 6
2849 3339 3078 3404 θάνατος
3108 3340 3167 3393 ἐν
3198 3340 3468 3410 ἀσφαλείᾳ
3513 3339 3614 3393 αύ-

2023 3418 2118 3474 :6v
2166 3419 2529 3493 καταστῆσαι,
2571 3421 2709 3476 ἀλλὰ
2746 3423 2841 3477 καὶ
2876 3422 3067 3493 νεκρὸν
3123 3422 3254 3476 ὄντα
3298 3420 3530 3476 συλῶσιν
3561 3419 3613 3474 οί

2025 3503 2463 3576 κακουργοῦντες
2486 3521 2500 3537 ⁶
2533 3505 2678 3562 οῦτω
2706 3508 2941 3581 πρᾶγμα
2962 3506 3264 3576 ἐπισφαλὲς
3291 3508 3320 3561 6
3360 3504 3607 3571 πλοῦτος.

2024 3585 2101 3642 06
2126 3589 2236 3661 γάρ
2259 3588 2323 3661 δὴ
2351 3589 2520 3645 οἰκίαι
2553 3589 2921 3662 διορύττονται
2951 3590 3134 3661 μόνον,
3169 3588 3306 3643 ἀλλά
3333 3590 3425 3645 καὶ
3449 3588 3612 3659 τάφοι

2022 3670 2462 3743 ἀναῤῥήγνυνται
2488 3672 2584 3726 καὶ
2611 3672 2795 3743 θῆκαι.
2827 3671 2892 3725 Τί
2930 3667 3024 3726 οὖν
3050 3672 3380 3743 ἀθλιώτερον
3417 3671 3611 3725 τούτου

2022 3754 2221 3823 γένοιτ’
2273 3757 2362 3819 ἀν,
2415 3756 2545 3809 ὅταν
2595 3756 2730 3826 μηδὲ
2774 3755 3000 3819 θάνατος
3052 3755 3200 3827 αὐτῷ
3241 3754 3455 3827 παρέχῃ
3508 3754 3612 3826 τὴν

2022 3837 2208 3891 ἄδειαν
2241 3837 2466 3908 ταύτην,
2507 3837 2645 3891 ἀλλά
2682 3839 2743 3892 :6
2780 3838 3016 3892 δείλαιον
3057 3840 3234 3892 ἐκεῖνο
3279 3838 3440 3908 σῶμα
3485 3838 3610 3892 οὐδὲ

2023 3920 2168 3989 ζωῆς
2196 3919 2572 3992 ἀποπερηθέν
2621 3919 2968 3991 ἀπήλλακται
3016 3920 3124 3974 τῶν
3153 3921 3212 3974 ἐν
3245 3922 3312 3991 τῇ
3360 3920 3472 3991 ζωῇ
3507 3937 3610 3973 κα-

2022 4002 2157 4066 κῶν,
2193 4002 2305 4056 τῶν
2340 4004 2411 4059 τά
2436 4003 2662 4057 τοιαῦτα
2688 4002 3139 4074 κακουργούντων
3168 4003 3263 4055 καὶ
3292 4002 3430 4072 πρὸς
3460 4003 3611 4056 κόνιν

2020 4087 2116 4139 καὶ
2151 4087 2359 4156 τέφραν
2398 4086 2771 4159 ἐπειγομένων
2812 4087 3088 4156 πολεμεῖν,
3116 4085 3211 4139 καὶ
3244 4084 3423 4155 πολλῷ
3452 4085 3612 4155 χαλε-

2020 4168 2346 4242 πῶτερον,ἢ
2380 4170 2544 4242 ήνίκα
2583 4170 2720 4241 ἐζη;
2765 4170 2899 4223 Τότε
2937 4170 3035 4240 μὲν
3074 4168 3183 4240 γάρ
3229 4171 3309 4232 εἰς
3360 4171 3608 4239 ταμιεῖον

2020 4253 2302 4319 εἰσιόντες,
2337 4253 2406 4307 τά
2443 4251 2677 4307 κιϐώτια
2714 4254 2811 4324 μὲν
2852 4252 3085 4316 ἐκίνουν,
3129 4251 3223 4305 τοῦ
3257 4251 3508 4322 σώματος
3549 4250 3608 4305 δέ

2018 4336 2329 4408 ἀπείχοντο,
2357 4337 2577 4391 καὶούκ
2610 4336 2677 4390 ἂν
2710 4335 2949 4389 τοσαῦτα
2982 4335 3196 4401 ἔλαϐον,
3233 4335 3310 4399 ώς
3344 4335 3438 4388 καὶ
3472 4333 3607 4388 αὐτὸ

2018 4419 2318 4492 γυμνῶσαι’
2330 4419 2393 4473 :6
2421 4420 2580 4490 σῶμα
2604 4435 2618 4451 ·
2654 4420 2771 4472 νυνὶ
2808 4418 2865 4470 δὲ
2898 4418 3020 4471 οῦδὲ
3063 4417 3272 4472 τούτων
3304 4419 3605 4488 ἀπέχονται

2019 4506 2077 4559 αί
2125 4506 2324 4576 μιαραὶ
2362 4505 2471 4559 τῶν
2515 4502 2894 4575 τυμϐωρύχων
2931 4505 3137 4574 χεῖρες,
3178 4503 3317 4556 ἀλλά
3359 4502 3609 4556 κινοῦσιν

2018 4587 2153 4643 αὐτὸ
2180 4590 2275 4643 καὶ
2306 4587 2728 4660 περιστρέφουσι
2753 4627 2768 4652 ,
2797 4586 2893 4639 καὶ
2924 4586 3064 4658 μετά
3094 4587 3292 4658 πολλῆς
3320 4586 3602 4657 ὠμότητος

2016 4671 2380 4743 ἐνυϐρίζουσι.
2411 4671 2566 4726 Μετά
2607 4670 2715 4742 γάρ
2759 4670 2823 4722 :6
2860 4670 3230 4742 παραδοθῆναι
3267 4672 3332 4741 τῇ
3376 4672 3469 4740 γῇ,
3499 4683 3602 4736 γυ-

2022 4755 2154 4828 μνὸν
2186 4756 2281 4811 καὶ
2330 4756 2432 4827 τῆς
2474 4755 2688 4810 ἐκεῖθεν
2721 4754 3014 4827 περιϐολῆς
3056 4755 3152 4807 καὶ
3189 4753 3290 4823 τῆς
3334 4753 3443 4806 ἀπὸ
3491 4751 3602 4805 τῶν

2019 4839 2255 4911 ἰματίων
2306 4840 2652 4907 ποιήσαντες,
2697 4836 2870 4900 οὕτως
2911 4838 3137 4906 ἀφιᾶσιν
3174 4834 3451 4906 ἐρρῖφθαι.
3505 4834 3603 4897 Τίς

2014 4919 2109 4979 06v
2143 4923 2286 4978 οῦτω
2334 4923 2615 4992 πολέμιος,
2645 4921 2720 4984 ώς
2750 4922 2778 4972 6
2814 4918 3064 4982 πλοῦτος,
3105 4916 3325 4984 ζώντων
3362 4917 3461 4988 μὲν
3505 4918 3605 4971 καὶ

2010 5007 2115 5078 τὴν
2138 5006 2320 5076 ψυχὴν
2353 5005 2614 5067 ἀπολλὺς,
2660 5002 3099 5073 τελευτησάντων
3126 5000 3185 5055 δέ
3217 5001 3313 5055 καὶ
3338 5000 3402 5054 :6
3440 4998 3608 5069 σῶμα

2013 5089 2337 5160 δνυϐρίζων,
2367 5088 2458 5140 καὶ
2488 5086 2606 5140 οὐδὲ
2637 5087 2704 5158 τῇ
2730 5088 2801 5158 γῇ
2833 5086 3174 5159 κρύπτεσθαι
3200 5083 3500 5157 συγχωρῶν
3525 5101 3539 5150 ;
3573 5084 3602 5136 6

2012 5173 2195 5227 κοινὸν
2228 5172 2325 5225 καὶ
2347 5171 2456 5224 τῶν
2476 5170 2784 5224 καταδίκων
2812 5170 2948 5231 ἐστὶ,
2980 5170 3073 5223 καὶ
3105 5169 3214 5223 τῶν
3247 5170 3339 5223 ἐπὶ
3368 5169 3480 5232 τοῖς
3510 5168 3600 5219 αἰ·-

2014 5256 2255 5327 σχίστοις
2302 5252 2832 5327 [351]·ἐαλωκότων.
2881 5253 3152 5316 Ἐκείνους
3198 5252 3297 5323 μὲν
3348 5250 3456 5321 γὰρ
3500 5246 3605 5300 τοῦ

2012 5340 2252 5394 θανάτου
2279 5338 2382 5409 τὴν
2409 5335 2563 5408 δίκην
2593 5337 3001 5407 ἀπαιτήσαντες
3028 5336 3078 5388 οί
3105 5333 3409 5404 νομοθέται.
3440 5330 3601 5384 οὐδὲν

2013 5423 2332 5495 περαιτέρω
2370 5421 2822 5492 περιεργάζονται
2869 5434 2883 5449 ⁸
2931 5418 3154 5480 τούτους
3192 5416 3249 5468 δέ
3295 5417 3325 5469 ό
3363 5412 3601 5478 πλοῦτος

2011 5508 2105 5564 καὶ
2134 5507 2277 5579 μετά
2300 5505 2528 5560 θάνατον
2550 5503 2882 5574 πικροτάτην
2910 5502 3131 5555 ἀπαιτεῖ
3149 5500 3325 5570 δίκην,
3348 5501 3599 5569 γυμνοὶις

2012 5590 2298 5665 προτιθεὶς
2330 5590 2426 5644 καὶ
2471 5588 2732 5656 ἀτάφους,
2772 5585 2952 5656 θέαμα
2996 5582 3166 5637 δεινδν
3208 5583 3303 5637 καὶ
3331 5582 3584 5637 ἐλεεινόν.

2009 5677 2123 5730 Καὶ
2149 5675 2263 5746 γὰρ
2294 5673 2406 5727 τῶν
2430 5672 2538 5726 ἀπὸ
2561 5672 2743 5744 ψήφου
2771 5668 2927 5724 τοῦτο
2959 5666 3270 5738 πασχόντων
3290 5668 3382 5720 καὶ
3412 5666 3597 5738 θυμοῦι

2011 5757 2336 5822 δικαστικοῦ
2384 5755 2739 5830 χαλεπώτερα
2775 5746 2921 5809 οὗτοι
2968 5751 3285 5823 πάσχουσιν.
3355 5749 3596 5806 Ἐκεῖνοι
