4112 6224
544 431 648 504 μιν
683 429 792 501 γὰρ
823 428 956 500 μίαν
986 428 1081 500 τήν
1102 427 1328 499 πρώτην
1352 428 1448 481 καὶ
1473 428 1736 501 δευτέραν
1762 430 1978 501 ἡμέραν
2007 428 2131 500 μεί-

540 532 731 580 ναντες
771 515 989 583 ἀταφοι,
1025 514 1090 583 τῇ
1135 514 1207 583 γῇ
1254 512 1675 582 παραδίδονται”
1710 507 1858 569 οὗτοι
1896 513 1954 567 δὲ
1999 514 2129 567 ὅταν

543 597 890 671 παραδοθῶσι
915 598 982 667 τῇ
1010 598 1105 666 γῇ,
1135 595 1256 649 τότε
1288 596 1622 665 γυμνοῦνται
1655 599 1749 652 καὶ
1787 597 2123 669 ὑϐρίζονται.

542 685 607 738 El
631 682 688 736 δέ
719 681 794 751 μὴ
815 679 910 733 καὶ
942 680 1043 750 τήν
1073 677 1248 750 θήκην
1286 680 1537 746 λαϐόντες
1581 682 1912 753 ἀπέρχονται
1941 680 1991 733 οί
2036 679 2132 751 λῃ-

544 765 688 830 σταὶ,
717 763 903 815 οὐκέτι
925 760 1003 831 τῷ
1040 761 1257 833 πλούτῳ
1290 763 1469 834 χάρις,
1514 763 1650 817 ἀλλὰ
1682 766 1751 834 τῇ
1802 762 1964 834 πενία
1993 762 2128 815 κάν-

540 845 715 900 ταῦθα
752 861 767 876 ο
811 843 949 916 αὕτη
979 844 1088 915 γὰρ
1136 844 1305 916 αὐτὴν
1354 845 1613 915 φυλάττει
1640 862 1654 876 ο
1699 846 1775 909 ὡς
1819 844 1873 898 εί
1918 861 1982 915 γε
2034 844 2129 898 καὶ

540 928 746 998 ταύτην
789 927 1195 999 ἐνεχειρίσαμεν
1227 928 1304 998 τῷ
1341 928 1577 1000 πλούτῳ,
1620 928 1714 983 καὶ
1752 927 1983 998 ἀφέντες
2018 925 2129 979 ἀπὸ

541 1009 693 1063 λίθου
730 1010 1161 1075 κατασκευάζειν
1186 1011 1376 1081 αὐτὴν,
1414 1010 1823 1081 ἐχαλκεύσαμεν
1859 1008 1968 1061 ἀπὸ
1993 1026 2123 1080 χρυο

546 1092 663 1157 σοῦ,
721 1094 817 1147 καὶ
855 1092 1059 1163 ταύτην
1098 1093 1165 1147 ἀν
1218 1093 1597 1163 ἀπωλέσαμεν.
1656 1091 1844 1156 Οῦτως
1898 1090 2128 1145 ἄπιστον

546 1179 779 1248 πρᾶγμα
819 1179 847 1231 6
886 1176 1136 1241 πλοῦτος,
1181 1177 1276 1230 καὶ
1319 1176 1380 1231 ού
1430 1177 1541 1230 τῶν
1590 1177 1822 1247 ἐχόντων
1869 1172 2128 1228 τοσοῦτόν

546 1263 715 1325 ἔστιν,
750 1261 873 1314 ὅσον
902 1260 1011 1314 τῶν
1055 1260 1322 1333 ἁρπάζειν
1355 1258 1795 1331 ἐπιχειρούντων.
1832 1257 1996 1310 Ὥστε
2032 1273 2129 1310 πε-

548 1343 730 1413 ριττδς
763 1343 793 1395 6
842 1344 1000 1413 λόγος
1038 1347 1245 1409 ἐκεῖνος
1290 1347 1320 1398 6
1362 1337 1681 1408 θιιουδάξων
1723 1340 1996 1395 δεικνύναι
2043 1341 2126 1393 ὅτι

545 1426 909 1498 δυσχείρωτον
948 1429 979 1480 6
1020 1425 1271 1489 πλοῦτος,
1302 1427 1436 1480 ὅπου
1467 1425 1589 1479 οὐδὲ
1626 1426 1686 1479 ἐν
1708 1426 1776 1495 τῇ
1809 1423 1993 1496 ἡμέρα
2024 1424 2125 1493 τῆς

543 1508 805 1579 τελευτῆς
844 1509 1207 1580 τυγχάνουσιν
1252 1508 1553 1578 ἀσφαλείας
1585 1507 1636 1561 οἱ
1667 1505 1855 1585 τοῦτον
1887 1505 2124 1576 ἔχοντες.

542 1592 737 1646 Καίτοι
767 1608 831 1660 γε
856 1593 941 1655 τίς
971 1592 1107 1663 πρὸς
1133 1593 1225 1644 τὸν
1253 1590 1558 1645 ἀπελθόντα
1584 1590 1645 1643 ού
1673 1588 2123 1651 καταλλάττεται,

545 1674 648 1729 κᾶν
683 1675 871 1747 θηρίον
915 1671 972 1749 ᾖ,
1023 1674 1127 1729 κᾶν
1160 1675 1391 1744 δαίμων,
1427 1675 1531 1727 κᾶν
1561 1671 1842 1737 ὁστισοῦν;
1879 1672 1975 1724 καὶ
2016 1669 2128 1740 γὰρ

544 1760 579 1827 ἡ
606 1756 705 1811 θέα
737 1757 894 1830 ἱκανή
922 1758 1017 1811 καὶ
1054 1757 1145 1810 τὸν
1177 1757 1380 1829 σφόδρα
1421 1754 1677 1827 σιδηροῦν
1703 1755 1797 1808 καὶ
1825 1753 2127 1824 ἀνάλγητον

544 1842 875 1912 ἐπικάμψαι.
906 1840 1005 1895 Διά
1044 1859 1127 1895 τοι
1167 1842 1345 1906 τοῦτο,
1382 1841 1512 1894 ὅταν
1547 1857 1631 1904 τις
1661 1838 1744 1912 ι’δη
1775 1838 1990 1910 νεκρὸν,
2024 1836 2127 1890 κάν

543 1914 875 1998 ιχθρὺνῐδῃ,
924 1927 1027 1980 κᾶν
1059 1925 1337 1996 πολέμιον,
1382 1924 1521 1995 μετά
1563 1922 1672 1977 τῶν
1714 1922 1990 1993 φιλτάτων
2029 1921 2127 1974 δα-

545 2008 703 2080 κρύει
736 2025 751 2040 ·
783 2009 877 2062 καὶ
906 2010 939 2081 ή
975 2010 1075 2080 μὲν
1107 2008 1245 2081 όργὴ
1277 2007 1416 2079 μετά
1448 2005 1551 2078 τῆς
1579 2005 1725 2078 ζωῆς
1758 2005 2065 2070 σϐέννυται,
2097 2004 2128 2056 6

541 2092 601 2146 δὲ
629 2092 777 2155 ἔλεος
799 2093 1168 2160 ἐπεισάγεται.
1204 2092 1315 2145 Καὶ
1333 2091 1434 2144 οὐκ
1460 2087 1527 2143 ἄν
1552 2106 1637 2154 τις
1667 2089 1763 2141 ἐπὶ
1794 2089 1990 2160 κήδους
2029 2088 2126 2141 καὶ

542 2178 783 2247 ἐκφορᾶς
814 2176 1060 2245 διαγνοίη
1104 2175 1196 2229 τὸν
1234 2174 1449 2245 ἐχθρὸν,
1505 2173 1603 2227 καὶ
1639 2173 1731 2226 τὸν
1759 2172 1822 2225 ού
1848 2172 2125 2226 τοιοῦτον·

539 2260 714 2323 οὕτως
750 2259 990 2323 ἅπαντες
1019 2258 1122 2328 τὴν
1151 2258 1337 2330 κοινὴν
1365 2256 1641 2311 αἰδοῦνται
1669 2255 1851 2327 φύσιν,
1883 2258 1978 2310 καὶ
2001 2255 2130 2320 τοὺς

541 2345 673 2415 περὶ
716 2343 887 2416 αὐτὴν
919 2342 1322 2414 είσενεχθέντας
1354 2341 1571 2413 νόμους.
1624 2339 1765 2393 Ἀλλ’
1797 2342 1826 2393 6
1873 2339 2126 2404 πλοῦτος,

538 2427 662 2482 οὐδὲ
698 2426 887 2481 τούτου
935 2426 1136 2497 τυχὼν,
1184 2425 1378 2495 ἀφίησι
1420 2424 1519 2496 τὴν
1550 2423 1720 2495 ὀργὴν
1766 2425 1879 2485 τοῖς
1925 2440 2129 2494 κτησα-

544 2511 727 2584 μένοις
755 2511 938 2579 αὐτὸν,
965 2510 1102 2566 ἀλλά
1139 2510 1236 2565 καὶ
1268 2510 1396 2572 τοὺς
1441 2508 1596 2562 οὐδὲν
1634 2507 2003 2577 ἠδικημένους
2032 2508 2126 2561 τοῦ

539 2595 992 2664 τετελευτηκότος
1034 2594 1263 2666 ἐχθροὺς
1298 2591 1641 2662 καθίστησιν,
1675 2590 1729 2642 εῖ
1755 2606 1820 2659 γε
1848 2589 1910 2643 16
1934 2590 2129 2661 νεκρὸν

543 2678 705 2750 σῶμα
740 2678 1013 2748 γυμνοῦν,
1056 2676 1164 2731 τῶν
1210 2675 1416 2746 σφόδρα
1462 2672 1674 2745 ἐχθρῶν
1717 2673 1813 2727 καὶ
1852 2673 2128 2743 πολεμίων

542 2761 682 2816 ἐστί.
714 2762 825 2815 Καὶ
850 2762 884 2831 ή
926 2761 1024 2832 μὲν
1053 2760 1216 2828 φύσις
1253 2758 1347 2811 καὶ
1381 2757 1507 2819 τοὺς
1555 2756 1785 2827 ἐχθροὺς
1815 2756 1965 2827 αὐτῷ
1991 2775 2124 2811 κατ-

543 2844 797 2898 αλλάττει
830 2843 973 2909 τότε,
1001 2844 1029 2896 6
1053 2844 1108 2896 δὲ
1142 2841 1372 2904 πλοῦτος
1419 2840 1517 2893 καὶ
1564 2840 1690 2903 τοὺς
1723 2839 1875 2893 οὐδὲν
1906 2840 2127 2911 ἔχοντας

544 2929 797 2999 ἐγκαλεῖν
830 2928 1141 3000 ὲκπολεμοῖ,
1185 2928 1282 2981 καὶ
1320 2930 1377 2979 ἐν
1412 2924 1618 2997 ἐρημίᾳ
1664 2924 1828 2995 πολλῇ
1869 2925 1928 2978 16
1964 2925 2125 2995 σῶμα

544 3013 837 3077 αἰκίζεται.
874 3014 1067 3068 Καίτοι
1113 3011 1283 3066 πολλά
1323 3013 1439 3064 ἐκεῖ
1469 3009 1539 3062 τὰ
1572 3009 1848 3079 δυνάμενα
1890 3010 2126 3064 ἐπισπά-

546 3096 745 3150 σασθαι
774 3097 910 3169 πρὸς
947 3093 1156 3157 οἶκτον,
1189 3096 1320 3148 αύτδ
1360 3092 1420 3146 16
1460 3094 1650 3164 νεκρὸν
1686 3088 1844 3157 εἷναι,
1878 3092 1941 3145 16
1974 3093 2127 3145 ἀκίν-

542 3195 695 3247 ητον,
729 3179 792 3232 16
835 3180 972 3251 πρὸς
1003 3180 1108 3249 γῆν
1153 3178 1357 3232 ὁδεύειν
1407 3177 1501 3230 καὶ
1547 3175 1772 3245 φθορὰν,
1807 3177 1867 3228 16
1923 3173 2126 3246 μηδένᾶ

546 3264 803 3333 παρεῖναι
829 3262 922 3316 τὸν
953 3261 1310 3332 βοηθήσοντα.
1353 3259 1491 3312 Ἀλλ’
1529 3259 1679 3312 οὐδὲν
1707 3258 1916 3313 τούτων
1951 3275 2125 3312 κατα-

547 3344 654 3416 κλᾷ
686 3346 812 3409 τοὺς
847 3346 1080 3416 μιαροὺς
1103 3344 1345 3406 ἐκείνους
1367 3342 1458 3397 διὰ
1479 3343 1577 3414 τὴν
1606 3342 1716 3395 ἀπὸ
1748 3344 1847 3412 τῆς
1882 3343 2126 3412 πονηρᾶς

548 3428 846 3500 ἐπιθυμίας
907 3428 1220 3500 τυραννίδα.
1289 3428 1347 3480 ’0
1392 3427 1500 3497 γάρ
1547 3427 1647 3496 τῆς
1695 3425 2132 3496 φιλοχρηματίας

548 3510 711 3581 ἔρως,
744 3512 997 3582 καθάπερ
1022 3529 1108 3575 τις
1132 3510 1396 3582 τύραννος
1435 3509 1669 3581 ἀπηνὴς,
1698 3509 1997 3580 ἐφέστηκεν
2040 3511 2133 3578 ἐγο

550 3595 904 3666 κελευόμενος
929 3597 1112 3659 αὐτοῖς
1144 3596 1213 3648 τὰ
1234 3593 1580 3666 ἀπάνθρωπα
1607 3594 1958 3663 ἐπιτάγματα
1986 3594 2132 3645 ἐκεῖ-

549 3695 639 3746 να,
669 3681 763 3732 καὶ
809 3680 973 3751 θηρία
1009 3681 1264 3752 ποιήσας,
1308 3677 1481 3741 οὓτως
1513 3678 1606 3729 ἐπὶ
1636 3678 1736 3741 τὰς
1777 3676 1950 3748 θήκας
1987 3676 2131 3745 άγει.

557 3912 1025 3932 -----

1278 294 1341 368 εἰ
1360 294 1664 369 ἰοΑΝΝιε
1694 307 2197 367 εηιιῑεοετοω
2230 310 2551 371 Αιιειιιερ.
2594 288 3143 371 cousummoxil

3704 307 3804 367 506

2236 430 2505 503 Καθάπερ
2532 431 2642 505 γάρ
2676 432 2842 504 θηρία
2876 433 2988 494 τοῖς
3018 427 3462 497 τετελευτηκόσιν
3497 425 3807 495 ἐπιτιθέμε-

2230 533 2334 579 νοι,
2362 517 2474 570 οὐδ’
2503 514 2570 569 ἂν
2605 516 2712 569 τῶν
2754 515 2974 587 σαρκῶν
3009 513 3331 582 ἀπέσχοντο,
3361 510 3415 562 ετ
3434 509 3499 577 γέ
3528 526 3630 562 που
3668 510 3808 580 χρήο

2233 615 2369 668 σιμα
2406 594 2474 670 ἦν
2516 600 2701 662 αὐτοῖς
2744 598 2817 652 τά
2859 596 3017 667 μέλη.
3059 593 3297 647 Τοιαῦτα
3329 591 3673 662 ἀπολαύομεν
3711 592 3811 644 τοῦ

2232 681 2488 747 πλούτου,
2517 683 2612 735 καὶ
2647 680 2787 752 μετά
2817 678 3074 749 τελευτήν
3104 675 3473 748 ὑϐριζόμενοι,
3504 676 3598 729 καὶ
3628 676 3809 746 ταφῆς

2231 763 2718 837 ἀποστερούμενοι,
2735 758 2803 835 ἦς
2823 764 2916 817 καὶ⁵
2935 764 2985 815 οἱ
3011 761 3081 814 τά
3108 761 3385 830 ἀνήκεστα
3412 759 3813 829 τετολμηκότες.

2230 846 2618 902 ἀπολαύουσιν.
2658 848 2778 900 Ἔτι
2827 844 2975 918 [552]
3009 840 3122 909 οῦν,
3173 842 3293 896 είπέ
3341 858 3451 913 μοι,
3503 841 3807 912 στέρξομεν

2231 929 2395 984 αὑτὸν
2427 930 2520 983 τὸν
2540 928 2684 983 οὕτω
2700 928 2996 1002 πολέμιον;
3025 926 3140 998 Μὴ,
3174 923 3498 998 παρακαλῶ,
3529 924 3626 995 μὴ,
3651 923 3810 977 ἀδελ-

2230 1017 2344 1083 φοὶ,
2386 1014 2522 1069 ἀλλά
2554 1013 2846 1083 φεύγωμεν
2885 1009 3327 1083 ἀμεταστρεπτί·
3368 1008 3473 1063 κᾶν
3505 1010 3585 1073 είς
3616 1010 3811 1079 χεῖρας

2228 1097 2356 1169 ἔλθῃ
2382 1097 2480 1162 τὰς
2524 1097 2818 1168 ἡμετέρας,
2875 1095 2950 1166 μὴ
2990 1093 3307 1164 κατέχωμεν
3347 1090 3514 1155 ἔνδον,
3550 1090 3685 1144 ἀλλά
3712 1089 3811 1161 δή-

2230 1198 2412 1253 σωμεν
2451 1179 2614 1234 αὐτὸν
2662 1182 2784 1243 ταῖς
2821 1178 2929 1232 τῶν
2972 1178 3220 1248 πενήτων
3254 1175 3432 1247 χερσί.
3470 1173 3653 1228 Ταῦτα
3695 1173 3814 1243 γὰρ

2228 1264 2389 1319 αύτδν
2417 1263 2640 1317 δύναται
2665 1261 2864 1333 μᾶλλον
2892 1260 2960 1314 τὰ
2981 1257 3158 1330 δεσμά
3187 1259 3457 1328 κατέχειν,
3488 1256 3583 1311 καὶ
3607 1259 3671 1309 ἐκ
3694 1254 3811 1310 τῶν

2226 1348 2489 1420 ταμιείων
2516 1347 2739 1401 ἐκείνων
2773 1345 3027 1399 οὐδέποτε
3063 1342 3431 1412 διαφεύξεται,
3469 1342 3564 1396 καὶ
3605 1344 3635 1394 6
3674 1342 3807 1396 ἀπι-

2230 1449 2354 1495 στος
2380 1426 2534 1495 οὗτος
2579 1429 2731 1501 μένει
2768 1427 2955 1482 λοιπὸν
2985 1427 3197 1490 πιστὸς,
3229 1424 3540 1498 χείροήθης,
3570 1426 3808 1494 ἥμερος,

2226 1518 2294 1587 τῇ
2326 1516 2427 1586 τῆς
2452 1512 2825 1585 έλεημοσύνης
2846 1512 2997 1583 δεξιᾷ
3026 1510 3199 1564 ταῦτα
3226 1511 3538 1579 γενόμενος.
3574 1510 3675 1561 Ἂν
3702 1508 3808 1578 μὲν

2226 1596 2320 1654 οῦν
2348 1596 2726 1668 παραγένηταί
2761 1610 2891 1649 ποτε
2931 1595 3088 1664 ἡμῖν,
3132 1593 3305 1663 ταύτῃ
3338 1590 3668 1662 παραδῶμεν
3703 1589 3809 1643 αύ-

2226 1683 2349 1737 τόν⁹
2380 1682 2447 1735 ἂν
2474 1680 2531 1733 δὲ
2561 1679 2637 1750 μὴ
2664 1677 3043 1750 παραγένηται
3070 1716 3085 1741 ,
3121 1674 3196 1747 μὴ
3235 1673 3508 1745 ζητῶμεν,
3538 1673 3673 1744 μηδὲ
3700 1673 3810 1741 ἀγ-

2226 1781 2412 1838 χωμεν
2472 1763 2722 1827 ἑαυτοὺς,
2776 1760 2911 1831 μηδέ
2951 1760 3079 1822 τοὺς
3119 1758 3344 1829 ἔχοντας
3387 1756 3808 1828 μακαρίςωμεν.

2228 1852 2384 1913 Ποῖος
2404 1848 2512 1920 γάρ
2541 1841 2697 1909 οὗτος
2730 1843 3115 1915 μακαρισμός;
3156 1841 3296 1913 πλὴν
3340 1842 3388 1894 εί
3424 1841 3501 1912 μὴ
3540 1838 3634 1893 καὶ
3676 1840 3812 1902 τοὺς

2227 1931 2596 2004 θηριομάχους
2627 1927 2899 1997 ζηλωτοὺς
2951 1922 3089 1980 εἶναι
3139 1925 3325 1995 φαίης,
3366 1925 3447 1977 ὅτι
3484 1922 3553 1976 τά
3585 1920 3810 1975 πολυτίο

2232 2030 2377 2085 μητα
2420 2014 2603 2067 ἐκεῖνα
2637 2009 2803 2082 θηρία
2846 2007 3307 2069 κατακλείσαντες
3352 2007 3563 2068 ἑαυτοῖς
3607 2004 3812 2075 φυλάτ-

2228 2114 2411 2151 τουσιν
2428 2098 2478 2150 οί
2495 2095 2622 2156 τοὺς
2638 2090 2910 2156 τοιούτους
2926 2091 3165 2154 τιθέντες
3186 2090 3420 2159 ἀγῶνας,
3444 2089 3593 2142 αὐτοὶ
3621 2087 3808 2158 μέντοι

2226 2182 2288 2235 ού
2335 2177 2674 2252 προσελθεῖν,
2724 2176 2824 2247 ούχ
2867 2174 3108 2245 ἅψασθαι
3135 2172 3464 2244 τολμῶντες,
3490 2171 3604 2226 ἀλλ’
3648 2172 3808 2238 ἀγω-

2226 2264 2449 2327 νιῶντες
2481 2261 2621 2316 αύτά
2654 2259 2748 2314 καὶ
2780 2259 3089 2331 τρέμοντες.
3124 2256 3375 2310 Τοιοῦτον
3401 2257 3510 2326 γάρ
3537 2272 3586 2308 τι
3620 2254 3715 2307 καὶ
3744 2254 3803 2307 οἱ

2228 2347 2587 2410 πλουτοῦντες
2633 2344 2953 2415 πάσχουσιν,
3005 2341 3195 2415 ὥσπερ
3246 2340 3436 2411 θηρίον
3479 2339 3686 2410 ἀπηνὲς
3742 2339 3808 2390 ἐν

2224 2436 2339 2497 τοῖς
2391 2429 2661 2501 ταμιείοις
2742 2425 3203 2489 κατακλείσαντες
3262 2424 3354 2477 16v
3410 2422 3657 2485 πλοῦτον,
3705 2422 3808 2475 καὶ

2227 2517 2351 2571 καθ’
2381 2515 2622 2584 ἐκάστην
2659 2511 2793 2583 παρ’
2820 2509 2985 2564 αὐτοῦ
3015 2508 3114 2581 τὴν
3152 2507 3365 2581 ἡμέραν
3394 2507 3561 2578 μυρία
3579 2504 3809 2575 δεχόμε-

2226 2621 2307 2657 νοι
2335 2602 2403 2654 τά
2450 2597 2761 2671 τραύματα,
2805 2593 3135 2658 ἀπεναντίας
3177 2594 3291 2655 τοῖς
3320 2591 3547 2663 θηρίοις.
3592 2590 3815 2642 Ἐκεῖνα.

2231 2687 2329 2757 μὲν
2357 2683 2466 2753 γὰρ
2489 2682 2620 2735 ὃταν
2646 2677 2945 2749 ἐξαγάγῃς,
2974 2676 3097 2728 τότε
3135 2675 3458 2757 λυμαίνεται
3487 2675 3602 2736 τοῖς
3628 2673 3810 2757 ἀπαν-

2224 2753 2390 2824 τῶσιν
2410 2784 2423 2796 ·
2452 2759 2605 2828 οὗτος
2641 2763 2697 2816 δὲ
2731 2761 2859 2816 ὅταν
2888 2758 3375 2828 συγκεκλεισμένος
3474 2757 3566 2810 καὶ
3603 2755 3814 2824 φυλατ-

2222 2852 2473 2922 τόμενος,
2501 2847 2621 2901 τότε
2643 2843 2906 2899 ἀπόλλυσι
2942 2842 3071 2905 τοὺς
3106 2840 3481 2911 κεκτημένους
3513 2838 3673 2892 αύτὺν
3706 2839 3819 2892 καῖ’

2229 2935 2613 3007 φυλάττοντας.
2650 2928 2788 2982 Ἀλλ’
2815 2929 2975 3000 ἡμεῖς
3001 2926 3062 2980 16
3089 2925 3277 2996 θηρίον
3304 2923 3462 2978 τοῦτο
3486 2924 3814 3007 ποιήσωμεν

2229 3006 2456 3092 ἥμερον.
2484 3015 2678 3068 Ἔσται
2699 3012 2756 3066 δὲ
2774 3012 3003 3083 ἥμερον,
3028 3009 3094 3064 ἂν
3119 3007 3195 3081 μὴ
3224 3007 3632 3092 κατακλείωμεν
3652 3006 3812 3069 αὐτὸ,

2231 3090 2365 3156 ἀλλά
2393 3102 2511 3162 ταῖς
2546 3098 2800 3151 ἁπάντων
2835 3094 2945 3147 τῶν
2978 3093 3253 3165 δεομένων
3282 3090 3648 3163 προσάγωμεν
3673 3106 3810 3159 χερο

2233 3186 2337 3239 σίν.
2386 3183 2541 3237 υῦτω
2582 3180 2678 3235 καὶ
2720 3179 2789 3232 τά
2822 3177 3056 3249 μέγιστα
3100 3174 3353 3229 ἐντεῦθεν
3401 3173 3813 3243 καρπωσόμεθα

2232 3267 2431 3338 ἀγαθὰ,
2457 3267 2552 3319 καὶ
2582 3266 2640 3317 ἐν
2676 3262 2754 3333 τῷ
2790 3262 3017 3332 παρόντι
3060 3259 3158 3330 βίῳ
3197 3257 3335 3330 μετὰ
3379 3255 3676 3326 ἀσφαλείας
3708 3254 3817 3308 καὶ

2236 3353 2479 3424 χρηστῆς
2524 3349 2722 3414 ζῶντες
2757 3345 2993 3409 ἐλπίδος,
3047 3344 3143 3395 καὶ
3183 3340 3464 3424 κατάᾔτὴν
3509 3340 3813 3424 μέλλουσαν

2227 3419 2446 3508 ἡμέραν
2467 3432 2605 3505 μετά
2628 3429 2941 3502 παρρησίας
2977 3427 3255 3497 ἱστάμενοι
3279 3441 3291 3453 ·
3328 3419 3394 3495 ἦς
3429 3425 3637 3508 γένοιτο
3671 3422 3812 3508 πάνῗ

2228 3504 2502 3590 ταςνὴμᾶς
2534 3515 2831 3586 ἐπιτυχεῖν,
2858 3512 3043 3583 χάριτι
3064 3510 3159 3564 καὶ
3189 3506 3592 3579 φιλανθρωπία,
3625 3506 3715 3558 καὶ
3737 3504 3819 3559 τὰ

2232 3603 2382 3675 ἐξῆς.

1984 4153 2227 4207 OMIAIA
2264 4152 2403 4220 Δεῖν.

568 4309 865 4380 Ἀδελφοί,
900 4309 988 4380 μὴ
1029 4309 1238 4363 παιδία
1270 4308 1514 4379 γίνεσθε
1545 4308 1676 4375 ταῖς
1703 4306 1941 4379 φρεσίν,
1971 4308 2134 4363 ἀλλὰ

626 4396 702 4464 τῇ
736 4395 916 4461 κακίᾳ
953 4391 1288 4464 νηπιάζετε,
1316 4392 1446 4460 ταῖς
1473 4391 1543 4446 δὲ
1576 4394 1758 4463 φρεσὶ
1786 4393 2002 4447 τέλειοι
2044 4393 2134 4461 γι-

626 4482 830 4534 νεσθε.

626 4567 698 4614 α’.
736 4559 977 4621 Εἰκότως
1011 4558 1151 4627 μετά
1183 4557 1281 4629 τὴν
1313 4557 1513 4628 πολλὴν
1537 4557 1879 4628 κατασκευὴν
1912 4557 2009 4611 καὶ
2038 4556 2135 4628 τὴν

556 4641 855 4708 ἀπόδειξιν,
883 4640 1235 4711 σφοδρότερον
1257 4640 1523 4711 κέχρηται
1547 4639 1627 4710 τῷ
1655 4640 1821 4711 λόγῳ,
1843 4641 1938 4693 καὶ
1965 4639 2132 4711 πολλῇ

558 4731 625 4799 τῇ
654 4724 994 4797 ἐπιτιμήσει,
1030 4723 1122 4777 καὶ
1153 4724 1593 4793 παραδείγματος
1636 4724 1912 4794 μέμνηται
1940 4724 2136 4777 καταλ·

560 4811 721 4881 λήλου
750 4802 832 4879 τῷ
870 4806 1238 4878 ὑποκειμένῳ.
1272 4805 1382 4858 Καὶ
1415 4803 1525 4875 γὰρ
1560 4807 1629 4859 τὰ
1663 4805 1851 4859 παιδία
1876 4806 2010 4876 πρὸς
2037 4807 2136 4877 μὲν

558 4895 629 4946 τὰ
657 4893 830 4962 μικρὰ
873 4892 1067 4964 κέχηνε
1106 4891 1200 4944 καὶ
1239 4889 1518 4959 ἐπτόηται,
1552 4888 1661 4942 τῶν
1702 4890 1759 4943 δὲ
1799 4891 2004 4961 σφόδρα
2037 4909 2137 4962 με·-

563 4974 742 5039 γάλων
766 4976 827 5027 οὐ
875 4975 1127 5029 τοσοῦτον
1164 4975 1276 5045 ἔχει
1310 4973 1514 5045 θαῦμα.
1561 4973 1716 5026 Ἐπεὶ
1742 4968 1833 5027 οῦν
1869 4975 1962 5028 καὶ
1992 4969 2138 5029 οὗτοι

563 5057 824 5125 γλωσσῶν
869 5058 1083 5125 ἔχοντες
1120 5059 1384 5129 χάρισμα,
1436 5057 1498 5111 16
1537 5058 1644 5111 πᾶν
1678 5056 1820 5128 ἔχειν
1864 5057 2135 5128 ἐνόμιζον,

562 5141 701 5210 ὅπερ
744 5137 852 5191 τῶν
885 5137 1061 5192 ἄλλων
1104 5140 1329 5209 ἔσχατον
1373 5137 1466 5212 ἦν,
1506 5142 1594 5195 διὰ
1639 5142 1796 5196 τοῦτό
1842 5160 1996 5213 φησι,
2041 5144 2137 5212 Μὴ

564 5223 773 5279 παιδία
810 5222 1073 5291 γίνεσθε,
1109 5223 1392 5287 τουτέστι,
1442 5223 1517 5294 μὴ
1554 5225 1802 5295 ἀνόητοι,
1842 5225 1972 5279 ἔνθα
2014 5243 2140 5280 συν-

564 5310 722 5372 ετοῦς
769 5301 910 5359 εἶναι
938 5304 1065 5378 χρὴ,
1097 5304 1211 5360 ἀλλ’
1256 5308 1373 5359 ἐκεῖ
1408 5310 1590 5377 νὴπιοι
1622 5310 1714 5361 καὶ
1737 5309 1977 5378 ἀφελεῖς,
2012 5310 2139 5363 ἔνθα

564 5392 771 5459 ἀδικία,
809 5390 941 5446 ἔνθα
987 5388 1283 5457 κενοδοξία.
1314 5389 1442 5444 ἔνθα
1481 5389 1711 5461 φύσημα
1735 5409 1748 5422 ·
1784 5393 1877 5446 τὸν
1920 5392 2028 5463 γὰρ
2072 5396 2137 5465 τῇ

569 5477 736 5548 κακίᾳ
776 5475 1114 5549 νηπιάζοντα
1160 5477 1255 5528 καὶ
1295 5475 1557 5547 φρόνιμον
1602 5470 1742 5531 εἶναι
1781 5477 1882 5531 δεῖ.
1930 5476 2141 5548 Ὠσπερ

571 5562 675 5631 γὰρ
707 5563 968 5632 φρόνησις
997 5559 1141 5631 μετά
1167 5563 1501 5631 κακουργίας
1520 5560 1622 5613 ούκ
1648 5560 1715 5615 ἀν
1736 5561 1823 5629 είη
1857 5560 2140 5629 φρόνησις,

570 5641 711 5696 οὕτω
736 5645 830 5700 καὶ
860 5644 1085 5712 ἀφέλεια
1118 5642 1270 5714 [5551
1296 5642 1433 5712 μετά
1454 5641 1639 5704 ἀνοίας
1660 5641 1762 5695 οὐκ
1782 5642 1849 5696 ἂν
1884 5640 1970 5709 εἴη
2004 5642 2141 5709 ἀφέ-

578 5724 716 5778 λεια.
756 5726 862 5778 Καὶ
893 5726 1000 5795 γὰρ
1023 5728 1079 5779 ἐν
1105 5728 1170 5794 τῇ
1197 5724 1423 5795 ἀφελείᾳ
1456 5722 1550 5776 καὶ
1579 5724 1678 5795 τὴν
1705 5725 1891 5777 ἀνοιαν
1921 5722 2142 5792 φεύγειν

2234 4306 2334 4372 δεῖ,
2370 4307 2464 4361 καὶ
2490 4307 2547 4361 ἐν
2572 4309 2635 4379 τῇ
2672 4307 2931 4379 φρονήσει
2964 4307 3062 4380 τὴν
3093 4308 3379 4380 πονηρίαν.
3409 4308 3675 4382 Καθάπερ
3699 4311 3819 4382 γὰρ

2233 4390 2357 4445 οὔτε
2389 4392 2460 4445 τά
2491 4391 2664 4463 πικρά
2703 4391 2967 4462 φάρμακα
3004 4391 3148 4461 πέρα
3189 4390 3285 4444 τοῦ
3328 4392 3556 4457 δέοντος,
3585 4391 3709 4447 οὔτε
3740 4396 3820 4450 τὰ

2234 4475 2440 4546 γλυκέα
2485 4477 2745 4547 ὀνίνησιν.
2789 4475 2961 4541 οὕτως
3008 4477 3131 4529 οὐδὲ
3170 4476 3399 4546 ἀφέλεια
3436 4478 3557 4532 καθ’
3586 4479 3823 4551 ἑαυτὴν,

2233 4559 2356 4612 ούδέ
2402 4559 2684 4629 φρόνησις.
2734 4559 2934 4629 Διόπερ
2972 4560 3261 4631 ἀμφότερα
3297 4561 3670 4632 κατακράσαι
3716 4579 3823 4615 κε-

2234 4641 2406 4695 λεύων
2434 4643 2463 4694 6
2506 4641 2742 4711 Χριστὸς
2787 4641 2965 4709 ἔλεγε,
3014 4644 3275 4697 Γίνεσθε
3321 4644 3598 4713 φρόνιμοι
3641 4645 3722 4709 ὡς
3758 4649 3825 4700 οι

2235 4725 2425 4796 ὄφεις,
2459 4725 2558 4779 καὶ
2583 4725 2846 4793 ἀκέραιοι
2876 4726 2958 4790 ὠς
2995 4728 3054 4779 αι
3095 4727 3459 4794 περιστεραί.
3500 4728 3568 4780 Τί
3603 4728 3660 4781 δέ
3692 4730 3819 4782 ἐστι

2235 4810 2428 4881 νήπιον
2456 4804 2595 4862 εἶναι
2640 4808 2842 4880 κακίᾳ;
2888 4809 2963 4861 Τὸ
3011 4808 3148 4880 μηδὲ
3191 4809 3388 4863 εἰδέναι
3436 4810 3489 4862 τί
3530 4811 3658 4863 ποτέ
3693 4814 3819 4865 ἐστι

2238 4894 2436 4949 κακία·
2471 4892 2745 4955 τοιούτους
2776 4892 2886 4963 γάρ
2919 4893 3116 4954 αὐτοὺς
3140 4889 3280 4946 εἶναι
3306 4893 3577 4948 ἐϐούλετο.
3600 4895 3693 4949 Διὸ
3721 4898 3822 4950 καὶ

2239 4978 2443 5047 ἔλεγεν,
2502 4976 2696 5042 Ὅλως
2736 4975 3015 5029 ἀκούεται
3070 4976 3141 5029 ἐν
3182 4975 3327 5045 ὑμῖν
3374 4979 3641 5044 πορνεία.
3700 4981 3821 5031 Οὐκ

2240 5056 2384 5124 εἷπε,
2415 5060 2457 5112 Τ
2459 5058 2712 5129 ολμᾶται,
2745 5057 2883 5122 ἀλλ’,
2934 5057 3250 5113 Ἀκούεται.
3291 5060 3434 5113 Ἱστε
3463 5060 3571 5131 γὰρ
3591 5060 3727 5124 ὅλως
3754 5062 3821 5111 16

2241 5147 2492 5217 πρᾶγμα,
2528 5140 2693 5213 φησίν
2715 5154 2729 5170 ⁸
2760 5139 3028 5213 ἡκούσατε
3061 5140 3170 5210 γὰρ
3210 5142 3346 5195 αύτό
3388 5160 3542 5198 ποτε.
3563 5145 3673 5197 Καὶ
3706 5144 3822 5215 γὰρ

2240 5226 2489 5279 ἐϐούλετο
2512 5224 2606 5278 καὶ
2629 5223 2828 5294 ἄνδρας
2851 5223 3049 5286 αὐτοὺς
3067 5219 3209 5277 εἶναι
3238 5224 3333 5278 καὶ
3358 5226 3576 5291 παῖδας,
3600 5226 3733 5280 ἀλλά
3754 5229 3823 5280 τὸ

2243 5311 2341 5381 μέν
2369 5312 2428 5363 ἐν
2466 5313 2533 5380 τῇ
2581 5308 2767 5381 κακίᾳ,
2815 5309 2873 5361 16
2911 5308 2969 5361 δὲ
3004 5309 3063 5362 ὲν
3104 5312 3169 5380 τῇ
3200 5312 3481 5383 φρονήσει.
3518 5310 3672 5364 Οῦτω
3705 5312 3820 5383 γὰρ

2240 5394 2332 5447 καὶ
2359 5393 2388 5445 6
2419 5393 2556 5464 ἀνὴρ
2580 5392 2775 5461 γένοιτ’
2814 5391 2880 5446 ἂν
2907 5393 3070 5463 ἀνὴρ,
3098 5393 3195 5445 ἐὰν
3234 5394 3329 5447 καὶ
3361 5392 3628 5467 παιδίον
3653 5412 3668 5425 ·
3708 5394 3820 5456 ἕως

2239 5478 2295 5532 δὲ
2327 5476 2393 5531 ἂν
2424 5476 2498 5546 μὴ
2537 5475 2748 5529 παιδίον
2843 5477 2909 5544 τῇ
2941 5475 3195 5546 πονηρίᾳ,
3225 5476 3345 5529 οὐδὲ
3375 5477 3514 5547 ἀνὴρ
3545 5477 3718 5530 ἔσται.
3755 5477 3821 5529 ’0

2241 5561 2349 5631 γὰρ
2375 5559 2682 5629 κακοῦργος
2712 5559 2813 5612 οὐκ
2839 5558 2992 5611 ἔσται
3017 5558 3240 5625 τέλειος,
3270 5558 3387 5613 ἀλλ’
3409 5560 3657 5630 ἀνόητος.
3715 5559 3824 5613 Ἐν

2242 5639 2318 5709 τῷ
2348 5641 2459 5710 γὰρ
2508 5641 2670 5709 νόμῳ
2710 5639 3053 5713 γέγραπται,
3086 5640 3177 5693 ὅτι
3217 5641 3289 5695 ἐν
3321 5641 3821 5711 ἐτείογλώσσοις,

2245 5725 2339 5780 καί
2370 5726 2438 5780 ἐν
2476 5724 2749 5793 χείλεσιν
2781 5724 3004 5794 ἑτέροις
3039 5724 3291 5791 λαλήσω
3324 5722 3403 5791 τῷ
3446 5724 3572 5791 ,ιιιῴ
3608 5725 3823 5795 τούτῳ,
