  <div class='ocr_page' id='page_1' title='image "/cluster/home/n/w/nwhite01/storage/ocr_20150623/61/hvd.32044054166368/310.png"; bbox 0 0 2061 3113; ppageno 0'>
   <div class='ocr_carea' id='block_1_1' title="bbox 179 165 233 194">
    <p class='ocr_par' dir='ltr' id='par_1_1' title="bbox 179 165 233 194">
     <span class='ocr_line' id='line_1_1' title="bbox 179 165 233 194; baseline -0.037 0"><span class='ocrx_word' id='word_1_1' title='bbox 179 165 233 194; x_wconf 68' lang='lat'><strong>505</strong></span> 
     </span>
    </p>
   </div>
   <div class='ocr_carea' id='block_1_2' title="bbox 177 216 974 257">
    <p class='ocr_par' dir='ltr' id='par_1_2' title="bbox 177 216 974 257">
     <span class='ocr_line' id='line_1_2' title="bbox 177 216 974 257; baseline -0.008 -8"><span class='ocrx_word' id='word_1_2' title='bbox 177 223 280 257; x_wconf 78' lang='lat' dir='ltr'><strong>jacere.</strong></span> <span class='ocrx_word' id='word_1_3' title='bbox 288 219 353 254; x_wconf 83' lang='lat' dir='ltr'><strong>Quis</strong></span> <span class='ocrx_word' id='word_1_4' title='bbox 362 223 403 246; x_wconf 88' lang='lat' dir='ltr'><strong>est</strong></span> <span class='ocrx_word' id='word_1_5' title='bbox 413 225 477 254; x_wconf 74' lang='lat' dir='ltr'><strong>ergo</strong></span> <span class='ocrx_word' id='word_1_6' title='bbox 486 218 584 246; x_wconf 74' lang='lat' dir='ltr'><strong>divitiis</strong></span> <span class='ocrx_word' id='word_1_7' title='bbox 592 216 777 253; x_wconf 82' lang='lat' dir='ltr'><strong>majorbostis,</strong></span> <span class='ocrx_word' id='word_1_8' title='bbox 788 224 847 252; x_wconf 77' lang='lat' dir='ltr'><strong>qua:</strong></span> <span class='ocrx_word' id='word_1_9' title='bbox 854 217 974 244; x_wconf 75' lang='lat' dir='ltr'><strong>vivorum</strong></span> 
     </span>
    </p>
   </div>
   <div class='ocr_carea' id='block_1_3' title="bbox 179 263 969 303">
    <p class='ocr_par' dir='ltr' id='par_1_3' title="bbox 179 263 969 303">
     <span class='ocr_line' id='line_1_3' title="bbox 179 263 969 303; baseline -0.008 -9"><span class='ocrx_word' id='word_1_10' title='bbox 179 267 289 303; x_wconf 85' lang='lat' dir='ltr'><strong>quidem</strong></span> <span class='ocrx_word' id='word_1_11' title='bbox 298 266 413 302; x_wconf 85' lang='lat' dir='ltr'><strong>perdunt</strong></span> <span class='ocrx_word' id='word_1_12' title='bbox 420 264 546 296; x_wconf 88' lang='lat' dir='ltr'><strong>animam,</strong></span> <span class='ocrx_word' id='word_1_13' title='bbox 557 267 720 291; x_wconf 88' lang='lat' dir='ltr'><strong>mortuorum</strong></span> <span class='ocrx_word' id='word_1_14' title='bbox 729 267 818 290; x_wconf 84' lang='lat' dir='ltr'><strong>autem</strong></span> <span class='ocrx_word' id='word_1_15' title='bbox 827 263 905 290; x_wconf 86' lang='lat' dir='ltr'><strong>etiam</strong></span> <span class='ocrx_word' id='word_1_16' title='bbox 917 271 969 289; x_wconf 88' lang='lat' dir='ltr'><strong>cor-</strong></span> 
     </span>
    </p>
   </div>
   <div class='ocr_carea' id='block_1_4' title="bbox 181 307 961 348">
    <p class='ocr_par' dir='ltr' id='par_1_4' title="bbox 181 307 961 348">
     <span class='ocr_line' id='line_1_4' title="bbox 181 307 961 348; baseline -0.008 -8"><span class='ocrx_word' id='word_1_17' title='bbox 181 321 231 348; x_wconf 87' lang='lat' dir='ltr'><strong>pus</strong></span> <span class='ocrx_word' id='word_1_18' title='bbox 243 313 342 347; x_wconf 89' lang='lat' dir='ltr'><strong>probro</strong></span> <span class='ocrx_word' id='word_1_19' title='bbox 351 315 378 339; x_wconf 89' lang='lat' dir='ltr'><strong>et</strong></span> <span class='ocrx_word' id='word_1_20' title='bbox 387 309 548 338; x_wconf 77' lang='lat' dir='ltr'><strong>contumelia</strong></span> <span class='ocrx_word' id='word_1_21' title='bbox 559 308 689 341; x_wconf 68' lang='lat' dir='ltr'><strong>alliciunt,</strong></span> <span class='ocrx_word' id='word_1_22' title='bbox 701 313 728 336; x_wconf 86' lang='lat' dir='ltr'><strong>et</strong></span> <span class='ocrx_word' id='word_1_23' title='bbox 739 315 771 336; x_wconf 91' lang='lat' dir='ltr'><strong>ne</strong></span> <span class='ocrx_word' id='word_1_24' title='bbox 787 313 857 336; x_wconf 82' lang='lat' dir='ltr'><strong>terra</strong></span> <span class='ocrx_word' id='word_1_25' title='bbox 868 307 961 343; x_wconf 66' lang='lat' dir='ltr'><strong>quitler</strong></span> 
     </span>
    </p>
   </div>
   <div class='ocr_carea' id='block_1_5' title="bbox 182 354 975 395">
    <p class='ocr_par' dir='ltr' id='par_1_5' title="bbox 182 354 975 395">
     <span class='ocr_line' id='line_1_5' title="bbox 182 354 975 395; baseline -0.01 -8"><span class='ocrx_word' id='word_1_26' title='bbox 182 360 233 395; x_wconf 76' lang='lat' dir='ltr'><strong>tegi</strong></span> <span class='ocrx_word' id='word_1_27' title='bbox 245 357 424 394; x_wconf 83' lang='lat' dir='ltr'><strong>permittunt?</strong></span> <span class='ocrx_word' id='word_1_28' title='bbox 434 355 505 392; x_wconf 91' lang='lat' dir='ltr'><strong>quod</strong></span> <span class='ocrx_word' id='word_1_29' title='bbox 518 355 625 391; x_wconf 85' lang='lat' dir='ltr'><strong>quidem</strong></span> <span class='ocrx_word' id='word_1_30' title='bbox 636 359 677 382; x_wconf 88' lang='lat' dir='ltr'><strong>est</strong></span> <span class='ocrx_word' id='word_1_31' title='bbox 693 362 836 382; x_wconf 84' lang='lat' dir='ltr'><strong>commune</strong></span> <span class='ocrx_word' id='word_1_32' title='bbox 845 359 872 382; x_wconf 89' lang='lat' dir='ltr'><strong>et</strong></span> <span class='ocrx_word' id='word_1_33' title='bbox 889 354 921 381; x_wconf 86' lang='lat' dir='ltr'><strong>iis</strong></span> <span class='ocrx_word' id='word_1_34' title='bbox 931 355 975 388; x_wconf 89' lang='lat' dir='ltr'><strong>qut</strong></span> 
     </span>
    </p>
   </div>
   <div class='ocr_carea' id='block_1_6' title="bbox 180 401 974 437">
    <p class='ocr_par' dir='ltr' id='par_1_6' title="bbox 180 401 974 437">
     <span class='ocr_line' id='line_1_6' title="bbox 180 401 974 437; baseline -0.006 -4"><span class='ocrx_word' id='word_1_35' title='bbox 180 410 244 433; x_wconf 89' lang='lat' dir='ltr'><strong>sunt</strong></span> <span class='ocrx_word' id='word_1_36' title='bbox 261 403 442 435; x_wconf 86' lang='lat' dir='ltr'><strong>condemnati,</strong></span> <span class='ocrx_word' id='word_1_37' title='bbox 460 407 488 430; x_wconf 89' lang='lat' dir='ltr'><strong>et</strong></span> <span class='ocrx_word' id='word_1_38' title='bbox 504 409 593 430; x_wconf 86' lang='lat' dir='ltr'><strong>rerum</strong></span> <span class='ocrx_word' id='word_1_39' title='bbox 622 402 833 437; x_wconf 87' lang='lat' dir='ltr'><strong>turpissimarum</strong></span> <span class='ocrx_word' id='word_1_40' title='bbox 850 401 974 429; x_wconf 70' lang='lat' dir='ltr'><strong>convicti.</strong></span> 
     </span>
    </p>
   </div>
   <div class='ocr_carea' id='block_1_7' title="bbox 180 448 977 485">
    <p class='ocr_par' dir='ltr' id='par_1_7' title="bbox 180 448 977 485">
     <span class='ocr_line' id='line_1_7' title="bbox 180 448 977 485; baseline -0.006 -6"><span class='ocrx_word' id='word_1_41' title='bbox 180 452 247 479; x_wconf 77' lang='lat' dir='ltr'><strong>Nam</strong></span> <span class='ocrx_word' id='word_1_42' title='bbox 256 459 318 479; x_wconf 90' lang='lat' dir='ltr'><strong>cum</strong></span> <span class='ocrx_word' id='word_1_43' title='bbox 327 450 360 478; x_wconf 90' lang='lat' dir='ltr'><strong>de</strong></span> <span class='ocrx_word' id='word_1_44' title='bbox 369 450 422 477; x_wconf 88' lang='lat' dir='ltr'><strong>illis</strong></span> <span class='ocrx_word' id='word_1_45' title='bbox 428 449 534 485; x_wconf 84' lang='lat' dir='ltr'><strong>quidem</strong></span> <span class='ocrx_word' id='word_1_46' title='bbox 544 456 635 484; x_wconf 64' lang='lat' dir='ltr'><strong>poenas</strong></span> <span class='ocrx_word' id='word_1_47' title='bbox 641 448 735 483; x_wconf 88' lang='lat' dir='ltr'><strong>capitis</strong></span> <span class='ocrx_word' id='word_1_48' title='bbox 745 448 891 483; x_wconf 75' lang='lat' dir='ltr'><strong>exegerint,</strong></span> <span class='ocrx_word' id='word_1_49' title='bbox 899 448 977 483; x_wconf 72' lang='lat' dir='ltr'><strong>legis-</strong></span> 
     </span>
    </p>
   </div>
   <div class='ocr_carea' id='block_1_8' title="bbox 181 493 976 529">
    <p class='ocr_par' dir='ltr' id='par_1_8' title="bbox 181 493 976 529">
     <span class='ocr_line' id='line_1_8' title="bbox 181 493 976 529; baseline -0.005 -5"><span class='ocrx_word' id='word_1_50' title='bbox 181 497 282 524; x_wconf 88' lang='lat' dir='ltr'><strong>latores</strong></span> <span class='ocrx_word' id='word_1_51' title='bbox 294 496 358 523; x_wconf 89' lang='lat' dir='ltr'><strong>nihil</strong></span> <span class='ocrx_word' id='word_1_52' title='bbox 373 495 485 522; x_wconf 87' lang='lat' dir='ltr'><strong>ulterius</strong></span> <span class='ocrx_word' id='word_1_53' title='bbox 498 494 635 529; x_wconf 89' lang='lat' dir='ltr'><strong>inqttirunt</strong></span> <span class='ocrx_word' id='word_1_54' title='bbox 648 503 654 520; x_wconf 74' lang='grc' dir='ltr'>ε</span> <span class='ocrx_word' id='word_1_55' title='bbox 672 494 705 520; x_wconf 83' lang='lat' dir='ltr'><strong>ab</strong></span> <span class='ocrx_word' id='word_1_56' title='bbox 720 494 760 521; x_wconf 90' lang='lat' dir='ltr'><strong>his</strong></span> <span class='ocrx_word' id='word_1_57' title='bbox 773 498 860 521; x_wconf 91' lang='lat' dir='ltr'><strong>autem</strong></span> <span class='ocrx_word' id='word_1_58' title='bbox 877 493 976 520; x_wconf 71' lang='lat' dir='ltr'><strong>divitiae</strong></span> 
     </span>
    </p>
   </div>
   <div class='ocr_carea' id='block_1_9' title="bbox 183 539 977 579">
    <p class='ocr_par' dir='ltr' id='par_1_9' title="bbox 183 539 977 579">
     <span class='ocr_line' id='line_1_9' title="bbox 183 539 977 579; baseline -0.005 -9"><span class='ocrx_word' id='word_1_59' title='bbox 183 548 243 579; x_wconf 81' lang='lat' dir='ltr'><strong>post</strong></span> <span class='ocrx_word' id='word_1_60' title='bbox 256 546 368 570; x_wconf 80' lang='lat' dir='ltr'><strong>mortem</strong></span> <span class='ocrx_word' id='word_1_61' title='bbox 380 548 474 575; x_wconf 68' lang='lat' dir='ltr'><strong>poenas</strong></span> <span class='ocrx_word' id='word_1_62' title='bbox 481 540 653 575; x_wconf 78' lang='lat' dir='ltr'><strong>gravissimas</strong></span> <span class='ocrx_word' id='word_1_63' title='bbox 663 539 782 574; x_wconf 77' lang='lat' dir='ltr'><strong>exigunt,</strong></span> <span class='ocrx_word' id='word_1_64' title='bbox 793 539 878 567; x_wconf 90' lang='lat' dir='ltr'><strong>nudos</strong></span> <span class='ocrx_word' id='word_1_65' title='bbox 895 546 977 573; x_wconf 81' lang='lat' dir='ltr'><strong>expo-</strong></span> 
     </span>
    </p>
   </div>
   <div class='ocr_carea' id='block_1_10' title="bbox 183 585 974 622">
    <p class='ocr_par' dir='ltr' id='par_1_10' title="bbox 183 585 974 622">
     <span class='ocr_line' id='line_1_10' title="bbox 183 585 974 622; baseline -0.008 -5"><span class='ocrx_word' id='word_1_66' title='bbox 183 595 277 617; x_wconf 83' lang='lat' dir='ltr'><strong>nentes</strong></span> <span class='ocrx_word' id='word_1_67' title='bbox 289 594 315 616; x_wconf 87' lang='lat' dir='ltr'><strong>et</strong></span> <span class='ocrx_word' id='word_1_68' title='bbox 329 588 485 622; x_wconf 79' lang='lat' dir='ltr'><strong>insepultos,</strong></span> <span class='ocrx_word' id='word_1_69' title='bbox 499 587 677 620; x_wconf 74' lang='lat' dir='ltr'><strong>spectaculum</strong></span> <span class='ocrx_word' id='word_1_70' title='bbox 687 590 799 620; x_wconf 78' lang='lat' dir='ltr'><strong>graveet</strong></span> <span class='ocrx_word' id='word_1_71' title='bbox 815 585 974 612; x_wconf 86' lang='lat' dir='ltr'><strong>miserabile.</strong></span> 
     </span>
    </p>
   </div>
   <div class='ocr_carea' id='block_1_11' title="bbox 181 631 975 668">
    <p class='ocr_par' dir='ltr' id='par_1_11' title="bbox 181 631 975 668">
     <span class='ocr_line' id='line_1_11' title="bbox 181 631 975 668; baseline -0.006 -6"><span class='ocrx_word' id='word_1_72' title='bbox 181 635 214 662; x_wconf 80' lang='lat' dir='ltr'><strong>lii</strong></span> <span class='ocrx_word' id='word_1_73' title='bbox 225 635 295 662; x_wconf 85' lang='lat' dir='ltr'><strong>enim</strong></span> <span class='ocrx_word' id='word_1_74' title='bbox 306 633 429 668; x_wconf 80' lang='lat' dir='ltr'><strong>graviora</strong></span> <span class='ocrx_word' id='word_1_75' title='bbox 441 632 537 664; x_wconf 78' lang='lat' dir='ltr'><strong>ferunt,</strong></span> <span class='ocrx_word' id='word_1_76' title='bbox 551 640 629 666; x_wconf 88' lang='lat' dir='ltr'><strong>quant</strong></span> <span class='ocrx_word' id='word_1_77' title='bbox 642 632 669 662; x_wconf 82' lang='lat' dir='ltr'><strong>ii,</strong></span> <span class='ocrx_word' id='word_1_78' title='bbox 682 633 725 666; x_wconf 87' lang='lat' dir='ltr'><strong>qui</strong></span> <span class='ocrx_word' id='word_1_79' title='bbox 735 632 758 658; x_wconf 96' lang='lat' dir='ltr'><strong>id</strong></span> <span class='ocrx_word' id='word_1_80' title='bbox 770 631 975 666; x_wconf 88' lang='lat' dir='ltr'><strong>patiuntnraju-</strong></span> 
     </span>
    </p>
   </div>
   <div class='ocr_carea' id='block_1_12' title="bbox 181 677 976 712">
    <p class='ocr_par' dir='ltr' id='par_1_12' title="bbox 181 677 976 712">
     <span class='ocr_line' id='line_1_12' title="bbox 181 677 976 712; baseline -0.005 -5"><span class='ocrx_word' id='word_1_81' title='bbox 181 680 357 707; x_wconf 81' lang='lat' dir='ltr'><strong>diciscalcnlo</strong></span> <span class='ocrx_word' id='word_1_82' title='bbox 371 684 397 706; x_wconf 91' lang='lat' dir='ltr'><strong>et</strong></span> <span class='ocrx_word' id='word_1_83' title='bbox 409 679 457 705; x_wconf 89' lang='lat' dir='ltr'><strong>ira.</strong></span> <span class='ocrx_word' id='word_1_84' title='bbox 471 678 536 705; x_wconf 83' lang='lat' dir='ltr'><strong>Nam</strong></span> <span class='ocrx_word' id='word_1_85' title='bbox 547 678 583 704; x_wconf 90' lang='lat' dir='ltr'><strong>illi</strong></span> <span class='ocrx_word' id='word_1_86' title='bbox 596 678 702 712; x_wconf 83' lang='lat' dir='ltr'><strong>quidem</strong></span> <span class='ocrx_word' id='word_1_87' title='bbox 716 685 774 704; x_wconf 88' lang='lat' dir='ltr'><strong>cum</strong></span> <span class='ocrx_word' id='word_1_88' title='bbox 791 685 843 704; x_wconf 90' lang='lat' dir='ltr'><strong>uno</strong></span> <span class='ocrx_word' id='word_1_89' title='bbox 856 682 882 704; x_wconf 90' lang='lat' dir='ltr'><strong>et</strong></span> <span class='ocrx_word' id='word_1_90' title='bbox 893 677 976 703; x_wconf 86' lang='lat' dir='ltr'><strong>altero</strong></span> 
     </span>
    </p>
   </div>
   <div class='ocr_carea' id='block_1_13' title="bbox 181 723 975 759">
    <p class='ocr_par' dir='ltr' id='par_1_13' title="bbox 181 723 975 759">
     <span class='ocr_line' id='line_1_13' title="bbox 181 723 975 759; baseline -0.005 -6"><span class='ocrx_word' id='word_1_91' title='bbox 181 727 226 754; x_wconf 90' lang='lat' dir='ltr'><strong>die</strong></span> <span class='ocrx_word' id='word_1_92' title='bbox 238 725 383 753; x_wconf 77' lang='lat' dir='ltr'><strong>manserint</strong></span> <span class='ocrx_word' id='word_1_93' title='bbox 393 724 524 759; x_wconf 74' lang='lat' dir='ltr'><strong>insepulti.</strong></span> <span class='ocrx_word' id='word_1_94' title='bbox 537 729 614 750; x_wconf 68' lang='lat' dir='ltr'><strong>terra:</strong></span> <span class='ocrx_word' id='word_1_95' title='bbox 624 724 796 750; x_wconf 89' lang='lat' dir='ltr'><strong>mandantur:</strong></span> <span class='ocrx_word' id='word_1_96' title='bbox 809 723 833 750; x_wconf 90' lang='lat' dir='ltr'><strong>hi</strong></span> <span class='ocrx_word' id='word_1_97' title='bbox 845 731 908 750; x_wconf 92' lang='lat' dir='ltr'><strong>vero</strong></span> <span class='ocrx_word' id='word_1_98' title='bbox 916 731 975 750; x_wconf 87' lang='lat' dir='ltr'><strong>cntu</strong></span> 
     </span>
    </p>
   </div>
   <div class='ocr_carea' id='block_1_14' title="bbox 179 770 976 805">
    <p class='ocr_par' dir='ltr' id='par_1_14' title="bbox 179 770 976 805">
     <span class='ocr_line' id='line_1_14' title="bbox 179 770 976 805; baseline -0.005 -5"><span class='ocrx_word' id='word_1_99' title='bbox 179 778 263 800; x_wconf 72' lang='lat' dir='ltr'><strong>terra:</strong></span> <span class='ocrx_word' id='word_1_100' title='bbox 284 772 400 799; x_wconf 87' lang='lat' dir='ltr'><strong>mandati</strong></span> <span class='ocrx_word' id='word_1_101' title='bbox 419 771 528 802; x_wconf 76' lang='lat' dir='ltr'><strong>fuerint,</strong></span> <span class='ocrx_word' id='word_1_102' title='bbox 551 777 612 797; x_wconf 89' lang='lat' dir='ltr'><strong>tunc</strong></span> <span class='ocrx_word' id='word_1_103' title='bbox 628 771 770 802; x_wconf 84' lang='lat' dir='ltr'><strong>nudantur,</strong></span> <span class='ocrx_word' id='word_1_104' title='bbox 785 770 934 805; x_wconf 74' lang='lat' dir='ltr'><strong>probroque</strong></span> <span class='ocrx_word' id='word_1_105' title='bbox 950 775 976 797; x_wconf 93' lang='lat' dir='ltr'><strong>et</strong></span> 
     </span>
    </p>
   </div>
   <div class='ocr_carea' id='block_1_15' title="bbox 181 816 976 851">
    <p class='ocr_par' dir='ltr' id='par_1_15' title="bbox 181 816 976 851">
     <span class='ocr_line' id='line_1_15' title="bbox 181 816 976 851; baseline -0.004 -5"><span class='ocrx_word' id='word_1_106' title='bbox 181 818 343 846; x_wconf 77' lang='lat' dir='ltr'><strong>contumelia</strong></span> <span class='ocrx_word' id='word_1_107' title='bbox 355 817 515 844; x_wconf 85' lang='lat' dir='ltr'><strong>afficiuntur.</strong></span> <span class='ocrx_word' id='word_1_108' title='bbox 528 816 603 850; x_wconf 91' lang='lat' dir='ltr'><strong>Quod</strong></span> <span class='ocrx_word' id='word_1_109' title='bbox 615 817 637 843; x_wconf 87' lang='lat' dir='ltr'><strong>si</strong></span> <span class='ocrx_word' id='word_1_110' title='bbox 649 824 701 842; x_wconf 86' lang='lat' dir='ltr'><strong>non</strong></span> <span class='ocrx_word' id='word_1_111' title='bbox 711 817 791 843; x_wconf 88' lang='lat' dir='ltr'><strong>etiam</strong></span> <span class='ocrx_word' id='word_1_112' title='bbox 803 821 879 851; x_wconf 86' lang='lat' dir='ltr'><strong>rapto</strong></span> <span class='ocrx_word' id='word_1_113' title='bbox 890 816 976 843; x_wconf 81' lang='lat' dir='ltr'><strong>loculo</strong></span> 
     </span>
    </p>
   </div>
   <div class='ocr_carea' id='block_1_16' title="bbox 182 862 975 897">
    <p class='ocr_par' dir='ltr' id='par_1_16' title="bbox 182 862 975 897">
     <span class='ocr_line' id='line_1_16' title="bbox 182 862 975 897; baseline -0.005 -5"><span class='ocrx_word' id='word_1_114' title='bbox 182 865 311 893; x_wconf 80' lang='lat' dir='ltr'><strong>recedunt</strong></span> <span class='ocrx_word' id='word_1_115' title='bbox 324 865 441 891; x_wconf 80' lang='lat' dir='ltr'><strong>latrones</strong></span> <span class='ocrx_word' id='word_1_116' title='bbox 451 884 458 895; x_wconf 87' lang='lat'><strong>,</strong></span> <span class='ocrx_word' id='word_1_117' title='bbox 470 863 503 890; x_wconf 89' lang='lat' dir='ltr'><strong>de</strong></span> <span class='ocrx_word' id='word_1_118' title='bbox 519 870 550 890; x_wconf 92' lang='lat' dir='ltr'><strong>eo</strong></span> <span class='ocrx_word' id='word_1_119' title='bbox 564 870 615 889; x_wconf 91' lang='lat' dir='ltr'><strong>non</strong></span> <span class='ocrx_word' id='word_1_120' title='bbox 631 862 730 889; x_wconf 74' lang='lat' dir='ltr'><strong>divitiis</strong></span> <span class='ocrx_word' id='word_1_121' title='bbox 741 883 747 893; x_wconf 84' lang='grc'><em>,</em></span> <span class='ocrx_word' id='word_1_122' title='bbox 762 862 808 889; x_wconf 85' lang='lat' dir='ltr'><strong>sed</strong></span> <span class='ocrx_word' id='word_1_123' title='bbox 829 862 975 897; x_wconf 69' lang='lat' dir='ltr'><strong>paupertati</strong></span> 
     </span>
    </p>
   </div>
   <div class='ocr_carea' id='block_1_17' title="bbox 183 908 975 946">
    <p class='ocr_par' dir='ltr' id='par_1_17' title="bbox 183 908 975 946">
     <span class='ocr_line' id='line_1_17' title="bbox 183 908 975 946; baseline -0.006 -7"><span class='ocrx_word' id='word_1_124' title='bbox 183 917 248 939; x_wconf 85' lang='lat' dir='ltr'><strong>sunt</strong></span> <span class='ocrx_word' id='word_1_125' title='bbox 262 911 392 939; x_wconf 72' lang='lat' dir='ltr'><strong>habendm</strong></span> <span class='ocrx_word' id='word_1_126' title='bbox 406 911 498 946; x_wconf 78' lang='lat' dir='ltr'><strong>gratia:</strong></span> <span class='ocrx_word' id='word_1_127' title='bbox 513 919 520 937; x_wconf 84' lang='lat'><strong>:</strong></span> <span class='ocrx_word' id='word_1_128' title='bbox 538 910 593 944; x_wconf 89' lang='lat' dir='ltr'><strong>ipsa</strong></span> <span class='ocrx_word' id='word_1_129' title='bbox 620 910 690 937; x_wconf 91' lang='lat' dir='ltr'><strong>enim</strong></span> <span class='ocrx_word' id='word_1_130' title='bbox 707 909 780 936; x_wconf 92' lang='lat' dir='ltr'><strong>ilhnn</strong></span> <span class='ocrx_word' id='word_1_131' title='bbox 805 909 893 943; x_wconf 83' lang='lat' dir='ltr'><strong>eripit.</strong></span> <span class='ocrx_word' id='word_1_132' title='bbox 910 908 975 935; x_wconf 81' lang='lat' dir='ltr'><strong>Nam</strong></span> 
     </span>
    </p>
   </div>
   <div class='ocr_carea' id='block_1_18' title="bbox 182 954 976 989">
    <p class='ocr_par' dir='ltr' id='par_1_18' title="bbox 182 954 976 989">
     <span class='ocr_line' id='line_1_18' title="bbox 182 954 976 989; baseline -0.005 -4"><span class='ocrx_word' id='word_1_133' title='bbox 182 959 205 985; x_wconf 87' lang='lat' dir='ltr'><strong>si</strong></span> <span class='ocrx_word' id='word_1_134' title='bbox 231 966 291 985; x_wconf 88' lang='lat' dir='ltr'><strong>eum</strong></span> <span class='ocrx_word' id='word_1_135' title='bbox 317 957 544 985; x_wconf 84' lang='lat' dir='ltr'><strong>commisissemus</strong></span> <span class='ocrx_word' id='word_1_136' title='bbox 564 955 673 988; x_wconf 81' lang='lat' dir='ltr'><strong>divitiis,</strong></span> <span class='ocrx_word' id='word_1_137' title='bbox 701 959 728 982; x_wconf 87' lang='lat' dir='ltr'><strong>et</strong></span> <span class='ocrx_word' id='word_1_138' title='bbox 754 962 806 981; x_wconf 90' lang='lat' dir='ltr'><strong>non</strong></span> <span class='ocrx_word' id='word_1_139' title='bbox 830 962 862 981; x_wconf 83' lang='lat' dir='ltr'><strong>ex</strong></span> <span class='ocrx_word' id='word_1_140' title='bbox 890 954 976 989; x_wconf 89' lang='lat' dir='ltr'><strong>lapide</strong></span> 
     </span>
    </p>
   </div>
   <div class='ocr_carea' id='block_1_19' title="bbox 182 1000 977 1034">
    <p class='ocr_par' dir='ltr' id='par_1_19' title="bbox 182 1000 977 1034">
     <span class='ocr_line' id='line_1_19' title="bbox 182 1000 977 1034; baseline -0.006 -4"><span class='ocrx_word' id='word_1_141' title='bbox 182 1003 430 1030; x_wconf 82' lang='lat' dir='ltr'><strong>construxissemus</strong></span> <span class='ocrx_word' id='word_1_142' title='bbox 444 1009 516 1034; x_wconf 86' lang='lat' dir='ltr'><strong>eum,</strong></span> <span class='ocrx_word' id='word_1_143' title='bbox 531 1000 578 1028; x_wconf 80' lang='lat' dir='ltr'><strong>sed</strong></span> <span class='ocrx_word' id='word_1_144' title='bbox 589 1008 621 1027; x_wconf 78' lang='lat' dir='ltr'><strong>ex</strong></span> <span class='ocrx_word' id='word_1_145' title='bbox 634 1007 710 1033; x_wconf 88' lang='lat' dir='ltr'><strong>auro,</strong></span> <span class='ocrx_word' id='word_1_146' title='bbox 723 1007 782 1026; x_wconf 89' lang='lat' dir='ltr'><strong>cum</strong></span> <span class='ocrx_word' id='word_1_147' title='bbox 797 1007 902 1034; x_wconf 90' lang='lat' dir='ltr'><strong>quoque</strong></span> <span class='ocrx_word' id='word_1_148' title='bbox 917 1006 977 1034; x_wconf 82' lang='lat' dir='ltr'><strong>pcr-</strong></span> 
     </span>
    </p>
   </div>
   <div class='ocr_carea' id='block_1_20' title="bbox 183 1045 975 1078">
    <p class='ocr_par' dir='ltr' id='par_1_20' title="bbox 183 1045 975 1078">
     <span class='ocr_line' id='line_1_20' title="bbox 183 1045 975 1078; baseline -0.006 -3"><span class='ocrx_word' id='word_1_149' title='bbox 183 1049 355 1075; x_wconf 80' lang='lat' dir='ltr'><strong>didissemns.</strong></span> <span class='ocrx_word' id='word_1_150' title='bbox 381 1047 455 1074; x_wconf 77' lang='lat' dir='ltr'><strong>Adeo</strong></span> <span class='ocrx_word' id='word_1_151' title='bbox 470 1046 552 1074; x_wconf 83' lang='lat' dir='ltr'><strong>infida</strong></span> <span class='ocrx_word' id='word_1_152' title='bbox 578 1053 622 1072; x_wconf 90' lang='lat' dir='ltr'><strong>res</strong></span> <span class='ocrx_word' id='word_1_153' title='bbox 637 1050 698 1072; x_wconf 91' lang='lat' dir='ltr'><strong>sunt</strong></span> <span class='ocrx_word' id='word_1_154' title='bbox 723 1045 833 1078; x_wconf 67' lang='lat' dir='ltr'><strong>divitiu‘,</strong></span> <span class='ocrx_word' id='word_1_155' title='bbox 860 1049 975 1071; x_wconf 87' lang='lat' dir='ltr'><strong>nectam</strong></span> 
     </span>
    </p>
   </div>
   <div class='ocr_carea' id='block_1_21' title="bbox 182 1091 974 1127">
    <p class='ocr_par' dir='ltr' id='par_1_21' title="bbox 182 1091 974 1127">
     <span class='ocr_line' id='line_1_21' title="bbox 182 1091 974 1127; baseline -0.005 -7"><span class='ocrx_word' id='word_1_156' title='bbox 182 1099 248 1121; x_wconf 84' lang='lat' dir='ltr'><strong>sunt</strong></span> <span class='ocrx_word' id='word_1_157' title='bbox 263 1101 354 1120; x_wconf 88' lang='lat' dir='ltr'><strong>eorum</strong></span> <span class='ocrx_word' id='word_1_158' title='bbox 367 1093 411 1127; x_wconf 88' lang='lat' dir='ltr'><strong>qui</strong></span> <span class='ocrx_word' id='word_1_159' title='bbox 432 1093 539 1124; x_wconf 80' lang='lat' dir='ltr'><strong>habent,</strong></span> <span class='ocrx_word' id='word_1_160' title='bbox 552 1099 630 1126; x_wconf 87' lang='lat' dir='ltr'><strong>quam</strong></span> <span class='ocrx_word' id='word_1_161' title='bbox 646 1099 737 1118; x_wconf 89' lang='lat' dir='ltr'><strong>eorum</strong></span> <span class='ocrx_word' id='word_1_162' title='bbox 753 1091 796 1125; x_wconf 89' lang='lat' dir='ltr'><strong>qui</strong></span> <span class='ocrx_word' id='word_1_163' title='bbox 821 1098 913 1125; x_wconf 87' lang='lat' dir='ltr'><strong>rapere</strong></span> <span class='ocrx_word' id='word_1_164' title='bbox 928 1098 974 1124; x_wconf 81' lang='lat' dir='ltr'><strong>ag-</strong></span> 
     </span>
    </p>
   </div>
   <div class='ocr_carea' id='block_1_22' title="bbox 183 1137 975 1175">
    <p class='ocr_par' dir='ltr' id='par_1_22' title="bbox 183 1137 975 1175">
     <span class='ocr_line' id='line_1_22' title="bbox 183 1137 975 1175; baseline -0.005 -9"><span class='ocrx_word' id='word_1_165' title='bbox 183 1140 354 1175; x_wconf 78' lang='lat' dir='ltr'><strong>grediuntur.</strong></span> <span class='ocrx_word' id='word_1_166' title='bbox 369 1139 546 1172; x_wconf 77' lang='lat' dir='ltr'><strong>Quamobrem</strong></span> <span class='ocrx_word' id='word_1_167' title='bbox 556 1145 751 1172; x_wconf 85' lang='lat' dir='ltr'><strong>supervacanea</strong></span> <span class='ocrx_word' id='word_1_168' title='bbox 766 1141 807 1164; x_wconf 87' lang='lat' dir='ltr'><strong>est</strong></span> <span class='ocrx_word' id='word_1_169' title='bbox 822 1137 865 1163; x_wconf 89' lang='lat' dir='ltr'><strong>illa</strong></span> <span class='ocrx_word' id='word_1_170' title='bbox 880 1137 975 1168; x_wconf 88' lang='lat' dir='ltr'><strong>oratio,</strong></span> 
     </span>
    </p>
   </div>
   <div class='ocr_carea' id='block_1_23' title="bbox 184 1182 978 1221">
    <p class='ocr_par' dir='ltr' id='par_1_23' title="bbox 184 1182 978 1221">
     <span class='ocr_line' id='line_1_23' title="bbox 184 1182 978 1221; baseline -0.004 -10"><span class='ocrx_word' id='word_1_171' title='bbox 184 1194 246 1221; x_wconf 72' lang='lat' dir='ltr'><strong>qua:</strong></span> <span class='ocrx_word' id='word_1_172' title='bbox 260 1189 372 1213; x_wconf 84' lang='lat' dir='ltr'><strong>con‘atur</strong></span> <span class='ocrx_word' id='word_1_173' title='bbox 385 1184 525 1212; x_wconf 80' lang='lat' dir='ltr'><strong>ostendere</strong></span> <span class='ocrx_word' id='word_1_174' title='bbox 539 1184 646 1211; x_wconf 79' lang='lat' dir='ltr'><strong>divitias</strong></span> <span class='ocrx_word' id='word_1_175' title='bbox 665 1191 724 1211; x_wconf 81' lang='lat' dir='ltr'><strong>esse</strong></span> <span class='ocrx_word' id='word_1_176' title='bbox 743 1187 892 1217; x_wconf 54' lang='lat' dir='ltr'><strong>exliugnatu</strong></span> <span class='ocrx_word' id='word_1_177' title='bbox 908 1182 978 1209; x_wconf 81' lang='lat' dir='ltr'><strong>ditii-</strong></span> 
     </span>
    </p>
   </div>
   <div class='ocr_carea' id='block_1_24' title="bbox 182 1228 977 1264">
    <p class='ocr_par' dir='ltr' id='par_1_24' title="bbox 182 1228 977 1264">
     <span class='ocr_line' id='line_1_24' title="bbox 182 1228 977 1264; baseline -0.005 -5"><span class='ocrx_word' id='word_1_178' title='bbox 182 1232 261 1263; x_wconf 84' lang='lat' dir='ltr'><strong>ciles,</strong></span> <span class='ocrx_word' id='word_1_179' title='bbox 274 1239 334 1258; x_wconf 88' lang='lat' dir='ltr'><strong>eum</strong></span> <span class='ocrx_word' id='word_1_180' title='bbox 358 1238 406 1257; x_wconf 85' lang='lat' dir='ltr'><strong>nec</strong></span> <span class='ocrx_word' id='word_1_181' title='bbox 421 1231 446 1257; x_wconf 93' lang='lat' dir='ltr'><strong>in</strong></span> <span class='ocrx_word' id='word_1_182' title='bbox 459 1230 503 1257; x_wconf 89' lang='lat' dir='ltr'><strong>die</strong></span> <span class='ocrx_word' id='word_1_183' title='bbox 522 1230 628 1264; x_wconf 89' lang='lat' dir='ltr'><strong>quidem</strong></span> <span class='ocrx_word' id='word_1_184' title='bbox 643 1228 736 1257; x_wconf 88' lang='lat' dir='ltr'><strong>mortis</strong></span> <span class='ocrx_word' id='word_1_185' title='bbox 750 1228 797 1254; x_wconf 91' lang='lat' dir='ltr'><strong>tuti</strong></span> <span class='ocrx_word' id='word_1_186' title='bbox 810 1229 863 1255; x_wconf 89' lang='lat' dir='ltr'><strong>sint</strong></span> <span class='ocrx_word' id='word_1_187' title='bbox 875 1228 918 1262; x_wconf 89' lang='lat' dir='ltr'><strong>qui</strong></span> <span class='ocrx_word' id='word_1_188' title='bbox 932 1235 977 1255; x_wconf 88' lang='lat' dir='ltr'><strong>ens</strong></span> 
     </span>
    </p>
   </div>
   <div class='ocr_carea' id='block_1_25' title="bbox 185 1274 974 1312">
    <p class='ocr_par' dir='ltr' id='par_1_25' title="bbox 185 1274 974 1312">
     <span class='ocr_line' id='line_1_25' title="bbox 185 1274 974 1312; baseline -0.008 -8"><span class='ocrx_word' id='word_1_189' title='bbox 185 1277 332 1312; x_wconf 82' lang='lat' dir='ltr'><strong>possident.</strong></span> <span class='ocrx_word' id='word_1_190' title='bbox 348 1276 427 1311; x_wconf 82' lang='lat' dir='ltr'><strong>Atqui</strong></span> <span class='ocrx_word' id='word_1_191' title='bbox 442 1276 502 1310; x_wconf 91' lang='lat' dir='ltr'><strong>quis</strong></span> <span class='ocrx_word' id='word_1_192' title='bbox 516 1283 567 1302; x_wconf 93' lang='lat' dir='ltr'><strong>non</strong></span> <span class='ocrx_word' id='word_1_193' title='bbox 581 1274 767 1301; x_wconf 83' lang='lat' dir='ltr'><strong>reconciliatur</strong></span> <span class='ocrx_word' id='word_1_194' title='bbox 782 1281 841 1300; x_wconf 89' lang='lat' dir='ltr'><strong>eum</strong></span> <span class='ocrx_word' id='word_1_195' title='bbox 859 1278 974 1303; x_wconf 83' lang='lat' dir='ltr'><strong>mortuo,</strong></span> 
     </span>
    </p>
   </div>
   <div class='ocr_carea' id='block_1_26' title="bbox 184 1319 976 1354">
    <p class='ocr_par' dir='ltr' id='par_1_26' title="bbox 184 1319 976 1354">
     <span class='ocr_line' id='line_1_26' title="bbox 184 1319 976 1354; baseline -0.005 -5"><span class='ocrx_word' id='word_1_196' title='bbox 184 1322 290 1349; x_wconf 89' lang='lat' dir='ltr'><strong>etiamsi</strong></span> <span class='ocrx_word' id='word_1_197' title='bbox 300 1322 333 1349; x_wconf 87' lang='lat' dir='ltr'><strong>sit</strong></span> <span class='ocrx_word' id='word_1_198' title='bbox 343 1322 405 1354; x_wconf 84' lang='lat' dir='ltr'><strong>fera,</strong></span> <span class='ocrx_word' id='word_1_199' title='bbox 417 1321 520 1348; x_wconf 87' lang='lat' dir='ltr'><strong>etiamsi</strong></span> <span class='ocrx_word' id='word_1_200' title='bbox 529 1321 645 1352; x_wconf 72' lang='lat' dir='ltr'><strong>dmnton,</strong></span> <span class='ocrx_word' id='word_1_201' title='bbox 654 1319 759 1346; x_wconf 82' lang='lat' dir='ltr'><strong>etiamsi</strong></span> <span class='ocrx_word' id='word_1_202' title='bbox 770 1319 880 1354; x_wconf 88' lang='lat' dir='ltr'><strong>quilibet</strong></span> <span class='ocrx_word' id='word_1_203' title='bbox 890 1319 976 1345; x_wconf 87' lang='lat' dir='ltr'><strong>alius?</strong></span> 
     </span>
    </p>
   </div>
   <div class='ocr_carea' id='block_1_27' title="bbox 185 1364 975 1402">
    <p class='ocr_par' dir='ltr' id='par_1_27' title="bbox 185 1364 975 1402">
     <span class='ocr_line' id='line_1_27' title="bbox 185 1364 975 1402; baseline -0.006 -7"><span class='ocrx_word' id='word_1_204' title='bbox 185 1368 282 1396; x_wconf 80' lang='lat' dir='ltr'><strong>sufficit</strong></span> <span class='ocrx_word' id='word_1_205' title='bbox 298 1368 367 1395; x_wconf 89' lang='lat' dir='ltr'><strong>enim</strong></span> <span class='ocrx_word' id='word_1_206' title='bbox 385 1367 566 1402; x_wconf 77' lang='lat' dir='ltr'><strong>spectaculum</strong></span> <span class='ocrx_word' id='word_1_207' title='bbox 580 1366 612 1392; x_wconf 93' lang='lat' dir='ltr'><strong>ad</strong></span> <span class='ocrx_word' id='word_1_208' title='bbox 628 1365 787 1392; x_wconf 76' lang='lat' dir='ltr'><strong>fleetendum</strong></span> <span class='ocrx_word' id='word_1_209' title='bbox 804 1365 845 1391; x_wconf 89' lang='lat' dir='ltr'><strong>vel</strong></span> <span class='ocrx_word' id='word_1_210' title='bbox 861 1364 975 1392; x_wconf 83' lang='lat' dir='ltr'><strong>ferreum</strong></span> 
     </span>
    </p>
   </div>
   <div class='ocr_carea' id='block_1_28' title="bbox 186 1410 975 1447">
    <p class='ocr_par' dir='ltr' id='par_1_28' title="bbox 186 1410 975 1447">
     <span class='ocr_line' id='line_1_28' title="bbox 186 1410 975 1447; baseline -0.006 -6"><span class='ocrx_word' id='word_1_211' title='bbox 186 1413 227 1441; x_wconf 83' lang='lat' dir='ltr'><strong>vel</strong></span> <span class='ocrx_word' id='word_1_212' title='bbox 249 1413 350 1440; x_wconf 90' lang='lat' dir='ltr'><strong>doloris</strong></span> <span class='ocrx_word' id='word_1_213' title='bbox 373 1417 519 1447; x_wconf 81' lang='lat' dir='ltr'><strong>expertem.</strong></span> <span class='ocrx_word' id='word_1_214' title='bbox 549 1412 690 1446; x_wconf 85' lang='lat' dir='ltr'><strong>Propterea</strong></span> <span class='ocrx_word' id='word_1_215' title='bbox 717 1418 776 1437; x_wconf 90' lang='lat' dir='ltr'><strong>cum</strong></span> <span class='ocrx_word' id='word_1_216' title='bbox 798 1411 857 1444; x_wconf 89' lang='lat' dir='ltr'><strong>quis</strong></span> <span class='ocrx_word' id='word_1_217' title='bbox 881 1410 975 1437; x_wconf 78' lang='lat' dir='ltr'><strong>viderit</strong></span> 
     </span>
    </p>
   </div>
   <div class='ocr_carea' id='block_1_29' title="bbox 186 1457 976 1492">
    <p class='ocr_par' dir='ltr' id='par_1_29' title="bbox 186 1457 976 1492">
     <span class='ocr_line' id='line_1_29' title="bbox 186 1457 976 1492; baseline -0.005 -5"><span class='ocrx_word' id='word_1_218' title='bbox 186 1464 331 1491; x_wconf 87' lang='lat' dir='ltr'><strong>mortuum,</strong></span> <span class='ocrx_word' id='word_1_219' title='bbox 345 1459 448 1486; x_wconf 71' lang='lat' dir='ltr'><strong>etiamsi</strong></span> <span class='ocrx_word' id='word_1_220' title='bbox 463 1458 558 1485; x_wconf 82' lang='lat' dir='ltr'><strong>viderit</strong></span> <span class='ocrx_word' id='word_1_221' title='bbox 569 1458 703 1485; x_wconf 86' lang='lat' dir='ltr'><strong>inimicum</strong></span> <span class='ocrx_word' id='word_1_222' title='bbox 717 1462 743 1484; x_wconf 90' lang='lat' dir='ltr'><strong>et</strong></span> <span class='ocrx_word' id='word_1_223' title='bbox 759 1457 873 1489; x_wconf 86' lang='lat' dir='ltr'><strong>hostem,</strong></span> <span class='ocrx_word' id='word_1_224' title='bbox 890 1457 976 1492; x_wconf 82' lang='lat' dir='ltr'><strong>lacry-</strong></span> 
     </span>
    </p>
   </div>
   <div class='ocr_carea' id='block_1_30' title="bbox 185 1503 977 1537">
    <p class='ocr_par' dir='ltr' id='par_1_30' title="bbox 185 1503 977 1537">
     <span class='ocr_line' id='line_1_30' title="bbox 185 1503 977 1537; baseline -0.006 -4"><span class='ocrx_word' id='word_1_225' title='bbox 185 1511 273 1533; x_wconf 89' lang='lat' dir='ltr'><strong>matur</strong></span> <span class='ocrx_word' id='word_1_226' title='bbox 285 1513 345 1532; x_wconf 91' lang='lat' dir='ltr'><strong>cum</strong></span> <span class='ocrx_word' id='word_1_227' title='bbox 358 1504 543 1532; x_wconf 82' lang='lat' dir='ltr'><strong>amicissimis:</strong></span> <span class='ocrx_word' id='word_1_228' title='bbox 560 1509 587 1531; x_wconf 92' lang='lat' dir='ltr'><strong>ct</strong></span> <span class='ocrx_word' id='word_1_229' title='bbox 610 1504 646 1530; x_wconf 91' lang='lat' dir='ltr'><strong>ira</strong></span> <span class='ocrx_word' id='word_1_230' title='bbox 661 1503 768 1537; x_wconf 86' lang='lat' dir='ltr'><strong>quidem</strong></span> <span class='ocrx_word' id='word_1_231' title='bbox 797 1503 977 1537; x_wconf 77' lang='lat' dir='ltr'><strong>exstinguitur</strong></span> 
     </span>
    </p>
   </div>
   <div class='ocr_carea' id='block_1_31' title="bbox 186 1548 976 1584">
    <p class='ocr_par' dir='ltr' id='par_1_31' title="bbox 186 1548 976 1584">
     <span class='ocr_line' id='line_1_31' title="bbox 186 1548 976 1584; baseline -0.005 -6"><span class='ocrx_word' id='word_1_232' title='bbox 186 1559 244 1578; x_wconf 88' lang='lat' dir='ltr'><strong>cum</strong></span> <span class='ocrx_word' id='word_1_233' title='bbox 258 1551 321 1583; x_wconf 83' lang='lat' dir='ltr'><strong>vita,</strong></span> <span class='ocrx_word' id='word_1_234' title='bbox 338 1551 396 1584; x_wconf 88' lang='lat' dir='ltr'><strong>ejus</strong></span> <span class='ocrx_word' id='word_1_235' title='bbox 409 1554 496 1577; x_wconf 91' lang='lat' dir='ltr'><strong>autem</strong></span> <span class='ocrx_word' id='word_1_236' title='bbox 510 1549 596 1576; x_wconf 88' lang='lat' dir='ltr'><strong>locum</strong></span> <span class='ocrx_word' id='word_1_237' title='bbox 612 1548 682 1576; x_wconf 90' lang='lat' dir='ltr'><strong>subit</strong></span> <span class='ocrx_word' id='word_1_238' title='bbox 696 1548 889 1575; x_wconf 81' lang='lat' dir='ltr'><strong>misericordia.</strong></span> <span class='ocrx_word' id='word_1_239' title='bbox 907 1549 939 1575; x_wconf 85' lang='lat' dir='ltr'><strong>Et</strong></span> <span class='ocrx_word' id='word_1_240' title='bbox 950 1548 976 1575; x_wconf 92' lang='lat' dir='ltr'><strong>in</strong></span> 
     </span>
    </p>
   </div>
   <div class='ocr_carea' id='block_1_32' title="bbox 186 1594 975 1633">
    <p class='ocr_par' dir='ltr' id='par_1_32' title="bbox 186 1594 975 1633">
     <span class='ocr_line' id='line_1_32' title="bbox 186 1594 975 1633; baseline -0.005 -9"><span class='ocrx_word' id='word_1_241' title='bbox 186 1598 318 1633; x_wconf 76' lang='lat' dir='ltr'><strong>exsrquiis</strong></span> <span class='ocrx_word' id='word_1_242' title='bbox 333 1601 360 1624; x_wconf 93' lang='lat' dir='ltr'><strong>et</strong></span> <span class='ocrx_word' id='word_1_243' title='bbox 373 1596 472 1623; x_wconf 85' lang='lat' dir='ltr'><strong>funeris</strong></span> <span class='ocrx_word' id='word_1_244' title='bbox 485 1596 599 1623; x_wconf 86' lang='lat' dir='ltr'><strong>elatione</strong></span> <span class='ocrx_word' id='word_1_245' title='bbox 610 1603 662 1622; x_wconf 92' lang='lat' dir='ltr'><strong>non</strong></span> <span class='ocrx_word' id='word_1_246' title='bbox 673 1595 831 1622; x_wconf 81' lang='lat' dir='ltr'><strong>discreveris</strong></span> <span class='ocrx_word' id='word_1_247' title='bbox 840 1594 975 1621; x_wconf 88' lang='lat' dir='ltr'><strong>inimicum</strong></span> 
     </span>
    </p>
   </div>
   <div class='ocr_carea' id='block_1_33' title="bbox 185 1641 975 1677">
    <p class='ocr_par' dir='ltr' id='par_1_33' title="bbox 185 1641 975 1677">
     <span class='ocr_line' id='line_1_33' title="bbox 185 1641 975 1677; baseline -0.005 -7"><span class='ocrx_word' id='word_1_248' title='bbox 185 1643 264 1670; x_wconf 85' lang='lat' dir='ltr'><strong>abeo</strong></span> <span class='ocrx_word' id='word_1_249' title='bbox 277 1642 322 1677; x_wconf 91' lang='lat' dir='ltr'><strong>qui</strong></span> <span class='ocrx_word' id='word_1_250' title='bbox 336 1641 485 1677; x_wconf 83' lang='lat' dir='ltr'><strong>hujusmodi</strong></span> <span class='ocrx_word' id='word_1_251' title='bbox 503 1649 555 1668; x_wconf 90' lang='lat' dir='ltr'><strong>non</strong></span> <span class='ocrx_word' id='word_1_252' title='bbox 572 1646 629 1668; x_wconf 85' lang='lat' dir='ltr'><strong>est:</strong></span> <span class='ocrx_word' id='word_1_253' title='bbox 644 1641 677 1667; x_wconf 87' lang='lat' dir='ltr'><strong>ita</strong></span> <span class='ocrx_word' id='word_1_254' title='bbox 696 1647 790 1667; x_wconf 89' lang='lat' dir='ltr'><strong>onmes</strong></span> <span class='ocrx_word' id='word_1_255' title='bbox 807 1647 975 1667; x_wconf 87' lang='lat' dir='ltr'><strong>communem</strong></span> 
     </span>
    </p>
   </div>
   <div class='ocr_carea' id='block_1_34' title="bbox 186 1686 975 1721">
    <p class='ocr_par' dir='ltr' id='par_1_34' title="bbox 186 1686 975 1721">
     <span class='ocr_line' id='line_1_34' title="bbox 186 1686 975 1721; baseline -0.003 -5"><span class='ocrx_word' id='word_1_256' title='bbox 186 1692 344 1716; x_wconf 74' lang='lat' dir='ltr'><strong>reverentur</strong></span> <span class='ocrx_word' id='word_1_257' title='bbox 358 1691 490 1719; x_wconf 82' lang='lat' dir='ltr'><strong>naturam,</strong></span> <span class='ocrx_word' id='word_1_258' title='bbox 500 1693 526 1714; x_wconf 89' lang='lat' dir='ltr'><strong>et</strong></span> <span class='ocrx_word' id='word_1_259' title='bbox 542 1694 588 1714; x_wconf 86' lang='lat' dir='ltr'><strong>eas</strong></span> <span class='ocrx_word' id='word_1_260' title='bbox 601 1695 660 1721; x_wconf 81' lang='lat' dir='ltr'><strong>qua:</strong></span> <span class='ocrx_word' id='word_1_261' title='bbox 671 1686 702 1714; x_wconf 90' lang='lat' dir='ltr'><strong>de</strong></span> <span class='ocrx_word' id='word_1_262' title='bbox 711 1694 741 1713; x_wconf 91' lang='lat' dir='ltr'><strong>ea</strong></span> <span class='ocrx_word' id='word_1_263' title='bbox 751 1687 811 1713; x_wconf 69' lang='lat' dir='ltr'><strong>lane</strong></span> <span class='ocrx_word' id='word_1_264' title='bbox 822 1692 883 1713; x_wconf 81' lang='lat' dir='ltr'><strong>sunt</strong></span> <span class='ocrx_word' id='word_1_265' title='bbox 893 1687 975 1721; x_wconf 75' lang='lat' dir='ltr'><strong>leges.</strong></span> 
     </span>
    </p>
   </div>
   <div class='ocr_carea' id='block_1_35' title="bbox 186 1732 975 1767">
    <p class='ocr_par' dir='ltr' id='par_1_35' title="bbox 186 1732 975 1767">
     <span class='ocr_line' id='line_1_35' title="bbox 186 1732 975 1767; baseline -0.001 -6"><span class='ocrx_word' id='word_1_266' title='bbox 186 1733 288 1762; x_wconf 64' lang='lat' dir='ltr'><strong>Divitis:</strong></span> <span class='ocrx_word' id='word_1_267' title='bbox 302 1738 390 1760; x_wconf 81' lang='lat' dir='ltr'><strong>autern</strong></span> <span class='ocrx_word' id='word_1_268' title='bbox 415 1740 449 1760; x_wconf 87' lang='lat' dir='ltr'><strong>ne</strong></span> <span class='ocrx_word' id='word_1_269' title='bbox 473 1732 524 1759; x_wconf 76' lang='lat' dir='ltr'><strong>hoc</strong></span> <span class='ocrx_word' id='word_1_270' title='bbox 543 1732 649 1767; x_wconf 89' lang='lat' dir='ltr'><strong>quidem</strong></span> <span class='ocrx_word' id='word_1_271' title='bbox 665 1737 825 1767; x_wconf 71' lang='lat' dir='ltr'><strong>assequutze,</strong></span> <span class='ocrx_word' id='word_1_272' title='bbox 842 1733 907 1759; x_wconf 88' lang='lat' dir='ltr'><strong>iram</strong></span> <span class='ocrx_word' id='word_1_273' title='bbox 923 1734 975 1760; x_wconf 90' lang='lat' dir='ltr'><strong>im-</strong></span> 
     </span>
    </p>
   </div>
   <div class='ocr_carea' id='block_1_36' title="bbox 186 1778 975 1813">
    <p class='ocr_par' dir='ltr' id='par_1_36' title="bbox 186 1778 975 1813">
     <span class='ocr_line' id='line_1_36' title="bbox 186 1778 975 1813; baseline 0 -7"><span class='ocrx_word' id='word_1_274' title='bbox 186 1780 294 1806; x_wconf 92' lang='lat' dir='ltr'><strong>mittunt</strong></span> <span class='ocrx_word' id='word_1_275' title='bbox 318 1779 344 1806; x_wconf 91' lang='lat' dir='ltr'><strong>in</strong></span> <span class='ocrx_word' id='word_1_276' title='bbox 368 1786 414 1806; x_wconf 93' lang='lat' dir='ltr'><strong>eos</strong></span> <span class='ocrx_word' id='word_1_277' title='bbox 435 1779 479 1813; x_wconf 90' lang='lat' dir='ltr'><strong>qui</strong></span> <span class='ocrx_word' id='word_1_278' title='bbox 508 1778 581 1813; x_wconf 79' lang='lat' dir='ltr'><strong>ipsas</strong></span> <span class='ocrx_word' id='word_1_279' title='bbox 597 1778 749 1812; x_wconf 85' lang='lat' dir='ltr'><strong>possident;</strong></span> <span class='ocrx_word' id='word_1_280' title='bbox 765 1778 811 1805; x_wconf 90' lang='lat' dir='ltr'><strong>sed</strong></span> <span class='ocrx_word' id='word_1_281' title='bbox 826 1782 853 1805; x_wconf 91' lang='lat' dir='ltr'><strong>et</strong></span> <span class='ocrx_word' id='word_1_282' title='bbox 872 1786 917 1805; x_wconf 86' lang='lat' dir='ltr'><strong>cos</strong></span> <span class='ocrx_word' id='word_1_283' title='bbox 932 1779 975 1813; x_wconf 91' lang='lat' dir='ltr'><strong>qui</strong></span> 
     </span>
    </p>
   </div>
   <div class='ocr_carea' id='block_1_37' title="bbox 186 1824 974 1858">
    <p class='ocr_par' dir='ltr' id='par_1_37' title="bbox 186 1824 974 1858">
     <span class='ocr_line' id='line_1_37' title="bbox 186 1824 974 1858; baseline -0.003 -5"><span class='ocrx_word' id='word_1_284' title='bbox 186 1825 255 1853; x_wconf 89' lang='lat' dir='ltr'><strong>nulla</strong></span> <span class='ocrx_word' id='word_1_285' title='bbox 269 1824 357 1852; x_wconf 81' lang='lat' dir='ltr'><strong>allecti</strong></span> <span class='ocrx_word' id='word_1_286' title='bbox 370 1829 433 1851; x_wconf 92' lang='lat' dir='ltr'><strong>sunt</strong></span> <span class='ocrx_word' id='word_1_287' title='bbox 448 1824 544 1858; x_wconf 82' lang='lat' dir='ltr'><strong>injuria</strong></span> <span class='ocrx_word' id='word_1_288' title='bbox 562 1824 675 1851; x_wconf 89' lang='lat' dir='ltr'><strong>reddunt</strong></span> <span class='ocrx_word' id='word_1_289' title='bbox 700 1824 821 1851; x_wconf 84' lang='lat' dir='ltr'><strong>inimicos</strong></span> <span class='ocrx_word' id='word_1_290' title='bbox 846 1824 974 1856; x_wconf 88' lang='lat' dir='ltr'><strong>defuncti,</strong></span> 
     </span>
    </p>
   </div>
   <div class='ocr_carea' id='block_1_38' title="bbox 185 1869 976 1905">
    <p class='ocr_par' dir='ltr' id='par_1_38' title="bbox 185 1869 976 1905">
     <span class='ocr_line' id='line_1_38' title="bbox 185 1869 976 1905; baseline -0.001 -8"><span class='ocrx_word' id='word_1_291' title='bbox 185 1870 314 1905; x_wconf 81' lang='lat' dir='ltr'><strong>siquidem</strong></span> <span class='ocrx_word' id='word_1_292' title='bbox 336 1874 471 1897; x_wconf 90' lang='lat' dir='ltr'><strong>mortuum</strong></span> <span class='ocrx_word' id='word_1_293' title='bbox 487 1876 584 1903; x_wconf 86' lang='lat' dir='ltr'><strong>corpus</strong></span> <span class='ocrx_word' id='word_1_294' title='bbox 598 1869 697 1896; x_wconf 85' lang='lat' dir='ltr'><strong>nudare</strong></span> <span class='ocrx_word' id='word_1_295' title='bbox 712 1875 752 1896; x_wconf 87' lang='lat' dir='ltr'><strong>est</strong></span> <span class='ocrx_word' id='word_1_296' title='bbox 772 1870 873 1897; x_wconf 91' lang='lat' dir='ltr'><strong>acrium</strong></span> <span class='ocrx_word' id='word_1_297' title='bbox 889 1870 976 1896; x_wconf 82' lang='lat' dir='ltr'><strong>inimi-</strong></span> 
     </span>
    </p>
   </div>
   <div class='ocr_carea' id='block_1_39' title="bbox 184 1914 976 1950">
    <p class='ocr_par' dir='ltr' id='par_1_39' title="bbox 184 1914 976 1950">
     <span class='ocr_line' id='line_1_39' title="bbox 184 1914 976 1950; baseline -0.001 -7"><span class='ocrx_word' id='word_1_298' title='bbox 184 1924 275 1943; x_wconf 86' lang='lat' dir='ltr'><strong>corum</strong></span> <span class='ocrx_word' id='word_1_299' title='bbox 287 1920 312 1942; x_wconf 90' lang='lat' dir='ltr'><strong>et</strong></span> <span class='ocrx_word' id='word_1_300' title='bbox 326 1915 454 1942; x_wconf 79' lang='lat' dir='ltr'><strong>ltOstium.</strong></span> <span class='ocrx_word' id='word_1_301' title='bbox 473 1914 506 1941; x_wconf 81' lang='lat' dir='ltr'><strong>Et</strong></span> <span class='ocrx_word' id='word_1_302' title='bbox 520 1919 612 1941; x_wconf 89' lang='lat' dir='ltr'><strong>natura</strong></span> <span class='ocrx_word' id='word_1_303' title='bbox 630 1915 736 1950; x_wconf 90' lang='lat' dir='ltr'><strong>quidem</strong></span> <span class='ocrx_word' id='word_1_304' title='bbox 761 1916 840 1942; x_wconf 89' lang='lat' dir='ltr'><strong>etiam</strong></span> <span class='ocrx_word' id='word_1_305' title='bbox 855 1916 976 1943; x_wconf 84' lang='lat' dir='ltr'><strong>inimicos</strong></span> 
     </span>
    </p>
   </div>
   <div class='ocr_carea' id='block_1_40' title="bbox 184 1960 975 1992">
    <p class='ocr_par' dir='ltr' id='par_1_40' title="bbox 184 1960 975 1992">
     <span class='ocr_line' id='line_1_40' title="bbox 184 1960 975 1992; baseline 0 -4"><span class='ocrx_word' id='word_1_306' title='bbox 184 1963 208 1989; x_wconf 86' lang='lat' dir='ltr'><strong>ci</strong></span> <span class='ocrx_word' id='word_1_307' title='bbox 236 1966 298 1988; x_wconf 87' lang='lat' dir='ltr'><strong>tunc</strong></span> <span class='ocrx_word' id='word_1_308' title='bbox 319 1960 494 1992; x_wconf 86' lang='lat' dir='ltr'><strong>reconciliat;</strong></span> <span class='ocrx_word' id='word_1_309' title='bbox 521 1960 620 1987; x_wconf 62' lang='lat' dir='ltr'><strong>divitim</strong></span> <span class='ocrx_word' id='word_1_310' title='bbox 651 1966 739 1988; x_wconf 82' lang='lat' dir='ltr'><strong>autem</strong></span> <span class='ocrx_word' id='word_1_311' title='bbox 766 1961 845 1988; x_wconf 88' lang='lat' dir='ltr'><strong>etiam</strong></span> <span class='ocrx_word' id='word_1_312' title='bbox 876 1962 901 1987; x_wconf 94' lang='lat' dir='ltr'><strong>in</strong></span> <span class='ocrx_word' id='word_1_313' title='bbox 929 1969 975 1988; x_wconf 90' lang='lat' dir='ltr'><strong>eos</strong></span> 
     </span>
    </p>
   </div>
   <div class='ocr_carea' id='block_1_41' title="bbox 183 2008 973 2042">
    <p class='ocr_par' dir='ltr' id='par_1_41' title="bbox 183 2008 973 2042">
     <span class='ocr_line' id='line_1_41' title="bbox 183 2008 973 2042; baseline 0 -7"><span class='ocrx_word' id='word_1_314' title='bbox 183 2008 284 2035; x_wconf 90' lang='lat' dir='ltr'><strong>bellum</strong></span> <span class='ocrx_word' id='word_1_315' title='bbox 312 2011 417 2042; x_wconf 75' lang='lat' dir='ltr'><strong>gerunt,</strong></span> <span class='ocrx_word' id='word_1_316' title='bbox 440 2014 507 2042; x_wconf 82' lang='lat' dir='ltr'><strong>quos</strong></span> <span class='ocrx_word' id='word_1_317' title='bbox 522 2014 555 2034; x_wconf 87' lang='lat' dir='ltr'><strong>ne</strong></span> <span class='ocrx_word' id='word_1_318' title='bbox 571 2012 681 2041; x_wconf 85' lang='lat' dir='ltr'><strong>possunt</strong></span> <span class='ocrx_word' id='word_1_319' title='bbox 706 2008 812 2042; x_wconf 86' lang='lat' dir='ltr'><strong>quidem</strong></span> <span class='ocrx_word' id='word_1_320' title='bbox 829 2008 907 2035; x_wconf 90' lang='lat' dir='ltr'><strong>ullius</strong></span> <span class='ocrx_word' id='word_1_321' title='bbox 921 2009 973 2035; x_wconf 91' lang='lat' dir='ltr'><strong>cri-</strong></span> 
     </span>
    </p>
   </div>
   <div class='ocr_carea' id='block_1_42' title="bbox 184 2053 975 2087">
    <p class='ocr_par' dir='ltr' id='par_1_42' title="bbox 184 2053 975 2087">
     <span class='ocr_line' id='line_1_42' title="bbox 184 2053 975 2087; baseline 0.001 -7"><span class='ocrx_word' id='word_1_322' title='bbox 184 2054 266 2081; x_wconf 85' lang='lat' dir='ltr'><strong>minis</strong></span> <span class='ocrx_word' id='word_1_323' title='bbox 290 2060 434 2084; x_wconf 85' lang='lat' dir='ltr'><strong>aeeusare,</strong></span> <span class='ocrx_word' id='word_1_324' title='bbox 461 2057 488 2080; x_wconf 91' lang='lat' dir='ltr'><strong>et</strong></span> <span class='ocrx_word' id='word_1_325' title='bbox 509 2053 535 2080; x_wconf 91' lang='lat' dir='ltr'><strong>in</strong></span> <span class='ocrx_word' id='word_1_326' title='bbox 560 2061 653 2087; x_wconf 77' lang='lat' dir='ltr'><strong>magna</strong></span> <span class='ocrx_word' id='word_1_327' title='bbox 676 2054 818 2081; x_wconf 87' lang='lat' dir='ltr'><strong>solitudine</strong></span> <span class='ocrx_word' id='word_1_328' title='bbox 832 2054 975 2081; x_wconf 86' lang='lat' dir='ltr'><strong>crudeliter</strong></span> 
     </span>
    </p>
   </div>
   <div class='ocr_carea' id='block_1_43' title="bbox 182 2098 973 2134">
    <p class='ocr_par' dir='ltr' id='par_1_43' title="bbox 182 2098 973 2134">
     <span class='ocr_line' id='line_1_43' title="bbox 182 2098 973 2134; baseline -0.003 -6"><span class='ocrx_word' id='word_1_329' title='bbox 182 2099 299 2128; x_wconf 69' lang='lat' dir='ltr'><strong>smviunt</strong></span> <span class='ocrx_word' id='word_1_330' title='bbox 326 2098 352 2125; x_wconf 93' lang='lat' dir='ltr'><strong>in</strong></span> <span class='ocrx_word' id='word_1_331' title='bbox 377 2105 483 2132; x_wconf 89' lang='lat' dir='ltr'><strong>corpus.</strong></span> <span class='ocrx_word' id='word_1_332' title='bbox 520 2099 600 2133; x_wconf 86' lang='lat' dir='ltr'><strong>Atqui</strong></span> <span class='ocrx_word' id='word_1_333' title='bbox 638 2099 720 2126; x_wconf 83' lang='lat' dir='ltr'><strong>multa</strong></span> <span class='ocrx_word' id='word_1_334' title='bbox 746 2105 808 2126; x_wconf 87' lang='lat' dir='ltr'><strong>sunt</strong></span> <span class='ocrx_word' id='word_1_335' title='bbox 837 2100 890 2126; x_wconf 89' lang='lat' dir='ltr'><strong>illic</strong></span> <span class='ocrx_word' id='word_1_336' title='bbox 913 2108 973 2134; x_wconf 74' lang='lat' dir='ltr'><strong>quae</strong></span> 
     </span>
    </p>
   </div>
   <div class='ocr_carea' id='block_1_44' title="bbox 182 2143 970 2180">
    <p class='ocr_par' dir='ltr' id='par_1_44' title="bbox 182 2143 970 2180">
     <span class='ocr_line' id='line_1_44' title="bbox 182 2143 970 2180; baseline 0.001 -8"><span class='ocrx_word' id='word_1_337' title='bbox 182 2149 295 2180; x_wconf 86' lang='lat' dir='ltr'><strong>possunt</strong></span> <span class='ocrx_word' id='word_1_338' title='bbox 325 2143 460 2171; x_wconf 88' lang='lat' dir='ltr'><strong>attrahere</strong></span> <span class='ocrx_word' id='word_1_339' title='bbox 486 2144 520 2171; x_wconf 86' lang='lat' dir='ltr'><strong>ad</strong></span> <span class='ocrx_word' id='word_1_340' title='bbox 554 2145 781 2178; x_wconf 89' lang='lat' dir='ltr'><strong>misericordiam,</strong></span> <span class='ocrx_word' id='word_1_341' title='bbox 806 2145 856 2172; x_wconf 92' lang='lat' dir='ltr'><strong>hoc</strong></span> <span class='ocrx_word' id='word_1_342' title='bbox 883 2146 970 2180; x_wconf 83' lang='lat' dir='ltr'><strong>ipsum</strong></span> 
     </span>
    </p>
   </div>
   <div class='ocr_carea' id='block_1_45' title="bbox 693 159 1333 191">
    <p class='ocr_par' dir='ltr' id='par_1_45' title="bbox 693 159 1333 191">
     <span class='ocr_line' id='line_1_45' title="bbox 693 159 1333 191; baseline 0.005 -3"><span class='ocrx_word' id='word_1_343' title='bbox 693 159 728 188; x_wconf 83' lang='grc' dir='ltr'><strong>ΙΝ</strong></span> <span class='ocrx_word' id='word_1_344' title='bbox 746 160 854 189; x_wconf 78' lang='lat' dir='ltr'><strong>EPIST.</strong></span> <span class='ocrx_word' id='word_1_345' title='bbox 875 159 884 187; x_wconf 86' lang='lat' dir='ltr'><strong>I</strong></span> <span class='ocrx_word' id='word_1_346' title='bbox 919 160 963 187; x_wconf 77' lang='lat' dir='ltr'><strong>AD</strong></span> <span class='ocrx_word' id='word_1_347' title='bbox 976 159 1053 188; x_wconf 77' lang='lat' dir='ltr'><strong>COR.</strong></span> <span class='ocrx_word' id='word_1_348' title='bbox 1075 161 1190 190; x_wconf 70' lang='lat' dir='ltr'><strong>llOlllL.</strong></span> <span class='ocrx_word' id='word_1_349' title='bbox 1211 163 1333 191; x_wconf 76' lang='lat' dir='ltr'><strong>XXXVI.</strong></span> 
     </span>
    </p>
   </div>
   <div class='ocr_carea' id='block_1_46' title="bbox 1764 170 1818 198">
    <p class='ocr_par' dir='ltr' id='par_1_46' title="bbox 1764 170 1818 198">
     <span class='ocr_line' id='line_1_46' title="bbox 1764 170 1818 198; baseline 0.019 -1"><span class='ocrx_word' id='word_1_350' title='bbox 1764 170 1818 198; x_wconf 69' lang='lat'><strong>308</strong></span> 
     </span>
    </p>
   </div>
   <div class='ocr_carea' id='block_1_47' title="bbox 1027 218 1819 257">
    <p class='ocr_par' dir='ltr' id='par_1_47' title="bbox 1027 218 1819 257">
     <span class='ocr_line' id='line_1_47' title="bbox 1027 218 1819 257; baseline 0.01 -13"><span class='ocrx_word' id='word_1_351' title='bbox 1027 218 1097 252; x_wconf 89' lang='lat' dir='ltr'><strong>quod</strong></span> <span class='ocrx_word' id='word_1_352' title='bbox 1120 218 1155 245; x_wconf 91' lang='lat' dir='ltr'><strong>sit</strong></span> <span class='ocrx_word' id='word_1_353' title='bbox 1181 224 1335 252; x_wconf 84' lang='lat' dir='ltr'><strong>mortuum,</strong></span> <span class='ocrx_word' id='word_1_354' title='bbox 1360 219 1432 254; x_wconf 87' lang='lat' dir='ltr'><strong>qttod</strong></span> <span class='ocrx_word' id='word_1_355' title='bbox 1459 220 1609 254; x_wconf 85' lang='lat' dir='ltr'><strong>immobile,</strong></span> <span class='ocrx_word' id='word_1_356' title='bbox 1629 223 1699 257; x_wconf 80' lang='lat' dir='ltr'><strong>quod</strong></span> <span class='ocrx_word' id='word_1_357' title='bbox 1716 224 1749 251; x_wconf 90' lang='lat' dir='ltr'><strong>ad</strong></span> <span class='ocrx_word' id='word_1_358' title='bbox 1765 230 1819 252; x_wconf 83' lang='lat' dir='ltr'><strong>ter--</strong></span> 
     </span>
    </p>
   </div>
   <div class='ocr_carea' id='block_1_48' title="bbox 1027 264 1820 304">
    <p class='ocr_par' dir='ltr' id='par_1_48' title="bbox 1027 264 1820 304">
     <span class='ocr_line' id='line_1_48' title="bbox 1027 264 1820 304; baseline 0.01 -15"><span class='ocrx_word' id='word_1_359' title='bbox 1027 270 1083 290; x_wconf 90' lang='lat' dir='ltr'><strong>ram</strong></span> <span class='ocrx_word' id='word_1_360' title='bbox 1097 264 1188 291; x_wconf 74' lang='lat' dir='ltr'><strong>tendat</strong></span> <span class='ocrx_word' id='word_1_361' title='bbox 1207 269 1233 292; x_wconf 90' lang='lat' dir='ltr'><strong>et</strong></span> <span class='ocrx_word' id='word_1_362' title='bbox 1245 265 1455 299; x_wconf 79' lang='lat' dir='ltr'><strong>corruptionem,</strong></span> <span class='ocrx_word' id='word_1_363' title='bbox 1470 266 1540 300; x_wconf 90' lang='lat' dir='ltr'><strong>quod</strong></span> <span class='ocrx_word' id='word_1_364' title='bbox 1557 275 1636 294; x_wconf 92' lang='lat' dir='ltr'><strong>nemo</strong></span> <span class='ocrx_word' id='word_1_365' title='bbox 1650 268 1721 296; x_wconf 65' lang='lat' dir='ltr'><strong>adsit</strong></span> <span class='ocrx_word' id='word_1_366' title='bbox 1741 276 1820 304; x_wconf 80' lang='lat' dir='ltr'><strong>opem</strong></span> 
     </span>
    </p>
   </div>
   <div class='ocr_carea' id='block_1_49' title="bbox 1027 308 1822 347">
    <p class='ocr_par' dir='ltr' id='par_1_49' title="bbox 1027 308 1822 347">
     <span class='ocr_line' id='line_1_49' title="bbox 1027 308 1822 347; baseline 0.01 -12"><span class='ocrx_word' id='word_1_367' title='bbox 1027 308 1136 336; x_wconf 85' lang='lat' dir='ltr'><strong>laturus.</strong></span> <span class='ocrx_word' id='word_1_368' title='bbox 1159 309 1214 338; x_wconf 77' lang='lat' dir='ltr'><strong>Sed</strong></span> <span class='ocrx_word' id='word_1_369' title='bbox 1228 311 1295 337; x_wconf 87' lang='lat' dir='ltr'><strong>nihil</strong></span> <span class='ocrx_word' id='word_1_370' title='bbox 1309 310 1404 338; x_wconf 90' lang='lat' dir='ltr'><strong>horum</strong></span> <span class='ocrx_word' id='word_1_371' title='bbox 1429 311 1526 347; x_wconf 77' lang='lat' dir='ltr'><strong>frangit</strong></span> <span class='ocrx_word' id='word_1_372' title='bbox 1545 312 1605 340; x_wconf 89' lang='lat' dir='ltr'><strong>illos</strong></span> <span class='ocrx_word' id='word_1_373' title='bbox 1623 315 1802 342; x_wconf 85' lang='lat' dir='ltr'><strong>exsecrandos</strong></span> <span class='ocrx_word' id='word_1_374' title='bbox 1814 336 1822 347; x_wconf 84' lang='lat'><strong>.</strong></span> 
     </span>
    </p>
   </div>
   <div class='ocr_carea' id='block_1_50' title="bbox 1028 357 1823 397">
    <p class='ocr_par' dir='ltr' id='par_1_50' title="bbox 1028 357 1823 397">
     <span class='ocr_line' id='line_1_50' title="bbox 1028 357 1823 397; baseline 0.008 -15"><span class='ocrx_word' id='word_1_375' title='bbox 1028 361 1138 391; x_wconf 64' lang='lat' dir='ltr'><strong>propter</strong></span> <span class='ocrx_word' id='word_1_376' title='bbox 1153 357 1321 393; x_wconf 86' lang='lat' dir='ltr'><strong>tyrannidem</strong></span> <span class='ocrx_word' id='word_1_377' title='bbox 1344 365 1403 393; x_wconf 75' lang='lat' dir='ltr'><strong>qua:</strong></span> <span class='ocrx_word' id='word_1_378' title='bbox 1425 366 1458 385; x_wconf 78' lang='lat' dir='ltr'><strong>ex</strong></span> <span class='ocrx_word' id='word_1_379' title='bbox 1486 359 1608 394; x_wconf 81' lang='lat' dir='ltr'><strong>improba</strong></span> <span class='ocrx_word' id='word_1_380' title='bbox 1631 360 1718 387; x_wconf 92' lang='lat' dir='ltr'><strong>oritur</strong></span> <span class='ocrx_word' id='word_1_381' title='bbox 1739 362 1823 397; x_wconf 84' lang='lat' dir='ltr'><strong>cupi-</strong></span> 
     </span>
    </p>
   </div>
   <div class='ocr_carea' id='block_1_51' title="bbox 1027 401 1823 441">
    <p class='ocr_par' dir='ltr' id='par_1_51' title="bbox 1027 401 1823 441">
     <span class='ocr_line' id='line_1_51' title="bbox 1027 401 1823 441; baseline 0.005 -12"><span class='ocrx_word' id='word_1_382' title='bbox 1027 401 1119 429; x_wconf 87' lang='lat' dir='ltr'><strong>ditate.</strong></span> <span class='ocrx_word' id='word_1_383' title='bbox 1137 402 1221 430; x_wconf 86' lang='lat' dir='ltr'><strong>Amor</strong></span> <span class='ocrx_word' id='word_1_384' title='bbox 1235 404 1306 430; x_wconf 90' lang='lat' dir='ltr'><strong>enim</strong></span> <span class='ocrx_word' id='word_1_385' title='bbox 1320 403 1456 438; x_wconf 63' lang='lat' dir='ltr'><strong>pecuniae,</strong></span> <span class='ocrx_word' id='word_1_386' title='bbox 1473 407 1607 439; x_wconf 88' lang='lat' dir='ltr'><strong>tamquam</strong></span> <span class='ocrx_word' id='word_1_387' title='bbox 1624 405 1747 433; x_wconf 88' lang='lat' dir='ltr'><strong>imtuanis</strong></span> <span class='ocrx_word' id='word_1_388' title='bbox 1763 408 1823 441; x_wconf 89' lang='lat' dir='ltr'><strong>qui-</strong></span> 
     </span>
    </p>
   </div>
   <div class='ocr_carea' id='block_1_52' title="bbox 1028 448 1821 486">
    <p class='ocr_par' dir='ltr' id='par_1_52' title="bbox 1028 448 1821 486">
     <span class='ocr_line' id='line_1_52' title="bbox 1028 448 1821 486; baseline 0.004 -11"><span class='ocrx_word' id='word_1_389' title='bbox 1028 448 1088 475; x_wconf 87' lang='lat' dir='ltr'><strong>dam</strong></span> <span class='ocrx_word' id='word_1_390' title='bbox 1116 454 1263 485; x_wconf 78' lang='lat' dir='ltr'><strong>tyrannus,</strong></span> <span class='ocrx_word' id='word_1_391' title='bbox 1289 455 1365 484; x_wconf 70' lang='lat' dir='ltr'><strong>urget</strong></span> <span class='ocrx_word' id='word_1_392' title='bbox 1395 449 1537 477; x_wconf 85' lang='lat' dir='ltr'><strong>inhumana</strong></span> <span class='ocrx_word' id='word_1_393' title='bbox 1564 450 1638 485; x_wconf 89' lang='lat' dir='ltr'><strong>jussa</strong></span> <span class='ocrx_word' id='word_1_394' title='bbox 1668 451 1821 486; x_wconf 86' lang='lat' dir='ltr'><strong>imperans,</strong></span> 
     </span>
    </p>
   </div>
   <div class='ocr_carea' id='block_1_53' title="bbox 1028 495 1820 530">
    <p class='ocr_par' dir='ltr' id='par_1_53' title="bbox 1028 495 1820 530">
     <span class='ocr_line' id='line_1_53' title="bbox 1028 495 1820 530; baseline 0.004 -9"><span class='ocrx_word' id='word_1_395' title='bbox 1028 503 1127 530; x_wconf 86' lang='lat' dir='ltr'><strong>eosque</strong></span> <span class='ocrx_word' id='word_1_396' title='bbox 1148 496 1175 522; x_wconf 94' lang='lat' dir='ltr'><strong>in</strong></span> <span class='ocrx_word' id='word_1_397' title='bbox 1193 495 1263 522; x_wconf 84' lang='lat' dir='ltr'><strong>feras</strong></span> <span class='ocrx_word' id='word_1_398' title='bbox 1281 500 1399 522; x_wconf 88' lang='lat' dir='ltr'><strong>mtttatos</strong></span> <span class='ocrx_word' id='word_1_399' title='bbox 1411 515 1419 528; x_wconf 95' lang='lat'><strong>,</strong></span> <span class='ocrx_word' id='word_1_400' title='bbox 1436 496 1470 522; x_wconf 87' lang='lat' dir='ltr'><strong>ita</strong></span> <span class='ocrx_word' id='word_1_401' title='bbox 1486 496 1559 523; x_wconf 87' lang='lat' dir='ltr'><strong>ducit</strong></span> <span class='ocrx_word' id='word_1_402' title='bbox 1573 496 1606 524; x_wconf 86' lang='lat' dir='ltr'><strong>ad</strong></span> <span class='ocrx_word' id='word_1_403' title='bbox 1627 497 1739 525; x_wconf 87' lang='lat' dir='ltr'><strong>loculos.</strong></span> <span class='ocrx_word' id='word_1_404' title='bbox 1753 497 1820 524; x_wconf 86' lang='lat' dir='ltr'><strong>Natu</strong></span> 
     </span>
    </p>
   </div>
   <div class='ocr_carea' id='block_1_54' title="bbox 1029 541 1821 575">
    <p class='ocr_par' dir='ltr' id='par_1_54' title="bbox 1029 541 1821 575">
     <span class='ocr_line' id='line_1_54' title="bbox 1029 541 1821 575; baseline 0.004 -8"><span class='ocrx_word' id='word_1_405' title='bbox 1029 544 1163 575; x_wconf 89' lang='lat' dir='ltr'><strong>tamquam</strong></span> <span class='ocrx_word' id='word_1_406' title='bbox 1180 541 1242 569; x_wconf 77' lang='lat' dir='ltr'><strong>ferze</strong></span> <span class='ocrx_word' id='word_1_407' title='bbox 1259 545 1378 569; x_wconf 92' lang='lat' dir='ltr'><strong>mortuos</strong></span> <span class='ocrx_word' id='word_1_408' title='bbox 1400 541 1574 575; x_wconf 80' lang='lat' dir='ltr'><strong>invadentes,</strong></span> <span class='ocrx_word' id='word_1_409' title='bbox 1601 549 1635 569; x_wconf 91' lang='lat' dir='ltr'><strong>ne</strong></span> <span class='ocrx_word' id='word_1_410' title='bbox 1657 550 1672 570; x_wconf 88' lang='lat' dir='ltr'><strong>a</strong></span> <span class='ocrx_word' id='word_1_411' title='bbox 1696 543 1821 571; x_wconf 82' lang='lat' dir='ltr'><strong>carnibus</strong></span> 
     </span>
    </p>
   </div>
   <div class='ocr_carea' id='block_1_55' title="bbox 1028 587 1821 621">
    <p class='ocr_par' dir='ltr' id='par_1_55' title="bbox 1028 587 1821 621">
     <span class='ocr_line' id='line_1_55' title="bbox 1028 587 1821 621; baseline 0.004 -8"><span class='ocrx_word' id='word_1_412' title='bbox 1028 587 1134 621; x_wconf 88' lang='lat' dir='ltr'><strong>quidem</strong></span> <span class='ocrx_word' id='word_1_413' title='bbox 1146 587 1332 620; x_wconf 84' lang='lat' dir='ltr'><strong>abstinuerint,</strong></span> <span class='ocrx_word' id='word_1_414' title='bbox 1344 588 1366 614; x_wconf 81' lang='lat' dir='ltr'><strong>si</strong></span> <span class='ocrx_word' id='word_1_415' title='bbox 1375 588 1493 614; x_wconf 88' lang='lat' dir='ltr'><strong>membra</strong></span> <span class='ocrx_word' id='word_1_416' title='bbox 1507 588 1558 614; x_wconf 84' lang='lat' dir='ltr'><strong>illis</strong></span> <span class='ocrx_word' id='word_1_417' title='bbox 1569 593 1658 615; x_wconf 81' lang='lat' dir='ltr'><strong>essent</strong></span> <span class='ocrx_word' id='word_1_418' title='bbox 1670 589 1752 615; x_wconf 83' lang='lat' dir='ltr'><strong>utilia.</strong></span> <span class='ocrx_word' id='word_1_419' title='bbox 1767 590 1821 616; x_wconf 84' lang='lat' dir='ltr'><strong>llos</strong></span> 
     </span>
    </p>
   </div>
   <div class='ocr_carea' id='block_1_56' title="bbox 1029 633 1820 669">
    <p class='ocr_par' dir='ltr' id='par_1_56' title="bbox 1029 633 1820 669">
     <span class='ocr_line' id='line_1_56' title="bbox 1029 633 1820 669; baseline 0.004 -10"><span class='ocrx_word' id='word_1_420' title='bbox 1029 633 1129 659; x_wconf 88' lang='lat' dir='ltr'><strong>fructus</strong></span> <span class='ocrx_word' id='word_1_421' title='bbox 1145 633 1306 668; x_wconf 88' lang='lat' dir='ltr'><strong>percipimus</strong></span> <span class='ocrx_word' id='word_1_422' title='bbox 1331 640 1363 660; x_wconf 82' lang='lat' dir='ltr'><strong>ex</strong></span> <span class='ocrx_word' id='word_1_423' title='bbox 1382 634 1481 660; x_wconf 82' lang='lat' dir='ltr'><strong>divitiis</strong></span> <span class='ocrx_word' id='word_1_424' title='bbox 1493 654 1500 665; x_wconf 88' lang='lat'><strong>,</strong></span> <span class='ocrx_word' id='word_1_425' title='bbox 1515 634 1594 660; x_wconf 87' lang='lat' dir='ltr'><strong>etiam</strong></span> <span class='ocrx_word' id='word_1_426' title='bbox 1623 639 1683 669; x_wconf 83' lang='lat' dir='ltr'><strong>post</strong></span> <span class='ocrx_word' id='word_1_427' title='bbox 1706 640 1820 662; x_wconf 88' lang='lat' dir='ltr'><strong>mortem</strong></span> 
     </span>
    </p>
   </div>
   <div class='ocr_carea' id='block_1_57' title="bbox 1029 678 1819 714">
    <p class='ocr_par' dir='ltr' id='par_1_57' title="bbox 1029 678 1819 714">
     <span class='ocr_line' id='line_1_57' title="bbox 1029 678 1819 714; baseline 0.004 -10"><span class='ocrx_word' id='word_1_428' title='bbox 1029 678 1127 712; x_wconf 88' lang='lat' dir='ltr'><strong>probro</strong></span> <span class='ocrx_word' id='word_1_429' title='bbox 1138 679 1331 705; x_wconf 85' lang='lat' dir='ltr'><strong>eteontnmclia</strong></span> <span class='ocrx_word' id='word_1_430' title='bbox 1342 678 1427 705; x_wconf 70' lang='lat' dir='ltr'><strong>affet-li</strong></span> <span class='ocrx_word' id='word_1_431' title='bbox 1441 684 1466 705; x_wconf 91' lang='lat' dir='ltr'><strong>et</strong></span> <span class='ocrx_word' id='word_1_432' title='bbox 1477 679 1611 713; x_wconf 82' lang='lat' dir='ltr'><strong>sepultura</strong></span> <span class='ocrx_word' id='word_1_433' title='bbox 1622 680 1727 714; x_wconf 81' lang='lat' dir='ltr'><strong>privati,</strong></span> <span class='ocrx_word' id='word_1_434' title='bbox 1741 689 1819 714; x_wconf 81' lang='lat' dir='ltr'><strong>quant</strong></span> 
     </span>
    </p>
   </div>
   <div class='ocr_carea' id='block_1_58' title="bbox 1028 724 1821 759">
    <p class='ocr_par' dir='ltr' id='par_1_58' title="bbox 1028 724 1821 759">
     <span class='ocr_line' id='line_1_58' title="bbox 1028 724 1821 759; baseline 0.004 -9"><span class='ocrx_word' id='word_1_435' title='bbox 1028 729 1206 758; x_wconf 84' lang='lat' dir='ltr'><strong>assequuntur</strong></span> <span class='ocrx_word' id='word_1_436' title='bbox 1219 725 1298 751; x_wconf 84' lang='lat' dir='ltr'><strong>etiam</strong></span> <span class='ocrx_word' id='word_1_437' title='bbox 1322 724 1367 758; x_wconf 89' lang='lat' dir='ltr'><strong>qui</strong></span> <span class='ocrx_word' id='word_1_438' title='bbox 1388 725 1487 751; x_wconf 83' lang='lat' dir='ltr'><strong>nefaria</strong></span> <span class='ocrx_word' id='word_1_439' title='bbox 1511 731 1706 759; x_wconf 88' lang='lat' dir='ltr'><strong>perpetraruut.</strong></span> <span class='ocrx_word' id='word_1_440' title='bbox 1734 727 1821 753; x_wconf 86' lang='lat' dir='ltr'><strong>Easne</strong></span> 
     </span>
    </p>
   </div>
   <div class='ocr_carea' id='block_1_59' title="bbox 1028 770 1821 805">
    <p class='ocr_par' dir='ltr' id='par_1_59' title="bbox 1028 770 1821 805">
     <span class='ocr_line' id='line_1_59' title="bbox 1028 770 1821 805; baseline 0.005 -10"><span class='ocrx_word' id='word_1_441' title='bbox 1028 777 1101 804; x_wconf 79' lang='lat' dir='ltr'><strong>ergo,</strong></span> <span class='ocrx_word' id='word_1_442' title='bbox 1114 770 1165 802; x_wconf 87' lang='lat' dir='ltr'><strong>die,</strong></span> <span class='ocrx_word' id='word_1_443' title='bbox 1178 778 1253 804; x_wconf 77' lang='lat' dir='ltr'><strong>rogo,</strong></span> <span class='ocrx_word' id='word_1_444' title='bbox 1266 770 1353 796; x_wconf 87' lang='lat' dir='ltr'><strong>adhuc</strong></span> <span class='ocrx_word' id='word_1_445' title='bbox 1364 771 1511 797; x_wconf 83' lang='lat' dir='ltr'><strong>amabimus</strong></span> <span class='ocrx_word' id='word_1_446' title='bbox 1522 779 1580 805; x_wconf 71' lang='lat' dir='ltr'><strong>qua:</strong></span> <span class='ocrx_word' id='word_1_447' title='bbox 1593 772 1668 798; x_wconf 89' lang='lat' dir='ltr'><strong>nobis</strong></span> <span class='ocrx_word' id='word_1_448' title='bbox 1681 777 1741 799; x_wconf 87' lang='lat' dir='ltr'><strong>sunt</strong></span> <span class='ocrx_word' id='word_1_449' title='bbox 1753 773 1821 800; x_wconf 81' lang='lat' dir='ltr'><strong>adeo</strong></span> 
     </span>
    </p>
   </div>
   <div class='ocr_carea' id='block_1_60' title="bbox 1029 815 1832 855">
    <p class='ocr_par' dir='ltr' id='par_1_60' title="bbox 1029 815 1832 855">
     <span class='ocr_line' id='line_1_60' title="bbox 1029 815 1832 855; baseline 0.004 -13"><span class='ocrx_word' id='word_1_450' title='bbox 1029 815 1131 843; x_wconf 64' lang='lat' dir='ltr'><strong>infeste</strong></span> <span class='ocrx_word' id='word_1_451' title='bbox 1155 822 1181 843; x_wconf 86' lang='lat' dir='ltr'><strong>et</strong></span> <span class='ocrx_word' id='word_1_452' title='bbox 1207 817 1340 843; x_wconf 71' lang='lat' dir='ltr'><strong>inimicm?</strong></span> <span class='ocrx_word' id='word_1_453' title='bbox 1355 817 1525 851; x_wconf 82' lang='lat' dir='ltr'><strong>Nequaquam</strong></span> <span class='ocrx_word' id='word_1_454' title='bbox 1537 838 1544 849; x_wconf 92' lang='lat'><strong>,</strong></span> <span class='ocrx_word' id='word_1_455' title='bbox 1560 825 1636 852; x_wconf 78' lang='lat' dir='ltr'><strong>rogo,</strong></span> <span class='ocrx_word' id='word_1_456' title='bbox 1654 826 1832 855; x_wconf 64' lang='lat' dir='ltr'><strong>nequaquam,</strong></span> 
     </span>
    </p>
   </div>
   <div class='ocr_carea' id='block_1_61' title="bbox 1029 862 1820 897">
    <p class='ocr_par' dir='ltr' id='par_1_61' title="bbox 1029 862 1820 897">
     <span class='ocr_line' id='line_1_61' title="bbox 1029 862 1820 897; baseline 0.004 -9"><span class='ocrx_word' id='word_1_457' title='bbox 1029 862 1133 894; x_wconf 80' lang='lat' dir='ltr'><strong>fratres,</strong></span> <span class='ocrx_word' id='word_1_458' title='bbox 1149 863 1196 889; x_wconf 91' lang='lat' dir='ltr'><strong>scd</strong></span> <span class='ocrx_word' id='word_1_459' title='bbox 1213 863 1358 897; x_wconf 80' lang='lat' dir='ltr'><strong>fugiamus,</strong></span> <span class='ocrx_word' id='word_1_460' title='bbox 1376 871 1425 890; x_wconf 87' lang='lat' dir='ltr'><strong>nec</strong></span> <span class='ocrx_word' id='word_1_461' title='bbox 1441 863 1534 890; x_wconf 87' lang='lat' dir='ltr'><strong>faciem</strong></span> <span class='ocrx_word' id='word_1_462' title='bbox 1550 863 1584 890; x_wconf 86' lang='lat' dir='ltr'><strong>ad</strong></span> <span class='ocrx_word' id='word_1_463' title='bbox 1600 872 1630 890; x_wconf 89' lang='lat' dir='ltr'><strong>ea</strong></span> <span class='ocrx_word' id='word_1_464' title='bbox 1645 871 1716 891; x_wconf 89' lang='lat' dir='ltr'><strong>retro</strong></span> <span class='ocrx_word' id='word_1_465' title='bbox 1731 870 1820 892; x_wconf 47' lang='lat' dir='ltr'><strong>verm-</strong></span> 
     </span>
    </p>
   </div>
   <div class='ocr_carea' id='block_1_62' title="bbox 1029 909 1819 942">
    <p class='ocr_par' dir='ltr' id='par_1_62' title="bbox 1029 909 1819 942">
     <span class='ocr_line' id='line_1_62' title="bbox 1029 909 1819 942; baseline 0.004 -7"><span class='ocrx_word' id='word_1_466' title='bbox 1029 916 1102 940; x_wconf 91' lang='lat' dir='ltr'><strong>mus;</strong></span> <span class='ocrx_word' id='word_1_467' title='bbox 1117 914 1142 935; x_wconf 89' lang='lat' dir='ltr'><strong>et</strong></span> <span class='ocrx_word' id='word_1_468' title='bbox 1159 909 1180 935; x_wconf 91' lang='lat' dir='ltr'><strong>si</strong></span> <span class='ocrx_word' id='word_1_469' title='bbox 1197 909 1221 935; x_wconf 93' lang='lat' dir='ltr'><strong>in</strong></span> <span class='ocrx_word' id='word_1_470' title='bbox 1238 916 1333 935; x_wconf 90' lang='lat' dir='ltr'><strong>manus</strong></span> <span class='ocrx_word' id='word_1_471' title='bbox 1353 914 1457 935; x_wconf 89' lang='lat' dir='ltr'><strong>nostras</strong></span> <span class='ocrx_word' id='word_1_472' title='bbox 1472 910 1604 942; x_wconf 78' lang='lat' dir='ltr'><strong>venerint,</strong></span> <span class='ocrx_word' id='word_1_473' title='bbox 1621 919 1654 937; x_wconf 79' lang='lat' dir='ltr'><strong>ne</strong></span> <span class='ocrx_word' id='word_1_474' title='bbox 1671 911 1741 938; x_wconf 90' lang='lat' dir='ltr'><strong>intus</strong></span> <span class='ocrx_word' id='word_1_475' title='bbox 1756 913 1819 938; x_wconf 89' lang='lat' dir='ltr'><strong>reti-</strong></span> 
     </span>
    </p>
   </div>
   <div class='ocr_carea' id='block_1_63' title="bbox 1029 955 1820 991">
    <p class='ocr_par' dir='ltr' id='par_1_63' title="bbox 1029 955 1820 991">
     <span class='ocr_line' id='line_1_63' title="bbox 1029 955 1820 991; baseline 0.005 -11"><span class='ocrx_word' id='word_1_476' title='bbox 1029 962 1155 986; x_wconf 81' lang='lat' dir='ltr'><strong>neamus,</strong></span> <span class='ocrx_word' id='word_1_477' title='bbox 1171 955 1218 982; x_wconf 89' lang='lat' dir='ltr'><strong>sed</strong></span> <span class='ocrx_word' id='word_1_478' title='bbox 1233 962 1279 982; x_wconf 89' lang='lat' dir='ltr'><strong>eas</strong></span> <span class='ocrx_word' id='word_1_479' title='bbox 1293 962 1437 990; x_wconf 87' lang='lat' dir='ltr'><strong>pauperum</strong></span> <span class='ocrx_word' id='word_1_480' title='bbox 1454 956 1577 983; x_wconf 88' lang='lat' dir='ltr'><strong>manibus</strong></span> <span class='ocrx_word' id='word_1_481' title='bbox 1592 957 1742 991; x_wconf 82' lang='lat' dir='ltr'><strong>alligemus.</strong></span> <span class='ocrx_word' id='word_1_482' title='bbox 1759 958 1820 985; x_wconf 65' lang='lat' dir='ltr'><strong>Haec</strong></span> 
     </span>
    </p>
   </div>
   <div class='ocr_carea' id='block_1_64' title="bbox 1028 1000 1820 1037">
    <p class='ocr_par' dir='ltr' id='par_1_64' title="bbox 1028 1000 1820 1037">
     <span class='ocr_line' id='line_1_64' title="bbox 1028 1000 1820 1037; baseline 0.005 -11"><span class='ocrx_word' id='word_1_483' title='bbox 1028 1000 1098 1027; x_wconf 90' lang='lat' dir='ltr'><strong>enim</strong></span> <span class='ocrx_word' id='word_1_484' title='bbox 1110 1000 1215 1027; x_wconf 80' lang='lat' dir='ltr'><strong>vincula</strong></span> <span class='ocrx_word' id='word_1_485' title='bbox 1227 1008 1273 1027; x_wconf 89' lang='lat' dir='ltr'><strong>eos</strong></span> <span class='ocrx_word' id='word_1_486' title='bbox 1284 1001 1367 1035; x_wconf 82' lang='lat' dir='ltr'><strong>magis</strong></span> <span class='ocrx_word' id='word_1_487' title='bbox 1379 1006 1490 1035; x_wconf 89' lang='lat' dir='ltr'><strong>possunt</strong></span> <span class='ocrx_word' id='word_1_488' title='bbox 1500 1002 1628 1035; x_wconf 87' lang='lat' dir='ltr'><strong>retinere,</strong></span> <span class='ocrx_word' id='word_1_489' title='bbox 1641 1007 1666 1029; x_wconf 85' lang='lat' dir='ltr'><strong>et</strong></span> <span class='ocrx_word' id='word_1_490' title='bbox 1677 1010 1820 1037; x_wconf 85' lang='lat' dir='ltr'><strong>numquam</strong></span> 
     </span>
    </p>
   </div>
   <div class='ocr_carea' id='block_1_65' title="bbox 1028 1045 1821 1081">
    <p class='ocr_par' dir='ltr' id='par_1_65' title="bbox 1028 1045 1821 1081">
     <span class='ocr_line' id='line_1_65' title="bbox 1028 1045 1821 1081; baseline 0.001 -8"><span class='ocrx_word' id='word_1_491' title='bbox 1028 1045 1154 1080; x_wconf 75' lang='lat' dir='ltr'><strong>effugient</strong></span> <span class='ocrx_word' id='word_1_492' title='bbox 1168 1054 1199 1073; x_wconf 89' lang='lat' dir='ltr'><strong>ex</strong></span> <span class='ocrx_word' id='word_1_493' title='bbox 1216 1046 1269 1072; x_wconf 86' lang='lat' dir='ltr'><strong>illis</strong></span> <span class='ocrx_word' id='word_1_494' title='bbox 1282 1046 1431 1081; x_wconf 87' lang='lat' dir='ltr'><strong>pennariis;</strong></span> <span class='ocrx_word' id='word_1_495' title='bbox 1449 1046 1558 1081; x_wconf 62' lang='lat' dir='ltr'><strong>ista‘qne</strong></span> <span class='ocrx_word' id='word_1_496' title='bbox 1575 1046 1662 1074; x_wconf 82' lang='lat' dir='ltr'><strong>infida:</strong></span> <span class='ocrx_word' id='word_1_497' title='bbox 1674 1047 1707 1074; x_wconf 89' lang='lat' dir='ltr'><strong>de</strong></span> <span class='ocrx_word' id='word_1_498' title='bbox 1722 1054 1821 1075; x_wconf 68' lang='lat' dir='ltr'><strong>cancro</strong></span> 
     </span>
    </p>
   </div>
   <div class='ocr_carea' id='block_1_66' title="bbox 1028 1092 1821 1129">
    <p class='ocr_par' dir='ltr' id='par_1_66' title="bbox 1028 1092 1821 1129">
     <span class='ocr_line' id='line_1_66' title="bbox 1028 1092 1821 1129; baseline 0.004 -11"><span class='ocrx_word' id='word_1_499' title='bbox 1028 1097 1136 1119; x_wconf 84' lang='lat' dir='ltr'><strong>manent</strong></span> <span class='ocrx_word' id='word_1_500' title='bbox 1161 1092 1272 1125; x_wconf 84' lang='lat' dir='ltr'><strong>ﬁdeles,</strong></span> <span class='ocrx_word' id='word_1_501' title='bbox 1299 1092 1427 1126; x_wconf 62' lang='lat' dir='ltr'><strong>placida),</strong></span> <span class='ocrx_word' id='word_1_502' title='bbox 1454 1097 1617 1125; x_wconf 66' lang='lat' dir='ltr'><strong>mansuetze,</strong></span> <span class='ocrx_word' id='word_1_503' title='bbox 1643 1093 1821 1129; x_wconf 74' lang='lat' dir='ltr'><strong>elecmosynzn</strong></span> 
     </span>
    </p>
   </div>
   <div class='ocr_carea' id='block_1_67' title="bbox 1028 1137 1821 1172">
    <p class='ocr_par' dir='ltr' id='par_1_67' title="bbox 1028 1137 1821 1172">
     <span class='ocr_line' id='line_1_67' title="bbox 1028 1137 1821 1172; baseline 0.001 -8"><span class='ocrx_word' id='word_1_504' title='bbox 1028 1138 1137 1164; x_wconf 87' lang='lat' dir='ltr'><strong>dextera</strong></span> <span class='ocrx_word' id='word_1_505' title='bbox 1153 1138 1190 1164; x_wconf 90' lang='lat' dir='ltr'><strong>sic</strong></span> <span class='ocrx_word' id='word_1_506' title='bbox 1205 1142 1386 1164; x_wconf 77' lang='lat' dir='ltr'><strong>eomntntatm.</strong></span> <span class='ocrx_word' id='word_1_507' title='bbox 1402 1138 1428 1164; x_wconf 86' lang='lat' dir='ltr'><strong>Si</strong></span> <span class='ocrx_word' id='word_1_508' title='bbox 1445 1137 1551 1172; x_wconf 89' lang='lat' dir='ltr'><strong>quando</strong></span> <span class='ocrx_word' id='word_1_509' title='bbox 1565 1145 1629 1172; x_wconf 79' lang='lat' dir='ltr'><strong>ergo</strong></span> <span class='ocrx_word' id='word_1_510' title='bbox 1646 1139 1708 1172; x_wconf 75' lang='lat' dir='ltr'><strong>ipsa:</strong></span> <span class='ocrx_word' id='word_1_511' title='bbox 1724 1139 1756 1166; x_wconf 88' lang='lat' dir='ltr'><strong>ad</strong></span> <span class='ocrx_word' id='word_1_512' title='bbox 1773 1147 1821 1166; x_wconf 88' lang='lat' dir='ltr'><strong>nos</strong></span> 
     </span>
    </p>
   </div>
   <div class='ocr_carea' id='block_1_68' title="bbox 1029 1183 1822 1218">
    <p class='ocr_par' dir='ltr' id='par_1_68' title="bbox 1029 1183 1822 1218">
     <span class='ocr_line' id='line_1_68' title="bbox 1029 1183 1822 1218; baseline 0.005 -9"><span class='ocrx_word' id='word_1_513' title='bbox 1029 1184 1200 1216; x_wconf 85' lang='lat' dir='ltr'><strong>accesserint,</strong></span> <span class='ocrx_word' id='word_1_514' title='bbox 1216 1184 1264 1218; x_wconf 87' lang='lat' dir='ltr'><strong>ipsi</strong></span> <span class='ocrx_word' id='word_1_515' title='bbox 1277 1191 1322 1210; x_wconf 87' lang='lat' dir='ltr'><strong>eas</strong></span> <span class='ocrx_word' id='word_1_516' title='bbox 1334 1183 1468 1210; x_wconf 88' lang='lat' dir='ltr'><strong>tradamus</strong></span> <span class='ocrx_word' id='word_1_517' title='bbox 1481 1192 1487 1210; x_wconf 87' lang='lat'><strong><em>:</em></strong></span> <span class='ocrx_word' id='word_1_518' title='bbox 1503 1184 1544 1210; x_wconf 91' lang='lat' dir='ltr'><strong>sin</strong></span> <span class='ocrx_word' id='word_1_519' title='bbox 1559 1188 1649 1211; x_wconf 86' lang='lat' dir='ltr'><strong>autent</strong></span> <span class='ocrx_word' id='word_1_520' title='bbox 1663 1193 1714 1211; x_wconf 88' lang='lat' dir='ltr'><strong>tton</strong></span> <span class='ocrx_word' id='word_1_521' title='bbox 1729 1185 1822 1213; x_wconf 84' lang='lat' dir='ltr'><strong>adfue-</strong></span> 
     </span>
    </p>
   </div>
   <div class='ocr_carea' id='block_1_69' title="bbox 1029 1229 1822 1265">
    <p class='ocr_par' dir='ltr' id='par_1_69' title="bbox 1029 1229 1822 1265">
     <span class='ocr_line' id='line_1_69' title="bbox 1029 1229 1822 1265; baseline 0.004 -10"><span class='ocrx_word' id='word_1_522' title='bbox 1029 1229 1092 1261; x_wconf 87' lang='lat' dir='ltr'><strong>rint,</strong></span> <span class='ocrx_word' id='word_1_523' title='bbox 1109 1237 1142 1255; x_wconf 88' lang='lat' dir='ltr'><strong>ne</strong></span> <span class='ocrx_word' id='word_1_524' title='bbox 1155 1237 1315 1263; x_wconf 62' lang='lat' dir='ltr'><strong>quaeramus,</strong></span> <span class='ocrx_word' id='word_1_525' title='bbox 1332 1237 1381 1256; x_wconf 90' lang='lat' dir='ltr'><strong>nec</strong></span> <span class='ocrx_word' id='word_1_526' title='bbox 1396 1237 1444 1257; x_wconf 91' lang='lat' dir='ltr'><strong>nos</strong></span> <span class='ocrx_word' id='word_1_527' title='bbox 1458 1230 1529 1264; x_wconf 80' lang='lat' dir='ltr'><strong>ipsos</strong></span> <span class='ocrx_word' id='word_1_528' title='bbox 1542 1230 1703 1257; x_wconf 80' lang='lat' dir='ltr'><strong>suﬂ&#39;oeenms</strong></span> <span class='ocrx_word' id='word_1_529' title='bbox 1713 1251 1720 1262; x_wconf 93' lang='lat'><strong>,</strong></span> <span class='ocrx_word' id='word_1_530' title='bbox 1735 1238 1822 1265; x_wconf 83' lang='lat' dir='ltr'><strong>neque</strong></span> 
     </span>
    </p>
   </div>
   <div class='ocr_carea' id='block_1_70' title="bbox 1028 1275 1820 1310">
    <p class='ocr_par' dir='ltr' id='par_1_70' title="bbox 1028 1275 1820 1310">
     <span class='ocr_line' id='line_1_70' title="bbox 1028 1275 1820 1310; baseline 0.004 -10"><span class='ocrx_word' id='word_1_531' title='bbox 1028 1283 1075 1301; x_wconf 89' lang='lat' dir='ltr'><strong>eos</strong></span> <span class='ocrx_word' id='word_1_532' title='bbox 1089 1275 1132 1310; x_wconf 87' lang='lat' dir='ltr'><strong>qui</strong></span> <span class='ocrx_word' id='word_1_533' title='bbox 1155 1275 1252 1302; x_wconf 86' lang='lat' dir='ltr'><strong>habent</strong></span> <span class='ocrx_word' id='word_1_534' title='bbox 1268 1276 1360 1302; x_wconf 84' lang='lat' dir='ltr'><strong>beatos</strong></span> <span class='ocrx_word' id='word_1_535' title='bbox 1382 1276 1575 1303; x_wconf 75' lang='lat' dir='ltr'><strong>existimemus.</strong></span> <span class='ocrx_word' id='word_1_536' title='bbox 1593 1277 1734 1309; x_wconf 88' lang='lat' dir='ltr'><strong>Quomodo</strong></span> <span class='ocrx_word' id='word_1_537' title='bbox 1749 1278 1820 1304; x_wconf 92' lang='lat' dir='ltr'><strong>enim</strong></span> 
     </span>
    </p>
   </div>
   <div class='ocr_carea' id='block_1_71' title="bbox 1029 1320 1821 1356">
    <p class='ocr_par' dir='ltr' id='par_1_71' title="bbox 1029 1320 1821 1356">
     <span class='ocr_line' id='line_1_71' title="bbox 1029 1320 1821 1356; baseline 0.004 -10"><span class='ocrx_word' id='word_1_538' title='bbox 1029 1321 1123 1347; x_wconf 87' lang='lat' dir='ltr'><strong>beatus</strong></span> <span class='ocrx_word' id='word_1_539' title='bbox 1146 1320 1189 1348; x_wconf 92' lang='lat' dir='ltr'><strong>hic</strong></span> <span class='ocrx_word' id='word_1_540' title='bbox 1212 1321 1425 1348; x_wconf 80' lang='lat' dir='ltr'><strong>existimandus?</strong></span> <span class='ocrx_word' id='word_1_541' title='bbox 1448 1322 1496 1348; x_wconf 84' lang='lat' dir='ltr'><strong>nisi</strong></span> <span class='ocrx_word' id='word_1_542' title='bbox 1518 1329 1565 1348; x_wconf 90' lang='lat' dir='ltr'><strong>eos</strong></span> <span class='ocrx_word' id='word_1_543' title='bbox 1580 1323 1623 1356; x_wconf 91' lang='lat' dir='ltr'><strong>qni</strong></span> <span class='ocrx_word' id='word_1_544' title='bbox 1648 1330 1708 1349; x_wconf 91' lang='lat' dir='ltr'><strong>cum</strong></span> <span class='ocrx_word' id='word_1_545' title='bbox 1729 1323 1821 1350; x_wconf 80' lang='lat' dir='ltr'><strong>bestiis</strong></span> 
     </span>
    </p>
   </div>
   <div class='ocr_carea' id='block_1_72' title="bbox 1029 1365 1821 1400">
    <p class='ocr_par' dir='ltr' id='par_1_72' title="bbox 1029 1365 1821 1400">
     <span class='ocr_line' id='line_1_72' title="bbox 1029 1365 1821 1400; baseline 0.004 -9"><span class='ocrx_word' id='word_1_546' title='bbox 1029 1370 1147 1400; x_wconf 81' lang='lat' dir='ltr'><strong>pugnant</strong></span> <span class='ocrx_word' id='word_1_547' title='bbox 1166 1365 1258 1392; x_wconf 83' lang='lat' dir='ltr'><strong>beatos</strong></span> <span class='ocrx_word' id='word_1_548' title='bbox 1273 1365 1391 1399; x_wconf 87' lang='lat' dir='ltr'><strong>dixeris,</strong></span> <span class='ocrx_word' id='word_1_549' title='bbox 1413 1366 1484 1400; x_wconf 85' lang='lat' dir='ltr'><strong>quod</strong></span> <span class='ocrx_word' id='word_1_550' title='bbox 1501 1366 1526 1392; x_wconf 94' lang='lat' dir='ltr'><strong>in</strong></span> <span class='ocrx_word' id='word_1_551' title='bbox 1545 1367 1629 1400; x_wconf 89' lang='lat' dir='ltr'><strong>pretio</strong></span> <span class='ocrx_word' id='word_1_552' title='bbox 1644 1367 1747 1394; x_wconf 81' lang='lat' dir='ltr'><strong>habitas</strong></span> <span class='ocrx_word' id='word_1_553' title='bbox 1762 1367 1821 1394; x_wconf 89' lang='lat' dir='ltr'><strong>illas</strong></span> 
     </span>
    </p>
   </div>
   <div class='ocr_carea' id='block_1_73' title="bbox 1030 1411 1821 1446">
    <p class='ocr_par' dir='ltr' id='par_1_73' title="bbox 1030 1411 1821 1446">
     <span class='ocr_line' id='line_1_73' title="bbox 1030 1411 1821 1446; baseline 0.004 -10"><span class='ocrx_word' id='word_1_554' title='bbox 1030 1411 1128 1437; x_wconf 85' lang='lat' dir='ltr'><strong>bestias</strong></span> <span class='ocrx_word' id='word_1_555' title='bbox 1141 1411 1191 1437; x_wconf 88' lang='lat' dir='ltr'><strong>sibi</strong></span> <span class='ocrx_word' id='word_1_556' title='bbox 1207 1411 1323 1437; x_wconf 88' lang='lat' dir='ltr'><strong>inclusas</strong></span> <span class='ocrx_word' id='word_1_557' title='bbox 1337 1415 1445 1438; x_wconf 86' lang='lat' dir='ltr'><strong>servent</strong></span> <span class='ocrx_word' id='word_1_558' title='bbox 1458 1411 1502 1446; x_wconf 88' lang='lat' dir='ltr'><strong>qui</strong></span> <span class='ocrx_word' id='word_1_559' title='bbox 1519 1412 1579 1438; x_wconf 87' lang='lat' dir='ltr'><strong>talia</strong></span> <span class='ocrx_word' id='word_1_560' title='bbox 1597 1418 1748 1446; x_wconf 87' lang='lat' dir='ltr'><strong>proponunt</strong></span> <span class='ocrx_word' id='word_1_561' title='bbox 1763 1421 1821 1439; x_wconf 79' lang='lat' dir='ltr'><strong>eer-</strong></span> 
     </span>
    </p>
   </div>
   <div class='ocr_carea' id='block_1_74' title="bbox 1031 1456 1820 1492">
    <p class='ocr_par' dir='ltr' id='par_1_74' title="bbox 1031 1456 1820 1492">
     <span class='ocr_line' id='line_1_74' title="bbox 1031 1456 1820 1492; baseline 0.004 -10"><span class='ocrx_word' id='word_1_562' title='bbox 1031 1457 1137 1488; x_wconf 84' lang='lat' dir='ltr'><strong>tamina,</strong></span> <span class='ocrx_word' id='word_1_563' title='bbox 1153 1456 1201 1490; x_wconf 89' lang='lat' dir='ltr'><strong>ipsi</strong></span> <span class='ocrx_word' id='word_1_564' title='bbox 1216 1463 1267 1483; x_wconf 90' lang='lat' dir='ltr'><strong>non</strong></span> <span class='ocrx_word' id='word_1_565' title='bbox 1281 1456 1410 1484; x_wconf 87' lang='lat' dir='ltr'><strong>audentes</strong></span> <span class='ocrx_word' id='word_1_566' title='bbox 1425 1457 1553 1484; x_wconf 84' lang='lat' dir='ltr'><strong>accedere</strong></span> <span class='ocrx_word' id='word_1_567' title='bbox 1570 1465 1617 1484; x_wconf 88' lang='lat' dir='ltr'><strong>ttec</strong></span> <span class='ocrx_word' id='word_1_568' title='bbox 1634 1464 1757 1492; x_wconf 71' lang='lat' dir='ltr'><strong>tangere,</strong></span> <span class='ocrx_word' id='word_1_569' title='bbox 1773 1458 1820 1485; x_wconf 74' lang='lat' dir='ltr'><strong>sed</strong></span> 
     </span>
    </p>
   </div>
   <div class='ocr_carea' id='block_1_75' title="bbox 1030 1500 1821 1538">
    <p class='ocr_par' dir='ltr' id='par_1_75' title="bbox 1030 1500 1821 1538">
     <span class='ocr_line' id='line_1_75' title="bbox 1030 1500 1821 1538; baseline 0.004 -11"><span class='ocrx_word' id='word_1_570' title='bbox 1030 1501 1100 1535; x_wconf 89' lang='lat' dir='ltr'><strong>ipsas</strong></span> <span class='ocrx_word' id='word_1_571' title='bbox 1112 1500 1288 1528; x_wconf 85' lang='lat' dir='ltr'><strong>formidantes</strong></span> <span class='ocrx_word' id='word_1_572' title='bbox 1302 1506 1329 1528; x_wconf 86' lang='lat' dir='ltr'><strong>et</strong></span> <span class='ocrx_word' id='word_1_573' title='bbox 1344 1502 1592 1529; x_wconf 84' lang='lat' dir='ltr'><strong>contremiscentcs.</strong></span> <span class='ocrx_word' id='word_1_574' title='bbox 1609 1503 1663 1529; x_wconf 85' lang='lat' dir='ltr'><strong>lloe</strong></span> <span class='ocrx_word' id='word_1_575' title='bbox 1679 1504 1764 1538; x_wconf 85' lang='lat' dir='ltr'><strong>ipsum</strong></span> <span class='ocrx_word' id='word_1_576' title='bbox 1777 1511 1821 1530; x_wconf 86' lang='lat' dir='ltr'><strong>ac-</strong></span> 
     </span>
    </p>
   </div>
   <div class='ocr_carea' id='block_1_76' title="bbox 1029 1546 1819 1582">
    <p class='ocr_par' dir='ltr' id='par_1_76' title="bbox 1029 1546 1819 1582">
     <span class='ocr_line' id='line_1_76' title="bbox 1029 1546 1819 1582; baseline 0.003 -9"><span class='ocrx_word' id='word_1_577' title='bbox 1029 1546 1093 1573; x_wconf 86' lang='lat' dir='ltr'><strong>cidit</strong></span> <span class='ocrx_word' id='word_1_578' title='bbox 1103 1546 1184 1573; x_wconf 86' lang='lat' dir='ltr'><strong>etiam</strong></span> <span class='ocrx_word' id='word_1_579' title='bbox 1196 1546 1331 1580; x_wconf 82' lang='lat' dir='ltr'><strong>divitibus,</strong></span> <span class='ocrx_word' id='word_1_580' title='bbox 1348 1547 1393 1582; x_wconf 88' lang='lat' dir='ltr'><strong>qtti</strong></span> <span class='ocrx_word' id='word_1_581' title='bbox 1404 1551 1538 1582; x_wconf 82' lang='lat' dir='ltr'><strong>tamquam</strong></span> <span class='ocrx_word' id='word_1_582' title='bbox 1552 1548 1694 1575; x_wconf 88' lang='lat' dir='ltr'><strong>itntnauem</strong></span> <span class='ocrx_word' id='word_1_583' title='bbox 1709 1549 1819 1578; x_wconf 78' lang='lat' dir='ltr'><strong>bestiam</strong></span> 
     </span>
    </p>
   </div>
   <div class='ocr_carea' id='block_1_77' title="bbox 1029 1591 1821 1629">
    <p class='ocr_par' dir='ltr' id='par_1_77' title="bbox 1029 1591 1821 1629">
     <span class='ocr_line' id='line_1_77' title="bbox 1029 1591 1821 1629; baseline 0.005 -11"><span class='ocrx_word' id='word_1_584' title='bbox 1029 1591 1134 1618; x_wconf 83' lang='lat' dir='ltr'><strong>divitias</strong></span> <span class='ocrx_word' id='word_1_585' title='bbox 1151 1592 1317 1619; x_wconf 86' lang='lat' dir='ltr'><strong>incluserunt</strong></span> <span class='ocrx_word' id='word_1_586' title='bbox 1333 1593 1358 1619; x_wconf 93' lang='lat' dir='ltr'><strong>in</strong></span> <span class='ocrx_word' id='word_1_587' title='bbox 1373 1593 1507 1626; x_wconf 82' lang='lat' dir='ltr'><strong>penuariis</strong></span> <span class='ocrx_word' id='word_1_588' title='bbox 1518 1613 1525 1625; x_wconf 89' lang='lat'><strong>,</strong></span> <span class='ocrx_word' id='word_1_589' title='bbox 1544 1598 1570 1620; x_wconf 93' lang='lat' dir='ltr'><strong>ct</strong></span> <span class='ocrx_word' id='word_1_590' title='bbox 1590 1593 1623 1620; x_wconf 85' lang='lat' dir='ltr'><strong>ab</strong></span> <span class='ocrx_word' id='word_1_591' title='bbox 1637 1594 1693 1628; x_wconf 90' lang='lat' dir='ltr'><strong>ipsa</strong></span> <span class='ocrx_word' id='word_1_592' title='bbox 1711 1594 1821 1629; x_wconf 77' lang='lat' dir='ltr'><strong>singulis</strong></span> 
     </span>
    </p>
   </div>
   <div class='ocr_carea' id='block_1_78' title="bbox 1029 1639 1821 1673">
    <p class='ocr_par' dir='ltr' id='par_1_78' title="bbox 1029 1639 1821 1673">
     <span class='ocr_line' id='line_1_78' title="bbox 1029 1639 1821 1673; baseline 0.003 -8"><span class='ocrx_word' id='word_1_593' title='bbox 1029 1639 1124 1666; x_wconf 88' lang='lat' dir='ltr'><strong>diebus</strong></span> <span class='ocrx_word' id='word_1_594' title='bbox 1145 1639 1256 1666; x_wconf 73' lang='lat' dir='ltr'><strong>vulnera</strong></span> <span class='ocrx_word' id='word_1_595' title='bbox 1280 1639 1414 1673; x_wconf 81' lang='lat' dir='ltr'><strong>accipiunt</strong></span> <span class='ocrx_word' id='word_1_596' title='bbox 1440 1640 1660 1673; x_wconf 89' lang='lat' dir='ltr'><strong>innumerabilia,</strong></span> <span class='ocrx_word' id='word_1_597' title='bbox 1684 1641 1821 1668; x_wconf 90' lang='lat' dir='ltr'><strong>contrario</strong></span> 
     </span>
    </p>
   </div>
   <div class='ocr_carea' id='block_1_79' title="bbox 1029 1685 1819 1722">
    <p class='ocr_par' dir='ltr' id='par_1_79' title="bbox 1029 1685 1819 1722">
     <span class='ocr_line' id='line_1_79' title="bbox 1029 1685 1819 1722; baseline 0.004 -10"><span class='ocrx_word' id='word_1_598' title='bbox 1029 1686 1107 1719; x_wconf 90' lang='lat' dir='ltr'><strong>plane</strong></span> <span class='ocrx_word' id='word_1_599' title='bbox 1121 1685 1200 1712; x_wconf 84' lang='lat' dir='ltr'><strong>modo</strong></span> <span class='ocrx_word' id='word_1_600' title='bbox 1221 1693 1300 1720; x_wconf 90' lang='lat' dir='ltr'><strong>quam</strong></span> <span class='ocrx_word' id='word_1_601' title='bbox 1322 1685 1367 1712; x_wconf 81' lang='lat' dir='ltr'><strong>flat</strong></span> <span class='ocrx_word' id='word_1_602' title='bbox 1383 1685 1409 1712; x_wconf 94' lang='lat' dir='ltr'><strong>in</strong></span> <span class='ocrx_word' id='word_1_603' title='bbox 1425 1686 1526 1713; x_wconf 69' lang='lat' dir='ltr'><strong>bestiis.</strong></span> <span class='ocrx_word' id='word_1_604' title='bbox 1545 1686 1610 1713; x_wconf 83' lang='lat' dir='ltr'><strong>Nam</strong></span> <span class='ocrx_word' id='word_1_605' title='bbox 1625 1687 1676 1713; x_wconf 72' lang='lat' dir='ltr'><strong>illm</strong></span> <span class='ocrx_word' id='word_1_606' title='bbox 1691 1687 1797 1722; x_wconf 87' lang='lat' dir='ltr'><strong>quidem</strong></span> <span class='ocrx_word' id='word_1_607' title='bbox 1811 1709 1819 1720; x_wconf 86' lang='lat'><strong>,</strong></span> 
     </span>
    </p>
   </div>
   <div class='ocr_carea' id='block_1_80' title="bbox 1028 1731 1819 1767">
    <p class='ocr_par' dir='ltr' id='par_1_80' title="bbox 1028 1731 1819 1767">
     <span class='ocr_line' id='line_1_80' title="bbox 1028 1731 1819 1767; baseline 0.005 -11"><span class='ocrx_word' id='word_1_608' title='bbox 1028 1731 1135 1765; x_wconf 92' lang='lat' dir='ltr'><strong>quando</strong></span> <span class='ocrx_word' id='word_1_609' title='bbox 1158 1739 1202 1758; x_wconf 86' lang='lat' dir='ltr'><strong>eas</strong></span> <span class='ocrx_word' id='word_1_610' title='bbox 1219 1731 1360 1763; x_wconf 88' lang='lat' dir='ltr'><strong>eduxeris,</strong></span> <span class='ocrx_word' id='word_1_611' title='bbox 1384 1736 1445 1758; x_wconf 90' lang='lat' dir='ltr'><strong>tunc</strong></span> <span class='ocrx_word' id='word_1_612' title='bbox 1469 1732 1578 1758; x_wconf 87' lang='lat' dir='ltr'><strong>exitium</strong></span> <span class='ocrx_word' id='word_1_613' title='bbox 1601 1732 1715 1759; x_wconf 78' lang='lat' dir='ltr'><strong>afferunt</strong></span> <span class='ocrx_word' id='word_1_614' title='bbox 1730 1733 1761 1760; x_wconf 90' lang='lat' dir='ltr'><strong>iis</strong></span> <span class='ocrx_word' id='word_1_615' title='bbox 1775 1734 1819 1767; x_wconf 92' lang='lat' dir='ltr'><strong>qui</strong></span> 
     </span>
    </p>
   </div>
   <div class='ocr_carea' id='block_1_81' title="bbox 1029 1777 1821 1806">
    <p class='ocr_par' dir='ltr' id='par_1_81' title="bbox 1029 1777 1821 1806">
     <span class='ocr_line' id='line_1_81' title="bbox 1029 1777 1821 1806; baseline 0.003 -3"><span class='ocrx_word' id='word_1_616' title='bbox 1029 1777 1080 1803; x_wconf 85' lang='lat' dir='ltr'><strong>illis</strong></span> <span class='ocrx_word' id='word_1_617' title='bbox 1096 1781 1239 1804; x_wconf 88' lang='lat' dir='ltr'><strong>occurrunt</strong></span> <span class='ocrx_word' id='word_1_618' title='bbox 1255 1786 1261 1803; x_wconf 90' lang='lat'>:</span> <span class='ocrx_word' id='word_1_619' title='bbox 1278 1777 1335 1803; x_wconf 62' lang='lat' dir='ltr'><strong>ista!</strong></span> <span class='ocrx_word' id='word_1_620' title='bbox 1357 1781 1445 1804; x_wconf 85' lang='lat' dir='ltr'><strong>autem</strong></span> <span class='ocrx_word' id='word_1_621' title='bbox 1468 1785 1527 1804; x_wconf 87' lang='lat' dir='ltr'><strong>cutn</strong></span> <span class='ocrx_word' id='word_1_622' title='bbox 1553 1778 1651 1805; x_wconf 78' lang='lat' dir='ltr'><strong>fuerint</strong></span> <span class='ocrx_word' id='word_1_623' title='bbox 1671 1778 1779 1805; x_wconf 74' lang='lat' dir='ltr'><strong>incluste</strong></span> <span class='ocrx_word' id='word_1_624' title='bbox 1794 1784 1821 1806; x_wconf 82' lang='lat' dir='ltr'><strong>ct</strong></span> 
     </span>
    </p>
   </div>
   <div class='ocr_carea' id='block_1_82' title="bbox 1028 1824 1821 1858">
    <p class='ocr_par' dir='ltr' id='par_1_82' title="bbox 1028 1824 1821 1858">
     <span class='ocr_line' id='line_1_82' title="bbox 1028 1824 1821 1858; baseline 0.004 -9"><span class='ocrx_word' id='word_1_625' title='bbox 1028 1828 1150 1855; x_wconf 72' lang='lat' dir='ltr'><strong>serrane.</strong></span> <span class='ocrx_word' id='word_1_626' title='bbox 1168 1829 1230 1850; x_wconf 90' lang='lat' dir='ltr'><strong>tunc</strong></span> <span class='ocrx_word' id='word_1_627' title='bbox 1244 1831 1290 1850; x_wconf 86' lang='lat' dir='ltr'><strong>eos</strong></span> <span class='ocrx_word' id='word_1_628' title='bbox 1305 1824 1417 1857; x_wconf 86' lang='lat' dir='ltr'><strong>perdunt</strong></span> <span class='ocrx_word' id='word_1_629' title='bbox 1433 1824 1476 1858; x_wconf 92' lang='lat' dir='ltr'><strong>qui</strong></span> <span class='ocrx_word' id='word_1_630' title='bbox 1492 1825 1562 1858; x_wconf 85' lang='lat' dir='ltr'><strong>ipsas</strong></span> <span class='ocrx_word' id='word_1_631' title='bbox 1577 1825 1714 1858; x_wconf 87' lang='lat' dir='ltr'><strong>possident</strong></span> <span class='ocrx_word' id='word_1_632' title='bbox 1726 1830 1752 1852; x_wconf 90' lang='lat' dir='ltr'><strong>et</strong></span> <span class='ocrx_word' id='word_1_633' title='bbox 1765 1834 1821 1852; x_wconf 73' lang='lat' dir='ltr'><strong>scr-</strong></span> 
     </span>
    </p>
   </div>
   <div class='ocr_carea' id='block_1_83' title="bbox 1028 1868 1817 1899">
    <p class='ocr_par' dir='ltr' id='par_1_83' title="bbox 1028 1868 1817 1899">
     <span class='ocr_line' id='line_1_83' title="bbox 1028 1868 1817 1899; baseline 0.006 -5"><span class='ocrx_word' id='word_1_634' title='bbox 1028 1873 1100 1895; x_wconf 83' lang='lat' dir='ltr'><strong>vant.</strong></span> <span class='ocrx_word' id='word_1_635' title='bbox 1115 1868 1166 1896; x_wconf 89' lang='lat' dir='ltr'><strong>Sed</strong></span> <span class='ocrx_word' id='word_1_636' title='bbox 1188 1876 1237 1895; x_wconf 89' lang='lat' dir='ltr'><strong>nos</strong></span> <span class='ocrx_word' id='word_1_637' title='bbox 1258 1869 1370 1896; x_wconf 76' lang='lat' dir='ltr'><strong>bestiam</strong></span> <span class='ocrx_word' id='word_1_638' title='bbox 1386 1870 1453 1896; x_wconf 90' lang='lat' dir='ltr'><strong>hanc</strong></span> <span class='ocrx_word' id='word_1_639' title='bbox 1474 1870 1617 1897; x_wconf 88' lang='lat' dir='ltr'><strong>reddamus</strong></span> <span class='ocrx_word' id='word_1_640' title='bbox 1641 1877 1817 1899; x_wconf 87' lang='lat' dir='ltr'><strong>mansuetam.</strong></span> 
     </span>
    </p>
   </div>
   <div class='ocr_carea' id='block_1_84' title="bbox 1030 1915 1819 1948">
    <p class='ocr_par' dir='ltr' id='par_1_84' title="bbox 1030 1915 1819 1948">
     <span class='ocr_line' id='line_1_84' title="bbox 1030 1915 1819 1948; baseline 0.004 -6"><span class='ocrx_word' id='word_1_641' title='bbox 1030 1915 1185 1942; x_wconf 81' lang='lat' dir='ltr'><strong>Eritantem</strong></span> <span class='ocrx_word' id='word_1_642' title='bbox 1201 1921 1338 1941; x_wconf 87' lang='lat' dir='ltr'><strong>mansueta</strong></span> <span class='ocrx_word' id='word_1_643' title='bbox 1350 1936 1357 1947; x_wconf 94' lang='lat'><strong>,</strong></span> <span class='ocrx_word' id='word_1_644' title='bbox 1373 1916 1395 1942; x_wconf 90' lang='lat' dir='ltr'><strong>si</strong></span> <span class='ocrx_word' id='word_1_645' title='bbox 1412 1923 1471 1943; x_wconf 88' lang='lat' dir='ltr'><strong>eam</strong></span> <span class='ocrx_word' id='word_1_646' title='bbox 1486 1924 1538 1943; x_wconf 89' lang='lat' dir='ltr'><strong>non</strong></span> <span class='ocrx_word' id='word_1_647' title='bbox 1555 1917 1740 1945; x_wconf 87' lang='lat' dir='ltr'><strong>incluserimns</strong></span> <span class='ocrx_word' id='word_1_648' title='bbox 1751 1940 1757 1948; x_wconf 83' lang='lat'><strong>,</strong></span> <span class='ocrx_word' id='word_1_649' title='bbox 1773 1919 1819 1945; x_wconf 89' lang='lat' dir='ltr'><strong>sed</strong></span> 
     </span>
    </p>
   </div>
   <div class='ocr_carea' id='block_1_85' title="bbox 1030 1962 1821 1995">
    <p class='ocr_par' dir='ltr' id='par_1_85' title="bbox 1030 1962 1821 1995">
     <span class='ocr_line' id='line_1_85' title="bbox 1030 1962 1821 1995; baseline 0.004 -7"><span class='ocrx_word' id='word_1_650' title='bbox 1030 1963 1055 1988; x_wconf 93' lang='lat' dir='ltr'><strong>in</strong></span> <span class='ocrx_word' id='word_1_651' title='bbox 1076 1962 1194 1988; x_wconf 88' lang='lat' dir='ltr'><strong>omnium</strong></span> <span class='ocrx_word' id='word_1_652' title='bbox 1219 1962 1354 1995; x_wconf 77' lang='lat' dir='ltr'><strong>egentium</strong></span> <span class='ocrx_word' id='word_1_653' title='bbox 1379 1969 1473 1989; x_wconf 88' lang='lat' dir='ltr'><strong>manus</strong></span> <span class='ocrx_word' id='word_1_654' title='bbox 1499 1962 1699 1990; x_wconf 87' lang='lat' dir='ltr'><strong>adduxerinms.</strong></span> <span class='ocrx_word' id='word_1_655' title='bbox 1728 1964 1772 1990; x_wconf 90' lang='lat' dir='ltr'><strong>Sic</strong></span> <span class='ocrx_word' id='word_1_656' title='bbox 1795 1969 1821 1991; x_wconf 88' lang='lat' dir='ltr'><strong>et</strong></span> 
     </span>
    </p>
   </div>
   <div class='ocr_carea' id='block_1_86' title="bbox 1030 2001 1820 2042">
    <p class='ocr_par' dir='ltr' id='par_1_86' title="bbox 1030 2001 1820 2042">
     <span class='ocr_line' id='line_1_86' title="bbox 1030 2001 1820 2042; baseline 0.001 -8"><span class='ocrx_word' id='word_1_657' title='bbox 1030 2008 1143 2035; x_wconf 81' lang='lat' dir='ltr'><strong>maxima</strong></span> <span class='ocrx_word' id='word_1_658' title='bbox 1166 2008 1234 2034; x_wconf 89' lang='lat' dir='ltr'><strong>bona</strong></span> <span class='ocrx_word' id='word_1_659' title='bbox 1249 2007 1311 2034; x_wconf 90' lang='lat' dir='ltr'><strong>inde</strong></span> <span class='ocrx_word' id='word_1_660' title='bbox 1334 2008 1527 2042; x_wconf 89' lang='lat' dir='ltr'><strong>percipiemns,</strong></span> <span class='ocrx_word' id='word_1_661' title='bbox 1543 2011 1570 2034; x_wconf 84' lang='lat' dir='ltr'><strong>et</strong></span> <span class='ocrx_word' id='word_1_662' title='bbox 1587 2009 1611 2034; x_wconf 90' lang='lat' dir='ltr'><strong>in</strong></span> <span class='ocrx_word' id='word_1_663' title='bbox 1627 2001 1679 2035; x_wconf 81' lang='lat' dir='ltr'><strong>vita</strong></span> <span class='ocrx_word' id='word_1_664' title='bbox 1697 2009 1820 2042; x_wconf 76' lang='lat' dir='ltr'><strong>przrsenti</strong></span> 
     </span>
    </p>
   </div>
   <div class='ocr_carea' id='block_1_87' title="bbox 1030 2052 1821 2087">
    <p class='ocr_par' dir='ltr' id='par_1_87' title="bbox 1030 2052 1821 2087">
     <span class='ocr_line' id='line_1_87' title="bbox 1030 2052 1821 2087; baseline 0.001 -7"><span class='ocrx_word' id='word_1_665' title='bbox 1030 2059 1085 2080; x_wconf 90' lang='lat' dir='ltr'><strong>tuto</strong></span> <span class='ocrx_word' id='word_1_666' title='bbox 1099 2061 1130 2080; x_wconf 87' lang='lat' dir='ltr'><strong>ac</strong></span> <span class='ocrx_word' id='word_1_667' title='bbox 1152 2061 1245 2080; x_wconf 86' lang='lat' dir='ltr'><strong>secure</strong></span> <span class='ocrx_word' id='word_1_668' title='bbox 1266 2057 1293 2080; x_wconf 90' lang='lat' dir='ltr'><strong>ct</strong></span> <span class='ocrx_word' id='word_1_669' title='bbox 1307 2060 1367 2079; x_wconf 88' lang='lat' dir='ltr'><strong>cntn</strong></span> <span class='ocrx_word' id='word_1_670' title='bbox 1387 2052 1454 2079; x_wconf 90' lang='lat' dir='ltr'><strong>bona</strong></span> <span class='ocrx_word' id='word_1_671' title='bbox 1471 2060 1518 2087; x_wconf 89' lang='lat' dir='ltr'><strong>spe</strong></span> <span class='ocrx_word' id='word_1_672' title='bbox 1540 2054 1676 2085; x_wconf 85' lang='lat' dir='ltr'><strong>viventes,</strong></span> <span class='ocrx_word' id='word_1_673' title='bbox 1694 2058 1721 2080; x_wconf 84' lang='lat' dir='ltr'><strong>et</strong></span> <span class='ocrx_word' id='word_1_674' title='bbox 1737 2054 1761 2080; x_wconf 94' lang='lat' dir='ltr'><strong>in</strong></span> <span class='ocrx_word' id='word_1_675' title='bbox 1777 2054 1821 2082; x_wconf 83' lang='lat' dir='ltr'><strong>die</strong></span> 
     </span>
    </p>
   </div>
   <div class='ocr_carea' id='block_1_88' title="bbox 1030 2098 1821 2133">
    <p class='ocr_par' dir='ltr' id='par_1_88' title="bbox 1030 2098 1821 2133">
     <span class='ocr_line' id='line_1_88' title="bbox 1030 2098 1821 2133; baseline 0 -6"><span class='ocrx_word' id='word_1_676' title='bbox 1030 2100 1117 2127; x_wconf 87' lang='lat' dir='ltr'><strong>futuro</strong></span> <span class='ocrx_word' id='word_1_677' title='bbox 1132 2104 1235 2127; x_wconf 88' lang='lat' dir='ltr'><strong>stantes</strong></span> <span class='ocrx_word' id='word_1_678' title='bbox 1250 2106 1310 2126; x_wconf 88' lang='lat' dir='ltr'><strong>cutn</strong></span> <span class='ocrx_word' id='word_1_679' title='bbox 1326 2098 1419 2129; x_wconf 60' lang='lat' dir='ltr'><strong>ﬁdtytia</strong></span> <span class='ocrx_word' id='word_1_680' title='bbox 1436 2107 1442 2125; x_wconf 90' lang='lat'>:</span> <span class='ocrx_word' id='word_1_681' title='bbox 1459 2106 1538 2133; x_wconf 90' lang='lat' dir='ltr'><strong>quam</strong></span> <span class='ocrx_word' id='word_1_682' title='bbox 1554 2099 1632 2126; x_wconf 87' lang='lat' dir='ltr'><strong>detur</strong></span> <span class='ocrx_word' id='word_1_683' title='bbox 1646 2101 1721 2127; x_wconf 87' lang='lat' dir='ltr'><strong>nobis</strong></span> <span class='ocrx_word' id='word_1_684' title='bbox 1735 2102 1821 2127; x_wconf 87' lang='lat' dir='ltr'><strong>omni-</strong></span> 
     </span>
    </p>
   </div>
   <div class='ocr_carea' id='block_1_89' title="bbox 1028 2145 1585 2181">
    <p class='ocr_par' dir='ltr' id='par_1_89' title="bbox 1028 2145 1585 2181">
     <span class='ocr_line' id='line_1_89' title="bbox 1028 2145 1585 2181; baseline -0.004 -8"><span class='ocrx_word' id='word_1_685' title='bbox 1028 2147 1077 2173; x_wconf 90' lang='lat' dir='ltr'><strong>bus</strong></span> <span class='ocrx_word' id='word_1_686' title='bbox 1091 2146 1195 2181; x_wconf 84' lang='lat' dir='ltr'><strong>assequi</strong></span> <span class='ocrx_word' id='word_1_687' title='bbox 1210 2146 1293 2181; x_wconf 71' lang='lat' dir='ltr'><strong>gratia</strong></span> <span class='ocrx_word' id='word_1_688' title='bbox 1307 2151 1333 2173; x_wconf 89' lang='lat' dir='ltr'><strong>et</strong></span> <span class='ocrx_word' id='word_1_689' title='bbox 1349 2145 1520 2180; x_wconf 81' lang='lat' dir='ltr'><strong>benignitate,</strong></span> <span class='ocrx_word' id='word_1_690' title='bbox 1534 2150 1585 2173; x_wconf 89' lang='lat' dir='ltr'><strong>etc.</strong></span> 
     </span>
    </p>
   </div>
   <div class='ocr_carea' id='block_1_90' title="bbox 833 2250 1173 2281">
    <p class='ocr_par' dir='ltr' id='par_1_90' title="bbox 833 2250 1173 2281">
     <span class='ocr_line' id='line_1_90' title="bbox 833 2250 1173 2281; baseline -0.003 -1"><span class='ocrx_word' id='word_1_691' title='bbox 833 2250 1003 2281; x_wconf 81' lang='lat' dir='ltr'><strong>HOMILIA</strong></span> <span class='ocrx_word' id='word_1_692' title='bbox 1023 2250 1173 2281; x_wconf 80' lang='lat' dir='ltr'><strong>XXXVI.</strong></span> 
     </span>
    </p>
   </div>
   <div class='ocr_carea' id='block_1_91' title="bbox 177 2323 972 2359">
    <p class='ocr_par' dir='ltr' id='par_1_91' title="bbox 177 2323 972 2359">
     <span class='ocr_line' id='line_1_91' title="bbox 177 2323 972 2359; baseline -0.001 -7"><span class='ocrx_word' id='word_1_693' title='bbox 177 2323 244 2354; x_wconf 74' lang='lat' dir='ltr'><strong>CAP.</strong></span> <span class='ocrx_word' id='word_1_694' title='bbox 260 2324 305 2352; x_wconf 74' lang='lat' dir='ltr'><strong>M.</strong></span> <span class='ocrx_word' id='word_1_695' title='bbox 323 2332 347 2351; x_wconf 88' lang='grc' dir='ltr'><strong>ν.</strong></span> <span class='ocrx_word' id='word_1_696' title='bbox 365 2324 410 2352; x_wconf 74' lang='lat'><strong>20.</strong></span> <span class='ocrx_word' id='word_1_697' title='bbox 427 2324 549 2357; x_wconf 75' lang='lat' dir='ltr'><strong>Fratres,</strong></span> <span class='ocrx_word' id='word_1_698' title='bbox 570 2324 648 2351; x_wconf 80' lang='lat' dir='ltr'><strong>nolite</strong></span> <span class='ocrx_word' id='word_1_699' title='bbox 663 2324 735 2358; x_wconf 77' lang='lat' dir='ltr'><strong>pueri</strong></span> <span class='ocrx_word' id='word_1_700' title='bbox 757 2323 821 2359; x_wconf 71' lang='lat' dir='ltr'><strong>efﬁci</strong></span> <span class='ocrx_word' id='word_1_701' title='bbox 834 2323 972 2357; x_wconf 74' lang='lat' dir='ltr'><strong>meatibus,</strong></span> 
     </span>
    </p>
   </div>
   <div class='ocr_carea' id='block_1_92' title="bbox 215 2370 974 2406">
    <p class='ocr_par' dir='ltr' id='par_1_92' title="bbox 215 2370 974 2406">
     <span class='ocr_line' id='line_1_92' title="bbox 215 2370 974 2406; baseline 0.003 -10"><span class='ocrx_word' id='word_1_702' title='bbox 215 2371 259 2396; x_wconf 71' lang='lat' dir='ltr'><strong>sed</strong></span> <span class='ocrx_word' id='word_1_703' title='bbox 278 2370 378 2397; x_wconf 82' lang='lat' dir='ltr'><strong>malitia</strong></span> <span class='ocrx_word' id='word_1_704' title='bbox 395 2370 495 2405; x_wconf 76' lang='lat' dir='ltr'><strong>parvuli</strong></span> <span class='ocrx_word' id='word_1_705' title='bbox 511 2374 602 2403; x_wconf 70' lang='lat' dir='ltr'><strong>estote,</strong></span> <span class='ocrx_word' id='word_1_706' title='bbox 626 2371 750 2397; x_wconf 73' lang='lat' dir='ltr'><strong>mentibus</strong></span> <span class='ocrx_word' id='word_1_707' title='bbox 766 2375 849 2398; x_wconf 79' lang='lat' dir='ltr'><strong>autent</strong></span> <span class='ocrx_word' id='word_1_708' title='bbox 870 2371 974 2406; x_wconf 77' lang='lat' dir='ltr'><strong>perfecti</strong></span> 
     </span>
    </p>
   </div>
   <div class='ocr_carea' id='block_1_93' title="bbox 211 2421 599 2443">
    <p class='ocr_par' dir='ltr' id='par_1_93' title="bbox 211 2421 599 2443">
     <span class='ocr_line' id='line_1_93' title="bbox 211 2421 599 2443; baseline 0.003 -1"><span class='ocrx_word' id='word_1_709' title='bbox 211 2421 302 2443; x_wconf 71' lang='lat' dir='ltr'><strong>estote.</strong></span> <span class='ocrx_word' id='word_1_710' title='bbox 584 2423 599 2435; x_wconf 74' lang='grc' dir='ltr'><strong><em>ο</em></strong></span> 
     </span>
    </p>
   </div>
   <div class='ocr_carea' id='block_1_94' title="bbox 217 2461 973 2497">
    <p class='ocr_par' dir='ltr' id='par_1_94' title="bbox 217 2461 973 2497">
     <span class='ocr_line' id='line_1_94' title="bbox 217 2461 973 2497; baseline 0.003 -9"><span class='ocrx_word' id='word_1_711' title='bbox 217 2462 243 2488; x_wconf 83' lang='grc' dir='ltr'>Ι.</span> <span class='ocrx_word' id='word_1_712' title='bbox 259 2461 355 2489; x_wconf 87' lang='lat' dir='ltr'><strong>Merito</strong></span> <span class='ocrx_word' id='word_1_713' title='bbox 370 2466 431 2497; x_wconf 85' lang='lat' dir='ltr'><strong>post</strong></span> <span class='ocrx_word' id='word_1_714' title='bbox 447 2462 559 2490; x_wconf 89' lang='lat' dir='ltr'><strong>multam</strong></span> <span class='ocrx_word' id='word_1_715' title='bbox 572 2462 803 2490; x_wconf 86' lang='lat' dir='ltr'><strong>confirmationem</strong></span> <span class='ocrx_word' id='word_1_716' title='bbox 818 2467 845 2491; x_wconf 93' lang='lat' dir='ltr'><strong>et</strong></span> <span class='ocrx_word' id='word_1_717' title='bbox 859 2463 973 2491; x_wconf 89' lang='lat' dir='ltr'><strong>demon-</strong></span> 
     </span>
    </p>
   </div>
   <div class='ocr_carea' id='block_1_95' title="bbox 178 2506 974 2535">
    <p class='ocr_par' dir='ltr' id='par_1_95' title="bbox 178 2506 974 2535">
     <span class='ocr_line' id='line_1_95' title="bbox 178 2506 974 2535; baseline 0.003 -2"><span class='ocrx_word' id='word_1_718' title='bbox 178 2506 337 2534; x_wconf 84' lang='lat' dir='ltr'><strong>strationem</strong></span> <span class='ocrx_word' id='word_1_719' title='bbox 351 2507 472 2534; x_wconf 84' lang='lat' dir='ltr'><strong>oratione</strong></span> <span class='ocrx_word' id='word_1_720' title='bbox 485 2507 569 2535; x_wconf 92' lang='lat' dir='ltr'><strong>utitur</strong></span> <span class='ocrx_word' id='word_1_721' title='bbox 580 2507 779 2535; x_wconf 82' lang='lat' dir='ltr'><strong>vehementiore</strong></span> <span class='ocrx_word' id='word_1_722' title='bbox 794 2512 821 2535; x_wconf 93' lang='lat' dir='ltr'><strong>et</strong></span> <span class='ocrx_word' id='word_1_723' title='bbox 835 2508 917 2535; x_wconf 86' lang='lat' dir='ltr'><strong>multa</strong></span> <span class='ocrx_word' id='word_1_724' title='bbox 934 2508 974 2535; x_wconf 92' lang='lat' dir='ltr'><strong>in-</strong></span> 
     </span>
    </p>
   </div>
   <div class='ocr_carea' id='block_1_96' title="bbox 178 2552 972 2587">
    <p class='ocr_par' dir='ltr' id='par_1_96' title="bbox 178 2552 972 2587">
     <span class='ocr_line' id='line_1_96' title="bbox 178 2552 972 2587; baseline 0.003 -9"><span class='ocrx_word' id='word_1_725' title='bbox 178 2552 349 2586; x_wconf 80' lang='lat' dir='ltr'><strong>crepatione,</strong></span> <span class='ocrx_word' id='word_1_726' title='bbox 375 2558 403 2580; x_wconf 89' lang='lat' dir='ltr'><strong>et</strong></span> <span class='ocrx_word' id='word_1_727' title='bbox 421 2552 544 2580; x_wconf 90' lang='lat' dir='ltr'><strong>meminit</strong></span> <span class='ocrx_word' id='word_1_728' title='bbox 567 2553 680 2587; x_wconf 91' lang='lat' dir='ltr'><strong>exempli</strong></span> <span class='ocrx_word' id='word_1_729' title='bbox 701 2553 827 2587; x_wconf 72' lang='lat' dir='ltr'><strong>prmsenti</strong></span> <span class='ocrx_word' id='word_1_730' title='bbox 847 2553 885 2580; x_wconf 90' lang='lat' dir='ltr'><strong>rei</strong></span> <span class='ocrx_word' id='word_1_731' title='bbox 906 2560 972 2580; x_wconf 87' lang='lat' dir='ltr'><strong>eon-</strong></span> 
     </span>
    </p>
   </div>
   <div class='ocr_carea' id='block_1_97' title="bbox 176 2598 972 2634">
    <p class='ocr_par' dir='ltr' id='par_1_97' title="bbox 176 2598 972 2634">
     <span class='ocr_line' id='line_1_97' title="bbox 176 2598 972 2634; baseline 0.003 -10"><span class='ocrx_word' id='word_1_732' title='bbox 176 2598 309 2632; x_wconf 75' lang='lat' dir='ltr'><strong>gruentis.</strong></span> <span class='ocrx_word' id='word_1_733' title='bbox 322 2598 431 2625; x_wconf 88' lang='lat' dir='ltr'><strong>Pueruli</strong></span> <span class='ocrx_word' id='word_1_734' title='bbox 446 2598 518 2626; x_wconf 90' lang='lat' dir='ltr'><strong>enim</strong></span> <span class='ocrx_word' id='word_1_735' title='bbox 538 2598 571 2626; x_wconf 87' lang='lat' dir='ltr'><strong>ad</strong></span> <span class='ocrx_word' id='word_1_736' title='bbox 593 2598 794 2634; x_wconf 54' lang='lat' dir='ltr'><strong>parv’qnidcm</strong></span> <span class='ocrx_word' id='word_1_737' title='bbox 819 2598 901 2626; x_wconf 88' lang='lat' dir='ltr'><strong>hianti</strong></span> <span class='ocrx_word' id='word_1_738' title='bbox 925 2606 972 2626; x_wconf 89' lang='lat' dir='ltr'><strong>ore</strong></span> 
     </span>
    </p>
   </div>
   <div class='ocr_carea' id='block_1_98' title="bbox 177 2644 971 2679">
    <p class='ocr_par' dir='ltr' id='par_1_98' title="bbox 177 2644 971 2679">
     <span class='ocr_line' id='line_1_98' title="bbox 177 2644 971 2679; baseline 0.003 -9"><span class='ocrx_word' id='word_1_739' title='bbox 177 2648 287 2678; x_wconf 89' lang='lat' dir='ltr'><strong>stupent</strong></span> <span class='ocrx_word' id='word_1_740' title='bbox 308 2648 335 2671; x_wconf 87' lang='lat' dir='ltr'><strong>et</strong></span> <span class='ocrx_word' id='word_1_741' title='bbox 350 2644 492 2678; x_wconf 88' lang='lat' dir='ltr'><strong>mirantur,</strong></span> <span class='ocrx_word' id='word_1_742' title='bbox 507 2652 596 2671; x_wconf 88' lang='lat' dir='ltr'><strong>rerutn</strong></span> <span class='ocrx_word' id='word_1_743' title='bbox 612 2649 701 2672; x_wconf 87' lang='lat' dir='ltr'><strong>autem</strong></span> <span class='ocrx_word' id='word_1_744' title='bbox 720 2644 796 2671; x_wconf 80' lang='lat' dir='ltr'><strong>valde</strong></span> <span class='ocrx_word' id='word_1_745' title='bbox 815 2652 971 2679; x_wconf 76' lang='lat' dir='ltr'><strong>magnarum</strong></span> 
     </span>
    </p>
   </div>
   <div class='ocr_carea' id='block_1_99' title="bbox 177 2690 971 2726">
    <p class='ocr_par' dir='ltr' id='par_1_99' title="bbox 177 2690 971 2726">
     <span class='ocr_line' id='line_1_99' title="bbox 177 2690 971 2726; baseline 0.001 -9"><span class='ocrx_word' id='word_1_746' title='bbox 177 2697 230 2718; x_wconf 91' lang='lat' dir='ltr'><strong>non</strong></span> <span class='ocrx_word' id='word_1_747' title='bbox 247 2693 319 2717; x_wconf 85' lang='lat' dir='ltr'><strong>tanta</strong></span> <span class='ocrx_word' id='word_1_748' title='bbox 336 2694 461 2718; x_wconf 87' lang='lat' dir='ltr'><strong>tenentur</strong></span> <span class='ocrx_word' id='word_1_749' title='bbox 482 2690 668 2718; x_wconf 86' lang='lat' dir='ltr'><strong>admiratione.</strong></span> <span class='ocrx_word' id='word_1_750' title='bbox 690 2691 821 2725; x_wconf 84' lang='lat' dir='ltr'><strong>Quoniam</strong></span> <span class='ocrx_word' id='word_1_751' title='bbox 843 2698 906 2726; x_wconf 80' lang='lat' dir='ltr'><strong>ergo</strong></span> <span class='ocrx_word' id='word_1_752' title='bbox 928 2691 971 2719; x_wconf 88' lang='lat' dir='ltr'><strong>isti</strong></span> 
     </span>
    </p>
   </div>
   <div class='ocr_carea' id='block_1_100' title="bbox 176 2736 972 2772">
    <p class='ocr_par' dir='ltr' id='par_1_100' title="bbox 176 2736 972 2772">
     <span class='ocr_line' id='line_1_100' title="bbox 176 2736 972 2772; baseline 0.003 -8"><span class='ocrx_word' id='word_1_753' title='bbox 176 2744 284 2772; x_wconf 79' lang='lat' dir='ltr'><strong>quoque</strong></span> <span class='ocrx_word' id='word_1_754' title='bbox 298 2737 448 2772; x_wconf 80' lang='lat' dir='ltr'><strong>linguarum</strong></span> <span class='ocrx_word' id='word_1_755' title='bbox 460 2736 590 2765; x_wconf 88' lang='lat' dir='ltr'><strong>habentes</strong></span> <span class='ocrx_word' id='word_1_756' title='bbox 603 2737 714 2769; x_wconf 90' lang='lat' dir='ltr'><strong>donum,</strong></span> <span class='ocrx_word' id='word_1_757' title='bbox 729 2744 758 2765; x_wconf 92' lang='lat' dir='ltr'><strong>se</strong></span> <span class='ocrx_word' id='word_1_758' title='bbox 773 2741 857 2765; x_wconf 77' lang='lat' dir='ltr'><strong>torum</strong></span> <span class='ocrx_word' id='word_1_759' title='bbox 873 2738 972 2766; x_wconf 71' lang='lat' dir='ltr'><strong>habere</strong></span> 
     </span>
    </p>
   </div>
   <div class='ocr_carea' id='block_1_101' title="bbox 177 2782 970 2818">
    <p class='ocr_par' dir='ltr' id='par_1_101' title="bbox 177 2782 970 2818">
     <span class='ocr_line' id='line_1_101' title="bbox 177 2782 970 2818; baseline 0 -9"><span class='ocrx_word' id='word_1_760' title='bbox 177 2782 383 2814; x_wconf 80' lang='lat' dir='ltr'><strong>existimabant,</strong></span> <span class='ocrx_word' id='word_1_761' title='bbox 405 2782 476 2817; x_wconf 90' lang='lat' dir='ltr'><strong>quod</strong></span> <span class='ocrx_word' id='word_1_762' title='bbox 499 2782 607 2818; x_wconf 83' lang='lat' dir='ltr'><strong>quidem</strong></span> <span class='ocrx_word' id='word_1_763' title='bbox 623 2787 681 2810; x_wconf 88' lang='lat' dir='ltr'><strong>erat</strong></span> <span class='ocrx_word' id='word_1_764' title='bbox 695 2783 808 2810; x_wconf 92' lang='lat' dir='ltr'><strong>aliorum</strong></span> <span class='ocrx_word' id='word_1_765' title='bbox 830 2783 970 2817; x_wconf 86' lang='lat' dir='ltr'><strong>ultimum,</strong></span> 
     </span>
    </p>
   </div>
   <div class='ocr_carea' id='block_1_102' title="bbox 177 2827 971 2863">
    <p class='ocr_par' dir='ltr' id='par_1_102' title="bbox 177 2827 971 2863">
     <span class='ocr_line' id='line_1_102' title="bbox 177 2827 971 2863; baseline 0.001 -9"><span class='ocrx_word' id='word_1_766' title='bbox 177 2832 319 2862; x_wconf 85' lang='lat' dir='ltr'><strong>propterea</strong></span> <span class='ocrx_word' id='word_1_767' title='bbox 333 2827 398 2857; x_wconf 90' lang='lat' dir='ltr'><strong>dicit</strong></span> <span class='ocrx_word' id='word_1_768' title='bbox 409 2835 420 2855; x_wconf 76' lang='grc' dir='ltr'><strong><em>Ζ</em></strong></span> <span class='ocrx_word' id='word_1_769' title='bbox 434 2827 521 2855; x_wconf 84' lang='lat' dir='ltr'><strong>Nolite</strong></span> <span class='ocrx_word' id='word_1_770' title='bbox 531 2828 602 2863; x_wconf 78' lang='lat' dir='ltr'><strong>pueri</strong></span> <span class='ocrx_word' id='word_1_771' title='bbox 616 2828 696 2863; x_wconf 73' lang='lat' dir='ltr'><strong>efﬁci,-</strong></span> <span class='ocrx_word' id='word_1_772' title='bbox 710 2828 761 2855; x_wconf 86' lang='lat' dir='ltr'><strong>ltoe</strong></span> <span class='ocrx_word' id='word_1_773' title='bbox 776 2833 826 2861; x_wconf 74' lang='grc' dir='ltr'><strong>εει,</strong></span> <span class='ocrx_word' id='word_1_774' title='bbox 840 2836 891 2855; x_wconf 94' lang='lat' dir='ltr'><strong>non</strong></span> <span class='ocrx_word' id='word_1_775' title='bbox 908 2829 971 2855; x_wconf 77' lang='lat' dir='ltr'><strong>insi-</strong></span> 
     </span>
    </p>
   </div>
   <div class='ocr_carea' id='block_1_103' title="bbox 178 2874 970 2910">
    <p class='ocr_par' dir='ltr' id='par_1_103' title="bbox 178 2874 970 2910">
     <span class='ocr_line' id='line_1_103' title="bbox 178 2874 970 2910; baseline 0.001 -9"><span class='ocrx_word' id='word_1_776' title='bbox 178 2874 292 2908; x_wconf 81' lang='lat' dir='ltr'><strong>pientes,</strong></span> <span class='ocrx_word' id='word_1_777' title='bbox 310 2874 354 2901; x_wconf 90' lang='lat' dir='ltr'><strong>ubi</strong></span> <span class='ocrx_word' id='word_1_778' title='bbox 368 2878 474 2910; x_wconf 85' lang='lat' dir='ltr'><strong>oportet</strong></span> <span class='ocrx_word' id='word_1_779' title='bbox 486 2881 547 2902; x_wconf 88' lang='lat' dir='ltr'><strong>esse</strong></span> <span class='ocrx_word' id='word_1_780' title='bbox 561 2874 711 2910; x_wconf 81' lang='lat' dir='ltr'><strong>sapientes;</strong></span> <span class='ocrx_word' id='word_1_781' title='bbox 727 2874 773 2902; x_wconf 85' lang='lat' dir='ltr'><strong>sed</strong></span> <span class='ocrx_word' id='word_1_782' title='bbox 788 2874 841 2901; x_wconf 88' lang='lat' dir='ltr'><strong>illic</strong></span> <span class='ocrx_word' id='word_1_783' title='bbox 854 2875 929 2910; x_wconf 90' lang='lat' dir='ltr'><strong>pueri</strong></span> <span class='ocrx_word' id='word_1_784' title='bbox 944 2879 970 2902; x_wconf 76' lang='lat' dir='ltr'><strong>cl</strong></span> 
     </span>
    </p>
   </div>
   <div class='ocr_carea' id='block_1_104' title="bbox 682 2933 694 2942">
    <p class='ocr_par' dir='ltr' id='par_1_104' title="bbox 682 2933 694 2942">
     <span class='ocr_line' id='line_1_104' title="bbox 682 2933 694 2942; baseline 0 0"><span class='ocrx_word' id='word_1_785' title='bbox 682 2933 694 2942; x_wconf 59' lang='grc' dir='ltr'><strong>ς</strong></span> 
     </span>
    </p>
   </div>
   <div class='ocr_carea' id='block_1_105' title="bbox 1027 2323 1820 2360">
    <p class='ocr_par' dir='ltr' id='par_1_105' title="bbox 1027 2323 1820 2360">
     <span class='ocr_line' id='line_1_105' title="bbox 1027 2323 1820 2360; baseline 0.001 -9"><span class='ocrx_word' id='word_1_786' title='bbox 1027 2324 1177 2359; x_wconf 86' lang='lat' dir='ltr'><strong>simplices,</strong></span> <span class='ocrx_word' id='word_1_787' title='bbox 1194 2323 1239 2350; x_wconf 90' lang='lat' dir='ltr'><strong>ubi</strong></span> <span class='ocrx_word' id='word_1_788' title='bbox 1260 2329 1301 2351; x_wconf 88' lang='lat' dir='ltr'><strong>est</strong></span> <span class='ocrx_word' id='word_1_789' title='bbox 1317 2324 1445 2360; x_wconf 81' lang='lat' dir='ltr'><strong>injustitia</strong></span> <span class='ocrx_word' id='word_1_790' title='bbox 1456 2345 1464 2358; x_wconf 90' lang='lat'><strong>,</strong></span> <span class='ocrx_word' id='word_1_791' title='bbox 1480 2324 1525 2352; x_wconf 88' lang='lat' dir='ltr'><strong>ubi</strong></span> <span class='ocrx_word' id='word_1_792' title='bbox 1550 2325 1635 2352; x_wconf 88' lang='lat' dir='ltr'><strong>inanis</strong></span> <span class='ocrx_word' id='word_1_793' title='bbox 1655 2325 1737 2360; x_wconf 80' lang='lat' dir='ltr'><strong>gloria</strong></span> <span class='ocrx_word' id='word_1_794' title='bbox 1750 2345 1758 2355; x_wconf 84' lang='grc'><strong>.</strong></span> <span class='ocrx_word' id='word_1_795' title='bbox 1775 2325 1820 2352; x_wconf 91' lang='lat' dir='ltr'><strong>ubi</strong></span> 
     </span>
    </p>
   </div>
   <div class='ocr_carea' id='block_1_106' title="bbox 1028 2369 1820 2405">
    <p class='ocr_par' dir='ltr' id='par_1_106' title="bbox 1028 2369 1820 2405">
     <span class='ocr_line' id='line_1_106' title="bbox 1028 2369 1820 2405; baseline -0.001 -8"><span class='ocrx_word' id='word_1_796' title='bbox 1028 2374 1126 2397; x_wconf 90' lang='lat' dir='ltr'><strong>tumor.</strong></span> <span class='ocrx_word' id='word_1_797' title='bbox 1141 2369 1208 2397; x_wconf 86' lang='lat' dir='ltr'><strong>Eum</strong></span> <span class='ocrx_word' id='word_1_798' title='bbox 1223 2370 1293 2397; x_wconf 90' lang='lat' dir='ltr'><strong>enim</strong></span> <span class='ocrx_word' id='word_1_799' title='bbox 1306 2390 1314 2402; x_wconf 91' lang='lat'><strong>,</strong></span> <span class='ocrx_word' id='word_1_800' title='bbox 1330 2370 1374 2405; x_wconf 91' lang='lat' dir='ltr'><strong>qui</strong></span> <span class='ocrx_word' id='word_1_801' title='bbox 1390 2371 1455 2398; x_wconf 89' lang='lat' dir='ltr'><strong>vitio</strong></span> <span class='ocrx_word' id='word_1_802' title='bbox 1476 2375 1517 2398; x_wconf 86' lang='lat' dir='ltr'><strong>est</strong></span> <span class='ocrx_word' id='word_1_803' title='bbox 1542 2370 1644 2403; x_wconf 85' lang='lat' dir='ltr'><strong>infans,</strong></span> <span class='ocrx_word' id='word_1_804' title='bbox 1660 2371 1739 2398; x_wconf 88' lang='lat' dir='ltr'><strong>etiam</strong></span> <span class='ocrx_word' id='word_1_805' title='bbox 1754 2378 1820 2405; x_wconf 86' lang='lat' dir='ltr'><strong>pru-</strong></span> 
     </span>
    </p>
   </div>
   <div class='ocr_carea' id='block_1_107' title="bbox 1025 2415 1818 2451">
    <p class='ocr_par' dir='ltr' id='par_1_107' title="bbox 1025 2415 1818 2451">
     <span class='ocr_line' id='line_1_107' title="bbox 1025 2415 1818 2451; baseline -0.003 -7"><span class='ocrx_word' id='word_1_806' title='bbox 1025 2415 1132 2444; x_wconf 89' lang='lat' dir='ltr'><strong>dentem</strong></span> <span class='ocrx_word' id='word_1_807' title='bbox 1146 2423 1207 2444; x_wconf 90' lang='lat' dir='ltr'><strong>esse</strong></span> <span class='ocrx_word' id='word_1_808' title='bbox 1227 2421 1342 2451; x_wconf 91' lang='lat' dir='ltr'><strong>oportet.</strong></span> <span class='ocrx_word' id='word_1_809' title='bbox 1357 2416 1431 2444; x_wconf 85' lang='lat' dir='ltr'><strong>Sicut</strong></span> <span class='ocrx_word' id='word_1_810' title='bbox 1445 2415 1515 2443; x_wconf 89' lang='lat' dir='ltr'><strong>enim</strong></span> <span class='ocrx_word' id='word_1_811' title='bbox 1533 2416 1672 2450; x_wconf 85' lang='lat' dir='ltr'><strong>prudentia</strong></span> <span class='ocrx_word' id='word_1_812' title='bbox 1688 2423 1748 2443; x_wconf 92' lang='lat' dir='ltr'><strong>eum</strong></span> <span class='ocrx_word' id='word_1_813' title='bbox 1768 2415 1818 2442; x_wconf 65' lang='lat' dir='ltr'><strong>im«</strong></span> 
     </span>
    </p>
   </div>
   <div class='ocr_carea' id='block_1_108' title="bbox 1026 2461 1820 2497">
    <p class='ocr_par' dir='ltr' id='par_1_108' title="bbox 1026 2461 1820 2497">
     <span class='ocr_line' id='line_1_108' title="bbox 1026 2461 1820 2497; baseline 0 -8"><span class='ocrx_word' id='word_1_814' title='bbox 1026 2462 1159 2497; x_wconf 81' lang='lat' dir='ltr'><strong>probitate</strong></span> <span class='ocrx_word' id='word_1_815' title='bbox 1171 2469 1337 2497; x_wconf 74' lang='lat' dir='ltr'><strong>nequaquam</strong></span> <span class='ocrx_word' id='word_1_816' title='bbox 1350 2462 1429 2489; x_wconf 91' lang='lat' dir='ltr'><strong>fuerit</strong></span> <span class='ocrx_word' id='word_1_817' title='bbox 1442 2461 1581 2495; x_wconf 88' lang='lat' dir='ltr'><strong>prudentia</strong></span> <span class='ocrx_word' id='word_1_818' title='bbox 1594 2470 1602 2489; x_wconf 91' lang='lat'><strong><em>:</em></strong></span> <span class='ocrx_word' id='word_1_819' title='bbox 1620 2462 1653 2488; x_wconf 85' lang='lat' dir='ltr'><strong>ita</strong></span> <span class='ocrx_word' id='word_1_820' title='bbox 1665 2462 1745 2489; x_wconf 88' lang='lat' dir='ltr'><strong>etiam</strong></span> <span class='ocrx_word' id='word_1_821' title='bbox 1756 2462 1820 2489; x_wconf 79' lang='lat' dir='ltr'><strong>sim-</strong></span> 
     </span>
    </p>
   </div>
   <div class='ocr_carea' id='block_1_109' title="bbox 1025 2506 1820 2543">
    <p class='ocr_par' dir='ltr' id='par_1_109' title="bbox 1025 2506 1820 2543">
     <span class='ocr_line' id='line_1_109' title="bbox 1025 2506 1820 2543; baseline 0 -9"><span class='ocrx_word' id='word_1_822' title='bbox 1025 2508 1129 2543; x_wconf 84' lang='lat' dir='ltr'><strong>plicitas</strong></span> <span class='ocrx_word' id='word_1_823' title='bbox 1144 2515 1204 2535; x_wconf 83' lang='lat' dir='ltr'><strong>cum</strong></span> <span class='ocrx_word' id='word_1_824' title='bbox 1221 2506 1336 2534; x_wconf 88' lang='lat' dir='ltr'><strong>amentia</strong></span> <span class='ocrx_word' id='word_1_825' title='bbox 1357 2514 1410 2533; x_wconf 91' lang='lat' dir='ltr'><strong>non</strong></span> <span class='ocrx_word' id='word_1_826' title='bbox 1426 2506 1505 2533; x_wconf 91' lang='lat' dir='ltr'><strong>fuerit</strong></span> <span class='ocrx_word' id='word_1_827' title='bbox 1521 2507 1688 2543; x_wconf 87' lang='lat' dir='ltr'><strong>simplicitas.</strong></span> <span class='ocrx_word' id='word_1_828' title='bbox 1712 2506 1777 2534; x_wconf 88' lang='lat' dir='ltr'><strong>Nam</strong></span> <span class='ocrx_word' id='word_1_829' title='bbox 1794 2511 1820 2534; x_wconf 74' lang='lat' dir='ltr'><strong>et.</strong></span> 
     </span>
    </p>
   </div>
   <div class='ocr_carea' id='block_1_110' title="bbox 1026 2551 1819 2587">
    <p class='ocr_par' dir='ltr' id='par_1_110' title="bbox 1026 2551 1819 2587">
     <span class='ocr_line' id='line_1_110' title="bbox 1026 2551 1819 2587; baseline 0 -7"><span class='ocrx_word' id='word_1_830' title='bbox 1026 2552 1054 2580; x_wconf 90' lang='lat' dir='ltr'><strong>in</strong></span> <span class='ocrx_word' id='word_1_831' title='bbox 1068 2553 1239 2587; x_wconf 90' lang='lat' dir='ltr'><strong>simplicitate</strong></span> <span class='ocrx_word' id='word_1_832' title='bbox 1255 2551 1376 2587; x_wconf 77' lang='lat' dir='ltr'><strong>fugienda</strong></span> <span class='ocrx_word' id='word_1_833' title='bbox 1392 2556 1432 2578; x_wconf 87' lang='lat' dir='ltr'><strong>est</strong></span> <span class='ocrx_word' id='word_1_834' title='bbox 1446 2552 1562 2579; x_wconf 86' lang='lat' dir='ltr'><strong>amentia</strong></span> <span class='ocrx_word' id='word_1_835' title='bbox 1572 2573 1580 2585; x_wconf 89' lang='lat'><strong>,</strong></span> <span class='ocrx_word' id='word_1_836' title='bbox 1596 2556 1623 2579; x_wconf 86' lang='lat' dir='ltr'><strong>et</strong></span> <span class='ocrx_word' id='word_1_837' title='bbox 1638 2552 1663 2579; x_wconf 92' lang='lat' dir='ltr'><strong>iu</strong></span> <span class='ocrx_word' id='word_1_838' title='bbox 1679 2553 1819 2587; x_wconf 85' lang='lat' dir='ltr'><strong>prudentia</strong></span> 
     </span>
    </p>
   </div>
   <div class='ocr_carea' id='block_1_111' title="bbox 1024 2597 1818 2634">
    <p class='ocr_par' dir='ltr' id='par_1_111' title="bbox 1024 2597 1818 2634">
     <span class='ocr_line' id='line_1_111' title="bbox 1024 2597 1818 2634; baseline 0 -9"><span class='ocrx_word' id='word_1_839' title='bbox 1024 2597 1118 2625; x_wconf 88' lang='lat' dir='ltr'><strong>vitium</strong></span> <span class='ocrx_word' id='word_1_840' title='bbox 1129 2601 1156 2624; x_wconf 89' lang='lat' dir='ltr'><strong>et</strong></span> <span class='ocrx_word' id='word_1_841' title='bbox 1166 2597 1293 2632; x_wconf 88' lang='lat' dir='ltr'><strong>nequitia.</strong></span> <span class='ocrx_word' id='word_1_842' title='bbox 1304 2597 1534 2631; x_wconf 88' lang='lat' dir='ltr'><strong>Quemadmodum</strong></span> <span class='ocrx_word' id='word_1_843' title='bbox 1546 2598 1716 2634; x_wconf 82' lang='lat' dir='ltr'><strong>enimneque</strong></span> <span class='ocrx_word' id='word_1_844' title='bbox 1728 2606 1818 2625; x_wconf 79' lang='lat' dir='ltr'><strong>amara</strong></span> 
     </span>
    </p>
   </div>
   <div class='ocr_carea' id='block_1_112' title="bbox 1025 2641 1819 2678">
    <p class='ocr_par' dir='ltr' id='par_1_112' title="bbox 1025 2641 1819 2678">
     <span class='ocr_line' id='line_1_112' title="bbox 1025 2641 1819 2678; baseline -0.001 -9"><span class='ocrx_word' id='word_1_845' title='bbox 1025 2650 1110 2677; x_wconf 88' lang='lat' dir='ltr'><strong>neque</strong></span> <span class='ocrx_word' id='word_1_846' title='bbox 1125 2641 1212 2669; x_wconf 89' lang='lat' dir='ltr'><strong>dulcia</strong></span> <span class='ocrx_word' id='word_1_847' title='bbox 1227 2642 1419 2669; x_wconf 87' lang='lat' dir='ltr'><strong>medicamenta</strong></span> <span class='ocrx_word' id='word_1_848' title='bbox 1435 2647 1565 2678; x_wconf 86' lang='lat' dir='ltr'><strong>prosunt,</strong></span> <span class='ocrx_word' id='word_1_849' title='bbox 1580 2643 1602 2670; x_wconf 91' lang='lat' dir='ltr'><strong>si</strong></span> <span class='ocrx_word' id='word_1_850' title='bbox 1617 2644 1677 2671; x_wconf 88' lang='lat' dir='ltr'><strong>talia</strong></span> <span class='ocrx_word' id='word_1_851' title='bbox 1691 2643 1744 2670; x_wconf 89' lang='lat' dir='ltr'><strong>sint</strong></span> <span class='ocrx_word' id='word_1_852' title='bbox 1760 2643 1819 2677; x_wconf 89' lang='lat' dir='ltr'><strong>plus</strong></span> 
     </span>
    </p>
   </div>
   <div class='ocr_carea' id='block_1_113' title="bbox 1025 2687 1817 2723">
    <p class='ocr_par' dir='ltr' id='par_1_113' title="bbox 1025 2687 1817 2723">
     <span class='ocr_line' id='line_1_113' title="bbox 1025 2687 1817 2723; baseline -0.001 -8"><span class='ocrx_word' id='word_1_853' title='bbox 1025 2695 1104 2722; x_wconf 89' lang='lat' dir='ltr'><strong>quam</strong></span> <span class='ocrx_word' id='word_1_854' title='bbox 1120 2695 1167 2721; x_wconf 89' lang='lat' dir='ltr'><strong>par</strong></span> <span class='ocrx_word' id='word_1_855' title='bbox 1180 2687 1233 2714; x_wconf 90' lang='lat' dir='ltr'><strong>sit:</strong></span> <span class='ocrx_word' id='word_1_856' title='bbox 1250 2687 1285 2714; x_wconf 90' lang='lat' dir='ltr'><strong>ita</strong></span> <span class='ocrx_word' id='word_1_857' title='bbox 1301 2695 1351 2715; x_wconf 87' lang='lat' dir='ltr'><strong>nec</strong></span> <span class='ocrx_word' id='word_1_858' title='bbox 1371 2688 1529 2723; x_wconf 76' lang='lat' dir='ltr'><strong>simplicitas</strong></span> <span class='ocrx_word' id='word_1_859' title='bbox 1545 2696 1593 2722; x_wconf 88' lang='lat' dir='ltr'><strong>per</strong></span> <span class='ocrx_word' id='word_1_860' title='bbox 1616 2695 1664 2720; x_wconf 88' lang='lat' dir='ltr'><strong>se,</strong></span> <span class='ocrx_word' id='word_1_861' title='bbox 1686 2694 1735 2715; x_wconf 89' lang='lat' dir='ltr'><strong>nec</strong></span> <span class='ocrx_word' id='word_1_862' title='bbox 1754 2695 1817 2721; x_wconf 91' lang='lat' dir='ltr'><strong>pru-</strong></span> 
     </span>
    </p>
   </div>
   <div class='ocr_carea' id='block_1_114' title="bbox 1024 2733 1817 2769">
    <p class='ocr_par' dir='ltr' id='par_1_114' title="bbox 1024 2733 1817 2769">
     <span class='ocr_line' id='line_1_114' title="bbox 1024 2733 1817 2769; baseline -0.003 -7"><span class='ocrx_word' id='word_1_863' title='bbox 1024 2735 1124 2762; x_wconf 89' lang='lat' dir='ltr'><strong>dentia.</strong></span> <span class='ocrx_word' id='word_1_864' title='bbox 1141 2734 1320 2768; x_wconf 86' lang='lat' dir='ltr'><strong>Quamobrem</strong></span> <span class='ocrx_word' id='word_1_865' title='bbox 1333 2734 1455 2761; x_wconf 89' lang='lat' dir='ltr'><strong>Christus</strong></span> <span class='ocrx_word' id='word_1_866' title='bbox 1467 2737 1579 2769; x_wconf 85' lang='lat' dir='ltr'><strong>utraque</strong></span> <span class='ocrx_word' id='word_1_867' title='bbox 1587 2733 1685 2769; x_wconf 83' lang='lat' dir='ltr'><strong>jubens</strong></span> <span class='ocrx_word' id='word_1_868' title='bbox 1698 2738 1817 2761; x_wconf 90' lang='lat' dir='ltr'><strong>eontem-</strong></span> 
     </span>
    </p>
   </div>
   <div class='ocr_carea' id='block_1_115' title="bbox 1025 2780 1817 2816">
    <p class='ocr_par' dir='ltr' id='par_1_115' title="bbox 1025 2780 1817 2816">
     <span class='ocr_line' id='line_1_115' title="bbox 1025 2780 1817 2816; baseline 0 -8"><span class='ocrx_word' id='word_1_869' title='bbox 1025 2788 1119 2816; x_wconf 85' lang='lat' dir='ltr'><strong>perare</strong></span> <span class='ocrx_word' id='word_1_870' title='bbox 1138 2780 1266 2808; x_wconf 84' lang='lat' dir='ltr'><strong>dicebat:</strong></span> <span class='ocrx_word' id='word_1_871' title='bbox 1284 2780 1371 2807; x_wconf 77' lang='lat' dir='ltr'><strong>Estote</strong></span> <span class='ocrx_word' id='word_1_872' title='bbox 1390 2780 1526 2815; x_wconf 75' lang='lat' dir='ltr'><strong>prudentes</strong></span> <span class='ocrx_word' id='word_1_873' title='bbox 1549 2780 1614 2807; x_wconf 70' lang='lat' dir='ltr'><strong>sicut</strong></span> <span class='ocrx_word' id='word_1_874' title='bbox 1633 2784 1758 2815; x_wconf 72' lang='lat' dir='ltr'><strong>serpentes</strong></span> <span class='ocrx_word' id='word_1_875' title='bbox 1770 2800 1778 2813; x_wconf 81' lang='lat'><em>.</em></span> <span class='ocrx_word' id='word_1_876' title='bbox 1794 2785 1817 2808; x_wconf 78' lang='lat' dir='ltr'><strong>rt</strong></span> 
     </span>
    </p>
   </div>
   <div class='ocr_carea' id='block_1_116' title="bbox 1024 2824 1815 2863">
    <p class='ocr_par' dir='ltr' id='par_1_116' title="bbox 1024 2824 1815 2863">
     <span class='ocr_line' id='line_1_116' title="bbox 1024 2824 1815 2863; baseline -0.001 -10"><span class='ocrx_word' id='word_1_877' title='bbox 1024 2826 1149 2863; x_wconf 72' lang='lat' dir='ltr'><strong>simplices</strong></span> <span class='ocrx_word' id='word_1_878' title='bbox 1160 2826 1224 2853; x_wconf 76' lang='lat' dir='ltr'><strong>sicut</strong></span> <span class='ocrx_word' id='word_1_879' title='bbox 1237 2825 1361 2853; x_wconf 70' lang='lat' dir='ltr'><strong>columba:</strong></span> <span class='ocrx_word' id='word_1_880' title='bbox 1377 2824 1482 2861; x_wconf 80' lang='lat' dir='ltr'><strong>(Matth.</strong></span> <span class='ocrx_word' id='word_1_881' title='bbox 1500 2825 1542 2853; x_wconf 84' lang='lat' dir='ltr'><strong>f0.</strong></span> <span class='ocrx_word' id='word_1_882' title='bbox 1558 2825 1614 2860; x_wconf 67' lang='lat' dir='ltr'><strong>t6).</strong></span> <span class='ocrx_word' id='word_1_883' title='bbox 1629 2825 1697 2859; x_wconf 90' lang='lat' dir='ltr'><strong>Quid</strong></span> <span class='ocrx_word' id='word_1_884' title='bbox 1712 2831 1751 2853; x_wconf 82' lang='lat' dir='ltr'><strong>est</strong></span> <span class='ocrx_word' id='word_1_885' title='bbox 1767 2833 1815 2853; x_wconf 82' lang='lat' dir='ltr'><strong>au-</strong></span> 
     </span>
    </p>
   </div>
   <div class='ocr_carea' id='block_1_117' title="bbox 1025 2870 1817 2909">
    <p class='ocr_par' dir='ltr' id='par_1_117' title="bbox 1025 2870 1817 2909">
     <span class='ocr_line' id='line_1_117' title="bbox 1025 2870 1817 2909; baseline -0.005 -8"><span class='ocrx_word' id='word_1_886' title='bbox 1025 2878 1076 2902; x_wconf 89' lang='lat' dir='ltr'><strong>tem</strong></span> <span class='ocrx_word' id='word_1_887' title='bbox 1090 2880 1150 2901; x_wconf 86' lang='lat' dir='ltr'><strong>esse</strong></span> <span class='ocrx_word' id='word_1_888' title='bbox 1165 2872 1289 2909; x_wconf 85' lang='lat' dir='ltr'><strong>parvulos</strong></span> <span class='ocrx_word' id='word_1_889' title='bbox 1310 2880 1356 2900; x_wconf 84' lang='lat' dir='ltr'><strong>seu</strong></span> <span class='ocrx_word' id='word_1_890' title='bbox 1372 2871 1487 2899; x_wconf 85' lang='lat' dir='ltr'><strong>infantes</strong></span> <span class='ocrx_word' id='word_1_891' title='bbox 1503 2871 1602 2899; x_wconf 87' lang='lat' dir='ltr'><strong>malitia</strong></span> <span class='ocrx_word' id='word_1_892' title='bbox 1618 2879 1664 2899; x_wconf 87' lang='lat' dir='ltr'><strong>seu</strong></span> <span class='ocrx_word' id='word_1_893' title='bbox 1679 2872 1764 2900; x_wconf 84' lang='lat' dir='ltr'><strong>vitio?</strong></span> <span class='ocrx_word' id='word_1_894' title='bbox 1778 2870 1817 2897; x_wconf 79' lang='lat' dir='ltr'><strong>Ne</strong></span> 
     </span>
    </p>
   </div>
  </div>
