4112 6224
418 302 641 359 εἶπῖ

539 432 698 475 nosse
724 414 942 487 quidem
970 411 1095 484 quid
1120 410 1190 466 sit
1216 408 1405 464 vitium
1432 425 1448 463 ε
1474 406 1739 464 eosenitn
1762 406 1878 462 vult
1899 419 2023 461 esse
2048 412 2131 460 ta-

539 513 635 565 les.
671 511 733 563 Et
761 508 885 563 ideo
920 503 1171 560 dicebat:
1200 499 1423 556 Omnino
1449 499 1580 553 inter
1605 513 1695 552 uos
1730 496 1938 551 auditur
1963 497 2131 568 [orni-

450 614 453 617 '
536 603 670 657 catio
700 602 786 671 (ί.
825 598 944 654 Cor.
974 597 1028 653 5.
1060 595 1155 665 i).
1202 592 1317 648 Non
1360 590 1531 657 dixit,
1576 589 1942 659 Perpetratur,
1991 584 2086 642 sed
2112 627 2128 652 ,

539 695 775 748 Auditur.
821 691 954 745 Bent
993 687 1173 752 enim,
1219 684 1425 756 inquit,
1474 682 1696 738 omnino
1740 681 1924 747 scitis;
1957 681 2127 750 ipsum

536 789 679 842 cnim
709 784 1001 856 aliquando
1022 781 1323 837 audivistis.
1349 778 1578 834 Volebat
1597 778 1739 833 enim
1770 777 1914 847 ipsos
1935 789 2056 831 esse
2074 781 2135 828 et.

535 882 682 936 viros
707 891 764 935 et
793 893 988 949 pueros
1006 919 1022 944 ,
1069 876 1162 932 sed
1195 875 1299 930 hoc
1325 872 1542 943 quidem
1572 871 1626 926 in
1656 870 1805 937 vitio,
1837 869 1967 926 illud
1999 883 2133 925 vero

538 977 590 1030 in
618 974 919 1044 prudentia.
949 971 1040 1028 Sic
1059 969 1204 1031 enim
1224 979 1279 1025 et
1299 968 1399 1036 vir,
1428 967 1511 1022 vir
1540 963 1721 1033 fuerit,
1747 965 1792 1020 si
1818 963 1979 1021 fuerit
2006 979 2131 1036 pars

542 1067 697 1121 vulns
726 1085 739 1120 :
774 1063 1027 1136 quamdiu
1046 1071 1227 1119 autem
1257 1075 1363 1115 non
1393 1059 1553 1115 fuerit
1580 1057 1753 1113 infans
1781 1057 1931 1120 vitio.
1959 1072 2028 1112 ne
2046 1057 2130 1112 vir

534 1157 750 1228 quidem
781 1156 900 1211 erit.
928 1153 1060 1208 Nam
1087 1153 1176 1223 qui
1206 1160 1290 1207 est
1313 1150 1609 1207 sceleratus
1633 1190 1648 1215 ,
1680 1163 1794 1203 non
1815 1149 1927 1203 erit
1947 1147 2129 1219 perfe-

531 1259 674 1314 ctus,
707 1247 800 1302 sed
831 1246 1111 1315 insipiens.
1137 1244 1231 1299 ει.
1262 1241 1329 1297 In
1355 1244 1464 1313 lege
1492 1242 1631 1295 enim
1651 1240 1898 1312 scriptum
1921 1247 1995 1295 est
2017 1255 2036 1297 :
2057 1236 2128 1293 In

533 1342 652 1394 aliis
679 1339 864 1409 linguis
891 1347 940 1392 et
962 1338 1016 1391 in
1048 1336 1197 1391 labiis
1220 1334 1338 1389 aliis
1361 1335 1545 1405 loquar
1569 1333 1758 1404 papula
1786 1333 1931 1398 huic,
1957 1340 2006 1386 et
2034 1348 2127 1387 nec

533 1433 607 1486 sic
652 1430 923 1485 exaudient
954 1444 1052 1494 me,
1096 1427 1220 1483 dicit
1265 1425 1534 1481 Dominus.
1563 1426 1720 1497 Atqui
1766 1440 2026 1496 nusquam
2069 1424 2128 1478 in

532 1524 653 1594 lege
680 1523 938 1593 scriptum
962 1529 1065 1588 est,
1096 1518 1190 1575 sed
1212 1519 1351 1574 sicut
1374 1519 1525 1589 prius
1549 1517 1682 1584 dixi,
1711 1518 2016 1574 universam
2039 1532 2128 1573 ve-

532 1624 701 1669 terem
744 1613 1078 1682 Scripturam
1109 1626 1323 1681 semper
1353 1622 1509 1666 vocat
1541 1611 1710 1681 legem
1737 1620 1791 1666 et
1833 1611 2123 1682 prophetas

528 1716 586 1762 ct
635 1706 904 1761 historias.
956 1703 1191 1759 Adducit
1236 1711 1415 1758 autem
1462 1702 1826 1758 testimonium
1876 1717 1941 1758 ex
1986 1701 2121 1757 lsaia

530 1800 788 1869 propheta
807 1840 821 1862 ,
852 1810 1042 1852 rursus
1079 1796 1205 1851 doni
1232 1795 1456 1865 gloriam
1485 1794 1789 1849 diminuens
1815 1793 1881 1847 ad
1908 1793 2121 1848 illorum

529 1892 848 1951 tttiiilatcm;
882 1887 980 1943 sed
1028 1898 1204 1941 tamen
1233 1886 1406 1955 ipsum
1433 1899 1556 1940 omn
1584 1884 1740 1941 laude
1771 1884 1939 1953 ponit.
1985 1881 2123 1938 illud

529 1984 675 2038 enim
699 2024 713 2048 ,
751 1980 861 2035 Nec
882 1981 955 2034 sic
973 2021 988 2045 ,
1021 1990 1140 2036 erat
1162 1977 1498 2034 ostendentis
1525 1976 1775 2032 snilicere
1801 1975 2123 2031 miraculum

528 2077 596 2131 ad
624 2090 719 2131 eos
745 2073 1117 2146 pereellendos
1147 2088 1162 2126 :
1193 2073 1241 2128 si
1270 2081 1447 2126 autem
1474 2085 1584 2127 non
1611 2069 1956 2126 crediderunt
1974 2108 1991 2133 ,
2022 2083 2123 2126 eo-

528 2190 650 2230 rum
672 2173 832 2227 fuisse
848 2171 1078 2242 culpam.
1103 2169 1169 2223 Et
1194 2182 1290 2223 cur
1310 2166 1412 2222 hoc
1435 2164 1563 2221 Fecit
1583 2166 1746 2230 Dens,
1764 2164 1809 2220 si
1839 2180 1943 2219 non
1966 2173 2121 2219 erant

528 2263 823 2320 credituri?
850 2262 918 2318 Ut
943 2275 1158 2331 semper
1175 2270 1488 2315 cerneretur
1515 2256 1690 2312 facere
1711 2272 1829 2327 qum
1851 2270 1945 2312 sua
1970 2264 2114 2311 sunt.

527 2359 658 2414 Cum
688 2371 818 2427 ergo
861 2354 1188 2410 ostendisset
1232 2352 1392 2407 etiam
1437 2364 1503 2406 ex
1552 2348 1832 2420 prophetia
1857 2390 1872 2413 ,
1906 2348 2115 2418 signum

528 2466 632 2507 non
662 2449 815 2505 valde
843 2462 964 2505 esse
991 2446 1142 2514 utile,
1174 2443 1484 2514 subiunxit:
1514 2442 1605 2497 23.
1641 2441 1822 2513 Itaque
1850 2442 2042 2513 lingua:
2063 2442 2117 2497 in

525 2544 726 2613 signum
765 2550 881 2596 sunt
908 2555 1009 2595 non
1047 2537 1305 2608 ﬁdelibus,
1351 2536 1440 2590 sed
1488 2534 1780 2604 inﬁdelibus
1802 2550 1822 2589 :
1849 2533 2117 2604 prophetia

524 2645 694 2689 antem
720 2649 819 2688 non
846 2632 1159 2701 inﬁdelibus,
1188 2629 1278 2684 sed
1305 2627 1560 2698 ﬁdelibus.
1591 2626 1685 2683 23.
1716 2627 1776 2682 Si
1804 2642 1922 2698 ergo
1945 2641 2117 2681 conoe-

523 2728 630 2779 niat
656 2726 888 2780 universa
910 2721 1146 2778 Ecclesia
1164 2722 1219 2775 in
1241 2737 1418 2784 unum,
1439 2728 1485 2775 et
1505 2735 1679 2774 omnes
1700 2719 1898 2792 linguis
1909 2719 2119 2789 loquan-

526 2828 628 2880 tur,
678 2817 866 2870 intrent
906 2825 1076 2869 autem
1117 2813 1293 2867 idiota:
1320 2820 1407 2865 aut
1434 2811 1696 2877 inﬁdeles,
1742 2826 1910 2865 nonne
1950 2812 2116 2866 dicent

523 2908 657 2978 quod
687 2905 962 2961 insanitis?
991 2904 1078 2959 2i.
1110 2902 1173 2959 Si
1205 2913 1373 2957 autem
1400 2918 1575 2957 omnes
1596 2901 1896 2971 prophetam
1915 2943 1931 2968 ,
1962 2903 2115 2957 intret

523 3008 691 3054 nutent
716 2998 828 3068 quis
858 2996 1083 3065 inﬁdelis
1112 2996 1190 3049 vel
1212 2995 1401 3060 idiota,
1434 2994 1747 3047 convincitur
1769 2994 1832 3047 ob
1858 2995 2110 3059 omnibus,

524 3090 837 3163 dijudicatur
861 3090 926 3143 ab
963 3087 1195 3143 omnibus
1218 3103 1236 3141 :
1258 3086 1350 3142 23.
1384 3095 1433 3140 et
1473 3086 1546 3139 sic
1571 3084 1768 3140 occulta
1812 3084 1980 3140 cordis
2003 3087 2114 3157 ejus

524 3186 794 3250 manifesta
832 3184 990 3253 ﬁunt,
1024 3191 1071 3236 et
1114 3179 1302 3234 cadens
1341 3179 1394 3232 in
1426 3178 1609 3248 facient
1650 3177 1884 3232 adorabit
1910 3177 2109 3246 Deum,

522 3277 863 3349 pronuntians
887 3276 1024 3345 quod
1052 3290 1162 3329 vere
1190 3271 1325 3328 Dens
1347 3272 1399 3327 in
1420 3272 1557 3327 vobis
1581 3272 1665 3326 sit.
1695 3271 1912 3327 Multam
1934 3286 2000 3327 ex
2024 3274 2111 3343 iis,

521 3385 642 3441 qua:
671 3370 810 3424 dicta
838 3376 984 3429 sunt,
1014 3367 1100 3423 hic
1120 3365 1327 3422 videbis
1346 3364 1756 3422 dubitationem.
1785 3365 1840 3423 Si
1864 3367 2005 3422 enim
2033 3368 2114 3423 iu-

525 3461 771 3517 lidelihus
799 3462 1009 3532 signum
1038 3467 1163 3514 sunt
1193 3459 1387 3529 lingua:
1407 3500 1423 3525 ,
1451 3458 1722 3530 quomodo
1743 3458 1872 3515 dicit
1897 3478 1910 3514 :
1942 3459 1997 3517 Si
2027 3460 2112 3517 vi-

522 3556 701 3612 derint
730 3568 825 3608 vos
854 3538 1350 3625 linguisl-oquentes
1377 3551 1621 3607 inﬁdeles
1640 3594 1656 3617 ,
1698 3551 1877 3608 dicent
1904 3567 2002 3608 vos
2031 3553 2114 3609 in-

520 3647 743 3702 sanirc?
770 3659 823 3701 et
849 3646 893 3702 si
929 3645 1206 3715 prophetia
1234 3659 1341 3699 nou
1372 3643 1694 3706 infidelibus,
1719 3643 1812 3699 sed
1841 3644 2108 3712 l‘nlelihus,

519 3739 792 3810 quomodo
821 3753 885 3793 ex
917 3752 978 3794 ea
1001 3738 1351 3794 lncrabuntur
1375 3736 1535 3792 etiam
1563 3736 1855 3793 infideles?
1880 3738 1942 3793 Si
1965 3740 2107 3795 enim

520 3832 690 3896 intret,
719 3830 908 3902 inquit,
932 3828 1158 3899 inﬁdelis
1177 3829 1315 3884 vobis
1336 3829 1768 3900 prophetantibus,
1798 3832 2112 3886 convincitur

520 3925 584 3978 ab
615 3926 844 3978 onntibns
863 3965 879 3990 ,
910 3923 1228 3993 diiudicatur
1251 3923 1317 3977 ab
1344 3921 1594 3977 ointhus.
1635 3920 1750 3978 Non
1791 3923 1907 3979 hare
1932 3933 2109 3980 autem

520 4018 717 4081 ευΙιιιιι,
748 4017 841 4072 sed
868 4016 1027 4072 etiam
1060 4024 1183 4086 post
1204 4030 1322 4071 eam
1348 4012 1580 4072 secunda
1614 4012 1738 4070 hinc
1766 4016 1936 4072 oritur
1959 4032 2109 4088 qum-

520 4111 663 4165 stin:
696 4107 973 4178 apparebit
999 4108 1141 4162 enim
1171 4106 1350 4177 lingua
1390 4121 1579 4161 rursus
1611 4106 1782 4177 major
1809 4105 2107 4178 prophetia.

520 4203 653 4258 Nam
684 4203 735 4258 si
768 4203 963 4272 linguae
991 4209 1119 4257 sunt
1143 4198 1196 4255 in
1223 4199 1434 4271 signum
1460 4198 1797 4264 infidelibus,
1831 4199 2110 4270 prophetia

519 4304 698 4348 autem
728 4293 1006 4356 lidclibus,
1051 4290 1104 4346 id
1144 4290 1285 4362 quod
1315 4290 1452 4346 alios
1480 4289 1701 4345 attrahit
1725 4298 1781 4345 et
1804 4291 2073 4362 coniungit
2093 4332 2108 4357 ,

520 4386 697 4455 majus
717 4393 799 4439 est
824 4397 891 4439 eo
917 4382 1057 4453 quod
1087 4382 1380 4438 familiares
1405 4397 1470 4436 ac
1494 4382 1819 4439 domesticos
1838 4386 2111 4453 componit

517 4488 576 4533 et
604 4478 914 4533 concinnat.
934 4476 1073 4546 Quid
1099 4484 1180 4532 est
1200 4491 1327 4547 ergo
1343 4475 1484 4547 quod
1502 4475 1701 4531 dictum
1719 4477 1837 4532 est?
1852 4476 1992 4533 Nihil
2010 4476 2112 4533 dif-

521 4569 664 4624 ficile
695 4583 793 4623 nec
818 4568 1104 4622 obscurum
1132 4583 1308 4638 neque
1337 4567 1605 4638 prioribus
1631 4570 1981 4636 contrarium,
2013 4568 2106 4623 sed

521 4659 678 4715 valde
698 4657 1044 4723 conveniens,
1075 4657 1119 4713 si
1145 4657 1502 4713 attendamus.
1532 4658 1666 4713 Nam
1690 4659 1969 4728 prophetia
1991 4658 2110 4731 qui-

514 4754 646 4814 dem
674 4754 913 4827 utrisque
941 4760 1025 4808 est
1067 4760 1222 4822 apta,
1265 4750 1443 4822 lingua
1489 4757 1669 4806 autem
1696 4751 1935 4807 minime.
1986 4751 2110 4810 Ideo

516 4863 643 4902 cum
671 4849 739 4904 de
768 4848 945 4919 lingua
977 4845 1200 4901 dixisset
1228 4860 1345 4900 eam
1374 4858 1494 4900 esse
1524 4843 1578 4898 in
1608 4834 1840 4914 signum,
1869 4842 2106 4913 addidit,

525 4937 649 4991 Non
675 4939 909 5006 ﬁdelibus
930 4981 943 5002 ,
976 4939 1067 4992 scd
1093 4937 1414 5007 inﬁdelibus,
1461 4936 1635 5005 hisque
1675 4934 1729 4988 in
1754 4936 1975 5007 signum,
2007 4936 2110 4994 hoc

516 5037 623 5094 est,
658 5027 721 5080 ad
744 5028 1222 5098 stupelaciendnm,
1248 5044 1353 5083 non
1381 5026 1516 5084 adeo
1536 5036 1715 5083 autem
1737 5026 1802 5081 ad
1827 5028 2110 5084 instituen-

529 5120 679 5176 dum.
706 5121 773 5173 At
799 5119 850 5172 iu
879 5118 1178 5189 prophetia,
1205 5119 1394 5185 inquit,
1421 5119 1521 5174 hoc
1550 5120 1720 5190 ipsum
1745 5117 1865 5173 fecit
1884 5117 2106 5176 dicens:

525 5212 804 5284 l’rophelia
831 5221 999 5264 autem
1029 5226 1128 5265 non
1156 5209 1446 5277 inﬁdelibus
1464 5250 1480 5270 ,
1510 5210 1602 5264 sed
1624 5209 1878 5280 ﬁdelibus.
1926 5210 2111 5283 Neque

520 5306 666 5363 cnim
695 5301 867 5359 fidelis
894 5316 1028 5375 opus
1058 5300 1221 5355 habet
1249 5309 1304 5355 ut
1335 5300 1543 5370 signum
1573 5300 1784 5367 videat,
1815 5302 1908 5358 sed
1936 5304 2108 5358 solum

521 5398 765 5455 doetrina
808 5394 1005 5467 indiget
1049 5402 1104 5449 et
1134 5389 1490 5448 institutione.
1520 5390 1801 5459 Quomodo
1828 5408 1957 5464 ergo
1978 5434 1992 5457 ,
2025 5394 2108 5447 in.

522 5493 657 5562 quit,
687 5489 820 5546 dicis
845 5485 1175 5560 prophetiam
1205 5485 1444 5554 utrisque
1467 5498 1586 5539 esse
1614 5482 1818 5545 utilem,
1849 5498 1968 5537 eum
1998 5483 2110 5552 ipse

522 5586 698 5649 dicat,
730 5583 852 5640 Non
881 5585 1207 5654 inﬁdelibus,
1239 5584 1327 5638 scd
1354 5582 1632 5652 ﬁdelibus?
1662 5581 1719 5637 Si
1745 5580 2029 5650 diligenter
2058 5589 2108 5634 ct

524 5685 714 5732 exacte
743 5678 1168 5742 examinavcris,
1213 5676 1352 5731 scies
1391 5675 1531 5744 quod
1576 5675 1787 5729 dicitur.
1819 5673 1935 5728 Non
1967 5674 2110 5729 enim

523 5767 659 5825 dixit
686 5765 1018 5840 praphetiam
1046 5782 1152 5824 non
1173 5781 1294 5824 esse
1321 5764 1504 5820 utilem
1532 5763 1856 5831 iulidelibns,
1884 5764 1978 5823 sed
2001 5780 2107 5823 non

1291 293 1348 350 S.
1390 287 1669 349 JOANNIS
1701 286 2176 348 CHRYSOSTOHI
2210 287 2529 351 AMIIIE’P.
2564 290 3103 352 ΟΟΝΞΤΑΝΤΙΝΟΡ.

2237 420 2358 462 esse
2396 409 2449 463 in
2479 411 2724 481 signum,
2753 420 2814 468 ut
2849 411 3120 484 linguam,
3149 412 3359 471 scilicet
3396 416 3602 473 inutile.
3633 418 3821 492 Neque

2238 497 2544 556 inﬁdelibus
2574 502 2704 557 utile
2725 502 2851 574 quid
2877 513 2963 561 est
2989 505 3208 577 lingua:
3238 521 3404 562 unum
3429 509 3575 565 enim
3600 521 3683 567 est
3702 512 3823 584 ejus

2235 602 2371 657 opus
2395 606 2458 647 ac
2484 608 2700 662 utnuns,
2729 596 3139 668 obstupefaeere
3169 600 3345 656 solum
3382 616 3450 657 ac
3472 604 3821 665 conturbare.

2237 681 2465 752 Signum
2482 694 2569 741 est
2595 687 2740 742 enim
2769 703 2835 745 ex
2865 688 2929 745 iis
2969 705 3091 762 qua:
3117 699 3243 746 sunt
3271 692 3444 749 media
3477 710 3494 749 :
3523 704 3580 749 nt
3606 699 3822 767 quando

2235 771 2402 830 dicit:
2436 774 2546 830 Fac
2569 794 2767 834 mecum
2784 782 3004 852 signum,
3029 792 3083 839 et
3104 783 3271 850 addit,
3299 785 3352 840 in
3373 784 3596 852 bonum;
3623 800 3675 845 et
3704 806 3821 846 rur-

2233 877 2388 931 sum,
2422 864 2615 923 Factus
2655 884 2767 924 sunt
2811 880 3067 943 tamquam
3102 874 3392 946 prodigium
3423 879 3595 934 multis
3633 878 3816 954 (ι’ωι.

2232 955 2322 1011 85.
2356 957 2444 1012 i7.
2476 969 2526 1013 et
2555 960 2645 1016 70.
2678 959 2756 1034 7),
2788 961 2890 1018 hoc
2918 974 3020 1032 est,
3047 965 3098 1020 in
3130 967 3362 1037 signum.

2301 1047 2357 1102 2.
2387 1049 2454 1104 Et
2475 1059 2532 1104 ut
2550 1053 2694 1109 scias
2714 1068 2834 1108 eum
2860 1054 2947 1113 hic
2966 1057 3255 1115 adduxisse
3275 1058 3506 1131 signum,
3537 1078 3639 1118 non
3663 1067 3815 1134 quasi

2229 1137 2389 1195 faciat
2418 1142 2615 1213 aliquid
2647 1146 2793 1201 omni
2821 1163 2887 1203 ex
2918 1158 3066 1217 parte
3088 1150 3219 1205 utile
3241 1192 3259 1217 ,
3291 1151 3342 1207 id
3370 1153 3513 1222 quod
3536 1168 3605 1208 ex
3638 1154 3732 1211 illo
3755 1156 3817 1212 ﬁt

2231 1229 2452 1287 inducit.
2476 1233 2614 1302 Quid
2642 1235 2744 1291 hoc
2768 1247 2853 1293 est
2873 1250 3050 1295 autem
3071 1240 3095 1294 i
3129 1241 3329 1310 Dicent,
3362 1244 3553 1315 inquit,
3578 1246 3713 1316 quod
3734 1249 3817 1303 itt-

2230 1324 2427 1380 sanitis.
2462 1326 2576 1384 Hoc
2600 1338 2780 1384 autem
2811 1331 2961 1398 dit-it,
2990 1347 3096 1388 non
3123 1348 3191 1390 ex
3219 1344 3406 1390 natura
3433 1336 3606 1408 sign,
3630 1339 3725 1394 sed
3747 1355 3816 1395 ex

2231 1415 2444 1472 illorum
2468 1423 2725 1477 amentia.
2750 1421 2999 1480 infideles
3024 1436 3207 1481 autem
3226 1427 3440 1498 quando
3460 1429 3715 1496 audieris,
3745 1447 3815 1487 ne

2229 1508 2512 1566 existimes
2528 1513 2746 1571 eosdem
2777 1517 2976 1588 ubique
3000 1519 3104 1574 dici
3122 1560 3141 1587 ,
3167 1519 3262 1576 sed
3286 1521 3572 1591 aliquando
3599 1540 3695 1582 eos
3720 1528 3813 1597 qui

2227 1601 2417 1659 morbo
2437 1604 2680 1662 laborant
2703 1609 3001 1676 incurahili,
3024 1621 3079 1667 et
3101 1624 3319 1670 manent
3339 1615 3603 1685 ejusmodi
3628 1628 3685 1674 ut
3704 1636 3812 1676 non

2226 1694 2435 1764 possint
2472 1698 2664 1768 corrigi
2688 1714 2703 1764 ;
2734 1700 3023 1771 aliquando
3052 1712 3231 1760 autem
3260 1706 3420 1762 etiam
3449 1722 3544 1764 eos
3568 1710 3657 1781 qui
3684 1726 3813 1782 pos-

2224 1794 2348 1839 sunt
2380 1790 2572 1843 mutari
2604 1806 2620 1843 :
2658 1792 2848 1860 quales
2894 1791 3113 1851 fuerunt
3157 1804 3399 1868 tempore
3444 1803 3811 1869 apostolorum

2223 1877 2313 1947 qui
2341 1878 2745 1938 admirabantur
2771 1899 2835 1939 ea
2856 1902 2979 1957 qua:
3002 1887 3254 1946 dicuntur
3276 1894 3541 1962 magnalia
3572 1894 3693 1962 Dei;
3716 1912 3813 1954 cu-

2219 1966 2454 2037 jnsmodi
2480 1969 2577 2027 fuit
2605 1972 2909 2034 Cornelius.
2934 1977 3047 2036 Hoc
3063 1990 3148 2037 est
3171 1996 3299 2052 ergo
3318 1985 3459 2054 quod
3486 1984 3652 2042 dicit:
3681 1988 3813 2043 Pro-

2224 2060 2407 2131 phetia
2430 2064 2648 2134 quidem
2693 2075 2779 2122 est
2822 2078 2877 2124 et
2922 2070 2974 2125 in
3006 2070 3310 2130 inﬁdelibus
3351 2085 3409 2131 et
3440 2077 3808 2147 infidelibus;

2224 2152 2459 2225 linguam
2484 2170 2663 2213 autem
2693 2161 2975 2220 audientes
2999 2164 3242 2221 inﬁdeles
3261 2175 3316 2222 et
3337 2168 3670 2239 insipientes,
3699 2187 3809 2230 non

2224 2249 2402 2304 solum
2428 2265 2535 2305 non
2566 2252 2932 2321 lucrifaciunt,
2964 2256 3062 2312 sed
3087 2258 3249 2314 etiam
3278 2274 3376 2315 eos
3390 2262 3491 2332 qui
3522 2263 3810 2334 lotptuutur

2224 2341 2447 2399 irrident
2480 2355 2748 2416 tamquam
2781 2349 3037 2406 insanos:
3069 2363 3149 2405 eet
3179 2353 3323 2408 enim
3350 2354 3430 2409 eis
3456 2355 3630 2411 solum
3654 2357 3711 2413 iu
3735 2359 3809 2413 si-

2220 2449 2385 2505 gnum
2406 2478 2422 2503 ,
2458 2438 2560 2495 hoe
2600 2450 2682 2496 est
2706 2482 2721 2507 ,
2764 2450 2821 2497 ut
2851 2446 3219 2501 tantummodo
3245 2448 3646 2519 obstupeseant.
3675 2452 3805 2509 Nam

2221 2527 2266 2583 si
2306 2530 2642 2599 sapuissent,
2687 2534 2848 2589 etiam
2880 2535 3069 2592 lucrati
3116 2549 3300 2595 essent
3342 2552 3560 2612 propter
3599 2544 3805 2616 signum

2220 2621 2363 2692 quod
2386 2622 2486 2680 fuit
2508 2626 2832 2682 illisdatnm.
2865 2628 2980 2685 Non
3010 2631 3153 2687 enim
3180 2641 3306 2689 tunc
3329 2644 3490 2691 erant
3513 2637 3689 2693 solum
3714 2638 3804 2709 qui

2221 2715 2497 2772 ebrietatis
2536 2718 2925 2790 insimularent,
2956 2724 3054 2779 sed
3082 2725 3233 2780 multi
3261 2740 3357 2782 eos
3385 2728 3546 2784 etiam
3574 2729 3806 2785 admira-

2223 2806 2416 2866 bantur
2433 2820 2699 2882 tamquam
2722 2814 2812 2870 Dei
2833 2817 3096 2888 magnalia
3120 2818 3431 2889 loquentes:
3454 2823 3802 2893 quamobrem

2219 2901 2308 2971 qui
2337 2901 2630 2960 irridobmt
2659 2916 2815 2961 erant
2856 2908 3191 2979 insipientes.
3224 2912 3293 2967 Et
3326 2912 3449 2969 ideo
3478 2914 3676 2970 Paulus
3696 2930 3805 2971 non

2219 2993 2464 3050 absolute
2487 2994 2658 3050 dixit:
2688 2997 2869 3053 Dicent
2890 3016 2977 3055 vos
3000 3001 3244 3068 insanire,
3266 3004 3362 3059 sed
3383 3005 3603 3071 addidit,
3635 3006 3807 3062 idiota

2218 3093 2267 3138 et
2289 3084 2539 3152 inﬁdeles.
2570 3086 2861 3158 Prophetia
2880 3099 3062 3146 autem
3089 3107 3195 3149 non
3220 3094 3467 3157 absolute
3494 3096 3549 3151 in
3571 3098 3803 3168 sigon.

2218 3176 2311 3231 sed
2342 3176 2413 3232 ad
2438 3178 2595 3233 fidem
2627 3189 2684 3235 et
2708 3182 2994 3239 utilitatem
3027 3187 3268 3257 utrisque
3293 3197 3375 3243 est
3404 3198 3525 3258 apta
3555 3200 3608 3245 et
3636 3191 3801 3247 utilis.

2217 3268 2380 3340 quue
2405 3269 2504 3325 etsi
2533 3286 2641 3327 non
2670 3274 2871 3339 statim,
2901 3287 2999 3345 per
3023 3291 3086 3332 ea
3108 3287 3284 3334 tamen
3312 3294 3431 3350 quia
3456 3281 3707 3353 deinceps
3728 3298 3805 3338 se-

2216 3368 2471 3431 quuntur,
2501 3362 2743 3433 apertius
2768 3365 3151 3437 interpretatus
3178 3379 3293 3437 est,
3323 3371 3550 3430 dicens:
3581 3371 3804 3430 Conuin-

2217 3454 2348 3508 citur
2376 3455 2439 3509 ab
2469 3456 2720 3512 omnibus.
2751 3457 2814 3514 Si
2840 3460 2982 3515 enim
3022 3476 3201 3517 omnes
3227 3464 3529 3535 prophetent
3547 3506 3563 3528 ,
3596 3466 3801 3536 inquit,

2217 3545 2373 3600 intret
2417 3557 2583 3602 autent
2624 3549 2737 3619 quis
2777 3551 2998 3619 inﬁdelis
3044 3554 3122 3608 vel
3157 3555 3350 3621 idiota,
3393 3557 3704 3612 convincitur
3739 3559 3804 3612 ab

2217 3639 2449 3694 omnibus
2470 3682 2485 3707 ,
2515 3640 2830 3711 diiudicatur
2851 3644 2915 3697 ab
2937 3645 3170 3700 omnibus
3196 3661 3216 3701 .°
3243 3656 3289 3701 et
3310 3648 3385 3703 sic
3411 3649 3607 3704 occulta
3632 3649 3806 3706 mdis

2217 3734 2328 3803 ejus
2354 3734 2481 3803 ﬁunt
2503 3736 2791 3807 manifesta,
2815 3747 2860 3791 et
2886 3739 3073 3794 cadens
3087 3739 3141 3792 in
3162 3741 3346 3812 faciem
3363 3742 3596 3797 adorabit
3618 3741 3798 3809 Deum,

2218 3826 2553 3894 pronuntians
2574 3829 2715 3896 quod
2757 3844 2872 3883 rere
2902 3828 3036 3885 Deus
3072 3831 3126 3885 in
3154 3832 3292 3888 vobis
3326 3833 3411 3888 sit.
3440 3833 3802 3902 Quamobrem

2218 3933 2323 3975 non
2356 3920 2456 3977 hoc
2479 3920 2649 3976 solum
2674 3923 2848 3991 major
2871 3932 2951 3977 est
2980 3923 3280 3994 prophetia,
3310 3925 3451 3995 quod
3478 3926 3583 3980 vim
3609 3925 3804 3981 habent

2218 4011 2270 4066 in
2294 4012 2552 4084 utrisque,
2577 4014 2675 4068 scd
2696 4016 2855 4068 etiam
2880 4014 3019 4084 quod
3041 4029 3105 4070 ex
3132 4015 3433 4072 infidelibus
3454 4030 3548 4072 eos
3568 4016 3804 4072 attrahat

2217 4107 2305 4177 qui
2334 4116 2457 4161 sunt
2484 4106 2923 4175 impudentiores.
2944 4105 3128 4178 Neque
3151 4108 3292 4163 enim
3322 4108 3459 4164 idem
3491 4118 3608 4164 erat
3637 4110 3801 4163 mira-

2216 4197 2397 4252 culum
2427 4198 2641 4268 quando
2662 4196 2976 4269 Sapphiram
2999 4199 3252 4267 convicit,
3281 4200 3421 4270 quod
3446 4200 3663 4270 quidem
3685 4209 3802 4255 erat

2216 4290 2550 4361 prophetim;
2581 4301 2634 4346 et
2659 4290 2871 4361 quando
2897 4290 3088 4363 linguis
3111 4290 3429 4362 loquebatur
3446 4291 3677 4349 Petrus:
3702 4292 3801 4348 sed

2219 4392 2345 4439 tunc
2370 4382 2583 4453 quidem
2612 4382 2826 4438 fuerunt
2865 4397 3055 4438 omnes
3082 4382 3340 4451 coerciti;
3382 4383 3599 4453 quando
3621 4394 3800 4439 autem

2216 4477 2535 4548 loquebatur
2560 4477 2779 4548 linguis,
2802 4476 2962 4531 etiam
2996 4491 3092 4547 pro
3114 4475 3285 4531 delira
3304 4485 3386 4531 est
3412 4476 3643 4531 habitus.
3665 4475 3800 4530 Cum

2216 4586 2347 4641 ergo
2377 4570 2602 4624 dixisset
2645 4570 2879 4640 linguam
2909 4583 3014 4624 non
3051 4569 3316 4639 profuisse
3336 4611 3351 4634 ,
3394 4578 3449 4623 et
3479 4568 3581 4624 hoc
3626 4569 3800 4640 ipsum
3830 4575 3851 4590 ‘

2218 4676 2404 4720 rursus
2432 4671 2807 4724 extenuasset,
2840 4677 2905 4717 eo
2930 4661 3069 4733 quod
3099 4662 3309 4732 culpam
3334 4662 3391 4716 in
3418 4661 3635 4717 Judazos
3668 4675 3801 4716 con-

2216 4756 2463 4823 tulisset,
2494 4754 2793 4825 procedens
2818 4754 3052 4809 ostendit
3078 4752 3132 4809 id
3160 4755 3320 4810 etiam
3363 4753 3578 4809 latdere.
3612 4750 3681 4808 Et
3705 4767 3804 4807 cur

2215 4849 2398 4906 datum
2427 4848 2548 4905 est?
2576 4846 2646 4904 Ut
2691 4838 3090 4917 procedat'cum
3130 4845 3568 4917 interpretatione
3609 4860 3631 4899 :'
3675 4857 3800 4899 nam

2216 4943 2418 5013 absque
2439 4938 2531 4995 illo
2553 4940 2712 4994 etiam
2739 4939 3067 4994 Contrarium
3093 4937 3273 4993 evenit
3299 4937 3438 5008 apud
3467 4937 3800 5008 insipientes.

2219 5031 2301 5098 Si,
2331 5033 2474 5089 enim
2497 5071 2512 5097 ,
2541 5030 2746 5101 inquit,
2776 5046 2947 5085 omnes
2974 5029 3246 5101 loquantur
3269 5029 3482 5102 linguis,
3511 5029 3805 5102 ingredian-

2217 5134 2298 5178 tur
2326 5132 2498 5177 autent
2521 5120 2753 5191 inﬁdeles
2783 5130 2827 5191 e_t
2852 5121 3041 5186 idiota,
3070 5120 3240 5175 dicent
3268 5136 3354 5176 cos
3380 5122 3641 5189 insanire;
3667 5122 3805 5177 sicut

2217 5217 2375 5272 etiam
2407 5213 2635 5285 apostoli
2660 5188 2950 5269 existimati
2980 5222 3104 5268 sunt
3132 5212 3266 5268 ebrii
3299 5230 3312 5267 :
3345 5213 3595 5270 dicebant
3621 5212 3764 5268 enim
3784 5253 3804 5278 ,

2221 5308 2390 5364 Musto
2418 5307 2470 5361 hi
2497 5317 2615 5361 sunt
2642 5305 2820 5376 repleti
2850 5305 2999 5377 (Act.
3032 5304 3088 5360 2.
3120 5305 3234 5373 l3).
3263 5302 3370 5362 Sed
3409 5320 3514 5360 non
3556 5316 3642 5361 ρει
3667 5305 3806 5376 signi

2218 5399 2392 5468 culpa,
2414 5414 2598 5453 verum
2617 5398 2830 5453 illorum
2856 5396 3102 5452 ruditatis
3121 5398 3175 5451 et
3196 5396 3486 5467 injttstitizc.
3514 5395 3806 5467 Propterea

2215 5489 2443 5555 adjecit,
2482 5486 2665 5544 ldiota:
2690 5498 2738 5543 et
2764 5488 2995 5558 inﬁdeles
3023 5503 3043 5543 :
3070 5482 3237 5558 quare
3281 5487 3493 5543 illorum
3519 5487 3808 5556 imperitia:

2217 5590 2269 5636 et
2298 5580 2629 5637 infidelitatis
2657 5591 2739 5637 est
2761 5581 3104 5638 existimatio.
3126 5579 3258 5636 Nam
3281 5587 3342 5637 ut
3368 5581 3518 5652 prius
3542 5580 3676 5649 dixi,
3697 5595 3806 5636 non

2219 5673 2271 5729 iu
2318 5674 2385 5728 its
2423 5688 2544 5744 quae
2572 5671 2770 5729 dantur
2794 5672 2924 5729 vitio
2943 5712 2960 5740 ,
2999 5670 3099 5728 sed
3128 5672 3178 5727 in
3208 5672 3272 5727 iis
3299 5686 3420 5743 quae
3445 5684 3551 5728 non
3578 5673 3809 5727 multum

2214 5766 2404 5841 juvant
2424 5807 2442 5838 ,
2470 5777 2696 5825 conatur
2722 5765 2923 5825 donum
2951 5780 3155 5839 ponere
3176 5808 3192 5837 ,
3222 5774 3280 5824 ut
3308 5780 3405 5825 eos
3427 5766 3719 5841 reprimat,
3752 5777 3809 5825 et
