4112 6224
555 300 665 360 509

554 417 616 471 τὸ
643 415 875 487 πρᾶγμα
898 409 1092 485 πικρόν
1114 428 1129 442 ο
1158 409 1226 464 ἂν
1249 407 1556 473 κενοδοξίας
1582 404 1847 477 ἀφέλκῃς,
1868 403 2040 470 δεῖξον
2058 402 2141 455 ὅτι

556 506 620 565 τὸ
652 505 885 575 πρᾶγμα
915 499 1143 571 ἀτιμίας
1171 498 1362 568 γέμον.
1392 493 1552 549 Οὕτω
1575 494 1673 548 καὶ
1701 493 1916 556 Παῦλος
1947 490 2140 545 ἐποίει.

556 590 668 644 Καὶ
704 588 814 659 7&9
867 585 1157 649 πλουσίους
1201 581 1467 638 ἀποσπῶν
1500 582 1595 635 τοῦ
1627 580 1758 651 περὶ
1785 580 1855 634 τὰ
1881 580 2143 650 χρήματα

554 677 782 747 ἔρωτος,
802 676 905 728 οὐκ
934 670 1092 727 εἶπεν
1112 673 1195 727 ὃτι
1230 670 1497 743 βλαϐερὸν
1519 673 1548 724 ὁ
1565 667 1795 732 πλοῦτος
1820 666 2001 737 μόνον,
2025 664 2141 719 ἀλλ’

549 763 638 816 ὅτι
661 764 757 816 καὶ
782 763 863 825 εἰς
883 760 1226 832 πειρασμοὺς
1251 758 1534 829 ἐμϐάλλει.
1564 759 1628 810 Oi
1652 754 1762 827 7&9
1774 755 2141 823 ,ϐουλόμενοι

555 849 863 916 πλουτεῖν,
927 849 1113 920 φησὶν,
1179 847 1588 917 ἐμπίπτουσιν
1644 847 1731 910 εις
1786 841 2138 911 πειρασμόν.

570 937 790 1009 Ἐπειδὴ
822 937 932 1008 γὰρ
959 937 1109 991 δοκεῖ
1138 933 1464 1007 πειρασμῶν
1500 931 1889 995 ἀπαλλάττειν,
1920 929 2143 983 τούναν-

554 1027 671 1079 τίον
694 1024 840 1096 αὐτῷ
863 1024 1192 1097 περιέθηκεν
1216 1017 1385 1096 οὗπερ
1410 1021 1661 1093 ἐνόμιζον
1683 1021 1733 1073 οί
1762 1019 2138 1079 πλουτοῦντες.

557 1114 786 1184 Εἶχοντο
834 1112 997 1166 πάλιν
1041 1112 1144 1183 τῆς
1178 1110 1369 1181 σοφίας
1416 1109 1520 1180 τῆς
1568 1107 1768 1172 ἔξωθεν
1813 1107 2012 1177 ἕτεροι,
2066 1105 2142 1169 ὡς

552 1199 729 1271 ταύτῃ
767 1201 828 1254 τὸ
870 1200 1048 1272 δόγμα
1092 1199 1385 1263 ἱστῶντεςο
1432 1196 1632 1262 ἔδειξεν
1658 1197 1740 1250 ὃτι
1786 1196 1847 1248 οὐ
1891 1195 2050 1266 μόνον
2079 1192 2141 1245 οὐ

559 1288 746 1360 βοηθεῖ
768 1287 846 1359 τῷ
881 1287 1123 1361 σταυρῷ,
1155 1287 1270 1341 ἀλλ’
1292 1287 1374 1340 ὅτι
1402 1288 1497 1339 καὶ
1526 1287 1672 1339 κενοῖ
1701 1284 1884 1337 αὐτόν.
1920 1283 2142 1352 Εἴχοντο

554 1377 649 1430 τοῦ
701 1377 1019 1442 δικάζεσθαι
1079 1379 1211 1448 παρ’
1276 1376 1508 1447 ἑτέροις,
1568 1372 1788 1439 ἀνάξιον
1846 1372 2141 1443 ἡγούμενοι

557 1466 711 1539 παρά
729 1469 839 1532 τοῖς
866 1468 1111 1532 οἰκείοις,
1139 1467 1215 1531 ὡς
1241 1469 1349 1520 τῶν
1368 1464 1568 1532 ἔξωθεν
1595 1462 1920 1533 σοφωτέρων
1947 1461 2139 1515 ὄντων·

553 1549 825 1605 δείκνυσιν
869 1552 950 1604 δτι
987 1551 1049 1603 τὸ
1096 1549 1202 1615 ἔξω
1230 1548 1575 1613 δικάζεσθαι,
1627 1546 1876 1618 αἰσχρόν.
1921 1545 2142 1615 Εἵχοντο

554 1637 664 1690 τῶν
693 1636 1083 1703 εἰδωλοθύτων,
1112 1636 1190 1700 ὡς
1216 1636 1428 1691 τελείαν
1455 1635 1657 1704 γνῶσιν
1685 1630 2140 1703 ἐπιδεικνύμενον

551 1724 756 1791 ἔδειξεν
794 1725 878 1777 ὅτι
923 1723 1083 1778 τοῦτο
1115 1723 1372 1792 γνώσεως
1427 1721 1676 1784 ἀτελοῦς,
1723 1719 1785 1772 τὸ
1834 1718 1911 1790 μὴ
1942 1717 2142 1771 εἰδέναι

549 1814 860 1883 οἰκονομεῖν
882 1811 949 1865 τά
969 1811 1080 1864 τῶν
1106 1811 1358 1882 πλησίον.
1387 1809 1546 1864 Οὕτω
1578 1810 1674 1863 καὶ
1705 1807 1854 1881 [5561
1881 1807 2137 1871 ἐνταῦθα,

554 1901 743 1973 ἐπειδὴ
768 1900 1034 1969 ἐπτόηντο
1062 1899 1191 1967 περὶ
1218 1899 1280 1951 τὸ
1299 1899 1547 1970 χάρισμα
1566 1896 1724 1951 τοῦτο
1748 1898 1810 1950 τὸ
1827 1896 1936 1949 τῶν
1963 1895 2142 1965 γλωσ-

557 1988 690 2055 σῶν,
722 1988 877 2059 δόξης
902 1987 1159 2060 ἐρῶντες,
1185 1987 1458 2042 δείκνυσιν
1476 1988 1557 2042 ὅτι
1585 1986 1745 2041 τοῦτο
1776 1987 1874 2057 μὲν
1904 1981 1997 2040 οὖν
2039 1983 2143 2056 μά-

552 2077 715 2131 λιστα
760 2076 959 2141 αὐτοὺς
1019 2076 1393 2147 καταισχύνει,
1447 2076 1510 2129 οὐ
1559 2075 1720 2148 μόνον
1779 2074 1937 2144 δόξης
2005 2075 2141 2127 ἀπο-

557 2162 802 2236 στεροῦν,
827 2162 963 2218 ἀλλὰ
986 2163 1082 2217 καὶ
1105 2164 1303 2235 μανίας
1323 2162 1592 2234 ὑπολήψει
1615 2161 1960 2233 περιϐάλλον.
1998 2161 2138 2214 Ἀλλ’

553 2252 656 2305 οὐκ
677 2251 881 2315 εὐθέως
903 2250 1065 2305 τοῦτο
1087 2246 1265 2318 εἶπεν,
1287 2249 1423 2304 ἀλλὰ
1457 2249 1626 2322 μυρία
1652 2249 1918 2319 πρότερος
1946 2245 2138 2313 εἰπὼν,

554 2340 645 2392 ὅτε
674 2338 1077 2409 εὐπαράδεκτον
1109 2336 1202 2392 τὸν
1237 2337 1394 2406 λόγον
1425 2336 1672 2407 εποίησε,
1705 2335 1825 2389 τότε
1851 2335 1912 2389 τὸ
1935 2333 2141 2406 σφόδρα

557 2425 864 2497 παράδοξον
906 2425 1126 2494 ἐπάγει.
1177 2425 1290 2479 Καὶ
1333 2423 1492 2478 τοῦτο
1530 2423 1588 2477 δὲ
1617 2422 1750 2477 αὐτὸ
1776 2423 1838 2476 τὸ
1877 2421 2142 2492 θεώρημα

556 2513 815 2585 σύνηθεςῖ
845 2514 950 2568 Τὸν
983 2512 1091 2585 7&9
1124 2512 1387 2585 μέλλοντα
1411 2510 1752 2566 διασαλεύειν
1775 2509 1930 2577 δόξαν
1960 2525 2141 2579 πεπη-

555 2604 714 2671 γυῖαν
738 2601 832 2656 καὶ
859 2602 940 2666 εἰς
964 2601 1027 2655 τὸ
1049 2600 1295 2655 ἐναντίον
1318 2599 1690 2673 περιτρέπειν,
1718 2599 1819 2653 οὐκ
1845 2597 2049 2661 εὐθέως
2072 2596 2143 2651 τά

552 2689 775 2743 ἐναντία
824 2688 1005 2758 λέγειν
1052 2689 1163 2742 δεῖ·
1193 2687 1316 2742 ἐπεὶ
1360 2687 1766 2757 καταγέλαστος
1809 2685 1964 2740 ἔσται
1991 2684 2141 2756 παρά

552 2779 667 2841 τοῖς
710 2775 1280 2848 προκατειλημμένοις
1329 2774 1435 2828 ὑπὸ
1484 2778 1588 2845 τῆς
1622 2774 1873 2838 ἐναντίας
1918 2775 2137 2844 ψήφουο

551 2862 744 2935 ἐπειδὴ
771 2864 833 2917 τὸ
860 2864 1064 2935 σφόδρα
1092 2862 1397 2935 παράδοξον
1418 2862 1520 2914 οὐκ
1545 2861 1610 2914 ἂν
1632 2862 1843 2931 γένοιτο
1867 2863 1931 2916 ὲκ
1950 2880 2139 2934 προοι-

556 2951 697 3023 μίων
735 2951 1164 3022 εύπαράδεκτον,
1195 2950 1332 3006 ἀλλὰ
1366 2951 1475 3022 χρὴ
1501 2951 1769 3023 πρότερον
1795 2949 2141 3022 ὑπορύξαντα

499 3060 505 3066 ·
555 3038 735 3104 καλῶς
754 3038 823 3094 δι’
848 3039 1068 3113 ἑτέρων,
1093 3039 1213 3093 τότε
1235 3040 1316 3103 είς
1341 3038 1403 3093 τὸ
1430 3038 1672 3093 ἐναντίον
1695 3040 2066 3112 περιτρέπειν.

624 3179 694 3242 γ’.
717 3172 872 3226 Οὕτω
888 3171 1018 3241 γοῦν
1035 3173 1129 3227 καὶ
1144 3163 1237 3226 ἐπὶ
1251 3171 1346 3226 τοῦ
1362 3171 1541 3244 γάμου
1556 3171 1937 3242 διαλεγόμενος
1953 3171 2140 3245 ἐποίη-

557 3278 668 3314 σεν.
706 3260 925 3331 Ἐπειδὴ
958 3260 1067 3334 γάρ
1095 3260 1283 3314 πολλοὶ
1313 3262 1599 3333 προσεῖχον
1629 3260 1705 3324 ὡς
1742 3261 1927 3316 ἄνεσιν
1962 3259 2140 3331 ἔχοντι

552 3348 633 3419 τῷ
666 3348 975 3420 πράγματι,
1017 3350 1179 3416 αὐτὸς
1226 3351 1283 3405 δὲ
1328 3349 1581 3405 ἐϐούλετο
1612 3350 1805 3418 δεῖξαι,
1850 3350 1933 3404 ὅτι
1961 3350 2022 3404 τὸ
2061 3352 2139 3422 μὴ

553 3439 751 3509 γαμεῖν
777 3436 984 3504 ἄνεσις,
1010 3439 1059 3492 εἰ
1091 3437 1190 3509 μὲν
1223 3438 1425 3502 εὐθέως
1448 3438 1609 3492 τοῦτο
1628 3433 1802 3505 εἶπεν,
1834 3437 1934 3491 οὐκ
1962 3437 2029 3493 ἂν
2048 3438 2141 3493 οὔ·

553 3544 664 3589 τως
684 3526 957 3598 εὐπαράδε
966 3543 1092 3581 κτον
1112 3527 1243 3582 αὐτὸ
1264 3527 1529 3600 πεποίηκε
1550 3545 1563 3558 ο
1595 3529 1713 3582 νυνὶ
1727 3529 1785 3584 δὲ
1811 3527 1950 3599 μετὰ
1969 3528 2140 3584 πολλὰ

552 3615 688 3670 αὐτὸ
712 3615 849 3680 θεὶς,
895 3615 991 3669 καὶ
1026 3616 1303 3688 εὐκαίρως
1345 3613 1602 3686 εἰσάγων,
1639 3616 1843 3687 σφόδρα
1884 3616 2141 3671 καθίκετο

552 3703 663 3757 τῶν
710 3704 1041 3759 ἀκουόντων.
1096 3705 1270 3760 Τοῦτο
1303 3705 1400 3759 καὶ
1445 3706 1540 3759 ἐπὶ
1585 3705 1687 3776 τῆς
1716 3705 2017 3776 παρθενίας
2042 3723 2140 3759 πε·-

554 3790 774 3860 ποίηκε.
810 3792 923 3847 Καὶ
948 3791 1058 3864 7&9
1095 3792 1204 3864 πρὸ
1244 3793 1387 3847 τοῦι
1435 3792 1606 3847 πολλὰ
1638 3791 1833 3857 εἰπὼν,
1869 3794 1962 3848 καλ⁵
1998 3793 2139 3865 μετά

551 3877 728 3934 ταῦτα
765 3878 950 3945 πάλιν,
978 3881 1101 3935 τότε
1135 3881 1324 3952 φησιν,
1358 3881 1441 3935 ὅτι
1476 3880 1676 3951 Ὑμῶν
1701 3882 1996 3952 φείδομαι.
2022 3882 2135 3946 καὶ,

556 3966 721 4022 Θέλω
756 3965 912 4037 ὑμᾶς
954 3968 1320 4047 ἀμερίμνους
1373 3964 1548 4023 εἶναι.
1601 3968 1773 4023 Τοῦτο
1812 3969 1878 4040 δὴ
1911 3970 2004 4023 καὶ
2044 3969 2138 4024 ἐπὶ

552 4055 662 4109 τῶν
688 4054 945 4124 γλωττῶν
985 4057 1150 4117 ποιεῖ.
1197 4055 1411 4119 δεικνὺς
1453 4057 1536 4111 ὅτι
1574 4057 1634 4111 οὐ
1661 4057 1823 4126 μόνον
1845 4058 2140 4129 ἀποστερεῖ

551 4142 732 4213 δόξης,
766 4141 902 4195 άλλά
932 4143 1027 4195 καί
1064 4143 1418 4214 καταισχύνει
1450 4146 1578 4208 τοὺς
1601 4143 1823 4215 ἔχοντας
1845 4145 1998 4216 παρά
2024 4148 2138 4209 τοῖς

553 4228 826 4293 ἀπίστοις.
866 4228 931 4282 Ἦ
967 4228 1025 4283 δὲ
1054 4230 1360 4301 προφητεία
1413 4229 1723 4285 τούναντίον
1744 4234 1839 4285 καὶ
1873 4232 2138 4305 αἰσχύνης

554 4316 899 4388 ἀπήλλακται
929 4316 1027 4387 τῆς
1064 4317 1218 4387 παρὰ
1249 4319 1365 4381 τοῖς
1401 4317 1673 4383 ἀπίστοις,
1701 4320 1796 4375 καὶ
1826 4317 1985 4386 δόξαν
2021 4320 2135 4391 ἔχει

556 4404 821 4475 μεγίστην
858 4404 953 4457 καὶ
976 4403 1264 4473 ὠφέλειαν.
1296 4405 1369 4459 Οὕ
1393 4403 1500 4477 7&9
1528 4405 1644 4476 ἐρεῖ
1663 4423 1744 4471 τις
1766 4407 1858 4460 ἐπὶ
1878 4408 1976 4479 τῆς
2002 4425 2136 4479 προ-

553 4490 803 4561 φητείας,
826 4493 909 4545 ὅτι
926 4492 1249 4556 Μαίνονται,
1275 4493 1396 4546 οὐδὲ
1419 4493 1852 4564 καταγελάσεται
1872 4496 1980 4549 τῶν
2003 4514 2137 4567 προ-

554 4577 919 4648 φητευόντων,
946 4578 1084 4631 ἀλλὰ
1106 4579 1418 4632 τούναντίον
1450 4580 1858 4653 ὲκπλαγήσεται
1881 4583 1975 4637 καὶ
2004 4583 2135 4638 θαυ-

558 4666 791 4737 μάσεται
804 4665 1047 4731 τούτους.
1077 4667 1418 4737 Ἐλέγχεται
1438 4668 1544 4740 7&9
1563 4670 1680 4724 ὑπὸ
1698 4670 1960 4726 πάντων*
1979 4689 2137 4726 τουτ-

554 4754 727 4819 έστιν,
777 4754 814 4808 ἃ.
845 4753 939 4808 ἐπὶ
973 4754 1202 4827 καρδίας
1233 4754 1367 4826 ἔχει,
1397 4753 1569 4808 ταῦτα
1599 4757 1679 4819 εἰς
1723 4758 1884 4826 μέσον
1918 4757 2130 4827 ἄγεται,

555 4841 652 4895 καὶ
708 4842 983 4898 δείκνυται
1028 4846 1215 4898 πᾶσιν.
1265 4842 1380 4896 Οὐκ
1419 4840 1533 4895 ἔστι
1568 4841 1625 4896 δὲ
1664 4840 1777 4895 ἴσον
1825 4844 2133 4900 εἰσελθόντα

554 4927 677 4980 τινὰ
706 4929 833 4983 ἰδεῖν
868 4931 967 5001 μὲν
990 4933 1271 5004 Περσιστὶ,
1298 4931 1391 4986 τὸν
1417 4930 1474 4985 δὲ
1500 4930 1720 5003 Συριστὶ
1741 4931 2131 5003 φθεγγόμενον,

556 5015 652 5067 καὶ
712 5018 1021 5073 εἰσελθόντα
1068 5021 1298 5076 ἀκοῦσαι
1355 5019 1424 5076 τὰ
1474 5021 1760 5093 ἀπόρρητα
1812 5022 1914 5093 τῆς
1966 5022 2132 5078 αὐτοῦ

556 5100 816 5166 διανοίας,
848 5105 941 5156 καὶ
977 5105 1086 5158 εἴτε
1119 5108 1396 5178 πειράζων
1424 5109 1519 5163 καὶ
1551 5110 1689 5181 μετά
1715 5112 1954 5183 πονηρᾶς
1988 5112 2134 5180 γνώ-

561 5206 692 5262 μης,
717 5190 825 5243 εἴτε
853 5190 1023 5260 ὑγιῶς
1049 5193 1361 5264 εἰσελήλυθε
1385 5212 1402 5227 ο
1431 5197 1523 5250 καὶ
1547 5197 1629 5251 ὅτι
1666 5198 1729 5253 τὸ
1771 5200 1867 5254 καὶ
1897 5199 1958 5253 τὸ
1985 5200 2134 5271 αὐτῷ

557 5278 894 5351 πέπρακται,
955 5279 1049 5343 καὶ
1103 5276 1165 5331 τὺ
1222 5276 1604 5349 βεϐούλευται·
1661 5286 1797 5341 πολὺ
1835 5286 1946 5359 γὰρ
1976 5288 2132 5343 τοῦτο

558 5538 956 5646 ΜΞιίυὲειγρηάιιιπι
985 5540 1188 5591 videtur
1209 5541 1302 5605 πρὸ
1324 5541 1514 5602 τούτου,
1537 5548 1591 5592 ει
1633 5545 1700 5591 ita
1737 5543 1860 5608 legit
1883 5544 2131 5606 interpres

1238 291 1295 347 S.
1339 286 1634 347 JOANNIS
1666 275 2157 343 CHRYSOSTOMI
2195 279 2514 342 ARCHIEP.
2553 277 3107 341 CONSTANTINOP.

3708 282 3812 343 320

2247 400 2458 458 ἐκείνου
2499 404 2929 474 φρικωδέστερον
2979 404 3070 459 καὶ
3120 399 3551 474 χρησιμώτερον.
3605 404 3705 457 Δια
3754 404 3822 476 δὴ

2243 492 2422 558 τοῦτο,
2444 492 2549 546 ’ἐπὶ
2578 492 2676 563 μὲν
2707 491 2817 546 τῶν
2858 490 3121 560 γλωσσῶν
3152 506 3337 561 φησιν,
3367 490 3450 543 ὅτι
3487 491 3818 547 Μαίησθε·

2243 578 2359 632 ἀλλ’
2390 580 2490 633 οὐκ
2522 579 2735 634 οἴκοθεν
2779 579 2940 634 τοῦτο
2971 578 3355 648 ἀποφαίνεται,
3394 577 3510 631 ἀλλ’
3569 579 3677 632 ἀπὸ
3720 582 3824 650 τῆς

2244 666 2467 720 ἐκείνων
2512 667 2774 738 κρίσεως·
2837 666 3076 735 Ἐροῦσι
3121 666 3251 737 γάρ,
3307 666 3493 736 φησὶν,
3534 666 3624 720 ὅτι
3671 669 3825 722 Mui—

2241 756 2444 808 νεσθε.
2477 753 2741 807 Ἐνταῦθα
2770 752 2827 807 δὲ
2854 753 2950 807 καὶ
2974 756 3040 825 τῇ
3063 753 3172 806 τῶν
3198 753 3537 824 πραγμάτων
3556 753 3824 826 κέχρηται

2241 839 2432 911 ψήφῳ,
2458 842 2551 895 καὶ
2595 845 2662 913 τῇ
2701 842 2810 895 τῶν
2840 839 3257 911 ὠφελουμένων.
3306 842 3647 911 Ἐλέγχεται
3688 844 3823 916 γὰρ,

2244 929 2433 1000 φησιν,
2481 928 2602 984 ὑπὸ
2659 927 2922 993 πάντων,
2975 928 3356 996 ἀνακρίνεται
3402 928 3523 981 ὑπὸ
3555 928 3823 996 πάντων,

2241 1016 2340 1070 καί
2382 1017 2536 1072 οὕτω
2575 1016 2647 1071 τὰ
2671 1017 2905 1086 κρυπτὰ
2948 1015 3058 1085 τῆς
3092 1015 3339 1085 καρδίας
3379 1016 3567 1071 αὐτοῦ
3588 1025 3822 1089 φανερὰ

2240 1106 2488 1175 γίνεται,
2516 1103 2616 1158 καὶ
2655 1105 2810 1160 οὕτω
2838 1104 3044 1159 πεσὼν
3062 1103 3163 1157 ἐπὶ
3204 1105 3531 1172 πρόσωπον
3552 1122 3825 1176 προσκυ-

2243 1191 2415 1259 νήσει
2458 1189 2540 1257 τῷ
2595 1189 2736 1259 Θεῷ,
2775 1178 3169 1262 ἀπαγγέλλων
3213 1191 3303 1246 ὅτι
3334 1191 3479 1259 Θεὸς
3512 1192 3698 1263 ὄντως
3747 1196 3824 1251 ἐν

2216 1272 2392 1351 ’[557]
2422 1279 2559 1347 ὑμῖν
2586 1278 2778 1335 ἐστιν.
2818 1280 2980 1352 Ὀρᾷς
3008 1281 3088 1334 ὅτι
3119 1279 3277 1334 τοῦτο
3307 1281 3823 1354 ἀναμφισϐήτητονς

2254 1366 2399 1419 Ἐκεῖ
2425 1366 2524 1437 μὲν
2567 1366 2677 1436 γάρ
2720 1367 3119 1439 ἀμφιϐάλλεται
3147 1368 3207 1421 τὸ
3248 1368 3550 1439 γινόμενον,
3581 1369 3679 1424 καὶ
3711 1389 3820 1441 μαι

2242 1452 2360 1507 νίαν
2385 1453 2449 1508 ἄν
2470 1471 2552 1518 τις
2581 1453 2886 1509 αἰτιάσαιτο
2906 1455 3013 1508 τῶν
3034 1456 3275 1510 ἀπίστων
3293 1472 3306 1486 ·
3332 1456 3563 1511 ἐνταῦθα
3586 1456 3643 1511 δὲ
3667 1458 3824 1513 οὐδὲν

2241 1541 2483 1596 τοιοῦτον
2519 1541 2694 1608 ἔσται,
2729 1542 2864 1597 ἀλλὰ
2903 1543 2998 1597 καὶ
3022 1543 3360 1614 θαυμάσεται
3394 1545 3489 1598 καὶ
3514 1550 3825 1617 προσκυνήο

2244 1645 2347 1691 σει,
2375 1629 2462 1683 διά
2487 1629 2596 1684 τῶν
2623 1629 2800 1703 ἔργων
2830 1630 3094 1702 πρότερον
3118 1631 3413 1701 ὁμολογῶν,
3450 1628 3568 1685 εἶτα
3597 1633 3693 1686 καὶ
3728 1633 3820 1687 διὰ

2242 1717 2350 1772 τῶν
2401 1719 2681 1790 ῥημάτων.
2727 1717 2885 1774 Οὕτω
2917 1720 3012 1772 καὶ
3054 1718 3518 1791 Ναϐουχοδονόσορ
3561 1720 3653 1774 τὸν
3685 1720 3823 1775 Θεδν

2243 1805 2619 1879 προσεκύνησε
2660 1805 2854 1875 λέγων,
2914 1807 3039 1861 Ἐπ’
3071 1806 3355 1874 ἀληθείας
3386 1809 3421 1862 ὁ
3461 1806 3606 1873 Θεὸς
3652 1808 3823 1878 ὑμῶν

2242 1894 2429 1960 αὐτός
2473 1894 2606 1948 ἐστι
2650 1894 2795 1961 Θεὸς
2841 1895 3286 1949 ἀποκαλύπτων
3342 1892 3666 1963 μυστήρια,
3730 1896 3824 1951 ὅτι

2242 1981 2552 2050 ἡδυνήθης
2575 1984 2967 2053 ἀποκαλύψαι
2990 1983 3059 2037 τὸ
3086 1983 3425 2053 μυστήριον
3443 1983 3637 2040 τοῦτο.
3665 1980 3823 2049 Εἶδες

2244 2069 2343 2139 τῆς
2380 2070 2720 2140 προφητείας
2762 2070 2859 2141 τὴν
2895 2071 3068 2141 ἰσχὺν,
3114 2072 3233 2135 πῶς
3259 2071 3350 2124 τὸν
3395 2072 3581 2140 ἄγριον
3610 2072 3822 2125 ἐκεῖνον

2245 2158 2511 2229 μετέϐαλε
2567 2160 2659 2213 καὶ
2704 2160 2980 2231 κατήχησε
3022 2160 3117 2212 καὶ
3155 2161 3236 2223 εἰς
3274 2160 3452 2213 πίστιν
3495 2161 3707 2231 ήγαγε;
3758 2161 3823 2215 Τί

2242 2241 2358 2300 οὖν
2384 2245 2576 2309 ἐστιν,
2609 2245 2863 2314 ἀδελφοί
2875 2258 2892 2306 ;
2923 2246 3103 2299 Ὅταν
3130 2247 3534 2315 συνέρχησθε,
3564 2247 3823 2314 ἕκαστος

2242 2333 2412 2404 ὑμῶν
2451 2334 2699 2403 ψαλμὸν
2725 2336 2870 2403 ἔχει,
2892 2333 3151 2404 διδαχὴν
3187 2334 3333 2404 ἕχει,
3360 2334 3649 2405 γλῶσσαν
3670 2336 3819 2405 ἔχει,

2241 2421 2637 2491 ἀποκάλυψιν
2677 2421 2824 2492 ἕχει,
2874 2420 3192 2491 ἑρμηνείαν
3231 2419 3357 2490 ἔχει
3377 2438 3391 2452 ·
3426 2420 3620 2476 πάντα
3668 2423 3823 2492 πρὸς

2240 2509 2572 2581 οἰκοδομὴν
2599 2509 2866 2581 γινέσθω.
2936 2511 3101 2582 Ὁρᾷς
3123 2509 3215 2564 τοῦ
3246 2511 3289 2563 Χ
3299 2510 3670 2582 ριστιανισμοῦ
3718 2510 3822 2582 τὴν

2242 2599 2483 2671 κρηπῖδα
2510 2599 2611 2653 καὶ
2630 2598 2722 2652 τδν
2747 2598 2978 2662 κανόνα;
3012 2599 3220 2671 ’Ὠσπερ
3254 2599 3361 2669 γὰρ
3389 2599 3627 2669 τεχνίτου
3657 2599 3823 2671 ἔργον

2241 2688 2302 2742 τὸ
2350 2689 2675 2759 οἰκοδομεῖν,
2721 2687 2864 2743 οὕτω
2921 2688 3016 2744 καὶ
3057 2687 3150 2741 τοῦ
3202 2686 3531 2760 Χριστιανού
3581 2689 3644 2742 τὸ
3690 2688 3822 2751 τοὺς

2244 2776 2469 2847 πλησίον
2517 2775 2605 2832 διά
2668 2777 2885 2832 πάντων
2930 2775 3178 2845 ὠφελεῖν.
3241 2776 3459 2847 Ἐπειδὴ
3502 2776 3557 2829 δὲ
3612 2775 3824 2847 σφόδρα

2241 2865 2549 2935 κατέδραμε
2599 2864 2693 2919 τοῦ
2757 2865 3113 2936 χαρίσματος,
3156 2865 3243 2918 ἵνα
3271 2864 3346 2935 μὴ
3384 2863 3509 2937 δόξῃ
3566 2860 3821 2935 περιττὸν

2240 2949 2383 3006 εἶναι
2401 2967 2415 2982 ο
2449 2952 2673 3024 τὸγγάρ
2699 2952 2868 3020 τῦφον
2895 2952 3075 3007 αὐτῶν
3101 2952 3449 3008 κατασπάσαι
3475 2952 3821 3023 βουλόμενος,

2244 3037 2404 3109 μόνον
2428 3037 2585 3093 τοῦτο
2609 3038 2877 3110 πεποίηκε
2896 3057 2909 3071 ο
2940 3039 3103 3094 πάλιν
3136 3040 3361 3111 ἀριθμεῖ
3384 3039 3515 3094 αὐτὸ
3540 3039 3681 3110 μετά
3705 3038 3823 3092 τῶν

2241 3127 2436 3192 ἄλλων,
2460 3127 2664 3196 λέγων·
2702 3130 2954 3199 Ψαλμὸν
2981 3129 3128 3200 ἔχει,
3163 3128 3421 3199 διδαχὴν
3444 3128 3592 3198 ἔχει,
3620 3126 3823 3198 γλῶσ-

2240 3231 2364 3270 σαν
2389 3216 2536 3286 ἔχει.
2567 3215 2678 3270 Καὶ
2711 3218 2820 3289 7&9
2844 3217 3094 3287 ψαλμοὺς
3122 3216 3184 3270 τὸ
3207 3216 3434 3271 παλαιὸν
3465 3217 3682 3271 ἐποίουν
3708 3217 3825 3271 ἀπὺ

2241 3302 2598 3375 χαρίσματος,
2643 3304 2740 3360 καὶ
2795 3304 3071 3358 ἐδίδασκον
3114 3303 3222 3358 ἀπὸ
3275 3304 3642 3375 χαρίσματοςο
3701 3305 3824 3359 ἀλλ’

2241 3392 2391 3462 ὅμως
2417 3391 2629 3446 ἅπαντα
2659 3390 2834 3449 ταῦτα
2859 3392 2999 3464 πρὸς
3022 3391 3079 3445 ἒν
3106 3391 3366 3461 βλεπέτω,
3409 3391 3560 3462 φησὶ,
3598 3391 3699 3464 τὴν
3725 3392 3823 3446 τοῦ

2242 3479 2468 3551 πλησίον
2489 3478 2776 3551 διόρθωσιν
2793 3494 2808 3507 ⁶
2842 3479 3009 3552 μηδὲν
3031 3479 3217 3543 ἁπλῶς
3248 3479 3504 3548 γινέσθω.
3528 3480 3590 3533 Εἰ
3612 3481 3720 3552 7&9
3742 3482 3823 3552 μὴ

2240 3568 2520 3640 παραγίνῃ
2554 3568 2645 3620 τὸν
2676 3566 2903 3636 ἀδελφὸν
2948 3568 3340 3639 οἱκοδομήσων,
3392 3567 3445 3620 τί
3500 3567 3592 3622 καὶ
3632 3584 3823 3639 παραη

2240 3654 2404 3727 γίνῃς
2448 3654 2525 3710 Οὐ
2558 3654 2624 3726 δὴ
2657 3653 2824 3718 πολύς
2871 3671 2961 3725 μοι
3008 3654 3167 3724 λόγος
3196 3654 3292 3725 τῆς
3322 3653 3431 3706 τῶν
3463 3653 3823 3725 χαρισμάτων

2238 3743 2532 3816 διαφορᾶς·
2568 3742 2687 3807 ἑνὸς
2724 3742 2848 3813 ἐμοὶ
2882 3742 3031 3813 μέλει
3072 3741 3257 3812 μόνον,
3305 3741 3399 3794 καὶ
3426 3741 3485 3794 τὸ
3520 3741 3826 3807 σπουδαζὸ-

2244 3832 2404 3903 μενόν
2437 3849 2526 3903 μοι
2549 3830 2627 3897 ἓν,
2652 3830 2713 3884 τὸ
2735 3830 2869 3902 πρὸς
2893 3829 3181 3901 οἰκοδομὴν
3199 3829 3416 3883 ἅπαντα
3441 3830 3633 3883 ποιεῖν.
3661 3829 3826 3884 Οὕτω

2240 3922 2335 3976 καὶ
2360 3922 2389 3974 ὁ
2416 3920 2477 3975 τὸ
2515 3920 2712 3993 μικρὸν
2759 3919 2898 3991 ἔχων
2929 3919 3195 3991 χάρισμα,
3230 3918 3322 3973 τὸν
3350 3919 3411 3971 τὸ
3441 3918 3582 3989 μέγα
3625 3918 3823 3988 ἔχοντα

2240 4009 2702 4082 παραδραμείται,
2740 4009 2836 4061 ἐὰν
2861 4007 3016 4061 τοῦτο
3044 4010 3241 4078 προσῇ.
3278 4007 3376 4061 Διά
3404 4006 3511 4077 γὰρ
3542 4005 3697 4059 τοῦτο
3723 4007 3825 4058 καὶ

2239 4101 2307 4154 τὰ
2341 4100 2680 4172 χαρίσματα,
2722 4099 2810 4152 ἴνα
2838 4097 3185 4167 οἰκοδομῆται
3215 4098 3476 4160 ἕκαστος’
3507 4099 3583 4160 ὡς
3613 4097 3710 4149 ἐὰν
3738 4096 3824 4167 μὴ

2238 4187 2397 4241 τοῦτο
2440 4187 2681 4259 γίνηται,
2724 4185 2822 4240 καὶ
2872 4186 2954 4248 είς
2984 4187 3158 4257 κρῖμα
3188 4185 3338 4238 ἔσται
3367 4184 3428 4237 τὸ
3468 4183 3712 4255 χάρισμα
3738 4183 3825 4252 τῷ

2239 4275 2477 4329 λαϐόντι.
2510 4276 2576 4328 Τί
2608 4275 2738 4346 γὰρ,
2770 4273 2893 4328 εἰπέ
2924 4290 3035 4344 μοι,
3064 4272 3257 4341 ὄφελος
3294 4271 3385 4325 τοῦ
3422 4270 3821 4341 προφητεύεινς

2239 4364 2292 4418 τί
2344 4364 2400 4417 δὲ
2448 4363 2642 4433 ὄφελος
2686 4361 2780 4416 τοῦ
2828 4361 3056 4432 νεκροὺς
3099 4361 3353 4430 ἐγείρειν,
3392 4359 3522 4412 ὅταν
3564 4358 3752 4428 μηδεὶς
3792 4360 3827 4411 ὁ

2237 4453 2538 4525 κερδαίνων
2631 4468 2646 4516 ;
2678 4453 2741 4505 Εἰ
2771 4452 2828 4504 δὲ
2853 4449 3012 4504 τοῦτο
3036 4447 3146 4502 τῶν
3175 4449 3530 4520 χαρισμάτων
3554 4447 3618 4500 τὸ
3643 4446 3823 4509 τέλος,

2236 4542 2414 4607 ἔξεστι
2460 4540 2519 4593 δὲ
2549 4540 2681 4595 αὐτὸ
2713 4538 2809 4592 καὶ
2840 4537 3011 4609 ἑτέρῳ
3042 4536 3473 4600 κατασκευάζειν
3505 4536 3693 4605 τρόπῳ
3720 4552 3826 4605 χα-

2239 4630 2522 4700 ρισμάτων
2550 4628 2740 4698 χωρὶς,
2776 4626 2850 4698 μὴ
2877 4626 3019 4697 μέγα
3063 4625 3157 4679 ἐπὶ
3191 4626 3303 4688 τοῖς
3332 4625 3578 4695 σημείοις
3606 4623 3823 4695 φρόνει,

2241 4716 2376 4788 μηδὲ
2404 4713 2659 4779 ταλάνιζε
2694 4714 2910 4776 σαυτὸν,
2942 4715 2971 4766 ό
2999 4712 3106 4767 τῶν
3132 4711 3486 4784 χαρισμάτων
3513 4711 3826 4783 ἑστερημέ-

2236 4822 2347 4869 νος.
2390 4804 2528 4859 Ειτε
2573 4803 2643 4858 δὲ
2682 4803 2934 4875 γλώσσῃ
2967 4819 3058 4868 τις
3093 4800 3290 4866 λαλεῖ,
3330 4802 3483 4856 κατὰ
3519 4798 3650 4864 δύο,
3680 4799 3721 4867 ἢ
3750 4800 3825 4854 τὸ

2239 4891 2534 4946 πλεῖστον
2579 4891 2759 4959 τρεῖς,
2791 4890 2889 4946 καὶ
2934 4891 3051 4944 ἀνὰ
3080 4888 3285 4961 μέρος,
3319 4889 3416 4943 καί
3459 4882 3551 4954 εἷς
3578 4886 3826 4957 διερμη-

2235 4980 2480 5037 νευέτω.
2532 4980 2674 5034 Ἐὰν
2706 4979 2774 5032 δὲ
2801 4978 2887 5049 μὴ
2915 4972 2956 5050 ᾗ
2998 4976 3448 5046 διερμηνευτής,
3480 4975 3707 5045 σιγάτω
3747 4973 3827 5028 ἐν

2236 5070 2556 5138 ἐκκλησίᾳ,
2592 5065 2786 5134 ἑαυτῷ
2825 5067 2894 5121 δὲ
2925 5065 3184 5121 λαλείτω
3211 5063 3309 5119 καὶ
3336 5061 3418 5129 τῷ
3447 5062 3589 5128 Θεῷ.
3621 5062 3688 5115 Τί
3723 5056 3824 5113 λέ-

2236 5175 2391 5229 γεις;
2426 5158 2546 5212 εἰπέ
2588 5173 2700 5228 μοι·
2744 5153 2983 5210 τοσαῦτα
3033 5153 3203 5208 εἰπὼν
3247 5152 3377 5224 περὶ
3406 5150 3691 5221 γλωσσῶν,
3733 5149 3823 5204 ὅτι

2236 5246 2513 5317 ἀνόνητον,
2545 5246 2627 5299 ὅτι
2650 5242 2920 5312 περιττὸν,
2942 5240 3037 5295 ἐὰν
3061 5240 3137 5314 μὴ
3156 5239 3400 5313 ἑρμηνέα
3426 5238 3546 5313 ἔχῃ,
3575 5238 3825 5302 κελεύεις

2239 5333 2402 5388 πάλιν
2427 5331 2699 5400 γλώσσαις
2732 5330 2943 5395 λαλεῖν;
2983 5328 3060 5382 Οὐ
3091 5328 3319 5393 κελεύω,
3343 5326 3530 5397 φησὶν,
3552 5325 3666 5381 ἀλλ’
3692 5324 3823 5379 οὐδὲ

2238 5420 2460 5476 κωλύω’
2491 5421 2568 5486 ὡς
2598 5422 2724 5476 ὅταν
2760 5420 2919 5492 λέγῃ.
2949 5420 3023 5476 Et
3051 5436 3144 5485 τις
3174 5418 3328 5488 ὑμᾶς
3355 5417 3534 5472 καλεῖ
3546 5415 3662 5471 τῶν
3683 5415 3823 5472 dxi-

2237 5527 2422 5575 στων,
2467 5513 2565 5566 καί
2606 5513 2810 5569 θέλετε
2851 5512 3231 5582 πορεύεσθαι,
3273 5510 3395 5580 οὐχὶ
3425 5508 3731 5581 νομοθετῶν
3754 5511 3822 5561 τὸ

2242 5601 2568 5674 πορεύεσθαι
2585 5603 2752 5672 λέγει,
2771 5598 2891 5659 ἀλλ’
2907 5602 3008 5657 οὐκ
3031 5602 3261 5673 ἐπέχων*
3281 5598 3423 5655 οὕτω
3441 5598 3535 5658 καὶ
3555 5596 3821 5665 ἐνταῦθα,
