4122 6226
382 440 758 499 necessitatem
787 433 975 489 afferat
1014 425 1321 499 requirendi
1362 425 1478 491 ejus
1523 424 1610 494 qui
1646 423 1967 491 interprete-

383 546 490 590 tur.
518 530 652 586 Nam
677 526 930 599 quoniam
970 538 1076 578 non
1106 536 1170 575 eo
1200 517 1542 588 spectabant,
1576 513 1668 569 sed
1694 513 1757 566 ad
1785 520 1969 568 osten-

381 630 640 684 tationem
665 622 958 694 gloriznque
986 626 1042 670 ct
1067 614 1286 669 honoris
1312 611 1656 679 cupiditatem
1691 605 1838 660 multi
1868 604 1970 660 hoc

381 722 526 777 dono
569 714 879 772 utebantur.
916 710 985 764 ab
1027 722 1094 762 eo
1136 705 1366 760 maxime
1403 701 1652 759 abducit.
1681 695 1970 752 ostendens

380 829 476 870 eos
504 813 559 867 in
589 808 756 880 gloria
789 814 845 861 et
872 800 1264 858 existimatione
1308 808 1555 864 magnum
1584 792 1838 846 damnum
1875 803 1969 880 ac-

380 878 611 976 cipere,“
645 909 704 955 ut
744 897 834 968 qui
879 895 930 948 in
965 891 1186 947 insania:
1233 885 1594 956 suspicionem
1621 883 1859 937 veniant.
1903 878 1970 933 Et

384 1001 484 1052 hoe
529 1002 614 1049 est
659 990 926 1052 maxime,
973 982 1116 1055 quod
1159 980 1374 1036 assidue
1419 977 1698 1033 adstruere
1744 983 1970 1030 conatur

383 1088 614 1152 Paulus;
643 1081 858 1153 quando
886 1077 996 1131 vult
1021 1075 1089 1129 ab
1117 1073 1292 1143 aliqua
1327 1085 1385 1125 re
1408 1068 1703 1129 abducere,
1735 1064 1970 1120 ostendit

379 1197 503 1238 eum
534 1174 658 1234 hodi
677 1176 730 1230 in
756 1174 822 1228 iis
851 1170 980 1241 ipsis
1009 1183 1127 1239 qum
1150 1163 1434 1220 desiderat.
1468 1161 1534 1216 Et
1562 1169 1616 1214 tu
1645 1171 1857 1229 quoque
1886 1156 1970 1209 fac

381 1271 670 1326 similiter:
698 1266 743 1321 si
773 1279 804 1319 ιι
833 1263 1103 1331 voluptate
1132 1257 1397 1319 abducas,
1428 1250 1653 1308 ostende
1693 1265 1806 1305 rem
1848 1262 1968 1304 esse

382 1362 668 1425 acerbam;
697 1358 742 1413 si
769 1354 838 1410 ab
873 1352 1016 1408 inani
1045 1349 1215 1421 gloria
1257 1344 1535 1404 abstrahas
1555 1386 1570 1411 ,
1599 1341 1824 1398 ostende
1853 1355 1964 1396 rem

380 1469 504 1510 esse
533 1453 742 1523 plenam
768 1447 1033 1503 dedecore
1062 1451 1117 1498 et
1146 1441 1382 1496 infamia.
1424 1438 1514 1494 Sic
1552 1437 1712 1492 etiam
1741 1433 1966 1489 faciebat

378 1545 595 1602 Paulus.
626 1540 827 1596 Divites
855 1537 998 1594 enim
1023 1535 1259 1589 avellens
1280 1532 1346 1587 ab
1371 1545 1552 1584 amore
1573 1527 1834 1599 pecunia),
1861 1541 1965 1580 non

379 1639 511 1693 dixit
534 1636 706 1692 solum
731 1631 920 1688 noxias
942 1643 1060 1685 esse
1086 1627 1321 1691 divitias,
1352 1623 1446 1679 sed
1473 1622 1634 1678 etiam
1665 1620 1886 1690 injicere
1912 1618 1964 1672 in

381 1728 702 1785 tentationes
729 1743 744 1780 :
779 1739 904 1779 nam
928 1722 1022 1784 ait,
1059 1719 1158 1786 Qui
1185 1718 1355 1772 volunt
1382 1715 1559 1770 divites
1584 1729 1709 1779 esse,
1739 1711 1966 1765 incidunt

379 1825 433 1878 in
461 1821 784 1877 tentationem
817 1818 895 1887 (l.
929 1815 1062 1869 Tim.
1093 1814 1147 1868 6.
1180 1812 1258 1882 9).
1303 1809 1438 1878 Quia
1480 1807 1623 1863 enim
1652 1805 1968 1862 videbantur

380 1916 607 1971 liberare
632 1927 662 1967 a
707 1906 1120 1973 tentationibus,
1152 1905 1231 1960 eis
1259 1902 1443 1958 tribuit
1479 1899 1806 1954 contrarium
1850 1896 1965 1966 ejus

379 2007 519 2079 quod
545 2003 926 2062 existimabant
952 1998 1170 2055 divites.
1197 1995 1300 2050 Alii
1342 2004 1579 2050 externae
1617 2005 1835 2060 operam
1867 1989 1964 2041 da-

379 2102 506 2155 bant
533 2095 845 2168 sapientim,
895 2102 1162 2163 tamquam
1196 2087 1295 2142 hac
1328 2086 1535 2155 ratione
1572 2084 1764 2153 dogma
1803 2079 1965 2135 stabi-

379 2193 615 2247 lientes:
659 2186 894 2244 ostendit
937 2198 1055 2240 eam
1099 2197 1204 2238 non
1252 2179 1425 2234 soluat
1471 2175 1617 2231 cruci
1662 2189 1769 2228 non
1806 2188 1961 2242 opem

380 2283 522 2338 ferre
542 2321 558 2346 ,
589 2279 685 2334 sed
714 2277 876 2334 etiam
904 2291 1021 2332 eam
1050 2271 1348 2330 exinanire.
1376 2267 1651 2338 Urgebant
1676 2275 1730 2319 ut
1752 2263 1962 2335 judica-

381 2380 570 2428 rcntur
593 2370 732 2441 apud
772 2368 935 2435 alios,
964 2366 1332 2424 existimantes
1363 2361 1635 2431 indignum
1669 2373 1788 2414 es<e
1814 2357 1960 2426 judi-

376 2466 488 2521 cari
517 2464 657 2536 apud
701 2477 863 2530 suos,
905 2476 971 2518 ac
1014 2461 1059 2517 si
1102 2457 1308 2515 externi
1337 2465 1520 2512 essent
1561 2453 1956 2523 sapientiores:

375 2557 609 2613 ostendit
635 2570 756 2612 esse
786 2566 942 2625 turpe
985 2553 1114 2609 foris
1146 2549 1395 2622 judicari.
1428 2546 1770 2603 Accedebant
1808 2544 1872 2599 ad
1898 2559 1959 2598 ea

373 2668 495 2724 quae
518 2661 672 2707 erant
685 2649 842 2705 idolis
865 2647 1154 2711 immolata,
1181 2655 1449 2714 tamquam
1471 2639 1758 2712 perfectam
1781 2647 1960 2693 osten-

376 2754 550 2800 tantes
576 2743 850 2798 scientiam
877 2759 891 2796 :
921 2739 1155 2795 ostendit
1177 2737 1279 2792 hoc
1299 2750 1420 2792 esse
1441 2733 1767 2805 imperfecta:
1788 2731 1960 2787 scicn-

375 2837 464 2890 tiae
483 2877 500 2900 ,
535 2833 740 2889 nescire
764 2831 1140 2888 administrare
1169 2843 1231 2884 ea
1261 2843 1382 2898 quae
1417 2833 1542 2881 sunt
1569 2824 1956 2895 proximorum.

374 2928 450 2984 fta
479 2928 566 2984 hic
589 2940 822 2997 quoque,
851 2924 1105 2996 quoniam
1125 2922 1426 2992 linguarum
1452 2918 1650 2972 donum
1680 2923 1959 2984 stupentes

372 3019 794 3082 admirabantur,
817 3017 1041 3087 gloriam
1067 3022 1330 3078 amantes,
1355 3009 1591 3066 ostendit
1618 3008 1719 3062 hoc
1743 3006 1954 3076 quidem

371 3127 467 3169 eos
495 3112 728 3167 maxime
765 3109 1030 3164 dedecore
1060 3105 1312 3170 afﬁcere,
1354 3117 1460 3157 non
1509 3101 1681 3157 solum
1728 3111 1823 3153 eos
1853 3096 1958 3166 pri-

374 3218 504 3258 vans
530 3201 698 3274 gloria
723 3241 739 3263 ,
769 3199 866 3255 sed
898 3200 1058 3255 etiam
1101 3197 1222 3252 illos
1251 3197 1304 3250 in
1336 3194 1555 3250 insania:
1599 3191 1955 3261 suspicionem

371 3293 686 3363 conjiciens.
721 3292 790 3345 At
831 3305 935 3345 non
977 3289 1158 3343 statim
1203 3289 1306 3342 hoc
1334 3285 1499 3349 dixit;
1541 3283 1634 3338 sed
1663 3298 1783 3337 cum
1815 3281 1958 3351 prius

375 3385 651 3440 innumera
679 3382 932 3445 dixisset,
962 3380 1176 3451 quando
1202 3377 1377 3433 effecit
1419 3385 1476 3430 ut
1504 3375 1659 3430 facile
1684 3375 1956 3444 excipere-

377 3491 464 3534 tur
491 3487 750 3549 grataque
783 3483 931 3531 esset
959 3474 1151 3536 oratio,
1183 3482 1306 3526 tunc
1331 3468 1604 3538 subjungit
1630 3467 1682 3522 id
1709 3467 1849 3536 quod
1876 3475 1959 3521 est

372 3569 684 3625 admirabile
707 3577 762 3623 et
789 3575 985 3637 prwter
1011 3565 1338 3635 opinionem.
1369 3561 1464 3616 Est
1491 3571 1668 3615 autem
1700 3558 1816 3615 lucc
1847 3574 1958 3612 me-

373 3663 557 3718 ditatio
586 3663 685 3732 ipsi
715 3659 1009 3716 familiaris.
1044 3658 1177 3712 Eum
1205 3657 1348 3731 enim
1375 3654 1466 3724 qui
1507 3653 1714 3708 ﬁrmam
1740 3661 1957 3707 senten-

376 3755 500 3808 tiam
545 3762 629 3810 est
657 3752 1018 3808 labefacturus
1052 3758 1107 3804 et
1143 3749 1196 3802 in
1239 3746 1569 3802 contrarium
1599 3759 1957 3800 conversurus

373 3847 600 3903 ﬁrmiter
645 3846 1018 3915 stabilitcrque
1073 3847 1390 3912 conceptam
1446 3840 1789 3910 opinionem,
1852 3852 1955 3891 non

371 3948 578 4008 oportet
607 3938 788 3993 statim
815 3936 994 3991 dicere
1019 3934 1347 3990 contrarium
1382 3949 1396 3986 :
1425 3940 1568 3986 esset
1590 3931 1731 3986 enim
1765 3929 1961 3982 ridicu-

373 4031 458 4085 lus
477 4029 619 4100 apud
641 4044 757 4096 eos,
798 4043 934 4100 quos
957 4025 1228 4082 contraria
1255 4023 1646 4095 prmoccupavit
1673 4019 1954 4076 sententia.

370 4122 507 4179 Nam
535 4122 679 4193 quod
702 4131 785 4178 est
807 4122 963 4177 valde
989 4119 1304 4176 admirabile
1327 4127 1382 4173 et
1406 4126 1602 4187 praeter
1624 4116 1954 4185 opinionem,

373 4231 482 4270 non
511 4213 669 4269 facile
693 4213 896 4269 admitti
921 4212 1119 4285 poterit
1148 4213 1215 4266 ab
1243 4211 1422 4273 initio;
1452 4208 1546 4264 sed
1573 4215 1804 4277 oportet,
1836 4221 1956 4261 cum

376 4323 473 4378 per
500 4307 601 4362 alia
646 4307 791 4379 prius
816 4316 962 4364 recte
990 4305 1276 4362 suﬂ‘oderis
1303 4312 1358 4359 et
1383 4303 1665 4373 irrepseris
1683 4343 1698 4369 ,
1725 4300 1803 4356 sic
1829 4315 1958 4356 con-

374 4409 582 4456 vertere
609 4400 661 4455 in
690 4400 1037 4454 contrarium.

445 4494 500 4549 3.
530 4492 619 4548 Sic
646 4503 797 4547 certe
823 4491 945 4546 fecit
977 4489 1138 4546 etiam
1175 4489 1450 4544 disserens
1483 4487 1552 4542 de
1591 4485 1956 4541 matrimonio.

377 4584 507 4639 Nam
534 4584 788 4656 quoniam
819 4582 972 4638 multi
1002 4582 1240 4637 animum
1266 4579 1590 4635 adhibebant
1620 4578 1961 4634 matrimonio

379 4686 644 4749 tamquam
681 4676 765 4732 rei
828 4675 880 4730 in
907 4690 1009 4746 qua
1046 4683 1190 4730 esset
1223 4674 1375 4744 quies
1413 4681 1468 4729 et
1508 4673 1804 4735 recreatio;
1847 4671 1960 4741 ipse

375 4777 554 4825 autem
573 4768 790 4825 volebat
813 4767 1121 4831 ostendere,
1152 4781 1259 4822 non
1291 4766 1442 4836 jungi
1472 4765 1812 4821 matrimonio
1840 4779 1960 4820 esse

376 4859 610 4930 quietem
638 4873 702 4914 ac
745 4859 1159 4925 recreatiouem,
1201 4858 1245 4913 si
1281 4859 1460 4913 statim
1487 4857 1702 4926 quidem
1734 4857 1837 4911 hoc
1874 4856 1956 4910 di-

377 4953 564 5018 xisset,
592 4966 701 5008 non
747 4951 964 5008 fecisset
985 4959 1046 5008 ut
1085 4952 1188 5008 hoc
1215 4959 1322 5007 tam
1367 4950 1522 5006 facile
1547 4950 1920 5006 admitteretur
1945 4971 1956 5005 :

377 5059 520 5100 nunc
537 5053 720 5101 autem
743 5059 865 5101 eum
889 5053 1013 5116 post
1037 5043 1203 5100 multa
1221 5043 1324 5099 hoc
1341 5043 1631 5113 posuisset,
1660 5050 1961 5113 opportune

379 5135 658 5203 inducens,
691 5135 846 5193 facile
878 5135 1133 5206 perculsit
1168 5134 1461 5190 auditores.
1503 5133 1616 5189 lloc
1640 5135 1801 5189 etiam
1837 5132 1962 5188 fecit

376 5232 431 5286 in
458 5229 780 5301 virginitate.
807 5229 942 5286 Nam
971 5241 1094 5284 cum
1117 5237 1274 5284 antu
1301 5229 1467 5284 multa
1494 5227 1742 5294 dixisset,
1769 5237 1824 5284 et
1843 5243 1964 5282 rur-

375 5333 703 5400 sus-postes,
725 5335 854 5380 tunc
875 5324 1008 5380 dicit
1036 5342 1052 5381 :
1087 5322 1242 5379 Vobis
1263 5339 1418 5391 parco
1445 5339 1464 5375 :
1484 5333 1556 5387 et,
1594 5321 1723 5377 Volo
1743 5339 1829 5377 vos
1856 5337 1964 5376 esse

376 5417 487 5474 sine
513 5417 858 5473 sollicitudine
884 5418 963 5490 (1.
1001 5416 1121 5472 Cor.
1153 5416 1207 5472 7.
1237 5416 1329 5474 28.
1363 5417 1480 5486 39).
1514 5417 1627 5473 Hoc
1653 5416 1780 5471 facit
1800 5417 1960 5472 etiam

377 5524 429 5565 tn
459 5509 676 5580 linguis,
717 5509 1012 5568 ostendens
1049 5525 1147 5566 eas
1173 5525 1280 5566 non
1325 5510 1498 5566 solum
1526 5511 1738 5580 privare
1769 5509 1960 5580 gloria,

377 5600 473 5658 sed
498 5616 596 5658 eos
619 5601 806 5671 etiam,
833 5603 924 5675 qui
951 5602 1054 5660 hoc
1079 5603 1278 5659 donum
1307 5603 1526 5668 habent,
1557 5603 1754 5673 probro
1777 5617 1841 5658 ac
1869 5601 1962 5657 de-

378 5691 576 5750 decore
597 5693 815 5752 afﬁcere
851 5695 992 5765 apud
1018 5695 1280 5752 inﬁdeles.
1310 5694 1595 5764 Prophetia
1622 5703 1798 5750 autem
1829 5709 1962 5750 con-

375 5791 460 5838 tra
485 5785 689 5856 probro
717 5800 782 5840 ac
805 5785 1071 5841 dedecore
1105 5794 1258 5840 vacat
1292 5784 1434 5854 apud
1479 5784 1738 5853 infideles,
1769 5797 1821 5842 et
1850 5804 1958 5844 ma-

723 5885 996 5943 PATROL.
1042 5886 1155 5946 Ga.
1211 5886 1358 5948 LXI.

1382 310 1442 364 IN
1483 307 1699 364 EPIST.
1741 307 1758 360 l
1825 306 1914 360 Αῐ)
1955 303 2109 358 (ΣΟΙι.
2159 302 2386 358 ΗΟΜΙΙ..
2431 305 2670 360 XXXVI.

3563 301 3668 360 510

2078 420 2273 472 ximam
2304 420 2464 476 habet
2488 423 2712 492 gloriam
2740 434 2794 478 et
2819 424 3118 480 utilitatem.
3144 423 3275 479 Nam
3304 427 3356 481 in
3385 430 3664 500 prophetia

2078 526 2235 564 nemo
2260 511 2401 567 dicet
2431 529 2526 568 eos
2555 515 2809 580 insanire,
2854 532 2952 570 nec
2993 513 3237 572 irridebit
3277 535 3370 574 eos
3409 521 3498 590 qui
3539 539 3664 591 pro-

2079 601 2316 671 phetant,
2347 604 2439 659 sed
2465 615 2650 661 contra
2681 621 2774 661 eos
2814 608 3050 676 stupebit
3083 619 3138 664 et
3163 595 3534 666 admirabitur.
3569 615 3664 666 Ar-

2075 707 2297 768 guuntur
2325 699 2467 754 enim
2510 715 2571 753 ac
2608 703 2974 779 convincuntur
3017 686 3078 756 ab
3115 705 3389 769 omnibus;
3424 703 3528 762 hoc
3557 717 3663 770 est,

2077 804 2138 844 ea
2184 805 2304 860 quae
2359 789 2519 847 habet
2568 791 2620 846 in
2663 793 2827 848 corde
2873 793 2924 848 in
2971 795 3202 851 medium
3248 780 3586 854 adducuntur
3610 812 3664 855 et

2075 882 2430 938 ostenduntur
2455 884 2728 940 omnibus.
2751 885 2868 940 Non
2895 900 3020 942 sunt
3047 897 3224 944 autem
3255 892 3424 962 paria,
3459 893 3663 962 ingrcs-

2073 990 2193 1030 sum
2221 976 2523 1046 quempiam
2550 977 2752 1044 videre,
2782 979 2927 1034 illum
2955 981 3168 1051 quidem
3199 983 3410 1039 Persice
3437 984 3657 1054 loquen-

2077 1075 2204 1131 tem,
2240 1067 2379 1122 hunc
2403 1077 2580 1124 autem
2602 1069 2840 1141 Syriace;
2862 1082 2916 1127 et
2939 1074 3238 1144 ingressum
3259 1077 3446 1132 audire
3462 1093 3660 1133 arcana
3711 1095 3724 1107 ·

2073 1158 2190 1228 ejus
2220 1160 2435 1223 mentis,
2466 1161 2580 1216 sive
2610 1171 2817 1218 tentans
2837 1175 2889 1220 et
2913 1166 3051 1219 malo
3077 1167 3277 1231 animo,
3310 1169 3422 1222 sive
3450 1169 3661 1224 sincere

2072 1259 2126 1306 et
2152 1251 2291 1306 bono
2311 1252 2490 1306 animo
2513 1255 2582 1308 sit
2609 1255 2876 1325 ingressus
2904 1273 2918 1320 ;
2950 1265 3004 1312 et
3028 1257 3168 1327 quod
3206 1258 3309 1312 hoc
3349 1260 3563 1329 quidem
3592 1262 3661 1316 ab

2073 1344 2163 1399 illo
2190 1355 2398 1416 gestum
2429 1347 2518 1411 sit,
2551 1347 2619 1403 de
2667 1349 2757 1403 illo
2798 1358 2976 1404 autem
3024 1351 3093 1404 sit
3121 1352 3518 1407 consultatum:
3561 1357 3660 1409 hoc

2071 1438 2213 1493 enim
2244 1446 2325 1493 est
2351 1439 2442 1493 illo
2468 1441 2636 1494 multo
2660 1441 2951 1496 terribilius
2977 1451 3030 1497 et
3059 1443 3260 1497 utilius.
3295 1444 3582 1515 Propterea
3607 1448 3659 1501 in

2071 1529 2264 1599 linguis
2295 1531 2512 1602 quidem
2557 1532 2689 1587 dicit
2719 1547 2812 1587 vos
2839 1534 3106 1590 insanire:
3131 1535 3226 1590 sed
3252 1535 3352 1590 hoc
3376 1553 3442 1592 ex
3473 1554 3532 1593 se
3555 1555 3659 1592 non

2070 1621 2219 1686 dicit,
2250 1637 2432 1678 verum
2457 1639 2520 1680 ex
2552 1625 2762 1680 illorttm
2783 1625 2986 1695 judicio
3014 1644 3027 1681 :
3060 1626 3245 1683 Dicens
3266 1630 3429 1698 enim,
3463 1633 3656 1702 inquit,

2069 1716 2205 1786 quod
2232 1717 2482 1772 insanitis.
2530 1717 2626 1773 llic
2659 1728 2836 1774 autem
2870 1721 3036 1774 utitur
3061 1728 3114 1775 et
3145 1737 3325 1777 rermn
3369 1726 3654 1786 sententia.

2070 1819 2124 1864 et
2152 1824 2337 1863 eorum
2378 1811 2466 1880 qui
2490 1810 2763 1879 jurantur.
2793 1810 3117 1867 Conuincitur
3164 1813 3332 1876 enim,
3378 1814 3568 1886 inquit,
3596 1820 3659 1870 ab

2069 1901 2320 1967 omnibus,
2353 1902 2668 1970 dijudicatur
2697 1904 2758 1957 ab
2786 1905 3017 1958 omnibus
3045 1921 3063 1959 :
3094 1915 3140 1960 et
3169 1907 3242 1959 sic
3269 1908 3467 1961 occulta
3492 1909 3660 1963 cordis

2067 1995 2178 2064 ejus
2206 1994 2472 2065 manifesta
2497 1995 2647 2062 fiunt,
2674 2006 2720 2049 et
2742 1997 2814 2049 ita
2829 1998 3013 2050 cadens
3038 1996 3124 2051 ille
3145 1998 3195 2051 in
3224 2000 3404 2069 facient
3424 2001 3657 2054 adorabit

2068 2083 2254 2148 Deum,
2286 2087 2619 2153 pronuntians
2647 2089 2782 2158 quod
2812 2105 2921 2142 vere
2946 2088 3086 2143 Deus
3113 2089 3164 2144 in
3195 2089 3330 2144 vobis
3356 2092 3441 2146 sit.
3474 2092 3658 2147 Viden‘

2067 2177 2210 2247 quod
2241 2176 2344 2232 hoc
2373 2178 2586 2247 quidem
2619 2179 2690 2233 sit
2720 2179 3112 2236 indubitatum?
3137 2182 3270 2241 Nam
3297 2184 3402 2239 illic
3436 2185 3653 2254 quidem

2065 2270 2135 2327 de
2158 2286 2224 2326 eo
2253 2271 2394 2340 quod
2433 2270 2495 2326 ﬁt
2521 2273 2830 2343 ambigitur,
2873 2285 2928 2329 et
2956 2275 3220 2346 quiSpiam
3259 2292 3326 2332 ex
3357 2276 3658 2334 inﬁdelibus

2068 2362 2119 2417 id
2150 2362 2494 2434 adscripserit
2532 2365 2792 2421 insaniae:
2822 2367 2912 2423 hic
2940 2378 3121 2424 autem
3151 2369 3285 2424 nihil
3329 2371 3433 2426 erit
3472 2370 3658 2440 hujus-

2065 2453 2233 2522 modi,
2257 2454 2433 2512 sedet
2470 2455 2824 2512 admirabitur
2848 2467 2902 2514 et
2929 2458 3194 2524 adorabit,
3229 2460 3386 2516 factis
3425 2463 3654 2532 primum

2063 2544 2348 2612 confitens,
2371 2545 2567 2605 deinde
2589 2547 2750 2602 etiam
2773 2550 2970 2606 verbis.
2990 2550 3079 2606 Sic
3101 2552 3263 2606 etiam
3300 2551 3656 2608 Nabuchodo-

2064 2654 2227 2695 nosor
2253 2640 2418 2696 Deum
2445 2639 2688 2698 adoravit
2709 2641 2933 2698 dicens:
2971 2642 3039 2698 In
3065 2645 3270 2700 veritate
3313 2645 3449 2700 Deus
3491 2659 3650 2702 vester

2063 2732 2172 2803 ipse
2199 2742 2271 2787 est
2291 2731 2431 2788 Deus
2457 2734 2685 2789 revetans
2717 2736 2978 2806 mysteria,
3001 2738 3242 2806 quoniam
3273 2739 3482 2808 potuisti
3511 2755 3650 2793 reve-

2063 2825 2172 2879 lare
2200 2824 2490 2895 mysterium
2517 2827 2656 2882 istud
2676 2825 2838 2899 (Dan.
2867 2830 2922 2882 2.
2963 2829 3077 2899 47).
3110 2829 3354 2884 Vidistiu‘
3384 2831 3489 2886 vim
3526 2847 3652 2901 pro-

2065 2916 2280 2986 phetiae,
2312 2917 2582 2987 quomodo
2627 2917 2860 2975 ferocem
2908 2921 3057 2975 illum
3101 2924 3384 2979 mutaverit
3413 2935 3467 2979 et
3500 2926 3651 2979 insti-

2064 3009 2226 3065 tuerit
2244 3018 2297 3064 et
2316 3011 2382 3065 ad
2411 3010 2567 3066 fidem
2595 3011 2874 3068 deduxerit
2889 3014 2912 3068 ?
2926 3013 3019 3070 26a
3041 3014 3177 3082 Quid
3197 3033 3315 3088 ergo
3326 3017 3610 3087 est,[ratres
3628 3022 3660 3082 1',

2063 3102 2192 3158 Cum
2217 3104 2513 3171 convenitis,
2561 3108 2903 3178 unusquisque
2943 3117 3164 3162 vestrum
3204 3111 3455 3179 psalmum
3485 3113 3648 3172 habet,

2063 3195 2346 3249 doctrinam
2375 3196 2543 3262 habet,
2593 3198 2820 3268 linguam
2869 3197 3035 3265 habet,
3088 3201 3436 3254 reuelationem
3482 3202 3647 3265 Imber,

2062 3289 2526 3358 interpretationem
2556 3291 2703 3345 habet
2741 3307 2758 3345 :
2793 3294 2963 3346 omnia
2997 3293 3066 3346 ad
3087 3293 3474 3362 aediﬁcationem
3500 3295 3647 3363 ﬁunt.

2065 3380 2310 3435 Vidistin’
2361 3382 2756 3438 Cbristianismi
2806 3384 3217 3439 fundamentum
3269 3394 3323 3439 et
3370 3386 3652 3455 regulam?

2061 3472 2210 3528 Sicut
2231 3473 2374 3529 enim
2403 3484 2486 3530 est
2507 3476 2730 3530 artificis
2766 3475 3001 3530 ofﬁcium
3034 3475 3320 3540 aediﬁcare,
3375 3478 3446 3530 ita
3485 3479 3649 3530 etiam

2063 3564 2354 3621 Christiani
2405 3567 2664 3636 proximis
2711 3583 2807 3637 per
2847 3569 3028 3622 omnia
3078 3568 3358 3638 prodesse.
3387 3567 3650 3635 Quoniam

2063 3669 2239 3715 autem
2272 3660 2326 3714 in
2352 3659 2552 3715 donum
2579 3660 2736 3716 valde
2761 3670 2842 3715 est
2870 3662 3132 3725 invectus,
3160 3677 3228 3717 ne
3257 3662 3504 3718 videatur
3529 3678 3650 3717 esse

2063 3765 2556 3820 supervacaneum;
2586 3768 2774 3808 eorum
2816 3754 2958 3808 enim
3001 3753 3195 3809 fastum
3234 3756 3421 3809 volens
3470 3755 3652 3824 depri-

2063 3859 2238 3910 mere,
2282 3845 2385 3899 hoc
2407 3845 2578 3899 solum
2608 3845 2760 3900 fecit:
2786 3862 2974 3901 rursus
2996 3848 3168 3917 ipsum
3194 3863 3314 3903 cum
3337 3849 3456 3902 aliis
3482 3865 3653 3902 annuo

2063 3945 2252 3998 morat,
2287 3935 2508 3990 dicens:
2537 3933 2803 3990 Psalmum
2837 3937 3004 4003 habet,
3035 3939 3319 3992 doctrinam
3347 3939 3511 4003 habet,
3553 3939 3654 3992 lin-

2064 4045 2218 4097 guam
2251 4026 2416 4081 habet.
2450 4027 2663 4083 Etenim
2693 4029 2929 4099 psalmos
2955 4029 3085 4084 olim
3114 4028 3380 4084 faciebant
3420 4045 3485 4083 ex
3524 4031 3653 4082 cha-

2066 4120 2284 4174 rismate
2317 4135 2411 4175 seu
2437 4119 2600 4185 dono,
2631 4129 2686 4174 et
2727 4119 2992 4174 docebant
3033 4136 3099 4175 ex
3128 4121 3275 4176 dono
3300 4140 3314 4176 :
3343 4120 3437 4175 sed
3475 4129 3653 4174 tamen

2067 4212 2184 4268 haec
2211 4211 2410 4276 omnia,
2463 4211 2650 4281 inquit,
2707 4209 2774 4265 ad
2819 4218 2984 4265 unum
3015 4211 3318 4281 aspiciant,
3367 4225 3556 4282 nempe
3586 4210 3653 4264 ad

2066 4303 2298 4374 proximi
2324 4302 2713 4357 correctionem
2742 4319 2755 4354 :
2789 4301 2921 4356 nihil
2966 4303 3057 4357 fiat
3097 4310 3305 4359 temere
3333 4313 3386 4359 et
3417 4303 3653 4358 inconsi-

2065 4396 2270 4452 derate.
2299 4395 2355 4450 Si
2381 4395 2522 4451 enim
2549 4411 2656 4450 non
2683 4395 2894 4450 accedis
2923 4395 3140 4452 fratrem
3162 4396 3655 4464 mdiﬁcaturus,cur

2065 4490 2312 4544 accedis?
2331 4489 2444 4544 Non
2474 4504 2660 4560 magna
2691 4504 2721 4542 a
2749 4504 2835 4543 me
2866 4487 3092 4546 habetur
3115 4492 3252 4546 ratio
3271 4491 3653 4547 charismatum

2066 4581 2380 4637 differentiae
2407 4598 2419 4633 :
2450 4596 2614 4635 unum
2649 4588 2736 4634 est
2776 4580 2908 4635 mihi
2955 4597 3121 4646 curre,
3165 4590 3220 4637 ct
3261 4595 3423 4638 unum
3470 4593 3552 4638 est
3601 4583 3652 4637 in

2065 4674 2208 4744 quod
2236 4689 2414 4729 meum
2449 4679 2591 4744 peno
2615 4673 2871 4740 studium,
2906 4691 3100 4746 nempe
3130 4685 3187 4732 ιιι
3225 4679 3402 4732 omnia
3432 4676 3562 4731 ﬁant
3589 4677 3655 4731 ad

2066 4767 2496 4822 tediﬁcationem.
2528 4765 2604 4822 lta
2643 4768 2806 4823 etiam
2839 4769 2929 4838 qui
2973 4784 3194 4839 parvum
3244 4768 3403 4822 habet
3431 4769 3654 4833 donum,

2067 4875 2192 4917 eum
2216 4861 2306 4932 qui
2336 4877 2587 4933 magnum
2627 4862 2787 4918 habet
2811 4863 3085 4932 superabit
3109 4877 3172 4917 ac
3213 4863 3654 4932 prretervchetur,

2068 4955 2113 5010 si
2143 4955 2245 5010 hoc
2269 4955 2428 5010 adsit.
2460 4955 2748 5024 Propterea
2769 4956 2912 5010 enim
2942 4963 3066 5009 sunt
3089 4954 3250 5020 dona,
3286 4965 3340 5010 ut
3373 4959 3656 5028 unusquis-

2069 5062 2172 5116 que
2201 5045 2516 5102 aedificetur.
2544 5045 2603 5099 Si
2631 5045 2733 5100 hoc
2761 5046 2904 5100 enim
2943 5061 3048 5102 non
3094 5045 3290 5102 factum
3334 5047 3510 5116 fuerit,
3556 5051 3660 5104 erit

2068 5139 2267 5193 donum
2288 5139 2336 5194 ei
2353 5139 2441 5208 qui
2459 5137 2680 5209 accepit,
2699 5138 2767 5193 ad
2783 5138 3304 5196 condemnationem.
3328 5140 3462 5208 Quid
3485 5143 3652 5206 enim,

2068 5230 2157 5286 dic
2176 5229 2328 5297 mihi,
2362 5229 2581 5300 prodest
2607 5229 2972 5300 pr0pbetare?
3000 5231 3128 5302 quid
3155 5245 3284 5288 vero
3305 5243 3547 5288 mortuos
3563 5247 3654 5287 ex-

2070 5324 2258 5390 citare,
2299 5338 2420 5377 cum
2466 5322 2643 5377 nullus
2671 5323 2742 5378 sit
2768 5323 2860 5394 qui
2887 5323 3156 5381 lucretur?
3187 5326 3245 5382 Si
3273 5326 3357 5380 hic
3385 5337 3467 5384 est
3498 5341 3660 5395 porro

2071 5415 2334 5471 donorum
2363 5413 2503 5480 ﬁnis,
2536 5413 2663 5469 licet
2687 5423 2864 5470 autem
2891 5417 3051 5470 etiam
3081 5416 3191 5471 alio
3207 5415 3368 5470 modo
3396 5416 3497 5472 hoc
3521 5433 3654 5471 con-

2052 5510 2232 5581 ,ﬁcere
2255 5508 2457 5580 absque
2491 5506 2666 5572 donis,
2695 5522 2766 5561 ne
2793 5516 3014 5576 propter
3043 5505 3189 5575 signa
3221 5507 3465 5563 efferaris
3493 5521 3549 5564 et
3573 5511 3626 5565 in
3645 5541 3658 5552 -

2073 5604 2330 5670 solescas,
2370 5617 2546 5674 neque
2573 5610 2625 5660 te
2651 5599 2906 5656 miserum
2934 5615 3054 5657 esse
3095 5599 3394 5668 existimes,
3421 5604 3563 5671 quod
3583 5606 3661 5658 sis

2073 5697 2484 5754 eharismatibus
2511 5694 2767 5766 privatus.
2799 5694 2890 5749 ‘27.
2924 5693 3044 5749 Sive
3070 5693 3246 5763 tinguo
3271 5696 3383 5764 quis
3419 5695 3661 5766 loquitur,

2078 5790 2352 5847 secundum
2383 5789 2509 5844 duas
2537 5828 2550 5854 ,
2590 5796 2679 5842 aut
2718 5796 2772 5840 ut
2803 5787 3015 5843 multum
3054 5795 3154 5840 tres
3191 5793 3238 5838 et
3278 5803 3370 5853 per
3399 5795 3592 5858 partes,
3617 5793 3663 5842 et

3234 5885 3313 5944 20
