4112 6224
529 297 620 353 5H

525 427 657 465 unus
684 410 1055 476 interpretetur.
1097 404 1188 457 98.
1221 402 1279 453 Si
1303 408 1466 452 autent
1507 414 1606 450 nou
1634 396 1782 464 fuerit
1817 395 2059 462 interpres
2084 433 2096 452 .

517 512 687 557 taceat
713 503 764 556 in
788 499 1017 561 ecclesia,
1045 496 1137 551 sibi
1159 503 1325 547 autem
1352 492 1586 560 loquatur
1607 499 1651 543 et
1689 489 1816 542 Deo.
1859 487 1992 553 Quid
2020 484 2102 538 dio

522 594 620 659 cis,
651 590 875 663 quaeso?
901 603 1021 643 cum
1048 585 1116 640 de
1153 582 1346 654 linguis
1375 593 1479 636 tam
1523 582 1687 636 multa
1718 578 1941 643 dixeris,
1964 575 2102 646 quod

524 684 575 739 id
602 684 671 738 sit
697 681 899 745 inutile,
923 676 1064 748 quod
1085 689 1558 746 supervacaneum,
1583 673 1686 727 nisi
1711 671 1904 726 habeat
1933 669 2102 723 inter-

515 784 749 846 pretem,
783 785 964 824 rursus
1004 769 1160 837 jubes
1200 768 1344 839 loqui
1378 765 1612 836 linguis?
1643 763 1757 819 Non
1796 761 1981 833 jubeo,
2023 760 2106 814 in-

523 865 655 934 quit,
690 861 783 917 sed
814 875 913 916 nec
951 858 1212 930 prohibeo
1242 875 1255 922 ;
1287 869 1345 914 ut
1378 857 1590 929 quando
1616 855 1764 921 dicit,
1801 853 1860 910 Si
1883 853 1996 923 quis
2017 866 2105 905 vos

511 964 660 1009 pacat
686 953 990 1022 inﬁdelium,
1017 960 1063 1006 et
1088 951 1239 1006 uultis
1263 951 1336 1004 ire
1355 949 1430 1020 (i.
1454 947 1572 1005 Cor.
1602 946 1690 1004 10.
1716 944 1832 1015 27),
1866 960 1971 999 non
2002 943 2105 997 hoc

425 1041 437 1052 ’
508 1046 649 1100 dicit
679 1045 850 1115 legem
881 1043 1060 1099 ferens
1082 1051 1140 1097 ut
1166 1057 1280 1109 eas,
1312 1039 1405 1096 sed
1431 1055 1604 1110 neque
1625 1037 1890 1099 retinens;
1924 1035 1992 1089 ita
2016 1034 2104 1088 hic

509 1138 706 1204 etiam,
738 1135 850 1191 Sibi
877 1144 1041 1189 autem
1073 1135 1310 1204 loquatur
1337 1141 1386 1186 et
1413 1130 1545 1186 Deo.
1577 1129 1635 1186 Si
1663 1145 1769 1185 non
1800 1135 1993 1199 potest,
2021 1127 2103 1182 in-

519 1229 652 1296 quit,
689 1235 885 1292 tacere,
911 1225 1006 1281 sed
1031 1235 1112 1280 est
1132 1224 1265 1278 adeo
1287 1223 1505 1278 honoris
1532 1231 1585 1276 et
1607 1219 1782 1275 inanis
1809 1217 1992 1290 gloria:
2011 1231 2102 1272 cu~

521 1321 697 1390 pidus,
735 1317 876 1388 apud
923 1332 982 1372 se
1020 1316 1286 1386 loquatur.
1323 1315 1498 1381 Quare
1537 1313 1641 1369 hoc
1683 1313 1801 1382 ipso
1839 1311 1980 1381 quod
2025 1311 2102 1365 sic

521 1413 782 1482 permisit,
817 1410 1102 1480 prohibuit,
1139 1419 1195 1463 ut
1220 1409 1307 1478 qui
1332 1407 1533 1478 pudore
1559 1405 1819 1463 aﬂ'ecerit.

591 1504 645 1558 4.
675 1502 827 1571 Quod
843 1502 1004 1558 etiam
1035 1499 1164 1556 facit
1186 1501 1308 1556 alibi
1335 1499 1606 1556 disserens
1630 1498 1697 1555 de
1716 1498 2102 1555 consuetudine

517 1611 642 1651 cum
673 1608 858 1661 uxore,
891 1602 945 1649 et
973 1593 1158 1648 dicens
1186 1611 1198 1646 :
1235 1591 1346 1646 Hoc
1371 1600 1536 1646 autem
1565 1593 1678 1645 dico
1698 1600 1901 1663 propter
1927 1593 2102 1646 incon-

523 1686 782 1741 tinentiam
804 1693 1017 1739 vestram
1043 1683 1118 1756 (l.
1147 1683 1264 1738 Cor.
1298 1683 1371 1752 7).
1401 1682 1504 1738 Sed
1536 1683 1750 1750 quando
1774 1682 1841 1739 de
1863 1683 2098 1753 prophe-

521 1781 591 1834 tia
633 1778 972 1847 loquebatur,
1003 1790 1108 1831 non
1138 1776 1216 1830 sic
1245 1773 1378 1830 dixit
1403 1791 1418 1841 ;
1464 1773 1558 1829 sed
1586 1774 1899 1844 quomodo?
1925 1773 2099 1845 Impe-

443 1869 446 1872 ’
517 1870 688 1925 rando
715 1877 769 1923 et
793 1869 963 1938 legem
992 1865 1213 1922 ferendo
1242 1884 1256 1920 :
1285 1864 1555 1934 Propheta:
1579 1874 1748 1920 autem
1771 1865 1871 1920 duo
1897 1875 1985 1919 aut
2001 1874 2098 1920 tres

519 1961 810 2030 loquantur.
842 1958 911 2013 Et
935 1971 1194 2027 nusquam
1222 1956 1308 2011 hic
1323 1957 1512 2026 quierit-
1537 1956 1900 2026 interpretem,
1926 1971 2098 2027 neque

518 2066 580 2106 os
603 2049 834 2105 obstruit
863 2048 1221 2120 prophetanti,
1250 2049 1389 2104 sicut
1410 2048 1536 2114 illic,
1567 2047 1750 2104 dicens
1775 2067 1789 2103 :
1818 2047 1881 2104 Si
1909 2065 2008 2103 non
2033 2051 2097 2104 sit

517 2143 785 2212 interpres,
822 2149 1003 2194 taceat.
1053 2139 1235 2210 Neque
1275 2139 1421 2194 enim
1456 2138 1651 2194 sufficit
1696 2140 1742 2193 is
1784 2139 1874 2210 qui
1918 2139 2095 2211 lingua

518 2234 769 2301 loquitur.
804 2232 1168 2300 Quamobrem
1211 2233 1256 2287 si
1299 2232 1420 2302 quis
1448 2230 1639 2287 habeat
1683 2240 1965 2302 utrumque
1997 2233 2096 2288 do-

509 2341 640 2380 num
659 2368 672 2392 ,
702 2325 984 2393 loquatur;
1013 2324 1057 2379 si
1085 2331 1262 2378 autem
1290 2339 1394 2377 non
1419 2323 1610 2377 habeat
1628 2364 1642 2390 ,
1673 2324 1787 2378 vult
1811 2333 1995 2379 autem
2014 2322 2095 2379 lo-

514 2418 624 2488 qui,
653 2431 773 2472 cum
819 2417 1116 2486 interprete
1155 2413 1258 2469 hoc
1302 2413 1476 2468 faciat.
1524 2413 1792 2485 Propheta
1834 2414 1979 2469 enim
2015 2424 2097 2470 est

514 2509 800 2578 interpres,
833 2507 928 2563 sed
966 2506 1081 2574 Dei,
1114 2514 1168 2561 tu
1198 2514 1376 2561 autem
1416 2504 1666 2560 hominis.
1716 2505 1778 2561 Si
1800 2515 1968 2560 autem
1995 2522 2095 2561 non

511 2599 576 2653 sit
619 2599 887 2667 interpres,
935 2605 1119 2652 taceat.
1168 2595 1309 2650 Nihil
1348 2595 1492 2650 enim
1535 2609 1932 2665 supervacanea
1979 2595 2095 2651 ﬂeri

513 2697 746 2758 oportet,
793 2687 924 2744 nihil
969 2687 1039 2742 ad
1072 2687 1424 2742 ambitionem
1469 2695 1526 2742 et
1573 2687 1794 2743 honoris
1839 2687 2094 2744 studium.

513 2781 623 2836 Sibi
643 2789 811 2834 autem
838 2781 1073 2850 loquatur
1101 2789 1148 2833 et
1172 2778 1313 2845 Deo;
1339 2780 1441 2835 hoc
1467 2787 1570 2845 est,
1593 2780 1646 2834 in
1668 2789 1868 2846 mente,
1893 2789 1948 2836 et
1973 2794 2096 2836 sen-

511 2871 612 2925 sim
638 2880 694 2926 et
711 2871 914 2940 absque
937 2871 1184 2941 strepitu,
1213 2870 1256 2924 si
1285 2870 1434 2924 velit.
1475 2869 1590 2925 Non
1614 2879 1697 2926 est
1725 2871 1872 2926 enim
1893 2870 1994 2926 hoc
2013 2871 2093 2925 le-

509 2977 630 3033 gem
670 2962 914 3026 ferentis,
959 2961 1057 3017 sed
1101 2961 1240 3017 forte
1278 2961 1456 3031 potius
1491 2960 1750 3031 pudorem
1787 2961 2094 3020 incutientis

509 3071 608 3128 per
632 3054 1056 3121 concessionem,
1086 3054 1225 3109 sicut
1264 3052 1477 3124 quando
1505 3053 1654 3122 dicit,
1702 3053 1764 3109 Si
1790 3056 1902 3121 quis
1929 3065 2094 3111 autem

511 3149 686 3214 esurit,
717 3144 1187 3218 domicomedat(l.
1217 3144 1338 3202 Cor.
1366 3147 1455 3200 il.
1487 3146 1578 3218 δι)
1600 3163 1616 3212 ;
1641 3155 1833 3204 etcum
1853 3148 2095 3205 videatur

512 3240 829 3308 concedere,
873 3253 939 3295 eo
981 3239 1099 3309 ipso
1141 3239 1289 3294 illum
1337 3240 1504 3310 tangit
1546 3239 1742 3294 acrius.
1792 3239 1908 3296 Non
1949 3242 2091 3297 enim

514 3335 653 3400 ideo,
696 3333 886 3405 inquit,
918 3331 1236 3398 convenitis,
1278 3339 1338 3387 ut
1375 3345 1470 3386 vos
1500 3331 1639 3386 dona
1683 3331 1884 3388 habere
1911 3342 2094 3390 osten-

512 3426 670 3489 datis,
701 3424 796 3480 sed
827 3432 883 3479 ut
907 3437 1002 3478 eos
1039 3423 1128 3493 qui
1164 3420 1386 3477 audiunt
1417 3421 1694 3479 aediﬁcetis
1719 3443 1731 3476 :
1762 3425 1908 3496 quod
1931 3427 2091 3481 etiam

509 3518 646 3573 dixit
670 3516 847 3582 initio,
894 3513 1079 3570 Omnia
1105 3515 1176 3569 ad
1204 3514 1594 3584 aediﬁcatione»:
1639 3516 1787 3584 ﬁant.
1834 3516 1925 3570 29.
1963 3517 2095 3572 Pro-

511 3609 678 3678 phetas
702 3617 871 3662 autem
897 3607 1001 3661 duo
1040 3615 1130 3660 aut
1167 3615 1266 3661 tres
1303 3607 1495 3673 dicant,
1533 3618 1576 3662 et
1600 3609 1768 3663 elateri
1793 3610 2090 3682 dijudicent.

513 3700 783 3770 Nusquam
827 3697 1113 3769 plurimum
1145 3697 1322 3768 posuit
1355 3698 1493 3754 sicut
1535 3700 1587 3754 in
1620 3700 1833 3771 linguis.
1868 3702 1936 3757 Et
1968 3704 2093 3773 quid

513 3795 634 3858 hoc,
669 3792 916 3864 inquies?
945 3805 1118 3862 neque
1159 3791 1302 3848 enim
1332 3791 1686 3848 sufficientem
1717 3793 1950 3850 ostendit
1973 3810 2095 3852 esse

512 3886 871 3956 prophetiam,
903 3885 948 3940 si
975 3884 1094 3940 aliis
1122 3885 1384 3954 permittit
1403 3885 1683 3956 judicium.
1717 3885 1830 3942 lmo
1858 3903 1989 3944 vero
2015 3895 2097 3945 est

512 3977 669 4032 valde
696 3975 968 4032 sufﬁciens
995 3992 1010 4029 :
1043 3991 1217 4046 neque
1261 3975 1406 4030 etiim
1455 3976 1579 4031 huic
1621 3977 1759 4033 sicut
1796 3978 1876 4032 illi
1907 3993 1970 4034 os
1995 3980 2093 4036 ob-

511 4071 728 4133 struxit,
755 4078 809 4124 et
831 4069 1096 4125 silentium
1128 4068 1337 4134 indixit,
1367 4070 1415 4125 si.
1439 4085 1544 4127 non
1566 4073 1634 4127 sit
1658 4073 1746 4143 qui
1774 4073 2096 4144 interprete-

511 4171 633 4227 tur;
663 4175 837 4232 neque
861 4160 1000 4215 sicut
1022 4160 1091 4217 de
1120 4159 1212 4215 illo
1238 4159 1393 4229 dixit,
1425 4159 1488 4217 Si
1511 4179 1611 4218 non
1639 4164 1702 4218 sit
1725 4164 1988 4236 interpres,
2014 4177 2096 4220 ta-

512 4261 621 4306 ceat
651 4267 668 4306 :
699 4256 772 4306 ita
796 4251 868 4305 de
892 4250 992 4306 hoc
1016 4265 1250 4322 quoque,
1273 4249 1332 4306 Si
1358 4266 1467 4306 non
1494 4253 1561 4307 sit
1586 4254 1677 4324 qui
1709 4253 2000 4324 discernat,
2030 4273 2097 4314 ne

516 4344 838 4415 prophetet;
879 4343 976 4400 sed
1013 4344 1186 4400 solum
1226 4345 1420 4401 muniit
1457 4346 1781 4402 auditorem.
1815 4348 1928 4405 Hoc
1953 4349 2095 4405 enim

515 4437 650 4493 dixit
683 4437 749 4492 ad
777 4451 873 4494 eos
905 4436 1203 4494 monendos
1229 4445 1289 4493 ut
1325 4447 1601 4504 caverent,
1635 4454 1702 4494 ne
1736 4439 1874 4496 inter
1897 4457 1990 4498 eos
2017 4442 2099 4497 in-

513 4537 760 4587 curreret
798 4537 948 4585 vates
983 4543 1047 4585 ac
1075 4529 1362 4585 divinator.
1394 4529 1527 4585 Nam
1557 4530 1803 4587 etiamin
1835 4533 2098 4603 principio

517 4628 621 4682 hoc
641 4624 797 4695 jussit
825 4637 1018 4680 cavere
1038 4664 1052 4688 ,
1083 4621 1303 4694 quando
1339 4622 1692 4679 divinationis
1721 4634 1779 4680 et
1804 4625 2099 4696 prophetia:

515 4719 696 4774 attulit
722 4715 1114 4780 differentiam;
1145 4723 1202 4772 et
1223 4729 1366 4770 nunc
1394 4714 1569 4784 ipsum
1603 4713 1753 4784 jubet
1791 4715 2100 4774 discernere

516 4822 573 4868 et
599 4811 964 4876 considerare,
985 4823 1054 4866 ne
1077 4807 1206 4881 quid
1234 4808 1436 4878 irrepat
1458 4806 1803 4863 diabolioum.
1831 4808 1922 4865 50.
1948 4808 2100 4876 Quod

516 4903 562 4957 si
587 4903 676 4957 alii
698 4907 970 4958 revelatum
1009 4901 1074 4956 sit
1101 4900 1310 4967 sedenti,
1343 4899 1484 4970 prior
1519 4907 1699 4955 taceat.
1748 4900 1838 4956 5t.
1883 4899 2101 4958 Potestis

519 4993 654 5046 enim
683 5009 852 5047 omnes
877 5008 968 5061 per
995 4993 1223 5064 singulos
1249 4992 1572 5063 praphetare,
1600 5001 1660 5046 ut
1694 5007 1866 5048 omnes
1904 4993 2102 5049 discant

519 5091 568 5185 et
585 5082 1118 5185 autne‘exhprtentur.
1150 5082 1289 5185 Quid
1311 5082 1556 5185 estquod
1576 5082 1776 5185 dictum
1803 5094 1890 5185 est
1907 5086 1930 5140 ?
1948 5085 2002 5142 Si
2027 5094 2098 5156 te,

520 5173 714 5246 inquit,
739 5171 1094 5245 prophetante
1120 5181 1173 5229 et
1197 5173 1470 5244 loquente,
1495 5176 1715 5236 alterius
1735 5178 2100 5249 spiritus-eum

519 5267 855 5333 excitaverit,
891 5275 1007 5323 tace
1032 5265 1102 5324 de
1128 5275 1350 5323 uetere.
1389 5267 1546 5335 Quod
1562 5271 1708 5326 enim
1736 5273 1870 5328 dixit
1903 5273 1970 5328 de
1995 5273 2102 5328 lin-

524 5364 664 5434 guis,
695 5362 799 5420 hoc
819 5361 907 5417 hie
931 5375 1144 5432 quoque
1167 5358 1334 5430 exigit
1358 5369 1417 5416 ut
1443 5360 1535 5416 list
1565 5363 1858 5434 sigillatim,
1893 5365 1998 5420 sed
2017 5364 2103 5420 hic

521 5454 756 5510 divinius
783 5471 798 5508 :
825 5468 932 5510 non
980 5452 1116 5509 dixit
1148 5451 1314 5521 enim,
1345 5451 1649 5524 Sigillatim,
1676 5455 1793 5523 sed,
1835 5455 1898 5512 Si
1922 5456 2011 5510 alii
2039 5457 2104 5518 sit

523 5546 817 5600 revelatum.
847 5542 995 5614 Quid.
1016 5545 1157 5600 enim
1187 5543 1361 5600 adhuc
1385 5559 1524 5614 epus
1539 5553 1705 5609 esset,
1727 5560 1854 5602 cum
1876 5545 1963 5600 hic
1987 5561 2106 5601 mo.

524 5647 712 5690 veatur
758 5637 824 5691 ad
867 5637 1230 5706 prophetiam,
1273 5636 1423 5690 illum
1463 5635 1683 5692 dicere?
1724 5637 1794 5692 At
1830 5645 2105 5706 oporteret

528 5727 815 5796 utrosque?
843 5725 952 5784 Sed
973 5741 1058 5782 res
1086 5735 1229 5784 esset
1255 5727 1482 5783 absurda
1513 5737 1562 5785 et
1586 5727 1825 5785 confusa.
1857 5731 1920 5784 At
1951 5732 2068 5801 prio
2089 5762 2102 5775 -

1321 276 1596 335 JOANNIS
1633 271 2105 330 CllltYSOSTOMI
2147 269 2457 325 AltClllEP.
2498 265 3035 324 CONSTANTINOP.

3689 258 3788 313 ME!

2214 388 2364 452 rem?
2391 388 2454 442 Et
2483 388 2583 442 hoc
2612 402 2823 458 quoque
2853 383 3163 440 absurdum.
3188 381 3475 451 Propterea
3503 377 3669 444 enim,
3699 378 3792 433 illo

2208 484 2438 548 dicente,
2467 486 2609 540 hunc
2648 484 2898 540 movebat
2930 482 3182 552 Spiritus,
3210 489 3269 533 ut
3293 477 3378 531 hic
3405 468 3617 544 quoque
3636 472 3788 527 dice-

2207 589 2289 634 ret
2314 578 2530 646 aliquid.
2567 579 2766 633 Deinde
2790 576 3073 631 consolans
3093 587 3237 632 eum,
3258 571 3343 626 cui
3365 582 3427 624 os
3447 567 3546 622 fuit
3573 566 3788 620 obstru-

2207 677 2374 736 clum,
2400 669 2528 724 dicit
2557 685 2570 722 :
2601 668 2821 723 Potestis
2840 667 2972 721 enim
2993 679 3163 719 omnes
3181 661 3442 733 sigillati»:
3463 657 3780 729 prophetare,

2209 769 2262 814 ut
2287 776 2456 814 omnes
2481 761 2674 815 discant
2703 770 2749 814 et
2773 775 2944 816 omnes
2961 757 3298 812 consolentur.
3329 752 3489 808 Vides
3516 750 3787 821 quomodo

2207 866 2392 908 rursus
2415 852 2570 908 affert
2607 867 2841 917 causam,
2889 858 3108 922 propter
3135 836 3293 918 quam
3325 844 3451 900 facit
3479 842 3697 900 omnia?
3725 842 3784 898 Si

2207 945 2348 999 cnim
2376 960 2520 1012 eum,
2549 946 2637 1016 qui
2671 945 2864 1016 linguis
2899 944 3154 1014 loquitur,
3187 940 3408 996 omnino
3433 937 3677 1009 prohibet
3699 938 3786 992 di-

2206 1051 2351 1104 cere,
2379 1038 2591 1109 quando
2634 1053 2740 1093 non
2774 1037 2936 1093 habet
2974 1038 3339 1108 interpretem,
3376 1042 3592 1104 propter
3620 1031 3785 1086 inuti.

2207 1131 2408 1187 litatem
2439 1151 2452 1187 :
2482 1134 2675 1188 merito
2703 1134 2863 1189 etiam
2901 1131 3260 1202 prophetiam,
3307 1129 3353 1184 si
3397 1128 3502 1183 hoc
3541 1141 3649 1182 non
3688 1125 3784 1178 ba-

2206 1221 2345 1287 beat,
2377 1223 2472 1278 sed
2520 1223 2887 1279 confusionem
2936 1222 3092 1278 faciat
3130 1229 3186 1277 et
3229 1218 3688 1276 conturbationem
3729 1225 3786 1270 et

2207 1315 2485 1371 tumultum
2512 1315 2896 1386 importunum,
2918 1314 3070 1385 jubet
3085 1312 3354 1368 cohibere.
3373 1309 3460 1365 '52.
3488 1308 3554 1362 Et
3573 1307 3782 1378 spiritus

2206 1407 2565 1477 prapltetarum
2611 1408 2869 1479 prop/telis
2904 1406 3114 1477 subjecti
3155 1411 3293 1459 sunt.
3342 1400 3586 1457 Vidistiu’
3622 1412 3781 1469 quam

2204 1499 2548 1555 vehementer
2569 1509 2624 1556 et
2653 1499 2965 1555 terribiliter
2984 1512 3106 1553 eum
3129 1495 3332 1566 pudore
3353 1492 3628 1549 olfecerit?
3649 1491 3780 1545 Nam

2205 1607 2272 1647 ne
2296 1590 2585 1647 contendat
2610 1589 2770 1646 homo
2798 1599 2853 1645 et
2891 1589 3208 1644 seditionem
3237 1587 3420 1656 agitet,
3467 1585 3638 1654 ipsum
3682 1582 3782 1636 do-

2204 1697 2328 1737 num
2355 1681 2588 1737 ostendit
2617 1681 2805 1754 subjici
2838 1698 2851 1735 :
2877 1681 3120 1750 spiritum
3143 1679 3285 1734 enim
3312 1677 3399 1732 hic
3427 1685 3579 1731 vocat
3595 1689 3785 1745 opera.

2204 1777 2421 1831 tionem.
2446 1776 2501 1831 Si
2530 1785 2707 1832 autem
2735 1775 2952 1845 spiritus
2975 1776 3268 1844 subjicitur,
3295 1773 3462 1828 multo
3485 1771 3653 1840 magis
3676 1785 3780 1824 non

2201 1884 2410 1940 thuum
2441 1878 2522 1926 est
2552 1879 2608 1925 ut
2650 1881 2726 1937 tu,
2772 1870 2863 1940 qui
2909 1868 3172 1938 possides,
3219 1864 3533 1921 contendas.
3579 1863 3782 1917 Deinde

2202 1959 2434 2015 ostendit
2462 1960 2602 2031 quod
2635 1959 2735 2014 hoc
2761 1974 2971 2030 quoque
2996 1958 3062 2012 sit
3091 1958 3200 2012 Deo
3228 1964 3525 2026 acceptum,
3557 1952 3780 2021 subjun-

2201 2067 2332 2124 gens
2355 2061 2410 2109 et
2441 2054 2627 2110 dicens
2669 2072 2683 2108 :
2712 2054 2799 2109 53.
2845 2051 2967 2106 Νοη
3005 2051 3138 2105 enim
3166 2048 3489 2104 dissensionis
3512 2055 3584 2100 est
3620 2044 3778 2106 Deus,

2201 2145 2290 2200 sed
2312 2145 2470 2214 pacis,
2505 2146 2637 2199 sicut
2651 2155 2698 2199 et
2721 2145 2774 2199 in
2801 2144 3031 2199 omnibus
3050 2141 3272 2196 ecclesiis
3293 2149 3579 2196 sanctorum
3602 2139 3778 2191 doceo.

2201 2235 2450 2292 Vidistin’
2477 2245 2608 2305 quot
2655 2235 2828 2290 modis
2867 2249 2988 2289 cum
3042 2233 3094 2287 in
3144 2231 3418 2288 silentium
3455 2227 3698 2290 deduxit,
3727 2236 3782 2282 et

2199 2342 2319 2382 eum
2350 2327 2439 2397 qui
2459 2327 2611 2381 alteri
2637 2326 2779 2382 cedit
2797 2325 3106 2381 consolatus
3129 2324 3249 2379 est?
3271 2337 3364 2393 per
3385 2337 3547 2376 unum
3565 2319 3778 2390 quidem

2202 2421 2359 2492 idque
2390 2421 2737 2491 przccipuum,
2766 2435 2833 2476 ne
2859 2419 3112 2476 videlicet
3135 2419 3204 2475 ab
3233 2417 3334 2473 hoc
3354 2416 3493 2470 facto
3517 2413 3778 2469 dissolva-

2200 2519 2287 2568 tur
2315 2530 2328 2566 :
2354 2511 2574 2567 Potestis
2596 2513 2751 2579 enim,
2779 2511 2972 2582 inquit,
3000 2527 3087 2582 per
3110 2509 3334 2582 singulos
3361 2522 3532 2562 anates
3557 2503 3778 2575 preplte-

2199 2613 2348 2669 tare;
2377 2618 2472 2673 per
2495 2603 2726 2658 alterum
2746 2616 2897 2670 vero,
2941 2617 3008 2658 ex
3035 2615 3100 2657 eo
3125 2599 3268 2671 quod
3297 2596 3428 2654 illud
3454 2595 3663 2667 spiritui
3697 2593 3778 2647 vi-

2198 2693 2388 2748 deatur
2430 2712 2444 2748 :
2489 2693 2717 2761 Spiritus
2760 2695 2892 2748 enim
2933 2692 3292 2765 prapltetarnm
3327 2688 3588 2761 prophetis
3617 2685 3780 2758 subji-

2197 2787 2401 2839 ciuntur
2431 2801 2448 2839 :
2477 2794 2731 2856 praeterea
2761 2799 2826 2840 ex
2870 2801 2971 2854 eo,
3003 2784 3144 2856 quod
3190 2785 3485 2840 secundum
3528 2782 3621 2838 Dei
3658 2797 3780 2836 sen-

2200 2877 2417 2931 tentiam
2449 2877 2556 2942 sit;
2593 2875 2713 2932 Non
2751 2878 2888 2932 enim
2920 2887 2994 2932 est
3019 2877 3366 2941 dissensionis,
3394 2875 3585 2946 inquit,
3618 2873 3778 2941 Deus,

2197 2966 2286 3021 sed
2315 2967 2453 3037 pacis
2477 2982 2495 3020 :
2521 2975 2712 3036 quarto
2739 2967 2991 3038 denique,
3018 2983 3085 3022 eo
3114 2967 3256 3038 quod
3278 2968 3368 3023 lex
3399 2965 3662 3036 ejusmodi
3687 2981 3782 3036 per

2197 3057 2381 3114 orbem
2416 3059 2720 3114 universum
2753 3059 2950 3130 ubique
2975 3059 3233 3126 obtineat,
3257 3073 3359 3114 nec
3379 3057 3610 3113 alienum
3633 3058 3780 3127 quid-

2197 3163 2356 3216 quam
2387 3163 2609 3220 usquam
2639 3151 2743 3205 illis
2773 3151 3065 3220 imperetur
3096 3167 3110 3204 :
3147 3149 3238 3205 Sic
3278 3150 3430 3216 enim,
3462 3150 3556 3212 ait,
3585 3149 3635 3203 in
3665 3165 3778 3202 ont-

2199 3240 2344 3295 uibus
2371 3241 2594 3296 ecclesiis
2622 3251 2912 3296 sanctorum
2950 3242 3123 3296 doceo.
3157 3240 3294 3309 Quid
3334 3255 3462 3310 ergo
3505 3239 3590 3294 his
3617 3239 3780 3295 rebus

2200 3332 2359 3388 fuerit
2387 3333 2553 3403 magis
2581 3332 2948 3388 horrendum?
2991 3333 3200 3388 Etenim
3242 3331 3483 3387 Ecclesia
3517 3339 3642 3385 tunc
3666 3340 3781 3385 erat

2199 3425 2412 3490 caelum,
2437 3423 2636 3495 Spiritu
2661 3434 2848 3480 sancto
2871 3424 3050 3481 omnia
3080 3433 3318 3495 regente,
3348 3433 3404 3478 et
3423 3437 3778 3492 unumquem-

2199 3531 2303 3587 que
2323 3516 2478 3571 exiis
2509 3516 2600 3587 qui
2629 3529 2894 3587 praeerant
2924 3525 3174 3572 movente
3213 3525 3270 3571 ct
3315 3531 3348 3571 a
3393 3516 3504 3570 Deo
3540 3513 3779 3570 afﬂatum

2201 3605 2477 3663 reddente.
2523 3607 2629 3663 Sed
2675 3622 2817 3663 nunc
2861 3607 3073 3662 illorum
3122 3606 3384 3661 donorum
3429 3602 3668 3676 symbols
3714 3617 3781 3659 ac

2197 3698 2348 3768 signa
2390 3707 2594 3753 tantum
2644 3707 2906 3754 tenemus.
2946 3699 3078 3754 Nam
3117 3713 3261 3753 nunc
3288 3711 3500 3768 quoque
3540 3696 3648 3752 duo
3689 3705 3781 3750 aut

2201 3798 2310 3846 tres
2332 3791 2582 3857 dicimus,
2609 3799 2667 3847 et
2692 3790 2945 3856 vicissim,
2973 3801 3026 3848 et
3051 3792 3158 3846 alio
3187 3799 3394 3847 tacente
3414 3791 3548 3844 alius
3574 3789 3778 3860 incipit;

2200 3882 2294 3938 sed
2326 3882 2442 3938 hsce
2482 3893 2608 3939 sunt
2653 3891 2860 3939 tantum
2909 3884 3125 3939 illorum
3154 3884 3305 3954 signa
3329 3893 3383 3938 et
3411 3893 3776 3938 monumenta.

2201 3977 2491 4048 Pmpterea
2530 3975 2744 4047 quando
2790 3977 3150 4046 inccperimus
3187 3976 3405 4042 dicere,
3446 3974 3672 4045 populus
3696 3988 3781 4028 re-

2199 4069 2450 4140 spondet,
2477 4069 2681 4140 Spiritu
2721 4079 2846 4125 tuo:
2878 4069 3170 4126 ostendens
3194 4068 3337 4140 quod
3367 4068 3494 4124 olim
3528 4068 3610 4123 sie
3633 4067 3779 4122 diee-

2201 4161 2352 4231 bant,
2380 4177 2485 4218 non
2526 4177 2620 4217 sua
2652 4163 2784 4217 moti
2814 4161 3098 4233 sapientia,
3139 4161 3234 4218 sed
3276 4160 3498 4232 Spiritu.
3528 4159 3636 4215 Sed
3675 4175 3780 4214 non

2202 4268 2343 4309 nunc
2362 4271 2376 4320 ;
2398 4252 2466 4310 de
2487 4268 2572 4309 me
2587 4253 2697 4324 jam
2720 4255 2928 4323 loquor.

2273 4348 2326 4401 5.
2348 4345 2452 4402 Sed
2479 4346 2717 4402 Ecclesia
2740 4361 2882 4401 nunc
2900 4355 2982 4401 est
3009 4345 3200 4400 similis
3226 4344 3456 4409 mulieri,
3483 4359 3601 4416 quze
3633 4360 3664 4400 a
3692 4357 3786 4396 ve-

2196 4439 2304 4494 teri
2333 4439 2684 4509 prosperitate
2710 4438 2910 4494 excidit
2929 4478 2944 4500 ,
2974 4447 3030 4494 et
3053 4439 3236 4494 multis
3257 4438 3309 4493 in
3339 4439 3469 4493 locis
3497 4442 3611 4494 sola
3641 4448 3785 4496 tenet

2191 4532 2443 4602 'symbola
2467 4533 2699 4602 antiqua:
2724 4531 2863 4586 illius
2889 4530 3178 4603 felicitatis,
3199 4539 3253 4586 et
3287 4531 3562 4586 monilium
3589 4547 3785 4588 aureo-

2203 4638 2323 4680 rum
2352 4622 2568 4693 quidem
2596 4623 2740 4679 solas
2763 4622 2997 4680 ostendit
3023 4622 3205 4678 thecas
3231 4632 3283 4678 et
3309 4623 3519 4678 arculas
3539 4664 3553 4686 ,
3585 4623 3787 4679 divitiis

2203 4725 2381 4771 autem
2412 4723 2494 4771 est
2523 4717 2726 4786 privata
2756 4735 2769 4771 :
2803 4717 2850 4774 ei
2882 4731 3024 4772 nunc
3063 4717 3300 4772 Ecclesia
3327 4727 3412 4772 est
3439 4717 3648 4773 similis.
3680 4718 3785 4774 Ne-

2204 4823 2310 4879 que
2352 4807 2454 4864 hoc
2493 4807 2667 4868 solum
2706 4807 2831 4864 dico
2866 4817 3089 4878 propter
3123 4807 3296 4873 dona;
3338 4822 3446 4863 non
3473 4809 3620 4864 entia:
3643 4821 3790 4865 esset

2204 4913 2386 4971 grave,
2415 4899 2462 4954 si
2498 4899 2598 4954 hoc
2633 4899 2806 4954 solum
2842 4907 3019 4965 esset;
3054 4897 3157 4954 sed
3187 4898 3348 4954 etiam
3383 4907 3602 4969 propter
3625 4899 3788 4955 vitam

2207 5001 2267 5048 et
2287 4993 2558 5048 virtutem.
2603 4989 2744 5046 Nam
2775 4999 2835 5046 et-
2871 4990 3153 5046 viduarum
3190 5005 3464 5052 nutrieras.
3497 4998 3554 5045 et
3591 4991 3790 5046 chorus

2205 5087 2470 5157 virginum
2515 5095 2642 5140 tunc
2684 5099 2937 5155 magnum
2963 5092 3346 5139 ornamentum
3370 5083 3648 5155 praebebat
3689 5083 3791 5138 Ec-

2208 5177 2386 5234 clesiis
2412 5195 2426 5232 :
2456 5192 2598 5233 nunc
2638 5185 2822 5233 autem
2855 5177 2933 5233 ab
2962 5176 3026 5231 iis
3074 5175 3317 5232 Ecclesia
3362 5177 3573 5231 deserta
3617 5183 3702 5231 est
3740 5183 3793 5228 et

2208 5270 2514 5335 exinanita,
2559 5278 2617 5326 et
2661 5269 2782 5325 sola
2823 5277 3046 5324 manent
3083 5269 3254 5340 signa.
3302 5267 3435 5324 Nam
3478 5276 3606 5322 sunt
3652 5282 3793 5322 nunc

2209 5376 2421 5432 quoque
2446 5361 2641 5427 vidum,
2681 5369 2806 5416 sunt
2845 5369 2902 5417 et
2934 5361 3199 5432 virgines;
3235 5361 3333 5416 sed
3359 5373 3436 5417 ea:
3463 5375 3572 5416 non
3596 5359 3796 5414 habent

2212 5455 2358 5510 illum
2383 5463 2653 5522 ornatum,
2674 5469 2830 5525 quem
2855 5454 3051 5511 habere
3079 5462 3356 5525 oporteret
3380 5469 3480 5508 eas.
3497 5469 3619 5524 qua:
3643 5466 3704 5508 se
3727 5451 3795 5507 ad

2212 5547 2328 5603 haec
2354 5557 2608 5618 pararmt
2635 5548 2950 5605 certamina.
2983 5547 3254 5603 Eximium
3288 5546 3434 5602 enim
3460 5545 3689 5616 virginis
3713 5552 3800 5599 est

2214 5638 2465 5694 indicium
2488 5681 2504 5706 ,
2532 5639 2675 5710 quod
2699 5639 2768 5696 de
2797 5640 2863 5696 iis
2894 5648 3104 5694 tantam
3123 5653 3244 5710 qua
3269 5648 3395 5694 sum
3426 5638 3518 5694 Dei
3545 5636 3622 5695 sit
3639 5635 3795 5692 solli.

2215 5735 2340 5802 cita,
2376 5745 2430 5790 et
2467 5733 2530 5789 ad
2569 5735 2733 5790 Deum
2775 5731 3098 5807 precandum
3138 5732 3403 5789 indivulse
3437 5730 3672 5788 assideat
3705 5738 3798 5785 :et
