4122 6226
487 363 595 418 315

488 477 665 532 viduae
704 489 810 530 non
863 485 970 529 tam
1019 471 1180 530 luerit
1216 471 1466 528 iudicium
1509 469 1651 540 quod
1690 465 1937 524 secundis
1964 479 2072 519 non

489 570 848 638 coniungatur
887 567 1107 638 nuptiis,
1136 581 1292 637 quam
1338 564 1453 620 bazc
1493 563 1616 629 alia,
1649 577 1840 630 nempe
1878 559 2074 614 caritas

486 663 542 716 in
577 673 858 729 pauperes,
895 657 1256 728 hospitalitas,
1299 655 1352 710 in
1399 655 1644 726 precibus
1686 651 1990 714 assiduitas,
2020 655 2073 702 et

487 754 590 807 alia
610 751 812 817 omnia,
839 765 958 822 qua!
979 749 1317 806 exactissime
1339 748 1506 819 exigit
1530 746 1724 802 Paulus
1745 745 1984 802 scribens
2004 740 2071 796 ad

489 843 830 899 Timotheum
861 842 936 910 (l.
964 839 1100 896 Tim.
1129 840 1208 912 5).

562 933 900 1004 Eleentosyna
921 943 1166 1002 quantum
1188 941 1558 987 ornamentum.
1582 961 1651 970 —
1673 929 1884 985 Videris
1911 929 2069 984 etiam

489 1038 604 1090 eas,
636 1039 756 1094 qua:
781 1031 907 1078 sunt
927 1021 1128 1092 juncta:
1159 1021 1518 1085 matrimonio,
1552 1019 1691 1090 apud
1721 1035 1819 1074 nos
1847 1019 2068 1074 multam

488 1112 775 1170 ostendere
813 1112 1149 1167 honestatem
1179 1130 1193 1168 :
1224 1111 1319 1166 sed
1343 1127 1449 1167 non
1479 1120 1560 1166 est
1591 1114 1691 1166 hoc
1719 1111 1893 1167 solum
1926 1111 2068 1182 quod

486 1205 745 1276 quaeritur
769 1247 784 1271 ,
813 1203 909 1261 sed
937 1204 1163 1275 diligens
1178 1219 1305 1260 cura
1321 1213 1376 1260 et
1389 1205 1623 1261 studium
1639 1221 1946 1276 egenorum,
1974 1221 2069 1276 per

487 1295 631 1366 quod
662 1297 848 1365 priscae
874 1294 1126 1350 mulieres
1151 1295 1306 1351 valde
1331 1295 1772 1367 resplendebant:
1798 1311 1902 1351 non
1931 1298 2068 1352 sicut

490 1388 670 1443 multa:
698 1403 762 1443 ex
789 1387 854 1443 iis
879 1403 998 1458 qua:
1021 1394 1147 1443 sunt
1171 1387 1368 1444 nostris
1395 1388 1745 1458 temporibus.
1777 1387 1907 1443 Nam
1941 1397 2067 1444 tunc

485 1478 701 1550 quidem
756 1492 854 1549 pro
903 1493 1037 1533 auro
1085 1479 1440 1551 eleemosyna:
1494 1479 1849 1536 induebantur
1906 1495 2066 1535 orna-

485 1579 702 1636 mento;
748 1587 888 1626 nunc
925 1581 1106 1627 autem
1138 1572 1241 1627 hoc
1267 1573 1521 1642 dimisso,
1555 1574 1767 1630 funibus
1791 1575 1968 1630 aureis
1996 1591 2063 1630 ex

482 1672 671 1720 catena
717 1673 1062 1733 peccatorum
1107 1666 1370 1721 contextis
1415 1667 1755 1722 amiciuntur.
1811 1667 2063 1722 Dicamne

484 1753 644 1808 etiam
693 1753 851 1809 aliam
893 1754 1106 1811 thecam
1148 1765 1464 1812 ornamento
1499 1758 1672 1826 patrio
1699 1758 2062 1813 exinanitam?

480 1842 880 1900 Conveniebant
907 1845 1034 1899 olnn
1057 1859 1267 1913 omnes,
1292 1857 1346 1902 et
1367 1847 1662 1917 psallebant
1684 1849 2055 1904 communiter.

482 1933 596 1988 Hoc
615 1947 755 1988 nunc
775 1949 989 2004 quoque
1016 1935 1268 2001 facimus;
1301 1937 1396 1992 sed
1425 1947 1550 1993 tunc
1573 1937 1784 2008 quidem
1808 1939 1859 1993 in
1887 1939 2060 1994 omni-

481 2024 580 2079 bus
610 2039 714 2079 una
745 2035 861 2080 erat
889 2027 1064 2080 anima
1096 2035 1151 2082 et
1183 2042 1279 2082 cor
1304 2041 1500 2094 unum;
1531 2042 1676 2084 nunc
1701 2038 1875 2084 autem
1905 2046 1974 2086 ne
2003 2033 2056 2085 in

480 2131 584 2170 una
619 2116 830 2186 quidem
854 2117 1030 2172 anima
1058 2117 1202 2172 illam
1227 2118 1565 2174 concordiam
1596 2119 1793 2176 videris
1829 2130 1884 2176 et
1921 2136 2056 2176 con-

481 2221 720 2274 sensum,
743 2207 835 2264 sed
860 2208 1055 2279 ubique
1077 2225 1323 2280 magnum
1346 2219 1428 2265 est
1449 2209 1668 2266 bellum.
1696 2210 1886 2267 Pacem
1915 2227 2056 2268 nunc

477 2299 621 2371 quod
649 2309 893 2369 precatur
917 2302 1166 2357 onmibus
1192 2303 1237 2357 is
1257 2304 1347 2373 qui
1371 2312 1565 2375 praeest
1589 2304 1859 2371 Ecclesiae,
1886 2314 1944 2360 ut
1965 2306 2053 2376 qui

477 2391 532 2445 in
561 2389 778 2445 domum
818 2392 1112 2463 ingreditur
1138 2403 1447 2464 paternam;
1477 2396 1570 2451 sed
1597 2395 1753 2466 hujus
1783 2398 1928 2466 pacis
1958 2413 2056 2452 no-

478 2495 600 2536 men
625 2480 838 2551 quidem
869 2491 950 2537 est
974 2483 1243 2554 frequens,
1276 2500 1363 2541 res
1388 2495 1564 2541 autem
1593 2501 1876 2558 nusquam.
1905 2487 2055 2544 Tunc

475 2572 636 2628 etiam
675 2572 866 2628 domus
907 2583 1062 2629 erant
1100 2575 1371 2643 ecclesiae;
1402 2592 1543 2632 nunc
1569 2587 1747 2634 autem
1776 2579 1937 2634 etiam
1966 2593 2056 2634 eeo

474 2664 637 2718 clesia
666 2663 989 2732 estdomus,
1021 2666 1104 2721 vel
1147 2667 1325 2737 potius
1369 2669 1556 2737 quavis
1593 2668 1754 2724 domo
1796 2669 2048 2725 deterior.

473 2753 606 2809 Nam
634 2755 686 2810 in
717 2755 878 2811 domo
905 2756 1118 2827 quidem
1149 2759 1285 2815 bene
1313 2761 1656 2815 constitutum
1680 2761 1877 2817 videris
1905 2762 2054 2817 ordi-

474 2863 595 2904 nem
622 2867 636 2903 :
659 2847 873 2904 domina
895 2851 1093 2923 quippe
1113 2851 1303 2908 domus
1327 2852 1480 2908 sedet
1509 2854 1562 2906 in
1591 2853 1728 2908 solio
1753 2870 1873 2912 cum
1902 2855 2048 2910 omni

470 2939 766 3009 honestate,
802 2943 1062 3000 modestia
1092 2955 1148 3002 et
1175 2946 1392 3015 decore,
1416 2956 1470 3003 et
1493 2947 1701 3005 ancillae
1721 2957 1907 3005 texunt
1927 2965 2047 3005 cum

469 3035 700 3103 silentio,
730 3045 784 3092 et
817 3038 1012 3110 singuli
1047 3055 1113 3094 ex
1145 3038 1356 3097 famulis
1383 3041 1437 3097 in
1486 3044 1732 3100 manibus
1761 3043 1956 3100 habent
1985 3045 2038 3099 id

469 3127 610 3197 quod
637 3136 720 3183 est
743 3128 821 3184 eis
846 3129 1175 3186 mandatum.
1205 3131 1303 3188 llic
1327 3142 1505 3189 autem
1534 3135 1730 3190 multus
1749 3144 1834 3192 est
1855 3138 2049 3193 tumul-

470 3225 555 3272 tus
572 3259 590 3285 ,
616 3233 806 3290 magna
832 3220 1096 3291 confusio,
1125 3230 1180 3278 et
1203 3238 1234 3278 a
1259 3238 1496 3294 caupona
1521 3224 1652 3280 nihil
1678 3237 1860 3283 nostra
1889 3229 2046 3284 dilic-

470 3317 638 3364 runt:
670 3319 847 3387 tantus
889 3321 973 3368 est
1015 3315 1177 3378 risus,
1225 3323 1370 3369 tanta
1413 3317 1761 3386 perturbatio,
1807 3320 1946 3375 sicut
1991 3321 2046 3377 in

467 3398 693 3466 balneis,
725 3402 864 3458 sicut
889 3403 942 3457 in
973 3403 1088 3459 foro
1117 3405 1470 3462 clamantibus
1488 3408 1736 3465 omnibus
1762 3417 1817 3465 et
1847 3411 2045 3466 tumul-

467 3491 758 3547 tuantibus.
801 3492 870 3547 Et
897 3493 1012 3548 haec
1040 3493 1128 3550 hic
1150 3495 1322 3550 solum
1350 3515 1364 3552 :
1389 3512 1511 3553 nam
1551 3499 1677 3555 alibi
1724 3515 1793 3556 ne
1830 3502 2047 3572 propin-

470 3596 632 3650 quum
656 3582 871 3652 quidem
899 3583 1023 3640 licet
1048 3584 1246 3656 alloqui
1277 3586 1328 3642 in
1355 3588 1580 3644 ecclesia
1603 3631 1620 3658 ,
1650 3607 1718 3648 ne
1746 3591 1792 3647 si
1812 3593 2043 3650 amicum

467 3671 676 3741 quidem
710 3673 867 3744 longo
899 3682 1140 3746 tempore
1173 3677 1448 3735 absentem
1475 3683 1766 3752 exceperit,
1795 3685 1890 3740 sed
1932 3685 2045 3742 haec

465 3761 593 3820 foris
607 3764 776 3831 ﬁunt;
806 3774 862 3822 et
881 3767 1092 3823 merito.
1115 3768 1228 3824 Non
1246 3771 1388 3826 enim
1409 3773 1636 3829 ecclesia
1656 3785 1735 3832 est
1759 3777 2038 3846 tonstrina,

465 3869 637 3925 neque
668 3858 1016 3927 unguentaria
1044 3859 1253 3916 oﬂicina
1275 3902 1289 3928 ,
1323 3877 1498 3933 neque
1529 3865 1633 3919 ulla
1663 3865 1765 3920 alia
1791 3869 2039 3936 Opiﬁcum

463 3947 554 4016 qui
582 3955 706 4002 sunt
730 3947 783 4002 in
812 3949 930 4004 loro
951 3949 1191 4013 taberna,
1222 3953 1317 4007 sed
1347 3953 1494 4010 locus
1523 3958 1858 4026 angelorum,
1891 3959 2041 4016 locus

462 4037 924 4110 archangelorum,
948 4056 1170 4113 regnum
1195 4043 1309 4111 Dei,
1335 4045 1507 4115 ipsum
1529 4047 1737 4102 cadum.
1763 4047 2041 4116 Quomodo

464 4145 594 4200 ergo
641 4132 686 4186 si
736 4134 854 4204 quis
909 4145 962 4192 te
1012 4136 1066 4191 in
1118 4137 1305 4192 cadum
1358 4139 1777 4208 introduxisset,
1830 4143 2039 4198 etiamsi

464 4231 668 4291 patrem
695 4224 924 4293 videres,
952 4227 1163 4284 etiamsi
1191 4229 1408 4286 fratrem
1431 4272 1447 4297 ,
1477 4246 1546 4287 ne
1569 4231 1797 4288 auderes
1820 4233 2038 4305 quidem

461 4315 607 4385 loqui
636 4334 651 4371 :
678 4317 750 4372 ita
778 4317 868 4374 hic
895 4333 1000 4375 non
1029 4320 1172 4375 aliud
1199 4321 1343 4392 loqui
1370 4331 1642 4392 oporteret
1666 4334 1863 4394 praeter
1881 4325 2040 4395 spiri-

460 4409 656 4473 tualia;
703 4423 826 4463 nam
853 4410 938 4466 hic
962 4426 1174 4483 quoque
1197 4422 1280 4469 est
1303 4413 1514 4470 caelum.
1539 4415 1691 4483 Quod
1715 4415 1761 4470 si
1786 4429 1893 4472 non
1917 4431 2042 4471 ere-

457 4500 564 4566 dis,
588 4500 772 4570 aspice
793 4503 859 4558 ad
881 4503 1018 4560 hanc
1041 4519 1298 4571 mensam,
1325 4506 1611 4562 recordare
1634 4516 1849 4576 propter
1877 4522 2036 4578 quam

458 4604 674 4647 causam
703 4601 760 4649 et
797 4597 1139 4665 quamobrem
1171 4597 1256 4654 hic
1281 4608 1417 4663 stet;
1462 4599 1633 4670 cogita
1677 4599 1797 4670 quis
1835 4601 1908 4655 sit
1947 4599 2036 4670 qui

460 4679 564 4738 huc
592 4685 866 4754 procedat,
887 4686 1202 4758 obstupesce
1228 4691 1388 4746 etiam
1410 4700 1535 4747 ante
1564 4699 1794 4762 tempus.
1824 4691 2036 4746 Etenim

459 4775 504 4831 si
552 4777 674 4847 quis
717 4777 889 4833 solum
926 4780 1117 4835 viderit
1155 4781 1294 4854 regis
1337 4783 1551 4850 solium,
1592 4784 1774 4839 animo
1809 4783 2041 4854 assurgit

459 4878 779 4938 exspectans
806 4873 946 4942 regis
970 4873 1189 4929 exitum.
1235 4876 1299 4930 Et
1331 4884 1384 4930 tu
1414 4891 1543 4946 ergo
1573 4877 1733 4931 etiam
1758 4884 1881 4932 ante
1910 4875 2036 4932 illud

461 4967 674 5029 tempus
698 4961 1022 5032 stupendum
1051 4979 1326 5031 venerare,
1351 4974 1406 5022 et
1433 4965 1754 5036 obstupesce
1779 4974 1834 5021 et
1859 4981 2039 5021 assur-

463 5065 560 5119 ge,
578 5060 867 5123 antequam
891 5053 1072 5111 videas
1100 5071 1335 5127 expansa
1363 5058 1528 5113 aulaea
1554 5099 1570 5126 ,
1614 5067 1670 5114 et
1712 5067 2038 5126 praeeuntem

462 5142 686 5199 chorum
707 5144 1039 5216 angelorum,
1067 5147 1120 5202 in
1144 5147 1314 5217 ipsum
1339 5149 1527 5204 caelum
1552 5148 1799 5204 ascende.
1830 5148 1899 5202 At
1925 5147 2040 5202 haec

463 5235 676 5306 ignorat
716 5239 807 5308 qui
854 5239 1125 5311 mysteriis
1151 5255 1258 5294 non
1285 5249 1366 5296 est
1395 5241 1633 5296 initiatus
1664 5257 1681 5297 :
1713 5256 1934 5297 necesse
1957 5249 2042 5296 est

463 5341 592 5396 ergo
615 5326 694 5383 illi
716 5330 879 5391 etiam
903 5329 1004 5387 alia
1030 5329 1228 5386 dicere.
1255 5330 1438 5402 Neque
1465 5331 1608 5387 enim
1638 5332 1794 5388 nobis
1813 5332 2041 5387 deerunt

463 5418 564 5474 alia
606 5433 728 5489 quae
770 5419 920 5474 illum
967 5419 1273 5487 doceamus,
1311 5437 1429 5492 qua:
1473 5421 1680 5492 possint
1724 5420 1939 5476 efﬁcere
1985 5429 2042 5476 ut

463 5518 666 5580 surgat,
699 5517 753 5565 et
779 5509 1100 5582 persuadere
1130 5521 1187 5565 nt
1211 5511 1391 5566 volare
1417 5521 1658 5568 conetur.
1689 5511 1766 5567 Tu
1795 5527 1924 5582 ergo
1947 5510 2038 5582 qui

464 5597 582 5653 hac
625 5599 857 5670 ignoras,
885 5601 1099 5671 quando
1136 5601 1377 5679 audieris.
1409 5603 1720 5674 prophetam
1751 5603 2035 5670 dicentem,

464 5689 589 5756 Haec
624 5691 756 5746 dicit
796 5692 1070 5759 Dominus,
1103 5693 1310 5750 Recede
1339 5711 1366 5748 a
1394 5703 1534 5750 terra
1556 5737 1570 5761 ,
1605 5698 1716 5766 ipse
1746 5711 1958 5767 quoque
1985 5695 2036 5750 in

466 5784 651 5841 cadum
683 5785 909 5843 ascende
943 5806 951 5813 ·
987 5788 1154 5857 cogita
1181 5788 1422 5859 quisnam
1453 5789 1516 5843 sit
1546 5789 1632 5859 qui
1663 5805 1756 5859 per
1785 5789 1928 5844 illum
1961 5798 2036 5845 tc-

1480 355 1545 411 lN
1585 352 1795 410 EPIST.
1835 352 1854 406 l
1918 350 2007 406 AD
2044 348 2200 405 COR.
2244 350 2474 406 IIOMIL.
2521 350 2758 407 XXXVI.

3659 359 3762 415 δη

2185 480 2305 518 cum
2345 463 2597 535 loquitur.
2643 464 2794 520 Nunc
2834 473 3014 520 autem
3055 463 3326 522 histrionis
3352 467 3564 538 quidem
3597 469 3758 525 risum

2179 554 2474 621 moventis,
2511 566 2565 609 et
2607 558 2891 612 scortantis
2931 571 2994 612 ac
3035 558 3263 627 turpiter
3291 560 3500 629 agentis
3523 562 3758 616 mulieris

2180 655 2381 702 tantum
2411 647 2562 704 sedet
2587 649 2973 719 spcctacultun,
2996 650 3058 704 iis
3083 667 3201 722 qua:
3232 652 3484 708 dicuntur
3508 668 3756 724 magnum

2178 740 2424 810 praebens
2453 740 2749 808 silentium,
2782 740 2940 812 idque
2969 759 3089 797 cum
3123 744 3297 800 nullus
3317 745 3505 815 jubeat
3534 755 3713 802 tacere
3738 786 3757 810 ,

2175 840 2229 885 et
2246 845 2418 901 neque
2437 841 2520 888 est
2535 833 2814 897 tumultus,
2830 849 3002 904 neque
3023 834 3244 902 clamor,
3270 853 3369 892 nec
3380 836 3519 892 ullus
3537 837 3758 892 omnino

2173 923 2427 994 strepitus
2457 943 2470 979 :
2503 923 2613 979 Deo
2637 933 2816 979 autem
2847 940 2878 979 e
2902 927 3046 980 caelis
3073 927 3322 996 loquente
3340 927 3410 982 de
3435 928 3594 984 rebus
3619 930 3767 985 adeo.

2174 1015 2452 1084 stupendis
2476 1030 2538 1070 ac
2567 1015 2898 1082 revcrcndis,
2933 1017 3153 1071 canibus
3179 1034 3363 1074 sumus
3397 1019 3752 1089 impudentio-

2174 1119 2282 1170 res,
2315 1121 2381 1159 ne
2407 1105 2517 1160 Deo
2545 1106 2759 1176 quidem
2789 1115 2986 1161 tantam
3016 1107 3330 1163 exhibentes
3357 1111 3708 1167 reverentiam
3733 1151 3752 1180 ,

2172 1207 2421 1267 quantam
2453 1197 2842 1253 meretricibus.

2242 1293 2294 1347 6.
2340 1293 2499 1348 llisne
2527 1293 2721 1348 auditis
2751 1295 3142 1351 exhorruistis?
3168 1296 3331 1352 Multo
3357 1297 3526 1368 magis
3545 1297 3648 1353 hoc
3677 1297 3752 1351 fa-

2170 1383 2392 1450 cientes,
2420 1383 2652 1440 itorrete.
2685 1385 2836 1451 Quod
2865 1386 2930 1440 de
2959 1387 3022 1441 iis
3043 1389 3131 1458 qui
3163 1403 3423 1458 pauperes
3453 1387 3752 1458 despiciunt

2168 1481 2222 1526 et
2247 1473 2345 1527 soli
2377 1473 2682 1541 comedunt,
2719 1475 2853 1530 dixit
2881 1477 3106 1542 Paulus,
3141 1478 3324 1533 Annon
3354 1478 3548 1534 habetis
3576 1479 3752 1533 domos

2165 1563 2235 1616 ad
2261 1565 2620 1619 comedendum
2646 1575 2691 1619 et
2718 1566 3024 1622 bibendum?
3061 1585 3127 1622 an
3166 1570 3426 1624 ecclesiam
3454 1568 3552 1623 Dei
3579 1578 3750 1624 conte-

2165 1655 2354 1718 mnitis,
2381 1664 2428 1710 et
2466 1673 2550 1711 eos
2591 1657 2678 1728 qui
2722 1675 2821 1712 non
2861 1660 3042 1714 habent
3075 1661 3268 1730 pudore
3292 1662 3486 1732 efﬁcitis
3517 1663 3592 1733 (ι.
3627 1661 3743 1718 Cor.

2167 1749 2251 1802 ll.
2279 1747 2416 1819 2‘2)?
2457 1749 2586 1803 mihi
2620 1766 2834 1822 quoque
2865 1753 3141 1810 concedite
3177 1763 3236 1809 ut
3269 1754 3444 1808 dicam
3471 1754 3538 1810 de
3564 1755 3629 1809 iis
3658 1755 3748 1824 qui

2164 1836 2251 1892 hic
2281 1838 2426 1894 cient
2457 1840 2713 1894 tumultus
2741 1851 2794 1896 et
2824 1841 3113 1912 loquuntur
3143 1860 3156 1896 :
3187 1843 3377 1897 Annon
3409 1843 3616 1899 habetis
3645 1843 3745 1899 do-

2164 1945 2278 1986 mos
2308 1930 2374 1986 ad
2412 1932 2755 2004 uugandum?
2785 1949 2860 1988 an
2905 1934 2996 1989 Dei
3037 1935 3318 1990 ecclesiam
3347 1937 3650 2006 chpicitis,
3689 1947 3743 1993 et

2161 2037 2254 2078 cos
2298 2025 2457 2078 etiam
2497 2026 2842 2095 corrumpitis
2887 2026 2975 2096 qui
3021 2028 3204 2082 volunt
3248 2043 3368 2083 esse
3414 2029 3641 2083 modesti
3690 2040 3743 2083 et

2159 2113 2361 2184 quieti?
2403 2116 2471 2170 At
2500 2115 2653 2170 vobis
2687 2126 2769 2172 est
2806 2131 2970 2173 suave
3010 2127 3063 2174 et
3097 2118 3391 2188 jucundum
3419 2121 3616 2191 alloqui
3648 2135 3743 2176 eos

2159 2206 2246 2276 qui
2272 2217 2393 2262 sunt
2415 2208 2563 2264 vobis
2587 2210 2729 2263 noti?
2758 2209 2871 2264 Non
2902 2211 3002 2267 hoc
3034 2212 3308 2281 prohibeo,
3333 2213 3430 2269 sed
3454 2213 3621 2282 domi,
3645 2215 3746 2271 sed

2160 2295 2212 2350 in
2249 2295 2397 2362 foro,
2438 2297 2534 2354 sed
2569 2299 2621 2354 in
2655 2300 2860 2356 balneis
2885 2301 2974 2356 liat
3003 2319 3017 2358 :
3048 2303 3276 2358 ecclesia
3321 2306 3462 2360 enim
3508 2322 3616 2360 non
3659 2318 3744 2362 est

2156 2387 2405 2458 colloquii
2426 2388 2593 2454 locus,
2619 2389 2715 2446 sed
2740 2391 3017 2447 doctrinm.
3043 2393 3194 2449 Nunc
3215 2403 3391 2450 autem
3416 2395 3743 2452 nihildiﬂ‘ert

2157 2493 2187 2533 a
2218 2478 2367 2546 foro;
2411 2489 2466 2535 et
2501 2481 2548 2535 si
2588 2497 2694 2536 non
2730 2482 2801 2536 sit
2843 2483 2987 2538 dictu
3030 2483 3305 2552 audacius,
3335 2484 3473 2542 forte
3506 2502 3680 2558 neque
3709 2502 3740 2541 a

2155 2584 2314 2626 scena
2348 2588 2362 2623 :
2394 2572 2526 2627 adeo
2554 2573 2639 2640 iis,
2661 2590 2779 2644 qua:
2807 2575 2915 2630 illic
2943 2585 3264 2642 scortantur,
3288 2578 3534 2632 lascivius
3555 2587 3611 2633 et
3640 2579 3736 2632 itu--

2155 2662 2399 2733 pudicius
2438 2673 2695 2720 ornantur
2727 2682 2847 2736 qua:
2878 2667 2966 2723 hic
2993 2671 3337 2725 conveniunt.
3382 2671 3507 2727 Ideo
3542 2671 3737 2726 multos

2153 2771 2364 2827 quoque
2409 2756 2706 2826 impudicos
2760 2759 2846 2815 hic
2894 2761 3167 2817 attrahunt
3209 2780 3222 2816 :
3260 2771 3314 2818 et
3361 2763 3406 2818 si
3453 2765 3570 2834 quis
3621 2773 3739 2820 tene

2154 2855 2250 2914 tet,
2282 2857 2374 2903 aut
2401 2850 2528 2904 velit
2553 2865 2898 2923 corrumpere
2926 2853 3228 2922 mulierem,
3258 2855 3456 2919 nullus,
3483 2865 3540 2912 nt
3571 2867 3696 2926 puto
3720 2896 3736 2921 ,

2152 2939 2201 2996 ei
2232 2939 2440 2997 videtur
2479 2941 2630 2998 locus
2656 2943 2833 3013 aptior
2857 2945 3110 3011 ecclesia;
3153 2954 3208 3001 et
3253 2946 3300 3000 si
3345 2946 3471 3017 quid
3505 2947 3736 3002 vendere

2151 3040 2243 3087 aut
2278 3046 2460 3089 emere
2500 3043 2781 3104 oporteat,
2817 3036 3044 3092 ecclesia
3083 3037 3294 3092 videtur
3331 3052 3452 3094 esse
3493 3038 3559 3094 ad
3605 3038 3730 3094 illud

2150 3124 2487 3181 commodior
2505 3167 2520 3193 ,
2551 3141 2710 3197 quam
2737 3125 2935 3183 lorum.
2965 3128 3060 3184 llic
3085 3129 3227 3183 enim
3259 3129 3326 3184 de
3352 3129 3416 3185 iis
3441 3131 3592 3198 plura
3619 3131 3732 3184 col-

2151 3217 2330 3290 loquia
2352 3219 2756 3290 miscentquam
2778 3219 2831 3276 in
2853 3221 2984 3292 ipsis
3007 3220 3256 3277 oflicinis.
3286 3221 3355 3277 Et
3375 3223 3418 3276 si
3448 3223 3536 3292 qui
3566 3223 3734 3278 velint

2150 3309 2473 3366 maledicere
2498 3321 2552 3366 et
2581 3310 2864 3367 maledicta
2893 3311 3100 3379 audire,
3137 3312 3238 3368 hoc
3263 3326 3476 3384 qquue
3503 3314 3590 3374 hic
3614 3329 3732 3372 ma-

2147 3401 2230 3471 gis
2262 3399 2465 3456 videbit
2502 3401 2846 3474 contingere,
2887 3419 3047 3475 quam
3075 3403 3126 3458 in
3157 3403 3311 3459 foro:
3343 3414 3396 3459 et
3426 3404 3470 3458 si
3495 3404 3732 3460 volueris

2148 3509 2236 3550 res
2273 3494 2460 3550 audire
2497 3494 2716 3562 civiles,
2744 3503 2798 3550 et
2824 3511 2944 3565 quae
2973 3496 3027 3551 in
3057 3495 3262 3552 azdibus
3290 3496 3421 3552 liunt
3447 3506 3501 3554 et
3527 3513 3647 3564 qua:
3677 3498 3728 3550 iu

2146 3586 2359 3652 castris,
2399 3601 2468 3640 ue
2503 3600 2596 3640 eas
2638 3586 2706 3640 ad
2742 3585 2996 3655 judiciale
3036 3586 3230 3653 forum,
3260 3601 3432 3660 neque
3458 3587 3645 3643 sedeas
3678 3587 3729 3642 in

2146 3675 2356 3732 ollicina
2383 3675 2743 3742 medicorum;
2783 3687 2908 3732 sunt
2935 3677 3078 3732 enim
3104 3679 3193 3749 qui
3221 3678 3468 3733 omnibus
3507 3693 3725 3733 aecum.

2145 3767 2252 3823 tius
2280 3767 2366 3822 hic
2391 3767 2568 3822 omnia
2600 3767 2715 3822 htec
2743 3769 3061 3823 annuntiant
3085 3786 3098 3824 τ
3125 3777 3181 3824 et
3218 3767 3304 3824 hic
3344 3769 3494 3823 locus
3519 3768 3728 3839 quidvis

2147 3860 2324 3931 potius
2353 3867 2458 3926 est,
2488 3874 2648 3930 quam
2677 3859 2926 3916 ecclesia.
2961 3859 3070 3915 Vos
3097 3859 3325 3914 fortasse
3350 3860 3504 3919 valde
3535 3859 3680 3929 tetigi
3715 3879 3726 3914 :

2145 3966 2252 4020 non
2295 3965 2396 4021 ego
2435 3950 2650 4021 quidem
2693 3949 2948 4006 arbitror.
2994 3950 3220 4019 Quando
3258 3952 3398 4006 enim
3441 3952 3492 4004 in
3535 3951 3726 4006 iisdem

2144 4043 2522 4114 perseveratis,
2561 4042 2827 4098 undenam
2867 4042 3032 4099 sciam
3075 4042 3218 4114 quod
3258 4059 3376 4113 quae
3417 4041 3560 4098 dicta
3603 4054 3728 4096 sunt

2142 4151 2240 4191 vos
2267 4133 2590 4205 tetigerunt?
2630 4133 2860 4190 Necesse
2889 4142 2972 4193 est
3005 4149 3137 4204 ergo
3171 4149 3356 4188 rursus
3386 4133 3574 4197 eadem
3607 4142 3727 4192 tan-

2141 4243 2288 4299 gere.
2342 4227 2591 4283 Hzeccine
2638 4235 2764 4282 sunt
2808 4225 3144 4286 tolerabilia?
3189 4226 3424 4280 hwccitte
3468 4225 3727 4282 terenda?

2145 4319 2395 4387 Quoudie
2419 4319 2770 4390 defatigatus:
2795 4327 2849 4374 et
2877 4317 3254 4388 discerpimur,
3284 4327 3341 4372 ut
3369 4317 3498 4374 utile
3527 4317 3724 4388 aliquid

2142 4414 2318 4470 edocti
2337 4411 2623 4467 discedatis
2647 4428 2661 4464 :
2687 4425 2844 4466 nemo
2871 4419 3057 4468 autem
3075 4420 3310 4465 vestrum
3333 4410 3532 4480 aliquid
3557 4410 3726 4464 lucra-

2143 4513 2229 4558 tus
2255 4503 2479 4569 recedit,
2501 4501 2595 4558 sed
2625 4502 2814 4573 majori
2839 4503 2998 4558 etiam
3025 4502 3220 4558 damno
3239 4501 3479 4565 allectus.
3508 4501 3718 4558 Etenim

2144 4596 2196 4650 iu
2228 4595 2484 4666 judicium
2530 4595 2845 4662 convenitis,
2877 4609 3000 4649 cum
3047 4595 3250 4669 peccati
3297 4593 3479 4668 utique
3522 4593 3722 4648 nullam

2144 4687 2384 4744 habeatis
2412 4687 2769 4755 occasionem,
2801 4697 2856 4743 et
2885 4687 3134 4743 meliores
3160 4695 3214 4742 et
3238 4687 3475 4741 mitiores
3503 4687 3724 4756 expelli-

2143 4779 2210 4836 tis
2237 4794 2331 4836 eos
2352 4780 2543 4836 vestris
2568 4780 2720 4850 nugis
2747 4779 2982 4849 undique
3004 4779 3248 4833 molestia
3275 4777 3588 4832 aﬂlcientes.
3616 4777 3722 4833 Sed

2141 4873 2268 4945 quid
2305 4881 2389 4928 est
2424 4872 2564 4943 quod
2605 4872 2800 4927 dicitur
2823 4887 2850 4923 a
2881 4871 3098 4924 multis?
3145 4869 3259 4924 Non
3305 4868 3481 4933 audio,
3515 4868 3720 4938 inquit,

2143 4983 2262 5038 qua:
2284 4966 2559 5037 leguntur,
2593 4979 2770 5034 neque
2797 4964 2911 5017 scio
2939 4978 3000 5018 ea
3023 4978 3143 5034 qua:
3169 4962 3438 5016 dicuntur.
3468 4962 3600 5029 Quia
3636 4969 3721 5014 tu-

2144 5057 2423 5114 multuaris
2443 5096 2459 5123 ,
2493 5056 2674 5110 turbas
2701 5069 2886 5111 moves
2909 5097 2923 5120 ,
2957 5070 3130 5125 neque
3155 5055 3366 5111 accedis
3394 5070 3514 5110 cum
3542 5054 3719 5108 animo

2144 5161 2306 5203 sensu
2337 5145 2548 5217 pietatis
2579 5145 2821 5213 praedito.
2864 5145 3002 5216 Quid
3045 5145 3221 5202 dicis?
3262 5146 3436 5201 nescis
3475 5161 3721 5216 qmenam

2145 5237 2260 5293 haec
2302 5238 2440 5292 dicta
2486 5237 2584 5292 sibi
2619 5236 2823 5292 velint?
2866 5239 3027 5308 Atqui
3069 5245 3288 5308 propter
3326 5237 3428 5291 hoc
3468 5236 3638 5303 ipsum
3669 5242 3719 5286 te

2144 5331 2424 5402 oportebat
2443 5331 2738 5387 attendere.
2765 5331 2821 5386 Si
2848 5339 3024 5385 autem
3053 5345 3122 5385 ne
3147 5329 3196 5384 id
3223 5327 3453 5398 quidem,
3479 5324 3618 5394 quod
3640 5334 3726 5380 est

2145 5425 2453 5488 obscurum,
2501 5431 2647 5482 tuum
2691 5423 2886 5478 excitat
2934 5424 3209 5485 animum,
3251 5419 3418 5472 multo
3462 5416 3632 5486 magis
3676 5419 3721 5470 si

2147 5523 2327 5569 essent
2355 5513 2498 5567 clara
2527 5527 2589 5566 ac
2627 5511 2901 5566 manifesta
2928 5554 2943 5578 ,
2987 5525 3048 5566 ea
3091 5520 3550 5580 praetercurrcres.
3597 5506 3725 5562 ldoo

2148 5607 2288 5662 enim
2316 5622 2486 5676 neque
2511 5604 2686 5660 omnia
2715 5612 2838 5659 sunt
2861 5601 3111 5669 dilucida,
3143 5616 3208 5655 ne
3237 5601 3310 5654 sis
3339 5600 3516 5670 piger;
3547 5613 3723 5669 neque

2148 5697 2395 5764 obseura,
2437 5713 2503 5752 ne
2544 5697 2814 5764 desperes.
2863 5694 2929 5748 Et
2973 5693 3061 5748 ille
3107 5691 3318 5763 quidem
3361 5690 3637 5747 eunuchus
3667 5699 3720 5744 ct

2151 5789 2400 5845 barbarus
2431 5789 2559 5845 nihil
2591 5805 2653 5844 ex
2687 5787 2750 5843 iis
2777 5786 2941 5855 dixit,
2980 5785 3072 5842 sed
3101 5795 3152 5842 et
3181 5796 3448 5842 tantorum
3481 5781 3718 5855 negotio-
