4112 6224
422 506 600 560 esset,
648 497 842 557 librum
897 498 1129 555 habebat
1185 499 1237 554 in
1288 499 1533 560 itionibus
1574 511 1630 557 et
1677 502 1906 572 legebat,
1958 513 2014 567 tu

421 598 622 658 autem,
663 605 786 657 eum
831 600 886 653 et
917 590 1008 646 tibi
1051 590 1122 644 sit
1162 588 1317 658 copia
1370 588 1671 657 doctorum,
1717 602 1770 647 et
1816 594 2014 657 habeas

418 682 508 751 qui
561 681 652 741 tibi
699 682 894 751 legant,
937 678 1066 733 mihi
1108 680 1481 746 excusationes
1509 681 1714 750 profers
1752 694 1804 738 et
1832 684 2015 740 obteri.

420 780 527 838 tus,
574 758 761 833 Nescis
795 785 859 831 ea
907 786 1027 839 qua:
1076 770 1365 827 dicuntur?
1415 771 1519 826 Ora
1553 788 1682 844 ergo
1713 783 1770 827 ut
1810 773 2008 841 discas,

422 864 534 923 into
578 876 706 916 vero
754 861 869 925 fieri
919 878 1023 928 non
1072 870 1246 932 potest
1277 871 1331 918 ut
1358 863 1539 927 omnia
1568 864 1801 936 ignores.
1848 866 2010 933 Multa

414 954 557 1019 enim
590 962 716 1018 sunt
742 968 806 1008 ex
829 968 888 1009 se
914 962 1095 1025 aperta
1119 963 1176 1012 et
1212 955 1473 1023 dilucida;
1506 957 1615 1020 imo
1644 973 1774 1014 vero
1799 961 2008 1021 etiarnsi

413 1044 593 1107 omnia
658 1046 969 1116 ignorares,
1014 1046 1094 1103 sic
1141 1063 1353 1120 linoque
1413 1058 1689 1119 oporteret
1750 1058 1803 1111 te
1853 1053 2007 1122 quie-

418 1152 594 1202 scere,
642 1147 699 1197 ut
734 1153 840 1193 non
879 1139 1116 1208 cxpeilas
1159 1154 1255 1197 eos
1303 1141 1394 1211 qui
1430 1141 1713 1205 attendunt
1743 1160 1757 1197 ε
1789 1155 1847 1197 ut
1883 1151 2006 1209 cum

413 1228 525 1291 Deo
549 1239 828 1301 acceptum
857 1229 1016 1285 fuerit
1046 1239 1192 1286 tuum
1222 1232 1492 1288 silentium
1532 1243 1587 1291 et
1627 1232 1798 1304 pudor
1841 1244 1962 1293 tuus
1985 1278 2002 1306 ,

409 1320 528 1391 ipse
570 1334 632 1374 ea
672 1335 791 1390 qua:
828 1330 953 1375 sunt
981 1321 1208 1389 obscura
1257 1323 1446 1381 reddat
1486 1325 1739 1381 dilucida.
1790 1327 1858 1383 At
1895 1343 2002 1387 non

411 1420 565 1493 potes
594 1411 791 1477 silere?
822 1412 914 1475 Exi
938 1428 1088 1485 ergo,
1120 1430 1185 1479 ne
1211 1414 1331 1471 aliis
1358 1430 1571 1487 quoque
1595 1416 1847 1483 damnum
1875 1418 2005 1479 ati‘e-

408 1516 519 1566 ras.
569 1502 777 1563 Etenim
815 1504 865 1558 in
898 1504 1128 1567 ecclesia
1169 1520 1329 1562 unam
1372 1516 1587 1576 oportet
1631 1522 1846 1579 semper
1883 1524 2004 1575 esse

408 1611 617 1663 vocem,
641 1613 706 1653 ac
730 1598 774 1653 si
804 1614 965 1653 unum
990 1598 1060 1654 sit
1083 1614 1297 1671 corpus.
1332 1600 1623 1673 Propterea
1648 1611 1703 1656 et
1733 1602 1821 1681 qui
1854 1603 1999 1679 legit,

408 1691 555 1761 solus
597 1691 866 1762 loquitur;
900 1703 953 1749 et
984 1693 1028 1757 is
1051 1694 1141 1765 qui
1167 1680 1533 1766 episcopatum
1562 1694 1789 1761 obtinet,
1821 1703 2003 1757 manet

407 1784 621 1840 silentio
645 1784 876 1853 sedens;
915 1796 970 1847 et
998 1786 1042 1841 is
1071 1768 1159 1857 qui
1186 1786 1385 1859 psallit,
1417 1786 1566 1845 solus
1606 1788 1817 1863 psallit;
1859 1797 1915 1855 et
1952 1788 2001 1844 si

407 1889 597 1933 omnes
626 1878 1002 1947 respondendo
1022 1868 1296 1947 resonent,
1321 1895 1423 1936 vox
1447 1881 1616 1947 fertur
1638 1891 1904 1953 tamquam
1932 1897 1998 1939 cx

407 1983 517 2027 uno
546 1983 669 2037 ore;
699 1978 755 2029 et
782 1972 871 2049 qui
895 1969 961 2025 ad
984 1971 1239 2049 populum
1266 1971 1428 2028 verba
1459 1970 1604 2035 facit.
1632 1972 1782 2029 solus
1820 1971 2001 2043 loqui-

406 2068 517 2127 tur.
548 2058 775 2126 Quando
798 2070 977 2127 autem
1007 2061 1163 2121 multi
1188 2061 1257 2126 de
1282 2061 1467 2125 multis
1492 2072 1544 2116 et
1570 2060 1801 2118 diversis
1825 2061 2001 2118 disce-

405 2158 580 2220 ptant,
611 2165 709 2211 cur
736 2149 890 2209 vobis
915 2149 1116 2217 frustra
1145 2152 1446 2211 molestiam
1470 2151 1861 2215 eshibeamus?
1885 2152 1997 2208 Nisi

406 2241 549 2303 enim
574 2252 775 2302 temere
803 2258 901 2299 nos
925 2243 1168 2307 molestia
1194 2242 1411 2306 afﬁcere
1440 2243 1718 2315 putaretis,
1747 2244 1903 2299 nobis
1931 2242 2000 2300 de

408 2332 573 2401 tantis
620 2333 781 2401 rebus
821 2334 1183 2406 loquentibus,
1214 2333 1284 2392 de
1322 2334 1390 2399 iis
1428 2350 1550 2406 qua:
1590 2334 1723 2391 nihil
1768 2333 2000 2392 attinent

405 2439 514 2489 non
563 2424 940 2496 loqueremini.
990 2426 1282 2498 Propterea
1307 2441 1416 2483 non
1447 2427 1501 2485 in
1525 2427 1634 2487 vita
1661 2426 1835 2487 solum
1856 2468 1873 2495 ,
1902 2427 1996 2487 sed

404 2525 460 2571 et
488 2517 541 2575 in
568 2516 682 2588 ipsa
711 2533 889 2575 rerum
916 2518 1314 2586 existimatione
1344 2534 1533 2591 magna
1561 2527 1646 2576 est
1673 2519 1948 2591 perversio
1978 2536 1991 2574 :

403 2607 470 2667 ad
499 2623 560 2666 ea
587 2609 786 2681 quippe
810 2626 929 2682 qua:
950 2620 1076 2677 sunt
1102 2610 1374 2682 superﬂua
1404 2611 1622 2669 inhiatis
1646 2653 1663 2679 ,
1687 2612 1996 2678 veritatem-

403 2717 509 2786 que
534 2702 885 2771 dimittentcs,
917 2704 1137 2770 umbras
1162 2714 1217 2762 et
1243 2709 1449 2761 somnia
1480 2704 1887 2777 persequimini.

476 2796 778 2851 Diuitiarum
803 2798 1019 2855 vanitas.
1044 2801 1322 2865 -—-Annon
1343 2799 1531 2856 umbra
1561 2809 1615 2854 et
1640 2797 1846 2864 somnia
1870 2804 2000 2859 sunt

404 2886 583 2955 omnia
614 2888 920 2965 praesentia,
953 2897 1007 2945 et
1037 2890 1224 2947 umbra
1244 2890 1514 2953 deteriora
1541 2889 1565 2943 ?
1590 2888 1799 2947 Etenim
1822 2886 1996 2973 prius-

407 2993 566 3053 quam
597 2990 928 3051 appareant,
969 2982 1264 3046 recedunt;
1296 2991 1350 3037 et
1385 2982 1697 3053 priusquam
1727 2979 1945 3049 avolem
1973 3020 1990 3053 ,

2120 510 2409 583 voluptate.
2439 513 2509 579 Et
2534 516 2581 571 si
2607 516 2693 573 hie
2722 517 3140 581 innumerabiles
3167 535 3417 596 acceptas
3455 526 3715 591 infuderit

2119 604 2372 679 pecunias
2388 645 2405 673 ,
2427 620 2550 662 eum
2576 623 2683 666 nox
2714 613 3029 680 praeterierit
3048 654 3065 682 ,
3095 614 3220 672 hinc
3246 617 3419 675 nudus
3445 622 3649 678 recedit
3681 643 3696 692 ;

2116 703 2171 753 et
2197 697 2411 753 merito.
2438 698 2569 756 Nam
2597 712 2651 760 et
2674 705 2764 777 qui
2796 705 2851 765 in
2879 709 3085 771 somnis
3113 721 3238 767 sunt
3261 712 3485 786 divites,
3517 733 3639 774 cum
3669 738 3705 778 e

2115 788 2279 844 cubili
2308 794 2662 861 surrexerint,
2689 797 2821 852 nihil
2845 798 3045 857 habent
3059 816 3123 857 ex
3146 802 3214 859 iis
3237 819 3358 876 quae
3385 807 3705 870 videbantur

2117 877 2314 979 habere
2338 882 2674 943 dormientes
2704 908 2718 944 :
2749 890 2818 944 ita
2847 891 3012 949 etiam
3049 895 3196 951 avari
3226 905 3284 957 et
3308 898 3400 969 qui
3429 900 3580 979 plura
3602 904 3704 960 ha-

2114 968 2272 1033 bendi
2318 973 2567 1041 laborant
2607 979 2936 1055 cupiditate;
2969 983 3079 1045 imo
3125 1002 3254 1046 vero
3301 968 3526 1056 non'ita
3555 1035 3570 1059 ,
3594 982 3700 1062 sed

2114 1062 2275 1136 longe
2313 1067 2486 1161 pejus.
2521 1070 2654 1129 Nam
2695 1073 2786 1142 qui
2818 1074 2871 1129 in
2904 1078 3111 1140 somnis
3137 1079 3356 1154 quidem
3385 1092 3469 1146 est
3494 1083 3652 1147 dives
3680 1130 3698 1161 ,

2113 1171 2288 1229 neque
2316 1159 2477 1216 habet
2506 1164 2763 1234 pecunias
2786 1181 2922 1241 quas
2952 1167 3007 1228 in
3043 1170 3249 1236 visione
3275 1188 3335 1236 se
3361 1176 3581 1245 putabat
3605 1159 3701 1239 ba-

2112 1248 2242 1306 bere
2260 1290 2276 1319 ,
2297 1267 2471 1325 neque
2499 1254 2607 1313 alio
2635 1258 2888 1329 quopiam
2910 1261 3052 1321 malo
3074 1262 3144 1321 ab
3173 1262 3279 1329 hac
3310 1266 3515 1331 visione
3542 1285 3704 1333 accc-

2109 1352 2225 1415 pto.
2244 1347 2450 1418 surgit:
2479 1348 2581 1406 iste
2604 1360 2809 1419 autem,
2829 1354 3070 1427 pecuniis
3092 1357 3308 1437 quidem
3332 1370 3416 1425 oSt
3432 1361 3695 1434 privatus,

2110 1437 2341 1507 peccatis
2368 1448 2548 1503 autem
2586 1456 2706 1512 qua:
2733 1457 2802 1509 ex
2831 1446 3071 1521 pecuniis
3095 1457 3212 1511 orta
3237 1459 3365 1515 sunt
3398 1453 3637 1523 repletus
3667 1497 3685 1524 ,

2110 1524 2369 1617 discedit;
2401 1538 2594 1594 etcum
2623 1548 2745 1603 qua:
2771 1549 2838 1599 ex
2870 1535 3071 1597 divitiis
3096 1536 3252 1607 ﬁunt,
3276 1542 3485 1602 visione
3510 1560 3699 1617 appre-

2111 1615 2359 1673 henderit
2384 1660 2398 1685 ,
2425 1621 2563 1688 mala
2591 1623 2714 1680 inde
2736 1634 2851 1689 orta
2884 1643 2991 1687 non
3022 1628 3168 1691 videt
3199 1632 3332 1694 ultra
3364 1634 3419 1691 in
3445 1615 3651 1699 visione
3676 1680 3694 1707 ,

2108 1708 2203 1800 sed
2235 1709 2288 1766 in
2320 1712 2435 1786 ipsa
2480 1730 2662 1773 rerum
2692 1718 2923 1781 veritate
2956 1738 2970 1775 :
3003 1730 3056 1785 et
3079 1721 3176 1783 fuit
3203 1725 3420 1799 quidem
3448 1728 3697 1800 voluptas

2110 1798 2162 1893 in
2189 1803 2391 1867 somnis
2415 1820 2431 1872 ;
2463 1805 2605 1877 quod
2626 1816 2806 1871 autem
2833 1824 2900 1867 ex
2928 1810 3200 1885 voluptate
3222 1819 3461 1875 nascitur
3489 1798 3697 1893 suppli.

2107 1889 2249 1955 cium
2281 1933 2296 1958 ,
2324 1908 2431 1957 non
2473 1896 2655 1968 utique
2677 1899 2876 1959 accidit
2903 1900 2956 1961 in
2978 1904 3184 1963 somnis
3204 1945 3221 1971 ,
3253 1905 3349 1963 sed
3380 1907 3435 1971 in
3464 1889 3578 1987 ipsa
3595 1889 3696 1971 ex.

2107 1983 2369 2057 perientia
2395 2001 2410 2050 ;
2441 1986 2550 2043 imo
2577 2003 2707 2045 vero
2729 1990 2889 2053 etiam
2918 2001 3044 2057 ante
3087 1994 3219 2055 illud
3258 1983 3576 2071 Supplicium
3603 2001 3694 2064 hic

2105 2089 2318 2157 quoque
2346 2087 2614 2139 extremas
2638 2081 2731 2139 dat
2751 2097 2964 2160 poenas,
2996 2094 3055 2145 ut
3079 2089 3171 2167 qui
3203 2089 3257 2145 in
3280 2091 3578 2169 colligendo
3606 2103 3691 2157 at.

2108 2175 2311 2225 teratur
2357 2169 2836 2235 innumerabilibus
2875 2177 3042 2237 animi
3076 2179 3515 2255 tegritudinibus,
3539 2184 3693 2243 solli-

2104 2257 2451 2328 citudinibus,
2481 2266 2934 2336 accusationibus,
2962 2269 3268 2340 calumniis,
3298 2275 3612 2338 tumultibus
3633 2288 3690 2341 et

2104 2353 2618 2426 perturbationibus.
2652 2355 2721 2414 Ut
2750 2373 2879 2431 ergo
2907 2370 2958 2423 et
2988 2377 3020 2419 a
3046 2365 3270 2423 somniis
3299 2365 3617 2436 liberemur,
3635 2380 3693 2431 et

2103 2456 2132 2507 a
2165 2444 2321 2503 malis
2365 2461 2486 2516 qua:
2531 2463 2640 2514 non
2675 2461 2801 2511 sunt
2834 2452 2887 2509 in
2933 2455 3156 2517 somniis
3178 2498 3194 2531 ,
3226 2472 3327 2529 pro
3372 2460 3596 2523 avaritia
3636 2474 3693 2527 et
3724 2497 3731 2503 -

2103 2533 2255 2609 plura
2283 2535 2510 2601 habendi
2535 2540 2827 2611 cupiditate
2853 2544 3251 2623 elemosynam
3282 2551 3560 2623 eligamus,
3592 2568 3692 2625 pro

2102 2626 2290 2696 rapina
2318 2626 2723 2702 benignitatem.
2770 2633 2863 2697 Sic
2913 2637 3059 2697 enim
3093 2642 3379 2713 praesentia
3422 2653 3479 2699 et
3513 2644 3689 2711 latura

2101 2715 2242 2773 bona
2267 2733 2620 2792 assequemur
2645 2764 2663 2792 ,
2689 2727 2859 2803 gratia
2890 2736 2947 2791 et
2980 2729 3311 2804 benignitate
3345 2735 3555 2795 Domini
3583 2753 3685 2793 uo-

2101 2807 2201 2871 stri
2222 2807 2352 2867 Jesu
2381 2811 2584 2871 Christi
2609 2855 2627 2883 ,
2657 2817 2874 2886 quicum
2901 2818 3046 2885 Patri
3076 2838 3287 2895 unaque
3317 2825 3538 2897 Spiritui
3562 2844 3689 2893 sano

2100 2909 2191 2958 cto
2219 2902 2412 2972 gloria,
2442 2903 2727 2976 imperium
2750 2949 2765 2975 ,
2796 2909 2971 2969 honor
2991 2953 3009 2972 .
3041 2928 3184 2977 nunc
3207 2923 3262 2973 et
3285 2931 3521 2989 semper,
3545 2930 3599 2983 et
3631 2920 3689 2981 in

2100 2992 2296 3052 sarcula
2316 2996 2658 3063 saeculorum.
2693 3000 2888 3067 Amen.

1594 3179 1949 3257 HOMILM
1989 3176 2322 3253 XXXVII.

402 3333 532 3396 Clin.
577 3333 666 3400 14.
699 3348 750 3385 v.
778 3333 866 3394 δι.
906 3330 1144 3389 Mulieres
1182 3340 1360 3385 vestra:
1391 3331 1444 3384 in
1493 3327 1716 3391 ecclesiis
1762 3334 1982 3383 taceant.

472 3423 594 3496 Non
621 3424 753 3478 enim
781 3423 1087 3495 permittitur
1109 3424 1179 3483 eis
1202 3422 1361 3495 loqui,
1381 3421 1472 3478 sed
1498 3420 1726 3476 subditas
1753 3434 1879 3485 esse,
1910 3420 1984 3474 si-

470 3525 553 3571 cut
581 3526 629 3571 et
659 3516 741 3571 lex
768 3515 912 3570 dicit.

469 3609 523 3663 l.
555 3607 691 3663 Cum
720 3622 867 3674 eum,
896 3607 987 3680 qui
1018 3622 1081 3663 ex
1112 3606 1308 3678 linguis
1339 3606 1614 3663 oriebatur
1644 3648 1661 3679 ,
1695 3605 1984 3661 tumultum

397 3706 746 3775 amputasset,
775 3706 830 3754 et
854 3684 974 3753 eum
1004 3700 1093 3769 qui
1118 3714 1181 3752 ex
1203 3698 1519 3773 pr0phetiis,
1550 3708 1605 3755 et
1629 3698 1800 3770 legem
1835 3698 1987 3754 tulis-

396 3798 479 3853 set
501 3831 516 3854 ,
549 3805 615 3846 ne
645 3800 786 3853 esset
817 3790 1097 3857 conlusio,
1136 3800 1192 3845 ut
1219 3791 1309 3862 qui
1352 3791 1545 3864 linguis
1577 3791 1935 3863 loquebantur
1963 3832 1980 3859 ,

397 3881 499 3947 hoc
520 3882 756 3948 vicissim
780 3883 1021 3951 lacerent
1048 3925 1065 3953 ,
1097 3892 1153 3939 et
1183 3891 1240 3938 ut
1270 3882 1360 3954 qui
1393 3882 1788 3955 prophetabant
1813 3924 1830 3952 ,
1858 3898 1980 3939 eum

395 3973 534 4042 alter
561 3972 869 4045 incepisset,
906 3983 1147 4041 tacerent
1176 3992 1191 4029 :
1221 3974 1464 4046 procedit
1486 3974 1700 4031 demum
1728 3975 1890 4031 etiam
1912 3974 1981 4030 ad

394 4066 852 4137 perturbationem
876 4083 995 4139 quae
1019 4069 1193 4123 oritur
1213 4083 1279 4123 ex
1309 4067 1624 4125 mulieribus
1654 4109 1669 4134 ,
1697 4075 1982 4138 amputans

393 4173 577 4229 earum
608 4160 966 4231 importunam
997 4160 1246 4231 loquendi
1280 4160 1581 4216 libertatem
1603 4156 1617 4213 ἑ
1635 4161 1795 4232 idque
1822 4160 1981 4221 valde

391 4261 710 4323 importune.
740 4252 873 4311 Nam
901 4252 945 4308 si
978 4253 1043 4308 iis
1064 4294 1079 4322 ,
1108 4253 1199 4324 qui
1229 4253 1428 4319 habent
1455 4254 1780 4325 charismata
1809 4295 1826 4327 ,
1871 4271 1976 4311 non

392 4343 718 4421 pennittitur
751 4352 955 4402 temere
983 4345 1126 4417 loqui
1158 4387 1174 4415 ,
1208 4361 1384 4421 neque
1412 4330 1627 4419 quando
1662 4348 1867 4415 velint,
1895 4349 1977 4405 id-

387 4418 493 4505 que
522 4450 645 4499 eum
677 4444 993 4507 moveantur
1016 4452 1044 4490 a
1068 4434 1271 4509 Spiritu
1342 4418 1512 4503 multo
1549 4439 1721 4510 magis
1752 4438 1856 4494 illis
1893 4439 1971 4493 in~

387 4526 726 4587 considerate
772 4536 828 4585 et
867 4543 1002 4589 vane
1043 4529 1387 4603 nugantibus.
1441 4529 1732 4605 Propterea
1783 4545 1973 4602 magna

383 4632 597 4691 quoque
621 4632 744 4683 cum
772 4619 1093 4676 auctoritate
1118 4622 1433 4693 augentium
1467 4635 1561 4679 ora
1590 4621 1822 4681 obstruit
1851 4637 1868 4688 ;
1916 4631 1971 4677 et

382 4708 503 4780 lege
538 4725 720 4769 secum
757 4718 1035 4783 assumpta
1068 4752 1082 4779 ,
1113 4725 1299 4770 eorum
1335 4711 1414 4766 sic
1439 4726 1533 4767 ora
1572 4712 1807 4769 obturat.
1850 4712 1967 4773 Non

383 4800 557 4859 solum
602 4804 745 4861 enim
788 4803 876 4861 hic
899 4802 1091 4873 suadet
1118 4844 1137 4870 ,
1167 4819 1343 4886 neque
1376 4804 1649 4871 consulit,
1680 4804 1773 4860 sed
1804 4804 1965 4870 etiam

381 4891 730 4957 vehementer
757 4896 984 4969 imperat
1013 4936 1029 4963 ,
1065 4896 1248 4969 legens
1282 4897 1556 4969 antiquam
1589 4895 1672 4951 his
1709 4896 1776 4951 de
1804 4896 1967 4955 rebus

382 4982 578 5054 legem.
607 4984 741 5052 Nam
767 5002 886 5047 eum
922 4988 1145 5046 dixisset
1178 5006 1193 5045 :
1225 4989 1470 5045 Mulieres
1498 4998 1674 5045 vestra:
1718 4988 1772 5043 in
1810 4991 1968 5051 eccle-

376 5075 465 5139 siis
487 5084 704 5142 taceant,
731 5085 814 5149 et,
845 5077 968 5141 Non
995 5081 1301 5152 permittitur
1322 5083 1392 5137 eis
1415 5082 1586 5154 loqui,
1610 5082 1699 5153 sed
1718 5081 1966 5153 subjectus

376 5183 483 5222 esse
509 5208 525 5235 ,
557 5165 836 5237 subjunxit
867 5185 882 5224 :
910 5168 1057 5223 Sicut
1085 5179 1131 5224 et
1165 5170 1247 5225 lex
1278 5173 1423 5233 dicit.
1464 5174 1533 5228 Et
1579 5163 1669 5233 ubi
1701 5173 1806 5237 hoc
1834 5174 1964 5231 dicit

376 5258 462 5315 lex
493 5263 517 5313 ζ’
546 5258 624 5314 Ad
648 5259 811 5316 virum
833 5268 976 5314 tuum
1003 5263 1261 5318 conversio
1283 5272 1391 5337 tua,
1423 5274 1473 5318 et
1492 5265 1600 5335 ipse
1624 5267 1714 5320 tibi
1735 5268 1961 5333 domina.

374 5354 508 5409 bitur
560 5353 733 5429 (Gen.
762 5355 816 5429 3,
851 5354 916 5422 i6
951 5355 992 5428 ).
1024 5355 1272 5415 Vidistin’
1316 5356 1464 5421 Pauli
1515 5360 1831 5428 sapientiam
1858 5403 1873 5430 ,
1906 5370 1964 5426 et

374 5458 626 5516 quantum
651 5448 935 5509 adduxerit
966 5450 1357 5523 testimonium,
1376 5449 1519 5524 quod
1546 5466 1652 5506 non
1674 5453 1845 5508 solum
1865 5467 1958 5508 eas

368 5540 554 5609 jubeat
576 5551 753 5600 tacere
778 5585 795 5619 ,
833 5544 928 5601 sed
969 5544 1129 5600 etiam
1156 5552 1334 5601 tacere
1357 5560 1479 5600 cum
1518 5554 1663 5601 metu
1691 5587 1707 5614 ,
1754 5555 1809 5601 et
1835 5560 1956 5601 cum

2090 3338 2198 3380 non
2225 3324 2521 3396 subiunxit,
2542 3326 2648 3384 Sed
2668 3336 2865 3396 tacere,
2886 3332 2985 3388 sed
3011 3347 3109 3403 pro
3134 3343 3313 3391 tacere
3340 3337 3516 3407 posuit
3536 3340 3679 3409 quod

2088 3425 2174 3472 est
2197 3417 2427 3488 amplius
2455 3459 2470 3484 ,
2507 3434 2701 3490 nempe
2728 3422 2937 3491 subjici.
2965 3421 3022 3480 Si
3055 3424 3157 3482 hoc
3185 3436 3364 3484 autem
3398 3429 3539 3499 apud
3565 3446 3684 3487 ma-

2090 3510 2225 3565 ritos
2254 3551 2271 3574 .
2311 3510 2486 3567 multo
2513 3512 2685 3584 magis
2722 3514 2864 3584 apud
2894 3514 3146 3573 doctores
3187 3527 3243 3574 et
3288 3529 3469 3589 patres
3492 3562 3509 3585 ,
3541 3529 3598 3578 et
3624 3523 3676 3577 in

2091 3602 2361 3657 communi
2405 3611 2547 3658 emta
2574 3604 2841 3661 ecclesiae.
2886 3608 2958 3662 At
2997 3609 3041 3662 si
3084 3621 3192 3664 non
3230 3610 3517 3681 loquantur
3542 3654 3558 3680 ,
3588 3612 3673 3667 in-

2089 3694 2245 3766 quies
2269 3735 2285 3759 ,
2318 3710 2421 3752 nec
2450 3695 2821 3769 interrogent,
2850 3715 3082 3772 quanam
3108 3701 3176 3758 de
3202 3717 3364 3760 causa
3394 3704 3625 3761 aderunt
3650 3705 3677 3760 ?

2090 3785 2159 3842 Ut
2183 3782 2403 3841 audiant
2421 3787 2638 3867 quidem
2666 3804 2785 3859 qua:
2804 3801 3054 3861 oportet,
3082 3807 3145 3848 ea
3172 3803 3351 3850 autem
3379 3795 3448 3851 de
3470 3797 3670 3867 quibus

2087 3875 2355 3946 dubitant,
2380 3894 2410 3934 a
2439 3879 2646 3935 maritis
2675 3880 2820 3936 domi
2845 3882 3080 3939 discant.
3112 3883 3180 3940 Et
3205 3886 3327 3942 ideo
3354 3886 3629 3957 subiunxit
3654 3905 3670 3942 :

2085 3968 2176 4027 35.
2203 3969 2265 4025 Si
2293 3970 2418 4041 quid
2436 3981 2605 4027 autem
2638 3973 2811 4029 volunt
2851 3975 3043 4029 discere
3067 4017 3082 4043 ,
3115 3975 3253 4031 domi
3278 3978 3412 4033 viros
3440 3994 3559 4035 suos
3586 3981 3670 4036 in-

2086 4069 2355 4132 terrogent.
2377 4060 2493 4117 Non
2518 4064 2714 4142 solum,
2744 4064 2933 4135 inquit,
2964 4080 3069 4121 non
3101 4066 3205 4123 illis
3229 4067 3373 4139 loqui
3402 4070 3671 4140 permitti-

2085 4161 2192 4220 tur,
2222 4154 2316 4210 sed
2346 4169 2446 4211 nec
2471 4155 2672 4228 aliquid
2700 4156 3032 4228 interrogare
3053 4158 3105 4214 in
3123 4159 3370 4215 ecclesia.
3402 4161 3458 4217 Si
3484 4171 3667 4219 autem

2083 4261 2189 4302 non
2217 4257 2430 4317 oportet
2455 4249 2808 4320 interrogare,
2842 4250 3015 4307 multo
3038 4253 3211 4323 magis
3233 4252 3480 4310 absolute
3515 4254 3669 4310 nefas

2081 4346 2162 4393 est
2183 4337 2348 4410 loqui.
2380 4339 2448 4394 Et
2473 4355 2570 4395 cur
2593 4355 2685 4396 eas
2709 4340 2776 4397 ad
2801 4350 2999 4397 tantam
3022 4342 3228 4414 redegit
3249 4345 3667 4415 subiectionem?

2081 4431 2370 4501 Propterea
2400 4432 2541 4502 quod
2566 4433 2762 4489 mulier
2786 4448 2874 4490 res
2898 4443 2981 4491 est
3007 4434 3265 4491 imbecilla
3291 4446 3345 4492 et
3370 4437 3583 4494 mobilis
3609 4449 3666 4495 et

2081 4523 2233 4578 levis.
2281 4522 2408 4579 ideo
2448 4524 2529 4580 eis
2566 4526 2786 4581 maritos
2813 4525 3053 4599 prml‘eeit
3089 4528 3376 4597 doctores,
3406 4538 3664 4600 utrosque

2072 4613 2285 4684 juvans.
2314 4614 2449 4671 Nam
2475 4623 2530 4671 et
2558 4614 2677 4672 illas
2702 4617 2933 4675 reddidit
2961 4618 3252 4684 modestas,
3272 4627 3327 4677 et
3356 4619 3456 4677 hos
3475 4620 3661 4677 reddi-

2075 4707 2368 4778 ditgnavos
2393 4716 2447 4763 et
2473 4708 2752 4775 sollicitos,
2776 4719 2834 4765 ut
2850 4709 2938 4788 qui
2965 4725 3050 4778 ea,
3075 4726 3196 4782 qua:
3233 4711 3537 4779 audierant,
3567 4727 3659 4768 es-

2074 4810 2196 4855 sent
2265 4800 2609 4861 exactissime
2676 4801 2820 4873 apud
2893 4817 2985 4858 eas
3063 4801 3379 4873 deposituri.
3454 4804 3662 4862 Deinde

2072 4892 2325 4961 quoniam
2356 4892 2407 4949 id
2433 4901 2751 4953 ornamento
2764 4893 2864 4949 sibi
2888 4893 3002 4950 fore
3022 4892 3289 4950 ducebant
3303 4894 3449 4965 quod
3465 4895 3658 4967 loque-

2070 4993 2262 5041 rentur
2281 4986 2512 5057 publice,
2540 5001 2845 5047 sermonem
2863 4986 2953 5042 ille
2972 4985 3188 5042 deducit
3216 4985 3268 5041 in
3300 4987 3653 5056 contrarium,

2068 5076 2258 5139 dicens
2288 5096 2302 5133 :
2332 5077 2506 5152 Turpe
2531 5088 2606 5139 est
2629 5079 2764 5134 enim
2788 5078 2988 5133 mulieri
3007 5078 3147 5149 loqui
3170 5078 3224 5132 in
3256 5078 3487 5133 ecclesia.
3515 5077 3652 5136 Nam

2068 5171 2299 5241 primum
2324 5172 2538 5242 quidem
2568 5172 2672 5229 hoc
2693 5170 3034 5229 conﬁrmavit
3059 5186 3089 5225 a
3119 5171 3238 5242 lege
3268 5170 3362 5227 Dei
3393 5186 3410 5236 ;
3452 5170 3652 5228 deinde

2066 5281 2097 5320 a
2118 5264 2386 5321 communi
2409 5266 2617 5321 ratione
2635 5273 2691 5320 et
2709 5263 3097 5321 consuetudine
3114 5262 3282 5319 :sicut
3300 5264 3462 5319 etiam
3481 5275 3652 5337 quan-

2065 5358 2136 5413 do
2164 5359 2244 5413 eis
2269 5358 2336 5417 de
2365 5373 2518 5414 corna
2544 5359 2778 5426 dicebat,
2798 5361 2980 5414 Annon
3008 5357 3103 5415 hoc
3124 5374 3212 5414 vos
3236 5359 3352 5428 ipsa
3376 5358 3521 5413 docet
3549 5373 3649 5412 na-

2066 5449 2277 5521 mra(l.
2309 5447 2426 5505 Cor.
2461 5451 2548 5506 ll.
2580 5450 2701 5523 id)?
2730 5451 2798 5506 Et
2819 5450 3016 5522 ubique
3040 5452 3158 5522 ejus
3184 5453 3345 5508 talem
3368 5449 3646 5507 inveneris

2064 5541 2303 5607 modum,
2331 5555 2437 5595 non
2466 5557 2534 5597 ex
2565 5542 2762 5599 divinis
2787 5543 3082 5614 Seripturis
3104 5585 3120 5612 ,
3152 5544 3248 5600 sed
3279 5560 3345 5600 ex
3370 5545 3482 5614 ipsa
3510 5557 3647 5599 eon-

376 5637 525 5687 tanto
567 5643 733 5702 metu,
762 5649 883 5692 eum
935 5644 1138 5707 quanto
1182 5636 1434 5697 ancillam
1479 5644 1694 5706 oportet
1744 5634 1957 5690 silere?
2061 5632 2343 5688 suetudine
2371 5632 2573 5702 pudore
2592 5634 2934 5691 aflieientem.
2954 5636 3218 5692 Praeterea
3238 5635 3390 5692 abiis
3410 5648 3644 5707 quoque,

373 5719 660 5794 Propterea
682 5738 803 5781 cum
823 5726 935 5797 ipse
956 5726 1198 5797 dixisset,
1228 5724 1344 5781 Non
1370 5726 1675 5796 permittitur
1694 5725 1766 5789 eis
1794 5726 1951 5795 loqui,
2060 5739 2180 5794 qua:
2207 5724 2445 5791 omnium
2469 5725 2720 5795 opinione
2747 5726 2991 5784 feruntur
3020 5767 3038 5796 ,
3066 5736 3123 5784 et
3146 5743 3264 5799 qua:
3294 5726 3493 5798 ubique
3516 5732 3645 5783 sunt
