4122 6226
419 446 522 502 κᾶν
554 447 769 502 ἅπαντα
821 447 1039 520 ἀγνοῇς,
1090 450 1182 502 καὶ
1207 449 1377 513 οὕτως
1406 449 1701 520 ἡσυχάζειν
1731 449 1860 515 ἔδει,
1897 451 1984 505 ἵνα

421 527 496 599 μὴ
521 531 647 594 τοὺς
671 532 1036 601 προσέχοντας
1059 531 1382 604 ἐκκρούσῃς,
1407 533 1493 586 ἵνα
1517 550 1610 586 σου
1634 534 1732 605 τὴν
1755 534 1984 604 ἡσυχίαν

420 614 512 666 καὶ
536 613 634 682 τὴν
668 611 802 667 αίδὼ
840 613 1242 684 ἀποδεξάμενος
1278 618 1306 668 6
1351 615 1502 680 Θεὸς,
1545 617 1639 670 καὶ
1682 615 1751 669 τά
1798 616 1981 688 ἀσαφῆ

419 697 619 767 ποιήσῃ
640 696 791 764 δῆλα.
833 696 972 748 Ἀλλ’
997 697 1058 750 ού
1083 697 1306 751 δύνασαι
1338 700 1530 770 σιγᾷν;
1586 700 1794 753 Οὐκοῦν
1822 699 1978 766 ἔξιθι,

421 777 507 831 ῐνα
539 778 613 848 μὴ
667 779 760 832 καὶ
812 780 1022 850 ἑτέροις
1062 781 1192 852 γένῃ
1231 781 1426 852 βλάϐη.
1478 782 1588 834 Kal
1616 782 1726 852 γὰρ
1764 782 1893 850 μίαν
1923 783 1982 835 ἐν

419 861 684 932 ἐκκλησίᾳ
711 862 794 914 δεῖ
831 862 1012 934 φωνὴν
1053 859 1189 916 εἶναι
1234 866 1340 927 ἀεὶ,
1377 864 1626 936 καθάπερ
1669 866 1786 928 ἐνὸς
1827 866 1982 929 ὄντος

421 944 690 1014 σώματος.
713 944 809 996 Διά
837 943 992 998 τοῦτο
1024 946 1116 998 καὶ
1141 949 1168 999 6
1189 946 1577 1015 ἀναγινώσκων
1609 948 1770 1018 μόνος
1813 949 1980 1016 φθέγ-

419 1043 610 1096 γεται’
643 1027 738 1080 καὶ
765 1026 926 1090 αὐτὸς
967 1029 996 1079 6
1039 1027 1138 1098 τὴν
1187 1028 1492 1099 ἐπισκοπὴν
1541 1029 1679 1099 ἔχων
1725 1031 1980 1100 ἀνέχεται

421 1114 544 1180 σιγῇ
575 1111 909 1179 καθήμενος·
960 1112 1054 1164 καὶ
1099 1114 1127 1166 6
1156 1111 1370 1180 ψάλλων
1418 1113 1608 1182 ψάλλει
1651 1113 1838 1184 μόνοςο
1875 1115 1979 1169 κᾶν

418 1195 614 1257 πάντες
640 1193 942 1265 ῦπηχῶσιν,
969 1193 1045 1258 ὡς
1083 1195 1141 1261 ἐξ
1188 1191 1306 1258 ἐνὸς
1341 1198 1608 1266 στόματος
1640 1199 1672 1260 ή
1705 1197 1854 1268 φωνὴ
1884 1198 1980 1266 φέο

419 1291 597 1346 ρεται⁶
629 1278 722 1330 καὶ
761 1279 789 1330 6
817 1277 1020 1347 ὁμιλῶν
1047 1277 1226 1350 ὁμιλεῖ
1257 1279 1434 1348 μόνος.
1476 1281 1643 1333 Ὅταν
1691 1280 1748 1332 δὲ
1791 1280 1978 1333 πολλοὶ

419 1359 510 1411 καὶ
559 1359 727 1412 πολλά
774 1361 866 1413 καὶ
910 1360 1140 1431 διάφορα
1184 1360 1558 1428 διαλέγωνται,
1618 1361 1760 1424 τίνος
1791 1361 1978 1416 ἕνεκεν

417 1441 736 1512 ἐνοχλοῦμεν
791 1445 954 1514 ἡμεῖς
989 1445 1150 1514 είκῆ;
1203 1445 1334 1498 Ούδέ
1369 1443 1476 1514 γὰρ
1511 1445 1561 1498 εί
1600 1444 1675 1516 μὴ
1728 1445 1853 1514 είκῆ
1887 1447 1976 1498 ἐν-

415 1525 591 1593 οχλεῖν
617 1527 764 1595 ἡμᾶς
782 1525 1022 1596 ἡγεῖσθε,
1057 1529 1186 1598 περὶ
1231 1528 1562 1598 τηλικούτων
1591 1529 1977 1600 φθεγγομένων

417 1607 591 1676 ἡμῶν,
618 1608 747 1680 περὶ
779 1609 890 1664 τῶν
920 1609 1073 1662 οὐδὲν
1103 1609 1169 1662 ἂν
1212 1611 1598 1682 προσηκόντων
1629 1612 1786 1681 ὑμεῖς
1815 1611 1976 1665 διελέο

417 1690 594 1757 γεσθε.
634 1691 733 1746 Διά
776 1692 948 1747 ταῦτα
979 1694 1079 1746 οῦκ
1107 1693 1164 1746 ἐν
1204 1691 1282 1762 τῷ
1317 1693 1416 1762 βίῳ
1465 1695 1626 1763 μόνον
1662 1695 1812 1764 ὑμῖν,
1838 1694 1976 1750 ἀλλά

417 1772 510 1825 καὶ
538 1775 596 1826 ἐν
619 1774 754 1845 αὐτῇ
784 1774 894 1829 τῶν
923 1776 1258 1847 πραγμάτων
1285 1778 1350 1846 τῇ
1376 1775 1542 1848 ψήφῳ
1585 1776 1754 1846 πολλὴ
1789 1778 1823 1846 ἡ
1853 1777 1971 1829 δια-

419 1859 654 1928 στροφή·
709 1858 805 1913 καὶ
848 1864 978 1933 περὶ
1030 1860 1098 1914 τά
1147 1861 1375 1932 περιττά
1408 1862 1700 1932 κεχηνατε,
1752 1862 1846 1914 καὶ
1877 1861 1976 1932 τὴν

415 1939 668 2011 ἀλήθειαν
693 1942 941 2014 ἀφέντες,
1000 1943 1101 2008 τάς
1139 1945 1295 2008 σκιάς
1325 1943 1419 1997 καὶ
1460 1944 1532 1997 τά
1571 1943 1823 2015 ὀνείρατα
1849 1942 1976 1996 διώ-

417 2041 560 2080 κετε.

489 2179 559 2231 Ἥ
591 2179 652 2230 οὐ
684 2179 808 2233 σκιὰ
836 2178 932 2232 καὶ
960 2178 1211 2249 ὀνείρατα
1243 2177 1312 2231 τὰ
1339 2178 1585 2250 παρόντα
1612 2178 1849 2243 ᾶπαντα,
1888 2180 1978 2233 καὶ

420 2262 580 2324 σκιᾶς
603 2260 796 2331 χείρως
832 2261 937 2315 Καὶ
970 2260 1079 2332 γάρ
1119 2263 1248 2331 πρὶν
1277 2261 1309 2332 ἢ
1357 2260 1613 2331 φανῆναι,
1647 2259 1973 2330 ἀφίπταται,

416 2342 510 2396 καὶ
539 2345 668 2413 πρὶν
695 2344 1024 2413 ἀποπτῆναι,
1052 2345 1218 2398 πολὺν
1248 2345 1479 2416 παρέχει
1510 2345 1602 2398 τὸν
1631 2345 1860 2416 θόρυϐον
1883 2350 1976 2400 καὶ

417 2424 636 2502 πλείονα
669 2427 764 2498 τῆς
794 2427 1002 2497 ἡδονῆς.
1055 2426 1173 2481 Κάν
1201 2428 1376 2498 μυρία
1400 2445 1485 2490 τις
1513 2427 1752 2482 ἐνταῦθα
1794 2428 1977 2482 λαϐὼν

416 2507 687 2579 κατορύξῃ
705 2510 806 2578 χρή
815 2526 978 2579 ματα,
1006 2509 1104 2578 τῆς
1130 2509 1324 2573 νυκτὸς
1356 2509 1751 2582 παρελθούσης,
1775 2512 1976 2581 γυμνὸς

416 2591 631 2643 ἄπεισιν
661 2591 930 2653 ἐντεῦθεν,
955 2592 1047 2645 καὶ
1065 2591 1208 2662 μάλα
1232 2594 1472 2655 είκότωςο
1505 2593 1627 2646 ἐπεὶ
1656 2593 1750 2647 καὶ
1775 2595 1823 2646 οί
1842 2593 1976 2663 δναρ

417 2667 790 2734 πλουτοῦντες,
822 2671 1149 2734 ἀναστάντες
1177 2671 1282 2724 ἀπὸ
1314 2671 1412 2742 τῆς
1441 2672 1623 2740 εὐνῆς,
1657 2671 1809 2725 οῦδὲν
1827 2672 1976 2744 έχου-

1397 335 1463 389 ΙΝ
1505 333 1719 390 EPIST.
1756 334 1776 388 I
1814 332 1905 389 AD
1939 332 2101 390 COR.
2141 332 2375 391 HOMIL.
2411 336 2676 395 XXXVII.

3555 342 3656 398 διο

2090 467 2173 502 σιν
2197 443 2274 504 ὧν
2299 451 2442 521 ἔχειν
2468 454 2683 510 ἐδόκουν
2707 455 3080 516 καθεύδοντεςο
3117 453 3258 507 οὕτω
3292 455 3382 507 καὶ
3404 455 3451 506 οἱ
3477 455 3662 506 πλεονο

2085 531 2391 596 εκτοῦντες·
2434 536 2634 604 μᾶλλον
2662 538 2719 590 δὲ
2769 538 2866 606 ούχ
2897 536 3090 598 οὕτως,
3141 535 3278 588 ἀλλά
3325 535 3420 588 καὶ
3475 536 3658 604 πολλῷ

2085 615 2282 682 χεῖρον.
2321 615 2379 668 Ὀ
2420 617 2518 686 μὲν
2543 618 2653 688 γάρ
2676 619 2812 691 δναρ
2839 617 3104 682 πλουτῶν,
3143 617 3264 669 οὔτε
3291 617 3360 670 τά
3393 617 3656 689 χρήματα

2084 693 2233 768 [545]
2267 695 2400 766 ἔχει,
2442 699 2587 770 άπερ
2640 700 2971 769 ἐφαντάζετο
3009 700 3176 770 ἔχειν,
3237 699 3361 752 οὔτε
3417 701 3544 754 ἄλλο
3590 716 3645 752 τι

2082 779 2291 834 κακδνι
2319 781 2427 834 ἀπὸ
2456 784 2553 852 τῆς
2574 785 2876 852 φαντασίας
2905 784 3110 852 ταύτης
3140 783 3321 836 λαϐὼν
3344 784 3650 836 ἀνίσταται·

2079 857 2230 924 οὗτος
2260 862 2317 916 δὲ
2347 863 2456 916 τῶν
2483 867 2580 935 μὲν
2610 869 2910 938 χρημάτων
2930 867 3242 937 ἐστέρηται,
3263 866 3373 918 τῶν
3396 867 3452 919 δέ
3483 868 3654 936 ἀμαρ-

2078 944 2337 1015 τημάτων
2366 946 2476 1000 τῶν
2503 949 2568 1001 ἐκ
2612 949 2718 1004 τῶν
2746 951 3044 1020 χρημάτων
3075 949 3407 1019 ἐμπλησθεὶς
3441 948 3648 1012 ἄπεισι,

2081 1027 2174 1080 καὶ
2220 1027 2277 1078 ἐν
2321 1028 2399 1099 τῷ
2447 1030 2659 1102 πλούτῳ
2694 1031 3051 1101 φαντασθεὶς,
3077 1032 3147 1085 τά
3176 1035 3242 1085 ἐκ
3279 1031 3372 1084 τοῦ
3417 1031 3661 1084 πλούτου.

2080 1109 2224 1163 κακά
2251 1110 2350 1180 οὐχ
2373 1113 2475 1182 ὁρᾷ
2499 1115 2556 1166 ἐν
2590 1114 2860 1184 φαντασίᾳ
2881 1115 3093 1180 λοιπὸν,
3143 1115 3257 1168 ἀλλ’
3288 1117 3345 1167 ἐν
3373 1115 3512 1184 αύτῇ
3540 1115 3650 1167 τῶν

2079 1193 2418 1262 πραγμάτων
2450 1198 2514 1264 τῇ
2550 1196 2812 1268 ἀληθείᾳ⁸
2861 1199 2958 1250 καὶ
3007 1199 3040 1268 η
3085 1197 3184 1268 μὲν
3218 1197 3376 1267 ἡδονὴ
3426 1199 3649 1264 γέγονεν

2077 1273 2136 1326 ἐν
2163 1273 2413 1345 ὀνείροις.
2451 1277 2484 1346 ἡ
2521 1277 2577 1330 δέ
2600 1279 2664 1331 ἐκ
2690 1279 2790 1348 τῆς
2821 1279 3012 1350 ἡδονῆς
3042 1279 3264 1342 κόλασις
3295 1279 3479 1332 οὐκέτι
3508 1278 3646 1346 ὖναρ

2079 1356 2384 1427 συμϐαίνει,
2421 1359 2536 1413 ἀλλ’
2571 1362 2630 1414 ἐν
2662 1362 2800 1432 αὐτῇ
2846 1365 2912 1433 τῇ
2953 1363 3137 1432 πείρᾳ,
3195 1361 3394 1430 μᾶλλον
3444 1361 3501 1414 δὲ
3554 1361 3647 1417 κα).

2080 1438 2184 1509 πρὸ
2211 1439 2310 1508 τῆς
2347 1441 2622 1506 κολάσεως
2649 1443 2859 1512 ἐκείνης
2889 1443 2984 1496 καὶ
3024 1442 3256 1497 ἐνταῦθα
3292 1443 3385 1514 τὴν
3414 1443 3647 1512 ἐσχάτην

2076 1521 2214 1574 τίνει
2257 1523 2432 1594 δίκην,
2463 1526 2521 1578 ἐν
2556 1525 2702 1597 αύτῷ
2730 1525 2807 1596 τῷ
2840 1525 3119 1594 συλλέγειν
3158 1526 3358 1597 μυρίας
3386 1543 3645 1596 προστρι-

2031 1655 2033 1658 .
2077 1603 2301 1675 ϐόμενος
2332 1606 2586 1678 ἀθυμίας,
2628 1610 2931 1679 φροντίδας,
2974 1608 3330 1678 κατηγορίας,
3372 1608 3644 1669 διαϐολάς.

2079 1684 2360 1755 θορύϐους,
2390 1691 2653 1761 ταραχάς.
2681 1691 2776 1744 Ἵν“
2798 1687 2888 1744 οὖν
2913 1692 3004 1744 καὶ
3029 1691 3134 1743 τῶν
3159 1690 3449 1760 ὀνειράτων
3481 1687 3646 1742 ἁπαλ-

2075 1767 2331 1838 λαγῶμεν
2377 1773 2471 1826 καὶ
2516 1774 2626 1827 τῶν
2658 1774 2842 1827 κακῶν
2871 1773 2978 1826 τῶν
3020 1774 3118 1826 οῦκ
3149 1774 3206 1824 ἐν
3239 1773 3491 1842 ὀνείροις,
3527 1774 3646 1824 ἀντὶ

2077 1849 2386 1916 πλεονεξίας
2447 1854 2818 1926 ἐλεημοσύνην
2885 1855 3157 1926 ἐλώμεθα,
3213 1855 3334 1907 ἀντὶ
3388 1856 3644 1926 ἁρπαγῆς

2079 1933 2506 2003 φιλανθρωπίαν.
2563 1937 2718 1991 Οὕτω
2757 1938 2864 2007 γὰρ
2903 1938 2996 1990 καὶ
3054 1936 3162 1989 τῶν
3216 1936 3496 2006 παρόντων
3551 1938 3645 1988 καὶ

2077 2015 2184 2067 τῶν
2217 2016 2520 2084 μελλόντων
2573 2020 2968 2090 ἐπιτευξόμεθα
3025 2018 3264 2086 ἀγαθῶν,
3311 2020 3490 2089 χάριτι
3552 2021 3644 2070 καὶ

2078 2098 2456 2170 φιλανθρωπίᾳ
2472 2099 2566 2153 τοῦ
2601 2103 2808 2172 Κυρίου
2838 2101 2994 2173 ἡμῶν
3031 2101 3204 2172 Ἰησοῦ
3235 2100 3494 2171 Χριστοῦ,
3523 2099 3644 2168 μεθ’

2072 2172 2134 2233 οὗ
2156 2180 2235 2251 τῷ
2277 2182 2450 2252 Πατρὶ
2479 2183 2595 2252 ᾶμα
2624 2184 2702 2255 τῷ
2737 2172 2876 2255 ἀγίῳ
2923 2183 3196 2254 Πνεύματι
3230 2183 3376 2249 δόξα,
3420 2183 3642 2252 κράτος,

2073 2262 2228 2332 τιμὴ,
2255 2262 2351 2317 νῦν
2379 2264 2471 2318 καὶ
2495 2265 2602 2328 ἀεὶ,
2640 2268 2733 2321 καὶ
2754 2269 2832 2332 είς
2863 2269 2987 2332 τοῦς
3030 2267 3231 2330 αίῶνας
3264 2264 3371 2318 τῶν
3415 2265 3640 2319 αἰώνων.

2085 2344 2277 2416 ’Δμήν.

2147 2686 2172 2715 ⁸
2198 2685 2349 2749 ﬂarg.
2376 2687 2548 2747 Savil.,
2569 2690 2732 2740 καλὸν.

421 2887 3634 2917 mm

1880 3110 2119 3166 OMIAIA
2173 3113 2296 3166 AZ'.

421 3267 488 3320 Αί
535 3263 816 3335 γυναῖκες
853 3265 1021 3335 ὑμῶν
1062 3267 1132 3321 ὲν
1186 3268 1313 3333 ταῖς
1336 3268 1686 3337 ἐκκλησίαις
1719 3266 1973 3338 σιτιίτω-

488 3364 628 3405 σαν.
695 3351 779 3404 οὐ
831 3350 942 3420 γὰρ
1002 3351 1418 3420 ἐπιτέτραπται
1471 3351 1682 3418 αὐταῖς
1743 3350 1979 3414 λαλεῖν,

488 3435 626 3490 ἀλλ’
664 3432 1141 3500 ὑποτάσσεσθαι,
1194 3433 1392 3501 καθὼς
1437 3435 1533 3489 καὶ
1586 3437 1619 3488 ὀ
1662 3433 1848 3504 νόμος
1879 3434 1980 3488 λέ·

492 3534 598 3587 γει.

488 3606 556 3653 α’.
577 3599 888 3671 Περικόψας
901 3599 991 3654 τὸν
1007 3599 1230 3672 θόρυϐον
1246 3601 1334 3654 τὸν
1351 3601 1460 3655 ἀπὸ
1474 3600 1581 3655 τῶν
1594 3601 1870 3669 γλωττῶν,
1889 3601 1984 3653 καὶ

421 3683 511 3736 τὸν
541 3683 647 3737 ἀπὸ
665 3682 776 3736 τῶν
801 3683 1165 3754 προφητειῶν,
1197 3683 1289 3737 καὶ
1320 3682 1708 3754 νομοθετήσας,
1733 3682 1873 3736 ὥστε
1908 3681 1983 3754 μή

423 3766 680 3838 σύγχυσιν
708 3765 976 3835 γίνεσθαι,
1008 3765 1136 3829 τούς
1157 3783 1216 3818 τε
1243 3765 1516 3833 γλώσσαις
1548 3765 1846 3827 λαλοῦντας
1877 3763 1982 3818 ἀνά

426 3850 589 3920 μέρος
614 3849 771 3903 τοῦτο
794 3850 987 3911 ποιεῖν,
1012 3847 1141 3912 τούς
1167 3865 1228 3900 τε
1265 3848 1704 3918 προφητεύοντας
1737 3845 1982 3917 ἀρξαμέ-

423 3948 512 3984 νου
537 3932 722 4002 ἐτέρου
745 3932 923 4002 σιγᾷν,
949 3930 1132 3984 λοιπὸν
1157 3931 1250 3984 καὶ
1275 3932 1366 3984 ἐπὶ
1385 3931 1484 4000 τὴν
1508 3930 1750 4002 ταραχὴν
1767 3929 1865 4000 τὴν
1877 3927 1986 3982 ἀπὸ

423 4012 532 4065 τῶν
562 4011 834 4080 γυναικῶν
860 4013 1155 4084 γινομένην
1185 4012 1288 4082 όδῷ
1331 4013 1565 4081 πρόεισι,
1613 4012 1712 4082 τὴν
1755 4010 1985 4081 ἄκαιρον

424 4095 606 4149 αὐτῶν
647 4096 923 4150 ἐκκόπτων
967 4095 1298 4167 παρρησίαν,
1330 4096 1424 4148 καὶ
1455 4095 1660 4164 σφόδρα
1689 4093 1980 4164 εὐκαίρως.

428 4178 492 4232 ΕΞ
526 4178 634 4250 γάρ
660 4181 766 4242 τοῖς
787 4178 856 4232 τά
905 4179 1218 4250 χαρίσματα
1243 4177 1456 4247 ἔχουσιν
1489 4176 1674 4239 ἀπλῶς
1705 4177 1806 4228 οὐκ
1835 4175 1984 4244 ἐφίε-

424 4278 515 4314 ται
543 4261 738 4326 λαλεῖν,
778 4262 888 4315 οὐδ’
929 4263 1021 4316 ὅτε
1077 4260 1377 4331 βούλονται,
1411 4260 1504 4312 καὶ
1542 4258 1716 4312 ταῦτα
1745 4257 1850 4312 ὑπὸ
1890 4255 1984 4309 τοῦ

426 4344 742 4415 Πνεύματος
763 4352 1121 4416 κινουμένοις,
1153 4343 1332 4414 πολλῷ
1365 4343 1564 4414 μᾶλλον
1595 4340 1828 4404 ἐκείναις
1859 4339 1986 4410 είκῆ

427 4429 791 4501 φλυαρούσαις
823 4431 918 4483 καὶ
949 4430 1147 4502 μάτην.
1178 4429 1276 4482 Διά
1300 4429 1458 4483 τοῦτο
1488 4428 1580 4482 καὶ
1610 4428 1748 4499 μετὰ
1781 4425 1984 4496 πολλῆς

425 4513 524 4583 τῆς
555 4513 838 4576 αὑθεντίας
863 4513 1202 4583 ἐπιστομίζει
1236 4513 1333 4583 τὴν
1363 4512 1631 4582 φλυαρίαν
1660 4510 1858 4576 αὐτῶν,
1894 4510 1988 4562 καὶ

425 4596 517 4648 τὸν
548 4596 709 4666 νόμον
739 4595 857 4666 μεθ’
887 4597 1080 4650 ἐαυτοῦ
1131 4594 1331 4658 λαϐὼν,
1378 4595 1550 4659 οὕτως
1597 4594 1774 4648 αὐτῶν
1814 4593 1987 4662 ἀπορ-

430 4676 624 4744 ράπτει
648 4677 717 4731 τά
746 4678 1003 4746 στόματα.
1023 4679 1097 4732 Ού
1126 4680 1234 4750 γάρ
1258 4680 1512 4749 παραινεῖ
1543 4677 1702 4748 μόνον
1729 4673 1985 4738 ἐνταῦθα,

425 4761 546 4831 ορδέ
581 4761 956 4835 συμϐουλεύει,
985 4762 1120 4820 ἀλλά
1161 4763 1253 4816 καὶ
1281 4763 1556 4816 ἐπιτάττει
1585 4760 1850 4832 σφοδρῶς,
1886 4776 1989 4814 πα-

428 4848 576 4902 λαιὸν
600 4849 740 4920 ὑπὲρ
766 4851 968 4903 τούτων
1007 4849 1393 4918 ἀναγινώσκων
1423 4847 1603 4918 νόμον.
1633 4844 1817 4898 Εἰπὼν
1858 4843 1988 4914 γὰρ,

426 4931 505 4983 ὅτι
530 4932 600 4985 Al
643 4931 920 5000 γυναῖκες
959 4930 1125 5002 ὑμῶν
1150 4931 1219 4984 ἐν
1246 4929 1374 4996 ταῖς
1405 4928 1764 4994 ἐκκλησίαις
1817 4925 1990 4994 σιγά-

431 5028 648 5077 τωσαν,
681 5015 795 5076 καὶ,
857 5017 978 5068 Οὐκ
1032 5015 1447 5082 ἐπιτέτραπται
1503 5011 1711 5077 αὐταῖς
1757 5009 1990 5074 λαλεῖν,

430 5097 568 5150 ἀλλ’
596 5097 1051 5161 ὑποτάττεσθαι,
1077 5099 1344 5168 ἐπήγαγε,
1370 5095 1576 5161 Καθὼς
1609 5093 1708 5147 καὶ
1743 5095 1776 5145 ὀ
1809 5091 1993 5160 νόμος

432 5178 612 5248 λέγει.
642 5180 752 5233 Kal
785 5180 888 5233 ποῦ
915 5180 1073 5233 τοῦτο
1096 5182 1124 5233 6
1161 5180 1324 5249 νόμος
1353 5178 1537 5244 λέγει;
1569 5174 1724 5244 Πρὸς
1757 5173 1865 5227 τὸν
1890 5171 1993 5226 ἄν·

431 5260 542 5328 δρα
570 5278 688 5316 σου
717 5263 754 5329 ἡ
794 5262 1148 5331 ἀποστροφή
1187 5277 1324 5325 σου,
1357 5260 1457 5315 καὶ
1497 5257 1680 5323 αὐτός
1726 5270 1842 5310 σου
1887 5271 1989 5309 κυ-

424 5345 676 5412 ριεύσει.
715 5339 867 5406 Εἶδες
923 5345 1136 5398 Παύλου
1185 5344 1398 5412 σοφίαν,
1450 5341 1648 5412 ήλίκην
1701 5339 1993 5410 παρήγαγε

435 5426 759 5495 μαρτυρίαν,
784 5427 846 5478 οῦ
875 5429 1032 5498 σιγᾷν
1057 5426 1242 5490 αὐταῖς
1283 5423 1607 5478 κελεύουσαν
1640 5421 1818 5492 μόνον,
1858 5419 1994 5474 ἀλλά

432 5509 526 5560 καὶ
561 5508 699 5577 μετά
748 5508 914 5577 φόϐου
963 5511 1142 5578 σιγᾷν,
1191 5507 1284 5560 καὶ
1333 5505 1471 5577 μετά
1507 5505 1671 5574 φόϐου
1714 5501 1990 5564 τοσούτου,

437 5590 556 5658 μεθ’
581 5593 706 5646 ὅσου
730 5593 829 5663 τὴν
851 5593 1044 5664 δούλην
1078 5592 1367 5662 ἡσυχάζειν
1397 5591 1502 5661 χρή
1529 5606 1543 5653 ;
1574 5588 1664 5640 Διὸ
1693 5589 1784 5640 καὶ
1832 5585 1989 5648 αὐτὸς

433 5673 619 5740 εἰπὼν,
670 5675 751 5727 ὅτι
785 5677 902 5730 Οὐκ
935 5675 1344 5745 ἐπιτέτραπται
1386 5672 1591 5738 αὑταῖς
1618 5669 1846 5736 λαλεῖν,
1886 5668 1984 5720 οὐκ

2081 3271 2375 3341 ἐπήγαγεν,
2416 3271 2575 3326 Ἀλλά
2637 3273 2816 3344 σιγᾷν,
2863 3272 3000 3326 ἀλλά
3028 3273 3088 3326 τὸ
3142 3273 3302 3326 πλέον
3341 3272 3488 3343 L564]
3533 3274 3653 3328 ἀντὶ

2079 3353 2173 3406 τοῦ
2205 3354 2364 3424 σιγᾷν
2393 3354 2624 3419 τέθεικε,
2663 3354 2725 3408 τὸ
2752 3354 3172 3408 ὑποτάττεσθαι.
3225 3357 3288 3409 El
3317 3355 3374 3408 δέ
3421 3356 3514 3408 ἐπὶ
3554 3357 3649 3410 ἀν-

2081 3434 2222 3505 δρῶν
2247 3434 2422 3500 τοῦτο,
2458 3435 2639 3508 πολλῷ
2668 3435 2869 3507 μᾶλλον
2910 3437 3002 3491 ἐπὶ
3040 3436 3148 3490 τῶν
3188 3437 3524 3491 διδασκάλων
3557 3442 3654 3492 καὶ

2085 3518 2335 3587 πατέρων
2351 3519 2442 3571 καὶ
2465 3518 2560 3572 τοῦ
2589 3518 2769 3573 κοινοῦ
2794 3519 2894 3588 τῆς
2922 3517 3216 3588 ἐκκλησίας
3243 3517 3520 3586 συλλόγου.
3545 3521 3654 3573 Καὶ

2082 3601 2130 3652 εί
2161 3599 2297 3670 μηδὲ
2327 3599 2674 3668 φθέγξονται,
2729 3602 2883 3670 φησὶ,
2934 3601 3070 3672 μηδέ
3108 3603 3463 3672 ἐρωτήσουσι,
3511 3602 3653 3666 τίνος

2082 3681 2266 3735 ἕνεκεν
2295 3682 2390 3735 καὶ
2412 3682 2772 3752 παρέσοντάις
2799 3684 2917 3736 Ἵνα
2950 3683 3190 3736 ἀκούωσι
3233 3684 3331 3752 μὲν
3360 3682 3396 3737 ἀ
3434 3686 3560 3754 χρὴ,
3587 3685 3654 3738 τά

2083 3763 2141 3816 δὲ
2170 3763 2618 3834 ἀμφιϐαλλόμενα
2652 3764 2804 3836 παρά
2830 3764 2939 3818 τῶν
2964 3765 3176 3836 ἀνδρῶν
3207 3767 3346 3818 οῖκοι
3384 3765 3651 3835 μανθανέ-

2083 3861 2283 3899 τωσαν.
2321 3846 2413 3898 Διδ
2438 3846 2533 3899 καὶ
2575 3847 2878 3916 ἐπήγαγεν·
2912 3849 2984 3901 Εί
3021 3846 3088 3901 δέ
3116 3864 3169 3899 τι
3212 3847 3424 3916 μαθεῖν
3447 3849 3654 3901 θέλου-

2086 3943 2209 3992 σιν,
2233 3929 2304 3982 ἐν
2349 3929 2491 3994 οἴκῳ
2525 3928 2668 3994 τοὺς
2697 3929 2887 3996 ἰδίους
2918 3929 3142 3997 ἄνδρας
3169 3929 3649 3996 ἐπερωτάτωσαν.

2087 4013 2161 4065 υῦ
2193 4011 2301 4084 γὰρ
2331 4011 2395 4084 δὴ
2449 4011 2608 4083 μόνον
2659 4011 2840 4066 λαλεῖν
2871 4013 3062 4074 αὐταῖς
3088 4012 3189 4064 οὐκ
3208 4010 3440 4080 ἐφίεται,
3468 4012 3653 4080 φησὶν,

2088 4093 2295 4158 ἁπλῶς,
2325 4095 2441 4148 ἀλλ’
2469 4093 2588 4148 οὐδὲ
2611 4095 2821 4166 ἐρωτᾷν
2855 4112 2908 4147 τι
2941 4095 2998 4147 ἐν
3031 4092 3315 4162 ἐκκλησίᾳ.
3345 4093 3408 4145 El
3435 4092 3493 4144 δέ
3520 4095 3652 4162 ἐρω⁹

2085 4177 2186 4247 τᾷν
2217 4177 2278 4230 οὐ
2323 4177 2450 4249 χρὴ,
2489 4176 2670 4248 πολλῷ
2709 4175 2908 4244 μᾶλλον
2937 4175 3123 4237 ἀπλῶς
3148 4175 3332 4229 λαλεῖν
3373 4174 3435 4227 οὑ
3471 4174 3652 4244 θέμις.

2088 4261 2196 4314 Kal
2221 4260 2272 4312 τί
2299 4260 2495 4330 δήποτε
2528 4263 2586 4313 ἐν
2613 4258 2853 4330 τοσαύτῃ
2877 4257 3214 4326 κατέστησεν
3245 4255 3415 4320 αῦτάς
3453 4257 3656 4310 ὑποτα-

2088 4345 2192 4415 ﬁ};
2217 4343 2339 4396 Ὅτι
2372 4341 2759 4412 ἀσθενέστερόν
2793 4340 2908 4405 πώς
2954 4343 3102 4393 ἐστιν
3133 4343 3167 4410 ὴ
3209 4338 3346 4409 γυνὴ
3385 4339 3479 4392 καὶ
3507 4338 3655 4408 εὗρε-

2090 4443 2280 4478 πιστον
2308 4426 2403 4478 καὶ
2438 4424 2660 4493 κοῦφον.
2695 4423 2795 4476 Διά
2819 4423 2882 4495 δὴ
2913 4423 3070 4475 τοῦτο
3101 4424 3226 4485 τοὺς
3250 4421 3444 4490 ἄνδρας
3468 4420 3658 4481 αὐταῖς

2091 4507 2357 4578 ἐπέστησε
2385 4506 2758 4569 διδασκάλους,
2786 4505 3127 4575 ἀμφοτέρους
3154 4503 3398 4572 ώφελῶν.
3417 4501 3659 4564 Ἐκείνας

2090 4608 2151 4645 τε
2179 4591 2285 4663 γάρ
2318 4591 2552 4662 κοσμίας
2578 4588 2969 4651 κατεσκεύασε,
3000 4588 3222 4651 τούτους
3250 4603 3310 4640 τε
3337 4584 3660 4652 ἐναγωνίους

2092 4675 2368 4746 ἐποίησεν,
2401 4675 2496 4729 ἀτε
2538 4674 2830 4744 μέλλοντας
2863 4672 2999 4743 μετά
3021 4671 3222 4740 πολλῆς
3249 4669 3350 4738 τῆς
3376 4666 3664 4737 ἀκριϐείας

2093 4760 2236 4830 άπερ
2257 4759 2496 4830 ἥκουσαν
2523 4759 2643 4820 ταῖς
2673 4755 2884 4826 γυναιξὶ
2916 4752 3477 4826 παρακατατίθεσθαι.
3527 4747 3660 4802 Εἶτα

2053 4833 2280 4912 ’ἐπειδὴ
2342 4839 2780 4903 καλλωπίζεσθαι
2836 4837 3086 4890 ἐντεῦθεν
3131 4833 3381 4904 ἐνόμιζον
3445 4835 3510 4885 ἐκ
3567 4831 3662 4884 τοῦ

2094 4923 2427 4994 φθέγγεσθαι
2451 4921 2709 4992 δημοσίᾳ,
2739 4921 2900 4974 πάλιν
2939 4921 3018 4982 είς
3046 4917 3106 4971 τὸ
3134 4917 3378 4970 ἐναντίον
3407 4916 3661 4988 περιάγει

2094 5007 2186 5060 τὸν
2225 5006 2402 5074 λόγον,
2455 5003 2650 5070 λέγων⁹
2704 5003 2970 5070 Αισχρόν
3004 4999 3114 5069 γάρ
3145 4999 3277 5053 ἐστι
3327 4998 3564 5069 γυναικὶ
3595 4999 3662 5050 ἐν

2091 5088 2390 5155 ἐκκλησίᾳ
2419 5085 2655 5140 λαλεῖν.
2697 5085 2921 5156 Πρῶτον
2953 5083 3054 5153 μὲν
3077 5083 3184 5153 γὰρ
3213 5082 3319 5134 ἀπὸ
3358 5081 3453 5135 τοῦ
3497 5082 3662 5151 νόμον

2092 5169 2251 5222 τοῦτο
2283 5168 2654 5225 κατεσκεύασε
2683 5167 2778 5220 τοῦ
2804 5166 2963 5231 Θεοῦ,
3005 5165 3196 5218 ἔπειτα
3223 5165 3330 5218 ἀπὸ
3354 5165 3534 5218 κοινοῦ
3572 5165 3661 5215 7.6-

2095 5250 2292 5322 γισμοῦ
2339 5252 2432 5304 καὶ
2486 5254 2585 5320 τῆς
2634 5250 2941 5321 συνηθείας,
2984 5249 3170 5320 ῶσπερ
3204 5251 3317 5310 καὶ,
3348 5249 3506 5316 ἡνίκα
3534 5246 3666 5313 περὶ

2099 5335 2275 5404 κόμης
2319 5334 2510 5396 αὐταῖς
2555 5333 2845 5400 διελέγετο,
2891 5331 3094 5398 ἔλεγεν·
3129 5333 3206 5383 Ἢ
3245 5329 3386 5382 οὐδὲ
3423 5327 3575 5392 αὐτὴ
3621 5328 3659 5392 ἡ

2097 5419 2281 5486 φύσις
2312 5415 2465 5485 ὑμᾶς
2491 5415 2796 5477 διδάσκει;
2847 5415 2956 5468 Καὶ
2987 5411 3263 5481 πανταχοῦ
3301 5410 3536 5463 τοιοῦτον
3569 5408 3659 5460 εὖ·

2101 5517 2212 5571 ροις
2241 5499 2306 5552 ἂν
2342 5496 2507 5551 αὑτοῦ
2535 5497 2624 5549 τὸν
2669 5497 2867 5567 τρόπον
2913 5495 3061 5557 ὄντα,
3091 5495 3190 5545 οὐκ
3229 5492 3338 5544 ἀπὸ
3369 5490 3473 5543 τῶν
3503 5489 3658 5543 θείων

2098 5580 2326 5652 Γραφῶν
2375 5579 2558 5650 μόνον.
2605 5577 2740 5632 ἀλλά
2776 5578 2868 5630 καὶ
2901 5575 3008 5629 ἀπὸ
3035 5574 3131 5643 τῆς
3163 5574 3342 5637 κοινῆς
3369 5572 3655 5642 συνηθείας

2099 5663 2440 5733 ἐντρίποντα.
2489 5661 2628 5730 Πρὸς
2670 5660 2874 5723 τούτοις
2903 5660 2957 5713 δὲ
2994 5658 3084 5712 καὶ
3133 5657 3237 5710 ἀπὸ
3266 5656 3372 5710 τῶν
3408 5659 3542 5711 πᾶσι
3568 5657 3657 5709 δον·
