4112 6224
447 281 558 342 517

446 389 691 450 κούντων
725 395 818 448 κα)⁵
851 397 1128 467 πανταχοῦ
1158 398 1527 458 τυπωθέντων
1557 398 1832 470 ἐντρέπει,
1865 396 1894 450 ὂ
1932 396 2027 449 καὶ

445 485 682 541 ἐνταῦθα
707 486 952 546 τέθεικεν
981 487 1152 550 εἰπών
1175 505 1187 518 ·
1219 490 1293 542 "Il
1327 489 1430 558 ἀφ’
1461 487 1628 558 ὑμῶν
1656 490 1690 544 ό
1707 489 1892 559 λόγος
1920 484 2026 540 τοῦ

445 574 595 636 Θεοῦ
648 573 928 642 ἐξῆλθεν,
970 574 1008 642 ἣ
1042 577 1132 641 εἰς
1182 574 1338 644 ὑμᾶς
1382 579 1613 647 μόνους
1644 575 2026 644 κατήντησες

442 663 553 722 Καὶ
566 662 674 732 γάρ
693 663 791 736 τὰς
813 662 1004 732 λοιπὰς
1033 662 1363 734 Ἐκκλησίας
1389 667 1681 736 παρήγαγε
1714 664 1902 719 τοῦτον
1929 680 2024 733 τη-

447 751 646 821 ρούσας
677 751 768 806 τὸν
793 752 979 820 νόμον,
1015 752 1109 805 καὶ
1142 752 1248 810 ἀπὸ
1286 753 1386 824 τῆς
1434 755 1786 824 καινοτομίας
1816 753 1904 806 τὸν
1937 752 2026 806 θό-

445 838 606 908 ρυϐον
638 838 1096 909 ὑποτεμνόμενος,
1139 841 1234 894 καὶ
1262 844 1326 912 τῇ
1358 840 1466 894 τῶν
1500 841 1711 896 πολλῶν
1732 841 1899 911 ψήφῳ
1931 840 2022 894 τὸν

441 923 599 990 λόγον
626 924 795 977 ποιῶν
825 925 1252 997 εὐπαράδεκτον.
1278 929 1370 982 Διὸ
1408 930 1502 982 καὶ
1540 927 1774 998 ἀλλαχοῦ
1800 927 1986 995 ἔλεγεν
2004 943 2018 956 ·

444 1014 544 1079 Ὃς
577 1011 734 1082 ὑμᾶς
761 1013 1100 1084 ἀναμνήσει
1133 1017 1236 1083 τὰς
1278 1017 1458 1084 ὁδούς
1485 1035 1606 1088 μου
1637 1023 1746 1083 τὰς
1782 1017 1853 1071 ἐν
1885 1019 2020 1084 Χρι-

440 1099 585 1166 στῷ,
627 1103 822 1168 καθὼς
873 1105 1185 1174 πανταχοῦ
1229 1106 1301 1159 ἐν
1339 1105 1566 1170 πάσαις
1598 1105 1728 1172 ταῖς
1767 1106 2021 1171 Ἐκκλη-

440 1190 605 1256 σίαις
636 1191 921 1246 διδάσκω
951 1194 1046 1247 καὶ
1094 1194 1275 1257 πάλιν,
1311 1197 1394 1249 Οὐ
1443 1197 1559 1262 γάρ
1595 1194 1772 1248 ἐστιν
1802 1196 2022 1247 ἀκατα-

440 1280 702 1343 στασίας
733 1284 766 1334 ὁ
798 1281 963 1347 Θεὸς,
997 1283 1136 1336 ἀλλ’
1166 1282 1432 1350 ειρήνης,
1458 1282 1649 1349 καθὼς
1688 1280 1786 1335 καί
1817 1279 1888 1333 ἐν
1919 1281 2021 1334 πάι

441 1382 584 1431 σαις
613 1367 744 1434 ταῖς
784 1369 1176 1436 Ἐκκλησίαις
1221 1355 1344 1424 τῶν
1374 1371 1580 1440 ἁγίων
1623 1368 1720 1423 καὶ
1759 1368 2016 1432 ἐνταῦθα,

440 1447 514 1506 Ἦ
548 1455 648 1524 ἀφ’
677 1454 845 1524 ὑμῶν
889 1460 922 1511 ὀ
953 1459 1137 1527 λόγος
1190 1459 1297 1513 τοῦ
1353 1452 1502 1512 Θεοῦ
1548 1454 1831 1526 ἐξῆλθεν,
1860 1457 1899 1525 ἢ
1932 1460 2022 1522 είς

367 1530 374 1535 ’
440 1543 596 1610 ὑμᾶς
627 1537 858 1612 μόνους
888 1545 1267 1614 κατήντησε;
1315 1547 1628 1611 Τουτέστιν,
1653 1545 1788 1599 Οὔτε
1813 1545 2019 1618 πρῶτοι

439 1628 565 1682 οὔτε
597 1630 745 1699 μόνοι
777 1632 937 1700 ὑμεῖς
979 1620 1178 1700 πιστολ,
1227 1634 1402 1705 ἀλλ’ἢ
1445 1635 1737 1704 οἰκουμένη
1766 1635 1948 1689 πᾶσα·
1991 1634 2021 1687 ὃ

441 1719 536 1786 καὶ
566 1719 703 1788 πρὸς
737 1720 1073 1789 Κολοσσαεῖς
1129 1723 1356 1793 γράφων
1415 1721 1591 1791 ἔλεγε,
1643 1722 1849 1786 Καθὼς
1887 1723 2020 1776 ἐστι

441 1808 1016 1876 καρποφορούμενον
1053 1809 1151 1874 καί
1179 1809 1598 1878 αὐξανόμενον
1625 1810 1696 1862 ἐν
1733 1809 1908 1863 παντὶ
1939 1805 2020 1872 τῷ

439 1893 664 1960 κόσμῳ,
697 1894 825 1965 περὶ
873 1896 968 1953 τοῦ
1015 1896 1348 1965 Εὑαγγελίου
1379 1895 1572 1966 λέγων.
1616 1898 1771 1950 Ποιεῖ
1801 1897 1856 1950 δέ
1886 1895 2020 1958 αὐτὸ

439 1980 534 2064 καὶ
559 1981 761 2064 ἑτέρως
797 1983 875 2064 είς
919 1984 1235 2064 προτροπὴν
1267 1983 1376 2037 τῶν
1400 1985 1746 2064 ἀκουόντων,
1777 1983 1852 2048 ὼς
1891 1985 2018 2040 ὅταν

437 2061 573 2133 λέγῃ
597 2061 665 2116 τά
693 2063 875 2117 αὐτῶν
909 2066 1101 2138 πρῶτα
1143 2063 1304 2130 εἶναι,
1335 2066 1430 2122 καὶ
1470 2061 1635 2136 πᾶσιν
1658 2062 1800 2124 εἶναι
1846 2066 2019 2120 κατά-

437 2143 594 2214 δηλα.
638 2145 1094 2204 Θεσσαλονικεῦσι
1130 2152 1238 2222 γὰρ
1288 2150 1619 2204 ἐπιστέλλων
1647 2150 1854 2218 ἔλεγεν·
1901 2150 2017 2218 Ἀφ’

437 2227 606 2299 ὑμῶν
654 2230 765 2300 γὰρ
794 2232 1086 2303 ἐξήχηται
1121 2237 1154 2286 ό
1193 2237 1378 2305 λόγος
1408 2235 1517 2290 τοῦ
1569 2235 1740 2296 Θεοῦ.
1795 2235 1893 2288 καί
1948 2234 2020 2287 ἐν

437 2318 620 2374 παντί
652 2319 814 2388 τόπῳ
844 2323 878 2390 ἡ
913 2324 1118 2390 πίστις
1158 2323 1326 2394 ὑμῶν
1363 2326 1400 2394 ἡ
1434 2323 1582 2394 πρὸς
1613 2325 1720 2378 τὸν
1751 2323 1899 2377 Θεὸν
1921 2323 2018 2387 ἐξ·

435 2407 737 2473 ελήλυθεσ
792 2411 889 2464 καὶ
928 2412 1224 2484 Ῥωμαίοις
1267 2413 1324 2468 δὲ
1369 2414 1554 2480 πάλιν,
1587 2414 1668 2467 ὅτι
1703 2413 1775 2468 'H
1815 2413 2014 2480 πίστις

435 2495 606 2565 ὑμῶν
662 2500 1129 2569 καταγγέλλεται
1155 2502 1228 2555 ἐν
1280 2502 1402 2569 ὅλῳ
1445 2501 1525 2567 τῷ
1556 2503 1780 2572 κόσμῳ.
1812 2503 2016 2574 Ἀμφό.

433 2602 568 2658 τερα
598 2587 707 2660 γὰρ
733 2590 895 2643 ἱκανά
921 2590 1226 2662 προτρέψαι
1256 2592 1350 2644 καὶ
1366 2590 1651 2662 διεγεῖραι,
1683 2591 1779 2644 καὶ
1805 2591 1865 2644 τὸ
1887 2594 2016 2661 παρ’

434 2673 639 2742 ἐτέρων
669 2677 1035 2740 ἐπαινεῖσθαι,
1067 2677 1162 2731 καὶ
1193 2677 1253 2731 τὺ
1293 2679 1513 2749 ἐτέρους
1544 2677 1688 2748 ἔχειν
1727 2681 2018 2743 κοινωνοὺς

433 2758 536 2828 τῆς
560 2758 805 2830 γνώμης.
831 2761 920 2815 Διὸ
945 2765 1039 2818 καὶ
1071 2763 1307 2818 ἐνταῦθά
1329 2781 1514 2835 φησιν·
1551 2759 1626 2820 Ἦ
1661 2765 1761 2833 ἀφ’
1791 2764 1959 2834 ὑμῶν
1983 2769 2018 2820 ό

434 2846 617 2914 λόγος
646 2847 752 2902 τοῦ
779 2849 926 2904 Θεοῦ
956 2849 1240 2917 ἐξῆλθεν,
1267 2851 1306 2919 ἢ
1347 2853 1434 2917 εὶς
1457 2849 1614 2920 ὑμᾶς
1632 2851 1862 2919 μόνους
1888 2869 2020 2905 κατ-

434 2931 738 2998 ήντησεν;
773 2933 925 3006 [545]
973 2935 1112 2990 Οῦτε
1147 2937 1256 3008 γὰρ
1296 2935 1456 2990 τοῦτο
1491 2937 1558 2991 ἂν
1593 2936 1769 3006 ἔχοιτε
1817 2938 2015 3002 είπεῖν,

437 3020 626 3090 φησὶν,
661 3022 742 3075 ὅτι
774 3020 965 3092 Ἡμεῖς
992 3023 1100 3076 τῶν
1138 3023 1316 3076 ἄλλων
1354 3023 1664 3078 διδάσκαλοι
1693 3023 2014 3094 ἐγενόμεθα,

438 3108 536 3172 καὶ
565 3111 666 3162 οὐκ
711 3109 778 3163 ἂν
820 3111 1016 3181 εἴημεν
1043 3110 1241 3164 δίκαιοι
1272 3114 1404 3183 παρ’
1437 3111 1642 3182 ἐτέρων
1681 3110 1976 3182 μανθάνειν
2001 3128 2014 3143 ·

437 3195 582 3260 οὔτε,
597 3197 679 3250 ὃτι
704 3196 969 3252 Ἐνταῦθα
993 3197 1124 3268 έστη
1146 3198 1214 3252 τά
1234 3198 1336 3268 τῆς
1358 3198 1594 3262 πίστεως
1627 3199 1809 3269 μόνον,
1839 3199 1934 3252 καὶ
1956 3199 2018 3253 οὗ

437 3286 545 3356 χρὴ
576 3287 642 3339 τὰ
670 3289 800 3357 παρ’
839 3287 1043 3359 ἐτέρων
1090 3287 1517 3359 παραδείγματα
1546 3286 1819 3356 δέχεσθαι.
1856 3287 2022 3358 Ὁρᾷς

437 3364 529 3446 διά
554 3374 733 3426 πόσων
753 3373 1041 3444 ἐνέτρεψε;
1064 3374 1155 3430 τὸν
1181 3375 1344 3446 νόμον
1373 3375 1685 3446 παρήγαγε,
1709 3373 1771 3427 τὸ
1796 3374 2019 3446 αίσχρδν

436 3460 533 3534 τοῦ
579 3463 906 3534 πράγματος
951 3463 1140 3538 ἔδειξε,
1179 3465 1279 3531 τὰς
1319 3465 1512 3532 λοιπὰς
1554 3462 1884 3536 Ἐκκλησίας
1939 3465 2020 3530 είς

441 3548 609 3620 μέσον
635 3549 898 3616 τέθεικεν,

510 3752 576 3823 β’.
619 3749 754 3808 Εἶτα
780 3754 843 3808 τὸ
884 3756 1105 3811 πάντων
1151 3759 1494 3830 ἰσχυρότερον
1545 3757 1771 3830 ὕστερον
1815 3760 2018 3831 τίθησι,

437 3837 632 3909 λέγων,
659 3843 741 3894 ὅτι
769 3843 828 3895 '0
848 3842 983 3907 Θεὸς
1011 3843 1185 3898 ταῦτα
1217 3845 1310 3898 καὶ
1333 3843 1428 3899 νῦν
1460 3847 1738 3900 ἐπιτάττει
1765 3846 1833 3900 δι’
1859 3847 2016 3918 ἐμοῦ.

440 3929 506 3982 Εἰ
551 3929 662 3998 γάρ
691 3946 782 3995 τις
817 3929 988 3985 δοκεῖ
1016 3933 1328 4002 προφήτης
1355 3928 1509 3987 εἷναι
1530 3933 1569 4002 ἢ
1593 3935 2017 4003 πνευματικὸς,

436 4016 780 4086 γινωσκέτω
809 4019 995 4072 ταῦτα
1023 4018 1062 4072 ἂ
1084 4019 1285 4090 γράφω
1307 4020 1470 4090 ὑμῖν,
1495 4020 1583 4074 ὅτι
1607 4023 1831 4090 Κυρίου
1858 4021 2021 4076 είσίν

435 4106 500 4158 αι
527 4103 790 4161 ἐντολαί.
825 4108 892 4159 Et
928 4105 996 4160 δέ
1028 4123 1118 4173 τις
1147 4107 1372 4178 ἀγνοεῖ,
1405 4107 1711 4177 ἀγνοείτω.
1740 4111 1851 4164 Καὶ
1872 4111 2020 4174 τίνος

437 4190 625 4246 ἱνεκεν
675 4191 836 4246 τοῦτο
901 4187 1203 4275 ἐπήγαγε;’
1243 4195 1472 4266 Δεικνίις
1511 4196 1596 4266 ὅτι
1643 4196 1706 4249 οὐ
1747 4196 2015 4275 βιάζεται,

437 4279 557 4337 ούδέ
587 4281 904 4352 φιλονεικεῖ,
939 4267 1078 4357 ὅπερ
1101 4269 1327 4357 σημεῖόν
1347 4286 1463 4340 ἐστι
1493 4284 1603 4340 τῶν
1625 4287 1685 4340 ού
1708 4267 1776 4340 τά
1807 4286 2018 4356 ἐαυτῶν

440 4367 784 4441 βουλομένων
833 4372 1008 4445 ίεξτᾷν,
1041 4371 1178 4442 ἀλλὰ
1222 4371 1282 4442 τδ
1326 4373 1536 4447 ἑτέροις
1579 4375 1858 4446 συμφέρον
1889 4391 2018 4428 σκο-

438 4457 708 4515 πούντων.
741 4458 832 4532 Διὸ
861 4457 957 4532 καίἒ
981 4459 1216 4530 ἀλλαχοῦ
1267 4477 1434 4530 φησιν
1458 4477 1470 4489 ο
1522 4461 1592 4515 El
1629 4460 1696 4515 δέ
1730 4479 1817 4528 τις
1844 4463 2019 4531 φιλό-

437 4547 640 4614 νεικός
700 4546 893 4610 ἐστιν,
961 4547 1130 4616 ἡμεῖς
1185 4549 1472 4616 τοιαύτην
1522 4549 1861 4618 συνήθειαν
1907 4552 2020 4605 οὐκ

438 4632 679 4706 ἔχομεν.
715 4633 855 4686 Ἀλλ’
901 4634 962 4685 οὐ
1015 4634 1296 4704 πανταχοῦ
1331 4634 1490 4701 τοῦτο
1534 4639 1700 4702 ποιεῖ,
1748 4637 1862 4691 ἀλλ’
1893 4638 2022 4692 ἔνθα

440 4722 508 4777 ἃν
534 4723 609 4795 μὴ
639 4722 842 4794 σφόδρα
879 4723 1092 4792 μεγάλα
1141 4723 1209 4777 τά
1237 4725 1664 4795 ἁμαρτανόμενα
1694 4723 1752 4801 ᾖ,
1777 4730 1870 4790 καὶ
1900 4729 2020 4783 τότε

440 4810 718 4882 ἐντρέπων
742 4810 963 4882 μᾶλλονο
992 4811 1116 4866 ἐπεὶ
1143 4813 1272 4866 ὅταν
1301 4827 1368 4864 πε
1379 4811 1432 4883 ρὶ
1454 4811 1659 4882 ἐτέρων
1679 4813 2017 4884 διαλέγηται,

436 4904 500 4956 οὔ
551 4899 700 4968 λέγει
751 4898 947 4967 οὕτως,
986 4899 1121 4956 ἀλλά
1168 4899 1324 4964 πῶς;
1364 4897 1460 4967 Μὴ
1512 4895 1848 4954 πλανᾶσθεο
1883 4901 2022 4956 οὔτε

441 4988 670 5052 πορνοι,
699 4989 839 5043 οὔτε
874 4989 1132 5058 μαλακοί
1163 4987 1500 5052 ,βασιλειαν
1541 4987 1689 5042 Θεοῦ
1729 4991 2022 5057 κληρονοο

438 5071 732 5144 μήσουσιο
757 5077 852 5127 καὶ
891 5075 1073 5136 πάλιν,
1111 5073 1235 5127 Ἴδε
1257 5076 1372 5143 ἐγὼ
1403 5077 1644 5141 Παῦλος
1668 5075 1825 5146 λέγω
1852 5077 2016 5146 ὑμῖν,

443 5157 534 5212 ὅτι
571 5157 682 5210 ἐὰν
706 5161 1159 5227 περιτέμνησθε,
1201 5162 1458 5226 Χριστὸς
1483 5164 1641 5232 ὑμᾶς
1663 5164 1848 5220 οὐδὲν
1871 5167 2020 5235 ὠφε-

442 5246 644 5315 λήσει.
679 5243 943 5300 Ἐνταῦθα
989 5245 1068 5322 δέ,
1119 5245 1306 5316 ἐπειδὴ
1354 5248 1483 5316 περὶ
1519 5251 1680 5320 σιγῆς
1716 5248 1785 5323 ἦν
1818 5253 1964 5325 αὐτῷ
1992 5257 2021 5308 ὁ

443 5333 619 5402 λόγος,
653 5333 715 5388 ού
763 5332 968 5403 σφόδρα
1025 5332 1258 5396 εὐτόνως
1303 5331 1627 5398 ἐπιτίθεται,
1665 5337 1814 5409 αὐτῷ
1846 5339 2020 5409 τούτῳ

448 5423 649 5492 μᾶλλον
679 5421 880 5482 αὐτοὺς
921 5419 1325 5492 ἐπισπώμενος.
1370 5415 1505 5474 Είτα
1553 5422 1690 5494 ὅπερ
1722 5425 1809 5477 ἀεὶ
1844 5430 2020 5479 ποιεῖν

444 5509 654 5573 εἴωθεν,
677 5510 768 5563 ἐπὶ
793 5507 890 5580 τήν
914 5505 1186 5580 προτέραν
1208 5508 1485 5572 ὑπόθεσιν,
1509 5508 1632 5562 ὅθεν
1649 5511 1818 5566 ταῦτα
1843 5515 2018 5568 εἰπεῖν

446 5596 879 5666 ἐξόδῳ-ἐπάγει
933 5595 1026 5648 τὸν
1068 5596 1224 5662 λόγον
1283 5595 1472 5662 λέγων·
1509 5596 1711 5662 Ὥστε,
1763 5600 2018 5668 ἀδελφοί

443 5699 582 5770 μου,
643 5681 886 5749 ζηλοῦτε
935 5684 998 5736 τὸ
1063 5684 1478 5751 προφητεύειν.
1543 5689 1641 5743 καί
1693 5687 1759 5739 τὸ
1803 5683 2016 5742 λαλεῖν

1161 285 1220 339 ε.
1259 285 1549 352 ιοΑΜιιδ
1568 249 2082 340 Ἑιιῐιγεοετοω
2115 281 2446 345 meum.
2483 285 3031 344 consumma

2133 398 2441 467 γλώσσαις
2461 403 2545 472 μὴ
2576 404 2854 457 κωλύετε.
2903 402 3015 456 Καὶ
3041 401 3152 474 γάρ
3188 399 3308 465 έοος
3337 398 3491 467 αὖτῷ
3526 397 3705 456 τοῦτο.

2137 486 2211 557 μὴ
2249 488 2312 540 τὸ
2344 490 2706 560 προκείμενον
2741 489 3076 560 ἐργάξεσθαι
3121 489 3304 560 μόνον,
3348 487 3486 542 ἀλλά
3528 487 3624 540 καὶ
3648 486 3707 552 ἐξ

2132 576 2344 630 ἐκείνου
2374 579 2435 632 τὸ
2466 577 2656 632 δοκοῦν
2704 579 2853 651 αὺτῷ
2887 579 3148 648 συγγενὲς
3193 578 3544 647 ὁπωσδήποτε
3570 573 3708 633 εἶναι

2135 663 2398 735 διορθοῦν,
2431 667 2526 720 καὶ
2554 667 2718 720 πάλιν
2741 668 2833 720 ἐπὶ
2860 667 2923 720 τὸ
2945 667 3211 737 πρότερον
3245 663 3706 728 ἐπανιέναι,ὦστε

2134 749 2210 822 μή
2238 750 2415 806 δοκεῖν
2466 754 2565 824 τῆς
2605 753 2916 816 ὑποθέσεως
2965 753 3274 807 ἐκπίπτειν.
3325 754 3434 807 Καὶ
3478 753 3588 825 γὰρ
3615 754 3706 807 ὅτι

2130 839 2261 907 περὶ
2294 839 2393 909 τῆς
2446 841 2504 893 ἐν
2540 842 2661 904 ταῖς
2695 840 3000 911 τραπέζαις
3049 840 3321 908 διελέγετο
3363 840 3703 910 συμφωνίας,

2129 925 2222 979 ἐπὶ
2275 925 2374 996 τὴν
2413 927 2700 981 κοινωνίαν
2741 927 2838 999 τὴν
2889 929 2947 980 ἐν
2995 929 3110 989 τοῖς
3162 928 3483 997 μυστηρίοις
3514 926 3705 991 ἐκϐάς,

2127 1015 2382 1069 κάκεῖθεν
2422 1017 2710 1088 ἐντρέψας,
2753 1020 2832 1080 εἰς
2859 1017 2928 1070 τά
2965 1016 3210 1088 πρότερα
3243 1016 3490 1070 ἐπάνεισι
3520 1015 3704 1080 πάλιν,

2126 1101 2301 1170 λέγων
2321 1119 2334 1132 ο
2362 1103 2542 1157 Ὥστε
2575 1105 3012 1174 συνερχόμενοι
3044 1106 3130 1170 είς
3155 1105 3221 1157 τὸ
3255 1103 3487 1174 φαγεῖν,
3520 1105 3708 1172 ἀλλή-

2126 1194 2278 1257 λους
2307 1191 2653 1260 ἐκδέχεσθε.
2715 1193 2826 1245 Καὶ
2877 1192 3113 1246 ἐνταῦθα
3157 1193 3338 1246 τοίνυν
3371 1191 3500 1262 περὶ
3525 1193 3624 1261 τῆς
3647 1191 3707 1245 ἐν

2125 1281 2237 1342 τοῖς
2267 1281 2600 1352 χαρί-σμασιν
2629 1281 2882 1352 εὐταξίας
2902 1280 3222 1352 διαλεχθεὶς,
3247 1280 3342 1333 καὶ
3367 1279 3460 1333 τοῦ
3482 1279 3569 1352 μὴ
3597 1279 3708 1352 δεῖν

2129 1352 2268 1420 μήτε
2307 1349 2491 1403 ἀλύειν
2521 1353 2578 1404 ἐν
2609 1354 2723 1415 τοῖς
2773 1349 3235 1421 ἐλάττοσιβμήτε
3287 1349 3565 1418 φυσᾶσθαι
3613 1349 3707 1401 ἐπὶ

2124 1439 2239 1500 τοῖς
2271 1437 2533 1506 μείζοσιν,
2563 1433 2683 1492 εἶτα
2709 1439 2802 1492 ἐπὶ
2829 1437 2928 1509 τὴν
2959 1438 3176 1506 γυναιξὶ
3216 1438 3533 1507 πρέπουσαν
3559 1436 3706 1503 ἐξελ-

2126 1522 2234 1576 θὼν
2263 1523 2563 1594 εύνοσμίαν
2606 1525 2880 1587 ἐντεῦθεν,
2923 1527 3016 1578 καὶ
3067 1525 3481 1587 κατασκευάσας
3513 1524 3702 1596 αὐτὴν,

2127 1609 2219 1662 ἐπὶ
2265 1612 2326 1663 τὸ
2360 1611 2724 1682 προκείμενον
2760 1613 3030 1678 ἐπάνεισι,
3063 1611 3238 1681 λέγων
3282 1613 3465 1669 πάλιν·
3501 1613 3703 1682 Ὥστε,

2125 1696 2381 1766 ἀδελφοί
2432 1717 2567 1767 μου,
2609 1699 2857 1768 ζηλοῦτε
2900 1701 2967 1754 τὸ
3013 1701 3435 1770 προφητεύειν,
3489 1702 3585 1755 καί
3639 1701 3706 1754 τὸ

2123 1786 2338 1839 λαλεῖν
2386 1785 2696 1856 γλώσσαις
2728 1787 2815 1858 μὴ
2871 1789 3152 1842 κωλύετε.
3186 1785 3339 1851 Εἶδες
3387 1788 3506 1852 πῶς
3541 1788 3706 1858 μέχρι

2122 1872 2310 1937 τέλους
2341 1873 2439 1949 τήν
2471 1875 2735 1946 διαφορὰν
2764 1875 3024 1943 ἐφύλαξε,
3056 1875 3152 1931 καὶ
3177 1875 3292 1939 πῶς
3321 1875 3489 1941 ἔδειξε
3517 1876 3577 1929 τὸ
3605 1876 3706 1946 μὲν

2127 1961 2332 2032 σφόδρα
2363 1962 2662 2030 ἀναγκαῖον
2700 1961 2780 2029 ὃν,
2808 1962 2870 2016 τὸ
2898 1962 2956 2016 δὲ
2985 1964 3083 2033 οὐχ
3114 1962 3283 2028 οὕτως
3315 1962 3407 2015 Διὸ
3436 1962 3522 2015 ἐπ’
3559 1961 3707 2014 ἐκεί-

2122 2065 2214 2101 νου
2236 2049 2335 2119 μέν
2354 2066 2507 2120 φησι,
2537 2050 2828 2118 Ζηλοῦτε,
2853 2051 2946 2104 ἐπὶ
2971 2051 3164 2104 τούτου
3188 2051 3264 2115 δὲ,
3293 2050 3389 2119 Μὴ
3420 2051 3702 2106 κωλύετε.

2123 2133 2258 2190 Εἶτα
2281 2136 2358 2201 ὼς
2387 2138 2446 2190 ἐν
2477 2137 2759 2210 κεφαλαίῳ
2788 2138 2858 2192 τὰ
2889 2140 3066 2194 πάντα
3091 2139 3473 2211 διορθούμενος
3504 2139 3706 2206 ἐπάγει

2121 2225 2319 2294 λέγων’
2353 2224 2558 2279 Πάντα
2611 2225 2682 2279 δὲ
2729 2229 3130 2297 εὐσχημόνως
3180 2228 3279 2281 καὶ
3323 2229 3478 2282 κατὰ
3529 2226 3708 2291 τάξιν

2122 2312 2379 2384 γινέσθω
2401 2329 2416 2345 ο
2482 2313 2644 2367 πάλιν
2693 2315 2945 2385 πλήττων
2989 2315 3119 2379 τοὺς
3167 2315 3290 2385 εἰκῆ
3349 2315 3704 2386 βουλομένους

2122 2407 2478 2477 ἀσχημονεῖν,
2511 2408 2605 2460 καὶ
2655 2407 2854 2478 μανίας
2908 2407 3069 2472 δόξαν
3105 2408 3425 2480 λαμϐάνειν,
3481 2408 3575 2472 καὶ
3607 2407 3706 2479 τὴν

2122 2497 2335 2551 οἰκείαν
2367 2499 2446 2569 μὴ
2479 2497 2857 2568 φυλάττοντας
2886 2498 3063 2564 τάξιν.

2194 2692 2360 2745 Οὐδὲν
2379 2690 2646 2765 [546]γάρ
2669 2692 2842 2758 οὕτως
2859 2693 3153 2763 οἰκοδομεῖ,
3172 2686 3246 2756 ὡς
3263 2692 3505 2758 εὐταξία,
3526 2691 3600 2755 ὡς
3628 2694 3706 2745 eis

2125 2781 2363 2852 ρήνη,ὠς
2383 2783 2596 2854 ἀγάπη,
2612 2783 2803 2854 ὥσπερ
2819 2780 2913 2837 οὖν
2933 2785 3029 2837 καὶ
3046 2785 3114 2837 τά
3126 2785 3341 2855 ἐναντία
3357 2783 3706 2838 διαλύει.ούκ

2121 2865 2180 2916 ἐν
2205 2867 2320 2928 τοῖς
2336 2869 2731 2937 πνευματικοῖς
2757 2867 2811 2920 δὲ
2833 2867 3017 2937 μόνον,
3044 2868 3181 2922 ἀλλά
3195 2869 3290 2921 καὶ
3309 2868 3367 2921 ἐν
3389 2870 3502 2931 τοῖς
3523 2866 3706 2929 ἄλλοις

2122 2952 2294 3006 ἅπασι
2340 2953 2502 3008 τοῦτο
2533 2954 2632 3008 ἴδοι
2658 2973 2742 3018 τις
2765 2954 2852 3008 άν.
2883 2957 2982 3008 ’Ἂν
3020 2972 3080 3008 τε
3111 2955 3220 3028 γὰρ
3249 2957 3309 3010 ἐν
3343 2956 3508 3027 χορῷ,
3551 2955 3615 3010 άν
3641 2970 3705 3007 τε

2123 3043 2181 3095 ἐν
2212 3042 2402 3113 πλοίῳ,
2429 3042 2493 3097 ἄν
2526 3060 2585 3096 τε
2617 3043 2675 3098 ἐν
2701 3043 2930 3116 άρματι,
2968 3043 3033 3098 ἄν
3061 3060 3119 3096 τε
3151 3047 3208 3096 ἐν
3237 3045 3582 3115 στρατοπέδῳ
3604 3043 3706 3114 τὴν

2121 3131 2275 3197 τάξιν
2304 3131 2562 3203 συγχέῃς,
2585 3133 2682 3186 καὶ
2708 3131 2776 3185 τά
2803 3131 3027 3204 μείζονα
3051 3133 3152 3202 τῆς
3175 3133 3384 3194 οίκείας
3413 3131 3596 3202 χώρας
3621 3133 3707 3184 ἐκ·

2123 3217 2324 3284 ϐαλὼν,
2355 3217 2426 3271 τά
2449 3217 2708 3273 ἐλάττονα
2728 3220 3031 3292 εἰσαγάγῃς
3058 3222 3137 3284 είς
3159 3219 3256 3292 τὴν
3283 3221 3506 3274 ἐκείνων
3524 3220 3705 3285 τάξιν,

2124 3307 2304 3360 πάντα
2358 3305 2695 3379 διέφθειρας,
2735 3309 2830 3362 καὶ
2861 3308 3004 3362 οὕτω
3031 3307 3099 3362 τά
3126 3308 3240 3362 άνω
3278 3309 3429 3367 κάτω
3469 3309 3704 3378 γίνεται.

2123 3393 2216 3465 Μὴ
2240 3394 2420 3449 τοίνυν
2451 3395 2588 3467 μηδέ
2617 3397 2777 3467 ἡμεῖς
2802 3395 2901 3468 τὴν
2927 3396 3080 3464 τάξιν
3106 3396 3530 3468 διαφθείρωμεν,
3567 3396 3705 3468 μηδὲ

2124 3481 2223 3550 τὴν
2249 3481 2491 3553 κεφαλὴν
2529 3483 2681 3538 κάτω
2730 3483 2997 3554 ποιῶμεν,
3038 3484 3133 3538 καὶ
3161 3484 3288 3549 τοὺς
3340 3485 3510 3548 πόδας
3563 3485 3700 3539 ἀνω.

2125 3568 2296 3622 Τοῦτο
2324 3569 2382 3622 δὲ
2409 3571 2643 3640 γίνεται,
2672 3571 2802 3626 ὅταν
2830 3572 2920 3625 τὸν
2953 3571 3054 3642 μὲν
3085 3570 3244 3644 ὀρθὸν
3267 3572 3524 3642 λογισμὸν
3551 3573 3705 3626 κάτω

2127 3659 2393 3730 ῥίψωμεν,
2431 3659 2530 3722 τὰς
2561 3659 2618 3712 δὲ
2651 3659 2966 3729 ἐπιθυμίας,
3015 3657 3108 3712 τὸν
3140 3658 3332 3730 θυμὸν,
3362 3661 3456 3713 καὶ
3483 3659 3580 3731 τὴν
3604 3661 3703 3731 ὀρ.

2124 3746 2250 3817 γὴν,
2295 3747 2390 3800 καὶ
2429 3747 2530 3816 τὴν
2563 3746 2758 3818 ἡδονὴν
2788 3747 3174 3818 ἐπιστήσωμεν
3209 3747 3288 3818 τῷ
3320 3747 3542 3817 λογικῷ*
3579 3747 3707 3802 ὅθεν

2125 3834 2293 3898 πολὺς
2329 3835 2358 3888 ὁ
2395 3835 2625 3900 κλύδων,
2655 3837 2750 3890 καὶ
2778 3836 2948 3907 πολλὴ
2976 3837 3010 3907 ή
3045 3835 3278 3907 ταραχὴ,
3307 3835 3402 3888 καὶ
3430 3836 3707 3906 ἀφόρητος

2124 3924 2158 3993 ἡ
2197 3921 2355 3992 ζάλη,
2386 3923 2607 3978 πάντων
2629 3923 2804 3994 σκότῳ
2831 3922 3232 3994 κατεχομένων.
3265 3923 3396 3989 Καὶ,
3418 3924 3467 3976 εξ
3499 3922 3704 3993 βούλει,

2123 4009 2222 4080 τὴν
2269 4009 2658 4081 ἀσχημοσύνην
2695 4011 2792 4081 τὴν
2831 4010 3082 4063 ἐντεῦθεν
3134 4011 3426 4082 γινομένην
3488 4012 3708 4081 πρῶτον

2124 4095 2491 4167 ἐξετάσωμεν,
2545 4098 2639 4151 καὶ
2667 4100 2789 4152 τότε
2841 4099 2940 4167 τὴν
2993 4095 3215 4168 ζημίαν.
3273 4097 3398 4160 Πῶς
3424 4093 3516 4151 οὖν
3549 4098 3707 4152 ἔσται

2123 4185 2283 4248 τοῦτο
2305 4186 2474 4255 σαφές
2510 4187 2643 4256 ἡμῖν
2671 4188 2764 4240 καὶ
2791 4187 2998 4256 σφόδρα
3025 4185 3335 4258 γνώριμον;
3359 4187 3706 4258 Παραγάγωο

2128 4293 2227 4346 μεν
2262 4277 2342 4340 εἰς
2387 4275 2550 4347 μέσον
2582 4275 2872 4346 άνθρωπον
2911 4277 3054 4330 οὕτω
3082 4276 3448 4348 διακείμενον,
3497 4277 3706 4348 πόρνης

2125 4363 2357 4436 ἐρῶντα,
2380 4366 2473 4420 καὶ
2500 4366 2604 4419 ὑπὸ
2634 4365 2929 4437 ἐπιθυμίας
2960 4366 3162 4421 ἀτόπου
3182 4367 3572 4438 κρατούμενον,
3610 4366 3704 4419 καὶ

2125 4453 2248 4506 τότε
2282 4453 2524 4523 ὀψόμεθα
2566 4453 2656 4506 τὸν
2691 4453 2904 4521 γέλωτα
2933 4454 3142 4510 τοῦτον.
3170 4455 3234 4506 Τί
3265 4454 3374 4526 γὰρ
3403 4453 3467 4508 ἂν
3494 4453 3708 4522 γένοιτο

2127 4539 2480 4613 αἰσχρότερον
2508 4539 2604 4592 τοῦ
2639 4538 3034 4610 θυραυλοῦντος
3068 4541 3174 4612 πρὸ
3196 4541 3305 4595 τῶν
3334 4541 3607 4613 πορνικῶν
3628 4541 3708 4594 εί-

2127 4627 2413 4698 κημάτων,
2447 4627 2542 4682 καὶ
2576 4629 2946 4699 ραπιζομένου
2989 4629 3138 4700 παρά
3183 4629 3388 4701 πόρνης
3424 4630 3704 4697 γυναικὸς,

2128 4718 2223 4786 καὶ
2268 4715 2549 4780 κλαίοντος
2581 4718 2674 4770 καὶ
2707 4716 3054 4787 ὀδυρομένου,
3087 4717 3180 4770 καὶ
3213 4718 3313 4788 τὴν
3342 4717 3536 4770 ἐαυτοῦ
3574 4734 3705 4770 κατ-

2126 4804 2478 4876 αισχύνοντος
2498 4803 2685 4876 δόξαν;
2708 4805 2770 4858 El
2787 4805 2844 4858 δέ
2867 4803 3044 4873 βούλει
3071 4805 3165 4858 καὶ
3196 4805 3291 4876 τὴν
3322 4803 3526 4876 ζημίαν
3551 4804 3704 4868 ίδεῖν,

2127 4894 2298 4950 ἐννόει
2329 4910 2421 4964 μοι
2469 4893 2582 4946 τῶν
2626 4893 2924 4962 χρημάτων
2962 4891 3062 4962 τήν
3099 4891 3370 4963 δαπάνην,
3409 4895 3536 4956 τοὺς
3578 4893 3708 4963 περὶ

2127 4983 2234 5037 τῶν
2275 4984 2520 5053 ἐσχάτων
2567 4980 2868 5043 κινδύνους,
2908 4979 2998 5032 τὸν
3028 4979 3166 5050 πρὸς
3201 4981 3330 5044 τοὺς
3369 4980 3709 5052 ἀντεραστάς

2128 5073 2389 5142 πόλεμον,
2448 5068 2519 5124 τά
2567 5067 2880 5137 τραύματα,
2931 5067 3029 5129 τὰς
3082 5066 3298 5136 πληγὰς
3361 5067 3461 5130 τὰς
3498 5069 3562 5118 ἐκ
3596 5065 3708 5118 τῶν

2125 5159 2386 5212 τοιούτων
2424 5156 2802 5228 παρατάξεων.
2856 5153 3100 5208 Τοιοῦτοι
3155 5157 3252 5208 καὶ
3301 5155 3350 5208 οἱ
3405 5154 3708 5224 χρημάτων

2125 5247 2395 5317 ἐπιθυμίᾳ
2441 5244 2825 5316 κατεχόμενον
2880 5242 3082 5313 μᾶλλον
3115 5242 3172 5295 δὲ
3204 5241 3426 5314 μείζονα
3455 5245 3707 5310 ἀσχημο-

2125 5336 2328 5391 νοῦσιν.
2382 5329 2543 5388 Οὗτοι
2585 5334 2684 5404 μὲν
2713 5332 2823 5404 γάρ
2871 5331 3000 5402 περὶ
3046 5330 3106 5384 ἐν
3153 5332 3294 5383 εἰσιν
3341 5327 3710 5400 ἠσχολημένοι

2127 5423 2288 5494 σῶμα
2314 5440 2328 5454 ·
2377 5425 2424 5475 οί
2455 5421 2510 5474 δέ
2544 5421 2871 5493 φιλάργυροι
2901 5418 3000 5480 τὰς
3030 5417 3249 5471 πάντων
3287 5417 3477 5480 οὐσίας
3504 5416 3707 5486 ὁμοίως

2126 5510 2610 5583 περιεργάζονται,
2640 5511 2736 5563 καὶ
2765 5510 3013 5579 πενήτων
3043 5507 3139 5560 καὶ
3185 5505 3578 5569 πλουτούντων,
3610 5502 3708 5557 καὶ

2126 5603 2235 5655 τῶν
2269 5603 2370 5653 οὐκ
2421 5598 2595 5650 ὄντων
2642 5597 2984 5668 πραγμάτων
3014 5595 3232 5670 ἐρῶσιν,
3262 5595 3291 5647 ὃ
3328 5592 3564 5663 μάλιστα
3605 5591 3705 5672 τῆς

2126 5689 2219 5751 τοῦ
2254 5688 2455 5753 πάθους
2487 5685 2713 5749 ἀτοπίας
2749 5685 2972 5756 σημεῖόν
3001 5685 3167 5738 ἐστιν.
3194 5683 3267 5736 Οὐ
3299 5680 3405 5752 γὰρ
3431 5679 3702 5748 λέγουσιν,
