4112 6224
347 286 456 342 51⁸1

349 396 403 451 in
437 410 535 450 usu
556 382 871 465 ,Ipudorem
899 391 1090 448 incutit
1119 408 1133 444 :
1163 391 1303 458 quod
1333 390 1418 444 hic
1439 404 1654 460 quoque
1676 386 1894 443 adhibet
1918 427 1933 452 ,

346 488 572 543 dicens:
602 485 692 542 36.
727 487 805 539 An
853 502 885 538 a
917 483 1054 539 vobis
1103 483 1302 537 verbum
1329 481 1426 536 Dei
1456 483 1695 552 processit
1725 519 1742 545 ,
1770 489 1859 534 aut
1885 480 1938 534 in

347 593 434 632 vos
458 579 596 632 solos
622 576 846 650 pervenit
869 575 896 629 .9
925 574 1138 629 Etenim
1165 581 1391 628 caeteras
1429 570 1652 626 adduxit
1673 570 1939 626 Ecclesias

349 668 491 723 hanc
527 668 699 739 legem
723 676 1005 722 servantes
1029 707 1044 733 ,
1074 673 1128 720 et
1157 680 1186 718 a
1215 665 1452 720 novitate
1472 664 1757 719 tumultum
1783 677 1937 718 rese-

350 776 501 826 rans,
526 769 583 817 et
607 760 893 814 multorum
933 758 1138 812 calculo
1167 767 1371 827 gratam
1417 765 1474 811 et
1514 765 1787 826 acceptam
1817 753 1942 810 red-

351 853 489 908 dens
528 853 849 905 orationem.
887 849 1251 917 Quamobrem
1279 849 1405 904 alibi
1438 863 1650 919 quoque
1683 846 1895 902 dicebat
1923 865 1936 902 :

355 944 456 1011 Qui
485 943 622 999 vobis
643 943 695 996 in
727 942 1022 995 memoriam
1043 942 1291 995 revocavit
1319 941 1425 994 vias
1454 956 1589 993 meas
1615 940 1668 992 in
1693 937 1895 992 Christo
1921 979 1937 1005 ,

352 1039 482 1091 sicut
511 1035 695 1105 ubique
720 1037 773 1089 in
803 1034 1033 1090 omnibus
1061 1033 1302 1088 Ecclesiis
1323 1033 1477 1086 doceo
1500 1033 1573 1101 (l.
1593 1029 1711 1086 Cor.
1739 1032 1793 1086 4.
1826 1031 1938 1098 17);

356 1136 414 1183 et
440 1140 628 1182 rursus
652 1167 670 1193 ,
701 1125 823 1180 Non
851 1135 924 1181 est
953 1126 1086 1179 enim
1115 1124 1256 1180 Deus
1282 1123 1630 1184 dissensionis,
1660 1122 1748 1175 sed
1778 1122 1938 1192 pacis,

353 1218 486 1273 sicut
509 1227 553 1272 et
571 1218 623 1270 in
646 1218 878 1271 omnibus
899 1217 1141 1271 Ecclesiis
1159 1224 1447 1271 sanctorum
1467 1211 1628 1285 (Ibid.
1649 1213 1735 1267 14.
1751 1213 1868 1283 55);
1887 1223 1944 1269 et

355 1307 445 1362 hic
473 1326 487 1361 :
519 1309 598 1361 An
627 1325 659 1360 a
688 1308 826 1361 vobis
859 1308 1059 1361 verbum
1084 1306 1183 1361 Dei
1212 1308 1488 1376 processit,
1518 1316 1608 1359 aut
1635 1304 1702 1358 ad
1727 1321 1813 1359 vos
1852 1322 1942 1359 so-

354 1401 435 1454 los
473 1401 746 1470 pervenit?
774 1400 888 1455 Hoc
927 1408 1011 1454 est
1035 1441 1050 1466 ,
1082 1414 1256 1468 neque
1284 1413 1378 1453 vos
1410 1398 1565 1468 primi
1591 1437 1606 1462 ,
1637 1412 1809 1465 neque
1839 1397 1939 1450 soli

356 1493 543 1548 fideles
567 1535 582 1558 ,
613 1493 705 1548 sed
736 1501 879 1548 totus
905 1491 1052 1546 orbis
1084 1499 1260 1546 terrae.
1289 1490 1440 1559 Quod
1464 1491 1624 1544 etiam
1657 1490 1725 1544 ad
1752 1489 1941 1545 Colos-

355 1599 544 1640 senses
586 1582 864 1648 scribens,
917 1582 1166 1648 dicebat,
1197 1583 1343 1636 Sicut
1372 1581 1644 1651 fructiﬁcat
1681 1591 1726 1640 et
1769 1583 1944 1636 crescit

357 1679 412 1730 in
443 1686 546 1730 toto
578 1676 770 1729 mundo
812 1674 1030 1746 (Coloss.
1066 1675 1117 1729 1.
1147 1674 1238 1746 6),
1275 1673 1501 1744 loquens
1545 1673 1612 1728 de
1640 1673 1937 1744 evangelio.

358 1769 414 1823 ld
440 1779 618 1824 autem
651 1767 781 1822 facit
810 1768 970 1823 etiam
1003 1766 1238 1823 aliterad
1267 1764 1703 1821 exhortationem
1739 1766 1945 1820 audito-

357 1875 475 1915 rum
497 1902 513 1926 ,
567 1871 623 1914 ut
666 1859 881 1926 quando
909 1858 1076 1923 dicit,
1109 1871 1297 1912 eorum
1335 1872 1455 1912 esse
1494 1857 1662 1926 prima
1685 1898 1700 1923 ,
1743 1867 1794 1911 et
1828 1873 1946 1911 ma-

358 1954 550 2008 nifesta
590 1953 859 2007 omnibus.
885 1950 1017 2006 Nam
1062 1949 1128 2005 ad
1173 1949 1679 2005 Thessalonicenses
1709 1949 1946 2004 scribens

357 2046 610 2102 dicebat:
645 2046 689 2098 Α
723 2043 860 2098 vobis
886 2045 1018 2098 enim
1045 2043 1267 2097 resanuit
1293 2059 1459 2097 sermo
1487 2040 1604 2108 Dei,
1637 2051 1683 2095 et
1716 2043 1768 2096 in
1809 2043 1946 2096 onmi

359 2138 475 2190 loco
501 2136 626 2206 ﬁdes
647 2146 810 2190 vestra
835 2135 902 2188 ad
931 2133 1097 2188 Deum
1128 2133 1250 2188 exiit
1283 2131 1329 2204 (l
1366 2131 1548 2186 Thess.
1594 2133 1645 2186 1.
1679 2131 1774 2202 8);
1802 2141 1855 2187 et
1879 2131 1945 2186 ad

359 2228 642 2283 Romanos
685 2241 866 2282 rursus
912 2224 1199 2280 scribens:
1232 2223 1391 2278 Fides
1421 2234 1583 2278 vestra
1613 2223 1948 2276 annuntiatur

359 2323 414 2376 in
445 2331 550 2375 toto
587 2322 775 2373 nmndo
796 2317 973 2388 (Rom.
1019 2319 1070 2373 1.
1101 2318 1179 2390 8).
1210 2317 1383 2373 Ambo
1425 2316 1568 2370 enim
1596 2314 1867 2370 sufﬁciunt
1893 2323 1949 2369 et

363 2413 430 2466 ad
463 2409 852 2467 exhortandum
879 2417 934 2464 et
961 2407 1304 2465 excitandum
1324 2449 1339 2473 ,
1373 2405 1576 2460 laudari
1603 2405 1672 2460 ab
1710 2404 1832 2459 aliis
1852 2447 1867 2471 ,
1893 2414 1949 2460 et

361 2504 496 2558 alios
539 2501 739 2557 habere
783 2501 960 2556 socios
1006 2500 1307 2555 sententi-.c.
1340 2498 1405 2552 Et
1450 2497 1572 2553 ideo
1615 2496 1702 2550 hic
1735 2511 1948 2566 quoque

361 2593 494 2649 dicit
523 2609 536 2646 :
571 2593 649 2646 An
677 2609 707 2645 a
737 2591 873 2646 vobis
899 2606 1062 2645 sermo
1088 2589 1183 2645 Dei
1205 2589 1464 2659 processit,
1487 2596 1575 2641 aut
1598 2588 1668 2641 ad
1694 2603 1780 2641 vos
1811 2588 1948 2641 solos

364 2686 630 2758 pervenit?
657 2685 842 2755 Neque
868 2684 1032 2752 enim,
1064 2683 1255 2754 inquit,
1287 2683 1389 2737 hoc
1416 2681 1695 2753 potueritis
1721 2679 1904 2736 dicere
1930 2699 1946 2739 :

365 2782 474 2837 Nos
498 2780 698 2836 fuimus
724 2781 977 2835 doctores
1017 2778 1241 2833 aliorum
1267 2817 1280 2842 ,
1310 2785 1364 2831 et
1394 2790 1501 2830 non
1531 2790 1742 2844 aequum
1770 2786 1853 2829 est
1893 2782 1951 2829 ut

364 2875 431 2928 ab
458 2874 580 2928 aliis
604 2872 875 2928 discamus
899 2887 914 2937 ;
943 2885 1149 2940 neque,
1172 2868 1332 2924 Fides
1357 2867 1445 2923 hic
1470 2867 1648 2922 solum
1676 2870 1825 2922 stetit
1849 2908 1864 2932 ,
1894 2875 1949 2921 et

367 2982 472 3020 non
516 2974 729 3036 oportet
773 2963 843 3019 ab
883 2964 1004 3018 aliis
1046 2961 1288 3033 exempla
1336 2975 1571 3016 sumere.
1624 2958 1810 3014 Viden’
1856 2974 1950 3028 per

365 3073 526 3127 quam
554 3057 717 3111 multa
755 3056 834 3110 eis
863 3054 1124 3125 pudorem
1173 3052 1438 3109 incussit?
1487 3052 1660 3123 legem
1687 3050 1947 3117 adduxit,

365 3149 443 3202 rei
474 3147 707 3202 ostendit
735 3145 1118 3218 turpitudinem
1145 3186 1159 3211 ,
1193 3155 1414 3200 caeteras
1449 3143 1721 3199 Ecclesias
1751 3143 1804 3196 in
1833 3158 1948 3197 me-

300 3241 305 3244 ’
365 3238 456 3294 dio
484 3241 680 3309 posuit.

435 3331 492 3393 2.
535 3331 773 3398 Deinde,
816 3329 960 3402 quod
989 3339 1072 3385 est
1113 3330 1350 3385 omnium
1397 3328 1786 3392 fortissimum,
1821 3329 1950 3382 ulti-

363 3439 510 3481 mum
537 3422 690 3494 ponit
714 3421 899 3477 dicens
928 3439 944 3478 :
975 3421 1117 3477 Deus
1155 3419 1268 3476 hate
1296 3420 1456 3476 etiam
1504 3435 1646 3475 nunc
1671 3419 1825 3490 jubet
1850 3435 1945 3489 per

365 3530 472 3570 me.
507 3516 597 3569 37.
629 3514 692 3570 Si
721 3515 832 3584 quis
866 3514 1008 3568 enim
1050 3511 1247 3566 videtur
1271 3512 1520 3581 prapheta
1551 3527 1656 3566 esse
1682 3521 1768 3564 aut
1794 3511 1949 3579 spiri-

365 3605 518 3661 tualis
541 3647 558 3674 ,
591 3615 861 3675 cognoscat
880 3621 995 3672 qua:
1029 3603 1194 3658 scribo
1234 3604 1371 3658 vobis
1395 3645 1410 3670 ,
1442 3604 1560 3674 quia
1599 3602 1809 3658 Domini
1835 3612 1950 3657 sunt

367 3702 632 3756 mandata.
661 3701 755 3757 58.
787 3701 849 3756 Si
890 3702 1000 3771 quis
1025 3709 1194 3755 autent
1226 3702 1457 3772 ignorat,
1489 3701 1703 3771 ignoret.
1746 3701 1812 3755 Et
1854 3715 1951 3755 cur

365 3794 468 3849 hoc
495 3793 814 3863 subjunsit?
843 3791 1146 3858 Ostendens
1172 3808 1233 3849 se
1261 3808 1433 3864 neque
1462 3794 1571 3847 vim
1597 3793 1821 3859 aﬂ‘erre,
1851 3809 1950 3848 nec

364 3887 695 3942 contendere
719 3905 733 3941 :
763 3887 905 3963 quod
936 3887 1152 3958 quidem
1179 3896 1262 3943 est
1281 3888 1490 3957 signum
1516 3902 1623 3942 non
1649 3903 1836 3943 eorum
1860 3888 1950 3958 qui

364 3993 464 4032 sua
509 3979 695 4032 volunt
735 3979 1065 4034 constituere
1088 4019 1104 4044 ,
1137 3977 1235 4034 sed
1265 3992 1452 4033 eorum
1493 3978 1584 4048 qui
1625 3988 1868 4049 spectant
1896 3980 1948 4035 id

363 4068 514 4137 quod
553 4077 637 4122 est
671 4069 788 4124 aliis
817 4069 964 4123 utile.
1009 4068 1371 4136 Quamobrem
1401 4069 1533 4124 dicit
1562 4070 1728 4125 etiam
1773 4070 1899 4125 alibi
1932 4089 1945 4124 :

364 4159 434 4214 Si
459 4160 574 4230 quis
598 4168 759 4213 autem
797 4170 869 4215 est
905 4162 1246 4215 contentiosus
1267 4201 1280 4226 ,
1313 4177 1404 4214 nos
1432 4161 1582 4214 talem
1623 4161 1949 4215 consuetudi-

365 4266 483 4304 nem
515 4265 618 4302 non
640 4251 879 4306 habemus
929 4253 1007 4323 (1.
1049 4252 1168 4307 Cor.
1213 4253 1303 4307 11.
1356 4252 1471 4324 16).
1506 4253 1577 4307 At
1621 4268 1726 4308 non
1756 4253 1952 4324 ubique

367 4338 475 4396 hoc
501 4341 659 4405 facit,
692 4341 786 4396 sed
816 4342 905 4397 ubi
931 4358 1035 4397 non
1066 4342 1137 4397 ita
1167 4357 1360 4412 magna
1386 4342 1738 4398 admittuntur
1765 4358 1949 4412 pecca-

366 4439 421 4484 ta
444 4472 460 4497 ,
489 4440 546 4485 et
585 4439 718 4486 tunc
756 4434 932 4503 potius
962 4433 1164 4504 pudore
1192 4433 1451 4488 afﬁciens.
1483 4433 1615 4488 Nam
1646 4433 1858 4503 quando
1885 4433 1952 4489 de

368 4520 490 4576 aliis
516 4521 784 4592 loquitur,
816 4539 919 4578 non
948 4525 1026 4579 sic
1052 4523 1209 4591 dicit,
1239 4524 1334 4580 sed
1364 4524 1667 4595 quomodo?
1695 4523 1780 4579 Ne
1817 4540 1949 4578 erre-

371 4615 436 4667 tis
464 4630 486 4669 :
533 4631 694 4684 neque
741 4617 1074 4687 fornicatores
1097 4657 1113 4682 ,
1159 4633 1320 4686 neque
1368 4615 1545 4670 molles
1598 4633 1808 4688 regnum
1853 4615 1952 4672 Dei

367 4706 695 4773 possidebunt
720 4706 901 4780 (Ibid.
934 4709 986 4765 6.
1015 4707 1122 4779 9);
1155 4718 1210 4764 et
1248 4723 1435 4763 rursus
1462 4727 1475 4762 :
1508 4709 1642 4762 Ecce
1692 4726 1782 4780 ego
1816 4707 1952 4762 Pau-

368 4799 452 4851 lus
473 4799 588 4853 dico
617 4801 753 4854 vobis
777 4841 792 4867 ,
823 4799 957 4870 quod
985 4801 1030 4855 si
1055 4800 1490 4854 circumcidamini
1514 4841 1530 4866 ,
1557 4799 1788 4855 Christus
1814 4801 1949 4855 vobis

369 4888 504 4942 nihil
530 4891 756 4959 proderit
785 4890 926 4962 (Gal.
954 4891 1008 4947 5.
1039 4890 1118 4962 2).
1149 4891 1247 4946 Hic
1284 4902 1464 4947 autem
1491 4892 1747 4963 quoniam
1775 4891 1843 4947 de
1871 4892 1948 4947 si-

367 4983 538 5037 lentio
561 4983 820 5054 agebatur
843 5025 860 5050 ,
890 4999 995 5039 non
1023 4984 1311 5040 admodum
1341 4983 1688 5040 vehementer
1717 4985 1949 5040 insecta-

365 5085 478 5140 tur,
507 5075 609 5130 hoc
635 5076 750 5146 ipso
771 5091 866 5133 eos
889 5077 1059 5147 magis
1082 5078 1379 5133 attrahens.
1411 5077 1614 5134 Deinde
1639 5077 1780 5148 quod
1808 5092 1950 5134 sem-

368 5182 470 5237 per
510 5167 646 5223 solet
687 5167 898 5236 facere,
945 5169 1012 5224 ad
1046 5169 1194 5241 prius
1239 5179 1612 5240 argumentum
1638 5211 1653 5234 ,
1699 5169 1842 5226 unde
1883 5170 1950 5226 ad

362 5259 485 5313 lucc
529 5258 755 5315 dicenda
800 5261 1074 5332 digressus
1118 5270 1243 5328 est,
1291 5262 1576 5316 revertitur
1600 5261 1785 5316 dicens
1814 5280 1826 5316 :
1856 5261 1946 5317 59.

361 5347 582 5421 Itaque,
616 5353 800 5424 fratres
827 5353 925 5406 mei
943 5393 960 5420 ,
986 5353 1297 5407 wntulamini
1340 5352 1658 5422 praphetiam
1679 5393 1696 5419 ,
1725 5363 1772 5406 et
1813 5353 1950 5420 loqui

360 5443 556 5514 linguis
600 5444 758 5497 nolite
787 5444 1068 5515 prohibere.
1105 5444 1203 5499 Est
1242 5445 1386 5500 enim
1419 5459 1536 5500 mos
1579 5445 1695 5514 ejus
1723 5460 1830 5500 non
1861 5459 1947 5500 so.

361 5536 476 5591 lum
522 5551 684 5610 agere
731 5537 783 5592 id
810 5579 825 5605 ,
858 5536 1004 5608 quod
1034 5547 1116 5594 est
1161 5537 1494 5608 propositum
1517 5577 1533 5602 ,
1566 5535 1662 5591 sed
1694 5537 1852 5592 etiam
1881 5552 1946 5591 ex

361 5629 458 5685 illo
487 5628 539 5683 id
574 5629 716 5699 quod
747 5629 1256 5700 quomodocumque
1284 5628 1334 5684 ei
1364 5628 1576 5684 videtur
1603 5627 1946 5699 conjunctum

359 5723 639 5800 corrigere
663 5763 678 5790 ,
707 5729 763 5777 et
807 5737 996 5778 rursus
1020 5721 1196 5778 redire
1246 5719 1310 5775 ad
1355 5720 1691 5791 propositum
1713 5761 1726 5787 ,
1761 5735 1826 5774 ne
1869 5721 1944 5774 vi-

1278 277 1346 334 IN
1385 274 1601 334 EPIST.
1644 276 1664 332 1
1729 275 1822 330 AD
1859 272 2020 330 COR.
2062 272 2292 332 IIOMIL.
2335 273 2601 333 XXXVII.

3529 287 3634 345 518

2049 384 2239 440 deatur
2261 386 2512 444 excidere
2556 389 2626 444 ab
2650 401 2987 461 argumento.
3043 393 3253 450 Etenim
3303 400 3516 468 quando
3554 403 3633 458 lo-

2046 479 2314 549 quebatur
2350 480 2419 534 de
2442 481 2730 537 concordia
2759 484 2811 537 in
2840 486 3074 552 mensis;
3099 502 3222 542 cum
3247 487 3522 558 digressus
3541 510 3632 550 es-

2043 578 2127 624 set
2149 569 2215 624 ad
2238 573 2676 628 communionem
2705 575 2756 628 in
2784 577 3076 646 mysteriis,
3100 587 3154 634 et
3169 595 3263 636 eos
3285 580 3407 637 inde
3426 587 3634 654 pudore

2042 660 2326 728 aﬂecisset,
2348 662 2416 719 ad
2443 665 2623 734 priora
2653 682 2838 722 rursus
2858 671 3165 739 revertitur,
3193 672 3412 730 dicens:
3440 675 3633 743 Quam—

2043 751 2212 808 obrem
2280 759 2626 812 convenientes
2687 758 2756 812 ad
2817 761 3176 817 comedendum
3201 805 3217 831 ,
3273 781 3359 821 vos
3423 768 3632 825 invicem

2043 855 2330 915 exspectate
2355 847 2430 918 (1.
2464 847 2583 903 Cor.
2619 851 2708 905 11.
2734 851 2849 921 53).
2879 852 2954 908 Ita
2989 854 3074 909 hic
3097 871 3311 926 quoque
3330 901 3345 924 ,
3370 875 3491 915 cum
3523 863 3631 917 dis-

2044 939 2301 994 seruisset
2348 940 2418 995 de
2459 941 2648 998 ordine
2692 943 3030 1000 observando
3073 948 3127 1001 in
3159 948 3345 1017 donis,
3389 961 3444 1008 et
3487 955 3630 1024 quod

2045 1043 2220 1098 neque
2267 1045 2502 1087 maerore
2532 1032 2675 1088 allici
2707 1045 2957 1105 oporteat
3005 1039 3056 1092 in
3091 1040 3384 1097 minoribus
3409 1084 3424 1110 ,
3458 1061 3632 1116 neque

2045 1127 2253 1176 tumere
2281 1131 2501 1193 propter
2528 1125 2752 1196 majora,
2782 1137 2837 1182 et
2865 1129 3057 1185 deinde
3085 1131 3358 1202 digressus
3390 1147 3535 1193 esset
3561 1139 3630 1195 ad

2045 1212 2362 1268 modestiam
2393 1215 2713 1272 mulieribus
2741 1221 3150 1278 convenientem
3171 1265 3188 1290 ,
3219 1233 3274 1280 et
3298 1240 3416 1282 eam
3444 1230 3633 1285 conﬁr-

2046 1315 2268 1371 masset,
2298 1307 2441 1366 redit
2465 1308 2530 1362 ad
2558 1310 2889 1380 propositum
2910 1353 2925 1377 ,
2957 1329 3146 1370 rursus
3170 1315 3356 1372 dicens
3380 1335 3392 1371 :
3428 1318 3632 1391 Itaque,

2047 1399 2230 1466 fratres
2260 1399 2390 1463 mei,
2439 1401 2755 1454 azmulamini
2796 1404 3146 1474 prophetiam,
3179 1416 3224 1460 et
3266 1409 3405 1480 loqui
3447 1411 3634 1483 linguis

2047 1489 2203 1544 nolite
2232 1492 2515 1560 prohibere.
2565 1493 2810 1549 Vidistin’
2839 1499 3112 1567 quomodo
3157 1499 3224 1554 ad
3270 1501 3430 1558 ﬁnem
3464 1519 3636 1576 usque

2046 1583 2340 1636 servaverit
2367 1583 2741 1652 differentiam,
2769 1597 2824 1643 et
2859 1590 3132 1658 quomodo
3166 1591 3394 1648 alterum
3417 1597 3633 1666 quidem

2047 1674 2294 1728 05tendat
2338 1676 2491 1732 valde
2543 1676 2947 1748 necessarium,
2997 1685 3226 1740 alterum
3285 1700 3462 1744 autem
3527 1707 3633 1748 non

2049 1767 2175 1840 item
2194 1770 2218 1819 ‘t
2243 1768 2599 1836 Quamobrem
2630 1771 2698 1827 de
2726 1773 2814 1828 illo
2835 1776 3050 1844 quidem
3077 1778 3227 1845 dicit,
3251 1779 3637 1849 £mulamiui;

2047 1858 2115 1914 de
2136 1859 2237 1915 hoc
2261 1870 2463 1930 autem,
2498 1861 2674 1918 Nolite
2714 1866 2998 1934 prohibere.
3034 1871 3236 1927 Deinde
3282 1881 3550 1944 tamquam
3582 1878 3634 1933 in

2049 1967 2260 2007 summo
2284 1956 2462 2008 omnia
2495 1957 2770 2028 corrigens
2791 2002 2806 2026 ,
2836 1961 3110 2032 sulijungit
3147 1963 3332 2021 dicens
3358 1985 3372 2021 :
3401 1968 3489 2022 40.
3520 1967 3640 2022 0m-

2049 2043 2135 2096 nia
2163 2054 2330 2099 autem
2357 2047 2565 2102 honeste
2601 2059 2647 2103 et
2676 2051 2950 2104 secundum
2997 2053 3226 2108 ordinem
3257 2057 3422 2125 fiant;
3450 2075 3636 2116 rursus

2050 2133 2170 2188 illos
2196 2145 2420 2207 tangens
2450 2139 2539 2208 qui
2567 2139 2750 2194 volunt
2778 2151 2977 2198 temere
2997 2158 3058 2198 se
3083 2144 3336 2202 indecore
3355 2163 3562 2218 gerere,
3584 2163 3638 2206 et

2054 2223 2280 2280 insania:
2325 2227 2426 2282 sihi
2476 2237 2657 2284 notam
2692 2231 2942 2300 inurere,
2981 2226 3488 2307 nec'congruentem
3538 2244 3636 2300 sibi

2051 2324 2268 2369 servant
2308 2318 2573 2372 ordinem.

2125 2405 2264 2463 Ordo
2289 2419 2452 2464 rectus
2481 2428 2677 2482 semper
2717 2414 3012 2469 servandus.
3052 2417 3292 2476 Avaritia:
3323 2425 3542 2480 morbus.
3567 2458 3634 2470 —

2051 2496 2193 2554 Nihil
2222 2501 2364 2555 enim
2387 2517 2540 2573 teque
2563 2504 2793 2560 :cdiﬁcat
2823 2515 2879 2560 ut
2905 2506 3039 2564 ordo
3069 2519 3279 2580 rectus,
3310 2523 3369 2569 ut
3407 2532 3511 2586 pax
3533 2559 3549 2584 ,
3581 2531 3639 2576 ut

2051 2590 2247 2645 caritas
2269 2633 2284 2659 ,
2316 2592 2457 2648 sicut
2484 2594 2644 2650 etiam
2675 2597 2945 2652 contraria
2971 2598 3295 2657 dissolvunt.
3317 2604 3435 2660 Non
3465 2609 3638 2664 solum

2051 2692 2230 2738 autem
2261 2685 2314 2738 in
2339 2687 2726 2755 spiritualibus,
2760 2689 2854 2744 sed
2875 2691 3036 2746 etiam
3062 2692 3114 2747 in
3135 2694 3254 2749 aliis
3274 2699 3519 2753 omnibus
3541 2698 3643 2758 hoc

2050 2774 2268 2830 videris.
2296 2776 2430 2831 Nam
2457 2778 2570 2834 sive
2597 2779 2650 2834 in
2689 2780 3027 2848 ehoro,sive
3067 2785 3120 2838 in
3165 2787 3405 2857 navigio,
3451 2791 3564 2846 sive
3587 2794 3641 2848 in

2051 2880 2232 2933 curru,
2265 2866 2379 2923 sive
2411 2871 2463 2923 in
2496 2871 2688 2926 castris
2718 2873 2963 2928 ordinem
2991 2875 3309 2943 confundas,
3341 2889 3396 2935 et
3421 2881 3642 2952 majori-

2053 2955 2152 3011 bus
2173 2971 2273 3013 suo
2299 2958 2418 3014 loco
2444 2960 2632 3030 ejectis
2675 2962 2728 3017 in
2760 2962 2975 3020 illorum
3010 2967 3256 3024 ordinem
3304 2971 3511 3026 minora
3559 2975 3638 3029 in-

2051 3045 2293 3117 duxeris,
2337 3053 2514 3107 omnia
2543 3057 2847 3126 corrumpis
2868 3097 2884 3122 ,
2929 3065 2986 3113 et
3019 3059 3098 3114 sic
3126 3063 3306 3116 omnia
3349 3078 3443 3118 sus
3470 3065 3644 3136 deque

2051 3148 2352 3199 vertuntur.
2399 3142 2583 3214 Neque
2630 3161 2728 3201 nos
2754 3163 2883 3218 ergo
2911 3150 3154 3205 ordinem
3201 3168 3640 3228 corrumpamus,

2053 3247 2226 3303 neque
2254 3243 2417 3306 caput
2451 3237 2587 3292 infra
2635 3249 2973 3307 statuamus,
3025 3258 3198 3313 neque
3243 3246 3410 3314 pedes
3460 3264 3642 3319 supra.

2055 3323 2166 3381 Hoc
2195 3341 2359 3398 porro
2391 3328 2481 3396 ﬁt,
2527 3331 2742 3400 quando
2767 3341 2966 3388 rectam
3011 3335 3226 3405 quidem
3271 3339 3532 3395 rationem
3566 3343 3645 3396 in-

2056 3418 2206 3474 ferne
2260 3419 2654 3491 dejecerimus,
2713 3426 3176 3494 concupiscentias
3222 3438 3435 3500 autem,
3486 3435 3638 3503 iram,

2055 3510 2559 3568 excandescentiam
2609 3523 2665 3570 et
2717 3517 3043 3585 voluptatem
3097 3519 3287 3574 rationi
3343 3525 3640 3592 prmium-i-

2056 3615 2174 3655 mus
2205 3619 2218 3656 :
2251 3604 2392 3659 unde
2423 3620 2648 3674 magnus
2676 3608 2888 3662 exsistit
2909 3607 3123 3676 ﬂuctus,
3149 3615 3336 3681 ingens
3362 3618 3641 3683 perturba-

2056 3690 2129 3746 tio
2150 3732 2166 3757 ,
2198 3700 2254 3747 et
2282 3693 2614 3751 intoleranda
2647 3707 2936 3767 tempestas
2956 3740 2973 3766 ,
3013 3715 3134 3754 cum
3165 3705 3345 3759 omnia
3375 3718 3644 3778 occupent

2055 3783 2308 3838 tenebrae.
2340 3783 2409 3838 Et
2437 3785 2480 3839 si
2508 3786 2607 3850 vis,
2631 3788 2860 3855 primum
2881 3792 3217 3846 excutiamus
3232 3809 3352 3848 eam
3375 3811 3496 3866 quae
3518 3799 3642 3855 hinc

2053 3874 2234 3929 evenit
2263 3875 2678 3946 turpitudinem,
2712 3888 3004 3948 posteaque
3030 3880 3284 3937 damnum
3314 3884 3442 3942 hinc
3463 3903 3642 3944 emcr-

2053 3981 2206 4037 gens.
2229 3966 2510 4034 Quomodo
2540 3983 2670 4038 ergo
2705 3968 2808 4023 hoc
2842 3971 2999 4025 nobis
3028 3981 3212 4026 notum
3236 3975 3339 4028 erit
3374 3986 3432 4032 et
3469 3981 3642 4033 mani-

2054 4057 2292 4113 festum?
2331 4058 2677 4116 Adducatnus
2724 4061 2776 4115 in
2823 4061 3058 4116 medium
3098 4061 3370 4120 hominem
3400 4068 3476 4122 sic
3515 4069 3647 4126 all‘e-

2054 4158 2220 4217 ctum,
2249 4160 2464 4222 captum
2490 4167 2675 4207 amore
2696 4153 3013 4218 meretricis,
3037 4162 3092 4208 et
3109 4157 3195 4224 qui
3219 4157 3334 4226 ejus
3361 4158 3647 4218 inhonesto

2056 4248 2302 4296 teneatur
2330 4242 2632 4311 desiderio;
2681 4253 2734 4300 et
2763 4255 2887 4300 tunc
2916 4245 3217 4302 videbimus
3245 4264 3404 4318 quam
3447 4251 3548 4308 hoc
3575 4257 3646 4310 sit

2054 4333 2357 4388 ridiculum.
2381 4334 2517 4402 Quid
2546 4335 2688 4390 enim
2714 4336 2883 4406 possit
2901 4351 3023 4393 esse
3050 4337 3140 4393 illo
3169 4341 3390 4409 turpius,
3422 4345 3510 4412 qui
3540 4353 3646 4400 stat

2054 4425 2122 4479 ad
2151 4426 2293 4480 fores
2322 4425 2515 4481 domus
2553 4427 2892 4494 meretrieite,
2920 4437 2973 4484 et
3015 4430 3255 4497 pulsatur
3277 4446 3306 4485 a
3334 4436 3642 4500 meretrice,

2055 4515 2253 4587 ﬂetque
2279 4524 2334 4572 et
2359 4516 2545 4588 ejulat,
2589 4520 2892 4590 probroque
2920 4519 3086 4576 afﬁcit
3113 4537 3265 4577 suam
3292 4526 3646 4582 existimatio-

2055 4609 2225 4664 nem?
2259 4608 2315 4665 Si
2345 4610 2427 4666 vis
2465 4619 2644 4667 autem
2685 4613 2846 4668 etiam
2877 4613 3059 4669 videre
3095 4614 3380 4683 damnum,
3425 4619 3646 4674 veniant

2058 4700 2149 4756 tihi
2177 4701 2230 4755 in
2257 4709 2493 4757 mentem
2526 4711 2774 4774 sumptus
2809 4705 3080 4773 pecuniae,
3123 4705 3191 4760 de
3219 4709 3476 4762 extremis
3505 4711 3635 4778 peri-

2054 4791 2195 4860 cula,
2225 4792 2423 4848 bellum
2454 4795 2595 4864 quod
2635 4797 2840 4866 geritur
2863 4795 3122 4850 adversus
3143 4797 3338 4852 rivales
3363 4807 3418 4853 et
3445 4801 3642 4855 adver-

2053 4887 2226 4940 sarios
2251 4895 2551 4952 amatores,
2581 4887 2800 4943 vulnera
2830 4897 2885 4942 et
2911 4888 3078 4959 plagae
3104 4903 3224 4959 quae
3253 4889 3564 4960 inlliguntur
3592 4893 3644 4947 in

2054 4977 2359 5047 hujusmodi
2382 4979 2517 5033 acie.
2542 4977 2701 5034 Tales
2727 4988 2850 5033 sunt
2870 4987 2926 5033 et
2965 4979 3035 5045 ii,
3063 4994 3197 5050 quos
3227 4985 3469 5052 pecunia:
3499 4993 3641 5041 tenet

2054 5069 2356 5140 cupiditas;
2385 5073 2493 5126 imo
2518 5086 2648 5127 vero
2677 5073 2883 5142 turpius
2908 5080 2963 5126 et
2991 5074 3160 5144 magis
3191 5074 3445 5130 indecore
3467 5092 3526 5133 se
3551 5094 3643 5148 ge-

2054 5170 2198 5218 runt.
2227 5161 2361 5218 Nam
2393 5162 2468 5217 illi
2508 5162 2720 5233 quidem
2759 5164 2814 5218 in
2845 5178 2952 5219 uno
2980 5179 3206 5234 corpore
3231 5176 3356 5221 sunt
3399 5171 3642 5238 occupati

2053 5263 2108 5311 et
2137 5256 2190 5310 in
2211 5270 2278 5312 eo
2297 5269 2454 5311 suum
2481 5263 2685 5325 ponunt
2709 5255 2944 5311 studium
2970 5264 3025 5311 et
3049 5271 3266 5325 Operam
3297 5275 3309 5308 :
3335 5257 3482 5310 avari
3511 5273 3641 5312 vero

2051 5348 2120 5404 de
2148 5347 2388 5403 omnium
2410 5346 2750 5402 facultatibus
2784 5357 2910 5402 sunt
2933 5347 3179 5402 similiter
3207 5347 3422 5400 solliciti
3453 5355 3508 5402 et
3537 5363 3634 5402 cu-

2053 5440 2205 5506 riosi,
2234 5447 2287 5494 et
2317 5453 2610 5508 pauperum
2631 5446 2687 5492 et
2711 5437 2955 5501 divitum,
2978 5447 3033 5491 et
3057 5437 3144 5490 illa
3169 5445 3353 5490 amant
3380 5453 3502 5507 qua:
3527 5454 3636 5495 uou
3691 5499 3696 5504 ,

2052 5543 2178 5588 sunt
2209 5549 2222 5586 :
2248 5531 2389 5602 quod
2420 5540 2503 5586 est
2526 5529 2758 5584 maxime
2779 5542 2988 5598 signum
3021 5526 3282 5598 improba:
3308 5528 3635 5597 cupiditatis.

2052 5626 2166 5681 Non
2195 5625 2379 5680 dicunt
2405 5623 2571 5690 enim,
2602 5621 2804 5678 Vellem
2841 5619 3039 5677 habere
3075 5619 3236 5691 hujus
3261 5631 3352 5676 aut
3382 5622 3523 5680 illius
3552 5624 3636 5680 fa-

2057 5719 2300 5784 cultates,
2331 5725 2421 5773 aut
2444 5717 2542 5773 has
2568 5715 2651 5772 vel
2681 5713 2800 5772 illas
2827 5712 3002 5771 solum
3029 5731 3043 5782 ;
3087 5713 3182 5771 sed
3222 5723 3275 5769 et
3303 5724 3514 5772 montes
3541 5730 3635 5774 vo-
