4112 6224
433 363 537 419 διε

435 478 551 531 luat
574 488 696 531 esse
717 486 930 540 aurum,
954 477 1010 527 et
1035 468 1222 523 domos
1247 472 1302 520 et
1339 476 1694 534 qua-cumque
1739 459 2009 522 videntur,

433 577 489 620 et
512 564 579 620 ad
599 563 825 620 alterum
856 577 916 617 se
954 556 1284 615 transferunt
1326 553 1615 614 mundum;
1647 562 1701 606 et
1730 551 1845 605 hare
1888 564 2012 621 per-

437 670 595 728 petuo
625 658 913 728 patiuntur,
963 665 1134 721 neque
1173 662 1396 718 usquam
1442 647 1600 701 ﬁnem
1629 643 1833 700 faciunt
1873 641 2018 696 desi-

433 746 827 813 derandi.Quis
856 742 1034 798 verbis
1060 742 1258 812 poterit
1281 737 1550 808 explicare
1577 735 1786 790 illarum
1819 732 2016 787 ﬂuctus

431 839 836 912 cogitationum,
881 841 1280 905 tempestatem,
1329 826 1654 900 caliginem?
1702 825 1792 880 ubi
1835 832 2014 878 autem

433 941 558 987 sunt
587 940 664 984 tot
707 929 900 982 fluctus
940 935 996 981 et
1029 935 1173 980 tanta
1204 932 1524 994 tempestas,
1569 934 1814 992 quamam
1857 917 2017 973 fuerit

431 1021 722 1092 voluptas?
752 1019 926 1085 Nulla,
957 1017 1052 1073 sed
1086 1015 1345 1071 tumultus
1370 1023 1423 1068 et
1452 1012 1606 1068 dolor
1630 1020 1686 1067 et
1712 1009 2016 1080 caliginosae

432 1115 648 1174 nebula:
674 1127 774 1185 pro
802 1113 954 1182 aquis
994 1109 1229 1166 ferentes
1259 1107 1482 1162 multam
1531 1104 1696 1161 animi
1741 1102 2016 1174 aegritudi-

431 1223 602 1264 nem:
651 1203 795 1276 quod
837 1205 1000 1258 etiam
1041 1201 1181 1256 solet
1226 1199 1472 1255 accidere
1525 1197 1590 1252 iis
1641 1198 1729 1267 qui
1783 1197 2015 1251 alienam

429 1308 614 1356 amant
658 1295 1126 1368 pulchritudinem.
1174 1292 1464 1364 Propterea
1515 1291 1605 1362 qui
1663 1289 1807 1344 nullo
1857 1290 2017 1344 modo

433 1401 646 1456 amant,
697 1390 752 1446 in
798 1387 989 1457 majori
1026 1394 1151 1442 sunt
1196 1387 1472 1455 voluptate
1498 1397 1657 1454 quam
1709 1381 2016 1450 hujusmodi

435 1493 725 1540 amatores.
755 1479 862 1535 Sed
887 1477 954 1533 ad
986 1478 1088 1534 hoc
1129 1476 1344 1548 quidem
1395 1491 1553 1530 nemo
1587 1471 1969 1529 contradixerit
1998 1488 2014 1528 :

435 1589 536 1646 ego
561 1581 740 1628 autem
768 1587 893 1626 eum
922 1570 1083 1626 etiam
1107 1568 1196 1638 qui
1223 1578 1365 1621 amat
1391 1565 1626 1636 quidem,
1655 1562 1901 1633 reprimit
1925 1579 2019 1617 au-

435 1675 542 1722 tem
569 1664 868 1728 libidinem,
898 1662 1087 1732 majori
1113 1661 1341 1716 dixerim
1366 1657 1505 1713 afﬁci
1537 1658 1828 1726 voluptate,
1858 1671 2015 1725 quam

433 1772 557 1814 eum
577 1755 668 1828 qui
687 1754 901 1810 assidue
926 1753 1120 1809 fruitur
1151 1750 1458 1806 meretrice.
1489 1746 1622 1803 Nam
1663 1746 1875 1802 etiamsi
1901 1746 2017 1816 ejus

436 1850 825 1909 demonstratio
859 1850 930 1906 sit
956 1845 1253 1912 difﬁcilior,
1301 1857 1524 1900 necesse
1571 1852 1746 1897 tamen
1790 1850 1866 1897 est
1917 1841 2019 1896 hoc

434 1941 693 1997 audacter
720 1937 1053 2011 probandum
1083 1934 1380 2002 suscipere.
1423 1933 1521 1988 Est
1546 1933 1689 1987 enim
1727 1930 2016 1998 difﬁcilior,

435 2050 540 2089 non
565 2049 629 2088 ex
657 2033 732 2087 rei
757 2041 966 2098 natura,
991 2029 1087 2086 sed
1113 2045 1177 2084 ex
1199 2042 1287 2095 eo,
1312 2026 1457 2098 quod
1485 2025 1756 2081 auditores
1780 2022 1881 2079 hac
1902 2023 2020 2094 phi-

436 2126 677 2196 losophia
709 2139 813 2179 non
841 2123 950 2178 sint
973 2121 1142 2193 digni.

508 2220 561 2274 5.
589 2215 726 2286 Quid
747 2225 834 2271 est
859 2215 1024 2280 enim,
1051 2213 1138 2268 die
1163 2227 1367 2284 qua-so,
1399 2211 1597 2266 amanti
1619 2207 1929 2278 jucundius,
1952 2206 2020 2262 ab

435 2309 607 2364 amica
622 2304 846 2376 despici,
871 2319 941 2359 an
967 2303 1216 2358 honorari
1239 2311 1294 2357 et
1322 2301 1466 2357 illam
1493 2298 1812 2370 despicere?
1839 2297 2020 2352 Palam

437 2410 522 2456 est
551 2401 654 2454 hoc
681 2412 802 2454 esse
847 2395 1157 2467 jucundius.
1187 2394 1358 2460 Quem
1401 2407 1528 2463 ergo
1553 2434 1568 2460 ,
1619 2406 1820 2462 quteso,
1855 2389 2022 2460 magis

438 2490 719 2547 honorabit
747 2489 999 2543 meretrix
1023 2526 1040 2553 ,
1067 2500 1263 2542 eumne
1291 2484 1382 2554 qui
1414 2483 1512 2555 ipsi
1545 2483 1733 2548 servit,
1769 2490 1822 2536 et
1852 2479 2022 2536 factus

438 2594 522 2641 est
547 2584 664 2653 ejus
691 2579 1036 2650 mancipium.
1063 2591 1133 2632 an
1162 2590 1284 2632 eum
1313 2575 1402 2645 qui
1431 2574 1547 2644 ejus
1577 2572 1846 2643 superavit
1867 2573 2022 2638 retia,

437 2686 488 2730 et
514 2672 730 2730 structis
759 2671 828 2726 ab
851 2685 914 2725 ea
939 2668 1159 2725 calamis
1185 2668 1332 2722 volat
1352 2664 1553 2721 altius?
1582 2664 1676 2719 Est
1701 2662 1868 2718 cuivis
1899 2677 2023 2733 per-

438 2768 678 2838 spicuum
705 2764 846 2834 quod
875 2763 1038 2818 hunc.
1063 2760 1120 2814 In
1150 2773 1441 2831 quemnam
1466 2766 1645 2812 autem
1679 2769 1836 2811 suum
1857 2754 2024 2825 magis

439 2855 680 2912 conferet.
701 2852 961 2916 studium,
999 2852 1051 2905 in
1080 2864 1276 2906 eumne
1305 2849 1393 2919 qui
1424 2845 1620 2902 cecidit
1642 2887 1657 2909 ,
1689 2859 1757 2900 an
1802 2847 1855 2899 in
1900 2858 2022 2898 eum

441 2948 532 3018 qui
563 2945 846 3001 nondum?
891 2944 944 2997 In
976 2958 1098 2998 eum
1145 2942 1303 3010 plane
1342 2939 1434 3008 qui
1465 2936 1721 2992 nondum.
1749 2935 1880 3003 Quis
1923 2935 2026 2990 erit

442 3045 620 3091 autem
648 3032 1080 3097 desiderabilior,
1129 3031 1244 3086 isne
1271 3028 1363 3100 qui
1411 3036 1493 3082 est
1518 3025 1828 3092 confectus,
1861 3039 1927 3079 an
1979 3025 2025 3080 is

443 3127 531 3197 qui
578 3123 813 3180 nondum
841 3132 924 3178 est
951 3117 1252 3190 captus‘lls
1277 3118 1367 3189 qui
1413 3116 1649 3172 nondum
1692 3124 1776 3172 est
1816 3125 2022 3184 captus.

442 3219 499 3274 Si
549 3226 727 3272 autem
780 3230 890 3270 non
947 3211 1206 3276 creditis,
1260 3225 1291 3264 a
1347 3209 1509 3264 rebus
1567 3207 1761 3262 vestris
1805 3205 2024 3262 afferam

443 3306 982 3365 demonstrationem.
1020 3302 1319 3370 Quamnam
1360 3298 1502 3354 enim
1551 3297 1829 3354 mulierem
1857 3298 2026 3367 magis

445 3402 639 3458 amarit
676 3399 940 3472 quispiam
965 3438 979 3463 ,
1029 3408 1220 3452 eamne
1261 3409 1380 3464 quae
1425 3391 1584 3448 facile
1632 3391 1933 3446 succumbit
1973 3399 2027 3445 et

448 3498 549 3569 ipsi
594 3511 654 3552 se
679 3494 863 3561 dedit,
910 3507 978 3546 an
1021 3505 1140 3546 eam
1169 3504 1291 3558 qua:
1328 3494 1490 3557 negat
1540 3493 1594 3540 et
1631 3485 1900 3555 negotium
1947 3482 2026 3536 fa-

447 3587 647 3644 cessit?
688 3585 834 3640 llanc
867 3580 1054 3654 procul
1094 3579 1306 3634 dubio:
1351 3577 1476 3632 hinc
1521 3575 1666 3631 enim
1712 3573 2024 3630 accenditur

451 3679 624 3750 majus
667 3675 1014 3732 desiderium.
1064 3672 1204 3741 Ergo
1247 3669 1387 3724 idem
1435 3681 1648 3737 quoque
1671 3667 1777 3721 erit
1803 3667 1854 3719 in
1907 3680 2028 3718 mu-

453 3772 617 3834 liere;
660 3778 716 3824 et
754 3781 876 3823 eum
913 3763 1082 3834 magis
1123 3762 1213 3817 illa
1251 3759 1538 3815 honorabit
1577 3765 1634 3813 et
1682 3755 2031 3812 admirabitur

455 3861 545 3931 qui
593 3873 653 3913 se
688 3855 933 3925 despicit.
978 3851 1035 3909 Si
1091 3865 1179 3906 res
1217 3858 1398 3905 autem
1437 3848 1509 3903 ita
1543 3862 1603 3903 se
1642 3847 1866 3911 habeat,
1900 3845 2030 3901 illud

457 3965 671 4022 quoque
699 3948 871 4020 palam
893 3946 997 4002 erit
1038 3945 1090 3999 in
1122 3942 1310 4013 majori
1340 3955 1460 3996 esse
1489 3941 1763 4008 voluptate
1793 3952 1912 3993 eum
1944 3936 2032 4006 qui

455 4041 623 4111 magis
651 4039 946 4093 honoratur
971 4044 1025 4090 et
1053 4033 1307 4104 diligitur.
1352 4031 1484 4086 Nam
1528 4039 1581 4084 et
1608 4029 1716 4084 dux
1760 4029 2033 4084 exercitus

454 4131 641 4185 urbem
663 4128 877 4199 quidem
907 4125 1072 4180 semel
1097 4131 1303 4192 captam
1335 4120 1586 4184 dimittit;
1633 4119 1682 4174 ei
1707 4126 1884 4174 autem
1913 4133 2033 4188 qua:

454 4223 658 4278 resistit
685 4229 742 4274 et
767 4215 1048 4273 contendit
1072 4215 1218 4269 ontni
1247 4212 1425 4268 studio
1449 4211 1650 4268 assidet
1681 4227 1696 4265 :
1734 4219 1790 4264 et
1812 4220 2035 4265 venator

454 4313 621 4368 feram
647 4310 891 4367 venando
929 4318 1136 4377 captam
1167 4306 1327 4361 habet
1355 4306 1408 4361 in
1457 4305 1690 4362 tenebris
1734 4304 1990 4359 inclusam
2016 4346 2031 4370 ,

453 4401 900 4474 quemadmodum
929 4397 1185 4454 meretrix
1205 4405 1533 4460 amatorem;
1562 4410 1680 4451 eam
1710 4404 1888 4451 autem
1917 4412 2035 4464 qua:

455 4495 605 4565 fugit,
635 4493 991 4564 persequitur.
1024 4491 1094 4546 At
1119 4491 1229 4556 ille,
1256 4491 1483 4560 inquies,
1514 4490 1706 4544 fruitur
1729 4487 2032 4555 desiderio;

460 4585 548 4641 hic
575 4594 752 4640 autem
780 4599 887 4638 non
932 4582 1143 4637 fruitur.
1176 4583 1258 4636 An
1291 4581 1484 4651 probro
1511 4597 1575 4636 ac
1618 4580 1884 4636 dedecore
1929 4597 2034 4636 non

455 4677 622 4743 afﬁci,
655 4689 830 4744 neque
860 4673 980 4743 ejus
1006 4673 1300 4743 tyrannicis
1327 4671 1533 4726 servire
1553 4672 1813 4742 imperiis,
1842 4685 1941 4726 nec
1969 4671 2037 4726 ab

458 4783 520 4822 ea
549 4767 671 4822 duci
719 4773 773 4820 et
805 4761 1096 4833 circumagi
1140 4770 1408 4830 tamquam
1452 4761 1774 4831 mancipium
1799 4801 1814 4829 ,
1847 4761 2039 4831 pugnis

461 4867 775 4921 contusum,
808 4862 1126 4925 consputum
1149 4891 1165 4916 ,
1199 4852 1254 4906 in
1282 4851 1455 4922 capite
1485 4851 1766 4921 pulsatum,
1797 4867 2034 4921 parvam,

398 5009 412 5030 δ
463 4947 550 5001 dic
569 4961 751 5015 quaeso
771 4987 787 5012 ,
819 4945 1093 5002 existimas
1126 4958 1247 5000 esse
1273 4943 1636 5014 voluptatem?
1663 4942 1719 4998 Si
1746 4943 1866 5013 quis
1894 4945 2038 4998 enim

466 5038 584 5093 lucc
607 5048 854 5092 accurate
877 5039 1176 5094 excusserit
1195 5079 1210 5103 ,
1240 5047 1297 5092 et
1329 5037 1580 5108 colligere
1609 5036 1840 5106 potuerit
1862 5037 2040 5092 omnia

461 5142 648 5184 eorum
683 5126 895 5195 probra,
931 5127 1286 5181 contumelias
1309 5167 1324 5191 ,
1354 5128 1777 5194 criminationes,
1828 5127 2043 5199 irasque

469 5231 754 5294 perpetuas
783 5234 849 5273 ex
877 5218 1057 5273 animo
1077 5217 1160 5270 vel
1188 5233 1256 5271 ex
1281 5217 1489 5274 deliciis
1514 5233 1678 5287 ortas,
1712 5221 2038 5288 inimicitias,

467 5325 521 5370 ct
549 5313 649 5370 alia
670 5310 847 5367 omuia
878 5309 1008 5364 solis
1039 5307 1360 5378 patientibus
1380 5318 1522 5373 nota,
1558 5311 1793 5368 inveniet
1818 5313 2047 5384 quodvis

464 5391 667 5462 bellum
698 5403 876 5474 plures
901 5399 1101 5456 habere
1128 5399 1384 5468 inducias,
1406 5415 1563 5472 quam
1589 5401 1776 5457 horum
1799 5404 2045 5458 miseram

468 5500 654 5555 vitam.
712 5498 1012 5566 Quamnam
1051 5507 1180 5565 ergo
1217 5492 1388 5560 dicis,
1443 5508 1645 5565 quaeso,
1679 5495 2048 5566 voluptatem?

468 5608 661 5648 eamne
684 5607 804 5662 quae
831 5589 1040 5660 capitur
1075 5604 1140 5644 ex
1169 5589 1310 5643 coitu
1333 5629 1347 5654 ,
1376 5603 1494 5656 quae
1518 5597 1600 5643 est
1644 5587 1823 5642 brevis
1851 5597 1906 5642 et
1935 5603 2048 5641 mo-

471 5684 788 5739 mentanca?
813 5681 922 5737 Sed
947 5695 1072 5736 eam
1093 5681 1273 5734 statim
1304 5679 1500 5733 bellum
1531 5679 1729 5748 exeipit
1765 5687 1818 5732 et
1857 5679 2048 5732 fluctus

476 5784 530 5854 et
553 5771 728 5830 rabies
751 5781 806 5829 et
833 5771 973 5828 idem
1003 5785 1190 5826 rursus
1219 5767 1386 5823 furor.
1416 5767 1479 5823 Et
1515 5767 1629 5822 haec
1653 5766 1866 5837 quidem
1895 5783 1924 5822 a
1952 5783 2048 5823 no-

1125 354 1180 412 S.
1221 348 1496 408 JOANNIS
1531 343 2001 404 CHRYSOSTOM!
2042 345 2356 401 AliClllEP.
2388 346 2918 404 CONSTANTlNOP.

3599 348 3701 405 320

2119 459 2201 515 bis
2225 459 2364 514 dicta
2391 469 2544 527 sunt,
2580 460 2802 531 perinde
2842 470 3002 530 atque
3032 460 3078 516 si
3103 459 3223 532 quis
3263 457 3324 516 ea
3351 459 3542 516 dixerit
3570 463 3700 516 ado—

2129 550 2455 606 lescentibus
2477 552 2955 622 intemperantibus
2980 562 3033 607 et
3058 552 3356 623 impudicis,
3385 554 3471 624 qui
3495 569 3556 609 ea
3583 571 3702 625 qua.

2121 639 2374 697 dicuntur
2401 641 2467 696 de
2493 659 2661 714 regno
2705 653 2760 698 et
2796 643 3038 714 gehenna
3070 658 3176 698 non
3220 643 3446 699 libenter
3477 644 3648 700 ferant
3685 662 3701 700 :

2120 734 2334 805 quando
2365 743 2542 790 autem
2574 735 2689 791 haec
2721 736 2772 790 in
2805 735 3038 791 medium
3067 735 3470 804 adduxeritnus,
3507 753 3575 792 ne
3600 737 3704 793 dict

2119 824 2333 894 quidem
2366 834 2540 896 potest
2567 835 2763 896 quanta
2795 827 2863 881 sit
2893 826 3289 881 moderatorum
3321 836 3376 882 et
3405 836 3706 900 temperan-

2123 919 2254 972 tium
2286 917 2532 988 voluptas
2558 934 2572 984 ;
2602 918 2816 988 quando
2841 918 2960 990 quis
2990 933 3172 974 secum
3200 927 3411 988 reputat
3437 934 3663 974 coronas
3686 961 3704 987 ,

2123 1011 2338 1080 praemia
2359 1050 2376 1076 ,
2431 1010 2873 1066 consuetudinem
2923 1027 3043 1066 cum
3098 1011 3301 1082 angelis
3325 1051 3340 1075 ,
3375 1011 3426 1064 in
3458 1011 3706 1067 universo

2121 1105 2254 1158 orbe
2285 1113 2441 1160 terra:
2471 1104 2912 1170 celebrationem,
2943 1105 3191 1160 fiduciam
3219 1114 3275 1160 et
3299 1104 3511 1160 dicendi
3541 1105 3705 1160 liber-

2123 1203 2306 1262 tatem,
2337 1210 2462 1266 spes
2490 1196 2611 1251 illas
2643 1196 2808 1251 bonas
2829 1207 2882 1250 et
2914 1196 3268 1251 immortales.
3303 1197 3372 1250 At
3397 1199 3568 1250 coitus
3607 1196 3705 1249 ha.

2124 1287 2213 1344 bet
2249 1289 2609 1359 voluptatem;
2662 1289 2765 1345 hoc
2818 1289 2961 1345 enim
3009 1297 3266 1360 perpetuo
3312 1299 3566 1355 versant;
3612 1289 3705 1359 qui

2121 1397 2251 1437 vero
2280 1391 2586 1452 temperans
2616 1393 2719 1450 est,
2751 1396 2859 1436 non
2884 1390 3055 1452 potest
3084 1380 3298 1436 assidue
3325 1395 3559 1452 pugnare
3583 1397 3705 1435 cum

2123 1475 2403 1547 tyrannide
2453 1474 2700 1530 naturaa.
2731 1476 2801 1530 At
2849 1475 3174 1530 contrarium
3221 1473 3488 1528 inveneris
3533 1491 3548 1528 :
3593 1473 3707 1543 ipsa

2121 1565 2265 1621 enim
2292 1567 2371 1620 vis
2392 1575 2444 1620 et
2480 1564 2811 1636 perturbatio
2832 1572 2914 1619 est
2944 1564 3112 1634 magis
3129 1563 3268 1633 apud
3295 1579 3417 1618 eum
3443 1563 3532 1635 qui
3555 1579 3706 1618 scor-

2123 1665 2283 1712 tatur.
2329 1657 2490 1712 Multa
2522 1658 2663 1714 enim
2693 1667 2775 1713 est
2805 1658 2856 1712 in
2888 1672 3114 1726 corpore
3141 1657 3392 1728 agitatio;
3423 1667 3480 1712 et
3520 1659 3707 1728 quovis

2125 1745 2402 1802 fluctuanti
2434 1748 2564 1801 mari
2599 1747 2687 1802 hic
2711 1747 2930 1818 gravius
2955 1745 3209 1813 afficitur,
3236 1746 3388 1818 cujus
3419 1763 3707 1818 numquam

2123 1839 2332 1893 sistitur
2359 1839 2624 1909 cupiditas
2647 1881 2664 1908 ,
2705 1839 2798 1895 sed
2826 1839 2895 1894 ab
2939 1855 3002 1896 ea
3033 1855 3247 1910 semper
3275 1840 3562 1911 impetitur,
3601 1856 3704 1894 non

2121 1946 2277 1988 secus
2304 1945 2462 2002 atque
2511 1933 2600 2003 qui
2629 1933 2994 2002 corripiuntur
3021 1947 3052 1987 a
3083 1932 3363 1998 daemone,
3409 1941 3463 1986 et
3490 1933 3707 1986 assidue

2123 2021 2498 2092 discerpuntur
2541 2038 2572 2077 a
2616 2021 2768 2077 malis
2813 2021 3108 2092 spiritibus.
3157 2022 3482 2092 Temperans
3525 2031 3705 2076 autem

2124 2127 2232 2166 non
2253 2127 2406 2168 secus
2442 2127 2505 2168 ac
2554 2111 2706 2168 fortis
2745 2112 2942 2168 athleta
2969 2155 2983 2179 ,
3039 2128 3156 2168 eam
3208 2114 3421 2167 assidue
3470 2113 3705 2180 feriens,

2124 2203 2380 2273 optimam
2407 2213 2462 2258 et
2491 2204 2787 2258 innumeris
2831 2203 3142 2274 hujusmodi
3172 2204 3379 2257 deliciis
3419 2203 3706 2272 jucundio-

2125 2309 2239 2348 rem
2268 2295 2497 2364 percipit
2531 2296 2859 2366 voluptatem
2884 2337 2899 2362 ,
2951 2295 3052 2350 hac
3080 2295 3300 2350 victoria
3325 2337 3339 2360 ,
3394 2295 3530 2349 bona
3574 2311 3706 2349 con-

2126 2385 2351 2440 scientia
2373 2427 2388 2451 ,
2415 2395 2470 2440 et
2517 2386 2790 2455 prmclaris
2819 2387 3036 2456 tropaeis
3086 2395 3342 2458 perpetuo
3367 2396 3605 2441 ornatus.
3651 2387 3707 2442 Si

2127 2488 2308 2532 autem
2342 2486 2464 2548 post
2498 2491 2846 2548 congressum
2893 2477 2984 2534 ille
3040 2493 3223 2548 parum
3284 2478 3551 2547 quiescit,
3603 2476 3703 2532 hoc

2128 2569 2259 2622 nihil
2288 2569 2446 2624 fuerit
2472 2587 2484 2620 :
2527 2583 2738 2624 rursum
2768 2570 2911 2624 enim
2942 2569 3145 2624 invadit
3174 2579 3465 2639 tempestas
3491 2579 3544 2624 et
3584 2585 3706 2624 rnr-

2127 2673 2244 2713 sum
2271 2658 2484 2714 fluctus.
2513 2658 2612 2727 Qui
2647 2668 2824 2714 autem
2851 2659 3280 2730 philosomtatur,
3315 2675 3382 2714 ne
3413 2659 3565 2714 initio
3594 2661 3709 2729 qui-

2127 2750 2249 2806 dem
2278 2752 2538 2822 permittit
2567 2761 2623 2806 ut
2655 2751 2773 2808 hmc
2799 2768 2859 2808 se
2887 2752 3099 2808 invadat
3128 2753 3453 2824 perturbatio
3477 2794 3492 2818 ,
3538 2768 3710 2821 neque

2127 2856 2184 2900 ut
2217 2861 2363 2902 mare
2389 2857 2652 2918 assurgat,
2679 2863 2777 2904 nec
2795 2858 2853 2903 ut
2876 2849 2988 2904 haec
3011 2850 3120 2904 fera
3144 2849 3488 2905 vociferetur.
3521 2849 3577 2904 Si
3605 2850 3708 2902 vim

2125 2946 2306 2991 autem
2349 2937 2581 3006 patiatur
2624 2938 2676 2992 in
2725 2939 3006 2995 retinendo
3037 2941 3238 3011 impetu
3291 2949 3479 3006 tanto;
3521 2949 3578 2995 at
3624 2941 3711 2997 ille

2134 3026 2294 3082 etiam
2328 3026 2684 3096 libidinosus,
2729 3029 3035 3099 frequenter
3083 3032 3357 3102 pulsatus,
3409 3032 3706 3095 confossus,

2129 3127 2458 3189 (estrutnque
2483 3135 2588 3176 non
2619 3119 2797 3176 ferens
2820 3163 2834 3187 ,
2868 3121 3009 3177 haud
3037 3137 3211 3189 secus,
3240 3139 3397 3194 quam
3426 3124 3469 3178 si
3515 3138 3709 3193 equum

2130 3209 2444 3265 indomitum
2471 3210 2624 3267 freno
2652 3213 2933 3280 retineret,
2965 3227 3135 3270 artem
3165 3231 3376 3271 omnem
3405 3215 3664 3270 adhibens
3695 3233 3709 3268 :

2131 3304 2176 3357 si
2204 3312 2381 3359 autem
2409 3306 2654 3370 cesserit,
2681 3315 2736 3361 et
2762 3307 2999 3362 laborem
3029 3307 3240 3379 fugerit,
3269 3309 3337 3363 ab
3358 3309 3450 3363 illo
3476 3323 3715 3379 pratceps

2130 3409 2470 3466 quocumque
2497 3395 2719 3452 feratur.
2752 3396 2877 3452 lltcc
2906 3399 2950 3453 si
2976 3399 3117 3454 dicta
3144 3407 3268 3453 sunt
3292 3399 3528 3469 apertius
3554 3414 3712 3468 quam

2133 3499 2228 3556 par
2255 3485 2346 3552 sit,
2392 3501 2552 3541 nemo
2577 3502 2664 3542 me
2695 3487 3052 3558 reprehendat
3081 3508 3094 3543 :
3146 3488 3272 3543 nolo
3317 3489 3460 3544 enim
3503 3489 3713 3543 dicendi

2131 3578 2390 3646 gravitate
2409 3591 2605 3634 ornare
2633 3579 2930 3634 orationem
2955 3623 2974 3648 ,
3006 3579 3100 3635 sed
3130 3594 3321 3652 graves
3360 3589 3415 3636 et
3455 3579 3715 3652 honestos

2134 3670 2308 3725 facere
2333 3669 2623 3726 auditores.
3142 3651 3149 3652 ί
3488 3651 3498 3660 ’

2217 3764 2271 3818 4.
2313 3763 2603 3834 Propterea
2648 3763 2922 3834 pr0pltct:e
2965 3779 3180 3836 quoque
3226 3765 3356 3820 nulli
3411 3763 3712 3834 hujusmodi

2134 3854 2300 3909 verbo
2329 3863 2569 3923 parcunt,
2600 3855 2840 3909 volentes
2861 3853 3169 3910 Judazorum
3198 3852 3511 3910 exscindere
3535 3853 3712 3908 libidi-

2139 3959 2257 4000 nem
2287 3952 2342 4000 et
2369 3944 2863 4014 intemperantiam,
2888 3943 2981 3999 sed
3004 3959 3098 3999 eos
3130 3953 3348 4014 tangunt
3373 3944 3535 3999 etiam
3559 3958 3717 4012 aper-

2139 4038 2276 4102 tius,
2305 4050 2468 4104 quam
2499 4049 2598 4089 nos
2638 4036 2861 4090 nuncin
2913 4036 2977 4090 iis
3024 4051 3144 4105 quae
3186 4035 3438 4092 diximus.
3481 4035 3718 4092 Medicus

2138 4127 2281 4181 enim
2308 4127 2495 4181 volens
2524 4127 2722 4195 ejicere
2762 4125 3133 4194 putredinem,
3179 4141 3284 4181 non
3315 4141 3380 4181 eo
3409 4136 3615 4196 Spectat
3660 4136 3719 4180 ut

2139 4217 2364 4272 mundas
2409 4226 2692 4274 conservet
2734 4233 2944 4286 manus,
2976 4217 3073 4273 sed
3113 4227 3172 4273 ut
3215 4235 3418 4290 (egrum
3457 4221 3642 4274 liberet
3685 4236 3716 4273 a

2141 4309 2450 4380 putredine;
2481 4309 2535 4366 et
2565 4311 2609 4365 is
2633 4310 2723 4381 qui
2753 4309 3007 4366 humilem
3035 4311 3143 4365 vult
3169 4313 3438 4367 excelsum
3469 4309 3714 4377 reddere,

2143 4402 2256 4472 ipse
2285 4402 2434 4472 prius
2464 4403 2523 4456 lit
2549 4401 2801 4468 humilis;
2832 4410 2884 4456 et
2913 4401 3000 4472 qui
3041 4402 3276 4457 studium
3315 4403 3463 4474 ponit
3493 4415 3549 4457 ut
3577 4404 3720 4458 oeci-

2139 4492 2232 4547 dat
2257 4492 2642 4558 insidiatorem,
2667 4507 2726 4548 se
2747 4508 2960 4562 quoque
2984 4507 3104 4548 cum
3130 4493 3223 4548 illo
3248 4503 3511 4559 cruentat,
3540 4503 3593 4548 et
3620 4494 3722 4548 hoc

2145 4583 2317 4653 ipsum
2360 4582 2541 4638 reddit
2579 4583 2882 4638 clariorem.
2927 4583 3061 4640 Nam
3105 4585 3151 4640 si
3199 4600 3228 4638 a
3279 4585 3419 4641 bello
3446 4601 3722 4641 reversum

2145 4673 2366 4728 militem
2399 4673 2591 4728 viderit
2618 4674 2879 4744 quisliiam
2911 4677 3083 4742 sanie,
3122 4676 3378 4746 sanguine
3405 4685 3460 4732 et
3498 4676 3724 4731 cerebro

2144 4778 2448 4835 respersum
2474 4773 2530 4820 et
2558 4765 2838 4835 pollutum,
2874 4782 2980 4822 non
3009 4767 3130 4823 ideo
3159 4767 3282 4822 odio
3305 4767 3518 4822 habebit
3549 4782 3724 4837 neque

2143 4857 2494 4923 aversabitur,
2528 4857 2621 4912 sed
2663 4859 2832 4929 magis
2875 4860 3035 4914 etiam
3085 4858 3450 4916 admirabitur.
3507 4859 3580 4914 lla
3627 4875 3728 4914 nos

2145 4961 2356 5018 quoque
2379 4946 2633 5002 faciamus
2649 4963 2770 5002 cum
2793 4947 3078 5004 viderimus
3099 4951 3422 5022 quempiam,
3445 4962 3725 5021 postquam

2149 5039 2394 5095 mactarit
2436 5039 2802 5112 cupiditatem,
2849 5050 3129 5097 cruentum
3175 5051 3568 5112 revertentem,
3601 5057 3725 5098 eum

2151 5133 2322 5203 magis
2359 5131 2704 5199 admiremur,
2747 5133 3014 5204 simulque
3055 5134 3184 5190 socii
3211 5150 3274 5190 ac
3304 5135 3584 5207 participes
3610 5135 3728 5205 ejus

2151 5236 2342 5292 pugna:
2365 5229 2421 5278 et
2450 5223 2703 5288 victorite,
2731 5231 2787 5278 et
2814 5223 2880 5278 iis
2907 5223 2996 5294 qui
3017 5233 3198 5279 amant
3219 5225 3460 5280 dicamus
3487 5244 3500 5279 :
3531 5226 3727 5283 Osten-

2149 5313 2261 5369 dite
2287 5313 2440 5369 nobis
2466 5315 2793 5385 voluptatem
2824 5331 2982 5386 quam
3012 5317 3292 5386 accepistis
3315 5333 3383 5373 ex
3412 5318 3652 5374 libidine.

2233 5403 2597 5474 Temperantia:
2637 5409 2888 5476 voluptas.
2913 5437 2983 5447 ——
3005 5407 3137 5462 Nam
3173 5410 3264 5479 qui
3303 5418 3389 5465 est
3428 5419 3730 5480 temperans

2153 5511 2216 5553 ac
2245 5497 2487 5568 pudicus,
2518 5500 2843 5570 voluptatem
2875 5499 3034 5556 habet
3052 5517 3116 5557 ex
3145 5501 3364 5557 victoria
3391 5518 3406 5568 ;
3453 5511 3507 5556 tu
3551 5511 3729 5556 autem

2156 5590 2350 5644 nullam
2375 5588 2542 5644 habes
2565 5593 2804 5647 omnino.
2829 5592 2920 5647 Sin
2948 5604 3125 5649 autem
3149 5609 3243 5649 vos
3263 5594 3452 5650 dicatis
3475 5609 3594 5651 eam
3613 5609 3730 5664 qure

2157 5689 2240 5736 est
2271 5695 2334 5735 ex
2367 5695 2695 5751 congressu;
2727 5683 2822 5737 scd
2855 5683 2942 5737 illa
2973 5692 3054 5739 est
3083 5683 3412 5741 manifestior
3440 5694 3494 5741 ct
3522 5683 3728 5739 diutur-

2160 5771 2294 5827 nior.
2331 5771 2462 5827 Nam
2504 5781 2556 5827 ιιι
2587 5787 2650 5829 ex
2683 5787 2748 5829 co
2777 5787 2881 5843 quo
2911 5773 3103 5830 frueris
3134 5775 3296 5832 habes
3323 5775 3518 5847 aliquid
3549 5774 3733 5834 breve.
