4122 6226
351 330 462 386 519

350 447 436 502 ὅτι
467 441 580 508 Τὴν
606 438 700 494 τοῦ
746 439 919 504 δεῖνος
953 439 1251 510 ἐϐουλόμην
1278 442 1465 500 οὐσίαν
1494 442 1660 514 ἐχειν,
1688 444 1784 498 καὶ
1823 444 1925 513 τὴν

350 527 448 582 τοῦ
497 525 670 589 δεῖνος
727 523 911 594 μόνον,
959 523 1095 576 ἀλλά
1141 524 1236 579 καὶ
1277 525 1348 577 τά
1395 526 1498 597 δρη
1534 527 1759 598 χρυσίον
1787 523 1931 581 εἶναι

353 611 657 684 βούλονται,
707 607 802 663 καὶ
829 606 929 670 τὰς
956 607 1154 674 οἰκίας,
1201 611 1294 661 καὶ
1324 608 1395 661 τά
1437 609 1692 682 ὁρώμενα
1730 610 1930 672 πάντα,

353 695 449 750 καὶ
476 695 561 762 ἐφ’
594 692 782 763 ἐτερον
835 690 1191 762 προϐαίνουσι
1227 694 1430 764 κόσμον
1455 710 1468 726 ’
1513 694 1606 748 καὶ
1651 694 1811 749 τοῦτο
1843 696 1934 748 ἐπ’

353 776 578 847 ἄπειρον
611 774 898 844 πάσχουσι,
948 774 1044 828 καὶ
1078 775 1314 846 οὐδαμοῦ
1347 777 1448 846 τῆς
1504 776 1800 847 ἐπιθυμίας
1837 778 1934 847 λή-

354 877 534 926 γουσι.
572 857 668 922 Τίς
704 857 771 911 ἀν
823 861 1220 928 παραστήσειε.
1244 857 1401 927 λόγος
1430 858 1520 913 τὸν
1548 860 1795 930 χειμῶνα
1823 860 1934 914 τῶν

354 941 636 1013 λογισμῶν
669 940 918 1005 ἐκείνων,
947 939 1015 994 τά
1046 939 1288 1010 κύματα,
1324 941 1416 995 τὸν
1449 942 1651 1011 ζόφον;
1699 943 1833 997 ὅπου
1875 943 1934 996 δέ

355 1027 581 1098 κύματα
617 1024 710 1078 καὶ
735 1022 943 1095 χειμὼν
969 1023 1229 1091 τοιοῦτος,
1256 1025 1386 1078 ποία
1412 1026 1609 1094 γένοιτ’
1644 1025 1709 1080 ἂν
1745 1025 1932 1096 ἡδονὴ;

358 1112 472 1165 Ούκ
505 1109 651 1164 ἐστιν
691 1107 941 1177 οὐδεμία,
977 1106 1116 1162 ἀλλά
1149 1107 1378 1180 θόρυϐος
1407 1109 1501 1162 καὶ
1526 1107 1691 1181 ὀδύνη
1719 1110 1814 1164 καὶ
1844 1125 1933 1161 νε-

358 1193 518 1262 φέλαι
570 1191 831 1262 ζοφώδεις
876 1192 1000 1245 ἀντὶ
1037 1191 1244 1248 ὑδάτων
1295 1192 1498 1264 πολλὴν
1543 1194 1807 1264 φέρουσαι
1841 1194 1938 1262 τὴν

359 1276 625 1350 ἀθυμίαν
671 1276 700 1328 δ
726 1275 791 1346 δὴ
829 1276 926 1329 καὶ
952 1278 1050 1330 ἐπὶ
1077 1276 1186 1330 τῶν
1211 1275 1465 1347 ἐρώντων
1496 1276 1780 1349 ἀλλοτρίου
1809 1277 1938 1332 κάλο

359 1361 482 1424 λους
513 1359 834 1431 συμϐαίνειν
878 1358 1058 1414 εἴωθε.
1112 1359 1212 1414 Διά
1249 1376 1332 1414 τοι
1364 1359 1522 1414 τοῦτο
1551 1362 1602 1414 οί
1641 1361 1764 1432 μηδ’
1800 1361 1938 1424 ὅλως

359 1443 615 1515 ἐρῶντες,
650 1441 760 1496 τῶν
781 1441 1033 1514 ἐρώντων
1059 1445 1116 1496 ἐν
1144 1443 1348 1497 πλείονί
1380 1446 1520 1500 εἰσιν
1561 1445 1746 1516 ἡδονῇ.
1778 1444 1939 1500 Ἀλλὰ

361 1527 499 1598 πρὸς
546 1525 705 1579 τοῦτο
754 1526 853 1595 μὲν
894 1525 1072 1590 οὐδεὶς
1117 1527 1401 1580 ἀντείποι·
1465 1526 1576 1596 ἐγὼ
1607 1528 1663 1582 δέ
1709 1529 1805 1584 καὶ
1847 1528 1939 1581 τὸν

361 1609 572 1680 ἐρῶντα
607 1609 728 1679 μὲν,
758 1609 1062 1680 κατέχοντα
1084 1609 1141 1663 δέ
1171 1611 1270 1682 τὴν
1299 1611 1621 1682 ἐπιθυμίαν,
1649 1611 1849 1682 μᾶλλον
1874 1613 1939 1665 ἀν

361 1695 525 1764 φαίην
563 1697 773 1766 τρυφᾷν
834 1695 930 1748 τοῦ
962 1695 1206 1765 συνεχῶς
1251 1697 1352 1766 τῆς
1391 1696 1599 1767 πόρνης
1628 1696 1939 1751 ἀπολαύον-

361 1796 469 1843 τος.
497 1778 562 1833 Εἰ
594 1778 703 1851 γάρ
730 1777 882 1851 [547]
913 1779 1008 1833 καὶ
1031 1779 1412 1850 δυσκολωτέρα
1443 1781 1477 1851 ἡ
1503 1780 1796 1847 ἀπόδειξις,
1822 1781 1938 1836 ἀλλ’

360 1863 507 1931 ὅμως
534 1863 630 1915 καὶ
659 1861 831 1937 οὑτως
856 1863 1153 1930 ἀναγκαῖον
1185 1861 1598 1934 κατατολμῆσαι
1623 1865 1718 1916 τοῦ
1756 1863 1936 1934 λόγου.

363 1943 470 1998 Καὶ
494 1943 603 2014 γάρ
644 1943 1026 2014 δυσκολωτέρα
1055 1943 1285 2012 γίνεται,
1341 1946 1402 1998 ού
1453 1945 1609 2017 παρᾲ
1636 1947 1734 2013 τὴν
1777 1949 1942 2016 φύσιν

361 2026 453 2081 τοῦ
484 2027 831 2099 πράγματος,
861 2026 999 2079 ἀλλά
1027 2026 1181 2098 παρά
1208 2027 1270 2081 τό
1307 2027 1382 2099 μὴ
1414 2022 1557 2082 εἶναι
1583 2030 1684 2101 τῆς
1720 2031 1938 2100 φιλοσο·

361 2110 490 2186 φίας
520 2110 724 2174 ταύτης
748 2111 1022 2181 ἀκροατάς
1050 2109 1260 2175 ἀξίους.

432 2270 504 2342 Υ.
523 2271 589 2324 Τί
612 2270 718 2347 γάρ
735 2271 900 2342 ἡδιον,
915 2271 1036 2324 είπέ
1055 2284 1168 2342 μοι,
1181 2271 1258 2344 τῷ
1278 2270 1496 2343 ἐρῶντι,
1513 2272 1574 2326 τὺ
1591 2273 1942 2344 καταφρονεῖ-

359 2357 486 2410 σθαι
513 2355 620 2409 ὑπὸ
639 2355 738 2425 τῆς
758 2355 1062 2428 ἐρωμένης,
1085 2354 1119 2427 ἡ
1147 2355 1210 2408 τὸ
1226 2356 1490 2426 τιμᾶσθαι
1516 2357 1610 2410 καὶ
1634 2358 1937 2429 ὑπερορᾷν;

359 2439 597 2510 Εὔδηλον
619 2439 893 2496 δτιτούτο.
919 2438 1053 2492 Τίνα
1081 2434 1195 2506 οὖν,
1231 2440 1349 2493 εἰπέ
1387 2458 1499 2510 μοι,
1531 2442 1754 2514 τιμήσει
1781 2442 1941 2496 πλέον

357 2527 391 2593 ἡ
417 2525 617 2595 πόρνη,
653 2523 744 2576 τὸν
776 2521 1099 2578 δουλεύοντα
1130 2523 1269 2594 αὑτῇ
1316 2523 1409 2576 καὶ
1451 2524 1803 2595 αἰχμάλωτον
1847 2526 1941 2577 ὑπ’

357 2607 529 2677 αὑτῆς
572 2606 674 2678 ἤδη
717 2606 1033 2677 γενόμενον,
1066 2606 1100 2678 ἦ
1140 2607 1233 2660 τὸν
1267 2605 1539 2677 ἀνώτερον
1584 2608 1692 2661 τῶν
1725 2608 1940 2678 ἐκείνης

356 2691 611 2757 δικτύων,
639 2691 737 2744 καὶ
778 2689 1114 2762 ὑψηλότερον
1141 2691 1252 2744 τῶν
1287 2691 1551 2762 καλάμων
1581 2691 1752 2764 αὐτῆς
1781 2693 1941 2745 πετό-

362 2791 558 2846 μενον;
600 2773 771 2828 Παντί
801 2791 904 2828 που
947 2775 1124 2845 δῆλον,
1177 2776 1258 2828 ὅτι
1287 2775 1498 2829 τοῦτον.
1553 2777 1691 2848 Περὶ
1733 2775 1856 2829 τίνα
1883 2776 1942 2830 δὲ

361 2859 652 2914 σπουδάσει
705 2857 886 2921 πλέον,
934 2859 1026 2912 τὸν
1059 2859 1412 2923 πεπτωκότα,
1459 2859 1492 2931 ἢ
1547 2860 1638 2914 τδν
1688 2861 1937 2926 ούδέπω;

359 2943 462 2998 Τὸν
494 2942 706 2996 ούδέπω
755 2943 995 3000 πάντως.
1038 2943 1136 3009 Τίς
1186 2942 1244 2997 δὲ
1289 2943 1443 2998 ἔσται
1475 2943 1870 3016 ποθεινότερος,
1911 2947 1940 3000 ὁ

360 3026 849 3098 κατειργασμένος,
912 3026 946 3096 ἢ
1004 3029 1031 3080 ὁ
1087 3027 1313 3098 μηδέπω
1365 3027 1566 3094 ἁλούς;
1602 3029 1661 3081 Ὀ
1716 3029 1941 3099 μηδέπω

358 3111 494 3175 τέως
521 3109 702 3174 ἁλούς.
733 3110 799 3165 Εἰ
824 3109 881 3164 δέ
909 3111 1214 3173 ἀπιστεῖτε,
1237 3109 1347 3164 ἀπὸ
1367 3111 1477 3164 τῶν
1501 3111 1782 3183 ὑμετέρων
1806 3130 1943 3186 παρ-

360 3191 464 3258 έξω
495 3192 596 3268 τὴν
623 3193 922 3258 ἀπόδειξιν.
945 3193 1104 3258 Τίνος
1125 3192 1234 3265 γὰρ
1256 3194 1320 3247 ἀν
1349 3211 1434 3257 τις
1458 3195 1658 3265 μᾶλλον
1681 3194 1941 3266 ἐρασθείη

360 3277 639 3344 γυναικὸς,
667 3277 769 3348 τῆς
799 3276 1038 3340 εὐκόλως
1064 3277 1640 3348 ὑποκατακλινομένης
1671 3277 1820 3349 αύτῷ
1847 3279 1943 3332 καὶ

361 3360 731 3433 ἐκδιδομένης,
767 3361 804 3430 ἢ
835 3361 939 3431 τῆς
967 3360 1314 3432 ἀρνουμένης
1346 3362 1441 3414 καὶ
1464 3361 1770 3434 πράγματα
1793 3363 1942 3436 αὑτῷ

360 3445 740 3516 παρεχούσης;
783 3442 1022 3514 Εύδηλον
1049 3444 1131 3496 δτι
1159 3443 1363 3514 ταύτης
1382 3459 1396 3473 ο
1422 3445 1517 3497 καὶ
1545 3444 1653 3517 γάρ
1679 3446 1942 3516 μειζόνως

361 3527 610 3581 ἐντεῦθεν
644 3530 673 3581 ὁ
706 3525 870 3590 πόθος
920 3527 1245 3581 ἀνάπτεται.
1292 3527 1505 3580 Ούκοῦν
1554 3530 1649 3582 καὶ
1704 3529 1796 3582 ἐπὶ⁸
1843 3530 1943 3600 τῆς

360 3613 616 3680 γυναικὸς
642 3611 705 3666 τὸ
737 3609 872 3664 αὑτδ
898 3611 962 3684 δὴ
1008 3609 1171 3664 τοῦτο
1214 3610 1386 3664 ἔσται·
1423 3611 1519 3664 καὶ
1549 3611 1738 3664 τοῦτον
1780 3615 1944 3684 τιμή-

365 3713 514 3749 σουσι
544 3696 638 3750 καὶ
661 3693 1032 3765 θαυμάζονται
1059 3693 1224 3748 πλέον
1252 3694 1344 3748 τὸν
1367 3695 1719 3767 ὑπερορῶντα
1739 3695 1941 3751 αὐτῶν.

363 3780 426 3834 El
466 3779 522 3833 δὲ
571 3778 733 3832 τοῦτο
760 3777 983 3849 ἀληθὲς,
1031 3779 1254 3832 κάκεῖνο
1284 3778 1506 3849 ὁμοίως,
1535 3779 1596 3832 τὸ
1644 3780 1702 3833 ἐν
1737 3779 1943 3850 μείζονι

363 3859 501 3916 εἶναι
523 3863 685 3934 ἡδονῇ
715 3861 807 3915 τὸν
839 3862 1043 3934 μᾶλλον
1068 3863 1386 3933 τιμώμενον
1417 3863 1513 3916 καὶ
1554 3863 1940 3932 ἀγαπώμενον.

375 3947 528 4001 Ἐπεὶ
552 3947 649 4000 καὶ
678 3946 985 4018 στρατηγὸς
1006 3945 1161 4000 πόλιν
1187 3947 1285 4018 τὴν
1313 3949 1411 4016 μὲν
1430 3945 1684 4012 καθάπαξ
1708 3946 1944 4002 ἀλοῦσαν

364 4031 583 4102 ἀφίησι,
601 4032 668 4101 τῇ
697 4030 751 4083 δέ
777 4028 1040 4101 ἑστηκυῖα
1066 4029 1160 4083 καὶ
1185 4029 1566 4102 φιλονεικούσῃ
1589 4031 1945 4102 προσεδρεύει

366 4116 509 4180 μετά
533 4115 764 4184 σπουδῆς
783 4115 1020 4188 ἀπάσης
1060 4114 1156 4167 καὶ
1177 4113 1449 4184 θηρευτὴς
1469 4114 1530 4166 τὸ
1556 4114 1654 4184 μὲν
1683 4113 1953 4185 θηρευθὲν

363 4199 506 4266 ζῶον
539 4200 598 4251 ἐν
629 4199 805 4269 σκότῳ
835 4198 1198 4262 κατακλείσας
1230 4197 1365 4268 ἔχει,
1399 4197 1654 4268 καθάπερ
1699 4200 1733 4271 ἡ
1770 4199 1945 4271 πόρνη

362 4283 458 4336 τὸν
479 4281 740 4353 ἐραστὴν,
768 4282 827 4335 τὸ
851 4282 906 4336 δὲ
934 4281 1135 4352 φεῦγον
1158 4280 1366 4336 διώκει.
1401 4282 1542 4335 Ἀλλ’
1563 4283 1824 4337 ἀπολαύει
1845 4285 1945 4356 τῆς

363 4366 662 4437 ἐπιθυμίας
686 4367 912 4431 ἐκεῖνος,
942 4367 1130 4437 φησὶν,
1156 4361 1310 4428 οὗτος
1340 4366 1395 4420 δέ
1426 4367 1526 4420 οὑκ
1557 4367 1843 4424 ἀπολαύει.
1873 4369 1946 4423 Τὸ

363 4452 421 4504 δὲ
459 4452 532 4523 μὴ
564 4451 1046 4522 καταισχύνεσθαι,
1075 4452 1208 4523 μηδὲ
1233 4451 1506 4506 δουλεύειν
1538 4455 1661 4516 ταῖς
1690 4471 1944 4524 τυραννι-

363 4538 488 4599 καῖς
521 4536 692 4607 αὑτῆς
718 4537 1031 4605 ἐπιταγαῖς,
1070 4536 1204 4606 μηδέ
1238 4536 1315 4599 ὼς
1346 4535 1682 4606 ἀνδράποδον
1713 4537 1946 4607 ἄγεσθαι

363 4620 456 4673 ὑπ’
487 4619 657 4689 αὑτῆς
699 4619 794 4674 καὶ
819 4619 1179 4690 περιάγεσθαι
1209 4618 1595 4692 ῥαπιζόμενον,
1631 4621 1946 4692 ἐμπτυόμε-

364 4719 476 4767 νον,
506 4704 601 4756 ἐπὶ
651 4703 898 4775 κεφαλῆς
931 4703 1264 4776 ὠθούμενον,
1312 4707 1519 4776 μικρὰν
1557 4707 1750 4778 ἡδονὴν
1804 4702 1946 4762 εἶναι

364 4788 604 4856 νομίζεις
624 4804 640 4854 ;
663 4788 782 4840 είπέ
813 4805 922 4860 μοι.
951 4789 1014 4841 El
1043 4787 1152 4860 γάρ
1182 4805 1266 4852 τις
1293 4790 1466 4844 ταῦτα
1492 4789 1736 4860 ἀκριϐῶς
1768 4790 1947 4858 ἐξετά-

366 4887 502 4934 σειε,
530 4872 626 4925 καὶ
644 4870 899 4942 δυνηθείη
932 4871 1030 4936 τάς
1055 4870 1242 4943 ὕϐρεις
1275 4871 1456 4925 αὑτῶν
1497 4876 1852 4942 συναγαγεῖν,
1878 4875 1946 4929 τά

363 4955 706 5024 ἐγκλήματα,
740 4955 838 5019 τὰς
874 4957 1116 5027 συνεχεῖς
1147 4954 1336 5026 ὀργὰς,
1367 4955 1464 5020 τάς
1482 4956 1590 5010 ἀπὸ
1621 4957 1822 5028 ψυχῆς,
1845 4957 1946 5022 τὰς

366 5037 475 5091 ἀπὸ
506 5036 600 5090 τοῦ
645 5036 981 5109 θρύπτεσθαι
1029 5038 1349 5109 γινομένας,
1392 5039 1494 5102 τὰς
1523 5039 1846 5110 ἀπεχθείας,
1877 5040 1947 5094 τά

360 5123 500 5177 ἀλλα
533 5121 731 5182 πάντα,
765 5121 910 5196 ἅπερ
936 5123 987 5176 οί
1017 5122 1323 5194 πάσχοντες
1362 5123 1512 5178 ῖσασι
1549 5124 1732 5194 μόνον,
1765 5125 1945 5179 πάντα

365 5206 602 5278 πόλεμον
640 5208 862 5280 εὑρήσει
908 5207 1128 5272 πλείους
1156 5207 1349 5279 έχοντα
1383 5208 1481 5272 τάς
1512 5209 1804 5280 ἀνακωχὰς
1843 5210 1944 5280 τῆς

361 5290 556 5358 ἀθλίας
593 5289 799 5344 τούτων
829 5290 993 5361 ζωῆς.
1023 5290 1193 5346 Ποίαν
1227 5286 1322 5345 οὖν
1344 5290 1527 5360 λέγεις
1557 5293 1790 5365 ἡδονήνς
1824 5293 1946 5346 είπέ

366 5391 492 5444 μοι·
527 5373 627 5445 τὴν
663 5374 770 5428 ἀπὸ
801 5374 900 5444 τῆς
933 5373 1153 5446 μίξεως,
1184 5374 1284 5446 τὴν
1314 5375 1653 5447 πρόσκαιρον
1680 5377 1776 5431 καὶ
1808 5377 1943 5450 βρα-

362 5458 551 5528 χεῖανς
582 5456 724 5509 ’Δλλ’
757 5457 957 5521 εὑθέως
989 5457 1195 5528 ταύτην
1223 5458 1462 5530 πόλεμος
1491 5460 1945 5530 ἐπικαταλαμϐἀ-

363 5556 447 5591 νει
476 5541 572 5594 καὶ
609 5539 830 5610 κύματα
871 5543 964 5595 καὶ
992 5540 1159 5594 λύττα
1187 5541 1282 5595 καὶ
1320 5542 1488 5611 μανία
1533 5542 1695 5597 πάλιν
1721 5544 1754 5614 ἡ
1782 5545 1942 5615 αύτή.

365 5624 476 5676 Καὶ
503 5624 678 5678 ταῦτα
707 5624 805 5696 μὲν
834 5626 966 5695 ἡμῖν
999 5625 1236 5696 εἴρηται,
1278 5625 1355 5688 ὡς
1383 5626 1448 5679 ἀν
1480 5643 1564 5689 τις
1596 5627 1736 5691 νέοις
1764 5627 1946 5680 διαλε-

365 5707 595 5776 γόμενος
640 5709 962 5771 ἀκολάστοις
1010 5710 1173 5771 εῖποι,
1215 5707 1276 5760 ού
1336 5707 1542 5777 σφόδρα
1592 5709 1944 5780 ἀνεχομένοις

365 5789 472 5843 τῶν
523 5789 652 5862 περί
699 5789 978 5863 βασιλείας
1031 5791 1124 5845 καὶ
1161 5790 1386 5860 γεέννης
1438 5789 1668 5844 ἀκοῦσαι
1724 5791 1931 5860 λόγωνο

1307 327 1376 383 IN
1415 326 1634 385 EPIST.
1678 327 1698 383 Ι
1736 329 1830 384 ΑΙ)
1859 328 2017 385 COR.
2059 329 2292 386 HOMIL.
2337 328 2602 386 XXXVII.

3502 336 3608 390 39‘)

2031 445 2162 499 ὅταν
2182 444 2240 498 δέ
2269 443 2366 498 καὶ
2401 443 2579 500 ταῦτα
2605 443 2686 507 είς
2715 441 2880 514 μέσον
2907 443 3230 513 ἀγάγωμεν,
3266 443 3388 498 οὐδὲ
3407 444 3614 503 ἔνεστιν

2031 531 2206 584 εἰπεῖν
2263 529 2363 598 δση
2403 527 2513 580 τῶν
2557 526 2985 598 σωφρονούντων
3033 527 3066 596 ἡ
3097 526 3280 598 ἡδονὴ,
3315 529 3444 582 ὅταν
3481 531 3617 584 ἀνα·

2032 611 2242 683 πλάττῃ
2301 613 2432 682 παρ’
2469 609 2650 680 ἐαυτῴ
2695 612 2822 672 τοὺς
2872 609 3194 678 στεφάνως,
3238 609 3306 662 τὰ
3364 609 3614 681 βραδεῖα,

2031 695 2132 764 τὴν
2173 694 2312 766 μετά
2342 694 2451 748 τῶν
2484 693 2734 762 ἀγγέλων
2766 691 3004 763 ὁμιλίαν,
3030 692 3129 761 τὴν
3166 692 3262 745 ἐπί
3290 692 3392 763 τῆς
3430 696 3616 746 οίκουο

2037 779 2206 849 μένης
2255 777 2583 849 ἀνάρρησιν,
2618 776 2718 847 τὴν
2775 773 2926 848 [348]
2959 773 3295 846 παρρησίαν,
3337 775 3437 840 τὰς
3479 793 3617 846 χρη-

2038 861 2169 924 στάς
2206 861 2300 914 καὶ
2331 859 2638 922 ἀθανάτους
2677 857 2900 922 ἐλπίδας
2937 858 3173 920 ἐκείνας.
3205 857 3342 910 Ἀλλ’
3385 860 3418 928 ἡ
3473 859 3618 930 μίξις

2037 945 2288 1016 ἐχειτινά
2317 945 2536 1015 ἡδονὴνο
2562 943 2719 996 τοῦτο
2734 942 2846 1013 γάρ
2869 941 3110 1012 συνεχῶς
3135 943 3616 1014 περιστρέφουσινο

2035 1030 2065 1081 ὁ
2100 1027 2158 1081 δέ
2199 1027 2493 1099 σωφρονῶν
2535 1027 2596 1079 οὑ
2642 1025 2867 1079 δύναται
2913 1025 3180 1095 διηνεκῶς
3215 1026 3520 1096 μαχόμενος
3549 1029 3615 1098 τῇ

2035 1115 2136 1185 τῆς
2165 1113 2380 1182 φύσεως
2409 1112 2706 1183 τυραννίδι.
2738 1110 3060 1164 Τούναντίον
3093 1109 3191 1180 μὲν
3219 1106 3312 1163 οὖν
3347 1109 3496 1180 εὖροι
3533 1127 3618 1174 τις

2037 1199 2123 1254 ἀν·
2157 1200 2189 1268 ἡ
2231 1198 2341 1267 γὰρ
2374 1196 2465 1267 βία
2495 1195 2634 1266 αὕτη
2661 1195 2757 1249 καὶ
2775 1195 2990 1265 ταραχὴ
3020 1195 3172 1266 παρὰ
3191 1193 3268 1265 τῷ
3302 1194 3618 1264 πορνεύοντι

2042 1283 2244 1357 μᾶλλόν
2276 1283 2415 1335 ἐστι.
2469 1281 2580 1333 Καὶ
2617 1279 2724 1350 γάρ
2765 1279 2954 1342 κλόνος
2979 1280 3038 1330 ἐν
3066 1277 3145 1348 τῷ
3175 1276 3389 1348 σώματι
3429 1276 3617 1343 πολὺς,

2037 1369 2134 1421 καὶ
2191 1366 2374 1434 πάσης
2430 1363 2703 1433 θαλάττης
2755 1362 3182 1432 κυματουμένης
3241 1359 3621 1432 χαλεπώτερον

2037 1444 2194 1514 οὗτος
2219 1450 2522 1512 διάκειται,·
2552 1447 2808 1500 οὐδέποτε
2840 1445 2978 1517 πρὸς
3007 1446 3107 1516 τὴν
3133 1445 3430 1515 ἐπιθυμίαν
3472 1445 3623 1498 ἱστά-

2043 1552 2222 1608 μενος,
2280 1533 2398 1588 ἀλλ⁹
2432 1533 2520 1587 ἀεὶ
2569 1530 2898 1602 βαλλόμενος
2951 1530 3044 1584 ὑπ’
3095 1529 3289 1599 αὑτῆς,
3356 1529 3544 1601 ὥσπερ
3570 1530 3622 1583 οί

2038 1614 2422 1685 δαιμονῶντες,
2457 1612 2554 1665 καὶ
2583 1610 2824 1681 συνεχῶς
2856 1610 2962 1664 ὑπὸ
2996 1609 3106 1663 τῶν
3133 1609 3387 1680 πονηρῶν
3417 1613 3624 1682 καταρ-

2043 1700 2374 1772 ρηγνύμενοι
2404 1695 2756 1766 πνευμάτων.
2789 1693 2847 1746 '0
2878 1693 2934 1748 δὲ
2969 1692 3200 1763 σώφρων
3224 1692 3478 1764 καθάπερ
3505 1693 3625 1764 ἀρι-

2043 1785 2201 1845 στεὺς
2227 1784 2472 1850 γενναῖος
2514 1777 2755 1848 συνεχῶς
2783 1776 2958 1845 αὐτὴν
2995 1775 3224 1846 βάλλων,
3256 1776 3353 1845 τὴν
3393 1776 3624 1845 ἀρίστην

2041 1867 2136 1921 καὶ
2185 1864 2395 1934 μυρίων
2433 1861 2691 1916 τοιούτων
2743 1859 2878 1930 ἡδίω
2934 1858 3245 1928 καρποῦται
3291 1858 3506 1930 ἡδονὴν,
3555 1862 3622 1930 τῇ

2042 1949 2168 2020 νίκῃ
2193 1948 2366 2018 ταύτῃ
2393 1946 2487 1999 καὶ
2513 1945 2592 2015 τῷ
2630 1941 2853 2013 χρηστῷ
2887 1941 3149 1993 συνειδότι
3183 1942 3277 1993 καὶ
3323 1943 3436 2004 τοῖς
3479 1940 3622 2010 λαμ-

2043 2036 2204 2105 προῖς
2251 2030 2533 2103 τροπαίοις
2579 2024 3058 2094 καλλωπιζόμενος
3115 2023 3398 2094 διηνεκῶς.
3445 2025 3508 2077 El
3566 2024 3625 2077 δέ

2045 2117 2185 2189 μετά
2217 2118 2317 2186 τὴν
2351 2114 2568 2186 ὁμιλίαν
2601 2109 2946 2165 ἀναπαύεται
2977 2109 3172 2179 μικρὸν
3212 2109 3436 2172 ἐκεῖνος,
3469 2108 3625 2162 ούδὲν

2039 2200 2199 2255 τοῦτο
2233 2199 2297 2253 ἀν
2327 2201 2440 2271 εῖηο
2491 2197 2652 2251 πάλιν
2678 2195 2788 2266 γὰρ
2814 2195 2842 2247 ὁ
2869 2191 3077 2264 χειμὼν
3112 2192 3312 2257 ἔπεισι,
3341 2193 3435 2245 καὶ
3461 2191 3624 2246 πάλιν

2042 2286 2284 2355 κύματα.
2331 2283 2388 2336 Ὀ
2420 2282 2475 2336 δὲ
2509 2280 2813 2350 φιλοσοφῶν
2839 2277 2961 2332 ούδέ
2991 2277 3166 2347 ἀρχὴν
3193 2277 3384 2348 ἀφίησι
3422 2277 3626 2347 ταύτην

2041 2368 2225 2422 λαϐεῖν
2248 2367 2346 2436 τὴν
2376 2363 2643 2436 ταραχὴν,
2681 2361 2803 2415 οὐδὲ
2852 2361 3204 2430 διαναστῆναι
3249 2361 3312 2414 τὸ
3362 2360 3620 2430 πέλαγος,

2041 2451 2160 2504 οὑδὲ
2197 2449 2389 2520 βοῆσαι
2441 2447 2502 2500 τὸ
2552 2445 2766 2516 θηρίον.
2808 2445 2872 2497 Εἰ
2910 2443 2967 2496 δέ
3014 2461 3135 2496 τινα
3191 2443 3311 2512 βίαν
3363 2444 3624 2514 ὑπομένοι

2043 2535 2286 2605 κατέχων
2317 2533 2414 2604 τὴν
2443 2530 2704 2599 τοιαύτην
2740 2527 2942 2601 ὁρμὴν,
2972 2527 3106 2581 ἀλλά
3133 2529 3227 2581 καὶ
3256 2528 3465 2591 ἐκεῖνος
3495 2544 3624 2582 συν-

2042 2617 2183 2690 εχῶς
2226 2615 2553 2687 βαλλόμενος
2603 2613 2698 2667 καὶ
2748 2610 3111 2680 κεντούμενος
3155 2611 3250 2663 καὶ
3285 2609 3375 2662 τὸν
3409 2606 3624 2681 οἶστρον

2041 2703 2100 2755 οὑ
2137 2701 2341 2773 φέρωνο
2378 2699 2471 2752 καὶ
2523 2697 2825 2769 παρόμοιον
2871 2695 3106 2764 γίνεται,
3137 2692 3326 2766 ῶσπερ
3359 2694 3424 2747 ἀν
3458 2694 3625 2747 ἵππον

2043 2787 2234 2856 ἄγριον
2275 2784 2601 2855 μαινόμενον
2642 2781 2737 2833 καὶ
2785 2778 3155 2833 ἀντιτείνοντα
3191 2776 3481 2848 ἀνέχοιτῷ
3527 2795 3624 2849 χα-

2041 2868 2195 2940 λινῷ,
2221 2868 2315 2922 καὶ
2345 2865 2568 2936 κατέχοι
2599 2863 2738 2934 μετά
2774 2862 2966 2932 τέχνης
2997 2861 3238 2930 ἀπάσηςο
3274 2861 3301 2914 ὁ
3327 2860 3383 2914 δὲ
3416 2860 3620 2925 ἐνδοὺς,

2043 2955 2183 3008 ὥστε
2213 2953 2304 3007 τὸν
2347 2953 2508 3005 πόνον
2532 2949 2726 3002 τοῦτον
2753 2948 2973 3016 φυγεῖν,
3000 2945 3297 3016 συρόμενος
3325 2945 3418 2998 ὑπ’
3457 2944 3622 2998 αὑτοῦ

2043 3035 2316 3106 πανταχοῦ
2362 3034 2600 3105 φέροιτο.
2655 3031 2842 3084 Ταῦτα
2896 3031 2944 3082 εί
3000 3030 3095 3082 καὶ
3148 3029 3490 3102 σαφέστερον
3528 3028 3622 3082 τοῦ

2039 3121 2251 3184 δέοντος
2293 3121 2528 3192 είρηται,
2591 3115 2778 3186 μηδεὶς
2815 3112 3158 3184 ἐγκαλείτω·
3214 3113 3274 3165 οὑ
3308 3113 3415 3183 γὰρ
3447 3113 3623 3180 λόγων

2044 3204 2335 3275 σεμνότητι
2381 3198 2818 3265 καλλωπίζεσθαι
2875 3197 3164 3270 βούλομαι,
3208 3197 3345 3251 ἀλλά
3397 3198 3622 3267 ποιῆσαι

2044 3306 2102 3343 σε
2111 3289 2274 3360 μνοὺς
2303 3287 2428 3352 τοὺς
2460 3283 2773 3346 ἀκούοντας.

2111 3429 2176 3482 δ’.
2203 3425 2302 3480 Διὰ
2329 3424 2490 3479 τοῦτο
2509 3425 2605 3478 καὶ
2624 3424 2672 3476 οῖ
2698 3423 2974 3494 προφῆται
3003 3421 3218 3484 οὐδενὸς
3239 3419 3348 3474 τῶν
3364 3421 3626 3474 τοιούτων

2043 3512 2312 3583 φείδονται
2370 3510 2663 3580 ῥημάτων,
2717 3508 2818 3576 τὴν
2875 3505 3172 3560 ἀκολασίαν
3204 3503 3315 3557 τῶν
3359 3503 3626 3557 Ἰουδαίων

2043 3596 2276 3666 ἐκκόψαι
2333 3593 2669 3662 βουλόμενοι,
2721 3589 2860 3644 ἀλλά
2909 3591 3005 3644 καὶ
3054 3588 3393 3660 γυμνότερον
3446 3586 3627 3640 αὐτῶν

2043 3678 2517 3750 καθικνοῦνται,ἦ
2555 3679 2717 3747 ἡμεῖς
2763 3676 2860 3729 νῦν
2911 3675 2997 3744 ἐφ’
3029 3672 3110 3738 οἷς
3156 3675 3480 3745 εἰρὴκαμεν.
3518 3673 3628 3726 Καὶ

2042 3767 2150 3838 γὰρ
2183 3763 2364 3833 ίατρὸς
2389 3762 2660 3832 σηπεδόνα
2683 3760 2935 3815 ἐκϐαλεῖν
2965 3759 3308 3829 βουλόμενος,
3347 3759 3407 3811 ού
3438 3759 3630 3810 σκοπεῖ

2044 3851 2163 3914 πῶς
2216 3847 2465 3918 καθαράς
2511 3846 2859 3915 διατηρῆσειε
2909 3844 3008 3905 τὰς
3059 3845 3269 3914 χεῖρας,
3319 3841 3432 3895 ἀλλ’
3478 3841 3627 3903 ὅπως

2045 3936 2254 3989 ἐκεῖνον
2288 3928 2621 3993 ἀπαλλάξειε
2650 3929 2751 3996 τῆς
2785 3925 3104 3998 σηπεδόνος·
3135 3924 3230 3976 καὶ
3255 3927 3284 3977 ὁ
3310 3924 3400 3976 τὸν
3431 3939 3627 3975 ταπειι-

2044 4019 2132 4074 νδν
2165 4016 2368 4087 ὑψηλὸν
2398 4016 2621 4084 ποιῆσαι
2653 4011 2844 4072 θέλων,
2890 4008 3056 4072 αὐτὸς
3109 4006 3462 4061 ταπεινοῦται
3491 4006 3626 4075 πρό-

2044 4117 2219 4173 τεροςο
2256 4099 2352 4153 καὶ
2381 4101 2408 4152 ὁ
2435 4097 2634 4167 σφάξαι
2670 4096 2761 4149 τὸν
2812 4091 3232 4146 ἐπιϐουλεύοντα
3289 4089 3624 4153 σπουδάζων,

2045 4187 2139 4240 καὶ
2169 4183 2360 4238 ἐαυτὸν
2385 4182 2645 4252 αἱμάσσει
2682 4180 2800 4249 μετ’
2832 4177 3065 4242 ἐκείνου,
3110 4175 3206 4229 καὶ
3257 4173 3415 4226 τοῦτο
3465 4173 3628 4226 αὑτὸν

2047 4272 2192 4323 ποιεῖ
2219 4267 2621 4338 λαμπρότερον.
2668 4262 2821 4315 Ἐπεὶ
2872 4261 2967 4314 καὶ
3021 4259 3359 4330 στρατιώτην
3402 4257 3630 4310 ἐπανελ·

2048 4353 2211 4407 θόντα
2239 4351 2348 4405 ἀπὸ
2385 4349 2480 4403 τοῦ
2525 4347 2761 4417 πολέμου
2800 4347 2866 4399 ἀν
2893 4344 2976 4415 ἴδῃ
3009 4361 3094 4405 τις
3121 4341 3278 4412 ἰχῶρι
3309 4341 3403 4393 καὶ
3437 4342 3629 4410 αἵματι

2047 4439 2142 4493 καὶ
2165 4434 2452 4506 ἐγκεφάλῳ
2481 4430 2917 4506 μεμολυσμένον,
2962 4429 3023 4482 οὑ
3076 4430 3319 4500 μισήσει,
3351 4427 3470 4480 οὑδὲ
3497 4430 3632 4479 ἀπο-

2048 4521 2422 4593 στραφήσεται
2441 4517 2529 4572 διὰ
2552 4515 2730 4580 τοῦτο,
2757 4512 2895 4567 ἀλλά
2920 4513 3015 4566 καὶ
3037 4511 3381 4582 θαυμάσεται
3408 4509 3626 4581 μᾶλλον.

2047 4607 2203 4663 Οὕτω
2238 4605 2301 4677 δὴ
2335 4605 2430 4658 καῖ
2458 4604 2621 4674 ἡμεῖς
2645 4600 2917 4671 ποιῶμεν,
2953 4600 3080 4652 ὅταν
3112 4598 3312 4677 ἴδωμέν
3347 4613 3465 4650 τινα
3496 4596 3633 4665 μετά

2046 4691 2106 4745 τὸ
2134 4675 2480 4759 κατασφάξαι
2513 4686 2614 4758 τὴν
2645 4685 2944 4755 ἐπιθυμίαν
2965 4675 3285 4754 ᾑμαγμένον
3314 4680 3630 4744 ἐπανιόντα,

2051 4772 2249 4844 μᾶλλον
2306 4770 2469 4824 αὑτὸν
2527 4768 2918 4840 θαυμάζωμεν,
2979 4767 3076 4819 καὶ
3134 4765 3482 4834 κοινωνῶμεν
3532 4762 3632 4832 τῆς

2050 4859 2230 4929 μάχης
2265 4857 2358 4910 καὶ
2397 4855 2494 4926 τῆς
2546 4853 2701 4924 νίκης
2739 4850 2908 4921 αὑτῷ,
2931 4850 3034 4902 ααὶ
3069 4849 3203 4919 πρὸς
3233 4849 3360 4911 τοὺς
3392 4846 3632 4918 ἐρῶντας

1989 4940 2344 5011 ’λέγωμεν,
2411 4937 2632 5002 Δείξατε
2669 4937 2803 5006 ἡμῖν
2867 4931 2968 5003 τὴν
3039 4933 3106 4985 ἐκ
3169 4931 3268 5002 τῆς
3337 4930 3632 5000 ἐπιθυμίας

2047 5026 2260 5098 ἡδονήν.

2125 5202 2190 5256 '0
2260 5200 2360 5272 μέν
2419 5199 2528 5273 γάρ
2565 5197 2797 5272 σώφρων
2837 5200 2936 5273 τὴν
2987 5199 3096 5253 ἀπὸ
3144 5199 3242 5269 τῆς
3296 5197 3452 5268 νίκης
3496 5194 3630 5264 ἔχει,

2047 5285 2112 5340 σὺ
2146 5285 2202 5339 δὲ
2234 5283 2555 5354 οὐδαμόθεν.
2593 5285 2654 5338 Εἰ
2703 5283 2760 5338 δέ
2814 5284 2972 5354 ὑμεῖς
3008 5282 3107 5353 τὴν
3155 5284 3218 5334 ἐκ
3263 5281 3363 5350 τῆς
3415 5275 3630 5347 ὁμιλίας

2046 5368 2278 5437 λέγοιτε,
2338 5366 2454 5420 ἀλλ’
2502 5367 2683 5438 ἐκείνη
2744 5365 3054 5434 σαφεστέρα
3105 5364 3198 5416 καὶ
3247 5359 3627 5432 διαρκεστέρα.

2047 5454 2119 5507 Σὺ
2149 5452 2258 5525 γὰρ
2295 5452 2440 5524 ἔχεις
2471 5452 2578 5505 ἀπὸ
2631 5454 2731 5522 τῆς
2779 5448 3133 5509 ἀπολαύσεως
3169 5444 3343 5514 βραχὺ
3372 5442 3463 5494 7.01
3485 5439 3631 5525 9.1360

2049 5523 2402 5609 φαινόμενον,
2431 5539 2639 5598 ἐκεῖνος
2673 5535 2729 5587 δὲ
2759 5531 2972 5586 ἀπὸτοῦ
3007 5528 3326 5592 συνειδότος,
3351 5523 3503 5600 [⁵549]
3535 5527 3630 5578 καὶ

2049 5608 2271 5692 μείζονα
2289 5622 2382 5675 καὶ
2399 5621 2629 5692 διηνεκῆ
2642 5619 2735 5671 καὶ
2748 5614 3088 5686 γλυκυτέραν
3107 5613 3220 5684 ἔχει
3241 5612 3340 5683 τὴν
3363 5608 3630 5679 εὑφροσύυ

2047 5724 2164 5777 νην.
2195 5706 2330 5760 Οὑδὲ
2362 5707 2471 5776 γάρ
2495 5704 2668 5766 οὕτως
2695 5701 2882 5773 ὁμιλία
2910 5700 3188 5769 γυναικὸς,
3220 5698 3295 5761 ώς
3344 5693 3628 5777 φιλοσοφία

2050 5769 2321 5863 ἀτάραχον
2354 5769 2578 5846 δύναται
2607 5789 2841 5860 τηρῆσαι
2869 5785 3045 5858 ψυχὴν
3067 5784 3162 5840 καὶ
3198 5781 3495 5853 πτερῶσαις.
3526 5769 3628 5834 οἶ)-
