4112 6224
501 329 598 386 521

498 463 590 508 τος
623 442 723 516 μὲν
763 437 878 505 οὖν,
923 439 1116 509 ῶσπερ
1167 437 1334 507 ἔφην,
1383 435 1571 505 σαφῶς
1618 432 1763 516 οὕτω
1811 432 2084 486 δείκνυσιν

495 515 632 598 ἡμῖν
651 527 751 597 τὴν
787 525 1000 595 ήδονήνο
1035 521 1129 573 ἐπὶ
1159 521 1217 572 δὲ
1251 519 1346 571 σοῦ
1385 517 1486 588 τὴν
1523 517 1622 586 μὲν
1647 515 1760 570 ἀπὸ
1782 515 1882 584 τῆς
1912 516 2084 586 ἥττης

496 610 734 681 ἀθυμίαν
759 606 892 678 όρῶ,
942 603 1040 673 τὴν
1082 601 1140 654 δὲ
1188 601 1384 672 ἡδονὴν
1420 599 1745 670 βουλόμενος
1793 598 1944 681 ἰδεῖν,
1981 599 2082 681 οὐχ

495 677 756 764 εὑρίσκω.
789 677 946 743 Ποῖον
975 687 1084 755 γὰρ
1119 683 1298 754 βούλει
1325 683 1521 754 καιρὸν
1552 681 1749 753 ἡδονῆς
1781 677 1953 734 εἶναι’
1989 680 2082 734 τὸν

495 776 602 848 πρὸ
625 775 723 843 τῆς
753 771 985 842 μίξεως;
1033 768 1172 820 Ἀλλ’
1199 768 1300 820 οὐκ
1326 767 1462 819 ἐστι’
1495 765 1694 836 μανίας
1715 765 1824 835 γάρ
1845 767 1962 848 ἐστι
1985 765 2082 818 καὶ

495 846 822 927 παραφορᾶς
877 853 971 906 καὶ
1026 851 1359 913 ἐκστάσεως.
1417 849 1491 901 T6
1541 850 1650 918 7&9
1672 848 1799 910 τοὺς
1854 846 2074 927 ὀδόντας

490 925 695 1010 τρίζειν
727 925 820 991 καὶ
852 935 1192 1001 ἐξίστασθαι,
1219 933 1318 1002 οὐχ
1351 931 1564 1002 ήδονῆς·
1598 931 1646 983 εἰ
1668 929 1725 983 δέ
1760 929 1952 999 ήδονῆς
1982 925 2072 1001 ἦν,

487 1023 590 1076 οὐκ
617 1021 683 1074 ἂν
723 1020 895 1074 ταῦτά
926 1035 985 1072 σε
1020 1019 1335 1088 εἰργάσατο,
1383 1016 1418 1070 δι
1444 1017 1491 1068 οἱ
1544 1013 1838 1082 ἀλγοῦντες
1869 1014 2076 1082 ὑπομέ-

489 1122 661 1160 νουσι.
696 1105 806 1158 Καὶ
838 1103 946 1173 7&9
970 1103 1018 1154 οἰ
1045 1098 1406 1161 πυκτεύοντες
1436 1099 1532 1150 καὶ
1561 1096 1924 1168 πληττόμενοι
1952 1097 2078 1159 τοὺς

488 1187 704 1251 ὀδόντας
735 1184 999 1256 τρίζουτι,
1027 1185 1120 1237 καὶ
1151 1185 1207 1236 αἱ
1242 1183 1529 1235 ὠδίνουσαι
1559 1181 1818 1248 γυναῖκες
1840 1178 2078 1231 διασπώ-

491 1287 650 1340 μεναι
681 1271 793 1331 τοῖς
824 1269 1028 1332 πόνοις,
1054 1267 1114 1320 τὸ
1139 1266 1272 1318 αὐτὸ
1297 1265 1458 1318 τοῦτο
1494 1263 1762 1317 ποιοῦσιν.
1791 1263 1954 1314 Ὥστε
1981 1263 2079 1334 οὐχ

485 1351 648 1424 ἡδονὴ
678 1351 855 1415 τοῦτο,
894 1351 1009 1403 ἀλλ’
1045 1350 1302 1412 ἔκστασις
1349 1348 1550 1419 μᾶλλον
1593 1349 1686 1402 καὶ
1718 1346 1944 1416 θόρυϐος
1984 1349 2077 1424 καὶ

482 1423 722 1506 ταραχή.
765 1435 905 1488 Ἀλλ’
931 1438 959 1487 6
991 1435 1131 1505 μετὰ
1177 1433 1353 1487 ταῦτα
1383 1432 1612 1504 καιρός;
1660 1431 1803 1484 Ἀλλ’
1833 1430 1956 1484 οὐδὲ
1985 1423 2074 1484 06-

483 1533 594 1581 τος·
627 1518 748 1570 οὐδὲ
779 1519 888 1589 γὰρ
936 1518 1036 1588 τὴν
1083 1515 1350 1570 τεκοῦσαν
1409 1519 1467 1569 ἐν
1522 1515 1686 1587 ήδονῇ
1722 1515 1974 1584 εἰποιμεν
2003 1513 2070 1567 ἂν

481 1597 644 1669 εἶναι,
674 1602 790 1656 ἀλλ’
823 1603 881 1656 ἐν
913 1600 1202 1672 ἀπαλλαγῇ
1249 1599 1447 1654 πόνων⁶
1497 1599 1558 1652 οὐ
1592 1600 1807 1661 πάντως
1827 1597 1884 1650 δὲ
1907 1595 2072 1651 τοῦτο

1255 323 1311 377 S.
1347 319 1628 378 JOANNIS
1661 315 2155 375 CHRYSOSTO‘MI
2193 319 2514 377 ARCHIEP'.
2553 319 3100 377 CONSTANTINOP.

3659 321 3766 378 εει

2186 435 2366 506 ἡδονὴ,
2402 437 2520 490 ἀλλ’
2543 437 2796 492 ἀσθένεια
2825 439 3025 509 μᾶλλον
3056 440 3151 494 καλ⁸
3177 438 3394 504 ἔκλυσις
3412 456 3428 472 ο
3459 441 3592 494 πολύ
3619 441 3675 496 δέ
3703 443 3766 496 τὸ

2187 521 2354 591 μέσον
2377 523 2653 596 ἑκατέρων
2682 529 2890 578 τούτων
2943 527 3078 579 ἐστί.
3113 527 3274 588 Ποίος
3316 521 3410 580 οὖν
3439 528 3539 598 τῆς
3567 529 3764 600 ήδονης

2184 605 2376 676 καιρὸς
2400 647 2415 670 ,
2439 607 2560 660 εἰπέ
2610 625 2721 678 μοι.
2764 609 2881 662 Οὐκ
2911 609 3058 662 ἔστιν
3083 608 3277 672 οὐδείς·
3315 611 3363 663 εί
3385 609 3442 662 δὲ
3475 611 3568 663 καὶ
3593 610 3763 675 ἔστιν,

2182 689 2326 742 οὕτω
2388 689 2594 761 βραχύς
2644 691 2812 754 ἐστιν,
2841 691 2922 754 ὼς
2955 692 3090 762 μηδέ
3119 692 3427 762 φαίνεσθαι.
3455 695 3643 764 Μυρία
3671 689 3764 748 οὗν

2184 771 2662 843 φιλονεικήσαντες
2691 775 2945 844 φωρᾶσαι
2991 775 3155 828 αὐτὸν
3179 776 3274 829 καὶ
3303 778 3617 846 κατασχεῖν,
3664 777 3764 829 οὐκ

2179 856 2419 928 ἠδυνήθη
2429 873 2549 926 μεν.
2586 857 2726 910 Ἀλλ’
2747 857 2844 927 οὐχ
2875 859 2904 910 6
2928 857 3023 911 τοῦ
3049 857 3324 929 σώφρονος
3343 858 3603 922 τοιοῦτος,
3628 859 3765 914 ἀλλά

2180 939 2410 1004 πλατὺς,
2442 939 2538 993 καὶ
2572 940 2707 993 πᾶσι
2734 940 3056 1011 κατάδηλος·
3092 940 3294 1012 μᾶλλον
3333 941 3391 995 δέ
3420 943 3564 1004 ἄπας
3593 945 3621 997 6
3649 942 3761 1012 βίος

2179 1025 2238 1077 ἐν
2271 1024 2454 1095 ήδονῇ,
2503 1023 2598 1079 τοῦ
2630 1023 2930 1088 συνειδότος
2965 1024 3114 1092 αὐτῷ
3161 1025 3619 1096 στεφανουμένου,
3654 1027 3763 1081 τῶν

2182 1108 2444 1177 κυμάτων
2471 1106 2908 1179 ἐστορεσμένων,
2960 1106 3178 1171 οὐδενὸς
3215 1108 3512 1179 οὐδαμόθεν
3551 1112 3763 1178 ἐγγινο-

2184 1191 2347 1261 μένου
2385 1189 2636 1261 θορύϐου.
2685 1191 2838 1244 Ἐπεὶ
2865 1186 2957 1245 06v
2979 1185 3134 1255 οὗτος
3171 1191 3373 1262 μᾶλλον
3418 1194 3476 1245 ἐν
3522 1194 3704 1264 ήδονῇ,
3732 1197 3762 1248 6

2181 1274 2236 1327 δὲ
2264 1274 2542 1344 φιλήδονος
2564 1276 2622 1327 ἐν
2650 1273 2860 1346 ἀθυμίᾳ
2891 1275 2984 1327 καί
3005 1273 3276 1344 θορύϐοις,
3308 1275 3599 1345 φεύγωμεν
3626 1278 3757 1330 ἀκοο

2179 1357 2391 1421 λασίαν,
2417 1357 2769 1429 ἀντεχώμεθα
2806 1356 3182 1428 σωφροσύνης,
3243 1358 3329 1411 ἴνα
3353 1359 3449 1412 καὶ
3482 1358 3591 1412 τῶν
3627 1359 3758 1430 μελ-

2177 1439 2376 1494 λόντων
2396 1441 2745 1511 ἐπιτύχωμεν
2767 1441 3010 1509 ἀγαθῶν,
3033 1441 3215 1512 χάριτι
3241 1442 3335 1495 καὶ
3357 1441 3760 1514 φιλανθρωπίᾳ,

2175 1524 2268 1577 καὶ
2293 1523 2363 1577 τὰ
2389 1523 2535 1594 ἑξῆς.

1886 2052 2130 2109 ΟΜΙΛΙᾹ
2167 2053 2277 2106 AH'

477 2247 746 2319 Fmplfw
795 2245 864 2300 δὲ
919 2243 1081 2313 ὑμῖν,
1139 2239 1411 2310 ἀδελφοὶ,
1475 2238 1539 2292 τὸ
1580 2235 1970 2319 Εὺιιῃνέλιον,
2029 2230 2064 2319 6

547 2307 1028 2402 εὐηγγελισάμην
1068 2307 1237 2396 νὺμῖν,
1273 2307 1304 2378 6
1345 2322 1444 2378 καί
1491 2318 1885 2389 παρελάϐετε,
1918 2316 1988 2402 ὲν
2017 2307 2066 2382 ᾧ

546 2401 994 2482 καίίέστήκατε,
1029 2409 1102 2463 δι’
1139 2403 1212 2465 οὗ
1262 2407 1360 2461 καί
1417 2404 1699 2468 σώζεσθε,
1750 2401 1868 2456 τίνι
1901 2401 2065 2470 λόγῳ

543 2495 1031 2569 εὐηγγελισάμην
1054 2493 1216 2563 ὑμῖν.

550 2590 623 2639 α’.
669 2567 1004 2654 Ἃπαρτίσας
1030 2578 1123 2631 τὸν
1165 2575 1295 2648 περί
1323 2574 1431 2628 τῶν
1463 2568 1849 2654 πνευματικῶν
1881 2567 2062 2654 λόγον,

479 2667 570 2723 ἐπὶ
601 2667 663 2720 τὸ
691 2651 908 2719 πάντων
943 2661 1372 2732 ἀναγκαιότατον
1408 2657 1752 2730 μεθίσταται,
1793 2653 1892 2724 τὴν
1934 2651 2064 2723 περί

480 2749 581 2818 τῆς
607 2747 953 2809 ἀναστάσεως
981 2743 1235 2798 ὑπόθεσιν
1252 2760 1266 2775 ο
1304 2744 1397 2798 καὶ
1425 2741 1534 2814 7&9
1562 2743 1619 2793 ἐν
1649 2739 1822 2807 τούτῳ
1857 2735 2064 2806 σφόδρα

481 2832 724 2886 ἐνόσουν.
756 2831 865 2882 Καὶ⁸
891 2828 1145 2900 καθάπερ
1169 2828 1262 2881 ἐπὶ
1287 2827 1394 2880 τῶν
1417 2824 1708 2896 σωμάτων,
1733 2823 1860 2876 ὅταν
1883 2819 2063 2874 αὐτῶν

482 2913 689 2984 ἅψηται
719 2913 828 2966 τῶν
877 2911 1114 2981 στερεῶν
1143 2913 1171 2964 6
1199 2908 1454 2980 πυρετὸς,
1507 2908 1650 2976 λέγω
1694 2905 1802 2959 τῶν
1853 2906 2062 2976 νεύρων

474 3001 567 3050 καὶ
597 2996 704 3050 τῶν
733 2994 944 3065 φλεϐῶν
976 2994 1071 3046 καὶ
1104 2993 1211 3047 τῶν
1246 2990 1479 3063 πρῶτων
1515 2989 1817 3060 στοιχείων.
1842 2989 2062 3041 ἀνίατον

472 3081 683 3151 γίνεται
708 3080 768 3133 τὸ
799 3078 990 3142 κακὸν,
1024 3077 1089 3130 ἂν
1122 3076 1196 3148 μὴ
1232 3073 1444 3142 πολλῆς
1477 3071 1762 3142 ἀπολαύσῃ
1806 3071 1906 3141 τῆς
1938 3073 2062 3124 ἐπι-

480 3165 720 3238 μελείας·
746 3162 888 3216 οὓτω
911 3161 974 3230 δὴ
1000 3161 1094 3213 καὶ
1113 3160 1237 3212 τότε
1262 3157 1517 3226 γενέσθαι
1543 3155 1904 3209 ἐκινδύνευεν.
1937 3155 2060 3238 Ἐπὶ

475 3248 583 3320 7&9
609 3247 747 3301 αὐτά
779 3249 877 3317 τῆς
909 3242 1187 3306 εὐσεϐείας
1219 3241 1289 3294 τὰ
1322 3243 1562 3310 στοιχεῖα
1604 3239 1666 3293 τὺ
1715 3238 1884 3293 κακὸν
1934 3237 2061 3290 ἐϐά-

472 3330 607 3395 διζε.
661 3329 752 3382 Διὸ
803 3327 898 3382 καὶ
932 3325 1101 3397 πολλῇ
1149 3329 1216 3396 τῇ
1275 3323 1478 3394 σπουδῇ
1529 3323 1796 3393 κέχρηται
1841 3320 1991 3394 [550]
2031 3323 2060 3374 6

475 3415 702 3478 Παῦλος.
737 3413 871 3467 Ούδέ
891 3414 1001 3482 7&9
1035 3411 1164 3480 περὶ
1198 3410 1316 3480 βίου
1349 3409 1538 3462 λοιπὸν
1563 3410 1592 3461 6
1613 3408 1769 3476 λόγος
1793 3401 1860 3477 ἦν
1887 3405 2057 3476 αὐτῷ,

472 3498 582 3551 οὐδ’
604 3499 686 3551 ὅτι
712 3499 742 3551 6
772 3496 871 3567 μὲν
902 3494 1217 3566 ἐπόρνευεν,
1242 3495 1270 3546 6
1303 3492 1361 3545 δέ
1403 3491 1774 3553 ἐπλεονέκτει,
1821 3491 1850 3543 6
1887 3489 1944 3542 δὲ
1976 3489 2058 3542 ὅτι

473 3579 902 3650 κεκαλυμμένην
949 3573 1062 3647 εἶχε
1115 3577 1216 3648 τήν
1271 3575 1536 3646 κεφαλὴν,
1588 3572 1725 3626 ἀλλά
1767 3573 1897 3645 περὶ
1928 3571 2060 3625 αὐτὸ

473 3665 582 3718 τῶν
616 3661 840 3732 ἀγαθῶν
869 3662 930 3715 τὸ
953 3660 1273 3730 κεφάλαιον·
1308 3658 1438 3729 περὶ
1479 3656 1588 3727 γὰρ
1617 3655 1715 3727 τήν
1759 3656 2058 3710 ἀνάστασιν

473 3747 643 3819 αὐτὴν
671 3744 1010 3809 ἐστασίαζον.
1055 3742 1277 3812 Ἐπειδὴ
1305 3741 1414 3812 7&9
1444 3743 1477 3810 ή
1515 3742 1667 3793 πᾶσα
1699 3738 1856 3808 ήμῶν
1903 3738 2057 3801 ἐλπὶς

473 3831 636 3899 αῦτη,
661 3829 798 3900 πρὸς
828 3827 988 3881 τοῦτο
1021 3825 1266 3896 σφοδρῶς
1317 3825 1500 3877 ἵστατο
1549 3824 1579 3875 6
1636 3820 1902 3886 διάϐολος,
1963 3820 2057 3875 καί.

474 3921 605 3972 ποτὲ
635 3913 732 3983 μέν
759 3911 950 3983 ἀνῄρει
981 3908 1238 3974 καθάπαξ
1269 3905 1456 3978 αὐτὴν,
1494 3904 1622 3958 ποτέ
1651 3905 1708 3958 δέ
1737 3903 1922 3972 ἔλεγεν
1955 3902 2057 3975 ήδη

472 3997 776 4065 γεγονέναι·
815 3995 844 4047 6
892 3993 988 4047 καὶ
1017 3991 1267 4062 Τιμοθέῳ
1323 3992 1550 4062 γράφων
1603 3992 1631 4042 6
1680 3988 1893 4054 Παῦλος
1919 3987 2059 4056 γάγ-

472 4095 702 4150 γραιναν
749 4077 933 4132 ἐκάλει
961 4075 1022 4129 τὸ
1049 4073 1284 4146 πονηρὸν
1333 4073 1490 4127 τοῦτο
1534 4073 1754 4143 δόγμα,
1781 4071 1875 4124 καὶ
1929 4071 2058 4134 τοὺς

470 4163 791 4230 εἰσάγοντας
816 4161 949 4213 αὐτὸ
977 4158 1157 4223 ἔστιξε
1181 4158 1372 4226 λέγων·
1399 4153 1513 4212 ἸΓ,Ων
1540 4157 1713 4210 ἐστιν
1745 4157 2056 4226 Ὑμέναιος

473 4246 573 4301 καὶ
605 4247 880 4312 Φιλητὸς,
913 4245 1131 4308 οἵτινες
1155 4243 1289 4309 περὶ
1325 4241 1440 4308 τὴν
1470 4241 1762 4307 ἀλήθειαν
1793 4241 2056 4310 ἠστόχη-

473 4345 612 4393 σαν,
647 4327 930 4398 λέγοντες
984 4325 1100 4394 τὴν
1155 4326 1498 4380 ἀνάστασιν
1551 4325 1670 4394 ἤδη
1725 4324 2054 4396 γεγονέναι,

473 4413 573 4467 καί
606 4411 1012 4479 ἀνατρέπουσι
1048 4410 1156 4476 τήν
1188 4427 1367 4463 τινων
1397 4410 1628 4464 πίστιν.
1667 4409 1804 4462 Ποτὲ
1839 4407 1936 4479 μὲν
1963 4403 2055 4461 οὖν

471 4495 630 4548 τοῦτο
679 4493 886 4561 ἔλεγον,
941 4494 1070 4546 ποτὲ
1098 4493 1154 4545 δέ
1185 4493 1268 4545 ὅτι
1300 4492 1361 4545 τὸ
1393 4491 1552 4562 σῶμα
1597 4492 1696 4546 οὐκ
1746 4490 2054 4556 ἀνίσταται,

473 4578 611 4633 ἀλλά
659 4578 760 4648 τῆς
789 4575 966 4646 ψυχῆς
1021 4577 1050 4628 ὁ
1103 4575 1387 4644 καθαρμός
1442 4577 1592 4629 ἐστιν
1644 4577 1678 4647 ή
1732 4575 2050 4637 ἀνάστασις.

476 4660 658 4715 Ταῦτα
689 4659 746 4714 δὲ
790 4657 976 4712 ἔπειθε
1033 4657 1210 4726 λέγειν
1238 4659 1266 4709 6
1317 4658 1555 4730 πονηρὸς
1588 4657 1795 4728 δαίμων
1825 4659 2052 4722 ἐκεῖνος,

473 4747 534 4799 οὐ
562 4744 664 4817 τὴν
696 4744 995 4798 ἀνάστασιν
1019 4739 1323 4812 ἀνατρέψαι
1349 4741 1668 4810 βουλόμενος
1696 4741 1878 4808 μόνον,
1917 4740 2054 4793 ἀλλά

474 4831 568 4881 καὶ
598 4828 670 4882 τά
700 4829 839 4899 ὐπέρ
871 4825 1027 4899 ήμῶν
1079 4823 1348 4896 γενόμενα
1407 4823 1624 4876 ἅπαντα
1659 4822 1829 4888 δεῖξαι
1885 4823 2054 4895 μῦθον

475 4910 623 4966 ὄντα.
656 4911 718 4963 Εἰ
747 4910 856 4981 7&9
887 4908 1220 4980 ἐπείσθησαν
1251 4908 1327 4980 μὴ
1358 4901 1497 4962 εἶναι
1525 4907 1792 4978 σωμάτων
1814 4908 2054 4964 ἀνάστα-

478 5009 582 5052 σιιν.
611 4992 748 5061 μετὰ
776 4993 970 5061 μικρὸν
1004 4993 1203 5055 αὐτοὺς
1233 4991 1417 5046 ἐπειθε
1473 4992 1608 5063 μηδέ
1655 4993 1892 5062 Χριστὸν
1923 4995 2056 5065 ἐγη-

475 5076 688 5148 γέρθαι·
711 5075 818 5126 ἀπὸ
847 5076 902 5128 δέ
932 5077 1122 5128 τούτου
1155 5079 1377 5129 κάκεῖνο
1406 5078 1626 5149 εἰσῆγεν
1653 5076 1758 5146 ὁδῷ
1795 5077 2050 5147 βαδίζων,

473 5159 533 5213 τὸ
556 5159 629 5231 μὴ
652 5157 1084 5226 παραγεγονέναι
1109 5157 1240 5228 μηδὲ
1264 5161 1620 5230 πεποιηκέναι
1644 5159 1788 5230 άπερ
1809 5161 2051 5233 ἐποίησε.

473 5241 710 5312 Τοιαύτη
737 5242 844 5313 7&9
867 5241 900 5311 ή
931 5239 1027 5293 τοῦ
1055 5240 1301 5294 διαϐόλου
1326 5245 1649 5312 κακουργία.
1676 5245 1766 5297 Διὸ
1797 5245 1890 5299 καὶ
1921 5245 2053 5315 μεθ·

472 5328 647 5382 οδείαν
679 5325 848 5397 αὐτήν
879 5323 1034 5378 καλεῖ
1060 5325 1088 5378 6
1124 5323 1356 5386 Παῦλος,
1388 5325 1471 5377 ὅτι
1535 5327 1636 5379 οὐκ
1679 5325 1738 5391 ἐξ
1784 5327 2000 5391 εὐθείας
2026 5327 2055 5381 6

475 5411 724 5481 βούλεται
757 5408 1163 5464 κατασκευάσαι
1191 5407 1484 5471 δείκνυσιν,
1513 5407 1652 5463 ὥστε
1693 5411 1767 5481 μὴ
1793 5410 2049 5480 γενέσθαι

473 5495 819 5564 κατάφωρος,
873 5493 988 5546 ἀλλ’
1042 5491 1228 5563 ἐτερον
1290 5492 1468 5563 ἐαυτῷ
1523 5493 1826 5565 περιτιθεὶς
1883 5509 2050 5564 προσ-

470 5579 688 5640 ωπεῖον,
743 5577 904 5647 ἔτερα
950 5576 1243 5642 τεκταίνει,
1271 5577 1365 5628 καὶ
1395 5575 1644 5647 καθάπερ
1676 5576 1924 5645 πολέμιος
1955 5575 2050 5628 καλ⁸

475 5658 780 5728 κακοῦργος
828 5659 978 5712 πόλει
1008 5658 1331 5729 προσϐαλὼν
1386 5661 1480 5711 καὶ
1528 5659 1758 5728 τείχεσι,
1805 5657 2048 5730 κάτωθεν

475 5739 766 5810 υπηρύττει
793 5741 1086 5806 λανθάνων,
1120 5741 1258 5794 ὥστε
1310 5740 1479 5812 ταύτῃ
1536 5739 1787 5807 γενέσθαι
1841 5739 2043 5808 δυσφύ-

2166 2230 2384 2299 λακτος,
2437 2235 2530 2287 καὶ
2582 2235 2928 2305 κατορθῶσαι
2977 2235 3122 2306 άπερ
3172 2236 3495 2290 ἐσπούδακε.
3550 2240 3754 2314 Διόπερ

2165 2314 2254 2367 ἀεὶ
2302 2315 2400 2379 τάς
2447 2316 2702 2381 τοιαύτας
2735 2317 2901 2371 αὐτοῦ
2952 2319 3135 2386 πάγας
3177 2317 3470 2390 εὑρίσκων,
3501 2321 3754 2388 καὶτοὺς

2166 2398 2440 2469 πονηροὺς
2483 2399 2710 2464 τούτους
2750 2398 2934 2471 θηρῶν
2958 2401 3149 2472 λόχους
3175 2403 3203 2454 6
3235 2399 3552 2472 θαυμαστὸς
3594 2398 3752 2471 οὗτος

2165 2481 2261 2534 καὶ
2294 2481 2468 2552 μέγας
2491 2481 2652 2553 ἀνὴρ,
2679 2482 2886 2552 ἐλεγενο
2919 2485 3000 2538 οὐ
3025 2483 3134 2554 γὰρ
3156 2485 3342 2539 αὐτοῦ
3373 2485 3450 2540 τὰ
3477 2486 3753 2558 νοήματα

2162 2566 2519 2636 ἀγνοοῦμεν.
2546 2568 2657 2622 Καὶ
2674 2567 2784 2639 γὰρ
2813 2567 3046 2622 ἐνταῦθα
3070 2567 3358 2640 ὁλόκληρον
3380 2570 3748 2628 ἀνακαλύπτει

2162 2649 2254 2702 τὸν
2283 2649 2434 2704 δόλον
2462 2648 2652 2717 αὐτοῦ,
2677 2651 2769 2705 καὶ
2794 2651 2974 2705 πάντα
2997 2651 3239 2706 δείκνυσι
3262 2651 3330 2706 τὰ
3355 2656 3746 2727 μηχανήματα,

2163 2733 2257 2787 καὶ
2290 2732 2391 2787 ὅσα
2444 2733 2693 2803 βούλεται
2727 2734 3136 2789 κατασκευάσαι
3178 2736 3502 2807 προτίθησιν
3539 2739 3618 2802 εἰς
3643 2741 3746 2810 με-

2164 2833 2277 2880 σον,
2303 2816 2446 2886 μετά
2477 2817 2678 2888 πολλῆς
2703 2817 2989 2890 ἀκριϐείας
3016 2819 3220 2872 ἆπασιν
3261 2819 3454 2874 ἐπιών.
3500 2820 3597 2874 Διά
3642 2823 3753 2894 7&9

2161 2899 2318 2953 τοῦτο
2367 2901 2461 2952 καὶ
2509 2899 2738 2970 ὕστερον
2765 2900 2980 2954 τέθεικε
3023 2901 3175 2955 τουτὶ
3219 2900 3282 2954 τὺ
3313 2902 3610 2972 κεφάλαιον
3637 2905 3750 2958 τῶν

2160 2982 2356 3049 ἄλλων,
2400 2983 2589 3053 ἐπειδὴ
2621 2984 2716 3036 καὶ
2743 2984 2953 3054 σφόδρα
2982 2984 3414 3054 ἀναγκαιότατον
3437 2981 3526 3056 ἦν,
3559 2987 3653 3042 καὶ
3681 2991 3752 3042 τά

2145 3068 2412 3139 σήμέτερα
2456 3067 2679 3138 συνέχον
2711 3065 2947 3122 ἅπαντα.
2985 3067 3094 3122 Καὶ⁸
3127 3069 3320 3122 σκόπει
3350 3069 3585 3125 σύνεσιν·
3617 3071 3752 3142 πρό-

2158 3168 2316 3222 τερον
2359 3150 2470 3222 γάρ
2495 3151 2620 3214 τοὺς
2648 3150 2884 3214 οἰκείους
2920 3151 3380 3224 ἀσφαλισάμενος,
3425 3153 3548 3208 τότε
3589 3153 3754 3220 ἐπεξ-

2160 3235 2378 3306 έρχεται
2412 3234 2505 3288 καὶ
2530 3234 2841 3306 περαιτέρω
2878 3234 2956 3305 τῷ
2988 3235 3152 3306 λόγῳ,
3181 3238 3274 3290 καὶ
3297 3240 3425 3302 τοὺς
3457 3237 3656 3306 ἔξωθεν
3683 3241 3754 3295 ἐκ

2159 3319 2476 3390 περιουσίας
2527 3318 2891 3388 ἐπιστομίζει.
2936 3320 3322 3388 Ἀσφαλίζεται
3371 3321 3430 3376 δέ
3479 3324 3606 3388 τοὺς
3663 3325 3750 3376 οἰ-

2158 3401 2363 3468 κείους,
2390 3403 2491 3455 οὐκ
2529 3402 2638 3456 ἀπὸ
2671 3401 2972 3472 λογισμῶν,
3010 3403 3126 3456 ἀλλ’
3150 3403 3257 3457 ἀπὸ
3299 3405 3408 3457 τῶν
3453 3406 3553 3477 ήδη
3586 3423 3750 3476 γεγε-

2163 3487 2432 3558 νημένων,
2461 3487 2557 3540 καὶ
2587 3486 2729 3558 ἅπερ
2767 3487 2923 3540 αὐτοὶ
2951 3487 3306 3552 κατεδέξαντο
3351 3489 3447 3543 καὶ
3496 3491 3750 3545 ἐπίστευ-

2164 3587 2264 3623 σαν
2311 3569 2664 3640 γεγενῆσθαι·
2718 3569 2748 3622 6
2807 3569 3044 3640 μάλιστα
3094 3565 3162 3643 ἦν
3219 3571 3594 3642 ἐντρεπτικὺν,
3649 3576 3749 3629 καὶ

2163 3653 2345 3706 ἰκανὸν
2377 3653 2576 3717 αὐτοὺς
2605 3656 2924 3723 κατασχεῖν.
2960 3651 3024 3706 Εἰ
3058 3653 3165 3726 γάρ
3213 3653 3589 3726 ἠϐουλήθησαν
3619 3658 3750 3711 ἀπι-

2161 3736 2359 3806 στῆσαι
2391 3737 2532 3807 μετά
2559 3735 2755 3798 ταῦτα,
2789 3737 2970 3790 οὐκέτι
2998 3735 3184 3790 λοιπὸν
3229 3736 3310 3808 τῷ
3359 3737 3576 3809 Παύλῳ,
3627 3741 3747 3795 ἀλλ’

2158 3821 2374 3885 ἑαυτοῖς
2401 3820 2626 3892 ἔμελλον
2648 3822 2919 3875 ἀπιστεῖν
2945 3821 3083 3892 ὅπερ
3109 3823 3414 3893 κατηγορία
3434 3819 3500 3894 ἦν
3519 3825 3746 3878 ἐκείνων

2156 3904 2266 3958 τῶν
2299 3905 2451 3970 ἅπαξ
2501 3905 2955 3976 καταδεξαμένων
2984 3905 3080 3958 καὶ
3113 3905 3516 3976 μεταθεμένων.
3551 3908 3649 3961 Διά
3677 3908 3743 3979 δή

2156 3989 2318 4042 τοῦτο
2348 3990 2456 4043 καὶ
2502 3988 2754 4043 ἐντεῦθεν
2788 3987 3040 4059 ἄρχεται,
3083 3987 3298 4052 δεικνὺς
3324 3990 3406 4042 ὃτι
3434 3991 3534 4042 οὐκ
3565 3989 3742 4044 ἄλλων

2155 4071 2328 4125 δεῖται
2355 4070 2654 4144 μαρτύρων
2685 4073 2766 4134 εἰς
2785 4071 3056 4136 τὺδεῖξαι,
3081 4072 3162 4124 ὅτι
3190 4071 3393 4142 τάληθῆ
3418 4072 3590 4142 λέγει,
3619 4072 3740 4126 ἀλλ’

2157 4155 2340 4210 αὐτῶν
2373 4154 2599 4210 ἐκείνων
2628 4155 2737 4209 τῶν
2752 4153 3144 4225 ἠπατημένων.
3165 4152 3372 4227 [εδιγι
3379 4173 3444 4210 να
3466 4156 3521 4209 δὲ
3543 4156 3572 4209 6
3599 4157 3740 4225 λέγω

2159 4238 2496 4310 σαφέστερον
2528 4239 2777 4309 γένηται,
2819 4235 2998 4291 αὐτῶν
3025 4237 3212 4292 λοιπὸν
3244 4237 3538 4306 ἀναγκαῖον
3575 4240 3742 4293 ἀκοῦ-

2159 4339 2249 4376 σαι
2280 4322 2388 4376 τῶν
2424 4322 2706 4392 ῥημάτων.
2741 4323 2874 4376 Τίνα
2915 4319 3008 4376 οὖν
3059 4321 3236 4376 ταῦτά
3282 4323 3436 4389 ἐστι;
3471 4324 3744 4392 Γνωρίζω

2155 4405 2319 4476 ὑμῖν,
2355 4405 2629 4474 ἀδελφοί,
2667 4405 2822 4476 φησί,
2844 4404 2910 4459 τὸ
2950 4405 3341 4474 Εὐαγγέλιον,
3367 4406 3399 4460 ὅ
3431 4409 3742 4476 εὐηγγελι-

2157 4488 2364 4559 σάμην
2393 4489 2552 4558 ὑμῖν.
2591 4487 2743 4553 Εἶδες
2795 4489 2912 4560 μεθ’
2937 4490 3070 4558 ὅσης
3119 4490 3425 4553 ἐπιεικείας
3469 4491 3737 4562 άρχεται;

2156 4567 2294 4635 εἶδες
2325 4571 2444 4634 πῶς
2475 4570 2583 4624 ἀπὸ
2634 4571 2733 4642 τῆς
2765 4571 2942 4642 ἀρχῆς
2967 4570 3188 4636 ἔδειξεν,
3221 4572 3305 4626 ὅτι
3350 4572 3503 4627 οὐδὲν
3553 4574 3743 4627 καινὸν

2156 4655 2384 4722 εἰσάγει,
2436 4653 2558 4706 οὐδὲ
2609 4651 2790 4721 ξένον;
2838 4655 2896 4706 '0
2925 4652 3034 4723 7&9
3067 4653 3348 4725 γνωρίζων
3377 4654 3438 4707 τὸ
3466 4653 3564 4727 ἤδη
3599 4672 3743 4725 γνω-

2160 4739 2308 4805 σθὲν,
2357 4733 2478 4791 εἶτα
2507 4738 2587 4801 εἰς
2617 4737 2788 4809 λήθην
2820 4736 3096 4809 ἐμπεσὼν,
3129 4736 3386 4809 γνωρίζει
3442 4737 3605 4792 πάλιν
3660 4741 3745 4803 εἰς

2163 4824 2384 4894 μνήμην
2417 4820 2587 4889 ἄγων.
2619 4820 2871 4884 Καλέσας
2901 4820 2958 4873 δὲ
2992 4817 3276 4890 ἀδελφοὺς,
3314 4820 3375 4873 οὐ
3407 4821 3610 4891 μικράν
3644 4822 3742 4876 καὶ

2157 4906 2410 4960 ἐντεῦθεν
2439 4905 2882 4976 προκατεϐάλετο
2909 4903 3018 4958 τῶν
3053 4903 3359 4974 λεγομένων
3385 4902 3485 4974 τὴν
3520 4904 3738 4959 ἀπόδει·⁵

2160 4992 2262 5057 ξιν.
2305 4991 2548 5060 Ἀδελφοί
2578 4990 2687 5060 γάρ
2719 4989 3018 5059 οὐδαμόθεν
3043 4987 3363 5058 ἐγενόμεθα,
3405 4987 3522 5042 ἀλλ’
3551 4990 3585 5061 ἢ
3630 4989 3739 5043 ἀπὸ

2156 5077 2258 5146 τῆς
2285 5074 2427 5129 κατὰ
2454 5076 2633 5147 σάρκα
2661 5073 2756 5126 τοῦ
2787 5072 3024 5144 Χριστοῦ
3054 5072 3388 5142 οἰκονομίας.
3421 5071 3511 5125 Διὸ
3537 5072 3602 5142 δὴ
3645 5073 3740 5130 καὶ

2160 5159 2335 5221 οὕτως
2361 5158 2557 5220 αὐτοὺς
2582 5155 2864 5220 ἐκάλεσεν,
2895 5155 3033 5227 ὁμοῦ
3071 5156 3169 5227 μὲν
3205 5156 3608 5227 καταπραΰνων
3643 5156 3740 5209 καί⁵

2158 5240 2501 5312 θεραπεύων,
2528 5239 2662 5310 ὁμοῦ
2687 5239 2745 5292 δέ
2767 5239 2876 5292 τῶν
2907 5238 3118 5310 μυρίων
3163 5237 3386 5306 ἀγαθῶν
3425 5241 3741 5311 ἀναμιμνή-

2157 5341 2324 5377 σκων.
2358 5325 2468 5377 Καὶ
2487 5324 2550 5376 τὸ
2578 5323 2705 5394 ἐξῆς
2725 5322 2887 5377 πάλιν
2903 5321 2998 5376 τοῦ
3020 5322 3187 5377 αὐτοῦ
3210 5323 3735 5380 κατασκευαστικόν.

2157 5408 2316 5460 Ποῖον
2331 5405 2394 5477 δὴ
2425 5406 2611 5472 τοῦτο;
2642 5405 2714 5459 T6
2737 5405 3083 5475 Εὐαγγέλιον.
3113 5407 3234 5460 Τῶν
3257 5407 3365 5475 7&9
3388 5405 3740 5474 Εὐαγγελίων

2154 5495 2214 5544 τὸ
2239 5491 2532 5561 κεφάλαιον
2574 5489 2824 5545 ἐντεῦθεν
2856 5490 2968 5561 ἔχει
3010 5489 3109 5561 τήν
3144 5490 3340 5562 ἀρχὴν,
3373 5489 3482 5543 ἀπὸ
3514 5489 3607 5543 τοῦ
3644 5489 3740 5544 τὸν

2157 5574 2289 5628 Θεδν
2347 5573 2600 5640 γενέσθαι
2659 5573 2968 5643 ἄνθρωπον,
3027 5573 3122 5626 καὶ
3185 5572 3591 5642 σταυρωθῆναι,
3647 5573 3740 5627 καὶ

2156 5655 2474 5724 ἀναστῆναι.
2527 5655 2697 5710 Τοῦτο
2751 5655 2844 5710 καλ⁸
2893 5657 2921 5708 6
2972 5654 3212 5725 Γαϐριὴλ
3251 5654 3637 5724 εὐηγγελίζετο
3669 5659 3736 5726 τῇ

2159 5739 2450 5814 Παρθένῳ,
2493 5740 2650 5796 τοῦτο
2706 5741 2798 5794 καὶ
2854 5743 2902 5794 οἱ
2963 5740 3234 5811 προφῆται
3291 5742 3357 5809 τῇ
3416 5740 3736 5814 οἰκουμένῃ,
