4112 6224
387 292 488 346 321

385 420 440 465 et
484 408 629 479 quod
670 422 739 462 ne
784 406 920 461 ultra
972 416 1228 476 appareat
1269 405 1518 476 quidem;
1552 407 1640 461 ille
1681 417 1858 462 autem
1911 424 1976 464 ex

385 503 721 559 conscientia
773 501 1032 567 majorem
1083 499 1247 554 habet
1294 509 1350 554 et
1400 510 1709 570 perpetuam
1763 503 1976 557 suavio-

383 607 612 663 temque
645 592 906 646 laetitiam.
947 590 1131 660 Neque
1177 591 1319 645 enim
1362 591 1695 646 consuetudo
1735 592 1976 648 mulieris

384 695 566 757 potest
593 695 700 739 tam
729 682 1165 754 imperturbatam
1196 681 1424 738 reddere
1461 683 1695 738 animam
1716 725 1733 749 ,
1773 692 1830 738 et
1857 699 1976 738 eam

384 779 438 830 in
466 775 635 830 altum
662 774 916 838 evehere,
945 788 1103 843 quam
1133 771 1488 842 philosophia.
1519 772 1584 828 Et
1611 773 1833 842 pudicus
1859 776 1974 845 qui-

383 868 532 935 dem,
563 867 704 922 sicut
728 866 875 932 dixi,
907 873 1096 937 aperte
1137 865 1294 920 nobis
1332 866 1658 935 voluptatem
1689 866 1926 921 ostendit
1957 884 1972 922 :

385 962 439 1015 in
474 969 526 1015 te
567 968 745 1014 autem
777 972 843 1012 ex
888 971 956 1012 eo
983 955 1234 1026 quidem,
1278 956 1422 1025 quod
1453 957 1528 1012 sis
1569 957 1774 1024 victus,
1821 957 1976 1013 video

382 1051 548 1106 animi
577 1048 970 1120 aegritudinem,
993 1047 1319 1116 voluptatem
1347 1056 1527 1102 autem
1562 1049 1747 1103 volens
1771 1047 1971 1114 videre,

384 1157 494 1196 non
525 1141 762 1196 invenio.
785 1138 1063 1208 Quodnam
1092 1139 1236 1193 enim
1258 1138 1338 1193 vis
1362 1154 1482 1194 esse
1504 1149 1711 1210 tempus
1731 1139 1977 1209 volupta-

386 1235 501 1291 tis?
528 1233 654 1290 idne
690 1231 832 1303 quod
862 1241 945 1286 est
974 1239 1099 1287 ante
1127 1230 1368 1286 coitum?
1416 1229 1520 1287 Sed
1573 1245 1679 1285 non
1728 1239 1846 1293 est;
1895 1238 1979 1286 est

383 1326 531 1382 enim
573 1323 770 1380 furoris
813 1332 868 1378 et
898 1322 1121 1378 insania:
1146 1331 1199 1377 et
1238 1322 1432 1377 mentis
1460 1331 1670 1377 emotae.
1721 1319 1976 1377 Dentibus

382 1417 528 1472 enim
558 1415 821 1482 stridere,
853 1423 909 1470 et
935 1429 965 1468 e
990 1422 1130 1468 statu
1160 1413 1356 1468 mentis
1394 1413 1694 1477 dimoveri,
1739 1427 1846 1468 non
1893 1420 1977 1467 est

380 1509 672 1580 voluptatis
704 1525 718 1562 :
751 1507 833 1564 sin
863 1517 1009 1562 esset
1035 1515 1215 1561 autem
1255 1506 1576 1574 voluptatis,
1609 1520 1714 1559 non
1762 1518 1826 1560 ea
1877 1503 1973 1560 tibi

383 1599 686 1667 indixisset,
717 1613 838 1670 quae
861 1598 1131 1654 sustinent
1160 1598 1194 1652 ii
1215 1597 1305 1668 qui
1325 1596 1612 1652 admodum
1636 1596 1836 1652 dolent.
1868 1595 1975 1649 Pu-

382 1691 519 1759 giles
543 1692 710 1756 enim,
763 1699 869 1744 tam
898 1689 989 1760 qui
1020 1689 1325 1759 percutiunt
1353 1703 1511 1758 quam
1539 1689 1630 1759 qui
1661 1687 1974 1758 percutiun-

383 1795 490 1848 tur,
521 1783 749 1838 strident
775 1781 1024 1838 dentibus
1055 1799 1068 1835 :
1103 1789 1156 1836 et
1183 1781 1537 1851 parturientes
1561 1780 1832 1847 mulieres,
1854 1795 1974 1850 quae

383 1875 760 1932 distrahuntur
777 1874 1076 1941 doloribus,
1110 1873 1340 1945 idipsum
1374 1873 1589 1929 faciunt.
1615 1872 1972 1941 Quamobrem

380 1982 488 2022 non
521 1976 605 2025 est
632 1966 688 2023 id
718 1965 998 2036 voluptas,
1032 1965 1126 2021 sed
1158 1966 1336 2035 potius
1368 1965 1564 2020 mentis
1593 1978 1846 2020 excessus
1885 1956 1972 2017 ω’-

381 2057 694 2128 multusque
735 2066 791 2113 et
815 2057 1167 2127 perturbatio.
1201 2059 1286 2112 An
1322 2067 1533 2127 tempus
1560 2055 1701 2126 quod
1733 2063 1853 2124 post
1887 2068 1974 2110 se-

378 2191 565 2207 ψ

1284 288 1348 344 IN
1387 289 1603 346 EPIST.
1644 291 1666 346 I
1729 291 1819 346 AD
1857 291 2012 350 (ΞΟΠ.
2066 291 2297 350 IIOMIL.
2341 295 2624 352 XXXVIII.

3567 312 3673 367 5'29.

2084 411 2301 481 quitur?
2325 411 2429 466 Sed
2458 429 2628 484 neque
2659 414 2760 471 hoc
2779 416 3006 473 dixeris.
3035 419 3218 491 Neque
3247 424 3390 480 enim
3411 441 3528 481 eam
3551 445 3670 501 quae

2085 502 2290 572 peperit
2308 501 2600 559 dixerimus
2627 521 2749 562 esse
2775 509 2826 562 in
2854 509 3144 581 voluptate,
3167 515 3260 570 sed
3293 514 3344 573 in
3373 517 3617 576 libertate
3639 539 3669 576 a

2082 592 2358 649 doloribus
2387 612 2401 649 :
2435 608 2539 650 non
2579 605 2664 651 est
2700 609 2878 654 autem
2926 602 3084 670 plane
3111 604 3214 661 hoc
3242 607 3488 678 voluptas
3511 653 3526 676 ,
3575 616 3668 668 sed

2084 686 2261 754 potius
2295 686 2632 743 imbecillitas
2658 701 2709 746 et
2750 691 3067 760 dissolutio;
3108 700 3331 757 multum
3371 713 3549 760 autem
3589 707 3673 762 iu-

2085 783 2250 830 lerest
2293 776 2433 832 inter
2473 787 2776 850 utrumque.
2827 782 3104 850 Quodnam
3152 801 3236 845 est
3281 808 3408 863 ergo
3457 804 3664 868 tempus

2083 868 2388 938 voluptatis,
2417 869 2502 924 dic
2527 875 2748 941 quaeso?
2778 874 2990 931 Nullum
3023 889 3106 934 est
3133 899 3146 935 :
3175 884 3219 937 si
3246 894 3332 940 est
3359 895 3559 953 tamen,
3587 901 3672 947 est

2082 957 2216 1013 adeo
2258 959 2447 1024 breve,
2497 969 2554 1015 ut
2597 977 2664 1018 ne
2711 977 2968 1034 appareat
3007 970 3246 1038 quidem.
3301 973 3433 1030 Cum
3478 981 3670 1036 millies

2083 1049 2514 1107 contenderimus
2545 1062 2602 1106 ut
2634 1053 2760 1119 illud
2806 1055 3339 1126 deprehenderemus
3367 1077 3422 1122 et
3466 1073 3666 1126 retine-

2085 1153 2298 1206 remus,
2328 1157 2434 1196 non
2465 1145 2754 1212 potuimus.
2798 1147 2904 1202 Sed
2933 1156 3283 1221 temperantis
3310 1167 3364 1212 et
3405 1161 3666 1218 moderati

2086 1237 2294 1298 tempus
2322 1247 2426 1288 non
2452 1245 2534 1288 est
2563 1236 2846 1305 ejusmodi,
2879 1240 2972 1295 sed
2994 1244 3286 1312 spatiosum
3310 1258 3393 1303 est
3421 1263 3472 1305 et
3499 1256 3670 1309 omni-

2084 1317 2183 1374 bus
2202 1320 2457 1388 evidens;
2488 1325 2569 1379 vel
2593 1328 2768 1394 potius
2793 1336 2901 1384 tota
2929 1331 3046 1400 ejus
3069 1335 3171 1388 vita
3198 1346 3280 1391 est
3303 1339 3354 1392 in
3379 1341 3668 1412 voluptate,

2081 1425 2200 1466 cum
2253 1413 2371 1483 ejus
2420 1417 2746 1472 conscientia
2799 1433 3108 1491 coronetur,
3167 1441 3288 1481 cum
3349 1431 3515 1486 sedati
3565 1437 3672 1490 sint
3765 1448 3768 1452 ·

2081 1502 2294 1570 ﬂuctus,
2324 1507 2470 1561 nullo
2497 1525 2560 1564 ex
2592 1513 2780 1580 quavis
2812 1524 2962 1584 parte
3005 1519 3212 1574 oriente
3261 1525 3505 1580 tumultu.
3537 1525 3668 1582 Cum

2080 1609 2208 1666 ergo
2237 1596 2322 1652 hic
2348 1600 2517 1670 magis
2540 1601 2610 1655 sit
2640 1602 2692 1656 in
2724 1605 3025 1675 voluptate,
3059 1609 3376 1668 libidinosus
3403 1626 3582 1672 autem
3615 1620 3667 1675 in

2079 1689 2241 1746 animi
2267 1692 2582 1761 tegritudine
2611 1703 2666 1749 et
2689 1697 3033 1766 tumultibus,
3084 1700 3348 1772 fugiamus
3393 1705 3668 1766 libidinem

2079 1787 2134 1835 et
2179 1780 2641 1851 intemperantiam
2667 1826 2682 1848 ,
2733 1788 3121 1857 amplectamur
3166 1799 3572 1866 temperantiam
3616 1812 3672 1857 et

2079 1872 2399 1938 castitatem,
2437 1882 2495 1927 ut
2520 1873 2656 1928 bona
2685 1877 2844 1931 etiam
2874 1878 3051 1934 futura
3082 1895 3500 1955 consequamur,
3539 1904 3665 1960 gra-

2079 1964 2150 2018 tia
2178 1974 2232 2021 et
2260 1964 2610 2035 benignitate,
2640 1975 2744 2022 etc.

1625 2265 1968 2329 HOMILIA
2010 2262 2376 2324 XXXVIII.

376 2418 508 2474 CAP.
544 2417 624 2474 I5.
671 2433 720 2471 v.
746 2419 795 2473 I.
828 2416 1021 2471 Notum
1048 2425 1218 2470 autem
1240 2413 1376 2468 vobis
1401 2411 1558 2482 facio,
1584 2415 1798 2482 fratres,
1828 2425 1971 2463 evan-

453 2513 638 2583 gelium
681 2512 821 2582 quod
860 2511 1133 2580 praedicari
1176 2508 1334 2564 vobis.
1349 2506 1485 2578 quod
1509 2516 1554 2559 et
1582 2505 1846 2574 accepistis
1872 2544 1886 2568 ,
1917 2503 1972 2557 in

445 2618 550 2671 quo
577 2614 621 2658 et
643 2604 792 2658 statis
816 2646 830 2668 ,
861 2603 918 2656 2.
949 2620 1037 2672 per
1067 2602 1202 2673 quod
1237 2611 1283 2656 et
1308 2599 1578 2656 salvamim’
1593 2638 1608 2664 ,
1649 2614 1751 2668 qua
1777 2596 1974 2650 ratione

447 2699 830 2767 praedicarerim
854 2698 1010 2752 vobis.

448 2790 502 2844 1.
545 2789 674 2844 Cum
713 2787 782 2844 de
832 2786 1198 2857 spiritualibus
1253 2784 1573 2840 absolvisset
1627 2781 1954 2846 orationem,

371 2880 569 2940 transit
590 2879 656 2934 ad
683 2879 732 2934 id
760 2879 904 2950 quod
930 2887 1013 2934 est
1042 2878 1280 2933 omnium
1317 2877 1550 2931 maxime
1579 2872 1964 2938 necessarium,

373 2987 569 3041 nempe
594 2971 661 3026 ad
706 2980 1078 3040 argumentum
1120 2968 1530 3024 resurrectionis
1577 2986 1590 3024 :
1638 2967 1694 3022 in
1714 2981 1780 3022 eo
1823 2966 1967 3022 enim

373 3064 530 3117 valde
577 3063 926 3134 :egrotahant.
957 3061 1025 3116 Et
1073 3061 1212 3116 sicut
1260 3060 1314 3115 in
1367 3058 1722 3128 corporibus,
1753 3057 1968 3129 quando

377 3153 578 3208 solidas
607 3169 793 3209 eorum
823 3161 1002 3222 partes
1029 3151 1193 3207 lebris
1217 3151 1704 3220 alliget-iuuenes,
1726 3151 1962 3220 inquam,

376 3253 432 3299 et
456 3257 618 3299 venas
642 3253 696 3299 et
719 3242 889 3313 prima
917 3244 1204 3309 elementa,
1230 3241 1429 3296 malum
1455 3241 1522 3295 sit
1547 3239 1963 3307 immedicabile,

375 3338 477 3395 nisi
503 3341 620 3411 ejus
662 3354 854 3411 magna
894 3349 1111 3409 geratur
1152 3353 1281 3392 cura
1313 3354 1326 3391 :
1357 3336 1435 3392 sic
1478 3344 1603 3390 tunc
1640 3349 1855 3405 quoque
1899 3347 1966 3388 ne

374 3434 546 3502 ﬁeret,
571 3443 688 3490 erat
707 3432 1026 3505 periculum.
1051 3430 1131 3486 Ad
1159 3431 1271 3502 ipsa
1293 3431 1438 3486 enim
1461 3429 1675 3500 pietatis
1701 3427 1964 3484 elementa

373 3527 626 3582 tendebat
645 3525 866 3580 malum.
901 3525 1258 3594 Quamobrem
1291 3539 1484 3595 magno
1508 3523 1687 3578 studio
1714 3537 1842 3577 usus
1868 3531 1953 3576 est

372 3619 587 3675 Paulus.
634 3617 750 3674 Non
793 3618 935 3672 enim
970 3617 1199 3687 amplius
1227 3615 1295 3671 ab
1327 3630 1394 3670 eo
1437 3614 1695 3685 agebatur
1736 3611 1804 3667 de
1833 3611 1962 3677 vita,

373 3727 550 3780 neque
580 3709 723 3780 quod
770 3709 861 3764 ille
887 3707 1101 3778 quidem
1147 3714 1511 3772 scortaretur,
1547 3705 1633 3760 hic
1667 3719 1795 3759 vero
1823 3711 1966 3757 esset

371 3817 564 3856 avarus
589 3842 605 3868 ,
633 3801 771 3855 alius
803 3814 930 3854 vero
971 3808 1134 3868 caput
1177 3797 1402 3852 haberet
1447 3805 1737 3866 Opertum;
1783 3793 1877 3848 sed
1909 3792 1962 3846 in

372 3895 490 3965 ipso
525 3895 787 3949 bonorum
817 3892 990 3962 capite
1026 3891 1341 3946 versabatur
1366 3888 1538 3944 oratio
1572 3905 1586 3942 :
1616 3902 1740 3941 nam
1770 3885 1837 3942 de
1867 3901 1958 3940 re-

372 3986 708 4042 surrectione
737 3985 852 4056 ipsa
894 3985 1034 4039 inter
1071 3997 1130 4038 se
1175 3980 1626 4052 digladiabantur.
1658 3978 1789 4048 Quia
1817 3977 1961 4032 enim

373 4079 494 4135 haec
511 4087 594 4134 est
632 4086 741 4133 tota
768 4092 893 4148 spes
924 4086 1105 4132 nostra
1127 4118 1142 4142 ,
1168 4076 1216 4130 ei
1249 4074 1407 4130 valde
1439 4073 1637 4128 restitit
1673 4071 1958 4134 diabolus;

369 4180 430 4226 et
459 4168 741 4240 aliquando
761 4169 976 4240 quidem
1003 4183 1120 4222 eam
1155 4165 1377 4221 tollebat
1403 4163 1636 4233 penitus,
1667 4161 1960 4231 aliquando

372 4272 554 4318 autem
597 4262 806 4318 dicebat
850 4275 966 4316 eam
1007 4259 1117 4330 jam
1165 4258 1346 4313 fuisse.
1383 4255 1534 4324 Quod
1567 4253 1727 4310 etiam
1768 4252 1962 4307 Paulus

370 4356 612 4412 scribens
641 4355 706 4412 ad
733 4353 1078 4410 Timotheum
1099 4394 1113 4418 ,
1143 4352 1248 4408 huc
1294 4351 1492 4407 malum
1523 4349 1715 4418 dogma
1743 4347 1960 4401 vocavit

370 4462 710 4517 gangraznam
733 4489 746 4512 ,
775 4456 830 4502 et
858 4462 954 4503 eos
978 4447 1068 4517 qui
1118 4445 1294 4515 ipsum
1342 4441 1667 4498 inducehaut
1717 4440 1956 4503 notavit,

369 4540 555 4594 dicens
579 4557 593 4593 :
625 4537 708 4592 Ea:
733 4539 911 4610 quibus
933 4548 1006 4594 est
1037 4538 1345 4609 Hymenaeus
1366 4545 1412 4590 et
1443 4533 1700 4601 Philetas,
1723 4534 1810 4604 qui
1824 4534 1961 4587 circa

371 4631 631 4684 ueritatem
655 4629 976 4696 aberrarunt,
1009 4630 1228 4684 dicentes
1242 4629 1359 4698 jam
1388 4629 1576 4700 factam
1604 4642 1716 4680 esse
1734 4641 1960 4679 resurre-

371 4721 588 4774 ctionem
608 4761 624 4784 ,
660 4730 705 4774 et
731 4729 957 4775 evertunt
993 4720 1280 4790 aliquorum
1322 4717 1473 4785 ﬁdem
1503 4715 1595 4786 (2.
1621 4713 1753 4768 Tim.
1779 4713 1833 4767 2.
1867 4715 1954 4769 Π.

373 4810 489 4881 I8).
513 4813 686 4880 Atque
703 4810 992 4880 aliquando
1013 4809 1229 4880 quidem
1259 4807 1358 4861 hoc
1381 4806 1651 4872 dicebant,
1673 4804 1959 4874 aliquando

370 4911 551 4956 autem
601 4901 745 4972 quod
790 4915 985 4971 corpus
1023 4915 1128 4954 non
1177 4905 1439 4967 resurgat,
1491 4895 1583 4950 sed
1631 4895 1962 4975 resurrectio

370 4994 440 5047 sit
469 4992 664 5047 animae
698 4994 960 5064 purgatio.
1009 4990 1135 5046 llaec
1161 4997 1340 5044 autem
1387 4987 1567 5043 dicere
1606 4985 1962 5057 persuadebat

369 5082 666 5137 sceleratus
714 5082 806 5138 ille
835 5082 1046 5136 dmmon
1069 5123 1084 5144 ,
1117 5097 1224 5136 non
1269 5080 1442 5135 solum
1485 5087 1734 5134 evertere
1760 5077 1954 5133 volens

371 5180 847 5241 resurrectionem,
879 5175 974 5232 sed
1018 5175 1179 5231 etiam
1207 5190 1327 5246 qua:
1354 5187 1450 5242 pro
1482 5172 1634 5227 nobis
1665 5171 1801 5226 facta
1829 5181 1954 5226 sunt

369 5270 574 5332 omnia,
618 5267 904 5324 ostendere
950 5282 1071 5322 esse
1113 5265 1366 5320 fabulam.
1413 5263 1544 5319 Nam
1575 5263 1619 5318 si
1663 5264 1742 5318 eis
1773 5263 1958 5320 fuisset

367 5373 687 5431 persuasum
715 5375 822 5416 non
855 5373 976 5414 esse
1005 5372 1293 5429 corporum
1317 5357 1790 5421 resurrectionem,
1823 5371 1947 5424 pau—

369 5451 522 5504 latim
569 5451 647 5505 eis
694 5449 1049 5520 persuasisset
1095 5462 1163 5502 ne
1207 5447 1480 5502 Clu-istum
1520 5444 1738 5516 quidem
1770 5459 1954 5499 resur-

370 5542 612 5608 rexisse;
663 5543 730 5597 ab
762 5542 864 5598 hoc
894 5550 1072 5595 autem
1119 5537 1251 5594 illud
1303 5551 1514 5608 quoque
1544 5536 1730 5590 ordine
1761 5551 1956 5606 proce-

371 5633 508 5689 dens
533 5634 832 5689 induxisset
860 5648 980 5688 eum
1007 5647 1114 5698 non
1141 5629 1445 5695 advenisse,
1478 5643 1649 5699 neque
1679 5644 1740 5684 ea
1767 5629 1959 5686 iecisse

372 5741 494 5797 qua:
520 5726 666 5784 fecit.
717 5725 860 5783 Talis
887 5735 970 5782 est
996 5724 1138 5783 enim
1179 5721 1380 5780 diaboli
1411 5721 1712 5800 malignitas
1757 5731 1812 5780 et
1838 5737 1956 5780 vcr-

2074 2405 2235 2460 sutia.
2267 2405 2628 2474 Quamobrem
2655 2409 2851 2466 Paulus
2869 2427 2987 2468 eam
3017 2424 3170 2470 vocat
3189 2416 3413 2475 insidias
3443 2419 3662 2492 (Ep/ws.

2077 2495 2132 2550 6.
2165 2497 2258 2566 Il)
2281 2540 2296 2564 ,
2326 2499 2580 2568 quoniam
2604 2516 2710 2556 non
2734 2502 2936 2559 directe
2959 2507 3194 2564 ostendit
3223 2513 3365 2581 quod
3397 2513 3509 2568 vult
3538 2531 3665 2585 pro-

2075 2589 2224 2652 bare,
2256 2605 2323 2644 ne
2352 2590 2822 2660 deprehendatur;
2852 2596 2946 2651 sed
2978 2598 3081 2652 alia
3127 2601 3227 2657 sibi
3259 2603 3504 2674 imposita
3538 2623 3662 2678 per-

2073 2695 2225 2744 sona,
2270 2682 2374 2736 alia
2421 2682 2735 2754 fabricatur,
2783 2699 2835 2744 et
2886 2699 3158 2762 tamquam
3215 2695 3438 2753 infestus
3489 2698 3661 2755 hostis

2072 2783 2126 2826 et
2149 2773 2474 2843 versipellis,
2503 2792 2622 2832 cum
2648 2778 2702 2832 in
2727 2779 2912 2834 urbem
2942 2791 2998 2837 et
3025 2799 3206 2840 muros
3238 2787 3472 2856 irruerit,
3501 2791 3661 2846 etiam

2073 2865 2280 2924 inferne
2310 2870 2732 2940 agitcuniculos,
2757 2883 2899 2930 utea
2930 2877 3137 2933 ratione
3160 2895 3265 2933 non
3299 2879 3457 2938 facile
3485 2885 3662 2953 possit

2071 2961 2270 3027 caveri,
2325 2970 2380 3016 et
2423 2972 2567 3018 recte
2609 2966 2658 3020 ei
2705 2966 2959 3022 succedat
3007 2969 3056 3022 id
3104 2971 3246 3040 quod
3289 2981 3374 3027 est
3418 2975 3656 3030 molitus.

2071 3050 2430 3118 Quamobrem
2475 3055 2607 3110 tales
2653 3056 2770 3128 ejus
2816 3059 3039 3130 laqueos
3083 3077 3300 3132 semper
3349 3065 3658 3134 inveniens,

2071 3153 2122 3196 et
2153 3144 2444 3200 sceleratas
2494 3145 2590 3202 has
2622 3148 2844 3204 insidias
2875 3167 3078 3209 venans
3109 3153 3197 3209 hic
3223 3156 3304 3210 vir
3327 3157 3659 3216 admirabilis

2071 3242 2126 3288 et
2155 3250 2281 3291 vere
2310 3252 2554 3308 magnus,
2588 3239 2803 3296 dicebat
2837 3261 2850 3297 :
2888 3242 3008 3298 Non
3037 3247 3170 3300 enim
3193 3248 3487 3318 ignoramus
3512 3256 3624 3324 cogi
3632 3283 3652 3292 -

2070 3327 2281 3382 tationes
2308 3331 2416 3399 ejus
2440 3328 2517 3400 (2.
2549 3328 2668 3386 Cor.
2698 3331 2752 3385 2.
2786 3334 2895 3404 11).
2927 3335 3138 3391 Etenim
3177 3339 3261 3393 hic
3285 3349 3452 3396 totum
3479 3345 3652 3412 aperit

2069 3417 2184 3488 ejus
2223 3419 2430 3487 dolum,
2477 3431 2533 3476 et
2572 3436 2764 3478 omnes
2809 3427 3042 3482 ostendit
3106 3432 3532 3490 machinationes
3556 3479 3572 3505 ,
3601 3447 3658 3493 et

2069 3527 2418 3584 quaecumque
2461 3514 2576 3570 vult
2602 3531 2863 3587 apparare
2895 3519 3140 3588 producit
3170 3524 3220 3578 in
3269 3527 3536 3596 medium,
3568 3545 3658 3586 ac-

2068 3606 2405 3662 curatissime
2435 3608 2612 3662 omnia
2643 3625 2995 3680 persequens.
3041 3613 3332 3685 PrOpterea
3363 3621 3504 3674 enim
3551 3622 3654 3679 hoc

2068 3707 2230 3768 caput
2256 3700 2406 3768 ponit
2435 3711 2556 3770 post
2583 3702 2685 3755 alia
2716 3742 2730 3765 ,
2761 3705 3012 3773 quoniam
3045 3717 3162 3761 erat
3207 3711 3438 3768 maxime
3469 3711 3668 3770 neces;

2067 3791 2288 3856 sarium,
2322 3801 2376 3845 et
2404 3791 2547 3861 quod
2577 3794 2752 3847 omnia
2781 3806 2962 3848 nostra
2991 3797 3281 3853 contineat.
3314 3801 3448 3858 Vide
3475 3817 3653 3861 autem

2068 3881 2182 3951 ejus
2225 3881 2580 3951 prudentiam.
2614 3883 2744 3938 Nam
2776 3900 2896 3939 cum
2927 3901 3053 3940 suos
3095 3889 3242 3957 prius
3274 3895 3555 3949 muniisset
3602 3905 3656 3952 et

2067 3974 2120 4028 in
2151 3983 2264 4029 tuto
2302 3974 2621 4029 collocasset
2647 4016 2660 4041 ,
2699 3985 2824 4030 tunc
2855 3978 3080 4032 ulterius
3110 3983 3406 4048 procedens
3431 4026 3444 4048 ,
3479 3996 3657 4041 exter-

2067 4082 2166 4121 nos
2191 4082 2405 4139 quoque
2437 4068 2637 4122 invadit
2661 4110 2676 4134 ,
2711 4080 2765 4124 et
2794 4068 2924 4139 ipsis
2957 4071 3287 4129 validissime
3316 4089 3377 4130 os
3403 4077 3651 4133 obstruit.

2067 4158 2205 4214 Suos
2229 4169 2409 4215 autem
2443 4161 2616 4214 munit
2645 4169 2698 4215 et
2728 4161 2781 4214 in
2813 4170 2925 4216 tuto
2946 4163 3213 4230 collocat,
3243 4181 3348 4221 non
3379 4183 3442 4223 ex
3485 4171 3654 4226 ratio-

2066 4251 2240 4315 nibus,
2271 4251 2362 4307 sed
2397 4268 2458 4306 ex
2489 4252 2554 4306 iis
2579 4267 2696 4322 qua:
2719 4251 2829 4323 jam
2861 4252 2996 4309 facta
3026 4263 3183 4317 sunt.
3213 4267 3268 4312 et
3291 4274 3408 4329 qua:
3437 4260 3532 4331 ipsi
3561 4263 3655 4318 ad-

2069 4341 2352 4409 miserunt,
2386 4351 2440 4397 et
2486 4342 2622 4396 facta
2664 4343 3008 4399 crediderunt
3041 4363 3053 4399 :
3084 4346 3227 4416 quod
3253 4349 3468 4418 quidem
3500 4353 3654 4410 valde

2066 4443 2182 4488 erat
2222 4446 2403 4504 aptum
2435 4433 2500 4489 ad
2533 4435 2793 4505 pudorem
2838 4436 3200 4493 incutiendum
3230 4482 3244 4505 ,
3273 4451 3328 4494 et
3354 4441 3655 4500 sufﬁciebat

2066 4524 2133 4579 ad
2159 4540 2252 4580 eos
2293 4526 2670 4584 continendos.
2716 4526 2848 4581 Nam
2888 4528 2933 4582 si
2983 4539 3166 4598 postea
3199 4531 3495 4588 noluissent
3531 4551 3651 4590 cre-

2068 4615 2219 4680 dere,
2254 4631 2358 4670 non
2388 4617 2570 4688 utique
2609 4617 2721 4689 jam
2747 4619 2913 4674 Paulo
2936 4661 2951 4685 ,
2987 4620 3080 4675 sed
3107 4621 3208 4676 sibi
3241 4623 3340 4693 ipsi
3369 4639 3474 4678 non
3497 4636 3653 4682 erant

2065 4707 2320 4763 credituri
2353 4710 2534 4780 :rquod
2577 4710 2791 4780 quidem
2825 4713 3026 4767 crimen
3075 4713 3261 4770 fuisset
3307 4717 3519 4772 illorum
3556 4721 3650 4786 qui

2067 4803 2228 4857 semel
2246 4802 2597 4873 admiserant,
2621 4815 2674 4860 et
2688 4804 2799 4875 jam
2823 4809 3159 4863 transmutali
3181 4819 3383 4865 essent.
3405 4811 3654 4883 Propter-

2066 4910 2131 4950 ea
2168 4895 2293 4951 hinc
2323 4897 2507 4968 incipit
2534 4939 2549 4963 ,
2577 4899 2869 4955 ostendens
2892 4913 2953 4955 se
2978 4915 3084 4955 non
3113 4915 3250 4972 opus
3297 4901 3497 4959 habere
3532 4905 3653 4962 aliis

2071 4986 2292 5041 testibus
2311 5027 2328 5054 ,
2364 4988 2430 5041 ad
2459 4987 2790 5057 probandum
2819 5004 2881 5044 se
2907 5005 3031 5046 vera
3062 4991 3244 5048 dicere
3269 5033 3285 5059 ,
3310 4993 3404 5049 sed
3435 4995 3499 5049 iis
3525 4995 3654 5066 ipsis

2069 5077 2160 5147 qui
2188 5088 2311 5134 sunt
2340 5078 2573 5148 decepti.
2606 5078 2679 5135 Ut
2703 5089 2883 5136 autem
2929 5083 3073 5154 quod
3102 5083 3225 5140 dico
3265 5085 3336 5141 sit
3382 5088 3652 5158 apertius,

2071 5168 2139 5225 de
2167 5178 2366 5224 cretero
2408 5185 2632 5226 necesse
2663 5182 2745 5227 est
2791 5171 2904 5242 ipsa
2936 5175 3121 5230 audire
3170 5176 3354 5231 verba.
3397 5178 3653 5246 Quantam

2062 5276 2189 5331 ergo
2215 5276 2276 5315 ea
2309 5261 2471 5315 sunt?
2502 5261 2699 5318 Notum
2729 5264 2864 5319 vobis
2894 5266 3064 5335 facio,
3093 5271 3298 5336 fratres,
3331 5271 3648 5340 evangelium

2060 5353 2194 5424 quod
2225 5353 2500 5422 prazdicavi
2545 5355 2703 5410 vobis.
2736 5355 2988 5411 Vidistin’
3026 5372 3146 5411 cum
3193 5368 3391 5428 quanta
3433 5361 3653 5430 incipiat

2062 5443 2318 5498 lenitate?
2366 5445 2610 5500 vidistin"
2647 5446 2917 5515 quomodo
2962 5447 3209 5500 ostendat
3253 5448 3322 5502 ab
3371 5449 3542 5517 initio,
3591 5467 3651 5508 se

2071 5536 2202 5591 nihil
2236 5551 2431 5591 novum
2469 5553 2569 5593 nec
2610 5539 2953 5608 peregrinum
2986 5538 3364 5596 introducere?
3402 5542 3532 5598 Nam
3562 5547 3650 5615 qui

2061 5639 2247 5684 notum
2299 5628 2423 5685 facit
2469 5628 2522 5684 id
2571 5629 2712 5699 quod
2756 5629 2866 5699 jam
2899 5641 3082 5687 notum
3131 5631 3303 5688 luerat
3347 5645 3400 5689 ct
3429 5637 3566 5706 quod
3598 5641 3649 5694 in

2061 5721 2386 5780 oblivionem
2416 5731 2656 5793 venerat,
2687 5738 2876 5780 rursus
2905 5723 2959 5781 id
2989 5723 3043 5780 in
3070 5727 3385 5783 memoriam
3421 5729 3646 5786 reducit.
