  <div class='ocr_page' id='page_1' title='image "/cluster/home/n/w/nwhite01/storage/ocr_20150623/61/hvd.32044054166368/327.png"; bbox 0 0 4112 6224; ppageno 0'>
   <div class='ocr_carea' id='block_1_1' title="bbox 482 305 585 363">
    <p class='ocr_par' dir='ltr' id='par_1_1' title="bbox 482 305 585 363">
     <span class='ocr_line' id='line_1_1' title="bbox 482 305 585 363; baseline -0.029 -1"><span class='ocrx_word' id='word_1_1' title='bbox 482 305 585 363; x_wconf 66' lang='lat'><strong>323</strong></span> 
     </span>
    </p>
   </div>
   <div class='ocr_carea' id='block_1_2' title="bbox 478 415 2058 483">
    <p class='ocr_par' dir='ltr' id='par_1_2' title="bbox 478 415 2058 483">
     <span class='ocr_line' id='line_1_2' title="bbox 478 415 2058 483; baseline -0.006 -6"><span class='ocrx_word' id='word_1_2' title='bbox 478 423 611 477; x_wconf 85' lang='lat' dir='ltr'><strong>Cum</strong></span> <span class='ocrx_word' id='word_1_3' title='bbox 638 430 818 477; x_wconf 90' lang='lat' dir='ltr'><strong>autem</strong></span> <span class='ocrx_word' id='word_1_4' title='bbox 846 417 1056 474; x_wconf 87' lang='lat' dir='ltr'><strong>vocavit</strong></span> <span class='ocrx_word' id='word_1_5' title='bbox 1081 416 1295 478; x_wconf 77' lang='lat' dir='ltr'><strong>fratres,</strong></span> <span class='ocrx_word' id='word_1_6' title='bbox 1325 415 1450 468; x_wconf 89' lang='lat' dir='ltr'><strong>hinc</strong></span> <span class='ocrx_word' id='word_1_7' title='bbox 1475 426 1688 483; x_wconf 88' lang='lat' dir='ltr'><strong>quoque</strong></span> <span class='ocrx_word' id='word_1_8' title='bbox 1707 427 1812 466; x_wconf 89' lang='lat' dir='ltr'><strong>non</strong></span> <span class='ocrx_word' id='word_1_9' title='bbox 1836 427 2058 482; x_wconf 87' lang='lat' dir='ltr'><strong>parvam</strong></span> 
     </span>
    </p>
   </div>
   <div class='ocr_carea' id='block_1_3' title="bbox 478 502 2063 582">
    <p class='ocr_par' dir='ltr' id='par_1_3' title="bbox 478 502 2063 582">
     <span class='ocr_line' id='line_1_3' title="bbox 478 502 2063 582; baseline -0.007 -13"><span class='ocrx_word' id='word_1_10' title='bbox 478 512 738 582; x_wconf 78' lang='lat' dir='ltr'><strong>prtemisit</strong></span> <span class='ocrx_word' id='word_1_11' title='bbox 763 506 1278 565; x_wconf 75' lang='lat' dir='ltr'><strong>demonstrationem</strong></span> <span class='ocrx_word' id='word_1_12' title='bbox 1301 519 1489 558; x_wconf 88' lang='lat' dir='ltr'><strong>eorum</strong></span> <span class='ocrx_word' id='word_1_13' title='bbox 1514 517 1634 574; x_wconf 68' lang='lat' dir='ltr'><strong>qua:</strong></span> <span class='ocrx_word' id='word_1_14' title='bbox 1654 502 1922 558; x_wconf 84' lang='lat' dir='ltr'><strong>dicuntur.</strong></span> <span class='ocrx_word' id='word_1_15' title='bbox 1947 502 2063 558; x_wconf 84' lang='lat' dir='ltr'><strong>Non</strong></span> 
     </span>
    </p>
   </div>
   <div class='ocr_carea' id='block_1_4' title="bbox 476 591 2064 666">
    <p class='ocr_par' dir='ltr' id='par_1_4' title="bbox 476 591 2064 666">
     <span class='ocr_line' id='line_1_4' title="bbox 476 591 2064 666; baseline -0.006 -7"><span class='ocrx_word' id='word_1_16' title='bbox 476 604 693 659; x_wconf 79' lang='lat' dir='ltr'><strong>aliunde</strong></span> <span class='ocrx_word' id='word_1_17' title='bbox 721 602 864 657; x_wconf 87' lang='lat' dir='ltr'><strong>enim</strong></span> <span class='ocrx_word' id='word_1_18' title='bbox 899 597 1020 653; x_wconf 82' lang='lat' dir='ltr'><strong>facti</strong></span> <span class='ocrx_word' id='word_1_19' title='bbox 1052 610 1238 651; x_wconf 90' lang='lat' dir='ltr'><strong>sumus</strong></span> <span class='ocrx_word' id='word_1_20' title='bbox 1285 596 1515 660; x_wconf 77' lang='lat' dir='ltr'><strong>fratres,</strong></span> <span class='ocrx_word' id='word_1_21' title='bbox 1568 607 1728 666; x_wconf 89' lang='lat' dir='ltr'><strong>quam</strong></span> <span class='ocrx_word' id='word_1_22' title='bbox 1759 608 1826 650; x_wconf 84' lang='lat' dir='ltr'><strong>ex</strong></span> <span class='ocrx_word' id='word_1_23' title='bbox 1861 591 2064 650; x_wconf 84' lang='lat' dir='ltr'><strong>Christi</strong></span> 
     </span>
    </p>
   </div>
   <div class='ocr_carea' id='block_1_5' title="bbox 475 687 2066 759">
    <p class='ocr_par' dir='ltr' id='par_1_5' title="bbox 475 687 2066 759">
     <span class='ocr_line' id='line_1_5' title="bbox 475 687 2066 759; baseline -0.006 -7"><span class='ocrx_word' id='word_1_24' title='bbox 475 695 770 752; x_wconf 86' lang='lat' dir='ltr'><strong>secundum</strong></span> <span class='ocrx_word' id='word_1_25' title='bbox 800 705 1016 746; x_wconf 89' lang='lat' dir='ltr'><strong>carnem</strong></span> <span class='ocrx_word' id='word_1_26' title='bbox 1063 689 1486 759; x_wconf 78' lang='lat' dir='ltr'><strong>dispensatione.</strong></span> <span class='ocrx_word' id='word_1_27' title='bbox 1538 688 1829 757; x_wconf 77' lang='lat' dir='ltr'><strong>Propterea</strong></span> <span class='ocrx_word' id='word_1_28' title='bbox 1860 699 1956 742; x_wconf 88' lang='lat' dir='ltr'><strong>eos</strong></span> <span class='ocrx_word' id='word_1_29' title='bbox 1985 687 2066 742; x_wconf 85' lang='lat' dir='ltr'><strong>sic</strong></span> 
     </span>
    </p>
   </div>
   <div class='ocr_carea' id='block_1_6' title="bbox 475 779 2065 854">
    <p class='ocr_par' dir='ltr' id='par_1_6' title="bbox 475 779 2065 854">
     <span class='ocr_line' id='line_1_6' title="bbox 475 779 2065 854; baseline -0.004 -12"><span class='ocrx_word' id='word_1_30' title='bbox 475 790 721 850; x_wconf 86' lang='lat' dir='ltr'><strong>vocavit,</strong></span> <span class='ocrx_word' id='word_1_31' title='bbox 752 785 912 839; x_wconf 86' lang='lat' dir='ltr'><strong>simul</strong></span> <span class='ocrx_word' id='word_1_32' title='bbox 961 783 1175 854; x_wconf 83' lang='lat' dir='ltr'><strong>quidem</strong></span> <span class='ocrx_word' id='word_1_33' title='bbox 1207 796 1302 837; x_wconf 89' lang='lat' dir='ltr'><strong>eos</strong></span> <span class='ocrx_word' id='word_1_34' title='bbox 1338 782 1545 838; x_wconf 81' lang='lat' dir='ltr'><strong>leniens</strong></span> <span class='ocrx_word' id='word_1_35' title='bbox 1573 793 1638 836; x_wconf 88' lang='lat' dir='ltr'><strong>ac</strong></span> <span class='ocrx_word' id='word_1_36' title='bbox 1689 779 1938 850; x_wconf 75' lang='lat' dir='ltr'><strong>mitigans</strong></span> <span class='ocrx_word' id='word_1_37' title='bbox 1960 821 1976 846; x_wconf 90' lang='lat'><strong>,</strong></span> <span class='ocrx_word' id='word_1_38' title='bbox 2008 789 2065 836; x_wconf 87' lang='lat' dir='ltr'><strong>et</strong></span> 
     </span>
    </p>
   </div>
   <div class='ocr_carea' id='block_1_7' title="bbox 474 867 2063 945">
    <p class='ocr_par' dir='ltr' id='par_1_7' title="bbox 474 867 2063 945">
     <span class='ocr_line' id='line_1_7' title="bbox 474 867 2063 945; baseline -0.004 -12"><span class='ocrx_word' id='word_1_39' title='bbox 474 881 611 934; x_wconf 89' lang='lat' dir='ltr'><strong>bona</strong></span> <span class='ocrx_word' id='word_1_40' title='bbox 644 875 1053 931; x_wconf 77' lang='lat' dir='ltr'><strong>innumerabilia</strong></span> <span class='ocrx_word' id='word_1_41' title='bbox 1104 875 1234 945; x_wconf 86' lang='lat' dir='ltr'><strong>ipsis</strong></span> <span class='ocrx_word' id='word_1_42' title='bbox 1260 873 1313 928; x_wconf 89' lang='lat' dir='ltr'><strong>in</strong></span> <span class='ocrx_word' id='word_1_43' title='bbox 1344 873 1658 928; x_wconf 83' lang='lat' dir='ltr'><strong>memoriam</strong></span> <span class='ocrx_word' id='word_1_44' title='bbox 1687 881 1967 927; x_wconf 85' lang='lat' dir='ltr'><strong>revocans.</strong></span> <span class='ocrx_word' id='word_1_45' title='bbox 1995 867 2063 926; x_wconf 83' lang='lat' dir='ltr'><strong>Et</strong></span> 
     </span>
    </p>
   </div>
   <div class='ocr_carea' id='block_1_8' title="bbox 470 963 2062 1040">
    <p class='ocr_par' dir='ltr' id='par_1_8' title="bbox 470 963 2062 1040">
     <span class='ocr_line' id='line_1_8' title="bbox 470 963 2062 1040; baseline -0.004 -16"><span class='ocrx_word' id='word_1_46' title='bbox 470 970 610 1040; x_wconf 86' lang='lat' dir='ltr'><strong>quod</strong></span> <span class='ocrx_word' id='word_1_47' title='bbox 635 969 890 1037; x_wconf 88' lang='lat' dir='ltr'><strong>deinceps</strong></span> <span class='ocrx_word' id='word_1_48' title='bbox 921 968 1187 1037; x_wconf 88' lang='lat' dir='ltr'><strong>sequitur,</strong></span> <span class='ocrx_word' id='word_1_49' title='bbox 1215 967 1319 1022; x_wconf 89' lang='lat' dir='ltr'><strong>hoc</strong></span> <span class='ocrx_word' id='word_1_50' title='bbox 1347 966 1520 1036; x_wconf 88' lang='lat' dir='ltr'><strong>ipsum</strong></span> <span class='ocrx_word' id='word_1_51' title='bbox 1560 964 1865 1020; x_wconf 86' lang='lat' dir='ltr'><strong>confirmat.</strong></span> <span class='ocrx_word' id='word_1_52' title='bbox 1897 963 2062 1031; x_wconf 47' lang='lat' dir='ltr'><strong>Quid.</strong></span> 
     </span>
    </p>
   </div>
   <div class='ocr_carea' id='block_1_9' title="bbox 468 1059 2057 1131">
    <p class='ocr_par' dir='ltr' id='par_1_9' title="bbox 468 1059 2057 1131">
     <span class='ocr_line' id='line_1_9' title="bbox 468 1059 2057 1131; baseline -0.002 -14"><span class='ocrx_word' id='word_1_53' title='bbox 468 1079 592 1118; x_wconf 87' lang='lat' dir='ltr'><strong>nam</strong></span> <span class='ocrx_word' id='word_1_54' title='bbox 633 1062 737 1116; x_wconf 90' lang='lat' dir='ltr'><strong>hoc</strong></span> <span class='ocrx_word' id='word_1_55' title='bbox 773 1062 901 1116; x_wconf 82' lang='lat' dir='ltr'><strong>est?</strong></span> <span class='ocrx_word' id='word_1_56' title='bbox 930 1060 1299 1131; x_wconf 82' lang='lat' dir='ltr'><strong>Evangelium.</strong></span> <span class='ocrx_word' id='word_1_57' title='bbox 1349 1059 1623 1128; x_wconf 74' lang='lat' dir='ltr'><strong>Evangelii</strong></span> <span class='ocrx_word' id='word_1_58' title='bbox 1653 1059 1800 1113; x_wconf 89' lang='lat' dir='ltr'><strong>enim</strong></span> <span class='ocrx_word' id='word_1_59' title='bbox 1847 1072 2057 1114; x_wconf 86' lang='lat' dir='ltr'><strong>summa</strong></span> 
     </span>
    </p>
   </div>
   <div class='ocr_carea' id='block_1_10' title="bbox 468 1150 2058 1224">
    <p class='ocr_par' dir='ltr' id='par_1_10' title="bbox 468 1150 2058 1224">
     <span class='ocr_line' id='line_1_10' title="bbox 468 1150 2058 1224; baseline -0.003 -15"><span class='ocrx_word' id='word_1_60' title='bbox 468 1153 597 1210; x_wconf 86' lang='lat' dir='ltr'><strong>hinc</strong></span> <span class='ocrx_word' id='word_1_61' title='bbox 623 1154 821 1224; x_wconf 87' lang='lat' dir='ltr'><strong>accipit</strong></span> <span class='ocrx_word' id='word_1_62' title='bbox 866 1153 1075 1208; x_wconf 87' lang='lat' dir='ltr'><strong>initium</strong></span> <span class='ocrx_word' id='word_1_63' title='bbox 1101 1194 1115 1216; x_wconf 93' lang='lat'><strong>,</strong></span> <span class='ocrx_word' id='word_1_64' title='bbox 1160 1151 1302 1222; x_wconf 86' lang='lat' dir='ltr'><strong>quod</strong></span> <span class='ocrx_word' id='word_1_65' title='bbox 1329 1152 1472 1207; x_wconf 87' lang='lat' dir='ltr'><strong>Deus</strong></span> <span class='ocrx_word' id='word_1_66' title='bbox 1501 1150 1672 1206; x_wconf 87' lang='lat' dir='ltr'><strong>factus</strong></span> <span class='ocrx_word' id='word_1_67' title='bbox 1700 1151 1769 1205; x_wconf 90' lang='lat' dir='ltr'><strong>sit</strong></span> <span class='ocrx_word' id='word_1_68' title='bbox 1797 1150 1976 1216; x_wconf 91' lang='lat' dir='ltr'><strong>homo,</strong></span> <span class='ocrx_word' id='word_1_69' title='bbox 2005 1159 2058 1205; x_wconf 89' lang='lat' dir='ltr'><strong>et</strong></span> 
     </span>
    </p>
   </div>
   <div class='ocr_carea' id='block_1_11' title="bbox 470 1241 2053 1308">
    <p class='ocr_par' dir='ltr' id='par_1_11' title="bbox 470 1241 2053 1308">
     <span class='ocr_line' id='line_1_11' title="bbox 470 1241 2053 1308; baseline -0.003 -8"><span class='ocrx_word' id='word_1_70' title='bbox 470 1248 616 1301; x_wconf 86' lang='lat' dir='ltr'><strong>cruci</strong></span> <span class='ocrx_word' id='word_1_71' title='bbox 649 1246 842 1300; x_wconf 84' lang='lat' dir='ltr'><strong>affixus</strong></span> <span class='ocrx_word' id='word_1_72' title='bbox 875 1244 1069 1308; x_wconf 88' lang='lat' dir='ltr'><strong>fuerit,</strong></span> <span class='ocrx_word' id='word_1_73' title='bbox 1101 1253 1156 1299; x_wconf 87' lang='lat' dir='ltr'><strong>et</strong></span> <span class='ocrx_word' id='word_1_74' title='bbox 1186 1243 1568 1298; x_wconf 85' lang='lat' dir='ltr'><strong>resurrexerit.</strong></span> <span class='ocrx_word' id='word_1_75' title='bbox 1603 1242 1716 1296; x_wconf 91' lang='lat' dir='ltr'><strong>lloc</strong></span> <span class='ocrx_word' id='word_1_76' title='bbox 1745 1251 1800 1297; x_wconf 91' lang='lat' dir='ltr'><strong>ct</strong></span> <span class='ocrx_word' id='word_1_77' title='bbox 1838 1241 2053 1297; x_wconf 88' lang='lat' dir='ltr'><strong>Gabriel</strong></span> 
     </span>
    </p>
   </div>
   <div class='ocr_carea' id='block_1_12' title="bbox 467 1335 2058 1408">
    <p class='ocr_par' dir='ltr' id='par_1_12' title="bbox 467 1335 2058 1408">
     <span class='ocr_line' id='line_1_12' title="bbox 467 1335 2058 1408; baseline -0.003 -16"><span class='ocrx_word' id='word_1_78' title='bbox 467 1337 807 1393; x_wconf 78' lang='lat' dir='ltr'><strong>attnuntiavit</strong></span> <span class='ocrx_word' id='word_1_79' title='bbox 833 1337 1067 1408; x_wconf 75' lang='lat' dir='ltr'><strong>Virgini;</strong></span> <span class='ocrx_word' id='word_1_80' title='bbox 1096 1338 1196 1391; x_wconf 90' lang='lat' dir='ltr'><strong>hoc</strong></span> <span class='ocrx_word' id='word_1_81' title='bbox 1224 1343 1278 1391; x_wconf 88' lang='lat' dir='ltr'><strong>et</strong></span> <span class='ocrx_word' id='word_1_82' title='bbox 1307 1335 1584 1405; x_wconf 76' lang='lat' dir='ltr'><strong>propheta:</strong></span> <span class='ocrx_word' id='word_1_83' title='bbox 1617 1335 1711 1389; x_wconf 92' lang='lat' dir='ltr'><strong>toti</strong></span> <span class='ocrx_word' id='word_1_84' title='bbox 1736 1335 1850 1390; x_wconf 92' lang='lat' dir='ltr'><strong>orbi</strong></span> <span class='ocrx_word' id='word_1_85' title='bbox 1887 1344 2058 1389; x_wconf 81' lang='lat' dir='ltr'><strong>terra-</strong></span> 
     </span>
    </p>
   </div>
   <div class='ocr_carea' id='block_1_13' title="bbox 468 1426 2056 1498">
    <p class='ocr_par' dir='ltr' id='par_1_13' title="bbox 468 1426 2056 1498">
     <span class='ocr_line' id='line_1_13' title="bbox 468 1426 2056 1498; baseline -0.004 -12"><span class='ocrx_word' id='word_1_86' title='bbox 468 1447 585 1486; x_wconf 88' lang='lat' dir='ltr'><strong>rum</strong></span> <span class='ocrx_word' id='word_1_87' title='bbox 613 1447 629 1498; x_wconf 86' lang='lat'><strong>;</strong></span> <span class='ocrx_word' id='word_1_88' title='bbox 663 1430 764 1488; x_wconf 82' lang='lat' dir='ltr'><strong>hoc</strong></span> <span class='ocrx_word' id='word_1_89' title='bbox 794 1431 954 1484; x_wconf 88' lang='lat' dir='ltr'><strong>etiaut</strong></span> <span class='ocrx_word' id='word_1_90' title='bbox 985 1443 1175 1484; x_wconf 88' lang='lat' dir='ltr'><strong>omnes</strong></span> <span class='ocrx_word' id='word_1_91' title='bbox 1215 1427 1465 1498; x_wconf 79' lang='lat' dir='ltr'><strong>apostoli.</strong></span> <span class='ocrx_word' id='word_1_92' title='bbox 1513 1426 1665 1494; x_wconf 83' lang='lat' dir='ltr'><strong>Quod</strong></span> <span class='ocrx_word' id='word_1_93' title='bbox 1692 1436 1740 1480; x_wconf 85' lang='lat' dir='ltr'><strong>et</strong></span> <span class='ocrx_word' id='word_1_94' title='bbox 1785 1427 2056 1494; x_wconf 78' lang='lat' dir='ltr'><strong>pra&#39;dicavi</strong></span> 
     </span>
    </p>
   </div>
   <div class='ocr_carea' id='block_1_14' title="bbox 465 1519 2056 1593">
    <p class='ocr_par' dir='ltr' id='par_1_14' title="bbox 465 1519 2056 1593">
     <span class='ocr_line' id='line_1_14' title="bbox 465 1519 2056 1593; baseline -0.005 -14"><span class='ocrx_word' id='word_1_95' title='bbox 465 1525 621 1588; x_wconf 82' lang='lat' dir='ltr'><strong>vobis,</strong></span> <span class='ocrx_word' id='word_1_96' title='bbox 653 1524 790 1592; x_wconf 85' lang='lat' dir='ltr'><strong>quod</strong></span> <span class='ocrx_word' id='word_1_97' title='bbox 815 1533 862 1577; x_wconf 87' lang='lat' dir='ltr'><strong>et</strong></span> <span class='ocrx_word' id='word_1_98' title='bbox 887 1523 1170 1593; x_wconf 85' lang='lat' dir='ltr'><strong>accepistis,</strong></span> <span class='ocrx_word' id='word_1_99' title='bbox 1201 1521 1253 1575; x_wconf 86' lang='lat' dir='ltr'><strong>in</strong></span> <span class='ocrx_word' id='word_1_100' title='bbox 1299 1535 1397 1590; x_wconf 80' lang='lat' dir='ltr'><strong>quo</strong></span> <span class='ocrx_word' id='word_1_101' title='bbox 1425 1529 1474 1574; x_wconf 89' lang='lat' dir='ltr'><strong>et</strong></span> <span class='ocrx_word' id='word_1_102' title='bbox 1502 1520 1677 1587; x_wconf 89' lang='lat' dir='ltr'><strong>statis,</strong></span> <span class='ocrx_word' id='word_1_103' title='bbox 1705 1519 1760 1574; x_wconf 71' lang='lat'><strong>‘2.</strong></span> <span class='ocrx_word' id='word_1_104' title='bbox 1809 1533 1897 1590; x_wconf 83' lang='lat' dir='ltr'><strong>per</strong></span> <span class='ocrx_word' id='word_1_105' title='bbox 1921 1519 2056 1589; x_wconf 85' lang='lat' dir='ltr'><strong>quod</strong></span> 
     </span>
    </p>
   </div>
   <div class='ocr_carea' id='block_1_15' title="bbox 463 1612 2055 1688">
    <p class='ocr_par' dir='ltr' id='par_1_15' title="bbox 463 1612 2055 1688">
     <span class='ocr_line' id='line_1_15' title="bbox 463 1612 2055 1688; baseline -0.002 -17"><span class='ocrx_word' id='word_1_106' title='bbox 463 1629 511 1671; x_wconf 88' lang='lat' dir='ltr'><strong>et</strong></span> <span class='ocrx_word' id='word_1_107' title='bbox 539 1617 830 1680; x_wconf 79' lang='lat' dir='ltr'><strong>salvantini,</strong></span> <span class='ocrx_word' id='word_1_108' title='bbox 859 1633 959 1688; x_wconf 90' lang='lat' dir='ltr'><strong>qua</strong></span> <span class='ocrx_word' id='word_1_109' title='bbox 985 1615 1185 1669; x_wconf 79' lang='lat' dir='ltr'><strong>ratione</strong></span> <span class='ocrx_word' id='word_1_110' title='bbox 1215 1614 1601 1685; x_wconf 62' lang='lat' dir='ltr'><strong>pradicaverim</strong></span> <span class='ocrx_word' id='word_1_111' title='bbox 1645 1612 1807 1678; x_wconf 80' lang='lat' dir='ltr'><strong>vobis,</strong></span> <span class='ocrx_word' id='word_1_112' title='bbox 1836 1613 1880 1666; x_wconf 86' lang='lat' dir='ltr'><strong>si</strong></span> <span class='ocrx_word' id='word_1_113' title='bbox 1919 1623 2055 1668; x_wconf 80' lang='lat' dir='ltr'><strong>tene-</strong></span> 
     </span>
    </p>
   </div>
   <div class='ocr_carea' id='block_1_16' title="bbox 465 1704 2055 1778">
    <p class='ocr_par' dir='ltr' id='par_1_16' title="bbox 465 1704 2055 1778">
     <span class='ocr_line' id='line_1_16' title="bbox 465 1704 2055 1778; baseline -0.004 -14"><span class='ocrx_word' id='word_1_114' title='bbox 465 1711 548 1774; x_wconf 89' lang='lat' dir='ltr'><strong>tis,</strong></span> <span class='ocrx_word' id='word_1_115' title='bbox 581 1711 678 1764; x_wconf 79' lang='lat' dir='ltr'><strong>nisi</strong></span> <span class='ocrx_word' id='word_1_116' title='bbox 708 1710 900 1778; x_wconf 78' lang='lat' dir='ltr'><strong>frustra</strong></span> <span class='ocrx_word' id='word_1_117' title='bbox 929 1707 1234 1762; x_wconf 85' lang='lat' dir='ltr'><strong>credidistis.</strong></span> <span class='ocrx_word' id='word_1_118' title='bbox 1274 1704 1517 1761; x_wconf 77' lang='lat' dir='ltr'><strong>Vidistiu’</strong></span> <span class='ocrx_word' id='word_1_119' title='bbox 1546 1704 1818 1775; x_wconf 90' lang='lat' dir='ltr'><strong>quomodo</strong></span> <span class='ocrx_word' id='word_1_120' title='bbox 1841 1718 1935 1759; x_wconf 85' lang='lat' dir='ltr'><strong>eos</strong></span> <span class='ocrx_word' id='word_1_121' title='bbox 1961 1718 2055 1758; x_wconf 81' lang='lat' dir='ltr'><strong>vo-</strong></span> 
     </span>
    </p>
   </div>
   <div class='ocr_carea' id='block_1_17' title="bbox 461 1797 2052 1870">
    <p class='ocr_par' dir='ltr' id='par_1_17' title="bbox 461 1797 2052 1870">
     <span class='ocr_line' id='line_1_17' title="bbox 461 1797 2052 1870; baseline -0.002 -14"><span class='ocrx_word' id='word_1_122' title='bbox 461 1812 550 1856; x_wconf 85' lang='lat' dir='ltr'><strong>cat</strong></span> <span class='ocrx_word' id='word_1_123' title='bbox 594 1809 759 1857; x_wconf 87' lang='lat' dir='ltr'><strong>testes</strong></span> <span class='ocrx_word' id='word_1_124' title='bbox 801 1815 988 1855; x_wconf 88' lang='lat' dir='ltr'><strong>eorum</strong></span> <span class='ocrx_word' id='word_1_125' title='bbox 1021 1816 1140 1870; x_wconf 77' lang='lat' dir='ltr'><strong>qua:</strong></span> <span class='ocrx_word' id='word_1_126' title='bbox 1185 1799 1326 1854; x_wconf 87' lang='lat' dir='ltr'><strong>dicta</strong></span> <span class='ocrx_word' id='word_1_127' title='bbox 1358 1798 1522 1854; x_wconf 87' lang='lat' dir='ltr'><strong>sunt?</strong></span> <span class='ocrx_word' id='word_1_128' title='bbox 1566 1797 1681 1852; x_wconf 84' lang='lat' dir='ltr'><strong>Non</strong></span> <span class='ocrx_word' id='word_1_129' title='bbox 1719 1797 1890 1853; x_wconf 89' lang='lat' dir='ltr'><strong>dicit:</strong></span> <span class='ocrx_word' id='word_1_130' title='bbox 1921 1797 2052 1866; x_wconf 69' lang='lat' dir='ltr'><strong>Qua:</strong></span> 
     </span>
    </p>
   </div>
   <div class='ocr_carea' id='block_1_18' title="bbox 462 1891 2050 1964">
    <p class='ocr_par' dir='ltr' id='par_1_18' title="bbox 462 1891 2050 1964">
     <span class='ocr_line' id='line_1_18' title="bbox 462 1891 2050 1964; baseline -0.004 -14"><span class='ocrx_word' id='word_1_131' title='bbox 462 1896 761 1960; x_wconf 80' lang='lat' dir='ltr'><strong>audivistis,</strong></span> <span class='ocrx_word' id='word_1_132' title='bbox 808 1894 926 1957; x_wconf 90' lang='lat' dir='ltr'><strong>sed,</strong></span> <span class='ocrx_word' id='word_1_133' title='bbox 960 1893 1089 1961; x_wconf 69' lang='lat' dir='ltr'><strong>Quae</strong></span> <span class='ocrx_word' id='word_1_134' title='bbox 1121 1891 1404 1964; x_wconf 81' lang='lat' dir='ltr'><strong>accepistis,</strong></span> <span class='ocrx_word' id='word_1_135' title='bbox 1440 1892 1508 1946; x_wconf 91' lang='lat' dir='ltr'><strong>ab</strong></span> <span class='ocrx_word' id='word_1_136' title='bbox 1538 1892 1615 1945; x_wconf 90' lang='lat' dir='ltr'><strong>eis</strong></span> <span class='ocrx_word' id='word_1_137' title='bbox 1653 1891 1872 1961; x_wconf 83' lang='lat' dir='ltr'><strong>exigens</strong></span> <span class='ocrx_word' id='word_1_138' title='bbox 1911 1897 2050 1945; x_wconf 90' lang='lat' dir='ltr'><strong>tam-</strong></span> 
     </span>
    </p>
   </div>
   <div class='ocr_carea' id='block_1_19' title="bbox 461 1981 2050 2059">
    <p class='ocr_par' dir='ltr' id='par_1_19' title="bbox 461 1981 2050 2059">
     <span class='ocr_line' id='line_1_19' title="bbox 461 1981 2050 2059; baseline -0.003 -20"><span class='ocrx_word' id='word_1_139' title='bbox 461 2003 618 2059; x_wconf 84' lang='lat' dir='ltr'><strong>quam</strong></span> <span class='ocrx_word' id='word_1_140' title='bbox 664 1986 881 2056; x_wconf 80' lang='lat' dir='ltr'><strong>aliquod</strong></span> <span class='ocrx_word' id='word_1_141' title='bbox 909 1985 1214 2055; x_wconf 89' lang='lat' dir='ltr'><strong>depositum</strong></span> <span class='ocrx_word' id='word_1_142' title='bbox 1239 2025 1254 2050; x_wconf 90' lang='lat'><strong>,</strong></span> <span class='ocrx_word' id='word_1_143' title='bbox 1288 1993 1344 2039; x_wconf 91' lang='lat' dir='ltr'><strong>et</strong></span> <span class='ocrx_word' id='word_1_144' title='bbox 1389 1983 1696 2054; x_wconf 84' lang='lat' dir='ltr'><strong>significans</strong></span> <span class='ocrx_word' id='word_1_145' title='bbox 1724 2025 1738 2048; x_wconf 92' lang='lat'><strong>,</strong></span> <span class='ocrx_word' id='word_1_146' title='bbox 1769 1981 1910 2052; x_wconf 89' lang='lat' dir='ltr'><strong>quod</strong></span> <span class='ocrx_word' id='word_1_147' title='bbox 1943 1997 2050 2035; x_wconf 91' lang='lat' dir='ltr'><strong>non</strong></span> 
     </span>
    </p>
   </div>
   <div class='ocr_carea' id='block_1_20' title="bbox 459 2074 2049 2146">
    <p class='ocr_par' dir='ltr' id='par_1_20' title="bbox 459 2074 2049 2146">
     <span class='ocr_line' id='line_1_20' title="bbox 459 2074 2049 2146; baseline -0.006 -9"><span class='ocrx_word' id='word_1_148' title='bbox 459 2083 632 2137; x_wconf 81' lang='lat' dir='ltr'><strong>solum</strong></span> <span class='ocrx_word' id='word_1_149' title='bbox 660 2095 932 2145; x_wconf 89' lang='lat' dir='ltr'><strong>sermone,</strong></span> <span class='ocrx_word' id='word_1_150' title='bbox 962 2078 1056 2134; x_wconf 88' lang='lat' dir='ltr'><strong>sed</strong></span> <span class='ocrx_word' id='word_1_151' title='bbox 1081 2090 1134 2133; x_wconf 91' lang='lat' dir='ltr'><strong>et</strong></span> <span class='ocrx_word' id='word_1_152' title='bbox 1166 2077 1320 2132; x_wconf 90' lang='lat' dir='ltr'><strong>factis</strong></span> <span class='ocrx_word' id='word_1_153' title='bbox 1349 2085 1405 2132; x_wconf 90' lang='lat' dir='ltr'><strong>et</strong></span> <span class='ocrx_word' id='word_1_154' title='bbox 1433 2076 1599 2146; x_wconf 78' lang='lat' dir='ltr'><strong>signis</strong></span> <span class='ocrx_word' id='word_1_155' title='bbox 1624 2084 1677 2130; x_wconf 92' lang='lat' dir='ltr'><strong>et</strong></span> <span class='ocrx_word' id='word_1_156' title='bbox 1701 2075 1970 2130; x_wconf 85' lang='lat' dir='ltr'><strong>miraculis</strong></span> <span class='ocrx_word' id='word_1_157' title='bbox 1997 2074 2049 2128; x_wconf 92' lang='lat' dir='ltr'><strong>id</strong></span> 
     </span>
    </p>
   </div>
   <div class='ocr_carea' id='block_1_21' title="bbox 458 2175 1463 2245">
    <p class='ocr_par' dir='ltr' id='par_1_21' title="bbox 458 2175 1463 2245">
     <span class='ocr_line' id='line_1_21' title="bbox 458 2175 1463 2245; baseline -0.006 -15"><span class='ocrx_word' id='word_1_158' title='bbox 458 2175 784 2245; x_wconf 85' lang='lat' dir='ltr'><strong>acceperint,</strong></span> <span class='ocrx_word' id='word_1_159' title='bbox 816 2180 871 2229; x_wconf 90' lang='lat' dir='ltr'><strong>et</strong></span> <span class='ocrx_word' id='word_1_160' title='bbox 895 2183 953 2228; x_wconf 92' lang='lat' dir='ltr'><strong>ut</strong></span> <span class='ocrx_word' id='word_1_161' title='bbox 982 2184 1044 2228; x_wconf 88' lang='lat' dir='ltr'><strong>ea</strong></span> <span class='ocrx_word' id='word_1_162' title='bbox 1075 2180 1192 2227; x_wconf 89' lang='lat' dir='ltr'><strong>tuto</strong></span> <span class='ocrx_word' id='word_1_163' title='bbox 1225 2178 1463 2226; x_wconf 86' lang='lat' dir='ltr'><strong>teneant.</strong></span> 
     </span>
    </p>
   </div>
   <div class='ocr_carea' id='block_1_22' title="bbox 526 2262 2050 2336">
    <p class='ocr_par' dir='ltr' id='par_1_22' title="bbox 526 2262 2050 2336">
     <span class='ocr_line' id='line_1_22' title="bbox 526 2262 2050 2336; baseline -0.006 -13"><span class='ocrx_word' id='word_1_164' title='bbox 526 2267 581 2323; x_wconf 75' lang='lat'><strong>2.</strong></span> <span class='ocrx_word' id='word_1_165' title='bbox 617 2266 819 2324; x_wconf 90' lang='lat' dir='ltr'><strong>Deinde</strong></span> <span class='ocrx_word' id='word_1_166' title='bbox 847 2273 1128 2336; x_wconf 89' lang='lat' dir='ltr'><strong>postquam</strong></span> <span class='ocrx_word' id='word_1_167' title='bbox 1156 2262 1290 2318; x_wconf 83' lang='lat' dir='ltr'><strong>dixit</strong></span> <span class='ocrx_word' id='word_1_168' title='bbox 1337 2270 1521 2317; x_wconf 85' lang='lat' dir='ltr'><strong>vetera</strong></span> <span class='ocrx_word' id='word_1_169' title='bbox 1550 2301 1563 2324; x_wconf 92' lang='lat'><strong>,</strong></span> <span class='ocrx_word' id='word_1_170' title='bbox 1599 2269 1810 2330; x_wconf 82' lang='lat' dir='ltr'><strong>tempus</strong></span> <span class='ocrx_word' id='word_1_171' title='bbox 1839 2271 2050 2330; x_wconf 85' lang='lat' dir='ltr'><strong>quoque</strong></span> 
     </span>
    </p>
   </div>
   <div class='ocr_carea' id='block_1_23' title="bbox 460 2352 2045 2432">
    <p class='ocr_par' dir='ltr' id='par_1_23' title="bbox 460 2352 2045 2432">
     <span class='ocr_line' id='line_1_23' title="bbox 460 2352 2045 2432; baseline -0.009 -14"><span class='ocrx_word' id='word_1_172' title='bbox 460 2375 699 2432; x_wconf 79' lang='lat' dir='ltr'><strong>praesens</strong></span> <span class='ocrx_word' id='word_1_173' title='bbox 724 2358 1017 2415; x_wconf 83' lang='lat' dir='ltr'><strong>declaravit</strong></span> <span class='ocrx_word' id='word_1_174' title='bbox 1042 2356 1229 2412; x_wconf 88' lang='lat' dir='ltr'><strong>dicens</strong></span> <span class='ocrx_word' id='word_1_175' title='bbox 1260 2373 1273 2408; x_wconf 93' lang='lat'>:</span> <span class='ocrx_word' id='word_1_176' title='bbox 1302 2353 1370 2408; x_wconf 88' lang='lat' dir='ltr'><strong>In</strong></span> <span class='ocrx_word' id='word_1_177' title='bbox 1386 2369 1485 2426; x_wconf 89' lang='lat' dir='ltr'><strong>quo</strong></span> <span class='ocrx_word' id='word_1_178' title='bbox 1515 2363 1561 2406; x_wconf 85' lang='lat' dir='ltr'><strong>et</strong></span> <span class='ocrx_word' id='word_1_179' title='bbox 1586 2352 1766 2416; x_wconf 73' lang='lat' dir='ltr'><strong>statis;</strong></span> <span class='ocrx_word' id='word_1_180' title='bbox 1787 2367 1882 2406; x_wconf 90' lang='lat' dir='ltr'><strong>cos</strong></span> <span class='ocrx_word' id='word_1_181' title='bbox 1909 2367 2045 2420; x_wconf 79' lang='lat' dir='ltr'><strong>prac—</strong></span> 
     </span>
    </p>
   </div>
   <div class='ocr_carea' id='block_1_24' title="bbox 460 2445 2045 2524">
    <p class='ocr_par' dir='ltr' id='par_1_24' title="bbox 460 2445 2045 2524">
     <span class='ocr_line' id='line_1_24' title="bbox 460 2445 2045 2524; baseline -0.008 -14"><span class='ocrx_word' id='word_1_182' title='bbox 460 2467 754 2524; x_wconf 90' lang='lat' dir='ltr'><strong>oecupans,</strong></span> <span class='ocrx_word' id='word_1_183' title='bbox 790 2459 848 2505; x_wconf 93' lang='lat' dir='ltr'><strong>ut</strong></span> <span class='ocrx_word' id='word_1_184' title='bbox 876 2465 942 2505; x_wconf 91' lang='lat' dir='ltr'><strong>ne</strong></span> <span class='ocrx_word' id='word_1_185' title='bbox 972 2445 1181 2504; x_wconf 88' lang='lat' dir='ltr'><strong>etiamsi</strong></span> <span class='ocrx_word' id='word_1_186' title='bbox 1212 2449 1442 2502; x_wconf 81' lang='lat' dir='ltr'><strong>maxime</strong></span> <span class='ocrx_word' id='word_1_187' title='bbox 1467 2446 1685 2510; x_wconf 85' lang='lat' dir='ltr'><strong>vellent,</strong></span> <span class='ocrx_word' id='word_1_188' title='bbox 1711 2445 1918 2516; x_wconf 85' lang='lat' dir='ltr'><strong>possint</strong></span> <span class='ocrx_word' id='word_1_189' title='bbox 1947 2459 2045 2498; x_wconf 90' lang='lat' dir='ltr'><strong>ne-</strong></span> 
     </span>
    </p>
   </div>
   <div class='ocr_carea' id='block_1_25' title="bbox 454 2533 2044 2618">
    <p class='ocr_par' dir='ltr' id='par_1_25' title="bbox 454 2533 2044 2618">
     <span class='ocr_line' id='line_1_25' title="bbox 454 2533 2044 2618; baseline -0.008 -18"><span class='ocrx_word' id='word_1_190' title='bbox 454 2561 602 2618; x_wconf 88' lang='lat' dir='ltr'><strong>gare.</strong></span> <span class='ocrx_word' id='word_1_191' title='bbox 638 2542 704 2599; x_wconf 86' lang='lat' dir='ltr'><strong>Et</strong></span> <span class='ocrx_word' id='word_1_192' title='bbox 753 2543 874 2598; x_wconf 90' lang='lat' dir='ltr'><strong>ideo</strong></span> <span class='ocrx_word' id='word_1_193' title='bbox 918 2541 1180 2611; x_wconf 86' lang='lat' dir='ltr'><strong>incipiens</strong></span> <span class='ocrx_word' id='word_1_194' title='bbox 1227 2555 1333 2593; x_wconf 89' lang='lat' dir='ltr'><strong>non</strong></span> <span class='ocrx_word' id='word_1_195' title='bbox 1362 2537 1517 2598; x_wconf 81' lang='lat' dir='ltr'><strong>dixit,</strong></span> <span class='ocrx_word' id='word_1_196' title='bbox 1565 2536 1668 2590; x_wconf 82' lang='lat' dir='ltr'><strong>Vos</strong></span> <span class='ocrx_word' id='word_1_197' title='bbox 1694 2535 1897 2600; x_wconf 86' lang='lat' dir='ltr'><strong>doceo,</strong></span> <span class='ocrx_word' id='word_1_198' title='bbox 1928 2533 2044 2602; x_wconf 82' lang='lat' dir='ltr'><strong>sed,</strong></span> 
     </span>
    </p>
   </div>
   <div class='ocr_carea' id='block_1_26' title="bbox 456 2626 2046 2706">
    <p class='ocr_par' dir='ltr' id='par_1_26' title="bbox 456 2626 2046 2706">
     <span class='ocr_line' id='line_1_26' title="bbox 456 2626 2046 2706; baseline -0.008 -13"><span class='ocrx_word' id='word_1_199' title='bbox 456 2635 653 2693; x_wconf 87' lang='lat' dir='ltr'><strong>Notum</strong></span> <span class='ocrx_word' id='word_1_200' title='bbox 678 2635 815 2690; x_wconf 84' lang='lat' dir='ltr'><strong>vobis</strong></span> <span class='ocrx_word' id='word_1_201' title='bbox 843 2631 976 2706; x_wconf 83' lang='lat' dir='ltr'><strong>[acia</strong></span> <span class='ocrx_word' id='word_1_202' title='bbox 1003 2675 1018 2700; x_wconf 95' lang='lat'><strong>,</strong></span> <span class='ocrx_word' id='word_1_203' title='bbox 1045 2631 1095 2686; x_wconf 91' lang='lat' dir='ltr'><strong>id</strong></span> <span class='ocrx_word' id='word_1_204' title='bbox 1123 2629 1264 2702; x_wconf 88' lang='lat' dir='ltr'><strong>quod</strong></span> <span class='ocrx_word' id='word_1_205' title='bbox 1289 2629 1400 2698; x_wconf 89' lang='lat' dir='ltr'><strong>jam</strong></span> <span class='ocrx_word' id='word_1_206' title='bbox 1433 2627 1628 2683; x_wconf 86' lang='lat' dir='ltr'><strong>factum</strong></span> <span class='ocrx_word' id='word_1_207' title='bbox 1665 2636 1769 2682; x_wconf 90' lang='lat' dir='ltr'><strong>est.</strong></span> <span class='ocrx_word' id='word_1_208' title='bbox 1811 2626 1880 2682; x_wconf 85' lang='lat' dir='ltr'><strong>Et</strong></span> <span class='ocrx_word' id='word_1_209' title='bbox 1910 2641 2046 2696; x_wconf 87' lang='lat' dir='ltr'><strong>quo-</strong></span> 
     </span>
    </p>
   </div>
   <div class='ocr_carea' id='block_1_27' title="bbox 455 2721 2046 2797">
    <p class='ocr_par' dir='ltr' id='par_1_27' title="bbox 455 2721 2046 2797">
     <span class='ocr_line' id='line_1_27' title="bbox 455 2721 2046 2797; baseline -0.006 -13"><span class='ocrx_word' id='word_1_210' title='bbox 455 2729 616 2785; x_wconf 90' lang='lat' dir='ltr'><strong>modo</strong></span> <span class='ocrx_word' id='word_1_211' title='bbox 644 2743 738 2783; x_wconf 90' lang='lat' dir='ltr'><strong>eos</strong></span> <span class='ocrx_word' id='word_1_212' title='bbox 769 2727 858 2797; x_wconf 92' lang='lat' dir='ltr'><strong>qui</strong></span> <span class='ocrx_word' id='word_1_213' title='bbox 885 2725 1214 2781; x_wconf 86' lang='lat' dir='ltr'><strong>vacillabaut</strong></span> <span class='ocrx_word' id='word_1_214' title='bbox 1241 2723 1372 2779; x_wconf 92' lang='lat' dir='ltr'><strong>dicit</strong></span> <span class='ocrx_word' id='word_1_215' title='bbox 1401 2724 1586 2778; x_wconf 87' lang='lat' dir='ltr'><strong>stare?</strong></span> <span class='ocrx_word' id='word_1_216' title='bbox 1620 2721 1832 2777; x_wconf 87' lang='lat' dir='ltr'><strong>Utiliter</strong></span> <span class='ocrx_word' id='word_1_217' title='bbox 1853 2736 1964 2790; x_wconf 70' lang='lat' dir='ltr'><strong>prae</strong></span> <span class='ocrx_word' id='word_1_218' title='bbox 1986 2735 2046 2775; x_wconf 90' lang='lat' dir='ltr'><strong>se</strong></span> 
     </span>
    </p>
   </div>
   <div class='ocr_carea' id='block_1_28' title="bbox 454 2811 2046 2890">
    <p class='ocr_par' dir='ltr' id='par_1_28' title="bbox 454 2811 2046 2890">
     <span class='ocr_line' id='line_1_28' title="bbox 454 2811 2046 2890; baseline -0.006 -15"><span class='ocrx_word' id='word_1_219' title='bbox 454 2819 561 2878; x_wconf 78' lang='lat' dir='ltr'><strong>fert</strong></span> <span class='ocrx_word' id='word_1_220' title='bbox 587 2817 976 2890; x_wconf 76' lang='lat' dir='ltr'><strong>ignorationem</strong></span> <span class='ocrx_word' id='word_1_221' title='bbox 1005 2834 1020 2870; x_wconf 88' lang='lat'><strong>:</strong></span> <span class='ocrx_word' id='word_1_222' title='bbox 1055 2816 1195 2890; x_wconf 91' lang='lat' dir='ltr'><strong>quod</strong></span> <span class='ocrx_word' id='word_1_223' title='bbox 1243 2815 1459 2886; x_wconf 90' lang='lat' dir='ltr'><strong>quidem</strong></span> <span class='ocrx_word' id='word_1_224' title='bbox 1500 2813 1625 2869; x_wconf 81' lang='lat' dir='ltr'><strong>facit</strong></span> <span class='ocrx_word' id='word_1_225' title='bbox 1652 2814 1816 2868; x_wconf 90' lang='lat' dir='ltr'><strong>etiam</strong></span> <span class='ocrx_word' id='word_1_226' title='bbox 1843 2812 1912 2866; x_wconf 87' lang='lat' dir='ltr'><strong>ad</strong></span> <span class='ocrx_word' id='word_1_227' title='bbox 1941 2811 2046 2867; x_wconf 89' lang='lat' dir='ltr'><strong>Ga-</strong></span> 
     </span>
    </p>
   </div>
   <div class='ocr_carea' id='block_1_29' title="bbox 453 2905 2043 2976">
    <p class='ocr_par' dir='ltr' id='par_1_29' title="bbox 453 2905 2043 2976">
     <span class='ocr_line' id='line_1_29' title="bbox 453 2905 2043 2976; baseline -0.006 -9"><span class='ocrx_word' id='word_1_228' title='bbox 453 2912 609 2974; x_wconf 88' lang='lat' dir='ltr'><strong>latas,</strong></span> <span class='ocrx_word' id='word_1_229' title='bbox 639 2909 734 2964; x_wconf 89' lang='lat' dir='ltr'><strong>sed</strong></span> <span class='ocrx_word' id='word_1_230' title='bbox 755 2924 860 2963; x_wconf 88' lang='lat' dir='ltr'><strong>non</strong></span> <span class='ocrx_word' id='word_1_231' title='bbox 883 2908 1150 2964; x_wconf 86' lang='lat' dir='ltr'><strong>similiter.</strong></span> <span class='ocrx_word' id='word_1_232' title='bbox 1181 2907 1313 2962; x_wconf 86' lang='lat' dir='ltr'><strong>Nam</strong></span> <span class='ocrx_word' id='word_1_233' title='bbox 1341 2906 1592 2976; x_wconf 89' lang='lat' dir='ltr'><strong>quoniam</strong></span> <span class='ocrx_word' id='word_1_234' title='bbox 1622 2905 1732 2959; x_wconf 89' lang='lat' dir='ltr'><strong>illic</strong></span> <span class='ocrx_word' id='word_1_235' title='bbox 1760 2921 1864 2959; x_wconf 91' lang='lat' dir='ltr'><strong>non</strong></span> <span class='ocrx_word' id='word_1_236' title='bbox 1890 2915 2043 2974; x_wconf 89' lang='lat' dir='ltr'><strong>pote-</strong></span> 
     </span>
    </p>
   </div>
   <div class='ocr_carea' id='block_1_30' title="bbox 455 2996 2045 3074">
    <p class='ocr_par' dir='ltr' id='par_1_30' title="bbox 455 2996 2045 3074">
     <span class='ocr_line' id='line_1_30' title="bbox 455 2996 2045 3074; baseline -0.006 -16"><span class='ocrx_word' id='word_1_237' title='bbox 455 3013 538 3058; x_wconf 88' lang='lat' dir='ltr'><strong>rat</strong></span> <span class='ocrx_word' id='word_1_238' title='bbox 569 3000 916 3074; x_wconf 81' lang='lat' dir='ltr'><strong>ignorantiam</strong></span> <span class='ocrx_word' id='word_1_239' title='bbox 935 3014 1043 3070; x_wconf 68' lang='lat' dir='ltr'><strong>pra:</strong></span> <span class='ocrx_word' id='word_1_240' title='bbox 1067 3014 1126 3052; x_wconf 90' lang='lat' dir='ltr'><strong>se</strong></span> <span class='ocrx_word' id='word_1_241' title='bbox 1153 2999 1290 3052; x_wconf 89' lang='lat' dir='ltr'><strong>ferre</strong></span> <span class='ocrx_word' id='word_1_242' title='bbox 1307 3040 1322 3064; x_wconf 92' lang='lat'><strong>,</strong></span> <span class='ocrx_word' id='word_1_243' title='bbox 1352 2997 1453 3050; x_wconf 87' lang='lat' dir='ltr'><strong>alia</strong></span> <span class='ocrx_word' id='word_1_244' title='bbox 1478 2996 1685 3050; x_wconf 89' lang='lat' dir='ltr'><strong>ratione</strong></span> <span class='ocrx_word' id='word_1_245' title='bbox 1710 3005 1899 3049; x_wconf 85' lang='lat' dir='ltr'><strong>tractat</strong></span> <span class='ocrx_word' id='word_1_246' title='bbox 1924 3011 2045 3049; x_wconf 86' lang='lat' dir='ltr'><strong>ora-</strong></span> 
     </span>
    </p>
   </div>
   <div class='ocr_carea' id='block_1_31' title="bbox 455 3086 2044 3160">
    <p class='ocr_par' dir='ltr' id='par_1_31' title="bbox 455 3086 2044 3160">
     <span class='ocr_line' id='line_1_31' title="bbox 455 3086 2044 3160; baseline -0.006 -9"><span class='ocrx_word' id='word_1_247' title='bbox 455 3091 675 3160; x_wconf 87' lang='lat' dir='ltr'><strong>lionem,</strong></span> <span class='ocrx_word' id='word_1_248' title='bbox 693 3092 878 3148; x_wconf 88' lang='lat' dir='ltr'><strong>dicens</strong></span> <span class='ocrx_word' id='word_1_249' title='bbox 899 3109 913 3145; x_wconf 91' lang='lat'><strong>:</strong></span> <span class='ocrx_word' id='word_1_250' title='bbox 931 3088 1145 3160; x_wconf 82' lang='lat' dir='ltr'><strong>Conﬁdo</strong></span> <span class='ocrx_word' id='word_1_251' title='bbox 1161 3099 1329 3143; x_wconf 83' lang='lat' dir='ltr'><strong>autem</strong></span> <span class='ocrx_word' id='word_1_252' title='bbox 1349 3089 1402 3142; x_wconf 87' lang='lat' dir='ltr'><strong>in</strong></span> <span class='ocrx_word' id='word_1_253' title='bbox 1423 3089 1559 3142; x_wconf 80' lang='lat' dir='ltr'><strong>vobis</strong></span> <span class='ocrx_word' id='word_1_254' title='bbox 1579 3088 1633 3140; x_wconf 89' lang='lat' dir='ltr'><strong>in</strong></span> <span class='ocrx_word' id='word_1_255' title='bbox 1653 3086 1892 3152; x_wconf 88' lang='lat' dir='ltr'><strong>Domino,</strong></span> <span class='ocrx_word' id='word_1_256' title='bbox 1910 3087 2044 3154; x_wconf 87' lang='lat' dir='ltr'><strong>quod</strong></span> 
     </span>
    </p>
   </div>
   <div class='ocr_carea' id='block_1_32' title="bbox 454 3178 2040 3253">
    <p class='ocr_par' dir='ltr' id='par_1_32' title="bbox 454 3178 2040 3253">
     <span class='ocr_line' id='line_1_32' title="bbox 454 3178 2040 3253; baseline -0.004 -12"><span class='ocrx_word' id='word_1_257' title='bbox 454 3187 583 3241; x_wconf 83' lang='lat' dir='ltr'><strong>nihil</strong></span> <span class='ocrx_word' id='word_1_258' title='bbox 629 3184 772 3238; x_wconf 81' lang='lat' dir='ltr'><strong>aliud</strong></span> <span class='ocrx_word' id='word_1_259' title='bbox 817 3182 1039 3238; x_wconf 84' lang='lat' dir='ltr'><strong>sentietis</strong></span> <span class='ocrx_word' id='word_1_260' title='bbox 1070 3183 1090 3253; x_wconf 93' lang='lat'>(</span> <span class='ocrx_word' id='word_1_261' title='bbox 1119 3179 1236 3235; x_wconf 85' lang='lat' dir='ltr'><strong>Gal.</strong></span> <span class='ocrx_word' id='word_1_262' title='bbox 1265 3179 1318 3236; x_wconf 78' lang='grc' dir='ltr'><strong>ὅ.</strong></span> <span class='ocrx_word' id='word_1_263' title='bbox 1363 3179 1503 3250; x_wconf 73' lang='grc'><strong>10).</strong></span> <span class='ocrx_word' id='word_1_264' title='bbox 1535 3178 1650 3234; x_wconf 86' lang='lat' dir='ltr'><strong>Non</strong></span> <span class='ocrx_word' id='word_1_265' title='bbox 1687 3178 1861 3233; x_wconf 89' lang='lat' dir='ltr'><strong>dixit:</strong></span> <span class='ocrx_word' id='word_1_266' title='bbox 1889 3178 2040 3246; x_wconf 86' lang='lat' dir='ltr'><strong>Quod</strong></span> 
     </span>
    </p>
   </div>
   <div class='ocr_carea' id='block_1_33' title="bbox 453 3271 2039 3345">
    <p class='ocr_par' dir='ltr' id='par_1_33' title="bbox 453 3271 2039 3345">
     <span class='ocr_line' id='line_1_33' title="bbox 453 3271 2039 3345; baseline -0.006 -9"><span class='ocrx_word' id='word_1_267' title='bbox 453 3280 584 3336; x_wconf 82' lang='lat' dir='ltr'><strong>nihil</strong></span> <span class='ocrx_word' id='word_1_268' title='bbox 633 3277 776 3333; x_wconf 90' lang='lat' dir='ltr'><strong>aliud</strong></span> <span class='ocrx_word' id='word_1_269' title='bbox 821 3275 1107 3340; x_wconf 86' lang='lat' dir='ltr'><strong>sensistis;</strong></span> <span class='ocrx_word' id='word_1_270' title='bbox 1154 3274 1407 3345; x_wconf 88' lang='lat' dir='ltr'><strong>quoniam</strong></span> <span class='ocrx_word' id='word_1_271' title='bbox 1457 3286 1646 3328; x_wconf 91' lang='lat' dir='ltr'><strong>eorum</strong></span> <span class='ocrx_word' id='word_1_272' title='bbox 1687 3271 1942 3328; x_wconf 89' lang='lat' dir='ltr'><strong>delictum</strong></span> <span class='ocrx_word' id='word_1_273' title='bbox 1987 3273 2039 3326; x_wconf 91' lang='lat' dir='ltr'><strong>iu</strong></span> 
     </span>
    </p>
   </div>
   <div class='ocr_carea' id='block_1_34' title="bbox 451 3363 2037 3435">
    <p class='ocr_par' dir='ltr' id='par_1_34' title="bbox 451 3363 2037 3435">
     <span class='ocr_line' id='line_1_34' title="bbox 451 3363 2037 3435; baseline -0.008 -5"><span class='ocrx_word' id='word_1_274' title='bbox 451 3371 699 3430; x_wconf 80' lang='lat' dir='ltr'><strong>ctml‘esso</strong></span> <span class='ocrx_word' id='word_1_275' title='bbox 743 3379 860 3426; x_wconf 90' lang='lat' dir='ltr'><strong>erat</strong></span> <span class='ocrx_word' id='word_1_276' title='bbox 903 3377 958 3424; x_wconf 90' lang='lat' dir='ltr'><strong>et</strong></span> <span class='ocrx_word' id='word_1_277' title='bbox 1000 3367 1242 3430; x_wconf 86' lang='lat' dir='ltr'><strong>evidens.</strong></span> <span class='ocrx_word' id='word_1_278' title='bbox 1288 3365 1384 3422; x_wconf 91' lang='lat' dir='ltr'><strong>sed</strong></span> <span class='ocrx_word' id='word_1_279' title='bbox 1428 3364 1658 3435; x_wconf 88' lang='lat' dir='ltr'><strong>spondet</strong></span> <span class='ocrx_word' id='word_1_280' title='bbox 1698 3363 1765 3419; x_wconf 91' lang='lat' dir='ltr'><strong>de</strong></span> <span class='ocrx_word' id='word_1_281' title='bbox 1815 3365 2037 3419; x_wconf 90' lang='lat' dir='ltr'><strong>futuro:</strong></span> 
     </span>
    </p>
   </div>
   <div class='ocr_carea' id='block_1_35' title="bbox 453 3457 2042 3537">
    <p class='ocr_par' dir='ltr' id='par_1_35' title="bbox 453 3457 2042 3537">
     <span class='ocr_line' id='line_1_35' title="bbox 453 3457 2042 3537; baseline -0.005 -17"><span class='ocrx_word' id='word_1_282' title='bbox 453 3479 772 3537; x_wconf 87' lang='lat' dir='ltr'><strong>quamquam</strong></span> <span class='ocrx_word' id='word_1_283' title='bbox 813 3461 918 3518; x_wconf 85' lang='lat' dir='ltr'><strong>hoc</strong></span> <span class='ocrx_word' id='word_1_284' title='bbox 941 3474 1156 3531; x_wconf 88' lang='lat' dir='ltr'><strong>quoque</strong></span> <span class='ocrx_word' id='word_1_285' title='bbox 1199 3466 1315 3514; x_wconf 88' lang='lat' dir='ltr'><strong>erat</strong></span> <span class='ocrx_word' id='word_1_286' title='bbox 1360 3457 1664 3522; x_wconf 88' lang='lat' dir='ltr'><strong>incertum;</strong></span> <span class='ocrx_word' id='word_1_287' title='bbox 1695 3457 1789 3513; x_wconf 91' lang='lat' dir='ltr'><strong>scd</strong></span> <span class='ocrx_word' id='word_1_288' title='bbox 1841 3469 1897 3511; x_wconf 90' lang='lat' dir='ltr'><strong>ut</strong></span> <span class='ocrx_word' id='word_1_289' title='bbox 1925 3457 2042 3512; x_wconf 86' lang='lat' dir='ltr'><strong>illos</strong></span> 
     </span>
    </p>
   </div>
   <div class='ocr_carea' id='block_1_36' title="bbox 449 3549 2042 3632">
    <p class='ocr_par' dir='ltr' id='par_1_36' title="bbox 449 3549 2042 3632">
     <span class='ocr_line' id='line_1_36' title="bbox 449 3549 2042 3632; baseline -0.007 -16"><span class='ocrx_word' id='word_1_290' title='bbox 449 3560 621 3632; x_wconf 79' lang='lat' dir='ltr'><strong>magis</strong></span> <span class='ocrx_word' id='word_1_291' title='bbox 666 3557 979 3614; x_wconf 87' lang='lat' dir='ltr'><strong>attraheret.</strong></span> <span class='ocrx_word' id='word_1_292' title='bbox 1012 3555 1109 3609; x_wconf 80' lang='lat' dir='ltr'><strong>Hic</strong></span> <span class='ocrx_word' id='word_1_293' title='bbox 1152 3563 1329 3608; x_wconf 90' lang='lat' dir='ltr'><strong>autem</strong></span> <span class='ocrx_word' id='word_1_294' title='bbox 1382 3552 1542 3607; x_wconf 88' lang='lat' dir='ltr'><strong>etiam</strong></span> <span class='ocrx_word' id='word_1_295' title='bbox 1576 3565 1688 3621; x_wconf 69' lang='lat' dir='ltr'><strong>prce</strong></span> <span class='ocrx_word' id='word_1_296' title='bbox 1733 3566 1793 3606; x_wconf 91' lang='lat' dir='ltr'><strong>se</strong></span> <span class='ocrx_word' id='word_1_297' title='bbox 1839 3549 1939 3605; x_wconf 88' lang='lat' dir='ltr'><strong>fert</strong></span> <span class='ocrx_word' id='word_1_298' title='bbox 1983 3565 2042 3605; x_wconf 91' lang='lat' dir='ltr'><strong>se</strong></span> 
     </span>
    </p>
   </div>
   <div class='ocr_carea' id='block_1_37' title="bbox 454 3641 2040 3722">
    <p class='ocr_par' dir='ltr' id='par_1_37' title="bbox 454 3641 2040 3722">
     <span class='ocr_line' id='line_1_37' title="bbox 454 3641 2040 3722; baseline -0.008 -15"><span class='ocrx_word' id='word_1_299' title='bbox 454 3653 703 3722; x_wconf 78' lang='lat' dir='ltr'><strong>ignorare</strong></span> <span class='ocrx_word' id='word_1_300' title='bbox 733 3650 918 3704; x_wconf 88' lang='lat' dir='ltr'><strong>dicens</strong></span> <span class='ocrx_word' id='word_1_301' title='bbox 953 3667 967 3702; x_wconf 88' lang='lat'><strong>:</strong></span> <span class='ocrx_word' id='word_1_302' title='bbox 992 3647 1058 3700; x_wconf 83' lang='lat' dir='ltr'><strong>In</strong></span> <span class='ocrx_word' id='word_1_303' title='bbox 1086 3662 1185 3716; x_wconf 89' lang='lat' dir='ltr'><strong>quo</strong></span> <span class='ocrx_word' id='word_1_304' title='bbox 1213 3656 1257 3700; x_wconf 90' lang='lat' dir='ltr'><strong>et</strong></span> <span class='ocrx_word' id='word_1_305' title='bbox 1287 3644 1452 3699; x_wconf 87' lang='lat' dir='ltr'><strong>statis.</strong></span> <span class='ocrx_word' id='word_1_306' title='bbox 1488 3641 1693 3699; x_wconf 89' lang='lat' dir='ltr'><strong>Deinde</strong></span> <span class='ocrx_word' id='word_1_307' title='bbox 1721 3643 1927 3698; x_wconf 90' lang='lat' dir='ltr'><strong>lucrum</strong></span> <span class='ocrx_word' id='word_1_308' title='bbox 1955 3658 2040 3695; x_wconf 85' lang='lat' dir='ltr'><strong>se-</strong></span> 
     </span>
    </p>
   </div>
   <div class='ocr_carea' id='block_1_38' title="bbox 450 3736 2040 3819">
    <p class='ocr_par' dir='ltr' id='par_1_38' title="bbox 450 3736 2040 3819">
     <span class='ocr_line' id='line_1_38' title="bbox 450 3736 2040 3819; baseline -0.006 -19"><span class='ocrx_word' id='word_1_309' title='bbox 450 3748 652 3819; x_wconf 90' lang='lat' dir='ltr'><strong>quitur,</strong></span> <span class='ocrx_word' id='word_1_310' title='bbox 687 3742 788 3798; x_wconf 86' lang='lat' dir='ltr'><strong>Per</strong></span> <span class='ocrx_word' id='word_1_311' title='bbox 817 3743 954 3812; x_wconf 85' lang='lat' dir='ltr'><strong>quod</strong></span> <span class='ocrx_word' id='word_1_312' title='bbox 984 3749 1029 3794; x_wconf 88' lang='lat' dir='ltr'><strong>et</strong></span> <span class='ocrx_word' id='word_1_313' title='bbox 1049 3739 1317 3794; x_wconf 83' lang='lat' dir='ltr'><strong>salvantini</strong></span> <span class='ocrx_word' id='word_1_314' title='bbox 1341 3754 1360 3792; x_wconf 90' lang='lat'><strong><em>:</em></strong></span> <span class='ocrx_word' id='word_1_315' title='bbox 1383 3754 1482 3809; x_wconf 85' lang='lat' dir='ltr'><strong>qua</strong></span> <span class='ocrx_word' id='word_1_316' title='bbox 1503 3737 1699 3792; x_wconf 83' lang='lat' dir='ltr'><strong>ratione</strong></span> <span class='ocrx_word' id='word_1_317' title='bbox 1725 3736 2040 3808; x_wconf 63' lang='lat' dir='ltr'><strong>pradicave-</strong></span> 
     </span>
    </p>
   </div>
   <div class='ocr_carea' id='block_1_39' title="bbox 451 3828 2040 3902">
    <p class='ocr_par' dir='ltr' id='par_1_39' title="bbox 451 3828 2040 3902">
     <span class='ocr_line' id='line_1_39' title="bbox 451 3828 2040 3902; baseline -0.006 -10"><span class='ocrx_word' id='word_1_318' title='bbox 451 3841 550 3892; x_wconf 88' lang='lat' dir='ltr'><strong>rint</strong></span> <span class='ocrx_word' id='word_1_319' title='bbox 576 3837 732 3892; x_wconf 87' lang='lat' dir='ltr'><strong>vobis.</strong></span> <span class='ocrx_word' id='word_1_320' title='bbox 781 3831 1142 3902; x_wconf 85' lang='lat' dir='ltr'><strong>Quamobrem</strong></span> <span class='ocrx_word' id='word_1_321' title='bbox 1176 3831 1293 3885; x_wconf 63' lang='lat' dir='ltr'><strong>hmo</strong></span> <span class='ocrx_word' id='word_1_322' title='bbox 1321 3829 1563 3885; x_wconf 89' lang='lat' dir='ltr'><strong>doctrina</strong></span> <span class='ocrx_word' id='word_1_323' title='bbox 1592 3828 1747 3883; x_wconf 81' lang='lat' dir='ltr'><strong>vobis</strong></span> <span class='ocrx_word' id='word_1_324' title='bbox 1791 3843 1932 3882; x_wconf 90' lang='lat' dir='ltr'><strong>nunc</strong></span> <span class='ocrx_word' id='word_1_325' title='bbox 1957 3836 2040 3882; x_wconf 91' lang='lat' dir='ltr'><strong>est</strong></span> 
     </span>
    </p>
   </div>
   <div class='ocr_carea' id='block_1_40' title="bbox 450 3921 2041 3996">
    <p class='ocr_par' dir='ltr' id='par_1_40' title="bbox 450 3921 2041 3996">
     <span class='ocr_line' id='line_1_40' title="bbox 450 3921 2041 3996; baseline -0.009 -9"><span class='ocrx_word' id='word_1_326' title='bbox 450 3928 831 3987; x_wconf 86' lang='lat' dir='ltr'><strong>declarationis</strong></span> <span class='ocrx_word' id='word_1_327' title='bbox 857 3934 911 3983; x_wconf 90' lang='lat' dir='ltr'><strong>et</strong></span> <span class='ocrx_word' id='word_1_328' title='bbox 940 3923 1422 3996; x_wconf 88' lang='lat' dir='ltr'><strong>interpretationis.</strong></span> <span class='ocrx_word' id='word_1_329' title='bbox 1453 3921 1570 3976; x_wconf 86' lang='lat' dir='ltr'><strong>Non</strong></span> <span class='ocrx_word' id='word_1_330' title='bbox 1599 3921 1744 3977; x_wconf 89' lang='lat' dir='ltr'><strong>enim</strong></span> <span class='ocrx_word' id='word_1_331' title='bbox 1773 3936 1928 3991; x_wconf 90' lang='lat' dir='ltr'><strong>opus,</strong></span> <span class='ocrx_word' id='word_1_332' title='bbox 1959 3921 2041 3974; x_wconf 93' lang='lat' dir='ltr'><strong>in-</strong></span> 
     </span>
    </p>
   </div>
   <div class='ocr_carea' id='block_1_41' title="bbox 449 4013 2038 4096">
    <p class='ocr_par' dir='ltr' id='par_1_41' title="bbox 449 4013 2038 4096">
     <span class='ocr_line' id='line_1_41' title="bbox 449 4013 2038 4096; baseline -0.006 -18"><span class='ocrx_word' id='word_1_333' title='bbox 449 4025 584 4096; x_wconf 89' lang='lat' dir='ltr'><strong>quit,</strong></span> <span class='ocrx_word' id='word_1_334' title='bbox 614 4021 824 4077; x_wconf 84' lang='lat' dir='ltr'><strong>habetis</strong></span> <span class='ocrx_word' id='word_1_335' title='bbox 853 4027 914 4074; x_wconf 90' lang='lat' dir='ltr'><strong>ut</strong></span> <span class='ocrx_word' id='word_1_336' title='bbox 942 4018 1046 4073; x_wconf 90' lang='lat' dir='ltr'><strong>hoc</strong></span> <span class='ocrx_word' id='word_1_337' title='bbox 1073 4017 1266 4087; x_wconf 82' lang='lat' dir='ltr'><strong>dogma</strong></span> <span class='ocrx_word' id='word_1_338' title='bbox 1308 4013 1550 4079; x_wconf 89' lang='lat' dir='ltr'><strong>discatis,</strong></span> <span class='ocrx_word' id='word_1_339' title='bbox 1578 4013 1670 4070; x_wconf 90' lang='lat' dir='ltr'><strong>sed</strong></span> <span class='ocrx_word' id='word_1_340' title='bbox 1700 4022 1758 4068; x_wconf 91' lang='lat' dir='ltr'><strong>nt</strong></span> <span class='ocrx_word' id='word_1_341' title='bbox 1784 4013 2038 4069; x_wconf 81' lang='lat' dir='ltr'><strong>recorde—</strong></span> 
     </span>
    </p>
   </div>
   <div class='ocr_carea' id='block_1_42' title="bbox 451 4105 2039 4182">
    <p class='ocr_par' dir='ltr' id='par_1_42' title="bbox 451 4105 2039 4182">
     <span class='ocr_line' id='line_1_42' title="bbox 451 4105 2039 4182; baseline -0.007 -11"><span class='ocrx_word' id='word_1_342' title='bbox 451 4116 581 4171; x_wconf 91' lang='lat' dir='ltr'><strong>mini</strong></span> <span class='ocrx_word' id='word_1_343' title='bbox 631 4123 686 4169; x_wconf 88' lang='lat' dir='ltr'><strong>et</strong></span> <span class='ocrx_word' id='word_1_344' title='bbox 723 4109 1088 4182; x_wconf 86' lang='lat' dir='ltr'><strong>corrigamini.</strong></span> <span class='ocrx_word' id='word_1_345' title='bbox 1131 4107 1262 4162; x_wconf 81' lang='lat' dir='ltr'><strong>Haec</strong></span> <span class='ocrx_word' id='word_1_346' title='bbox 1296 4115 1474 4161; x_wconf 90' lang='lat' dir='ltr'><strong>autem</strong></span> <span class='ocrx_word' id='word_1_347' title='bbox 1509 4105 1659 4172; x_wconf 91' lang='lat' dir='ltr'><strong>dicit,</strong></span> <span class='ocrx_word' id='word_1_348' title='bbox 1708 4120 1812 4160; x_wconf 88' lang='lat' dir='ltr'><strong>non</strong></span> <span class='ocrx_word' id='word_1_349' title='bbox 1856 4106 2039 4160; x_wconf 83' lang='lat' dir='ltr'><strong>sinens</strong></span> 
     </span>
    </p>
   </div>
   <div class='ocr_carea' id='block_1_43' title="bbox 448 4197 2038 4280">
    <p class='ocr_par' dir='ltr' id='par_1_43' title="bbox 448 4197 2038 4280">
     <span class='ocr_line' id='line_1_43' title="bbox 448 4197 2038 4280; baseline -0.01 -15"><span class='ocrx_word' id='word_1_350' title='bbox 448 4211 596 4280; x_wconf 83' lang='lat' dir='ltr'><strong>ipsos</strong></span> <span class='ocrx_word' id='word_1_351' title='bbox 625 4220 747 4264; x_wconf 88' lang='lat' dir='ltr'><strong>esse</strong></span> <span class='ocrx_word' id='word_1_352' title='bbox 778 4204 1134 4275; x_wconf 89' lang='lat' dir='ltr'><strong>impudentes.</strong></span> <span class='ocrx_word' id='word_1_353' title='bbox 1156 4199 1292 4269; x_wconf 84' lang='lat' dir='ltr'><strong>Quid</strong></span> <span class='ocrx_word' id='word_1_354' title='bbox 1320 4199 1421 4254; x_wconf 87' lang='lat' dir='ltr'><strong>sibi</strong></span> <span class='ocrx_word' id='word_1_355' title='bbox 1443 4198 1555 4253; x_wconf 86' lang='lat' dir='ltr'><strong>vult</strong></span> <span class='ocrx_word' id='word_1_356' title='bbox 1582 4210 1784 4263; x_wconf 90' lang='lat' dir='ltr'><strong>autem,</strong></span> <span class='ocrx_word' id='word_1_357' title='bbox 1819 4197 1933 4266; x_wconf 85' lang='lat' dir='ltr'><strong>Qua</strong></span> <span class='ocrx_word' id='word_1_358' title='bbox 1963 4216 2038 4251; x_wconf 85' lang='lat' dir='ltr'><strong>ra-</strong></span> 
     </span>
    </p>
   </div>
   <div class='ocr_carea' id='block_1_44' title="bbox 447 4289 2038 4370">
    <p class='ocr_par' dir='ltr' id='par_1_44' title="bbox 447 4289 2038 4370">
     <span class='ocr_line' id='line_1_44' title="bbox 447 4289 2038 4370; baseline -0.008 -14"><span class='ocrx_word' id='word_1_359' title='bbox 447 4305 584 4358; x_wconf 85' lang='lat' dir='ltr'><strong>tione</strong></span> <span class='ocrx_word' id='word_1_360' title='bbox 631 4295 1013 4370; x_wconf 77' lang='lat' dir='ltr'><strong>prtedicaverim</strong></span> <span class='ocrx_word' id='word_1_361' title='bbox 1068 4292 1244 4348; x_wconf 82' lang='lat' dir='ltr'><strong>vobis?</strong></span> <span class='ocrx_word' id='word_1_362' title='bbox 1281 4293 1399 4359; x_wconf 85' lang='lat' dir='ltr'><strong>Quo</strong></span> <span class='ocrx_word' id='word_1_363' title='bbox 1446 4290 1629 4354; x_wconf 89' lang='lat' dir='ltr'><strong>modo,</strong></span> <span class='ocrx_word' id='word_1_364' title='bbox 1677 4289 1880 4360; x_wconf 87' lang='lat' dir='ltr'><strong>inquit,</strong></span> <span class='ocrx_word' id='word_1_365' title='bbox 1929 4289 2038 4344; x_wconf 84' lang='lat' dir='ltr'><strong>dixi</strong></span> 
     </span>
    </p>
   </div>
   <div class='ocr_carea' id='block_1_45' title="bbox 448 4381 2036 4454">
    <p class='ocr_par' dir='ltr' id='par_1_45' title="bbox 448 4381 2036 4454">
     <span class='ocr_line' id='line_1_45' title="bbox 448 4381 2036 4454; baseline -0.009 -6"><span class='ocrx_word' id='word_1_366' title='bbox 448 4394 566 4450; x_wconf 82' lang='lat' dir='ltr'><strong>fieri</strong></span> <span class='ocrx_word' id='word_1_367' title='bbox 591 4387 1067 4448; x_wconf 82' lang='lat' dir='ltr'><strong>resurrectionem.</strong></span> <span class='ocrx_word' id='word_1_368' title='bbox 1101 4383 1234 4438; x_wconf 86' lang='lat' dir='ltr'><strong>Nam</strong></span> <span class='ocrx_word' id='word_1_369' title='bbox 1265 4382 1410 4454; x_wconf 91' lang='lat' dir='ltr'><strong>quod</strong></span> <span class='ocrx_word' id='word_1_370' title='bbox 1438 4382 1508 4437; x_wconf 89' lang='lat' dir='ltr'><strong>sit</strong></span> <span class='ocrx_word' id='word_1_371' title='bbox 1533 4381 1747 4452; x_wconf 87' lang='lat' dir='ltr'><strong>quidem</strong></span> <span class='ocrx_word' id='word_1_372' title='bbox 1793 4396 2036 4436; x_wconf 87' lang='lat' dir='ltr'><strong>resurre-</strong></span> 
     </span>
    </p>
   </div>
   <div class='ocr_carea' id='block_1_46' title="bbox 447 4474 2037 4552">
    <p class='ocr_par' dir='ltr' id='par_1_46' title="bbox 447 4474 2037 4552">
     <span class='ocr_line' id='line_1_46' title="bbox 447 4474 2037 4552; baseline -0.011 -8"><span class='ocrx_word' id='word_1_373' title='bbox 447 4490 582 4552; x_wconf 87' lang='lat' dir='ltr'><strong>ctio,</strong></span> <span class='ocrx_word' id='word_1_374' title='bbox 603 4500 711 4540; x_wconf 89' lang='lat' dir='ltr'><strong>non</strong></span> <span class='ocrx_word' id='word_1_375' title='bbox 741 4480 970 4537; x_wconf 80' lang='lat' dir='ltr'><strong>dixerim</strong></span> <span class='ocrx_word' id='word_1_376' title='bbox 1000 4492 1095 4534; x_wconf 90' lang='lat' dir='ltr'><strong>vos</strong></span> <span class='ocrx_word' id='word_1_377' title='bbox 1120 4477 1370 4532; x_wconf 86' lang='lat' dir='ltr'><strong>dubitare</strong></span> <span class='ocrx_word' id='word_1_378' title='bbox 1399 4494 1412 4531; x_wconf 93' lang='lat'><strong>:</strong></span> <span class='ocrx_word' id='word_1_379' title='bbox 1443 4475 1682 4546; x_wconf 64' lang='lat' dir='ltr'><strong>quatritis</strong></span> <span class='ocrx_word' id='word_1_380' title='bbox 1713 4483 1894 4528; x_wconf 90' lang='lat' dir='ltr'><strong>autem</strong></span> <span class='ocrx_word' id='word_1_381' title='bbox 1924 4474 2037 4527; x_wconf 80' lang='lat' dir='ltr'><strong>for-</strong></span> 
     </span>
    </p>
   </div>
   <div class='ocr_carea' id='block_1_47' title="bbox 449 4560 2036 4646">
    <p class='ocr_par' dir='ltr' id='par_1_47' title="bbox 449 4560 2036 4646">
     <span class='ocr_line' id='line_1_47' title="bbox 449 4560 2036 4646; baseline -0.011 -11"><span class='ocrx_word' id='word_1_382' title='bbox 449 4590 593 4635; x_wconf 84' lang='lat' dir='ltr'><strong>tasse</strong></span> <span class='ocrx_word' id='word_1_383' title='bbox 617 4573 856 4646; x_wconf 84' lang='lat' dir='ltr'><strong>apertius</strong></span> <span class='ocrx_word' id='word_1_384' title='bbox 881 4571 1021 4626; x_wconf 89' lang='lat' dir='ltr'><strong>scire</strong></span> <span class='ocrx_word' id='word_1_385' title='bbox 1047 4560 1194 4640; x_wconf 81' lang='lat' dir='ltr'><strong>quod</strong></span> <span class='ocrx_word' id='word_1_386' title='bbox 1233 4568 1434 4622; x_wconf 89' lang='lat' dir='ltr'><strong>dictum</strong></span> <span class='ocrx_word' id='word_1_387' title='bbox 1461 4575 1564 4623; x_wconf 91' lang='lat' dir='ltr'><strong>est.</strong></span> <span class='ocrx_word' id='word_1_388' title='bbox 1610 4565 1724 4622; x_wconf 90' lang='lat' dir='ltr'><strong>lloc</strong></span> <span class='ocrx_word' id='word_1_389' title='bbox 1762 4567 1923 4620; x_wconf 87' lang='lat' dir='ltr'><strong>etiam</strong></span> <span class='ocrx_word' id='word_1_390' title='bbox 1957 4564 2036 4619; x_wconf 60' lang='lat' dir='ltr'><strong>fa.</strong></span> 
     </span>
    </p>
   </div>
   <div class='ocr_carea' id='block_1_48' title="bbox 448 4655 2035 4737">
    <p class='ocr_par' dir='ltr' id='par_1_48' title="bbox 448 4655 2035 4737">
     <span class='ocr_line' id='line_1_48' title="bbox 448 4655 2035 4737; baseline -0.01 -9"><span class='ocrx_word' id='word_1_391' title='bbox 448 4673 587 4728; x_wconf 83' lang='lat' dir='ltr'><strong>ciam</strong></span> <span class='ocrx_word' id='word_1_392' title='bbox 617 4685 634 4725; x_wconf 88' lang='lat'><strong>:</strong></span> <span class='ocrx_word' id='word_1_393' title='bbox 679 4671 867 4737; x_wconf 87' lang='lat' dir='ltr'><strong>aperte</strong></span> <span class='ocrx_word' id='word_1_394' title='bbox 903 4662 1046 4717; x_wconf 91' lang='lat' dir='ltr'><strong>enim</strong></span> <span class='ocrx_word' id='word_1_395' title='bbox 1093 4661 1206 4715; x_wconf 90' lang='lat' dir='ltr'><strong>scio</strong></span> <span class='ocrx_word' id='word_1_396' title='bbox 1234 4674 1332 4714; x_wconf 84' lang='lat' dir='ltr'><strong>vos</strong></span> <span class='ocrx_word' id='word_1_397' title='bbox 1359 4658 1553 4730; x_wconf 87' lang='lat' dir='ltr'><strong>dogma</strong></span> <span class='ocrx_word' id='word_1_398' title='bbox 1593 4667 1799 4714; x_wconf 89' lang='lat' dir='ltr'><strong>tenere.</strong></span> <span class='ocrx_word' id='word_1_399' title='bbox 1834 4655 2035 4712; x_wconf 89' lang='lat' dir='ltr'><strong>Deinde</strong></span> 
     </span>
    </p>
   </div>
   <div class='ocr_carea' id='block_1_49' title="bbox 450 4748 2034 4833">
    <p class='ocr_par' dir='ltr' id='par_1_49' title="bbox 450 4748 2034 4833">
     <span class='ocr_line' id='line_1_49' title="bbox 450 4748 2034 4833; baseline -0.009 -16"><span class='ocrx_word' id='word_1_400' title='bbox 450 4760 704 4833; x_wconf 87' lang='lat' dir='ltr'><strong>quoniam</strong></span> <span class='ocrx_word' id='word_1_401' title='bbox 751 4751 1036 4813; x_wconf 90' lang='lat' dir='ltr'><strong>enuntians</strong></span> <span class='ocrx_word' id='word_1_402' title='bbox 1087 4749 1319 4813; x_wconf 90' lang='lat' dir='ltr'><strong>dicebat,</strong></span> <span class='ocrx_word' id='word_1_403' title='bbox 1372 4748 1437 4802; x_wconf 85' lang='lat' dir='ltr'><strong>In</strong></span> <span class='ocrx_word' id='word_1_404' title='bbox 1475 4764 1575 4819; x_wconf 88' lang='lat' dir='ltr'><strong>quo</strong></span> <span class='ocrx_word' id='word_1_405' title='bbox 1630 4750 1810 4812; x_wconf 82' lang='lat' dir='ltr'><strong>statis;</strong></span> <span class='ocrx_word' id='word_1_406' title='bbox 1855 4763 1922 4802; x_wconf 90' lang='lat' dir='ltr'><strong>ne</strong></span> <span class='ocrx_word' id='word_1_407' title='bbox 1971 4763 2034 4803; x_wconf 89' lang='lat' dir='ltr'><strong>ea</strong></span> 
     </span>
    </p>
   </div>
   <div class='ocr_carea' id='block_1_50' title="bbox 444 4839 2027 4908">
    <p class='ocr_par' dir='ltr' id='par_1_50' title="bbox 444 4839 2027 4908">
     <span class='ocr_line' id='line_1_50' title="bbox 444 4839 2027 4908; baseline -0.008 -3"><span class='ocrx_word' id='word_1_408' title='bbox 444 4853 652 4905; x_wconf 89' lang='lat' dir='ltr'><strong>ratione</strong></span> <span class='ocrx_word' id='word_1_409' title='bbox 693 4863 788 4903; x_wconf 88' lang='lat' dir='ltr'><strong>eos</strong></span> <span class='ocrx_word' id='word_1_410' title='bbox 831 4843 1080 4902; x_wconf 87' lang='lat' dir='ltr'><strong>redderet</strong></span> <span class='ocrx_word' id='word_1_411' title='bbox 1118 4839 1456 4896; x_wconf 89' lang='lat' dir='ltr'><strong>socordiores</strong></span> <span class='ocrx_word' id='word_1_412' title='bbox 1498 4848 1552 4894; x_wconf 85' lang='lat' dir='ltr'><strong>et</strong></span> <span class='ocrx_word' id='word_1_413' title='bbox 1581 4839 2027 4908; x_wconf 83' lang='lat' dir='ltr'><strong>negligentiorcs,</strong></span> 
     </span>
    </p>
   </div>
   <div class='ocr_carea' id='block_1_51' title="bbox 449 4931 2033 5003">
    <p class='ocr_par' dir='ltr' id='par_1_51' title="bbox 449 4931 2033 5003">
     <span class='ocr_line' id='line_1_51' title="bbox 449 4931 2033 5003; baseline -0.006 -7"><span class='ocrx_word' id='word_1_414' title='bbox 449 4943 570 4996; x_wconf 88' lang='lat' dir='ltr'><strong>illos</strong></span> <span class='ocrx_word' id='word_1_415' title='bbox 597 4956 787 4995; x_wconf 87' lang='lat' dir='ltr'><strong>rursus</strong></span> <span class='ocrx_word' id='word_1_416' title='bbox 810 4945 978 4992; x_wconf 84' lang='lat' dir='ltr'><strong>terret</strong></span> <span class='ocrx_word' id='word_1_417' title='bbox 1011 4935 1220 5002; x_wconf 90' lang='lat' dir='ltr'><strong>dicens,</strong></span> <span class='ocrx_word' id='word_1_418' title='bbox 1252 4931 1314 4988; x_wconf 86' lang='lat' dir='ltr'><strong>Si</strong></span> <span class='ocrx_word' id='word_1_419' title='bbox 1343 4931 1539 4997; x_wconf 81' lang='lat' dir='ltr'><strong>tenetis,</strong></span> <span class='ocrx_word' id='word_1_420' title='bbox 1570 4932 1669 4985; x_wconf 88' lang='lat' dir='ltr'><strong>nisi</strong></span> <span class='ocrx_word' id='word_1_421' title='bbox 1710 4934 1899 5003; x_wconf 78' lang='lat' dir='ltr'><strong>[rustra</strong></span> <span class='ocrx_word' id='word_1_422' title='bbox 1925 4948 2033 4986; x_wconf 86' lang='lat' dir='ltr'><strong>cre-</strong></span> 
     </span>
    </p>
   </div>
   <div class='ocr_carea' id='block_1_52' title="bbox 450 5023 2034 5099">
    <p class='ocr_par' dir='ltr' id='par_1_52' title="bbox 450 5023 2034 5099">
     <span class='ocr_line' id='line_1_52' title="bbox 450 5023 2034 5099; baseline -0.006 -11"><span class='ocrx_word' id='word_1_423' title='bbox 450 5033 682 5098; x_wconf 82' lang='lat' dir='ltr'><strong>didistis;</strong></span> <span class='ocrx_word' id='word_1_424' title='bbox 709 5029 1002 5086; x_wconf 88' lang='lat' dir='ltr'><strong>ostendens</strong></span> <span class='ocrx_word' id='word_1_425' title='bbox 1025 5029 1166 5098; x_wconf 90' lang='lat' dir='ltr'><strong>quod</strong></span> <span class='ocrx_word' id='word_1_426' title='bbox 1198 5029 1252 5083; x_wconf 90' lang='lat' dir='ltr'><strong>in</strong></span> <span class='ocrx_word' id='word_1_427' title='bbox 1281 5030 1452 5099; x_wconf 89' lang='lat' dir='ltr'><strong>capite</strong></span> <span class='ocrx_word' id='word_1_428' title='bbox 1479 5026 1597 5082; x_wconf 87' lang='lat' dir='ltr'><strong>fidei</strong></span> <span class='ocrx_word' id='word_1_429' title='bbox 1629 5027 1845 5095; x_wconf 87' lang='lat' dir='ltr'><strong>accepta</strong></span> <span class='ocrx_word' id='word_1_430' title='bbox 1874 5023 2034 5080; x_wconf 85' lang='lat' dir='ltr'><strong>fuerit</strong></span> 
     </span>
    </p>
   </div>
   <div class='ocr_carea' id='block_1_53' title="bbox 453 5115 2032 5197">
    <p class='ocr_par' dir='ltr' id='par_1_53' title="bbox 453 5115 2032 5197">
     <span class='ocr_line' id='line_1_53' title="bbox 453 5115 2032 5197; baseline -0.005 -18"><span class='ocrx_word' id='word_1_431' title='bbox 453 5125 607 5197; x_wconf 86' lang='lat' dir='ltr'><strong>plaga</strong></span> <span class='ocrx_word' id='word_1_432' title='bbox 633 5161 650 5188; x_wconf 96' lang='lat'><strong>,</strong></span> <span class='ocrx_word' id='word_1_433' title='bbox 682 5135 855 5190; x_wconf 87' lang='lat' dir='ltr'><strong>neque</strong></span> <span class='ocrx_word' id='word_1_434' title='bbox 885 5127 1073 5188; x_wconf 90' lang='lat' dir='ltr'><strong>agatur</strong></span> <span class='ocrx_word' id='word_1_435' title='bbox 1113 5117 1180 5172; x_wconf 89' lang='lat' dir='ltr'><strong>de</strong></span> <span class='ocrx_word' id='word_1_436' title='bbox 1213 5119 1538 5187; x_wconf 86' lang='lat' dir='ltr'><strong>quibuslibet</strong></span> <span class='ocrx_word' id='word_1_437' title='bbox 1584 5115 1757 5171; x_wconf 84' lang='lat' dir='ltr'><strong>obviis</strong></span> <span class='ocrx_word' id='word_1_438' title='bbox 1781 5157 1798 5184; x_wconf 90' lang='lat'><strong>,</strong></span> <span class='ocrx_word' id='word_1_439' title='bbox 1845 5116 1938 5170; x_wconf 92' lang='lat' dir='ltr'><strong>sed</strong></span> <span class='ocrx_word' id='word_1_440' title='bbox 1965 5115 2032 5171; x_wconf 89' lang='lat' dir='ltr'><strong>de</strong></span> 
     </span>
    </p>
   </div>
   <div class='ocr_carea' id='block_1_54' title="bbox 445 5204 2034 5283">
    <p class='ocr_par' dir='ltr' id='par_1_54' title="bbox 445 5204 2034 5283">
     <span class='ocr_line' id='line_1_54' title="bbox 445 5204 2034 5283; baseline -0.008 -10"><span class='ocrx_word' id='word_1_441' title='bbox 445 5225 557 5273; x_wconf 86' lang='lat' dir='ltr'><strong>tota</strong></span> <span class='ocrx_word' id='word_1_442' title='bbox 595 5222 756 5283; x_wconf 88' lang='lat' dir='ltr'><strong>atque</strong></span> <span class='ocrx_word' id='word_1_443' title='bbox 807 5210 1008 5277; x_wconf 83' lang='lat' dir='ltr'><strong>integra</strong></span> <span class='ocrx_word' id='word_1_444' title='bbox 1038 5205 1162 5261; x_wconf 87' lang='lat' dir='ltr'><strong>fide.</strong></span> <span class='ocrx_word' id='word_1_445' title='bbox 1215 5205 1282 5259; x_wconf 83' lang='lat' dir='ltr'><strong>Et</strong></span> <span class='ocrx_word' id='word_1_446' title='bbox 1326 5223 1465 5261; x_wconf 89' lang='lat' dir='ltr'><strong>nunc</strong></span> <span class='ocrx_word' id='word_1_447' title='bbox 1506 5207 1722 5278; x_wconf 89' lang='lat' dir='ltr'><strong>quidem</strong></span> <span class='ocrx_word' id='word_1_448' title='bbox 1765 5204 1869 5282; x_wconf 80' lang='lat' dir='ltr'><strong>hoc</strong></span> <span class='ocrx_word' id='word_1_449' title='bbox 1905 5205 2034 5262; x_wconf 89' lang='lat' dir='ltr'><strong>dicit</strong></span> 
     </span>
    </p>
   </div>
   <div class='ocr_carea' id='block_1_55' title="bbox 448 5301 2032 5385">
    <p class='ocr_par' dir='ltr' id='par_1_55' title="bbox 448 5301 2032 5385">
     <span class='ocr_line' id='line_1_55' title="bbox 448 5301 2032 5385; baseline -0.008 -18"><span class='ocrx_word' id='word_1_450' title='bbox 448 5311 724 5385; x_wconf 81' lang='lat' dir='ltr'><strong>pressius;</strong></span> <span class='ocrx_word' id='word_1_451' title='bbox 773 5301 1072 5377; x_wconf 86' lang='lat' dir='ltr'><strong>procedens</strong></span> <span class='ocrx_word' id='word_1_452' title='bbox 1112 5311 1291 5354; x_wconf 88' lang='lat' dir='ltr'><strong>autem</strong></span> <span class='ocrx_word' id='word_1_453' title='bbox 1321 5309 1375 5354; x_wconf 90' lang='lat' dir='ltr'><strong>et</strong></span> <span class='ocrx_word' id='word_1_454' title='bbox 1401 5316 1520 5356; x_wconf 89' lang='lat' dir='ltr'><strong>cum</strong></span> <span class='ocrx_word' id='word_1_455' title='bbox 1551 5302 1769 5356; x_wconf 88' lang='lat' dir='ltr'><strong>incaluit</strong></span> <span class='ocrx_word' id='word_1_456' title='bbox 1797 5343 1813 5368; x_wconf 94' lang='lat'><strong>,</strong></span> <span class='ocrx_word' id='word_1_457' title='bbox 1845 5313 2032 5372; x_wconf 88' lang='lat' dir='ltr'><strong>aperto</strong></span> 
     </span>
    </p>
   </div>
   <div class='ocr_carea' id='block_1_56' title="bbox 448 5390 2029 5476">
    <p class='ocr_par' dir='ltr' id='par_1_56' title="bbox 448 5390 2029 5476">
     <span class='ocr_line' id='line_1_56' title="bbox 448 5390 2029 5476; baseline -0.009 -15"><span class='ocrx_word' id='word_1_458' title='bbox 448 5406 703 5476; x_wconf 84' lang='lat' dir='ltr'><strong>deinceps</strong></span> <span class='ocrx_word' id='word_1_459' title='bbox 729 5398 905 5470; x_wconf 83' lang='lat' dir='ltr'><strong>capite</strong></span> <span class='ocrx_word' id='word_1_460' title='bbox 931 5393 1255 5451; x_wconf 83' lang='lat' dir='ltr'><strong>vociferatur</strong></span> <span class='ocrx_word' id='word_1_461' title='bbox 1281 5402 1336 5449; x_wconf 90' lang='lat' dir='ltr'><strong>et</strong></span> <span class='ocrx_word' id='word_1_462' title='bbox 1364 5390 1492 5447; x_wconf 86' lang='lat' dir='ltr'><strong>dicit</strong></span> <span class='ocrx_word' id='word_1_463' title='bbox 1525 5409 1538 5445; x_wconf 90' lang='lat'><strong>:</strong></span> <span class='ocrx_word' id='word_1_464' title='bbox 1574 5392 1636 5448; x_wconf 88' lang='lat' dir='ltr'><strong>Si</strong></span> <span class='ocrx_word' id='word_1_465' title='bbox 1667 5392 1898 5448; x_wconf 85' lang='lat' dir='ltr'><strong>Christus</strong></span> <span class='ocrx_word' id='word_1_466' title='bbox 1929 5410 2029 5447; x_wconf 87' lang='lat' dir='ltr'><strong>non</strong></span> 
     </span>
    </p>
   </div>
   <div class='ocr_carea' id='block_1_57' title="bbox 448 5487 2031 5560">
    <p class='ocr_par' dir='ltr' id='par_1_57' title="bbox 448 5487 2031 5560">
     <span class='ocr_line' id='line_1_57' title="bbox 448 5487 2031 5560; baseline -0.007 -7"><span class='ocrx_word' id='word_1_467' title='bbox 448 5499 750 5559; x_wconf 70' lang='lat' dir='ltr'><strong>resurrexit,</strong></span> <span class='ocrx_word' id='word_1_468' title='bbox 785 5493 954 5549; x_wconf 88' lang='lat' dir='ltr'><strong>inanis</strong></span> <span class='ocrx_word' id='word_1_469' title='bbox 993 5501 1066 5546; x_wconf 90' lang='lat' dir='ltr'><strong>est</strong></span> <span class='ocrx_word' id='word_1_470' title='bbox 1092 5490 1265 5560; x_wconf 84' lang='lat' dir='ltr'><strong>utique</strong></span> <span class='ocrx_word' id='word_1_471' title='bbox 1303 5487 1599 5560; x_wconf 68' lang='lat' dir='ltr'><strong>pradicatio</strong></span> <span class='ocrx_word' id='word_1_472' title='bbox 1629 5497 1835 5555; x_wconf 86' lang='lat' dir='ltr'><strong>nostra,</strong></span> <span class='ocrx_word' id='word_1_473' title='bbox 1864 5488 2031 5542; x_wconf 85' lang='lat' dir='ltr'><strong>inanis</strong></span> 
     </span>
    </p>
   </div>
   <div class='ocr_carea' id='block_1_58' title="bbox 444 5580 2025 5657">
    <p class='ocr_par' dir='ltr' id='par_1_58' title="bbox 444 5580 2025 5657">
     <span class='ocr_line' id='line_1_58' title="bbox 444 5580 2025 5657; baseline -0.009 -11"><span class='ocrx_word' id='word_1_474' title='bbox 444 5603 518 5646; x_wconf 86' lang='lat' dir='ltr'><strong>est</strong></span> <span class='ocrx_word' id='word_1_475' title='bbox 545 5593 694 5646; x_wconf 88' lang='lat' dir='ltr'><strong>etiam</strong></span> <span class='ocrx_word' id='word_1_476' title='bbox 715 5588 842 5657; x_wconf 82' lang='lat' dir='ltr'><strong>ﬁdes</strong></span> <span class='ocrx_word' id='word_1_477' title='bbox 873 5595 1037 5640; x_wconf 81' lang='lat' dir='ltr'><strong>vestra</strong></span> <span class='ocrx_word' id='word_1_478' title='bbox 1060 5625 1077 5651; x_wconf 93' lang='lat'><strong>,</strong></span> <span class='ocrx_word' id='word_1_479' title='bbox 1108 5582 1284 5639; x_wconf 82' lang='lat' dir='ltr'><strong>adhuc</strong></span> <span class='ocrx_word' id='word_1_480' title='bbox 1305 5581 1436 5637; x_wconf 87' lang='lat' dir='ltr'><strong>estis</strong></span> <span class='ocrx_word' id='word_1_481' title='bbox 1466 5582 1520 5636; x_wconf 90' lang='lat' dir='ltr'><strong>in</strong></span> <span class='ocrx_word' id='word_1_482' title='bbox 1544 5580 1778 5651; x_wconf 87' lang='lat' dir='ltr'><strong>peccatis</strong></span> <span class='ocrx_word' id='word_1_483' title='bbox 1811 5581 2025 5633; x_wconf 76' lang='lat' dir='ltr'><strong>vestris.</strong></span> 
     </span>
    </p>
   </div>
   <div class='ocr_carea' id='block_1_59' title="bbox 445 5670 2022 5748">
    <p class='ocr_par' dir='ltr' id='par_1_59' title="bbox 445 5670 2022 5748">
     <span class='ocr_line' id='line_1_59' title="bbox 445 5670 2022 5748; baseline -0.009 -10"><span class='ocrx_word' id='word_1_484' title='bbox 445 5680 552 5738; x_wconf 86' lang='lat' dir='ltr'><strong>Sed</strong></span> <span class='ocrx_word' id='word_1_485' title='bbox 579 5696 684 5736; x_wconf 92' lang='lat' dir='ltr'><strong>non</strong></span> <span class='ocrx_word' id='word_1_486' title='bbox 714 5681 792 5732; x_wconf 90' lang='lat' dir='ltr'><strong>sic</strong></span> <span class='ocrx_word' id='word_1_487' title='bbox 819 5679 874 5732; x_wconf 91' lang='lat' dir='ltr'><strong>in</strong></span> <span class='ocrx_word' id='word_1_488' title='bbox 918 5676 1193 5748; x_wconf 69' lang='lat' dir='ltr'><strong>prooemiis</strong></span> <span class='ocrx_word' id='word_1_489' title='bbox 1219 5691 1231 5727; x_wconf 93' lang='lat'><strong>:</strong></span> <span class='ocrx_word' id='word_1_490' title='bbox 1263 5674 1338 5729; x_wconf 88' lang='lat' dir='ltr'><strong>sic</strong></span> <span class='ocrx_word' id='word_1_491' title='bbox 1366 5673 1510 5728; x_wconf 86' lang='lat' dir='ltr'><strong>enim</strong></span> <span class='ocrx_word' id='word_1_492' title='bbox 1556 5670 1872 5742; x_wconf 84' lang='lat' dir='ltr'><strong>expediebat</strong></span> <span class='ocrx_word' id='word_1_493' title='bbox 1898 5684 2022 5724; x_wconf 89' lang='lat' dir='ltr'><strong>sen-</strong></span> 
     </span>
    </p>
   </div>
   <div class='ocr_carea' id='block_1_60' title="bbox 442 5759 2022 5841">
    <p class='ocr_par' dir='ltr' id='par_1_60' title="bbox 442 5759 2022 5841">
     <span class='ocr_line' id='line_1_60' title="bbox 442 5759 2022 5841; baseline -0.008 -13"><span class='ocrx_word' id='word_1_494' title='bbox 442 5773 545 5828; x_wconf 85' lang='lat' dir='ltr'><strong>sim</strong></span> <span class='ocrx_word' id='word_1_495' title='bbox 584 5781 640 5827; x_wconf 89' lang='lat' dir='ltr'><strong>et</strong></span> <span class='ocrx_word' id='word_1_496' title='bbox 679 5768 933 5841; x_wconf 83' lang='lat' dir='ltr'><strong>paulatim</strong></span> <span class='ocrx_word' id='word_1_497' title='bbox 968 5765 1231 5836; x_wconf 77' lang='lat' dir='ltr'><strong>progredi.</strong></span> <span class='ocrx_word' id='word_1_498' title='bbox 1279 5766 1331 5819; x_wconf 82' lang='lat'><strong>&#39;5.</strong></span> <span class='ocrx_word' id='word_1_499' title='bbox 1376 5759 1588 5818; x_wconf 83' lang='lat' dir='ltr'><strong>Tradidi</strong></span> <span class='ocrx_word' id='word_1_500' title='bbox 1631 5763 1762 5816; x_wconf 80' lang='lat' dir='ltr'><strong>enim</strong></span> <span class='ocrx_word' id='word_1_501' title='bbox 1807 5762 1940 5815; x_wconf 79' lang='lat' dir='ltr'><strong>vobis</strong></span> <span class='ocrx_word' id='word_1_502' title='bbox 1972 5763 2022 5816; x_wconf 87' lang='lat' dir='ltr'><strong>in</strong></span> 
     </span>
    </p>
   </div>
   <div class='ocr_carea' id='block_1_61' title="bbox 1181 280 3720 382">
    <p class='ocr_par' dir='ltr' id='par_1_61' title="bbox 1181 280 3720 382">
     <span class='ocr_line' id='line_1_61' title="bbox 1181 280 3720 382; baseline 0.005 -25"><span class='ocrx_word' id='word_1_503' title='bbox 1181 299 1235 357; x_wconf 89' lang='lat' dir='ltr'><strong>s.</strong></span> <span class='ocrx_word' id='word_1_504' title='bbox 1271 280 1550 356; x_wconf 75' lang='lat' dir='ltr'><strong>JdANNts</strong></span> <span class='ocrx_word' id='word_1_505' title='bbox 1586 290 2053 353; x_wconf 73' lang='lat' dir='ltr'><strong>Cttnvsosr&#39;out</strong></span> <span class='ocrx_word' id='word_1_506' title='bbox 2094 298 2408 360; x_wconf 77' lang='lat' dir='ltr'><strong>ARCHlEP.</strong></span> <span class='ocrx_word' id='word_1_507' title='bbox 2447 303 2982 369; x_wconf 84' lang='lat' dir='ltr'><strong>CONSTANTINOP.</strong></span> <span class='ocrx_word' id='word_1_508' title='bbox 3657 323 3720 382; x_wconf 66' lang='grc' dir='ltr'>δε</span> 
     </span>
    </p>
   </div>
   <div class='ocr_carea' id='block_1_62' title="bbox 2173 416 3756 502">
    <p class='ocr_par' dir='ltr' id='par_1_62' title="bbox 2173 416 3756 502">
     <span class='ocr_line' id='line_1_62' title="bbox 2173 416 3756 502; baseline 0.014 -31"><span class='ocrx_word' id='word_1_509' title='bbox 2173 416 2351 487; x_wconf 78' lang='lat' dir='ltr'><strong>primis</strong></span> <span class='ocrx_word' id='word_1_510' title='bbox 2376 422 2511 490; x_wconf 87' lang='lat' dir='ltr'><strong>quod</strong></span> <span class='ocrx_word' id='word_1_511' title='bbox 2553 433 2598 476; x_wconf 86' lang='lat' dir='ltr'><strong>et</strong></span> <span class='ocrx_word' id='word_1_512' title='bbox 2626 429 2819 495; x_wconf 79' lang='lat' dir='ltr'><strong>occepi.</strong></span> <span class='ocrx_word' id='word_1_513' title='bbox 2851 428 2962 482; x_wconf 83' lang='lat' dir='ltr'><strong>Nec</strong></span> <span class='ocrx_word' id='word_1_514' title='bbox 2995 429 3079 484; x_wconf 89' lang='lat' dir='ltr'><strong>hic</strong></span> <span class='ocrx_word' id='word_1_515' title='bbox 3101 429 3234 486; x_wconf 80' lang='lat' dir='ltr'><strong>dixit</strong></span> <span class='ocrx_word' id='word_1_516' title='bbox 3265 449 3278 487; x_wconf 91' lang='lat'><strong>:</strong></span> <span class='ocrx_word' id='word_1_517' title='bbox 3306 431 3469 489; x_wconf 80' lang='lat' dir='ltr'><strong>Vobis</strong></span> <span class='ocrx_word' id='word_1_518' title='bbox 3499 434 3628 502; x_wconf 82' lang='lat' dir='ltr'><strong>dixi,</strong></span> <span class='ocrx_word' id='word_1_519' title='bbox 3659 455 3756 494; x_wconf 84' lang='lat' dir='ltr'><strong>ne-</strong></span> 
     </span>
    </p>
   </div>
   <div class='ocr_carea' id='block_1_63' title="bbox 2169 513 3755 584">
    <p class='ocr_par' dir='ltr' id='par_1_63' title="bbox 2169 513 3755 584">
     <span class='ocr_line' id='line_1_63' title="bbox 2169 513 3755 584; baseline 0.011 -18"><span class='ocrx_word' id='word_1_520' title='bbox 2169 525 2292 580; x_wconf 82' lang='lat' dir='ltr'><strong>que,</strong></span> <span class='ocrx_word' id='word_1_521' title='bbox 2342 513 2448 569; x_wconf 81' lang='lat' dir='ltr'><strong>Vos</strong></span> <span class='ocrx_word' id='word_1_522' title='bbox 2494 515 2670 582; x_wconf 90' lang='lat' dir='ltr'><strong>docui,</strong></span> <span class='ocrx_word' id='word_1_523' title='bbox 2723 520 2818 575; x_wconf 92' lang='lat' dir='ltr'><strong>sed</strong></span> <span class='ocrx_word' id='word_1_524' title='bbox 2867 522 3110 578; x_wconf 88' lang='lat' dir='ltr'><strong>eamdem</strong></span> <span class='ocrx_word' id='word_1_525' title='bbox 3155 537 3346 580; x_wconf 77' lang='lat' dir='ltr'><strong>rursus</strong></span> <span class='ocrx_word' id='word_1_526' title='bbox 3394 541 3520 582; x_wconf 83' lang='lat' dir='ltr'><strong>usus</strong></span> <span class='ocrx_word' id='word_1_527' title='bbox 3559 539 3639 583; x_wconf 85' lang='lat' dir='ltr'><strong>est</strong></span> <span class='ocrx_word' id='word_1_528' title='bbox 3668 531 3755 584; x_wconf 82' lang='lat' dir='ltr'><strong>di-</strong></span> 
     </span>
    </p>
   </div>
   <div class='ocr_carea' id='block_1_64' title="bbox 2168 602 3758 689">
    <p class='ocr_par' dir='ltr' id='par_1_64' title="bbox 2168 602 3758 689">
     <span class='ocr_line' id='line_1_64' title="bbox 2168 602 3758 689; baseline 0.015 -35"><span class='ocrx_word' id='word_1_529' title='bbox 2168 602 2348 658; x_wconf 89' lang='lat' dir='ltr'><strong>ctione</strong></span> <span class='ocrx_word' id='word_1_530' title='bbox 2380 619 2395 659; x_wconf 88' lang='lat'>:</span> <span class='ocrx_word' id='word_1_531' title='bbox 2427 604 2642 661; x_wconf 75' lang='lat' dir='ltr'><strong>Tradidi</strong></span> <span class='ocrx_word' id='word_1_532' title='bbox 2671 611 2808 665; x_wconf 80' lang='lat' dir='ltr'><strong>vobis</strong></span> <span class='ocrx_word' id='word_1_533' title='bbox 2827 613 2964 682; x_wconf 79' lang='lat' dir='ltr'><strong>quod</strong></span> <span class='ocrx_word' id='word_1_534' title='bbox 2993 617 3044 667; x_wconf 82' lang='lat' dir='ltr'><strong>et</strong></span> <span class='ocrx_word' id='word_1_535' title='bbox 3069 617 3266 686; x_wconf 81' lang='lat' dir='ltr'><strong>accepi.-</strong></span> <span class='ocrx_word' id='word_1_536' title='bbox 3297 617 3481 689; x_wconf 78' lang='lat' dir='ltr'><strong>Neque</strong></span> <span class='ocrx_word' id='word_1_537' title='bbox 3521 619 3608 674; x_wconf 90' lang='lat' dir='ltr'><strong>hic</strong></span> <span class='ocrx_word' id='word_1_538' title='bbox 3627 621 3758 678; x_wconf 82' lang='lat' dir='ltr'><strong>dicit</strong></span> 
     </span>
    </p>
   </div>
   <div class='ocr_carea' id='block_1_65' title="bbox 2168 693 3750 780">
    <p class='ocr_par' dir='ltr' id='par_1_65' title="bbox 2168 693 3750 780">
     <span class='ocr_line' id='line_1_65' title="bbox 2168 693 3750 780; baseline 0.013 -34"><span class='ocrx_word' id='word_1_539' title='bbox 2168 706 2229 748; x_wconf 85' lang='lat' dir='ltr'><strong>se</strong></span> <span class='ocrx_word' id='word_1_540' title='bbox 2254 693 2500 751; x_wconf 88' lang='lat' dir='ltr'><strong>edoctum</strong></span> <span class='ocrx_word' id='word_1_541' title='bbox 2539 697 2705 756; x_wconf 85' lang='lat' dir='ltr'><strong>fuisse</strong></span> <span class='ocrx_word' id='word_1_542' title='bbox 2728 742 2744 768; x_wconf 89' lang='lat'><strong>,</strong></span> <span class='ocrx_word' id='word_1_543' title='bbox 2777 701 2870 757; x_wconf 87' lang='lat' dir='ltr'><strong>sed</strong></span> <span class='ocrx_word' id='word_1_544' title='bbox 2899 744 2914 768; x_wconf 92' lang='lat'><strong>,</strong></span> <span class='ocrx_word' id='word_1_545' title='bbox 2945 703 3130 774; x_wconf 79' lang='lat' dir='ltr'><strong>Accepi</strong></span> <span class='ocrx_word' id='word_1_546' title='bbox 3147 720 3167 770; x_wconf 81' lang='lat'><strong><em>;</em></strong></span> <span class='ocrx_word' id='word_1_547' title='bbox 3206 706 3320 762; x_wconf 66' lang='lat' dir='ltr'><strong>hate</strong></span> <span class='ocrx_word' id='word_1_548' title='bbox 3344 708 3452 763; x_wconf 91' lang='lat' dir='ltr'><strong>duo</strong></span> <span class='ocrx_word' id='word_1_549' title='bbox 3496 710 3750 780; x_wconf 82' lang='lat' dir='ltr'><strong>probans,</strong></span> 
     </span>
    </p>
   </div>
   <div class='ocr_carea' id='block_1_66' title="bbox 2167 784 3751 874">
    <p class='ocr_par' dir='ltr' id='par_1_66' title="bbox 2167 784 3751 874">
     <span class='ocr_line' id='line_1_66' title="bbox 2167 784 3751 874; baseline 0.014 -37"><span class='ocrx_word' id='word_1_550' title='bbox 2167 784 2310 854; x_wconf 57' lang='lat' dir='ltr'><strong>quini</strong></span> <span class='ocrx_word' id='word_1_551' title='bbox 2358 795 2412 841; x_wconf 91' lang='lat' dir='ltr'><strong>et</strong></span> <span class='ocrx_word' id='word_1_552' title='bbox 2456 788 2590 843; x_wconf 89' lang='lat' dir='ltr'><strong>nihil</strong></span> <span class='ocrx_word' id='word_1_553' title='bbox 2634 806 2700 845; x_wconf 86' lang='lat' dir='ltr'><strong>ex</strong></span> <span class='ocrx_word' id='word_1_554' title='bbox 2744 807 2804 847; x_wconf 87' lang='lat' dir='ltr'><strong>se</strong></span> <span class='ocrx_word' id='word_1_555' title='bbox 2847 793 3041 849; x_wconf 86' lang='lat' dir='ltr'><strong>all&#39;erre</strong></span> <span class='ocrx_word' id='word_1_556' title='bbox 3078 806 3344 866; x_wconf 81' lang='lat' dir='ltr'><strong>oporteat,</strong></span> <span class='ocrx_word' id='word_1_557' title='bbox 3390 809 3444 855; x_wconf 92' lang='lat' dir='ltr'><strong>et</strong></span> <span class='ocrx_word' id='word_1_558' title='bbox 3487 801 3628 872; x_wconf 89' lang='lat' dir='ltr'><strong>quod</strong></span> <span class='ocrx_word' id='word_1_559' title='bbox 3659 819 3751 874; x_wconf 86' lang='lat' dir='ltr'><strong>per</strong></span> 
     </span>
    </p>
   </div>
   <div class='ocr_carea' id='block_1_67' title="bbox 2166 882 3747 960">
    <p class='ocr_par' dir='ltr' id='par_1_67' title="bbox 2166 882 3747 960">
     <span class='ocr_line' id='line_1_67' title="bbox 2166 882 3747 960; baseline 0.012 -30"><span class='ocrx_word' id='word_1_560' title='bbox 2166 885 2388 948; x_wconf 85' lang='lat' dir='ltr'><strong>operum</strong></span> <span class='ocrx_word' id='word_1_561' title='bbox 2436 882 2948 940; x_wconf 88' lang='lat' dir='ltr'><strong>demonstrationem</strong></span> <span class='ocrx_word' id='word_1_562' title='bbox 2991 886 3115 944; x_wconf 89' lang='lat' dir='ltr'><strong>facti</strong></span> <span class='ocrx_word' id='word_1_563' title='bbox 3158 889 3265 945; x_wconf 87' lang='lat' dir='ltr'><strong>sint</strong></span> <span class='ocrx_word' id='word_1_564' title='bbox 3307 892 3607 960; x_wconf 83' lang='lat' dir='ltr'><strong>certiores,</strong></span> <span class='ocrx_word' id='word_1_565' title='bbox 3639 907 3747 950; x_wconf 81' lang='lat' dir='ltr'><strong>non</strong></span> 
     </span>
    </p>
   </div>
   <div class='ocr_carea' id='block_1_68' title="bbox 2165 968 3744 1052">
    <p class='ocr_par' dir='ltr' id='par_1_68' title="bbox 2165 968 3744 1052">
     <span class='ocr_line' id='line_1_68' title="bbox 2165 968 3744 1052; baseline 0.013 -30"><span class='ocrx_word' id='word_1_566' title='bbox 2165 968 2326 1024; x_wconf 86' lang='lat' dir='ltr'><strong>nudis</strong></span> <span class='ocrx_word' id='word_1_567' title='bbox 2379 971 2560 1027; x_wconf 81' lang='lat' dir='ltr'><strong>verbis</strong></span> <span class='ocrx_word' id='word_1_568' title='bbox 2591 992 2604 1027; x_wconf 90' lang='lat'><strong>:</strong></span> <span class='ocrx_word' id='word_1_569' title='bbox 2638 983 2692 1029; x_wconf 90' lang='lat' dir='ltr'><strong>et</strong></span> <span class='ocrx_word' id='word_1_570' title='bbox 2723 977 2975 1046; x_wconf 83' lang='lat' dir='ltr'><strong>paulatim</strong></span> <span class='ocrx_word' id='word_1_571' title='bbox 3006 979 3110 1035; x_wconf 81' lang='lat' dir='ltr'><strong>title</strong></span> <span class='ocrx_word' id='word_1_572' title='bbox 3148 980 3364 1052; x_wconf 87' lang='lat' dir='ltr'><strong>dignam</strong></span> <span class='ocrx_word' id='word_1_573' title='bbox 3409 982 3606 1040; x_wconf 79' lang='lat' dir='ltr'><strong>faciens</strong></span> <span class='ocrx_word' id='word_1_574' title='bbox 3630 1001 3744 1042; x_wconf 82' lang='lat' dir='ltr'><strong>ora-</strong></span> 
     </span>
    </p>
   </div>
   <div class='ocr_carea' id='block_1_69' title="bbox 2165 1060 3745 1132">
    <p class='ocr_par' dir='ltr' id='par_1_69' title="bbox 2165 1060 3745 1132">
     <span class='ocr_line' id='line_1_69' title="bbox 2165 1060 3745 1132; baseline 0.011 -18"><span class='ocrx_word' id='word_1_575' title='bbox 2165 1060 2386 1126; x_wconf 83' lang='lat' dir='ltr'><strong>tionem.</strong></span> <span class='ocrx_word' id='word_1_576' title='bbox 2411 1064 2718 1120; x_wconf 82' lang='lat' dir='ltr'><strong>universum</strong></span> <span class='ocrx_word' id='word_1_577' title='bbox 2750 1068 2957 1124; x_wconf 83' lang='lat' dir='ltr'><strong>reducit</strong></span> <span class='ocrx_word' id='word_1_578' title='bbox 2983 1071 3051 1125; x_wconf 88' lang='lat' dir='ltr'><strong>ad</strong></span> <span class='ocrx_word' id='word_1_579' title='bbox 3081 1070 3351 1127; x_wconf 82' lang='lat' dir='ltr'><strong>Christum</strong></span> <span class='ocrx_word' id='word_1_580' title='bbox 3379 1115 3394 1132; x_wconf 93' lang='lat'><strong>.</strong></span> <span class='ocrx_word' id='word_1_581' title='bbox 3424 1084 3478 1129; x_wconf 86' lang='lat' dir='ltr'><strong>et</strong></span> <span class='ocrx_word' id='word_1_582' title='bbox 3508 1078 3745 1132; x_wconf 87' lang='lat' dir='ltr'><strong>ostendit</strong></span> 
     </span>
    </p>
   </div>
   <div class='ocr_carea' id='block_1_70' title="bbox 2161 1151 3749 1235">
    <p class='ocr_par' dir='ltr' id='par_1_70' title="bbox 2161 1151 3749 1235">
     <span class='ocr_line' id='line_1_70' title="bbox 2161 1151 3749 1235; baseline 0.013 -29"><span class='ocrx_word' id='word_1_583' title='bbox 2161 1164 2226 1207; x_wconf 82' lang='lat' dir='ltr'><strong>ex</strong></span> <span class='ocrx_word' id='word_1_584' title='bbox 2260 1151 2344 1209; x_wconf 89' lang='lat' dir='ltr'><strong>his</strong></span> <span class='ocrx_word' id='word_1_585' title='bbox 2373 1153 2707 1214; x_wconf 84' lang='lat' dir='ltr'><strong>documentis</strong></span> <span class='ocrx_word' id='word_1_586' title='bbox 2750 1160 2950 1216; x_wconf 89' lang='lat' dir='ltr'><strong>nullum</strong></span> <span class='ocrx_word' id='word_1_587' title='bbox 2977 1175 3096 1218; x_wconf 87' lang='lat' dir='ltr'><strong>esse</strong></span> <span class='ocrx_word' id='word_1_588' title='bbox 3126 1165 3443 1220; x_wconf 83' lang='lat' dir='ltr'><strong>humanum.</strong></span> <span class='ocrx_word' id='word_1_589' title='bbox 3497 1167 3633 1235; x_wconf 75' lang='lat' dir='ltr'><strong>Quid</strong></span> <span class='ocrx_word' id='word_1_590' title='bbox 3665 1179 3749 1226; x_wconf 89' lang='lat' dir='ltr'><strong>est</strong></span> 
     </span>
    </p>
   </div>
   <div class='ocr_carea' id='block_1_71' title="bbox 2160 1247 3749 1326">
    <p class='ocr_par' dir='ltr' id='par_1_71' title="bbox 2160 1247 3749 1326">
     <span class='ocr_line' id='line_1_71' title="bbox 2160 1247 3749 1326; baseline 0.011 -26"><span class='ocrx_word' id='word_1_591' title='bbox 2160 1255 2360 1312; x_wconf 84' lang='lat' dir='ltr'><strong>autem,</strong></span> <span class='ocrx_word' id='word_1_592' title='bbox 2391 1247 2606 1304; x_wconf 78' lang='lat' dir='ltr'><strong>Tradidi</strong></span> <span class='ocrx_word' id='word_1_593' title='bbox 2633 1252 2766 1307; x_wconf 80' lang='lat' dir='ltr'><strong>enim</strong></span> <span class='ocrx_word' id='word_1_594' title='bbox 2792 1255 2931 1310; x_wconf 82' lang='lat' dir='ltr'><strong>vobis</strong></span> <span class='ocrx_word' id='word_1_595' title='bbox 2953 1257 3006 1310; x_wconf 87' lang='lat' dir='ltr'><strong>in</strong></span> <span class='ocrx_word' id='word_1_596' title='bbox 3039 1258 3257 1326; x_wconf 81' lang='lat' dir='ltr'><strong>primis?</strong></span> <span class='ocrx_word' id='word_1_597' title='bbox 3279 1258 3389 1314; x_wconf 91' lang='lat' dir='ltr'><strong>lloc</strong></span> <span class='ocrx_word' id='word_1_598' title='bbox 3419 1270 3520 1323; x_wconf 59' lang='grc' dir='ltr'><strong>ρει,</strong></span> <span class='ocrx_word' id='word_1_599' title='bbox 3550 1263 3620 1317; x_wconf 86' lang='lat' dir='ltr'><strong>ab</strong></span> <span class='ocrx_word' id='word_1_600' title='bbox 3649 1264 3749 1316; x_wconf 84' lang='lat' dir='ltr'><strong>ini-</strong></span> 
     </span>
    </p>
   </div>
   <div class='ocr_carea' id='block_1_72' title="bbox 2163 1337 3748 1422">
    <p class='ocr_par' dir='ltr' id='par_1_72' title="bbox 2163 1337 3748 1422">
     <span class='ocr_line' id='line_1_72' title="bbox 2163 1337 3748 1422; baseline 0.013 -32"><span class='ocrx_word' id='word_1_601' title='bbox 2163 1337 2258 1400; x_wconf 88' lang='lat' dir='ltr'><strong>tio,</strong></span> <span class='ocrx_word' id='word_1_602' title='bbox 2302 1351 2410 1394; x_wconf 91' lang='lat' dir='ltr'><strong>non</strong></span> <span class='ocrx_word' id='word_1_603' title='bbox 2441 1353 2605 1396; x_wconf 90' lang='lat' dir='ltr'><strong>nunc.</strong></span> <span class='ocrx_word' id='word_1_604' title='bbox 2653 1343 2780 1399; x_wconf 75' lang='lat' dir='ltr'><strong>llzec</strong></span> <span class='ocrx_word' id='word_1_605' title='bbox 2824 1354 3002 1402; x_wconf 83' lang='lat' dir='ltr'><strong>autem</strong></span> <span class='ocrx_word' id='word_1_606' title='bbox 3029 1348 3159 1403; x_wconf 91' lang='lat' dir='ltr'><strong>dicit</strong></span> <span class='ocrx_word' id='word_1_607' title='bbox 3186 1392 3201 1417; x_wconf 94' lang='lat'><strong>,</strong></span> <span class='ocrx_word' id='word_1_608' title='bbox 3237 1357 3452 1422; x_wconf 82' lang='lat' dir='ltr'><strong>tempus</strong></span> <span class='ocrx_word' id='word_1_609' title='bbox 3478 1353 3748 1411; x_wconf 86' lang='lat' dir='ltr'><strong>adducens</strong></span> 
     </span>
    </p>
   </div>
   <div class='ocr_carea' id='block_1_73' title="bbox 2161 1430 3743 1514">
    <p class='ocr_par' dir='ltr' id='par_1_73' title="bbox 2161 1430 3743 1514">
     <span class='ocr_line' id='line_1_73' title="bbox 2161 1430 3743 1514; baseline 0.01 -30"><span class='ocrx_word' id='word_1_610' title='bbox 2161 1430 2214 1484; x_wconf 87' lang='lat' dir='ltr'><strong>itt</strong></span> <span class='ocrx_word' id='word_1_611' title='bbox 2246 1432 2610 1488; x_wconf 83' lang='lat' dir='ltr'><strong>testimonium</strong></span> <span class='ocrx_word' id='word_1_612' title='bbox 2637 1477 2654 1502; x_wconf 93' lang='lat'><strong>,</strong></span> <span class='ocrx_word' id='word_1_613' title='bbox 2684 1437 2900 1508; x_wconf 88' lang='lat' dir='ltr'><strong>etquod</strong></span> <span class='ocrx_word' id='word_1_614' title='bbox 2932 1440 3162 1495; x_wconf 85' lang='lat' dir='ltr'><strong>maxime</strong></span> <span class='ocrx_word' id='word_1_615' title='bbox 3209 1451 3357 1497; x_wconf 82' lang='lat' dir='ltr'><strong>esset</strong></span> <span class='ocrx_word' id='word_1_616' title='bbox 3403 1445 3706 1512; x_wconf 78' lang='lat' dir='ltr'><strong>pudendum</strong></span> <span class='ocrx_word' id='word_1_617' title='bbox 3727 1490 3743 1514; x_wconf 87' lang='lat'><strong>,</strong></span> 
     </span>
    </p>
   </div>
   <div class='ocr_carea' id='block_1_74' title="bbox 2161 1531 3744 1598">
    <p class='ocr_par' dir='ltr' id='par_1_74' title="bbox 2161 1531 3744 1598">
     <span class='ocr_line' id='line_1_74' title="bbox 2161 1531 3744 1598; baseline 0.011 -22"><span class='ocrx_word' id='word_1_618' title='bbox 2161 1535 2282 1576; x_wconf 84' lang='lat' dir='ltr'><strong>cum</strong></span> <span class='ocrx_word' id='word_1_619' title='bbox 2311 1531 2518 1578; x_wconf 83' lang='lat' dir='ltr'><strong>tantum</strong></span> <span class='ocrx_word' id='word_1_620' title='bbox 2549 1535 2761 1598; x_wconf 88' lang='lat' dir='ltr'><strong>tempus</strong></span> <span class='ocrx_word' id='word_1_621' title='bbox 2808 1531 3197 1598; x_wconf 86' lang='lat' dir='ltr'><strong>credidissent,</strong></span> <span class='ocrx_word' id='word_1_622' title='bbox 3230 1533 3352 1589; x_wconf 86' lang='lat' dir='ltr'><strong>illos</strong></span> <span class='ocrx_word' id='word_1_623' title='bbox 3381 1539 3744 1593; x_wconf 58' lang='lat' dir='ltr'><strong>transmutari.</strong></span> 
     </span>
    </p>
   </div>
   <div class='ocr_carea' id='block_1_75' title="bbox 2157 1615 3838 1698">
    <p class='ocr_par' dir='ltr' id='par_1_75' title="bbox 2157 1615 3838 1698">
     <span class='ocr_line' id='line_1_75' title="bbox 2157 1615 3838 1698; baseline 0.011 -28"><span class='ocrx_word' id='word_1_624' title='bbox 2157 1615 2266 1671; x_wconf 79' lang='lat' dir='ltr'><strong>Nec</strong></span> <span class='ocrx_word' id='word_1_625' title='bbox 2293 1616 2393 1672; x_wconf 88' lang='lat' dir='ltr'><strong>hoc</strong></span> <span class='ocrx_word' id='word_1_626' title='bbox 2422 1619 2617 1686; x_wconf 90' lang='lat' dir='ltr'><strong>sol-um,</strong></span> <span class='ocrx_word' id='word_1_627' title='bbox 2652 1621 2748 1676; x_wconf 85' lang='lat' dir='ltr'><strong>sed</strong></span> <span class='ocrx_word' id='word_1_628' title='bbox 2776 1622 2938 1677; x_wconf 85' lang='lat' dir='ltr'><strong>etiam</strong></span> <span class='ocrx_word' id='word_1_629' title='bbox 2965 1625 3158 1694; x_wconf 79' lang='lat' dir='ltr'><strong>dhgma</strong></span> <span class='ocrx_word' id='word_1_630' title='bbox 3188 1639 3307 1682; x_wconf 81' lang='lat' dir='ltr'><strong>esse</strong></span> <span class='ocrx_word' id='word_1_631' title='bbox 3339 1633 3702 1686; x_wconf 80' lang='lat' dir='ltr'><strong>necessarium</strong></span> <span class='ocrx_word' id='word_1_632' title='bbox 3727 1649 3742 1698; x_wconf 90' lang='lat'><strong>;</strong></span> <span class='ocrx_word' id='word_1_633' title='bbox 3836 1669 3838 1672; x_wconf 59' lang='grc' dir='ltr'><strong><em>τ</em></strong></span> 
     </span>
    </p>
   </div>
   <div class='ocr_carea' id='block_1_76' title="bbox 2155 1706 3740 1791">
    <p class='ocr_par' dir='ltr' id='par_1_76' title="bbox 2155 1706 3740 1791">
     <span class='ocr_line' id='line_1_76' title="bbox 2155 1706 3740 1791; baseline 0.01 -30"><span class='ocrx_word' id='word_1_634' title='bbox 2155 1717 2210 1761; x_wconf 83' lang='lat' dir='ltr'><strong>et</strong></span> <span class='ocrx_word' id='word_1_635' title='bbox 2257 1706 2378 1763; x_wconf 91' lang='lat' dir='ltr'><strong>ideo</strong></span> <span class='ocrx_word' id='word_1_636' title='bbox 2416 1709 2468 1765; x_wconf 91' lang='lat' dir='ltr'><strong>in</strong></span> <span class='ocrx_word' id='word_1_637' title='bbox 2514 1712 2699 1781; x_wconf 79' lang='lat' dir='ltr'><strong>primis</strong></span> <span class='ocrx_word' id='word_1_638' title='bbox 2745 1713 2842 1770; x_wconf 84' lang='lat' dir='ltr'><strong>fuit</strong></span> <span class='ocrx_word' id='word_1_639' title='bbox 2884 1716 3156 1782; x_wconf 86' lang='lat' dir='ltr'><strong>traditum,</strong></span> <span class='ocrx_word' id='word_1_640' title='bbox 3211 1728 3264 1772; x_wconf 84' lang='lat' dir='ltr'><strong>et</strong></span> <span class='ocrx_word' id='word_1_641' title='bbox 3293 1720 3476 1775; x_wconf 75' lang='lat' dir='ltr'><strong>statim</strong></span> <span class='ocrx_word' id='word_1_642' title='bbox 3511 1736 3540 1776; x_wconf 88' lang='lat' dir='ltr'><strong>a</strong></span> <span class='ocrx_word' id='word_1_643' title='bbox 3593 1725 3740 1791; x_wconf 82' lang='lat' dir='ltr'><strong>prin-</strong></span> 
     </span>
    </p>
   </div>
   <div class='ocr_carea' id='block_1_77' title="bbox 2154 1797 3742 1871">
    <p class='ocr_par' dir='ltr' id='par_1_77' title="bbox 2154 1797 3742 1871">
     <span class='ocr_line' id='line_1_77' title="bbox 2154 1797 3742 1871; baseline 0.012 -20"><span class='ocrx_word' id='word_1_644' title='bbox 2154 1797 2314 1867; x_wconf 82' lang='lat' dir='ltr'><strong>c&#39;ipio&#39;.</strong></span> <span class='ocrx_word' id='word_1_645' title='bbox 2346 1798 2411 1854; x_wconf 85' lang='lat' dir='ltr'><strong>Et</strong></span> <span class='ocrx_word' id='word_1_646' title='bbox 2453 1801 2582 1871; x_wconf 82' lang='lat' dir='ltr'><strong>quid</strong></span> <span class='ocrx_word' id='word_1_647' title='bbox 2608 1845 2622 1865; x_wconf 84' lang='lat'><strong>,</strong></span> <span class='ocrx_word' id='word_1_648' title='bbox 2654 1799 2741 1859; x_wconf 84' lang='lat' dir='ltr'><strong>dic</strong></span> <span class='ocrx_word' id='word_1_649' title='bbox 2768 1805 2992 1861; x_wconf 81' lang='lat' dir='ltr'><strong>obsecro</strong></span> <span class='ocrx_word' id='word_1_650' title='bbox 3013 1852 3028 1870; x_wconf 91' lang='lat'><strong>,</strong></span> <span class='ocrx_word' id='word_1_651' title='bbox 3060 1807 3370 1864; x_wconf 75' lang='lat' dir='ltr'><strong>tradidisti?</strong></span> <span class='ocrx_word' id='word_1_652' title='bbox 3399 1814 3468 1864; x_wconf 77' lang='lat' dir='ltr'><strong>At</strong></span> <span class='ocrx_word' id='word_1_653' title='bbox 3502 1829 3606 1866; x_wconf 78' lang='lat' dir='ltr'><strong>non</strong></span> <span class='ocrx_word' id='word_1_654' title='bbox 3641 1815 3742 1870; x_wconf 84' lang='lat' dir='ltr'><strong>hoc</strong></span> 
     </span>
    </p>
   </div>
   <div class='ocr_carea' id='block_1_78' title="bbox 2154 1890 3743 1974">
    <p class='ocr_par' dir='ltr' id='par_1_78' title="bbox 2154 1890 3743 1974">
     <span class='ocr_line' id='line_1_78' title="bbox 2154 1890 3743 1974; baseline 0.012 -32"><span class='ocrx_word' id='word_1_655' title='bbox 2154 1890 2331 1944; x_wconf 84' lang='lat' dir='ltr'><strong>statim</strong></span> <span class='ocrx_word' id='word_1_656' title='bbox 2358 1892 2508 1960; x_wconf 89' lang='lat' dir='ltr'><strong>dicit,</strong></span> <span class='ocrx_word' id='word_1_657' title='bbox 2531 1895 2628 1949; x_wconf 88' lang='lat' dir='ltr'><strong>sed</strong></span> <span class='ocrx_word' id='word_1_658' title='bbox 2652 1896 2904 1965; x_wconf 86' lang='lat' dir='ltr'><strong>primum,</strong></span> <span class='ocrx_word' id='word_1_659' title='bbox 2929 1913 2988 1954; x_wconf 88' lang='lat' dir='ltr'><strong>se</strong></span> <span class='ocrx_word' id='word_1_660' title='bbox 3015 1902 3307 1970; x_wconf 84' lang='lat' dir='ltr'><strong>accepisse.</strong></span> <span class='ocrx_word' id='word_1_661' title='bbox 3336 1901 3403 1956; x_wconf 86' lang='lat' dir='ltr'><strong>Et</strong></span> <span class='ocrx_word' id='word_1_662' title='bbox 3433 1905 3557 1974; x_wconf 85' lang='lat' dir='ltr'><strong>quid</strong></span> <span class='ocrx_word' id='word_1_663' title='bbox 3583 1919 3743 1961; x_wconf 83' lang='lat' dir='ltr'><strong>acce-</strong></span> 
     </span>
    </p>
   </div>
   <div class='ocr_carea' id='block_1_79' title="bbox 2153 1983 3737 2064">
    <p class='ocr_par' dir='ltr' id='par_1_79' title="bbox 2153 1983 3737 2064">
     <span class='ocr_line' id='line_1_79' title="bbox 2153 1983 3737 2064; baseline 0.011 -30"><span class='ocrx_word' id='word_1_664' title='bbox 2153 1983 2318 2051; x_wconf 87' lang='lat' dir='ltr'><strong>pisti?</strong></span> <span class='ocrx_word' id='word_1_665' title='bbox 2346 1983 2494 2050; x_wconf 80' lang='lat' dir='ltr'><strong>Quod</strong></span> <span class='ocrx_word' id='word_1_666' title='bbox 2522 1984 2752 2043; x_wconf 79' lang='lat' dir='ltr'><strong>Christus</strong></span> <span class='ocrx_word' id='word_1_667' title='bbox 2786 1999 3016 2045; x_wconf 84' lang='lat' dir='ltr'><strong>mortuus</strong></span> <span class='ocrx_word' id='word_1_668' title='bbox 3044 2000 3116 2045; x_wconf 83' lang='lat' dir='ltr'><strong>est</strong></span> <span class='ocrx_word' id='word_1_669' title='bbox 3141 2003 3236 2063; x_wconf 81' lang='lat' dir='ltr'><strong>pro</strong></span> <span class='ocrx_word' id='word_1_670' title='bbox 3273 1997 3490 2064; x_wconf 80' lang='lat' dir='ltr'><strong>peccatis</strong></span> <span class='ocrx_word' id='word_1_671' title='bbox 3531 1999 3737 2052; x_wconf 82' lang='lat' dir='ltr'><strong>nostris.</strong></span> 
     </span>
    </p>
   </div>
   <div class='ocr_carea' id='block_1_80' title="bbox 2152 2072 3742 2155">
    <p class='ocr_par' dir='ltr' id='par_1_80' title="bbox 2152 2072 3742 2155">
     <span class='ocr_line' id='line_1_80' title="bbox 2152 2072 3742 2155; baseline 0.012 -29"><span class='ocrx_word' id='word_1_672' title='bbox 2152 2072 2268 2128; x_wconf 84' lang='lat' dir='ltr'><strong>Non</strong></span> <span class='ocrx_word' id='word_1_673' title='bbox 2295 2076 2476 2130; x_wconf 90' lang='lat' dir='ltr'><strong>statim</strong></span> <span class='ocrx_word' id='word_1_674' title='bbox 2519 2077 2654 2134; x_wconf 84' lang='lat' dir='ltr'><strong>dixit</strong></span> <span class='ocrx_word' id='word_1_675' title='bbox 2678 2120 2693 2145; x_wconf 95' lang='lat'><strong>,</strong></span> <span class='ocrx_word' id='word_1_676' title='bbox 2730 2080 3070 2137; x_wconf 81' lang='lat' dir='ltr'><strong>Resurreetio</strong></span> <span class='ocrx_word' id='word_1_677' title='bbox 3099 2093 3184 2139; x_wconf 84' lang='lat' dir='ltr'><strong>est</strong></span> <span class='ocrx_word' id='word_1_678' title='bbox 3210 2093 3495 2155; x_wconf 78' lang='lat' dir='ltr'><strong>corporum</strong></span> <span class='ocrx_word' id='word_1_679' title='bbox 3525 2101 3742 2144; x_wconf 82' lang='lat' dir='ltr'><strong>nostro—</strong></span> 
     </span>
    </p>
   </div>
   <div class='ocr_carea' id='block_1_81' title="bbox 2153 2169 3742 2252">
    <p class='ocr_par' dir='ltr' id='par_1_81' title="bbox 2153 2169 3742 2252">
     <span class='ocr_line' id='line_1_81' title="bbox 2153 2169 3742 2252; baseline 0.011 -32"><span class='ocrx_word' id='word_1_680' title='bbox 2153 2183 2296 2235; x_wconf 90' lang='lat' dir='ltr'><strong>rum,</strong></span> <span class='ocrx_word' id='word_1_681' title='bbox 2323 2169 2418 2224; x_wconf 87' lang='lat' dir='ltr'><strong>sed</strong></span> <span class='ocrx_word' id='word_1_682' title='bbox 2450 2171 2551 2226; x_wconf 84' lang='lat' dir='ltr'><strong>hoc</strong></span> <span class='ocrx_word' id='word_1_683' title='bbox 2577 2173 2750 2242; x_wconf 89' lang='lat' dir='ltr'><strong>ipsum</strong></span> <span class='ocrx_word' id='word_1_684' title='bbox 2801 2175 3016 2244; x_wconf 85' lang='lat' dir='ltr'><strong>quidem</strong></span> <span class='ocrx_word' id='word_1_685' title='bbox 3047 2177 3257 2246; x_wconf 87' lang='lat' dir='ltr'><strong>probat,</strong></span> <span class='ocrx_word' id='word_1_686' title='bbox 3287 2194 3471 2233; x_wconf 84' lang='lat' dir='ltr'><strong>verum</strong></span> <span class='ocrx_word' id='word_1_687' title='bbox 3497 2196 3556 2235; x_wconf 88' lang='lat' dir='ltr'><strong>re</strong></span> <span class='ocrx_word' id='word_1_688' title='bbox 3585 2182 3742 2252; x_wconf 83' lang='lat' dir='ltr'><strong>longe</strong></span> 
     </span>
    </p>
   </div>
   <div class='ocr_carea' id='block_1_82' title="bbox 2156 2258 3740 2336">
    <p class='ocr_par' dir='ltr' id='par_1_82' title="bbox 2156 2258 3740 2336">
     <span class='ocr_line' id='line_1_82' title="bbox 2156 2258 3740 2336; baseline 0.012 -28"><span class='ocrx_word' id='word_1_689' title='bbox 2156 2258 2341 2326; x_wconf 79' lang='lat' dir='ltr'><strong>petita,</strong></span> <span class='ocrx_word' id='word_1_690' title='bbox 2376 2268 2430 2314; x_wconf 88' lang='lat' dir='ltr'><strong>et</strong></span> <span class='ocrx_word' id='word_1_691' title='bbox 2454 2274 2553 2329; x_wconf 89' lang='lat' dir='ltr'><strong>per</strong></span> <span class='ocrx_word' id='word_1_692' title='bbox 2577 2262 2703 2328; x_wconf 90' lang='lat' dir='ltr'><strong>alia,</strong></span> <span class='ocrx_word' id='word_1_693' title='bbox 2741 2262 2948 2330; x_wconf 89' lang='lat' dir='ltr'><strong>dicens,</strong></span> <span class='ocrx_word' id='word_1_694' title='bbox 2983 2266 3213 2322; x_wconf 83' lang='lat' dir='ltr'><strong>Christus</strong></span> <span class='ocrx_word' id='word_1_695' title='bbox 3237 2279 3309 2323; x_wconf 88' lang='lat' dir='ltr'><strong>est</strong></span> <span class='ocrx_word' id='word_1_696' title='bbox 3344 2282 3569 2325; x_wconf 85' lang='lat' dir='ltr'><strong>mortuus</strong></span> <span class='ocrx_word' id='word_1_697' title='bbox 3590 2289 3608 2336; x_wconf 90' lang='lat'><em>;</em></span> <span class='ocrx_word' id='word_1_698' title='bbox 3629 2289 3740 2326; x_wconf 85' lang='lat' dir='ltr'><strong>uta--</strong></span> 
     </span>
    </p>
   </div>
   <div class='ocr_carea' id='block_1_83' title="bbox 2150 2353 3739 2436">
    <p class='ocr_par' dir='ltr' id='par_1_83' title="bbox 2150 2353 3739 2436">
     <span class='ocr_line' id='line_1_83' title="bbox 2150 2353 3739 2436; baseline 0.013 -33"><span class='ocrx_word' id='word_1_699' title='bbox 2150 2365 2335 2420; x_wconf 85' lang='lat' dir='ltr'><strong>gnum,</strong></span> <span class='ocrx_word' id='word_1_700' title='bbox 2365 2353 2576 2408; x_wconf 81' lang='lat' dir='ltr'><strong>firmum</strong></span> <span class='ocrx_word' id='word_1_701' title='bbox 2606 2370 2670 2408; x_wconf 89' lang='lat' dir='ltr'><strong>ac</strong></span> <span class='ocrx_word' id='word_1_702' title='bbox 2699 2357 2889 2413; x_wconf 88' lang='lat' dir='ltr'><strong>stabile</strong></span> <span class='ocrx_word' id='word_1_703' title='bbox 2918 2358 3320 2417; x_wconf 80' lang='lat' dir='ltr'><strong>fundamentum</strong></span> <span class='ocrx_word' id='word_1_704' title='bbox 3351 2366 3498 2434; x_wconf 86' lang='lat' dir='ltr'><strong>prius</strong></span> <span class='ocrx_word' id='word_1_705' title='bbox 3534 2368 3739 2436; x_wconf 85' lang='lat' dir='ltr'><strong>jaciens</strong></span> 
     </span>
    </p>
   </div>
   <div class='ocr_carea' id='block_1_84' title="bbox 2149 2442 3728 2528">
    <p class='ocr_par' dir='ltr' id='par_1_84' title="bbox 2149 2442 3728 2528">
     <span class='ocr_line' id='line_1_84' title="bbox 2149 2442 3728 2528; baseline 0.011 -32"><span class='ocrx_word' id='word_1_706' title='bbox 2149 2442 2267 2512; x_wconf 86' lang='lat' dir='ltr'><strong>ejus</strong></span> <span class='ocrx_word' id='word_1_707' title='bbox 2309 2443 2450 2515; x_wconf 87' lang='lat' dir='ltr'><strong>quod</strong></span> <span class='ocrx_word' id='word_1_708' title='bbox 2498 2454 2581 2501; x_wconf 88' lang='lat' dir='ltr'><strong>est</strong></span> <span class='ocrx_word' id='word_1_709' title='bbox 2623 2447 2906 2503; x_wconf 90' lang='lat' dir='ltr'><strong>dicendum</strong></span> <span class='ocrx_word' id='word_1_710' title='bbox 2953 2451 3020 2507; x_wconf 91' lang='lat' dir='ltr'><strong>de</strong></span> <span class='ocrx_word' id='word_1_711' title='bbox 3068 2455 3481 2511; x_wconf 81' lang='lat' dir='ltr'><strong>resurrectiOne.</strong></span> <span class='ocrx_word' id='word_1_712' title='bbox 3541 2455 3728 2528; x_wconf 82' lang='lat' dir='ltr'><strong>Neque</strong></span> 
     </span>
    </p>
   </div>
   <div class='ocr_carea' id='block_1_85' title="bbox 2149 2537 3734 2612">
    <p class='ocr_par' dir='ltr' id='par_1_85' title="bbox 2149 2537 3734 2612">
     <span class='ocr_line' id='line_1_85' title="bbox 2149 2537 3734 2612; baseline 0.008 -21"><span class='ocrx_word' id='word_1_713' title='bbox 2149 2537 2291 2591; x_wconf 89' lang='lat' dir='ltr'><strong>enim</strong></span> <span class='ocrx_word' id='word_1_714' title='bbox 2320 2538 2658 2593; x_wconf 89' lang='lat' dir='ltr'><strong>solummodo</strong></span> <span class='ocrx_word' id='word_1_715' title='bbox 2680 2539 2816 2596; x_wconf 83' lang='lat' dir='ltr'><strong>dixit</strong></span> <span class='ocrx_word' id='word_1_716' title='bbox 2840 2560 2853 2596; x_wconf 91' lang='lat'><strong>:</strong></span> <span class='ocrx_word' id='word_1_717' title='bbox 2875 2540 3120 2598; x_wconf 83' lang='lat' dir='ltr'><strong>Christus</strong></span> <span class='ocrx_word' id='word_1_718' title='bbox 3151 2555 3232 2600; x_wconf 89' lang='lat' dir='ltr'><strong>est</strong></span> <span class='ocrx_word' id='word_1_719' title='bbox 3253 2556 3516 2612; x_wconf 90' lang='lat' dir='ltr'><strong>mortuus,</strong></span> <span class='ocrx_word' id='word_1_720' title='bbox 3543 2550 3734 2603; x_wconf 84' lang='lat' dir='ltr'><strong>etiam-</strong></span> 
     </span>
    </p>
   </div>
   <div class='ocr_carea' id='block_1_86' title="bbox 2149 2629 3730 2708">
    <p class='ocr_par' dir='ltr' id='par_1_86' title="bbox 2149 2629 3730 2708">
     <span class='ocr_line' id='line_1_86' title="bbox 2149 2629 3730 2708; baseline 0.009 -26"><span class='ocrx_word' id='word_1_721' title='bbox 2149 2629 2192 2682; x_wconf 92' lang='lat' dir='ltr'><strong>si</strong></span> <span class='ocrx_word' id='word_1_722' title='bbox 2223 2629 2326 2684; x_wconf 91' lang='lat' dir='ltr'><strong>hoe</strong></span> <span class='ocrx_word' id='word_1_723' title='bbox 2353 2631 2482 2684; x_wconf 89' lang='lat' dir='ltr'><strong>satis</strong></span> <span class='ocrx_word' id='word_1_724' title='bbox 2512 2641 2656 2687; x_wconf 88' lang='lat' dir='ltr'><strong>esset</strong></span> <span class='ocrx_word' id='word_1_725' title='bbox 2681 2633 2747 2688; x_wconf 90' lang='lat' dir='ltr'><strong>ad</strong></span> <span class='ocrx_word' id='word_1_726' title='bbox 2794 2635 3199 2705; x_wconf 83' lang='lat' dir='ltr'><strong>significandam</strong></span> <span class='ocrx_word' id='word_1_727' title='bbox 3244 2641 3695 2696; x_wconf 86' lang='lat' dir='ltr'><strong>resurrectionem</strong></span> <span class='ocrx_word' id='word_1_728' title='bbox 3714 2683 3730 2708; x_wconf 93' lang='lat'><strong>,</strong></span> 
     </span>
    </p>
   </div>
   <div class='ocr_carea' id='block_1_87' title="bbox 2148 2722 3730 2804">
    <p class='ocr_par' dir='ltr' id='par_1_87' title="bbox 2148 2722 3730 2804">
     <span class='ocr_line' id='line_1_87' title="bbox 2148 2722 3730 2804; baseline 0.008 -29"><span class='ocrx_word' id='word_1_729' title='bbox 2148 2722 2243 2775; x_wconf 87' lang='lat' dir='ltr'><strong>sed</strong></span> <span class='ocrx_word' id='word_1_730' title='bbox 2270 2737 2392 2777; x_wconf 90' lang='lat' dir='ltr'><strong>cum</strong></span> <span class='ocrx_word' id='word_1_731' title='bbox 2421 2723 2725 2792; x_wconf 72' lang='lat' dir='ltr'><strong>adiectione</strong></span> <span class='ocrx_word' id='word_1_732' title='bbox 2750 2767 2764 2792; x_wconf 96' lang='lat'><strong>,</strong></span> <span class='ocrx_word' id='word_1_733' title='bbox 2794 2727 3027 2783; x_wconf 83' lang='lat' dir='ltr'><strong>Christus</strong></span> <span class='ocrx_word' id='word_1_734' title='bbox 3043 2741 3116 2784; x_wconf 87' lang='lat' dir='ltr'><strong>est</strong></span> <span class='ocrx_word' id='word_1_735' title='bbox 3143 2741 3370 2787; x_wconf 85' lang='lat' dir='ltr'><strong>mortuus</strong></span> <span class='ocrx_word' id='word_1_736' title='bbox 3397 2749 3491 2804; x_wconf 84' lang='lat' dir='ltr'><strong>pro</strong></span> <span class='ocrx_word' id='word_1_737' title='bbox 3510 2737 3730 2804; x_wconf 73' lang='lat' dir='ltr'><strong>peccatis</strong></span> 
     </span>
    </p>
   </div>
   <div class='ocr_carea' id='block_1_88' title="bbox 2147 2814 2354 2866">
    <p class='ocr_par' dir='ltr' id='par_1_88' title="bbox 2147 2814 2354 2866">
     <span class='ocr_line' id='line_1_88' title="bbox 2147 2814 2354 2866; baseline 0 -2"><span class='ocrx_word' id='word_1_738' title='bbox 2147 2814 2354 2866; x_wconf 85' lang='lat' dir='ltr'><strong>nostris.</strong></span> 
     </span>
    </p>
   </div>
   <div class='ocr_carea' id='block_1_89' title="bbox 2177 2905 3732 2988">
    <p class='ocr_par' dir='ltr' id='par_1_89' title="bbox 2177 2905 3732 2988">
     <span class='ocr_line' id='line_1_89' title="bbox 2177 2905 3732 2988; baseline 0.011 -31"><span class='ocrx_word' id='word_1_739' title='bbox 2177 2917 2181 2920; x_wconf 88' lang='grc'>·</span> <span class='ocrx_word' id='word_1_740' title='bbox 2220 2905 2410 2960; x_wconf 84' lang='lat' dir='ltr'><strong>Contra</strong></span> <span class='ocrx_word' id='word_1_741' title='bbox 2442 2905 2775 2964; x_wconf 77' lang='lat' dir='ltr'><strong>Manichtcos.</strong></span> <span class='ocrx_word' id='word_1_742' title='bbox 2803 2940 2873 2952; x_wconf 61' lang='grc' dir='ltr'><strong>α-</strong></span> <span class='ocrx_word' id='word_1_743' title='bbox 2903 2913 3143 2969; x_wconf 89' lang='lat' dir='ltr'><strong>Primum</strong></span> <span class='ocrx_word' id='word_1_744' title='bbox 3181 2925 3360 2971; x_wconf 88' lang='lat' dir='ltr'><strong>autem</strong></span> <span class='ocrx_word' id='word_1_745' title='bbox 3405 2933 3581 2987; x_wconf 79' lang='lat' dir='ltr'><strong>opera:</strong></span> <span class='ocrx_word' id='word_1_746' title='bbox 3610 2934 3732 2988; x_wconf 85' lang='lat' dir='ltr'><strong>pre-</strong></span> 
     </span>
    </p>
   </div>
   <div class='ocr_carea' id='block_1_90' title="bbox 2147 2997 3732 3078">
    <p class='ocr_par' dir='ltr' id='par_1_90' title="bbox 2147 2997 3732 3078">
     <span class='ocr_line' id='line_1_90' title="bbox 2147 2997 3732 3078; baseline 0.008 -25"><span class='ocrx_word' id='word_1_747' title='bbox 2147 2997 2277 3053; x_wconf 89' lang='lat' dir='ltr'><strong>tium</strong></span> <span class='ocrx_word' id='word_1_748' title='bbox 2308 3011 2390 3056; x_wconf 90' lang='lat' dir='ltr'><strong>est</strong></span> <span class='ocrx_word' id='word_1_749' title='bbox 2442 3001 2628 3058; x_wconf 91' lang='lat' dir='ltr'><strong>audire</strong></span> <span class='ocrx_word' id='word_1_750' title='bbox 2669 3003 2797 3073; x_wconf 88' lang='lat' dir='ltr'><strong>quid</strong></span> <span class='ocrx_word' id='word_1_751' title='bbox 2827 3004 2912 3060; x_wconf 91' lang='lat' dir='ltr'><strong>hic</strong></span> <span class='ocrx_word' id='word_1_752' title='bbox 2938 3005 3119 3062; x_wconf 89' lang='lat' dir='ltr'><strong>dicant</strong></span> <span class='ocrx_word' id='word_1_753' title='bbox 3145 3009 3233 3078; x_wconf 88' lang='lat' dir='ltr'><strong>qui</strong></span> <span class='ocrx_word' id='word_1_754' title='bbox 3265 3008 3511 3065; x_wconf 80' lang='lat' dir='ltr'><strong>laborant</strong></span> <span class='ocrx_word' id='word_1_755' title='bbox 3540 3011 3732 3066; x_wconf 61' lang='lat' dir='ltr'><strong>haeresi</strong></span> 
     </span>
    </p>
   </div>
   <div class='ocr_carea' id='block_1_91' title="bbox 2144 3092 3725 3170">
    <p class='ocr_par' dir='ltr' id='par_1_91' title="bbox 2144 3092 3725 3170">
     <span class='ocr_line' id='line_1_91' title="bbox 2144 3092 3725 3170; baseline 0.008 -25"><span class='ocrx_word' id='word_1_756' title='bbox 2144 3092 2557 3148; x_wconf 75' lang='lat' dir='ltr'><strong>Manicbteorum</strong></span> <span class='ocrx_word' id='word_1_757' title='bbox 2583 3136 2598 3162; x_wconf 92' lang='lat'><strong>,</strong></span> <span class='ocrx_word' id='word_1_758' title='bbox 2638 3102 2694 3151; x_wconf 88' lang='lat' dir='ltr'><strong>et</strong></span> <span class='ocrx_word' id='word_1_759' title='bbox 2721 3097 2966 3151; x_wconf 80' lang='lat' dir='ltr'><strong>veritatis</strong></span> <span class='ocrx_word' id='word_1_760' title='bbox 2990 3098 3190 3155; x_wconf 87' lang='lat' dir='ltr'><strong>inimici</strong></span> <span class='ocrx_word' id='word_1_761' title='bbox 3215 3141 3231 3166; x_wconf 92' lang='lat'><strong>,</strong></span> <span class='ocrx_word' id='word_1_762' title='bbox 3264 3109 3318 3155; x_wconf 89' lang='lat' dir='ltr'><strong>et</strong></span> <span class='ocrx_word' id='word_1_763' title='bbox 3348 3101 3437 3170; x_wconf 87' lang='lat' dir='ltr'><strong>qui</strong></span> <span class='ocrx_word' id='word_1_764' title='bbox 3479 3116 3598 3156; x_wconf 89' lang='lat' dir='ltr'><strong>cum</strong></span> <span class='ocrx_word' id='word_1_765' title='bbox 3629 3118 3725 3156; x_wconf 86' lang='lat' dir='ltr'><strong>sua</strong></span> 
     </span>
    </p>
   </div>
   <div class='ocr_carea' id='block_1_92' title="bbox 2145 3187 3721 3262">
    <p class='ocr_par' dir='ltr' id='par_1_92' title="bbox 2145 3187 3721 3262">
     <span class='ocr_line' id='line_1_92' title="bbox 2145 3187 3721 3262; baseline 0.006 -23"><span class='ocrx_word' id='word_1_766' title='bbox 2145 3193 2382 3257; x_wconf 82' lang='lat' dir='ltr'><strong>pugnant</strong></span> <span class='ocrx_word' id='word_1_767' title='bbox 2420 3187 2612 3243; x_wconf 88' lang='lat' dir='ltr'><strong>salute.</strong></span> <span class='ocrx_word' id='word_1_768' title='bbox 2642 3189 2781 3257; x_wconf 87' lang='lat' dir='ltr'><strong>Quid</strong></span> <span class='ocrx_word' id='word_1_769' title='bbox 2807 3205 2937 3261; x_wconf 88' lang='lat' dir='ltr'><strong>ergo</strong></span> <span class='ocrx_word' id='word_1_770' title='bbox 2964 3192 3148 3248; x_wconf 89' lang='lat' dir='ltr'><strong>dicunt</strong></span> <span class='ocrx_word' id='word_1_771' title='bbox 3180 3194 3312 3248; x_wconf 79' lang='lat' dir='ltr'><strong>isti?</strong></span> <span class='ocrx_word' id='word_1_772' title='bbox 3337 3194 3561 3250; x_wconf 83' lang='lat' dir='ltr'><strong>Mortem</strong></span> <span class='ocrx_word' id='word_1_773' title='bbox 3589 3237 3606 3262; x_wconf 88' lang='lat'><strong>,</strong></span> <span class='ocrx_word' id='word_1_774' title='bbox 3637 3195 3721 3249; x_wconf 83' lang='lat' dir='ltr'><strong>iu-</strong></span> 
     </span>
    </p>
   </div>
   <div class='ocr_carea' id='block_1_93' title="bbox 2144 3277 3732 3358">
    <p class='ocr_par' dir='ltr' id='par_1_93' title="bbox 2144 3277 3732 3358">
     <span class='ocr_line' id='line_1_93' title="bbox 2144 3277 3732 3358; baseline 0.008 -28"><span class='ocrx_word' id='word_1_775' title='bbox 2144 3279 2334 3349; x_wconf 86' lang='lat' dir='ltr'><strong>quinnt</strong></span> <span class='ocrx_word' id='word_1_776' title='bbox 2357 3321 2372 3347; x_wconf 94' lang='lat'><strong>,</strong></span> <span class='ocrx_word' id='word_1_777' title='bbox 2400 3277 2488 3335; x_wconf 90' lang='lat' dir='ltr'><strong>hic</strong></span> <span class='ocrx_word' id='word_1_778' title='bbox 2513 3280 2645 3336; x_wconf 86' lang='lat' dir='ltr'><strong>nihil</strong></span> <span class='ocrx_word' id='word_1_779' title='bbox 2676 3282 2822 3338; x_wconf 89' lang='lat' dir='ltr'><strong>aliud</strong></span> <span class='ocrx_word' id='word_1_780' title='bbox 2860 3282 2989 3338; x_wconf 90' lang='lat' dir='ltr'><strong>dicit</strong></span> <span class='ocrx_word' id='word_1_781' title='bbox 3013 3285 3208 3342; x_wconf 85' lang='lat' dir='ltr'><strong>Paulus</strong></span> <span class='ocrx_word' id='word_1_782' title='bbox 3232 3328 3246 3351; x_wconf 93' lang='lat'><strong>,</strong></span> <span class='ocrx_word' id='word_1_783' title='bbox 3278 3299 3436 3358; x_wconf 88' lang='lat' dir='ltr'><strong>quam</strong></span> <span class='ocrx_word' id='word_1_784' title='bbox 3465 3286 3632 3342; x_wconf 84' lang='lat' dir='ltr'><strong>fuisse</strong></span> <span class='ocrx_word' id='word_1_785' title='bbox 3677 3289 3732 3343; x_wconf 88' lang='lat' dir='ltr'><strong>in</strong></span> 
     </span>
    </p>
   </div>
   <div class='ocr_carea' id='block_1_94' title="bbox 2146 3373 3714 3452">
    <p class='ocr_par' dir='ltr' id='par_1_94' title="bbox 2146 3373 3714 3452">
     <span class='ocr_line' id='line_1_94' title="bbox 2146 3373 3714 3452; baseline 0.008 -27"><span class='ocrx_word' id='word_1_786' title='bbox 2146 3373 2401 3441; x_wconf 85' lang='lat' dir='ltr'><strong>peccatis,</strong></span> <span class='ocrx_word' id='word_1_787' title='bbox 2433 3381 2488 3428; x_wconf 89' lang='lat' dir='ltr'><strong>et</strong></span> <span class='ocrx_word' id='word_1_788' title='bbox 2514 3376 2964 3431; x_wconf 89' lang='lat' dir='ltr'><strong>resurrectionem</strong></span> <span class='ocrx_word' id='word_1_789' title='bbox 2990 3391 3109 3432; x_wconf 87' lang='lat' dir='ltr'><strong>esse</strong></span> <span class='ocrx_word' id='word_1_790' title='bbox 3139 3379 3512 3436; x_wconf 76' lang='lat' dir='ltr'><strong>liberationem</strong></span> <span class='ocrx_word' id='word_1_791' title='bbox 3543 3397 3571 3434; x_wconf 89' lang='lat' dir='ltr'><strong>a</strong></span> <span class='ocrx_word' id='word_1_792' title='bbox 3603 3396 3714 3452; x_wconf 83' lang='lat' dir='ltr'><strong>pec-</strong></span> 
     </span>
    </p>
   </div>
   <div class='ocr_carea' id='block_1_95' title="bbox 2143 3461 3729 3538">
    <p class='ocr_par' dir='ltr' id='par_1_95' title="bbox 2143 3461 3729 3538">
     <span class='ocr_line' id='line_1_95' title="bbox 2143 3461 3729 3538; baseline 0.006 -23"><span class='ocrx_word' id='word_1_793' title='bbox 2143 3462 2299 3516; x_wconf 90' lang='lat' dir='ltr'><strong>catis.</strong></span> <span class='ocrx_word' id='word_1_794' title='bbox 2329 3461 2577 3518; x_wconf 78' lang='lat' dir='ltr'><strong>Vidistin’</strong></span> <span class='ocrx_word' id='word_1_795' title='bbox 2603 3465 2874 3534; x_wconf 90' lang='lat' dir='ltr'><strong>quomodo</strong></span> <span class='ocrx_word' id='word_1_796' title='bbox 2903 3479 3090 3523; x_wconf 90' lang='lat' dir='ltr'><strong>errore</strong></span> <span class='ocrx_word' id='word_1_797' title='bbox 3130 3469 3260 3524; x_wconf 81' lang='lat' dir='ltr'><strong>nihil</strong></span> <span class='ocrx_word' id='word_1_798' title='bbox 3287 3471 3358 3525; x_wconf 88' lang='lat' dir='ltr'><strong>sit</strong></span> <span class='ocrx_word' id='word_1_799' title='bbox 3388 3471 3729 3538; x_wconf 79' lang='lat' dir='ltr'><strong>imbecillius,</strong></span> 
     </span>
    </p>
   </div>
   <div class='ocr_carea' id='block_1_96' title="bbox 2143 3556 3738 3635">
    <p class='ocr_par' dir='ltr' id='par_1_96' title="bbox 2143 3556 3738 3635">
     <span class='ocr_line' id='line_1_96' title="bbox 2143 3556 3738 3635; baseline 0.006 -27"><span class='ocrx_word' id='word_1_800' title='bbox 2143 3563 2198 3609; x_wconf 88' lang='lat' dir='ltr'><strong>et</strong></span> <span class='ocrx_word' id='word_1_801' title='bbox 2231 3556 2502 3624; x_wconf 90' lang='lat' dir='ltr'><strong>quomodo</strong></span> <span class='ocrx_word' id='word_1_802' title='bbox 2532 3557 2644 3612; x_wconf 89' lang='lat' dir='ltr'><strong>suis</strong></span> <span class='ocrx_word' id='word_1_803' title='bbox 2674 3560 2915 3629; x_wconf 89' lang='lat' dir='ltr'><strong>capiatur</strong></span> <span class='ocrx_word' id='word_1_804' title='bbox 2938 3562 3150 3630; x_wconf 87' lang='lat' dir='ltr'><strong>pennis,</strong></span> <span class='ocrx_word' id='word_1_805' title='bbox 3181 3577 3364 3634; x_wconf 83' lang='lat' dir='ltr'><strong>neque</strong></span> <span class='ocrx_word' id='word_1_806' title='bbox 3381 3575 3599 3620; x_wconf 81' lang='lat' dir='ltr'><strong>externa</strong></span> <span class='ocrx_word' id='word_1_807' title='bbox 3631 3581 3738 3635; x_wconf 85' lang='lat' dir='ltr'><strong>pu-</strong></span> 
     </span>
    </p>
   </div>
   <div class='ocr_carea' id='block_1_97' title="bbox 2142 3650 3728 3726">
    <p class='ocr_par' dir='ltr' id='par_1_97' title="bbox 2142 3650 3728 3726">
     <span class='ocr_line' id='line_1_97' title="bbox 2142 3650 3728 3726; baseline 0.006 -24"><span class='ocrx_word' id='word_1_808' title='bbox 2142 3659 2245 3718; x_wconf 82' lang='lat' dir='ltr'><strong>gna</strong></span> <span class='ocrx_word' id='word_1_809' title='bbox 2286 3665 2421 3719; x_wconf 87' lang='lat' dir='ltr'><strong>opus</strong></span> <span class='ocrx_word' id='word_1_810' title='bbox 2466 3650 2558 3717; x_wconf 90' lang='lat' dir='ltr'><strong>sit,</strong></span> <span class='ocrx_word' id='word_1_811' title='bbox 2610 3652 2704 3706; x_wconf 85' lang='lat' dir='ltr'><strong>sed</strong></span> <span class='ocrx_word' id='word_1_812' title='bbox 2757 3667 2786 3706; x_wconf 90' lang='lat' dir='ltr'><strong>a</strong></span> <span class='ocrx_word' id='word_1_813' title='bbox 2835 3656 3013 3725; x_wconf 84' lang='lat' dir='ltr'><strong>seipse</strong></span> <span class='ocrx_word' id='word_1_814' title='bbox 3058 3656 3402 3726; x_wconf 81' lang='lat' dir='ltr'><strong>configatur?</strong></span> <span class='ocrx_word' id='word_1_815' title='bbox 3437 3657 3728 3712; x_wconf 84' lang='lat' dir='ltr'><strong>Considera</strong></span> 
     </span>
    </p>
   </div>
   <div class='ocr_carea' id='block_1_98' title="bbox 2141 3741 3730 3820">
    <p class='ocr_par' dir='ltr' id='par_1_98' title="bbox 2141 3741 3730 3820">
     <span class='ocr_line' id='line_1_98' title="bbox 2141 3741 3730 3820; baseline 0.006 -26"><span class='ocrx_word' id='word_1_816' title='bbox 2141 3755 2271 3809; x_wconf 83' lang='lat' dir='ltr'><strong>ergo</strong></span> <span class='ocrx_word' id='word_1_817' title='bbox 2307 3741 2579 3812; x_wconf 90' lang='lat' dir='ltr'><strong>quomodo</strong></span> <span class='ocrx_word' id='word_1_818' title='bbox 2623 3744 2724 3812; x_wconf 79' lang='lat' dir='ltr'><strong>ipsi</strong></span> <span class='ocrx_word' id='word_1_819' title='bbox 2768 3746 2975 3815; x_wconf 86' lang='lat' dir='ltr'><strong>seipsos</strong></span> <span class='ocrx_word' id='word_1_820' title='bbox 3015 3748 3352 3803; x_wconf 89' lang='lat' dir='ltr'><strong>confixerunt</strong></span> <span class='ocrx_word' id='word_1_821' title='bbox 3399 3763 3496 3818; x_wconf 85' lang='lat' dir='ltr'><strong>per</strong></span> <span class='ocrx_word' id='word_1_822' title='bbox 3521 3765 3584 3804; x_wconf 89' lang='lat' dir='ltr'><strong>ea</strong></span> <span class='ocrx_word' id='word_1_823' title='bbox 3611 3766 3730 3820; x_wconf 69' lang='lat' dir='ltr'><strong>qua:</strong></span> 
     </span>
    </p>
   </div>
   <div class='ocr_carea' id='block_1_99' title="bbox 2143 3831 3728 3907">
    <p class='ocr_par' dir='ltr' id='par_1_99' title="bbox 2143 3831 3728 3907">
     <span class='ocr_line' id='line_1_99' title="bbox 2143 3831 3728 3907; baseline 0.006 -22"><span class='ocrx_word' id='word_1_824' title='bbox 2143 3832 2418 3888; x_wconf 85' lang='lat' dir='ltr'><strong>dixerunt.</strong></span> <span class='ocrx_word' id='word_1_825' title='bbox 2441 3831 2498 3888; x_wconf 90' lang='lat' dir='ltr'><strong>Si</strong></span> <span class='ocrx_word' id='word_1_826' title='bbox 2532 3835 2632 3890; x_wconf 87' lang='lat' dir='ltr'><strong>hoc</strong></span> <span class='ocrx_word' id='word_1_827' title='bbox 2654 3837 2800 3891; x_wconf 88' lang='lat' dir='ltr'><strong>enim</strong></span> <span class='ocrx_word' id='word_1_828' title='bbox 2829 3847 2910 3892; x_wconf 91' lang='lat' dir='ltr'><strong>cst</strong></span> <span class='ocrx_word' id='word_1_829' title='bbox 2933 3854 3099 3907; x_wconf 89' lang='lat' dir='ltr'><strong>mors,</strong></span> <span class='ocrx_word' id='word_1_830' title='bbox 3126 3839 3367 3896; x_wconf 88' lang='lat' dir='ltr'><strong>Christus</strong></span> <span class='ocrx_word' id='word_1_831' title='bbox 3394 3851 3572 3897; x_wconf 86' lang='lat' dir='ltr'><strong>autem</strong></span> <span class='ocrx_word' id='word_1_832' title='bbox 3603 3856 3728 3896; x_wconf 79' lang='lat' dir='ltr'><strong>cor-</strong></span> 
     </span>
    </p>
   </div>
   <div class='ocr_carea' id='block_1_100' title="bbox 2143 3927 3724 3997">
    <p class='ocr_par' dir='ltr' id='par_1_100' title="bbox 2143 3927 3724 3997">
     <span class='ocr_line' id='line_1_100' title="bbox 2143 3927 3724 3997; baseline 0.006 -20"><span class='ocrx_word' id='word_1_833' title='bbox 2143 3939 2242 3994; x_wconf 93' lang='lat' dir='ltr'><strong>pus</strong></span> <span class='ocrx_word' id='word_1_834' title='bbox 2267 3938 2375 3978; x_wconf 91' lang='lat' dir='ltr'><strong>non</strong></span> <span class='ocrx_word' id='word_1_835' title='bbox 2399 3927 2625 3995; x_wconf 90' lang='lat' dir='ltr'><strong>accepit,</strong></span> <span class='ocrx_word' id='word_1_836' title='bbox 2660 3935 2716 3981; x_wconf 93' lang='lat' dir='ltr'><strong>ut</strong></span> <span class='ocrx_word' id='word_1_837' title='bbox 2754 3943 2851 3983; x_wconf 88' lang='lat' dir='ltr'><strong>vos</strong></span> <span class='ocrx_word' id='word_1_838' title='bbox 2891 3930 3048 3984; x_wconf 86' lang='lat' dir='ltr'><strong>vultis</strong></span> <span class='ocrx_word' id='word_1_839' title='bbox 3075 3971 3091 3997; x_wconf 89' lang='lat'><strong>,</strong></span> <span class='ocrx_word' id='word_1_840' title='bbox 3122 3941 3362 3985; x_wconf 83' lang='lat' dir='ltr'><strong>mortuus</strong></span> <span class='ocrx_word' id='word_1_841' title='bbox 3393 3942 3476 3986; x_wconf 91' lang='lat' dir='ltr'><strong>est</strong></span> <span class='ocrx_word' id='word_1_842' title='bbox 3503 3941 3678 3987; x_wconf 86' lang='lat' dir='ltr'><strong>autem</strong></span> <span class='ocrx_word' id='word_1_843' title='bbox 3710 3949 3724 3986; x_wconf 91' lang='lat'>:</span> 
     </span>
    </p>
   </div>
   <div class='ocr_carea' id='block_1_101' title="bbox 2143 4017 3726 4095">
    <p class='ocr_par' dir='ltr' id='par_1_101' title="bbox 2143 4017 3726 4095">
     <span class='ocr_line' id='line_1_101' title="bbox 2143 4017 3726 4095; baseline 0.004 -24"><span class='ocrx_word' id='word_1_844' title='bbox 2143 4017 2195 4071; x_wconf 92' lang='lat' dir='ltr'><strong>in</strong></span> <span class='ocrx_word' id='word_1_845' title='bbox 2235 4026 2452 4086; x_wconf 89' lang='lat' dir='ltr'><strong>peccato</strong></span> <span class='ocrx_word' id='word_1_846' title='bbox 2499 4017 2642 4084; x_wconf 82' lang='lat' dir='ltr'><strong>fuit,</strong></span> <span class='ocrx_word' id='word_1_847' title='bbox 2686 4021 2980 4076; x_wconf 90' lang='lat' dir='ltr'><strong>secundum</strong></span> <span class='ocrx_word' id='word_1_848' title='bbox 3025 4035 3142 4078; x_wconf 90' lang='lat' dir='ltr'><strong>vos.</strong></span> <span class='ocrx_word' id='word_1_849' title='bbox 3175 4017 3311 4078; x_wconf 72' lang='lat' dir='ltr'><strong>Nam</strong></span> <span class='ocrx_word' id='word_1_850' title='bbox 3338 4037 3464 4095; x_wconf 73' lang='lat' dir='ltr'><strong>&#39;ego</strong></span> <span class='ocrx_word' id='word_1_851' title='bbox 3512 4025 3726 4093; x_wconf 84' lang='lat' dir='ltr'><strong>quide</strong></span> 
     </span>
    </p>
   </div>
   <div class='ocr_carea' id='block_1_102' title="bbox 2143 4106 3729 4182">
    <p class='ocr_par' dir='ltr' id='par_1_102' title="bbox 2143 4106 3729 4182">
     <span class='ocr_line' id='line_1_102' title="bbox 2143 4106 3729 4182; baseline 0.004 -20"><span class='ocrx_word' id='word_1_852' title='bbox 2143 4107 2263 4163; x_wconf 91' lang='lat' dir='ltr'><strong>dico</strong></span> <span class='ocrx_word' id='word_1_853' title='bbox 2308 4106 2450 4178; x_wconf 90' lang='lat' dir='ltr'><strong>quod</strong></span> <span class='ocrx_word' id='word_1_854' title='bbox 2497 4120 2694 4179; x_wconf 91' lang='lat' dir='ltr'><strong>corpus</strong></span> <span class='ocrx_word' id='word_1_855' title='bbox 2733 4111 3041 4182; x_wconf 89' lang='lat' dir='ltr'><strong>acceperit,</strong></span> <span class='ocrx_word' id='word_1_856' title='bbox 3075 4121 3130 4168; x_wconf 91' lang='lat' dir='ltr'><strong>et</strong></span> <span class='ocrx_word' id='word_1_857' title='bbox 3171 4122 3405 4168; x_wconf 84' lang='lat' dir='ltr'><strong>mortem</strong></span> <span class='ocrx_word' id='word_1_858' title='bbox 3445 4111 3566 4178; x_wconf 80' lang='lat' dir='ltr'><strong>dico</strong></span> <span class='ocrx_word' id='word_1_859' title='bbox 3608 4128 3729 4168; x_wconf 89' lang='lat' dir='ltr'><strong>esse</strong></span> 
     </span>
    </p>
   </div>
   <div class='ocr_carea' id='block_1_103' title="bbox 2142 4199 3727 4273">
    <p class='ocr_par' dir='ltr' id='par_1_103' title="bbox 2142 4199 3727 4273">
     <span class='ocr_line' id='line_1_103' title="bbox 2142 4199 3727 4273; baseline 0.003 -20"><span class='ocrx_word' id='word_1_860' title='bbox 2142 4199 2319 4254; x_wconf 86' lang='lat' dir='ltr'><strong>carnis</strong></span> <span class='ocrx_word' id='word_1_861' title='bbox 2351 4218 2364 4253; x_wconf 92' lang='lat'><strong>:</strong></span> <span class='ocrx_word' id='word_1_862' title='bbox 2393 4209 2445 4253; x_wconf 94' lang='lat' dir='ltr'><strong>tu</strong></span> <span class='ocrx_word' id='word_1_863' title='bbox 2474 4211 2652 4255; x_wconf 89' lang='lat' dir='ltr'><strong>autem</strong></span> <span class='ocrx_word' id='word_1_864' title='bbox 2683 4201 2785 4255; x_wconf 86' lang='lat' dir='ltr'><strong>hoc</strong></span> <span class='ocrx_word' id='word_1_865' title='bbox 2816 4215 3017 4273; x_wconf 82' lang='lat' dir='ltr'><strong>negans</strong></span> <span class='ocrx_word' id='word_1_866' title='bbox 3036 4243 3051 4269; x_wconf 91' lang='lat'><strong>,</strong></span> <span class='ocrx_word' id='word_1_867' title='bbox 3082 4203 3212 4258; x_wconf 92' lang='lat' dir='ltr'><strong>illud</strong></span> <span class='ocrx_word' id='word_1_868' title='bbox 3247 4204 3554 4258; x_wconf 80' lang='lat' dir='ltr'><strong>necessario</strong></span> <span class='ocrx_word' id='word_1_869' title='bbox 3579 4204 3727 4257; x_wconf 73' lang='lat' dir='ltr'><strong>tiiCaS</strong></span> 
     </span>
    </p>
   </div>
   <div class='ocr_carea' id='block_1_104' title="bbox 2142 4289 3718 4365">
    <p class='ocr_par' dir='ltr' id='par_1_104' title="bbox 2142 4289 3718 4365">
     <span class='ocr_line' id='line_1_104' title="bbox 2142 4289 3718 4365; baseline 0.006 -21"><span class='ocrx_word' id='word_1_870' title='bbox 2142 4298 2377 4360; x_wconf 90' lang='lat' dir='ltr'><strong>oportet.</strong></span> <span class='ocrx_word' id='word_1_871' title='bbox 2408 4289 2464 4344; x_wconf 92' lang='lat' dir='ltr'><strong>Si</strong></span> <span class='ocrx_word' id='word_1_872' title='bbox 2507 4301 2687 4347; x_wconf 90' lang='lat' dir='ltr'><strong>autem</strong></span> <span class='ocrx_word' id='word_1_873' title='bbox 2728 4293 2825 4348; x_wconf 90' lang='lat' dir='ltr'><strong>fuit</strong></span> <span class='ocrx_word' id='word_1_874' title='bbox 2873 4294 2927 4348; x_wconf 91' lang='lat' dir='ltr'><strong>in</strong></span> <span class='ocrx_word' id='word_1_875' title='bbox 2969 4305 3188 4364; x_wconf 87' lang='lat' dir='ltr'><strong>peccato</strong></span> <span class='ocrx_word' id='word_1_876' title='bbox 3214 4337 3230 4362; x_wconf 97' lang='lat'><strong>,</strong></span> <span class='ocrx_word' id='word_1_877' title='bbox 3263 4297 3530 4365; x_wconf 84' lang='lat' dir='ltr'><strong>quomodo</strong></span> <span class='ocrx_word' id='word_1_878' title='bbox 3559 4296 3718 4354; x_wconf 71' lang='lat' dir='ltr'><strong>dicit.</strong></span> 
     </span>
    </p>
   </div>
   <div class='ocr_carea' id='block_1_105' title="bbox 2146 4380 3723 4460">
    <p class='ocr_par' dir='ltr' id='par_1_105' title="bbox 2146 4380 3723 4460">
     <span class='ocr_line' id='line_1_105' title="bbox 2146 4380 3723 4460; baseline 0.003 -24"><span class='ocrx_word' id='word_1_879' title='bbox 2146 4380 2275 4446; x_wconf 84' lang='lat' dir='ltr'><strong>Quis</strong></span> <span class='ocrx_word' id='word_1_880' title='bbox 2310 4399 2373 4436; x_wconf 72' lang='lat' dir='ltr'><strong>ea:</strong></span> <span class='ocrx_word' id='word_1_881' title='bbox 2413 4383 2549 4439; x_wconf 76' lang='lat' dir='ltr'><strong>t&#39;obis</strong></span> <span class='ocrx_word' id='word_1_882' title='bbox 2575 4395 2750 4456; x_wconf 85' lang='lat' dir='ltr'><strong>arguet</strong></span> <span class='ocrx_word' id='word_1_883' title='bbox 2775 4400 2854 4438; x_wconf 89' lang='lat' dir='ltr'><strong>me</strong></span> <span class='ocrx_word' id='word_1_884' title='bbox 2878 4386 2941 4440; x_wconf 82' lang='lat' dir='ltr'><strong>de</strong></span> <span class='ocrx_word' id='word_1_885' title='bbox 2983 4397 3186 4457; x_wconf 83' lang='lat' dir='ltr'><strong>peccato</strong></span> <span class='ocrx_word' id='word_1_886' title='bbox 3209 4386 3386 4458; x_wconf 75' lang='lat' dir='ltr'><strong>(lacn.</strong></span> <span class='ocrx_word' id='word_1_887' title='bbox 3413 4389 3465 4443; x_wconf 90' lang='lat'><strong>8.</strong></span> <span class='ocrx_word' id='word_1_888' title='bbox 3498 4390 3588 4460; x_wconf 60' lang='lat' dir='ltr'><strong>i6)</strong></span> <span class='ocrx_word' id='word_1_889' title='bbox 3607 4389 3630 4442; x_wconf 81' lang='lat'><strong>?</strong></span> <span class='ocrx_word' id='word_1_890' title='bbox 3650 4398 3723 4453; x_wconf 76' lang='lat' dir='ltr'><strong>ct,</strong></span> 
     </span>
    </p>
   </div>
   <div class='ocr_carea' id='block_1_106' title="bbox 2156 4475 3727 4550">
    <p class='ocr_par' dir='ltr' id='par_1_106' title="bbox 2156 4475 3727 4550">
     <span class='ocr_line' id='line_1_106' title="bbox 2156 4475 3727 4550; baseline 0.002 -20"><span class='ocrx_word' id='word_1_891' title='bbox 2156 4475 2300 4530; x_wconf 81' lang='lat' dir='ltr'><strong>Venit</strong></span> <span class='ocrx_word' id='word_1_892' title='bbox 2331 4477 2565 4548; x_wconf 80' lang='lat' dir='ltr'><strong>princeps</strong></span> <span class='ocrx_word' id='word_1_893' title='bbox 2596 4479 2750 4549; x_wconf 86' lang='lat' dir='ltr'><strong>hujus</strong></span> <span class='ocrx_word' id='word_1_894' title='bbox 2776 4479 2953 4533; x_wconf 86' lang='lat' dir='ltr'><strong>mundi</strong></span> <span class='ocrx_word' id='word_1_895' title='bbox 2979 4520 2995 4546; x_wconf 91' lang='lat'><strong>,</strong></span> <span class='ocrx_word' id='word_1_896' title='bbox 3025 4491 3071 4533; x_wconf 82' lang='lat' dir='ltr'><strong>et</strong></span> <span class='ocrx_word' id='word_1_897' title='bbox 3096 4481 3148 4534; x_wconf 87' lang='lat' dir='ltr'><strong>in</strong></span> <span class='ocrx_word' id='word_1_898' title='bbox 3177 4496 3254 4535; x_wconf 86' lang='lat' dir='ltr'><strong>me</strong></span> <span class='ocrx_word' id='word_1_899' title='bbox 3277 4493 3381 4536; x_wconf 83' lang='lat' dir='ltr'><strong>non</strong></span> <span class='ocrx_word' id='word_1_900' title='bbox 3408 4482 3554 4536; x_wconf 84' lang='lat' dir='ltr'><strong>habet</strong></span> <span class='ocrx_word' id='word_1_901' title='bbox 3581 4481 3727 4550; x_wconf 83' lang='lat' dir='ltr'><strong>quid-</strong></span> 
     </span>
    </p>
   </div>
   <div class='ocr_carea' id='block_1_107' title="bbox 2141 4567 3727 4642">
    <p class='ocr_par' dir='ltr' id='par_1_107' title="bbox 2141 4567 3727 4642">
     <span class='ocr_line' id='line_1_107' title="bbox 2141 4567 3727 4642; baseline 0.004 -22"><span class='ocrx_word' id='word_1_902' title='bbox 2141 4585 2295 4638; x_wconf 83' lang='lat' dir='ltr'><strong>quam</strong></span> <span class='ocrx_word' id='word_1_903' title='bbox 2347 4567 2474 4642; x_wconf 89' lang='lat' dir='ltr'><strong>(Id.</strong></span> <span class='ocrx_word' id='word_1_904' title='bbox 2515 4569 2602 4624; x_wconf 79' lang='grc' dir='ltr'><strong>Η.</strong></span> <span class='ocrx_word' id='word_1_905' title='bbox 2653 4569 2800 4639; x_wconf 75' lang='lat'><strong>30);</strong></span> <span class='ocrx_word' id='word_1_906' title='bbox 2849 4581 2904 4626; x_wconf 89' lang='lat' dir='ltr'><strong>et</strong></span> <span class='ocrx_word' id='word_1_907' title='bbox 2934 4587 3118 4627; x_wconf 90' lang='lat' dir='ltr'><strong>rursus</strong></span> <span class='ocrx_word' id='word_1_908' title='bbox 3146 4615 3161 4640; x_wconf 96' lang='lat'><strong>,</strong></span> <span class='ocrx_word' id='word_1_909' title='bbox 3208 4571 3298 4628; x_wconf 82' lang='lat' dir='ltr'><strong>Sic</strong></span> <span class='ocrx_word' id='word_1_910' title='bbox 3327 4589 3420 4627; x_wconf 87' lang='lat' dir='ltr'><strong>nos</strong></span> <span class='ocrx_word' id='word_1_911' title='bbox 3447 4575 3588 4627; x_wconf 77' lang='lat' dir='ltr'><strong>decet</strong></span> <span class='ocrx_word' id='word_1_912' title='bbox 3631 4574 3727 4626; x_wconf 88' lang='lat' dir='ltr'><strong>im-</strong></span> 
     </span>
    </p>
   </div>
   <div class='ocr_carea' id='block_1_108' title="bbox 2142 4659 3726 4736">
    <p class='ocr_par' dir='ltr' id='par_1_108' title="bbox 2142 4659 3726 4736">
     <span class='ocr_line' id='line_1_108' title="bbox 2142 4659 3726 4736; baseline 0.004 -23"><span class='ocrx_word' id='word_1_913' title='bbox 2142 4659 2281 4730; x_wconf 84' lang='lat' dir='ltr'><strong>plere</strong></span> <span class='ocrx_word' id='word_1_914' title='bbox 2309 4675 2508 4714; x_wconf 86' lang='lat' dir='ltr'><strong>omnem</strong></span> <span class='ocrx_word' id='word_1_915' title='bbox 2526 4661 2781 4730; x_wconf 85' lang='lat' dir='ltr'><strong>justitiam</strong></span> <span class='ocrx_word' id='word_1_916' title='bbox 2811 4662 2830 4733; x_wconf 92' lang='lat'>(</span> <span class='ocrx_word' id='word_1_917' title='bbox 2854 4661 3043 4718; x_wconf 73' lang='lat' dir='ltr'><strong>Matth.</strong></span> <span class='ocrx_word' id='word_1_918' title='bbox 3072 4666 3127 4719; x_wconf 76' lang='lat'><strong>3.</strong></span> <span class='ocrx_word' id='word_1_919' title='bbox 3164 4665 3230 4721; x_wconf 82' lang='lat' dir='ltr'><strong>l5</strong></span> <span class='ocrx_word' id='word_1_920' title='bbox 3251 4665 3294 4736; x_wconf 94' lang='lat'><strong>).</strong></span> <span class='ocrx_word' id='word_1_921' title='bbox 3325 4663 3603 4732; x_wconf 87' lang='lat' dir='ltr'><strong>Quomodo</strong></span> <span class='ocrx_word' id='word_1_922' title='bbox 3631 4679 3726 4719; x_wconf 83' lang='lat' dir='ltr'><strong>au-</strong></span> 
     </span>
    </p>
   </div>
   <div class='ocr_carea' id='block_1_109' title="bbox 2142 4751 3726 4826">
    <p class='ocr_par' dir='ltr' id='par_1_109' title="bbox 2142 4751 3726 4826">
     <span class='ocr_line' id='line_1_109' title="bbox 2142 4751 3726 4826; baseline 0.003 -20"><span class='ocrx_word' id='word_1_923' title='bbox 2142 4761 2248 4806; x_wconf 88' lang='lat' dir='ltr'><strong>tem</strong></span> <span class='ocrx_word' id='word_1_924' title='bbox 2277 4759 2361 4806; x_wconf 90' lang='lat' dir='ltr'><strong>est</strong></span> <span class='ocrx_word' id='word_1_925' title='bbox 2389 4751 2610 4806; x_wconf 89' lang='lat' dir='ltr'><strong>omnino</strong></span> <span class='ocrx_word' id='word_1_926' title='bbox 2659 4763 2901 4809; x_wconf 90' lang='lat' dir='ltr'><strong>mortuus</strong></span> <span class='ocrx_word' id='word_1_927' title='bbox 2943 4767 3043 4825; x_wconf 85' lang='lat' dir='ltr'><strong>pro</strong></span> <span class='ocrx_word' id='word_1_928' title='bbox 3085 4757 3496 4826; x_wconf 88' lang='lat' dir='ltr'><strong>peccatoribus,</strong></span> <span class='ocrx_word' id='word_1_929' title='bbox 3539 4757 3581 4810; x_wconf 91' lang='lat' dir='ltr'><strong>si</strong></span> <span class='ocrx_word' id='word_1_930' title='bbox 3610 4757 3726 4825; x_wconf 86' lang='lat' dir='ltr'><strong>ipse</strong></span> 
     </span>
    </p>
   </div>
   <div class='ocr_carea' id='block_1_110' title="bbox 2139 4841 3718 4918">
    <p class='ocr_par' dir='ltr' id='par_1_110' title="bbox 2139 4841 3718 4918">
     <span class='ocr_line' id='line_1_110' title="bbox 2139 4841 3718 4918; baseline 0.002 -21"><span class='ocrx_word' id='word_1_931' title='bbox 2139 4841 2238 4898; x_wconf 88' lang='lat' dir='ltr'><strong>fuit</strong></span> <span class='ocrx_word' id='word_1_932' title='bbox 2263 4843 2314 4898; x_wconf 94' lang='lat' dir='ltr'><strong>in</strong></span> <span class='ocrx_word' id='word_1_933' title='bbox 2342 4843 2616 4914; x_wconf 82' lang='lat' dir='ltr'><strong>peccatis?</strong></span> <span class='ocrx_word' id='word_1_934' title='bbox 2640 4843 2770 4898; x_wconf 84' lang='lat' dir='ltr'><strong>Nam</strong></span> <span class='ocrx_word' id='word_1_935' title='bbox 2801 4859 2946 4913; x_wconf 90' lang='lat' dir='ltr'><strong>eum,</strong></span> <span class='ocrx_word' id='word_1_936' title='bbox 2974 4847 3065 4918; x_wconf 91' lang='lat' dir='ltr'><strong>qui</strong></span> <span class='ocrx_word' id='word_1_937' title='bbox 3092 4847 3317 4902; x_wconf 89' lang='lat' dir='ltr'><strong>moritur</strong></span> <span class='ocrx_word' id='word_1_938' title='bbox 3341 4863 3438 4918; x_wconf 88' lang='lat' dir='ltr'><strong>pro</strong></span> <span class='ocrx_word' id='word_1_939' title='bbox 3468 4858 3718 4916; x_wconf 75' lang='lat' dir='ltr'><strong>peeeato~</strong></span> 
     </span>
    </p>
   </div>
   <div class='ocr_carea' id='block_1_111' title="bbox 2139 4933 3722 5005">
    <p class='ocr_par' dir='ltr' id='par_1_111' title="bbox 2139 4933 3722 5005">
     <span class='ocr_line' id='line_1_111' title="bbox 2139 4933 3722 5005; baseline 0.003 -17"><span class='ocrx_word' id='word_1_940' title='bbox 2139 4933 2288 4988; x_wconf 88' lang='lat' dir='ltr'><strong>ribus</strong></span> <span class='ocrx_word' id='word_1_941' title='bbox 2307 4975 2321 4999; x_wconf 92' lang='lat'><strong>,</strong></span> <span class='ocrx_word' id='word_1_942' title='bbox 2349 4942 2561 5005; x_wconf 88' lang='lat' dir='ltr'><strong>oportet</strong></span> <span class='ocrx_word' id='word_1_943' title='bbox 2587 4934 2716 4989; x_wconf 87' lang='lat' dir='ltr'><strong>nulli</strong></span> <span class='ocrx_word' id='word_1_944' title='bbox 2751 4945 2969 5005; x_wconf 88' lang='lat' dir='ltr'><strong>peccato</strong></span> <span class='ocrx_word' id='word_1_945' title='bbox 2994 4951 3116 4993; x_wconf 89' lang='lat' dir='ltr'><strong>esse</strong></span> <span class='ocrx_word' id='word_1_946' title='bbox 3141 4937 3432 4994; x_wconf 86' lang='lat' dir='ltr'><strong>obnoxium</strong></span> <span class='ocrx_word' id='word_1_947' title='bbox 3467 4959 3480 4995; x_wconf 91' lang='lat'>:</span> <span class='ocrx_word' id='word_1_948' title='bbox 3509 4941 3553 4994; x_wconf 88' lang='lat' dir='ltr'><strong>si</strong></span> <span class='ocrx_word' id='word_1_949' title='bbox 3577 4939 3722 4994; x_wconf 88' lang='lat' dir='ltr'><strong>enim</strong></span> 
     </span>
    </p>
   </div>
   <div class='ocr_carea' id='block_1_112' title="bbox 2141 5025 3724 5102">
    <p class='ocr_par' dir='ltr' id='par_1_112' title="bbox 2141 5025 3724 5102">
     <span class='ocr_line' id='line_1_112' title="bbox 2141 5025 3724 5102; baseline 0.003 -22"><span class='ocrx_word' id='word_1_950' title='bbox 2141 5025 2254 5098; x_wconf 85' lang='lat' dir='ltr'><strong>ipse</strong></span> <span class='ocrx_word' id='word_1_951' title='bbox 2280 5027 2439 5083; x_wconf 88' lang='lat' dir='ltr'><strong>etiam</strong></span> <span class='ocrx_word' id='word_1_952' title='bbox 2466 5035 2668 5097; x_wconf 88' lang='lat' dir='ltr'><strong>peccat,</strong></span> <span class='ocrx_word' id='word_1_953' title='bbox 2691 5028 2961 5098; x_wconf 88' lang='lat' dir='ltr'><strong>quomodo</strong></span> <span class='ocrx_word' id='word_1_954' title='bbox 2987 5029 3247 5085; x_wconf 80' lang='lat' dir='ltr'><strong>morietur</strong></span> <span class='ocrx_word' id='word_1_955' title='bbox 3277 5044 3374 5100; x_wconf 86' lang='lat' dir='ltr'><strong>pro</strong></span> <span class='ocrx_word' id='word_1_956' title='bbox 3397 5031 3515 5087; x_wconf 88' lang='lat' dir='ltr'><strong>aliis</strong></span> <span class='ocrx_word' id='word_1_957' title='bbox 3537 5045 3724 5102; x_wconf 66' lang='lat' dir='ltr'><strong>pecea-</strong></span> 
     </span>
    </p>
   </div>
   <div class='ocr_carea' id='block_1_113' title="bbox 2142 5118 3723 5192">
    <p class='ocr_par' dir='ltr' id='par_1_113' title="bbox 2142 5118 3723 5192">
     <span class='ocr_line' id='line_1_113' title="bbox 2142 5118 3723 5192; baseline 0.001 -18"><span class='ocrx_word' id='word_1_958' title='bbox 2142 5119 2386 5174; x_wconf 86' lang='lat' dir='ltr'><strong>toribus?</strong></span> <span class='ocrx_word' id='word_1_959' title='bbox 2412 5118 2467 5174; x_wconf 87' lang='lat' dir='ltr'><strong>Si</strong></span> <span class='ocrx_word' id='word_1_960' title='bbox 2498 5127 2676 5174; x_wconf 86' lang='lat' dir='ltr'><strong>autem</strong></span> <span class='ocrx_word' id='word_1_961' title='bbox 2705 5128 2788 5174; x_wconf 92' lang='lat' dir='ltr'><strong>est</strong></span> <span class='ocrx_word' id='word_1_962' title='bbox 2813 5129 3056 5176; x_wconf 88' lang='lat' dir='ltr'><strong>mortuus</strong></span> <span class='ocrx_word' id='word_1_963' title='bbox 3084 5134 3182 5192; x_wconf 90' lang='lat' dir='ltr'><strong>pro</strong></span> <span class='ocrx_word' id='word_1_964' title='bbox 3211 5127 3442 5191; x_wconf 85' lang='lat' dir='ltr'><strong>peccatis</strong></span> <span class='ocrx_word' id='word_1_965' title='bbox 3473 5123 3723 5188; x_wconf 89' lang='lat' dir='ltr'><strong>aliorum,</strong></span> 
     </span>
    </p>
   </div>
   <div class='ocr_carea' id='block_1_114' title="bbox 2139 5212 3723 5285">
    <p class='ocr_par' dir='ltr' id='par_1_114' title="bbox 2139 5212 3723 5285">
     <span class='ocr_line' id='line_1_114' title="bbox 2139 5212 3723 5285; baseline 0 -17"><span class='ocrx_word' id='word_1_966' title='bbox 2139 5223 2382 5268; x_wconf 88' lang='lat' dir='ltr'><strong>mortuus</strong></span> <span class='ocrx_word' id='word_1_967' title='bbox 2414 5222 2496 5268; x_wconf 89' lang='lat' dir='ltr'><strong>est</strong></span> <span class='ocrx_word' id='word_1_968' title='bbox 2534 5229 2655 5268; x_wconf 91' lang='lat' dir='ltr'><strong>cum</strong></span> <span class='ocrx_word' id='word_1_969' title='bbox 2701 5212 2830 5270; x_wconf 88' lang='lat' dir='ltr'><strong>nulli</strong></span> <span class='ocrx_word' id='word_1_970' title='bbox 2874 5223 3018 5270; x_wconf 85' lang='lat' dir='ltr'><strong>esset</strong></span> <span class='ocrx_word' id='word_1_971' title='bbox 3063 5225 3286 5285; x_wconf 90' lang='lat' dir='ltr'><strong>peccato</strong></span> <span class='ocrx_word' id='word_1_972' title='bbox 3323 5215 3630 5270; x_wconf 83' lang='lat' dir='ltr'><strong>obnoxios:</strong></span> <span class='ocrx_word' id='word_1_973' title='bbox 3677 5215 3723 5268; x_wconf 90' lang='lat' dir='ltr'><strong>si</strong></span> 
     </span>
    </p>
   </div>
   <div class='ocr_carea' id='block_1_115' title="bbox 2137 5305 3724 5376">
    <p class='ocr_par' dir='ltr' id='par_1_115' title="bbox 2137 5305 3724 5376">
     <span class='ocr_line' id='line_1_115' title="bbox 2137 5305 3724 5376; baseline 0.001 -20"><span class='ocrx_word' id='word_1_974' title='bbox 2137 5316 2316 5358; x_wconf 90' lang='lat' dir='ltr'><strong>autem</strong></span> <span class='ocrx_word' id='word_1_975' title='bbox 2345 5313 2424 5356; x_wconf 89' lang='lat' dir='ltr'><strong>est</strong></span> <span class='ocrx_word' id='word_1_976' title='bbox 2456 5312 2698 5359; x_wconf 88' lang='lat' dir='ltr'><strong>mortuus</strong></span> <span class='ocrx_word' id='word_1_977' title='bbox 2724 5313 2845 5359; x_wconf 87' lang='lat' dir='ltr'><strong>cum</strong></span> <span class='ocrx_word' id='word_1_978' title='bbox 2886 5313 3030 5360; x_wconf 88' lang='lat' dir='ltr'><strong>esset</strong></span> <span class='ocrx_word' id='word_1_979' title='bbox 3058 5305 3176 5360; x_wconf 87' lang='lat' dir='ltr'><strong>sine</strong></span> <span class='ocrx_word' id='word_1_980' title='bbox 3215 5315 3434 5376; x_wconf 87' lang='lat' dir='ltr'><strong>peccato</strong></span> <span class='ocrx_word' id='word_1_981' title='bbox 3458 5347 3473 5370; x_wconf 90' lang='lat'><strong>,</strong></span> <span class='ocrx_word' id='word_1_982' title='bbox 3507 5321 3611 5360; x_wconf 82' lang='lat' dir='ltr'><strong>non</strong></span> <span class='ocrx_word' id='word_1_983' title='bbox 3639 5315 3724 5360; x_wconf 86' lang='lat' dir='ltr'><strong>est</strong></span> 
     </span>
    </p>
   </div>
   <div class='ocr_carea' id='block_1_116' title="bbox 2138 5395 3722 5467">
    <p class='ocr_par' dir='ltr' id='par_1_116' title="bbox 2138 5395 3722 5467">
     <span class='ocr_line' id='line_1_116' title="bbox 2138 5395 3722 5467; baseline 0.002 -20"><span class='ocrx_word' id='word_1_984' title='bbox 2138 5401 2382 5448; x_wconf 89' lang='lat' dir='ltr'><strong>mortuus</strong></span> <span class='ocrx_word' id='word_1_985' title='bbox 2431 5403 2602 5449; x_wconf 91' lang='lat' dir='ltr'><strong>morte</strong></span> <span class='ocrx_word' id='word_1_986' title='bbox 2649 5395 2918 5466; x_wconf 77' lang='lat' dir='ltr'><strong>pecc‘ati,(</strong></span> <span class='ocrx_word' id='word_1_987' title='bbox 2943 5397 3213 5466; x_wconf 78' lang='lat' dir='ltr'><strong>quomodo</strong></span> <span class='ocrx_word' id='word_1_988' title='bbox 3252 5398 3435 5461; x_wconf 77' lang='lat' dir='ltr'><strong>enini,</strong></span> <span class='ocrx_word' id='word_1_989' title='bbox 3470 5398 3522 5452; x_wconf 87' lang='lat' dir='ltr'><strong>itt</strong></span> <span class='ocrx_word' id='word_1_990' title='bbox 3561 5409 3722 5467; x_wconf 88' lang='lat' dir='ltr'><strong>quem</strong></span> 
     </span>
    </p>
   </div>
   <div class='ocr_carea' id='block_1_117' title="bbox 2137 5485 3724 5562">
    <p class='ocr_par' dir='ltr' id='par_1_117' title="bbox 2137 5485 3724 5562">
     <span class='ocr_line' id='line_1_117' title="bbox 2137 5485 3724 5562; baseline 0.001 -20"><span class='ocrx_word' id='word_1_991' title='bbox 2137 5486 2338 5542; x_wconf 90' lang='lat' dir='ltr'><strong>nullum</strong></span> <span class='ocrx_word' id='word_1_992' title='bbox 2382 5485 2606 5542; x_wconf 87' lang='lat' dir='ltr'><strong>cadebat</strong></span> <span class='ocrx_word' id='word_1_993' title='bbox 2637 5485 2971 5562; x_wconf 75' lang='lat' dir='ltr'><strong>peccatum?)</strong></span> <span class='ocrx_word' id='word_1_994' title='bbox 3022 5488 3116 5546; x_wconf 87' lang='lat' dir='ltr'><strong>sed</strong></span> <span class='ocrx_word' id='word_1_995' title='bbox 3158 5501 3328 5545; x_wconf 79' lang='lat' dir='ltr'><strong>morte</strong></span> <span class='ocrx_word' id='word_1_996' title='bbox 3357 5490 3620 5558; x_wconf 82' lang='lat' dir='ltr'><strong>corporis.</strong></span> <span class='ocrx_word' id='word_1_997' title='bbox 3655 5488 3724 5543; x_wconf 81' lang='lat' dir='ltr'><strong>Et</strong></span> 
     </span>
    </p>
   </div>
   <div class='ocr_carea' id='block_1_118' title="bbox 2137 5574 3724 5647">
    <p class='ocr_par' dir='ltr' id='par_1_118' title="bbox 2137 5574 3724 5647">
     <span class='ocr_line' id='line_1_118' title="bbox 2137 5574 3724 5647; baseline 0 -13"><span class='ocrx_word' id='word_1_998' title='bbox 2137 5579 2259 5634; x_wconf 88' lang='lat' dir='ltr'><strong>ideo</strong></span> <span class='ocrx_word' id='word_1_999' title='bbox 2285 5574 2479 5634; x_wconf 82' lang='lat' dir='ltr'><strong>Paulus</strong></span> <span class='ocrx_word' id='word_1_1000' title='bbox 2509 5596 2615 5634; x_wconf 82' lang='lat' dir='ltr'><strong>non</strong></span> <span class='ocrx_word' id='word_1_1001' title='bbox 2637 5580 2777 5636; x_wconf 69' lang='lat' dir='ltr'><strong>dixit;</strong></span> <span class='ocrx_word' id='word_1_1002' title='bbox 2797 5582 2967 5636; x_wconf 81' lang='lat' dir='ltr'><strong>Solum</strong></span> <span class='ocrx_word' id='word_1_1003' title='bbox 3001 5599 3015 5638; x_wconf 92' lang='lat'><strong>:</strong></span> <span class='ocrx_word' id='word_1_1004' title='bbox 3049 5581 3140 5636; x_wconf 81' lang='lat' dir='ltr'><strong>Est</strong></span> <span class='ocrx_word' id='word_1_1005' title='bbox 3168 5594 3414 5647; x_wconf 84' lang='lat' dir='ltr'><strong>mortuus,</strong></span> <span class='ocrx_word' id='word_1_1006' title='bbox 3446 5581 3542 5636; x_wconf 90' lang='lat' dir='ltr'><strong>sed</strong></span> <span class='ocrx_word' id='word_1_1007' title='bbox 3571 5581 3724 5634; x_wconf 78' lang='lat' dir='ltr'><strong>addi-</strong></span> 
     </span>
    </p>
   </div>
   <div class='ocr_carea' id='block_1_119' title="bbox 2135 5668 3726 5744">
    <p class='ocr_par' dir='ltr' id='par_1_119' title="bbox 2135 5668 3726 5744">
     <span class='ocr_line' id='line_1_119' title="bbox 2135 5668 3726 5744; baseline 0.001 -20"><span class='ocrx_word' id='word_1_1008' title='bbox 2135 5671 2237 5736; x_wconf 91' lang='lat' dir='ltr'><strong>dit,</strong></span> <span class='ocrx_word' id='word_1_1009' title='bbox 2273 5668 2380 5723; x_wconf 87' lang='lat' dir='ltr'><strong>Pro</strong></span> <span class='ocrx_word' id='word_1_1010' title='bbox 2412 5672 2626 5740; x_wconf 75' lang='lat' dir='ltr'><strong>peccatis</strong></span> <span class='ocrx_word' id='word_1_1011' title='bbox 2653 5674 2874 5739; x_wconf 82' lang='lat' dir='ltr'><strong>nostris;</strong></span> <span class='ocrx_word' id='word_1_1012' title='bbox 2902 5679 2959 5728; x_wconf 80' lang='lat' dir='ltr'><strong>et</strong></span> <span class='ocrx_word' id='word_1_1013' title='bbox 2983 5681 3104 5729; x_wconf 79' lang='lat' dir='ltr'><strong>c‘ttm</strong></span> <span class='ocrx_word' id='word_1_1014' title='bbox 3131 5673 3214 5728; x_wconf 80' lang='lat' dir='ltr'><strong>vel</strong></span> <span class='ocrx_word' id='word_1_1015' title='bbox 3243 5674 3436 5728; x_wconf 82' lang='lat' dir='ltr'><strong>invitos</strong></span> <span class='ocrx_word' id='word_1_1016' title='bbox 3456 5673 3726 5744; x_wconf 83' lang='lat' dir='ltr'><strong>coegisset</strong></span> 
     </span>
    </p>
   </div>
   <div class='ocr_carea' id='block_1_120' title="bbox 2137 5763 3720 5836">
    <p class='ocr_par' dir='ltr' id='par_1_120' title="bbox 2137 5763 3720 5836">
     <span class='ocr_line' id='line_1_120' title="bbox 2137 5763 3720 5836; baseline 0.003 -20"><span class='ocrx_word' id='word_1_1017' title='bbox 2137 5763 2286 5819; x_wconf 76' lang='lat' dir='ltr'><strong>t&#39;ateri</strong></span> <span class='ocrx_word' id='word_1_1018' title='bbox 2321 5774 2545 5821; x_wconf 83' lang='lat' dir='ltr'><strong>mortem</strong></span> <span class='ocrx_word' id='word_1_1019' title='bbox 2597 5767 2927 5836; x_wconf 88' lang='lat' dir='ltr'><strong>corporalem</strong></span> <span class='ocrx_word' id='word_1_1020' title='bbox 2957 5785 2969 5832; x_wconf 88' lang='lat'><strong>;</strong></span> <span class='ocrx_word' id='word_1_1021' title='bbox 3005 5779 3102 5835; x_wconf 89' lang='lat' dir='ltr'><strong>per</strong></span> <span class='ocrx_word' id='word_1_1022' title='bbox 3130 5765 3230 5820; x_wconf 89' lang='lat' dir='ltr'><strong>hoc</strong></span> <span class='ocrx_word' id='word_1_1023' title='bbox 3253 5765 3544 5823; x_wconf 79' lang='lat' dir='ltr'><strong>05tendens</strong></span> <span class='ocrx_word' id='word_1_1024' title='bbox 3572 5765 3720 5821; x_wconf 78' lang='lat' dir='ltr'><strong>illum</strong></span> 
     </span>
    </p>
   </div>
  </div>
