4112 6224
475 271 586 326 3ὶὸ

473 386 677 457 χεῖρας
719 387 820 440 καὶ
866 388 1078 454 πόδας,
1121 387 1293 458 φησί·
1345 385 1476 451 καὶ,
1518 387 1803 454 Ὄψονται
1855 384 1942 449 είς
1984 381 2056 435 δν

470 470 905 538 εξεκέντησαν.

543 568 614 629 7'.
647 562 755 614 Καὶ
791 562 963 615 πολλὰ
987 563 1045 615 δὲ
1073 563 1258 633 ἔτερα,
1294 561 1382 614 ἵνα
1419 561 1494 632 μὴ
1525 560 1701 615 πάντα
1732 561 1854 614 καθ’
1875 559 1934 613 ἐν
1965 557 2056 611 λέ-

471 664 684 718 γωμεν,
701 647 770 701 τά
794 649 893 719 μὲν
916 648 1003 702 διὰ
1034 650 1319 719 ῥημάτων.
1340 649 1410 701 τὰ
1433 649 1488 701 δὲ
1505 648 1595 701 διά
1615 646 1800 701 τύπων
1823 645 1968 699 ἔστιν
1995 645 2056 698 ἐν

471 737 664 799 αύταῖς
697 736 928 804 κείμενα
969 736 1098 788 ἰδεῖν
1126 734 1391 806 δηλοῦντα
1427 734 1529 804 τῆς
1563 733 1766 804 σαρκὸς
1796 731 1896 801 τὴν
1918 746 2056 799 σφα-

470 825 594 894 γήν·
621 825 716 876 καὶ⁹
735 824 816 876 ὅτι
837 822 978 893 ὑπὲρ
1001 823 1107 876 τῶν
1130 823 1415 893 ἁμαρτιῶν
1435 819 1593 892 ἡμῶν
1618 819 1856 891 ἐσφάγη.
1885 819 2056 886 Ὑπὲρ

469 913 578 983 7&9
611 911 730 964 τῶν
753 911 1054 979 ἁμαρτιῶν
1075 909 1183 964 τοῦ
1215 910 1371 965 λαοῦ
1404 927 1548 980 μου,
1573 908 1760 980 φησιν,
1793 907 1925 976 ἢκει
1967 908 2057 973 εις

469 1000 760 1054 θάνατον·
823 1000 936 1065 καὶ,
993 1000 1212 1066 Κύριος
1270 998 1616 1066 παρέδωκεν
1673 995 1860 1050 αὑτὸν
1925 995 2057 1061 ταῖς

468 1089 781 1158 ἁμαρτίαις
831 1085 1037 1156 ημῶνο
1074 1087 1190 1151 καὶ,
1253 1085 1727 1154 Ἐτραυματίσθη
1796 1082 1892 1137 διὰ
1948 1083 2057 1148 τὰς

467 1175 759 1244 ἁμαρτίας
815 1173 1003 1243 ἡμῶν.
1055 1175 1117 1228 Et
1174 1173 1232 1226 δὲ
1277 1173 1379 1226 οὐκ
1427 1173 1596 1244 ἀνέχῃ
1649 1172 1751 1242 τῆς
1787 1169 2053 1235 Παλαιάς,

468 1265 698 1318 ἄκουσον
726 1264 976 1317 Ἰωάννου
1017 1264 1272 1334 βοῶντος,
1299 1263 1393 1316 καὶ
1426 1264 1713 1333 ἀμφότερα
1747 1260 2051 1331 δηλοῦντος,

468 1353 562 1405 καὶ
600 1355 697 1422 τὴν
732 1352 828 1405 τοῦ
869 1351 1120 1422 σώματος
1167 1351 1385 1424 σφαγὴν
1426 1352 1520 1404 καὶ
1557 1349 1656 1421 τὴν
1702 1349 1904 1402 αἰτίανο
1943 1346 2056 1401 Ἴδε

468 1441 598 1511 γὰρ.
625 1440 811 1512 φησὶν,
845 1444 876 1494 ό
908 1441 1115 1510 Ἀμνὸς
1142 1439 1249 1494 τοῦ
1282 1440 1430 1494 Θεοῦ
1460 1442 1493 1494 ό
1521 1439 1706 1508 αἴρων
1727 1438 1841 1506 τὴν
1870 1437 2053 1507 ἁμαρ-

466 1529 603 1582 τίαν
644 1528 751 1582 τοῦ
785 1530 1038 1598 κόσμου’
1091 1529 1188 1581 καὶ
1232 1527 1446 1581 Παύλου
1481 1526 1752 1595 λέγοντος,
1802 1528 1913 1579 Τὸν
1943 1525 2054 1594 γὰρ

467 1614 548 1684 μὴ
619 1617 844 1685 γνόντα
905 1617 1237 1684 ἁμαρτίαν,
1306 1614 1459 1682 ὑπὲρ
1525 1613 1697 1683 ήμῶν
1759 1613 2056 1682 ἁμαρτίαν

465 1703 779 1768 ἐποίησεν,
812 1703 914 1755 ἵνα
963 1702 1135 1772 ἡμεῖς
1175 1700 1478 1772 γενώμεθα
1509 1700 1657 1753 Θεοῦ
1693 1698 2051 1768 δικαιοσύνη

465 1789 536 1842 ἐν
561 1789 740 1855 αὐτῷ·
776 1789 872 1842 καὶ
901 1789 1083 1853 πάλιν,
1111 1788 1372 1856 Χριστὸς
1399 1785 1560 1856 ημᾶς
1581 1786 1957 1856 ἐξηγόρασεν
1983 1788 2054 1840 ἐκ

465 1877 578 1948 τῆς
611 1878 876 1947 κατάρας
925 1878 1033 1932 τοῦ
1078 1878 1291 1947 νόμου,
1333 1877 1658 1947 γενόμενος
1694 1876 1850 1945 ὑπὲρ
1883 1874 2054 1946 ἡμῶν

465 1969 713 2038 κατάρα’
755 1970 852 2022 καὶ
903 1968 1087 2036 πάλιν,
1131 1965 1659 2036 Ἀπεκδυσάμενος
1708 1965 1817 2032 τὰς
1859 1965 2053 2036 ἀρχὰς

466 2057 566 2110 καὶ
605 2057 711 2122 τὰς
734 2056 1046 2122 ἐξουσίας,
1078 2055 1460 2125 ἐδειγμάτισε
1493 2053 1918 2124 θριαμϐεύσας·
1956 2055 2052 2108 καὶ

469 2145 638 2216 μυρία
666 2144 829 2216 ἔτερα
863 2143 1083 2196 πλείονα
1119 2142 1384 2214 δηλοῦντα
1411 2141 1482 2195 τά
1511 2142 1655 2196 κατά
1691 2143 1791 2212 τὴν
1834 2143 2052 2212 σφαγὴν

463 2235 558 2288 τοῦ
591 2233 842 2305 σώματος
872 2235 1164 2305 γενόμενα,
1199 2235 1294 2288 καὶ
1324 2234 1416 2288 διά
1439 2233 1539 2297 τάς
1564 2235 1840 2305 ἁμαρτίας
1869 2234 2048 2306 ήμῶν.

465 2323 576 2376 Καὶ
605 2323 712 2394 7&9
736 2323 899 2386 αὑτός
919 2337 1105 2393 φησιν’
1136 2321 1307 2392 Ὑπὲρ
1333 2323 1507 2392 ὑμῶν
1531 2322 1742 2393 ἁγιάζω
1763 2323 2046 2394 ἐμαυτόν·

465 2413 580 2475 καὶ,
619 2397 676 2463 ’0
707 2410 908 2480 ἄρχων
953 2411 1058 2465 τοῦ
1090 2410 1326 2480 κόσμου
1373 2411 1595 2465 τούτου
1631 2409 2050 2479 κατακέκριται

462 2499 600 2564 νῦν,
626 2498 802 2568 δηλῶν
822 2500 906 2552 ὅτι
931 2500 1031 2552 οὐκ
1065 2497 1205 2568 ἔχων
1229 2498 1511 2570 ἁμαρτίαν
1535 2497 1774 2570 ἐσφάγη.
1809 2499 1921 2552 Καὶ
1960 2498 2051 2552 ὅτι

461 2588 673 2658 ἐτάφη.
697 2591 806 2643 Καὶ
831 2589 989 2645 τοῦτο
1007 2589 1063 2642 δὲ
1085 2589 1193 2642 τῶν
1215 2590 1497 2661 προτέρων
1525 2591 2046 2645 κατασκευαστικόν·

462 2676 524 2730 τὸ
549 2677 658 2748 γάρ
690 2677 1048 2749 θαπτόμενον,
1081 2678 1298 2742 πάντως
1327 2679 1489 2750 σῶμά
1509 2665 1646 2732 ἐστι.
1680 2680 1790 2733 Καὶ
1817 2680 2050 2734 ἐνταῦθα

461 2763 649 2816 ούκέτι
707 2763 858 2835 [554]
915 2765 1268 2838 προστίθησι,
1296 2768 1459 2820 Κατὰ
1496 2768 1602 2832 τάς
1634 2767 1902 2837 Γραφάς·
1933 2765 2047 2840 εἶχε

465 2851 565 2921 μὲν
594 2851 726 2922 7&9,
752 2851 891 2921 πλὴν
920 2854 982 2905 οὑ
1012 2853 1358 2924 προστίθησι.
1397 2853 1554 2917 Τίνος
1577 2854 1794 2922 ’ἐνεκεν;
1824 2857 1894 2909 Ἦ
1921 2858 2003 2910 ὅτι
2022 2859 2051 2910 ό

461 2939 632 3007 τάφος
660 2940 833 2994 ἅπασι
858 2940 1016 3012 δῆλος
1044 2942 1138 2994 καὶ
1164 2942 1286 2994 τότε
1320 2942 1415 2996 καὶ
1450 2942 1564 2996 νῦν’
1595 2943 1628 3014 ἢ
1657 2945 1740 2996 ὅτι
1765 2945 1909 2998 κατά
1933 2962 2050 2998 κοι-

461 3027 554 3081 νοῦ
600 3031 778 3082 κεῖται
825 3029 907 3094 τὸ,
937 3032 1100 3083 Κατὰ
1131 3030 1239 3096 τὰς
1262 3029 1529 3100 Γραφάς.
1558 3031 1715 3095 Τίνος
1743 3029 1837 3086 οῦν
1864 3033 2048 3088 ἕνεκεν

462 3116 697 3170 ἐνταῦθα
724 3116 1050 3188 προστίθησι
1075 3116 1156 3180 τὸ,
1188 3118 1347 3172 Κατὰ
1373 3119 1483 3184 τὰς
1507 3119 1785 3190 Γραφάς;
1813 3122 1925 3174 Καὶ
1957 3122 2049 3176 ὅτι

459 3207 770 3277 ἐγήγερται
799 3206 872 3276 τῇ
903 3208 1068 3276 τρίτῃ
1098 3209 1290 3277 ἡμέρᾳ
1324 3210 1476 3262 κατὰ
1509 3210 1616 3275 τὰς
1650 3210 1917 3280 Γραφὰς,
1954 3213 2049 3266 καὶ

460 3298 562 3350 οὐκ
585 3298 834 3368 ἀρκεῖται
865 3296 942 3368 τῷ
970 3297 1223 3368 προτέρῳ
1248 3297 1324 3365 τῷ
1352 3297 1496 3351 κατά
1524 3298 1705 3352 κοινοῦ
1733 3302 2044 3372 είρημένῳ;

464 3385 584 3438 Ὅτι
619 3386 713 3438 καὶ
741 3383 899 3438 τοῦτο
931 3388 1043 3448 τοῖς
1067 3385 1285 3448 πολλοῖς
1318 3386 1512 3456 ἄδηλον
1538 3381 1627 3456 ἦν·
1657 3388 1740 3442 διὸ
1768 3391 2046 3446 κάνταῦθα

457 3472 557 3536 τὰς
583 3473 808 3546 Γραφάς
833 3474 1076 3545 παράγει
1099 3473 1485 3544 ἐμπνευσθεὶς,
1516 3473 1675 3528 τοῦτο
1700 3479 1962 3549 ἐννοήσας
1985 3479 2046 3532 τὸ

344 3599 352 3607 .
461 3561 624 3631 σοφὸν
650 3562 744 3614 καὶ
772 3560 913 3614 θεῖον
941 3560 1137 3632 νόημα.
1165 3561 1290 3624 Πῶς
1321 3558 1415 3616 οὖν
1443 3564 1538 3616 καὶ
1566 3563 1660 3616 ἐπὶ
1687 3565 1782 3618 τοῦ
1811 3566 2043 3621 θανάτου

459 3651 519 3702 οὐ
553 3650 617 3702 τὸ
653 3648 786 3702 αὐτὸ
826 3651 1000 3714 ποιεῖ;
1030 3648 1156 3702 Ὀτι
1205 3651 1365 3704 κάκεῖ
1404 3652 1433 3703 ό
1469 3650 1570 3721 μὲν
1621 3654 1857 3725 σταυρὸς
1907 3658 2042 3710 πάσι

459 3737 760 3808 κατάδηλος
789 3732 859 3808 ἦν
894 3737 988 3790 καὶ
1021 3736 1240 3791 πάντων
1273 3737 1526 3810 ὁρώντων
1566 3740 2038 3810 ἀνεσκολοπίζετο·

458 3830 493 3901 ή
523 3828 579 3882 δὲ
611 3826 782 3893 αίτία,
827 3827 1011 3880 οὐκέτι
1054 3829 1278 3898 ὁμοίως.
1309 3829 1435 3883 Ὀτι
1485 3831 1586 3900 μὲν
1625 3833 1736 3904 γὰρ
1780 3835 2040 3904 ἀπέθανε,

457 3920 660 3983 πάντες
685 3917 904 3990 ⁴ᾔδεσαν·
934 3921 1017 3972 ὅτι
1044 3919 1100 3972 δὲ
1132 3920 1272 3992 ὑπὲρ
1297 3919 1406 3973 τῶν
1434 3920 1718 3993 ἁμαρτιῶν
1745 3923 1847 3994 τῆς
1869 3927 2042 3979 οίκου-

459 4009 629 4080 μένης
674 4007 834 4062 τοῦτο
885 4009 1110 4074 ἔπαθεν,
1161 4009 1346 4062 οὐκέτι
1398 4011 1601 4080 ὁμοίως
1648 4012 1947 4082 ἠπίσταντο
1990 4019 2038 4070 οί

457 4098 662 4156 πολλοί.
697 4099 788 4153 Διὸ
835 4099 934 4170 τὴν
967 4100 1074 4152 ἀπὸ
1107 4098 1218 4155 τῶν
1246 4100 1482 4170 Γραφῶν
1535 4103 1843 4174 μαρτυρίαν
1893 4123 2040 4177 παρ-

457 4191 602 4260 άγει.
649 4189 812 4245 Ἀλλά
847 4188 1007 4244 τοῦτο
1041 4190 1140 4260 μὲν
1174 4187 1372 4253 ἱκανῶς
1401 4189 1780 4245 ἀποδέδεικται
1817 4193 1905 4248 διὰ
1931 4195 2039 4249 τῶν

456 4281 761 4351 εἰρημένων
807 4281 961 4351 ἡμῖν’
1019 4277 1120 4332 ποῦ
1158 4278 1216 4332 δὲ
1266 4279 1349 4332 ὅτι
1400 4279 1602 4351 ἐτάφη,
1647 4282 1741 4336 καὶ
1779 4286 1845 4356 τῇ
1875 4287 2035 4360 τρίτῃ

455 4371 640 4442 ἡμέρᾳ
677 4369 1042 4440 ἀναστήσεται
1080 4369 1365 4439 εἰρήκασιν
1398 4369 1455 4422 αἱ
1506 4369 1758 4440 Γραφαί;
1802 4375 1902 4429 Διά
1940 4378 2034 4431 τοῦ

455 4457 599 4511 κατὰ
629 4457 720 4511 τὸν
753 4457 935 4511 ’ῐωνᾶν
955 4455 1150 4522 τύπου,
1177 4455 1236 4509 ὃν
1266 4458 1362 4512 καὶ
1387 4457 1548 4522 αὐτὸς
1573 4460 1812 4533 παράγει
1839 4463 2033 4534 λέγων’

454 4546 684 4615 Ὥσπερ
706 4541 786 4615 ἦν
817 4543 1021 4610 Ἰωνᾶς
1048 4545 1119 4597 ἐν
1146 4543 1220 4613 τῇ
1247 4547 1449 4615 κοιλίᾳ
1488 4547 1597 4601 τοῦ
1627 4548 1852 4617 κήτους
1881 4553 2035 4621 τρεῖς

453 4635 679 4704 ἡμέρας
705 4635 802 4687 καὶ
828 4632 985 4700 τρεῖς
1014 4633 1260 4698 νύκτας,
1285 4632 1475 4700 οὕτως
1503 4634 1675 4689 ἔσται
1700 4639 1798 4691 καί
1831 4643 1864 4693 ό
1903 4643 2035 4707 Υἱός

452 4723 560 4778 τοῦ
600 4721 920 4793 ἀνθρώπου
956 4721 1027 4775 ἐν
1054 4719 1130 4790 τῇ
1170 4719 1382 4788 καρδίᾳ
1418 4721 1529 4790 τῆς
1552 4723 1665 4794 γῆς
1699 4727 1860 4794 τρεῖς
1887 4729 2032 4798 ἡμέ-

447 4825 562 4878 ρας
598 4813 695 4865 καὶ
725 4810 882 4880 τρεῖς
916 4810 1160 4878 νύκτας·
1186 4809 1280 4863 καὶ
1305 4808 1395 4863 διά
1429 4810 1523 4863 τοῦ
1553 4810 1716 4881 βάτου
1749 4815 1845 4868 τοῦ
1874 4817 1933 4870 ἐν
1964 4821 2030 4891 τῇ

453 4902 664 4970 ἐρήμῳ.
706 4902 919 4973 ’Ὠσπερ
960 4901 1071 4974 7&9
1122 4901 1330 4964 ἐκεῖνος
1387 4901 1622 4969 ἐκαίετο,
1651 4904 1746 4957 καὶ
1789 4907 1850 4959 ού
1896 4927 2029 4963 κατ-

453 4989 682 5049 εκαίετο.
716 4989 860 5045 οὕτω
898 4993 992 5044 καὶ
1034 4992 1096 5044 τὸ
1129 4992 1291 5063 σῶμα
1321 4994 1496 5046 ἐκεῖνο
1539 4993 1779 5049 ἀπέθανε
1815 4998 1936 5068 μὲν,
1968 5001 2028 5054 οῦ

451 5074 752 5146 κατεσχέθη
782 5077 840 5129 δὲ
869 5077 974 5129 ὑπὸ
1003 5076 1098 5129 τοῦ
1132 5079 1366 5133 θανάτου
1395 5081 1679 5152 διηνεκῶς.
1703 5085 1814 5139 Καὶ
1843 5089 1872 5140 ὁ
1895 5087 2029 5160 δρά-

451 5182 562 5220 κων
595 5164 651 5218 δὲ
677 5167 706 5218 ό
739 5164 832 5218 ἐπὶ
858 5163 952 5218 τοῦ
985 5166 1183 5237 Δανιὴλ
1213 5167 1372 5221 τοῦτο
1407 5171 1722 5229 αἰνίττεται.
1758 5177 2028 5250 Καθάπερ

448 5253 555 5326 γάρ
586 5254 793 5317 ἐκεῖνος
820 5251 999 5306 λαϐὼν
1029 5253 1128 5324 τὴν
1164 5254 1388 5326 τροφὴν,
1416 5257 1483 5327 ἢν
1520 5260 1718 5316 ἔδωκεν
1750 5265 1778 5317 ό
1816 5269 2028 5337 προφή-

447 5362 565 5416 της,
594 5345 759 5416 μέσος
779 5344 1010 5417 ἐρῤάγη’
1043 5343 1185 5399 οὕτω
1224 5347 1317 5399 καὶ
1366 5348 1394 5400 ό
1445 5347 1601 5421 ᾅδης,
1630 5354 1916 5410 καταπιὼν
1963 5357 2026 5409 τὸ

448 5434 608 5505 σῶμα
647 5437 842 5498 ἐκεῖνο,
882 5435 1182 5509 διεσχίσθη,
1220 5435 1315 5490 τοῦ
1349 5437 1598 5510 σώματος
1636 5443 1803 5497 αὑτοῦ
1844 5445 2022 5498 διατε-

449 5523 638 5592 μόντος
679 5525 826 5596 αύτῷ
856 5525 953 5597 τὴν
981 5527 1166 5597 νηδὺν,
1195 5527 1290 5579 καὶ
1329 5527 1682 5593 ἀναστάντος.
1727 5532 1788 5584 Εἰ
1832 5531 1888 5584 δὲ
1929 5534 2024 5586 καὶ

445 5607 532 5659 διὰ
566 5612 824 5680 ῥημάτων
853 5613 1027 5676 θέλεις
1057 5615 1288 5669 ἀκοῦσαι
1311 5617 1502 5681 ταῦτα,
1535 5619 1568 5672 ἀ
1594 5619 1682 5672 διά
1708 5620 1815 5672 τῶν
1837 5619 2023 5674 τύπων

446 5690 604 5758 εἶδες,
625 5697 854 5750 ἄκουσον
876 5699 970 5752 τοῦ
997 5701 1219 5754 Ἡσαΐου
1243 5702 1509 5770 λέγοντος,
1541 5705 1623 5758 ὅτι
1640 5706 1873 5774 Αἵρεται
1897 5709 2018 5764 ἀπὸ

1135 269 1195 325 S.
1235 267 1527 326 JOANNIS
1564 263 2061 324 CHRYSOSTOMI
2091 263 2416 328 ARCHIEP.
2456 270 3013 332 CONSTANTINOP.

3628 273 3735 332 εει

2159 383 2273 452 τῆς
2323 386 2434 456 γῆς
2488 390 2528 456 η
2585 387 2696 459 ζωὴ
2739 391 2961 450 αὐτοῦ’
3021 391 3135 454 καὶ,
3187 390 3401 456 Κύριος
3444 389 3733 453 βούλεται

2158 473 2476 538 καθαρίσαι
2515 475 2703 528 αὑτὸν
2741 473 2860 527 ἀπὸ
2903 474 3015 543 τῆς
3043 473 3307 543 πληγῆς,
3345 473 3536 538 δεῖξαι
3573 473 3735 540 αὐτῷ

2155 553 2302 624 φῶς
2329 558 2423 611 καὶ
2445 558 2539 612 τοῦ
2567 559 2727 613 Δαυῒδ
2752 561 2858 629 πρὸ
2879 560 3090 614 ἐκείνου
3124 564 3246 615 Οὐκ
3276 560 3736 631 ἐγκαταλείψεις

2155 642 2271 711 τὴν
2303 645 2511 716 ψυχήν
2542 665 2660 716 μου
2697 650 2784 713 είς
2809 647 2985 716 ᾅδην,
3019 647 3161 702 οῦδὲ
3180 647 3394 714 δώσεις
3422 649 3530 702 τὸν
3560 649 3736 703 ὅσιόν

2155 745 2273 786 σου
2309 733 2460 787 ίδεῖν
2492 735 2839 805 διαφθοράν.
2876 737 2975 790 Διά
3018 735 3174 789 τοῦτό
3218 753 3277 788 σε
3324 736 3418 790 καὶ
3455 738 3484 790 ὁ
3524 737 3736 802 Παῦλος

2157 823 2520 894 παραπέμπει
2573 827 2654 888 είς
2698 826 2796 891 τάς
2841 826 3086 898 Γραφάς,
3143 825 3228 879 ἵνα
3278 825 3456 898 μάθῃς
3503 827 3586 880 ὅτι
3635 829 3736 899 οὐχ

2156 909 2345 974 ἁπλῶς
2386 912 2508 965 οὐδὲ
2549 913 2674 983 εἰκῆ
2703 912 2875 967 ταῦτα
2898 913 3131 982 ἐγένετο.
3175 911 3298 975 Πῶς
3323 912 3432 982 7&9
3463 914 3737 968 τοσούτων

2157 999 2456 1070 προφητῶν
2479 1001 2996 1072 προδιαγραφόντων
3029 999 3172 1054 αύτά
3200 1001 3294 1053 καὶ
3328 1001 3734 1072 ἀνακηρυττόν-

2155 1103 2285 1150 των,
2315 1086 2398 1139 ὃτι
2436 1087 2674 1157 οὐδαμοῦ
2704 1090 2736 1158 ή
2772 1088 2962 1160 Γραφὴ
2992 1088 3081 1142 τὸν
3112 1088 3211 1158 τῆς
3250 1087 3524 1158 ἁμαρτίας
3566 1089 3736 1144 θάνα-

2155 1191 2247 1227 τον
2279 1173 2449 1243 λέγει,
2482 1175 2576 1226 τοῦ
2605 1175 2938 1229 Δεσποτικοῦ
2966 1175 3288 1246 μεμνημένη
3319 1175 3572 1240 θανάτου,
3599 1176 3742 1231 ἀλλά

2155 1262 2247 1314 τὸν
2284 1263 2617 1332 σωματικὸν,
2654 1264 2749 1316 καὶ
2774 1263 2949 1335 ταφὴν
2983 1265 3076 1318 καὶ
3106 1267 3404 1318 ἀνάστασιν
3436 1267 3733 1335 τοιαύτην;

2156 1347 2266 1401 Καὶ
2300 1347 2390 1401 ὅτι
2415 1347 2582 1418 ὤφθη
2601 1346 2796 1417 Κηφᾷ.
2831 1349 3044 1412 Εὐθέως
3071 1349 3162 1403 τὸν
3188 1351 3407 1404 πάντων
3430 1349 3737 1414 ἀξιοπιστό-

2155 1447 2314 1502 τερον
2334 1430 2567 1502 τίθησιν.
2595 1433 2836 1486 Ἔπειτα
2858 1431 2981 1498 τοῖς
3001 1431 3230 1487 δώδεκα
3250 1445 3275 1473 α
3293 1451 3306 1462 ’
3337 1433 3544 1488 ἔπειτα
3568 1433 3734 1503 ὤφθη

2154 1521 2354 1575 ἐπάνω
2385 1523 2808 1589 πεντακοσίοις
2833 1523 3124 1592 ἀδελφοῖς
3157 1523 3420 1594 ἐφάπαξ,
3451 1525 3520 1590 ἐξ
3560 1521 3648 1580 ὧν
3678 1529 3734 1580 οὶ

2156 1611 2409 1676 πλείους
2427 1609 2723 1680 μένουσιν
2743 1611 2855 1678 ἕως
2890 1611 3041 1680 ἄρτι,
3074 1611 3234 1678 τινες
3268 1613 3337 1665 δὲ
3365 1613 3464 1666 καί
3493 1614 3734 1682 ἐκςιμήι

2156 1701 2374 1766 θησαν·
2398 1702 2604 1754 ἔπειτα
2639 1700 2910 1766 Ἰακώϐῳ,
2939 1695 3067 1756 εἶτα
3090 1700 3214 1766 τοῖς
3237 1701 3604 1767 ἀποστόλοις
3625 1701 3735 1757 πᾶ-

2155 1803 2278 1840 σιν·
2310 1788 2575 1854 ἔσχατον
2607 1787 2676 1840 δὲ
2703 1788 2964 1853 πάντων,
2996 1789 3256 1856 ὡσπερεί
3283 1788 3361 1860 τῷ
3388 1790 3733 1859 ἐκτρώματι,

2154 1874 2320 1945 ὤφθη
2351 1876 2550 1944 κάμοί.
2587 1874 2806 1945 Ἐπειδὴ
2827 1875 2936 1946 γὰρ
2964 1876 3062 1946 τὴν
3091 1876 3199 1929 ἀπὸ
3219 1877 3328 1930 τῶν
3350 1877 3581 1947 Γραφῶν
3607 1878 3735 1931 ἀπό·

2152 1962 2319 2029 δειξιν
2352 1957 2495 2027 εἷπε,
2525 1962 2847 2034 προστίθησι
2877 1964 2972 2016 καὶ
3000 1964 3098 2032 τὴν
3122 1963 3210 2017 διά
3236 1964 3342 2017 τῶν
3365 1965 3731 2036 πραγμάτων,

2157 2050 2442 2123 μάρτυρας
2471 2052 2735 2123 παράγων
2766 2051 2866 2122 τῆς
2898 2051 3250 2115 ἀναστάσεως
3277 2050 3415 2123 μετά
3446 2055 3571 2116 τοὺς
3599 2070 3733 2125 προ-

2153 2139 2329 2210 φήτας
2358 2139 2485 2202 τοὺς
2516 2137 2846 2202 ἀποστόλους
2878 2136 2973 2192 καὶ
2999 2139 3219 2209 ἐτέρους
3256 2143 3477 2204 πιστοὺς
3518 2139 3730 2213 ἀνθρώ-

2155 2243 2310 2290 πους.
2341 2225 2493 2298 [355]
2535 2228 2595 2279 Εἰ
2633 2226 2689 2278 δὲ
2721 2226 2822 2297 τήν
2855 2225 3154 2280 ἀνάστασιν
3191 2226 3411 2300 ἐκείνην
3444 2229 3598 2297 ἔλεγε
3631 2231 3732 2300 τὴν

2151 2317 2251 2386 τῆς
2269 2315 2544 2387 ἁμαρτίας
2567 2314 2907 2386 ἀπαλλαγὴν,
2933 2315 3204 2388 περιττῶς
3228 2315 3436 2386 ἔλεγεν,
3458 2317 3635 2387 Ὠφθη
3653 2317 3733 2389 τῷ

2151 2404 2285 2458 δεῖνι
2319 2406 2413 2459 καὶ
2450 2406 2524 2475 τῷ
2554 2402 2707 2458 δεῖνι.
2738 2403 2910 2458 Τοῦτο
2952 2405 3062 2476 γάρ
3097 2407 3460 2477 πιστουμένου
3492 2408 3592 2480 τὴν
3635 2404 3732 2460 τοῦ

2155 2491 2404 2564 σώματος
2433 2493 2730 2547 ἀνάστασιν
2760 2495 2927 2558 ἐστιν,
2963 2495 3062 2564 ούχ
3105 2494 3520 2567 ἁμαρτημάτων
3553 2496 3729 2550 ἀπαλ-

2151 2581 2326 2653 λαγὴν
2353 2583 2753 2653 αἰνιττομένου.

2225 2688 2291 2741 δ’.
2325 2687 2415 2740 Διὸ
2443 2688 2563 2742 οὐδὲ
2584 2688 2731 2754 ἅπαξ
2759 2683 2878 2743 εἷπε
2912 2689 2992 2756 τὸ,
3024 2689 3236 2761 Ὤφθη,
3264 2691 3436 2747 καίτοι
3467 2710 3532 2762 γε
3569 2693 3731 2766 ἤρκει

2152 2776 2295 2830 κατά
2321 2777 2499 2829 κοινοῦ
2534 2775 2693 2830 θέντα
2721 2779 2820 2849 τὴν
2843 2779 3007 2846 λέξιν*
3046 2780 3144 2833 νῦν
3175 2781 3231 2834 δὲ
3263 2781 3356 2834 καὶ
3385 2782 3466 2846 δὶς
3491 2783 3585 2835 καὶ
3611 2783 3731 2853 τρὶς

2151 2865 2244 2917 καὶ
2267 2864 2352 2933 ἐφ’
2374 2864 2589 2936 ἑκάστῳ
2611 2866 2796 2936 σχεδὸν
2816 2866 2925 2922 τῶν
2945 2869 3274 2939 ἑωρακότων
3297 2869 3468 2941 αὐτὴν
3494 2869 3728 2942 τίθησιν.

2155 2953 2346 3021 Ὠερθη
2392 2952 2523 3024 γάρ,
2561 2954 2712 3024 φησὶ,
2751 2954 2948 3024 Κηφᾷ,
2995 2956 3162 3026 ὤφθη
3204 2954 3404 3010 ἐπάνω
3444 2975 3732 3012 πεντακο-

2151 3041 2310 3105 σίοις
2332 3039 2639 3111 ἀδελφοῖς,
2675 3043 2840 3112 ὤφθη
2881 3045 3081 3114 κάμοί.
3116 3045 3226 3100 Καὶ
3256 3046 3363 3117 μὴν
3387 3045 3449 3098 τὸ
3481 3046 3731 3115 Εὐαγγέ-

2151 3127 2263 3182 λιον
2293 3129 2603 3184 τούναντίον
2639 3129 2809 3200 λέγει,
2845 3133 2928 3186 ὅτι
2987 3137 3052 3206 τῇ
3099 3135 3287 3206 Μαρίᾳ
3335 3134 3546 3206 πρώτῃ.
3589 3135 3730 3188 Ἀλλ’

2151 3218 2210 3270 ἐν
2264 3217 2490 3289 ἀνδράσι
2536 3217 2713 3290 τούτῳ
2776 3219 2999 3292 πρώτῳ,
3047 3221 3124 3293 τῷ
3157 3223 3394 3292 μάλιστα
3422 3225 3584 3277 αὐτὸν
3617 3240 3718 3276 πο-

2151 3302 2333 3358 θοῦντι
2370 3306 2520 3360 ίδεῖν.
2567 3307 2751 3370 Ποίοις
2783 3307 2841 3360 δὲ
2885 3307 3094 3362 δώδεκα
3132 3311 3563 3383 ἐνταῦθά-φησιν
3589 3313 3727 3366 ἀπο-

2151 3393 2393 3459 στόλοιςς
2429 3395 2566 3464 μετά
2591 3394 2699 3466 γὰρ
2718 3395 2816 3466 τὴν
2832 3395 3098 3466 ἀνάληψιν
3113 3401 3140 3451 ὀ
3169 3399 3415 3463 Ματθίας
3434 3400 3726 3473 κατελέγη,

2147 3483 2210 3535 ού
2258 3483 2397 3553 μετά
2449 3483 2548 3555 τὴν
2587 3483 2886 3538 ἀνάστασιν
2935 3485 3157 3549 εὐθέως.
3215 3486 3353 3540 Ἀλλ’
3387 3489 3537 3553 είκὺς
3563 3490 3729 3542 αὐτὸν

2147 3570 2243 3622 καὶ
2275 3570 2412 3641 μετὰ
2449 3572 2548 3642 τὴν
2594 3571 2862 3642 ἀνάληψιν
2893 3565 3093 3641 ὦφθαι.
3128 3574 3303 3638 Αὐτὸς
3352 3575 3484 3644 γοῦν
3511 3572 3668 3641 οὗτος
3696 3582 3727 3632 ό

2147 3660 2443 3723 ἀπόστολος
2480 3661 2618 3729 μετά
2645 3662 2745 3732 τὴν
2772 3662 3039 3734 ἀνάληψιν
3076 3665 3172 3718 καὶ
3202 3664 3430 3736 ἐκλήθη,
3459 3669 3554 3721 καὶ
3581 3665 3726 3722 εἶδεν

2146 3748 2327 3804 αὐτόν.
2397 3748 2495 3802 Διά
2544 3747 2704 3802 τοῦτο
2755 3750 2878 3804 οὐδὲ
2936 3751 3030 3805 τὸν
3079 3754 3272 3824 καιρὸν
3327 3754 3563 3826 τίθησιν,
3608 3758 3725 3811 ἀλλ’

2146 3835 2333 3900 ἁπλῶς
2368 3836 2461 3889 καὶ
2495 3835 2812 3906 ἀδιορίστως
2843 3838 3131 3908 καταλέγει
3160 3842 3258 3903 τάς
3279 3841 3448 3912 ὄψεις·
3487 3846 3580 3898 καὶ
3613 3844 3724 3915 7&9

2145 3925 2292 3988 είκδς
2325 3922 2529 3986 πολλὰς
2567 3925 2925 3996 γεγενῆσθαι·
2967 3926 3048 3980 διὸ
3077 3929 3172 3981 καὶ
3200 3931 3229 3982 ό
3258 3931 3511 4002 Ἰωάννης
3543 3932 3719 4001 ἔλεγε,

2144 4011 2340 4082 Τρίτον
2401 4010 2560 4064 τοῦτο
2617 4011 2933 4079 ἐνεφάνισεν
2980 4014 3195 4069 ἑαυτόν.
3259 4017 3499 4073 Ἔπειτα
3552 4019 3722 4089 ὤφθη

2142 4098 2344 4153 ἐπάνω
2372 4099 2798 4164 πεντακοσίοις
2828 4099 3134 4168 ἀδελφοῖς.
3162 4101 3319 4165 Τινὲς
3348 4102 3426 4167 τὸ,
3466 4105 3718 4172 Ἐπάνω,

2143 4185 2256 4239 ἄνω
2285 4187 2349 4238 ἐκ
2383 4185 2493 4238 τῶν
2522 4184 2767 4255 ούρανῶν
2800 4180 2942 4240 εἷναί
2972 4204 3160 4256 φασιν.
3215 4191 3288 4242 Ού
3327 4191 3436 4259 7&9
3473 4193 3568 4245 ἐπὶ
3615 4193 3720 4262 γῆς

2144 4274 2400 4346 βαδίζων,
2433 4273 2548 4328 ἀλλ’
2578 4275 2710 4340 ἄνω,
2747 4273 2840 4328 καὶ
2863 4275 3004 4346 ὑπὲρ
3034 4278 3279 4347 κεφαλῆς
3311 4280 3496 4344 αὐτοῖς
3534 4281 3715 4353 ὤφθη.

2140 4363 2252 4416 Καὶ
2282 4362 2391 4434 7&9
2421 4363 2542 4433 οὐχὶ
2583 4362 2681 4433 τὴν
2710 4362 3011 4417 ἀνάστασιν
3052 4366 3429 4422 πιστώσασθαι
3470 4369 3720 4423 ἐϐούλετο

2144 4453 2327 4524 μόνον,
2347 4451 2483 4507 ἀλλά
2509 4450 2604 4504 καὶ
2635 4451 2733 4520 τὴν
2777 4452 3064 4522 ἀνάληψιν.
3100 4455 3258 4519 Τινὲς
3280 4457 3337 4510 δὲ
3368 4457 3588 4526 λέγουσι
3633 4461 3717 4525 τὸ,

2155 4540 2385 4594 Ἐπάνω
2420 4542 2867 4606 πεντακοσίοις,
2916 4545 3030 4608 τοῖς
3078 4546 3321 4601 πλείοσιν
3371 4549 3404 4618 ἢ
3456 4565 3719 4604 πεντακο-

2140 4627 2297 4692 σίοις.
2331 4629 2434 4692 Ἓξ
2467 4622 2555 4681 ὧν
2601 4627 2656 4682 οὶ
2703 4630 2953 4696 πλείους
2989 4633 3291 4700 μένουσιν
3313 4633 3425 4701 ἕως
3464 4638 3613 4706 ἄρτι.
3653 4639 3718 4691 Εἰ

2137 4716 2247 4788 γάρ
2279 4717 2373 4770 καὶ
2399 4715 2603 4769 παλαιά
2653 4716 2948 4789 διηγοῦμαι
2989 4719 3314 4791 πράγματα,
3369 4727 3554 4795 φησὶν,
3599 4727 3714 4780 ἀλλ’

2137 4805 2245 4876 ἔχω
2285 4804 2572 4876 μάρτυρας
2604 4804 2683 4858 ἔτι
2713 4804 2943 4868 ζῶντας.
2976 4806 3140 4874 Τινὲς
3172 4808 3242 4863 δὲ
3270 4812 3368 4864 καὶ
3407 4813 3715 4883 ἐκοιμήθη·

2135 4913 2276 4952 σαν.
2319 4899 2434 4951 Οὐκ
2495 4892 2668 4960 εἷπεν,
2707 4897 3023 4965 Ἀπέθανον,
3076 4899 3214 4962 ἀλλ’,
3252 4901 3711 4973 Ἐκοιμήθησαν.

2136 4987 2230 5041 καὶ
2263 4985 2436 5060 ταύτῃ
2486 4989 2552 5058 τῇ
2604 4986 2749 5054 λέξει
2779 4987 2940 5042 πάλιν
2973 4989 3071 5060 τὴν
3111 4991 3406 5046 ἀνάστασιν
3452 4994 3710 5063 βεϐαιῶν,

2139 5076 2381 5129 Ἔπειτα
2408 5075 2572 5144 ὤφθη
2609 5075 2870 5142 Ἰακώϐῳ.
2911 5077 3067 5146 Ἐμοὶ
3092 5078 3258 5143 δοκεῖ,
3292 5080 3370 5151 τῷ
3395 5081 3610 5152 ἀδελφῷ
3632 5083 3709 5155 τῷ

2132 5161 2349 5215 ἑαυτοῦ·
2383 5161 2543 5225 αὐτὸς
2569 5161 2679 5233 7&9
2718 5161 2881 5216 αὑτὸν
2922 5163 3140 5232 λέγεται
3185 5169 3708 5237 κεχειροτονηκέναι,

2131 5250 2227 5302 καὶ
2258 5249 2556 5304 ἐπίσκοπον
2581 5251 2640 5304 ἐν
2667 5251 3061 5324 Ἰεροσολύμοις
3087 5257 3446 5318 πεποιηκέναι
3470 5259 3706 5328 πρῶτον.

2128 5333 2274 5390 Εἶτα
2301 5337 2428 5404 τοῖς
2454 5339 2825 5406 ἀποστόλοις
2857 5338 3066 5395 πᾶσιν.
3089 5337 3272 5397 Ἦσαν
3300 5346 3411 5415 7&9
3435 5347 3528 5400 καὶ
3555 5347 3709 5401 ἄλλοι

2129 5424 2439 5488 ἀπόστολοι,
2480 5425 2556 5490 ώς
2597 5429 2645 5480 οἱ
2695 5428 3087 5501 ἐϐδομήκοντα.
3113 5433 3420 5502 Ἐσχατον
3451 5433 3515 5487 δὲ
3551 5435 3706 5488 πάι--

2189 5596 2302 5669 Ἣιι
2329 5597 2926 5669 aqugoyexemplaribqs
2952 5601 3032 5669 Gy.
3064 5603 3251 5669 legitur
3275 5606 3374 5660 τοῖς
3423 5607 3606 5662 ἕνδεκα.
3654 5615 3713 5658 ει

2126 5659 2612 5784 ᾞίζῗιὲἔὲῗςξδιὶηο
2631 5659 2970 5726 undecimo!“
2991 5659 3146 5716 Γυθιιῖ
3159 5659 3481 5718 ἁυοᾱεείωιιε
3505 5659 3712 5718 ἱΙΙεόι-
