4112 6224
389 287 460 341 ἳ5
1318 280 1383 334 IN
1423 277 1636 334 EPIST.
1682 277 1697 329 l
1765 274 1856 329 Al)
1894 273 2052 328 (10R.
2099 268 2328 324 HOMIL.
2373 268 2662 324 XXXVIII.

346 401 504 458 etiam
550 404 676 452 ante
721 406 948 451 mortem
991 395 1119 451 nulli
1151 403 1369 465 peccato
1408 393 1572 448 fuisse
1607 391 1922 447 obnoxium.

345 495 365 562 (
391 506 513 546 eum
534 491 700 556 enim,
730 490 820 560 qui
847 504 942 559 pro
974 490 1203 559 peccatis
1225 486 1448 541 moritur
1476 485 1667 540 alienis
1691 526 1706 550 ,
1734 498 1926 538 conse-

343 598 516 654 quens
564 590 647 636 est
693 595 815 635 esse
871 579 1131 649 ejusmodi
1181 588 1239 633 ut
1282 594 1386 633 non
1421 586 1605 648 peccet
1633 574 1675 649 ),
1721 592 1789 631 ne
1828 575 1927 629 hoe

345 676 562 744 quidem
617 682 944 738 contentus,
999 671 1292 740 subjunxit,
1341 671 1635 725 Secundum
1686 667 1920 736 Scriptu-

347 781 476 830 ras;
522 765 648 820 hinc
691 779 877 818 rursus
935 763 1038 818 [ide
1092 762 1307 832 dignam
1361 761 1562 817 faciens
1607 761 1925 821 orationem,

341 869 398 914 et
444 858 750 928 signiﬁcans
793 871 1076 926 quamnam
1110 864 1332 909 mortem
1377 853 1597 908 diceret.
1638 852 1928 920 Scriptura:

342 951 486 1003 enim
535 948 730 1017 ubique
772 947 1064 1016 loquuntur
1103 945 1170 1000 de
1208 955 1381 998 morte
1421 943 1664 1013 corporis
1711 961 1723 1000 :
1755 941 1926 996 Fode-

345 1052 464 1094 runt
494 1041 637 1095 enim
660 1080 676 1106 ,
705 1039 872 1110 inquit
897 1081 912 1105 ,
945 1056 1125 1093 manus
1151 1055 1287 1092 meas
1315 1046 1361 1092 et
1397 1037 1546 1108 pedes
1589 1052 1726 1090 meos
1754 1035 1924 1104 (Psal.

342 1133 407 1187 2|
440 1175 454 1195 .
500 1130 642 1203 17),
677 1140 760 1194 et,
804 1129 1052 1184 Videbunt
1080 1132 1131 1184 in
1159 1146 1304 1201 quem
1342 1129 1710 1199 transﬁxerunt
1749 1127 1925 1197 (Joan.

346 1222 594 1292 19.57).

417 1316 471 1369 3.
504 1312 664 1367 Multa
690 1313 792 1367 alia
818 1355 833 1379 ,
878 1328 946 1368 ne
981 1313 1158 1367 omnia
1190 1310 1431 1367 dicamus
1464 1311 1734 1382 sigillatim
1757 1353 1770 1374 ,
1803 1310 1932 1365 licet

345 1407 399 1458 in
432 1407 509 1459 eis
536 1405 716 1459 videre
742 1445 757 1469 ,
786 1404 887 1458 alia
931 1403 1146 1474 quidem
1176 1418 1272 1472 per
1298 1403 1457 1458 verba
1483 1444 1498 1468 ,
1541 1401 1641 1456 alia
1678 1418 1804 1456 vero
1835 1415 1932 1470 per

345 1500 544 1567 tignras
571 1538 584 1561 ,
623 1512 741 1566 qua:
771 1494 1070 1564 signiﬁcant
1107 1495 1285 1549 carnis
1315 1494 1518 1548 caedem
1545 1535 1559 1558 ,
1589 1502 1643 1546 et
1665 1491 1806 1562 quod
1835 1507 1932 1561 pro

346 1589 546 1643 nostris
575 1587 806 1658 peccatis
829 1588 897 1641 sit
919 1586 1148 1641 occisus.
1180 1585 1284 1640 Pro
1309 1586 1526 1656 peccatis
1549 1585 1712 1646 enim,
1739 1584 1928 1653 inquit,

346 1682 526 1752 populi
565 1681 662 1733 mei
700 1680 832 1734 venit
879 1685 947 1731 ad
994 1688 1239 1742 mortem;
1285 1687 1372 1744 et,
1419 1677 1669 1731 Dominus
1721 1675 1933 1728 tradidit

343 1774 511 1840 ipsum
540 1772 756 1841 peccatis
782 1770 966 1823 nostris
987 1785 1005 1833 ;
1032 1778 1116 1834 et,
1154 1767 1460 1822 Vulneratus
1491 1776 1562 1821 est
1584 1776 1789 1837 propter
1811 1782 1932 1834 pec-

345 1875 461 1918 cata
509 1874 682 1917 nostra
725 1861 878 1933 (Isai.
928 1863 1016 1917 55.
1065 1862 1117 1916 8.
1152 1861 1204 1916 6.
1253 1859 1332 1930 5).
1370 1859 1425 1914 Si
1467 1869 1646 1914 autem
1697 1867 1932 1913 veterem

346 1971 454 2009 non
496 1957 601 2010 fers
629 1955 958 2026 Scripturam
980 1995 995 2019 ,
1025 1953 1148 2008 audi
1183 1952 1444 2009 Joannem
1491 1953 1808 2007 clamantem
1836 1991 1850 2013 ,
1879 1959 1934 2004 et

345 2056 572 2116 utraque
597 2045 969 2101 ostendentem
998 2087 1012 2110 ,
1045 2060 1236 2114 nempe
1275 2053 1328 2100 et
1370 2043 1570 2099 caedem
1596 2043 1838 2112 corporis
1879 2050 1936 2097 et

342 2153 588 2192 causam.
622 2137 750 2192 Ecce
775 2139 936 2200 enim,
975 2139 1162 2208 inquit,
1195 2139 1366 2210 Agnus
1391 2137 1510 2203 Dei,
1542 2138 1628 2208 qui
1657 2137 1789 2190 tollit
1820 2153 1934 2206 pec-

343 2241 522 2284 catum
567 2231 739 2284 mundi
781 2230 958 2300 (Joan.
1003 2232 1054 2284 1.
1098 2229 1228 2302 29);
1278 2243 1333 2286 et
1377 2231 1601 2286 Paulum
1643 2230 1930 2295 dicentem,

346 2323 491 2372 Eum
520 2362 534 2384 ,
570 2321 657 2390 qui
682 2339 779 2375 non
819 2333 1024 2376 noverat
1054 2336 1353 2393 peccatum,
1387 2340 1479 2393 pro
1507 2323 1650 2376 nobis
1675 2325 1792 2394 fecit
1823 2339 1935 2393 pec-

341 2421 518 2464 catum
537 2455 549 2476 ,
579 2420 635 2464 ut
663 2429 754 2466 nos
781 2413 1013 2481 ﬁeremus
1045 2413 1138 2466 Dei
1175 2415 1377 2485 justitia
1404 2415 1458 2467 in
1492 2415 1602 2484 ipso
1624 2413 1700 2482 (9.
1731 2413 1848 2468 Cor.
1877 2415 1931 2470 5.

340 2506 437 2575 2|)
474 2523 487 2559 :
516 2516 567 2560 et
601 2521 809 2572 rursus,
843 2506 1069 2560 Christus
1091 2523 1180 2560 nos
1205 2506 1412 2561 redemit
1440 2523 1472 2559 a
1496 2507 1763 2561 maledicto
1789 2508 1931 2577 legis,

345 2601 516 2660 factus
544 2613 636 2666 pro
667 2597 810 2650 nobis
834 2598 1156 2650 maledictum
1182 2595 1377 2667 (Galat.
1409 2599 1461 2654 5.
1489 2598 1576 2667 15)
1601 2615 1614 2662 ;
1645 2607 1698 2652 et
1725 2612 1931 2664 rursus,

345 2685 662 2753 Exspolians
699 2687 1017 2756 principatus
1053 2696 1101 2739 et
1141 2697 1412 2756 potestates
1455 2688 1672 2741 traducit
1711 2687 1932 2758 (Coloss.

339 2779 400 2832 2.
437 2778 544 2847 15),
571 2786 690 2832 acto
733 2779 804 2833 de
845 2779 924 2834 eis
951 2779 1264 2848 triumpho;
1297 2788 1350 2833 et
1375 2779 1478 2833 alia
1505 2779 1933 2844 innumerabilia,

339 2887 467 2941 qum
494 2871 798 2940 signiﬁcant
827 2887 889 2928 ea
918 2889 1036 2943 qua:
1064 2873 1196 2927 facta
1226 2881 1352 2928 sunt
1392 2873 1444 2926 in
1481 2871 1626 2927 caede
1667 2875 1931 2943 corporis,

341 2972 398 3016 et
424 2972 646 3032 propter
672 2973 854 3016 nostra
885 2972 1120 3031 peccata.
1161 2963 1275 3032 Ipse
1299 2963 1441 3017 enim
1472 2964 1634 3028 dicit,
1669 2962 1772 3018 Pro
1798 2963 1936 3019 vobis

340 3053 612 3119 sancti/ica
649 3051 1101 3124 meipsum'ann.
1134 3054 1221 3106 17.
1249 3053 1373 3123 19);
1400 3065 1471 3116 et,
1511 3054 1755 3125 Princeps
1784 3055 1936 3125 hujus

336 3145 522 3198 ntundi
545 3160 678 3197 nunc
720 3143 1082 3197 condemnatus
1119 3154 1190 3197 est
1231 3143 1339 3216 (Id.
1365 3144 1452 3199 16.
1481 3145 1590 3216 ll),
1629 3144 1934 3216 signiﬁcans

337 3252 403 3291 se
437 3235 602 3290 fuisse
631 3235 892 3303 occisum,
923 3252 1043 3291 eum
1071 3237 1274 3290 nullum
1305 3237 1526 3292 haberet
1550 3245 1847 3308 peccatum.
1878 3239 1931 3294 4.

339 3329 411 3382 Et
451 3329 589 3398 quod
633 3331 859 3398 sepultus
898 3339 991 3383 est.
1036 3328 1148 3384 lloc
1168 3345 1380 3398 quoque
1409 3329 1585 3400 priora
1613 3331 1931 3386 conlirmat:

336 3436 471 3475 nam
499 3419 646 3492 quod
676 3421 934 3490 sepelitur
953 3462 967 3483 ,
996 3421 1216 3474 omnino
1255 3429 1339 3476 est
1377 3437 1590 3491 corpus.
1623 3423 1690 3478 Et
1715 3423 1801 3479 hic
1827 3440 1932 3480 non

334 3513 579 3581 amplius
607 3511 833 3576 addidit,
861 3511 1164 3568 Secundum
1197 3512 1500 3583 Scripturas
1533 3532 1545 3568 :
1576 3529 1697 3568 nam
1728 3525 1938 3585 pcterat

333 3603 587 3672 quidem,
615 3602 710 3656 sed
739 3618 843 3655 non
863 3601 1028 3656 addit.
1057 3603 1455 3669 Quamobrem?
1489 3603 1580 3657 Vel
1609 3605 1730 3674 quia
1758 3605 1937 3674 sepul-

331 3710 494 3748 crum
527 3693 782 3748 omnibus
812 3693 1150 3749 manifestum
1178 3703 1231 3749 et
1257 3704 1381 3748 tunc
1408 3695 1508 3748 fuit
1547 3705 1601 3750 et
1640 3711 1780 3750 nunc
1806 3706 1886 3752 est
1917 3715 1930 3751 :

328 3787 424 3840 vel
456 3785 581 3854 quia
623 3785 676 3839 in
723 3787 991 3840 communi
1024 3785 1250 3854 positum
1293 3795 1376 3840 est
1423 3786 1587 3853 illud,
1643 3787 1934 3843 Secundum

332 3879 674 3944 Scripturas.
700 3877 804 3931 Cur
821 3892 948 3946 ergo
968 3876 1131 3939 addit,
1164 3875 1456 3931 Secundum
1483 3877 1798 3946 Scripturas,
1824 3879 1931 3945 hic,

329 3969 410 4024 Et
430 3968 573 4040 quod
595 3970 865 4022 resurrexit
895 3969 1040 4022 tertia
1065 3969 1145 4021 die
1180 3969 1457 4022 secundum
1499 3969 1795 4040 Scripturas
1817 4011 1834 4038 ,
1879 3980 1935 4026 et

327 4076 460 4115 non
514 4067 596 4112 est
639 4068 920 4113 contentus
965 4060 1057 4113 illo
1103 4059 1308 4129 priori,
1347 4060 1488 4131 quod
1525 4061 1724 4116 dictum
1757 4071 1841 4117 est
1879 4064 1932 4118 in

323 4149 670 4207 communi?
695 4151 826 4218 Quia
874 4151 973 4205 hoc
1007 4165 1219 4221 quoque
1248 4152 1428 4205 multis
1455 4161 1570 4206 erat
1595 4153 1853 4207 incertum
1880 4163 1934 4209 et

324 4247 672 4308 obscurum;
695 4245 811 4300 ideo
838 4245 923 4299 hic
949 4260 1161 4315 quoque
1186 4244 1488 4313 Scripturas
1505 4244 1742 4314 adjungit
1764 4245 1934 4315 inSpi-

324 4351 522 4400 ratus.
551 4351 603 4392 et
632 4337 730 4392 hac
768 4339 991 4407 sapienti
1023 4349 1076 4392 et
1105 4337 1281 4392 divina
1313 4347 1556 4406 suscepta
1589 4337 1928 4407 cogitatione.

323 4431 632 4500 Quomodo
660 4447 788 4500 ergo
816 4445 919 4484 non
948 4431 1107 4484 etiam
1140 4431 1190 4482 in
1221 4438 1394 4483 morte
1417 4429 1557 4483 idem
1591 4429 1750 4483 facit?
1789 4429 1932 4495 Quo-

324 4525 495 4578 niam
527 4523 632 4576 illic
657 4537 867 4592 quoque
910 4537 1043 4575 crux
1086 4520 1299 4588 quidem
1334 4519 1436 4574 fuit
1478 4521 1725 4575 omnibus
1765 4520 1933 4575 mani-

325 4616 512 4677 festa,
543 4624 596 4668 et
621 4612 866 4668 omnibus
895 4612 1200 4668 videntibus
1224 4611 1371 4666 cruci
1391 4611 1700 4668 fuital‘lixus
1725 4631 1740 4679 ;
1771 4629 1929 4668 causa

322 4714 531 4760 autem
560 4719 664 4758 non
704 4704 853 4757 item.
886 4702 1015 4756 Nam
1055 4702 1196 4773 quod
1238 4711 1477 4757 mortuus
1507 4703 1720 4773 quidem
1753 4705 1926 4769 luerit,

321 4797 627 4852 s‘civerunt
678 4808 899 4859 omnes;
953 4793 1092 4864 quod
1129 4804 1305 4848 autem
1355 4807 1452 4862 pro
1488 4796 1723 4863 peccatis
1769 4795 1930 4850 totius

321 4887 498 4943 orbis
547 4886 646 4938 hoc
695 4885 766 4936 sit
817 4898 1025 4954 passus,
1082 4899 1187 4937 non
1231 4883 1415 4938 itidem
1467 4883 1710 4938 sciebant
1752 4884 1927 4939 multi.

3512 280 3616 333 seu

2035 385 2258 439 ardebat
2286 395 2338 440 et
2366 401 2469 438 non
2499 383 2938 451 comburebatur,
2972 387 3040 441 ita
3065 389 3222 443 etiam
3253 405 3447 462 corpus
3479 395 3621 450 illius

2034 485 2300 530 mortuum
2347 476 2560 545 quidem
2619 475 2733 540 fuit,
2785 491 2890 530 non
2924 477 3198 535 detentum
3245 492 3421 539 autem
3449 486 3549 541 fuit
3592 505 3617 541 a

2033 577 2204 621 morte
2230 576 2506 636 perpetuo.
2546 567 2715 620 Draco
2745 567 2868 622 item
2897 570 2986 638 qui
3032 569 3128 624 fuit
3155 581 3393 644 tempore
3424 576 3620 638 Danie-

2034 657 2096 710 iis
2125 658 2300 728 (Dan.
2326 656 2411 730 14)
2443 660 2541 714 hoc
2572 660 2730 715 tacite
2757 661 3040 729 signiﬁcat.
3075 663 3208 719 Nam
3236 669 3374 724 sicut
3404 670 3494 727 ille
3525 687 3619 728 ac-

2034 757 2189 818 cepto
2219 749 2548 804 nutrimento
2567 790 2581 815 ,
2609 749 2752 819 quod
2797 752 2942 806 dedit
2986 755 3245 824 pr0pheta
3269 799 3283 822 ,
3329 773 3514 828 ruptus
3537 775 3624 820 est

2035 843 2283 896 medius:
2316 843 2384 894 ita
2411 843 2573 896 etiam
2625 843 2889 907 infernus,
2933 845 3190 900 devorato
3237 849 3327 903 illo
3371 866 3618 923 corpore,

2036 933 2135 988 fuit
2163 935 2442 996 discissus.
2472 951 2592 989 cum
2626 935 2790 1004 ipsius
2816 952 3010 1007 corpus
3036 952 3275 996 ventrem
3309 944 3426 1013 ejus
3454 947 3623 1004 disse-

2035 1027 2254 1090 cuisset,
2282 1034 2336 1080 et
2365 1026 2709 1081 surrexisset.
2740 1025 2792 1082 Si
2818 1037 2994 1082 autem
3020 1029 3134 1085 luce
3159 1034 3316 1087 etiam
3340 1041 3418 1089 vis
3443 1039 3620 1093 verbis

2035 1116 2222 1171 audire
2249 1159 2262 1183 ,
2296 1132 2415 1186 quae
2445 1117 2618 1171 vidisti
2650 1133 2744 1187 per
2775 1117 2970 1188 ﬁguras
2996 1162 3010 1186 ,
3059 1122 3179 1175 audi
3213 1121 3400 1179 Isaiam
3441 1128 3624 1183 dicen-

2037 1218 2144 1262 tem
2178 1228 2190 1263 :
2223 1207 2439 1261 Tollitur
2459 1226 2485 1262 e
2506 1218 2639 1262 terra
2667 1210 2766 1261 vita
2790 1212 2899 1280 ejus
2925 1226 2942 1263 :
2967 1219 3020 1264 et
3046 1253 3058 1276 ,
3101 1210 3351 1268 Dominus
3378 1218 3480 1271 vult
3509 1236 3619 1273 eum

2037 1298 2284 1352 mundare
2322 1316 2353 1352 a
2392 1300 2543 1370 plaga
2565 1342 2579 1363 ,
2609 1310 2663 1353 ut
2691 1301 2922 1354 ostendat
2959 1302 3038 1355 illi
3067 1303 3237 1357 lumen
3266 1304 3414 1376 (lsai.
3441 1310 3531 1364 55.
3564 1313 3623 1366 8.

2038 1391 2166 1461 10);
2205 1404 2260 1447 et
2299 1392 2465 1447 David
2510 1403 2634 1448 ante
2684 1394 2866 1460 illum,
2900 1393 3020 1449 Non
3051 1395 3365 1468 derelinques
3400 1402 3622 1457 animant

2038 1500 2198 1536 meam
2225 1485 2277 1538 in
2307 1485 2526 1552 inferno,
2556 1501 2714 1554 neque
2739 1486 2880 1540 dabis
2899 1499 3129 1542 sanctum
3148 1498 3290 1544 tuum
3321 1493 3488 1548 videre
3512 1512 3626 1550 cor-

2037 1575 2321 1644 ruptionem
2344 1573 2518 1648 (Psal.
2537 1575 2624 1630 15.
2650 1575 2766 1645 10).
2788 1577 3079 1648 Propterea
3111 1590 3162 1636 te
3190 1598 3402 1652 quoque
3429 1584 3626 1642 Paulus

2040 1665 2351 1718 transmittit
2394 1664 2460 1719 ad
2506 1665 2812 1736 Scripturas
2839 1709 2851 1730 ,
2897 1677 2953 1722 ut
2981 1670 3120 1726 scias
3149 1672 3263 1726 tunc
3307 1691 3411 1728 non
3463 1675 3626 1731 fuisse

2037 1755 2172 1811 facta
2200 1766 2402 1813 temere
2431 1767 2483 1813 et
2513 1759 2609 1813 abs
2640 1775 2718 1814 re.
2755 1760 3033 1826 Quomodo
3055 1766 3220 1832 enim,
3244 1781 3364 1820 eum
3395 1777 3470 1823 tot
3501 1787 3625 1839 pro-

2040 1851 2214 1918 pheta:
2269 1864 2329 1902 ca
2389 1850 2536 1918 prius
2587 1851 2897 1906 describant
2951 1865 3004 1907 et
3054 1858 3416 1924 proclament,
3479 1863 3622 1930 quod

2037 1942 2306 2014 Scriptura
2331 1958 2588 2012 nusquam
2615 1945 2757 1997 dicat
2788 1955 3012 1999 mortem
3039 1950 3260 2016 peccati,
3294 1955 3620 2007 intentionem

2040 2032 2242 2088 faciens
2268 2035 2455 2089 mortis
2485 2035 2716 2103 Domini,
2742 2037 2833 2091 sed
2859 2039 3193 2107 corporalem
3217 2050 3270 2095 et
3293 2043 3622 2112 sepulturam

2039 2133 2093 2180 et
2120 2126 2278 2180 talem
2312 2129 2756 2182 resurrectionem
2781 2129 2803 2181 ?
2830 2131 2882 2184 5.
2920 2130 2979 2184 Ει
3006 2134 3143 2201 quod
3167 2135 3304 2188 visus
3325 2146 3398 2190 est
3415 2135 3620 2208 Cephea.

2039 2217 2172 2271 Eum
2205 2218 2381 2272 statim
2407 2220 2576 2288 ponit,
2610 2222 2699 2290 qui
2740 2231 2822 2276 est
2852 2225 3088 2278 omnium
3122 2226 3224 2281 tide
3254 2227 3620 2300 dignissimus.

2042 2309 2108 2362 Et
2137 2320 2248 2380 post
2274 2309 2367 2364 hoc
2395 2312 2659 2366 duodecim
2697 2329 2716 2367 :
2755 2315 2809 2369 6.
2835 2316 3016 2370 deinde
3049 2319 3185 2373 visus
3214 2329 3286 2375 est
3321 2322 3437 2392 plus
3471 2340 3623 2392 quam

2039 2404 2322 2474 quingentis
2347 2405 2589 2473 fratribus
2611 2407 2783 2471 simul,
2804 2425 2867 2462 ex
2885 2411 3066 2478 quibus
3084 2413 3230 2466 multi
3246 2425 3446 2470 manent
3469 2434 3624 2488 usque

2039 2494 2207 2547 adhuc
2230 2536 2245 2560 ,
2273 2495 2480 2566 quidant
2506 2508 2676 2551 autem
2717 2498 3029 2554 dormierunt
3058 2518 3076 2556 :
3107 2503 3158 2557 7.
3185 2505 3362 2560 deinde
3395 2509 3526 2563 visus
3551 2521 3622 2564 est

2038 2585 2252 2654 Iacobo,
2282 2587 2463 2643 deinde
2487 2591 2733 2660 apostolis
2769 2594 2999 2650 omnibus
3026 2611 3044 2648 .'
3070 2595 3122 2651 8.
3166 2599 3428 2653 novissime
3455 2612 3622 2658 autem

2039 2681 2263 2734 onmium
2290 2689 2545 2752 tamquam
2569 2683 2794 2737 abortivo
2823 2686 2958 2739 visus
2984 2696 3055 2740 est
3078 2701 3125 2741 et
3161 2690 3304 2742 mihi.
3334 2675 3619 2762 Postquam

2039 2771 2180 2825 enim
2206 2771 2349 2825 illam
2381 2789 2447 2826 ex
2486 2772 2778 2843 Scriptnris
2817 2776 3054 2832 ostendit
3087 2779 3622 2850 demonstrationem,

2039 2877 2156 2918 eam
2188 2864 2351 2918 etiam
2381 2865 2529 2920 addit
2556 2882 2676 2938 quae
2709 2883 2804 2937 per
2830 2884 2917 2925 res
2944 2870 3021 2932 ﬁt.
3048 2880 3215 2927 testes
3235 2874 3511 2932 adducens
3537 2894 3623 2934 re-

2038 2955 2388 3010 surrectionis
2411 2967 2531 3025 post
2553 2959 2841 3028 prophetas
2861 2964 3135 3032 apostolos
3151 2974 3204 3020 et
3219 2966 3353 3022 alios
3378 2969 3623 3028 homines

2038 3045 2242 3101 lideles.
2269 3045 2324 3101 Si
2367 3059 2547 3104 autem
2585 3051 2728 3106 illam
2769 3056 3222 3114 resurrcCtionem
3259 3059 3479 3118 dixisset
3505 3080 3626 3121 esse

2037 3151 2066 3190 a
2089 3147 2310 3208 peccato
2327 3139 2720 3208 liberationem,
2740 3159 3192 3215 supervacaneum
3211 3149 3401 3208 fuisset
3419 3155 3622 3222 dicere,

2040 3228 2200 3284 Visus
2226 3240 2308 3284 est
2339 3229 2462 3286 huic
2503 3241 2554 3287 et
2595 3234 2691 3288 illi.
2727 3235 2839 3292 lloc
2865 3239 3010 3292 enim
3039 3247 3122 3294 est
3141 3241 3258 3311 ejus
3285 3245 3373 3314 qui
3405 3244 3530 3302 facit
3559 3249 3624 3304 li-
3662 3255 3665 3257 ’

2039 3320 2162 3376 dem
2193 3326 2605 3380 resurrectionis
2632 3329 2894 3398 corporis,
2928 3345 3032 3386 non
3062 3331 3179 3400 ejus
3203 3336 3290 3404 qui
3321 3338 3627 3395 subindicat

2039 3412 2412 3470 liberationem
2441 3433 2469 3470 a
2503 3420 2753 3486 peccatis.

2110 3507 2163 3562 4.
2205 3507 2493 3578 Propterea
2545 3524 2718 3580 neque
2769 3513 2935 3567 semel
2977 3512 3113 3569 dixit
3145 3515 3298 3584 illud,
3345 3517 3485 3573 Visus
3517 3533 3614 3587 est,

2040 3611 2362 3668 quamquam
2385 3599 2436 3655 id
2455 3599 2999 3658 suﬂ‘eeissetdictione
3030 3605 3081 3658 in
3112 3609 3380 3662 comnumi
3405 3612 3572 3680 posita
3609 3633 3622 3667 :

2040 3703 2182 3741 nunc
2207 3697 2384 3742 autem
2412 3700 2466 3744 et
2496 3690 2575 3745 bis
2596 3701 2651 3747 et
2679 3701 2761 3748 ter
2787 3709 2904 3749 eam
2936 3695 3110 3767 ponit,
3144 3708 3197 3753 et
3221 3700 3272 3754 in
3305 3717 3626 3775 unoquoque

2039 3776 2151 3832 fere
2176 3794 2361 3832 eorum
2401 3782 2489 3850 qui
2519 3782 2783 3839 viderunt.
2823 3783 2972 3840 Visus
3013 3797 3084 3842 est
3113 3791 3275 3850 enim,
3307 3795 3494 3862 inquit,
3528 3799 3624 3852 Ce-

2041 3869 2189 3938 phw;
2213 3870 2347 3924 visus
2368 3881 2440 3923 est
2466 3872 2734 3942 plusquam
2760 3877 3045 3948 quingentis
3068 3882 3347 3950 fratribus;
3392 3889 3524 3942 visus
3555 3901 3628 3944 est

2040 3969 2087 4014 et
2113 3960 2255 4014 mihi.
2312 3963 2471 4032 Atqui
2527 3965 2872 4037 Evangelium
2917 3967 3046 4024 dicit
3084 3977 3432 4042 contrarium,
3483 3983 3622 4050 quod

2038 4055 2185 4109 visus
2214 4055 2281 4109 sit
2303 4054 2530 4124 primum
2561 4057 2758 4114 Mariae.
2786 4058 2892 4116 Sed
2923 4061 3063 4117 inter
3079 4063 3222 4119 viros
3250 4065 3372 4122 huic
3395 4071 3622 4138 primum

2037 4155 2119 4201 est
2146 4147 2289 4200 visus
2310 4147 2398 4217 qui
2427 4149 2656 4203 maxime
2682 4165 2805 4204 eum
2832 4152 3083 4221 cupiebat
3112 4154 3314 4210 videre.
3353 4158 3621 4224 Quosnam

2038 4247 2214 4290 autem
2239 4237 2324 4291 hic
2343 4238 2469 4290 dicit
2491 4238 2770 4294 duodecim
2792 4243 3104 4310 apostolos?
3132 4261 3254 4300 nam
3279 4258 3398 4318 post
3419 4229 3623 4307 assum-

2039 4330 2274 4400 ptionem
2300 4330 2349 4384 in
2374 4345 2558 4384 eorum
2585 4347 2864 4388 numerum
2886 4336 3084 4392 relatus
3105 4336 3202 4392 luit
3227 4339 3494 4410 Mattltias,
3517 4362 3620 4401 non

2039 4423 2217 4476 statim
2270 4431 2389 4492 post
2419 4425 2890 4481 resurrectionem.
2925 4427 3031 4485 Sed
3061 4439 3144 4485 est
3172 4434 3461 4492 verisimile
3499 4454 3620 4494 eum

2042 4512 2203 4569 fuisse
2231 4514 2401 4568 visum
2425 4515 2584 4569 etiam
2618 4527 2739 4586 post
2763 4525 3204 4589 assumptionem.
3241 4524 3338 4581 Hie
3363 4527 3480 4597 ipse
3507 4533 3625 4601 qui-

2039 4607 2158 4662 dem
2186 4616 2333 4661 certe
2361 4608 2636 4677 apostolus
2676 4619 2794 4679 post
2833 4615 3253 4682 assumptionem
3299 4628 3355 4673 et
3403 4631 3620 4679 vocatus

2039 4698 2159 4765 fuit,
2192 4707 2246 4754 et
2290 4699 2460 4768 ipsum
2492 4700 2642 4754 vidit.
2687 4701 2972 4772 Propterea
3005 4721 3177 4776 neque
3202 4709 3351 4777 ponit
3379 4718 3617 4783 tempus,

2039 4791 2133 4845 sed
2162 4791 2408 4848 absolute
2431 4802 2483 4846 et
2508 4791 2783 4848 indefinite
2814 4805 3056 4849 recenset
3076 4797 3306 4853 visiones
3339 4819 3352 4854 :
3386 4818 3504 4857 nam
3530 4821 3615 4861 re.

2039 4885 2263 4940 risimile
2292 4895 2372 4941 est
2399 4886 2592 4941 multas
2618 4884 2803 4940 fuisse.
2835 4885 2959 4941 Ideo
2987 4887 3220 4946 Joannes
3235 4907 3446 4963 quoque
3465 4897 3617 4963 dixit,

317 4981 639 5048 Propterea
668 4974 886 5030 adducit
931 4973 1297 5028 testimonium
1352 4989 1416 5028 ex
1463 4973 1775 5043 Seripturis.
1821 4975 1926 5032 Sed

316 5072 441 5123 hoc
475 5067 694 5131 quidem
758 5067 888 5120 satis
926 5075 1010 5119 est
1036 5064 1456 5119 demonstratum
1487 5080 1583 5134 per
1605 5080 1668 5120 ea
1697 5107 1710 5127 .
1740 5083 1858 5137 «iure
1900 5083 1929 5122 a

311 5161 508 5216 nobis
549 5157 689 5211 dicta
734 5166 856 5211 sunt
898 5174 910 5209 :
966 5157 1054 5210 ubi
1081 5164 1260 5210 autem
1303 5155 1444 5225 quod
1475 5157 1544 5210 sit
1586 5157 1830 5228 sepultus
1876 5168 1932 5215 et

306 5252 486 5325 ρυιηι
539 5250 694 5303 tertio
735 5248 823 5303 die
848 5257 991 5303 esset
1037 5257 1437 5303 resurrecturus
1460 5286 1476 5311 ,
1502 5247 1752 5302 dixerunt
1787 5249 1930 5305 Scri-

306 5338 556 5414 ptus-ae?
579 5339 679 5393 Per
705 5338 853 5394 Jona:
876 5339 1122 5407 ﬁguram,
1153 5353 1308 5407 quam
1337 5339 1450 5408 ipse
1476 5353 1689 5408 quoque
1715 5338 1930 5396 adducit

303 5437 531 5491 dicens
565 5449 577 5485 :
608 5431 754 5486 Sicut
798 5432 893 5501 fuit
915 5429 1079 5486 Jonas
1103 5432 1155 5485 in
1179 5442 1347 5485 uentre
1381 5433 1475 5486 ceti
1505 5441 1603 5486 tres
1623 5432 1732 5486 dies
1759 5441 1808 5486 et
1829 5443 1927 5489 tres

303 5536 515 5582 nocte;
544 5539 562 5576 :
588 5524 658 5575 ita
683 5524 776 5576 erit
797 5527 952 5581 etiam
973 5523 1016 5579 F
1018 5525 1134 5579 ilius
1156 5524 1373 5578 hominis
1399 5526 1451 5577 in
1478 5524 1630 5579 corde
1654 5535 1804 5580 terra:
1827 5535 1926 5581 tres

303 5621 430 5672 dies
491 5624 548 5667 et
597 5625 695 5668 tres
736 5627 905 5670 noctes
955 5615 1163 5686 (Matth.
1196 5615 1280 5669 12.
1309 5614 1421 5688 40).
1452 5616 1556 5671 Per
1601 5617 1790 5673 rubum
1833 5620 1924 5690 qui
2036 5625 2126 5680 bus
2147 5621 2292 5676 multi
2319 5633 2517 5675 manent
2544 5636 2698 5690 usque
2721 5619 2909 5675 adhuc.
2933 5619 3062 5675 Nam
3084 5621 3205 5687 etsi,
3231 5621 3421 5692 inquit,
3453 5639 3615 5680 narro

295 5721 441 5767 erat
491 5708 555 5761 in
578 5707 792 5763 deserto
823 5707 1011 5779 (Exod.
1039 5709 1109 5780 5)
1139 5726 1151 5762 :
1183 5708 1629 5779 quemadmodum
1660 5711 1802 5765 enim
1834 5713 1923 5768 ille
2038 5731 2123 5771 res
2178 5713 2442 5784 antiquas,
2487 5712 2657 5769 habeo
2711 5722 2886 5768 tamen
2933 5721 3096 5770 testes
3127 5713 3300 5769 adhuc
3349 5714 3610 5776 viventes.

706 5801 975 5862 ΡΑτιιοι..
1015 5808 1130 5865 (in.
1185 5811 1338 5871 LXI.

3226 5811 3297 5874 21

2039 4977 2222 5032 Tertio
2244 4977 2354 5048 jam
2382 4977 2739 5032 manilestavit
2766 4978 3020 5048 seipsum.
3050 4980 3246 5038 Deinde
3277 4985 3407 5055 visus
3436 5000 3508 5042 est
3529 5008 3620 5044 su-

2038 5087 2132 5141 pra
2151 5069 2436 5140 quingentis
2461 5068 2704 5138 [ratribus
2732 5068 2922 5142 (Joan.
2954 5071 3045 5127 2t.
3107 5076 3124 5128 l
3153 5074 3195 5147 ).
3249 5076 3424 5146 Aliqui
3457 5081 3583 5137 illud
3607 5123 3621 5146 ,

2040 5160 2426 5233 Supra,dicunt
2446 5174 2566 5214 esse
2587 5174 2744 5230 supra
2767 5177 2797 5216 e
2825 5163 2989 5220 caulis.
3017 5163 3130 5219 Non
3153 5167 3295 5222 enim
3318 5184 3476 5238 supra
3509 5181 3620 5224 ter-

2037 5271 2154 5311 ram
2187 5253 2456 5324 gradiens,
2485 5253 2578 5308 sed
2610 5269 2842 5322 superne
2865 5264 2918 5308 et
2961 5271 3116 5327 supra
3147 5269 3305 5326 caput
3355 5261 3432 5314 eis
3473 5262 3618 5316 visus

2036 5355 2136 5401 est.
2174 5345 2288 5399 Non
2330 5343 2503 5399 solum
2543 5345 2684 5400 enim
2717 5345 2929 5398 volebat
2972 5344 3145 5400 facere
3178 5346 3334 5400 tidem
3373 5363 3616 5406 reSurre-

2037 5439 2218 5504 ctioni,
2244 5437 2338 5492 sed
2365 5437 2526 5494 etiam
2559 5436 2930 5505 assumptioni.
2975 5437 3195 5504 Quidam
3223 5449 3404 5494 autem
3452 5441 3611 5510 illud,

2036 5531 2210 5602 Supra
2233 5528 2535 5601 quingentis,
2563 5527 2744 5583 dicunt
2766 5525 3040 5598 plusquam
3062 5530 3386 5600 quingentis.
3409 5531 3490 5588 Ea:
3511 5538 3616 5606 qui-
