4112 6224
541 311 645 364 327

531 429 747 495 Quidam
777 436 939 481 autem
971 423 1303 479 dormierunt.
1345 421 1462 476 Non
1508 419 1662 483 dixit,
1711 417 1902 472 Mortui
1947 425 2104 479 sunt;

529 523 642 585 sed,
666 520 1009 581 Dormierunt,
1058 515 1157 568 hac
1192 527 1404 582 quoque
1430 512 1661 566 dictione
1694 523 1880 564 rursus
1908 508 2106 563 euulir-

529 627 678 665 matis
711 609 1181 665 resurrectionem.
1229 604 1421 657 Deinde
1460 606 1593 656 risus
1621 613 1691 656 est
1721 600 1934 655 Jacobo.
1984 600 2106 654 Mihi

528 707 737 761 videtur
765 705 962 768 dicere,
997 702 1141 756 fratri
1172 716 1268 755 suo
1290 719 1302 753 :
1323 701 1434 769 ipse
1455 697 1807 753 enimdicitur
1823 699 1868 751 ei
1893 711 2106 749 mamnn

525 797 843 865 imposuisse
869 809 932 850 ac
952 795 1121 861 ipsum
1150 791 1444 855 ordinasse,
1468 799 1522 844 et
1549 789 1774 858 primum
1800 788 2107 857 episcopum

511 890 716 944 "fecisse
741 887 1111 959 Jerosolymis.
1149 885 1345 940 Deinde
1381 885 1622 956 apostolis
1666 885 1914 937 omnibus.
1947 882 2112 936 Erant

524 982 665 1035 enim
697 981 856 1036 etiam
907 980 996 1034 alii
1026 979 1277 1048 apostoli,
1326 989 1383 1031 ut
1435 976 1792 1045 septuaginta.
1827 973 2112 1028 Novissime

524 1086 691 1128 autem
709 1075 932 1128 omnium
955 1083 1208 1142 tamquam
1226 1071 1382 1125 alicui
1401 1071 1624 1125 abortivo
1646 1070 1780 1123 visus
1800 1079 1871 1123 est
1892 1078 1939 1121 et
1966 1069 2108 1121 mihi.

523 1166 636 1220 Hoc
668 1166 886 1219 verbum
921 1163 1234 1218 modestiam
1267 1161 1422 1216 valde
1452 1160 1607 1230 sapit.
1645 1159 1759 1213 Non
1809 1160 1950 1213 enim
1980 1174 2111 1228 quo-

523 1259 665 1312 niam
698 1266 813 1312 erat
844 1257 1114 1318 minimus,
1150 1264 1430 1324 propterea
1461 1262 1581 1322 post
1601 1251 1733 1304 alios
1761 1251 1810 1306 ei
1834 1250 1976 1304 visus
2006 1260 2110 1303 est.

522 1349 655 1403 Nam
686 1348 894 1404 etiamsi
941 1364 1001 1403 se
1029 1347 1237 1402 vocavit
1277 1345 1544 1406 ultimum,
1572 1342 1731 1411 longe
1763 1342 1828 1395 iis
1871 1341 1958 1410 qui
1987 1350 2110 1394 ante

524 1443 697 1510 ipsum
726 1441 955 1502 fuerunt,
982 1437 1064 1493 vel
1089 1437 1261 1508 potius
1284 1435 1532 1490 clunibus
1553 1435 1696 1487 visus
1711 1443 1792 1487 est
1817 1432 2070 1487 illustrior
2093 1449 2107 1484 :

524 1549 624 1588 nec
651 1531 924 1602 quingenti
957 1530 1149 1584 fratres
1175 1527 1378 1584 Jacobo
1415 1528 1629 1580 ftteruut
1672 1525 1941 1588 meliores,
1972 1536 2109 1592 quo-

524 1627 664 1678 niam
697 1632 822 1677 aute
852 1623 997 1675 illum
1027 1621 1105 1675 eis
1133 1620 1279 1675 visus
1300 1627 1400 1673 est.
1444 1618 1507 1671 lit
1528 1632 1624 1670 cur
1650 1625 1753 1668 non
1779 1614 1936 1669 simul
1963 1613 2111 1667 visus

523 1729 604 1774 ist
632 1716 922 1772 omnibus?
942 1714 1012 1771 Ut
1042 1713 1163 1768 fidei
1191 1712 1394 1767 semina
1425 1710 1569 1780 prius
1606 1708 1828 1778 jaceret.
1860 1705 1992 1760 Nam
2021 1706 2109 1775 qui

523 1812 668 1880 prior
699 1809 848 1874 vidit,
882 1817 935 1862 et
960 1816 1146 1861 exacte
1177 1803 1349 1858 factus
1372 1813 1456 1858 est
1495 1802 1713 1864 certior,
1759 1798 1878 1852 aliis
1904 1812 2112 1851 annuu-

521 1900 724 1955 tiabat:
753 1899 947 1954 deinde
989 1912 1167 1953 sermo
1213 1894 1550 1966 praeveniens
1579 1889 1940 1945 constituebat
1989 1902 2108 1942 eum

522 1994 607 2060 qui
642 1991 914 2058 audiebat,
942 1991 991 2043 in
1024 2002 1212 2058 magna
1241 1985 1400 2057 hujus
1426 1982 1669 2038 miraculi
1689 1981 2109 2052 exspectatione,

522 2095 573 2151 et
601 2086 738 2137 viam
771 2082 1047 2137 muniebat
1076 2081 1140 2136 ad
1169 2079 1326 2134 fidem
1355 2087 1480 2133 ante
1510 2076 1791 2130 visionem.
1823 2074 2110 2144 Propterea

522 2189 695 2244 neque
722 2173 876 2227 simul
894 2172 1040 2226 visus
1061 2181 1142 2226 est
1168 2169 1439 2232 omnibtts,
1463 2183 1634 2237 neque
1657 2166 1708 2219 iu
1731 2165 1881 2219 initio
1907 2163 2109 2229 multis,

522 2268 616 2322 sed
649 2269 735 2322 uni
761 2267 858 2320 soli
885 2266 1132 2336 primmu,
1152 2265 1308 2334 eique
1328 2262 1563 2316 mnuium
1581 2259 1868 2331 coryphzeo
1895 2267 1950 2312 et
1978 2256 2111 2314 lide-

522 2359 751 2413 lissimo.
784 2357 1120 2413 Fidelissima
1152 2355 1296 2410 enim
1349 2352 1580 2408 maxime
1607 2352 1782 2406 anima
1810 2363 1946 2420 opus
1975 2357 2109 2412 erat,

520 2466 640 2521 qua:
669 2451 832 2521 prima
866 2451 1002 2504 hanc
1024 2449 1288 2517 acciperet
1315 2445 1595 2501 visionem.
1625 2443 1756 2498 Nam
1779 2442 1866 2512 qui
1890 2438 2112 2510 aSpieie-

514 2547 649 2601 bant
679 2555 958 2615 postquam
987 2544 1075 2599 alii
1104 2543 1368 2598 vidissent
1413 2549 1465 2594 et
1509 2538 1578 2593 ab
1617 2538 1747 2608 ipsis
1776 2535 2073 2591 audiisseut
2093 2574 2108 2598 ,

514 2636 792 2692 habebant
819 2637 1030 2690 illorum
1064 2633 1446 2694 testimonium,
1472 2645 1576 2684 non
1613 2643 1799 2699 parum
1829 2625 2112 2682 conferens

523 2727 591 2780 ad
620 2728 775 2781 fidem
809 2726 1125 2792 faciendam,
1151 2735 1203 2780 et
1252 2738 1562 2794 praaparans
1586 2738 1772 2777 eorum
1826 2729 2059 2776 mentem
2094 2736 2106 2768 :

525 2819 611 2886 qui
638 2827 814 2872 autem
839 2819 1042 2887 primus
1066 2817 1258 2886 dignus
1280 2825 1363 2870 est
1392 2815 1604 2868 habitus
1630 2815 1719 2884 qui
1741 2828 1860 2867 eum
1885 2812 2107 2878 videret,

527 2925 736 2979 magna,
773 2909 910 2962 sicut
939 2918 1096 2962 antea
1141 2907 1271 2973 dixi,
1319 2906 1423 2960 fide
1452 2919 1587 2974 opus
1617 2903 1883 2970 habebat,
1917 2918 1983 2958 ne
2013 2902 2108 2956 ad-

514 3003 780 3069 mirabili,
807 3014 860 3056 et
889 3001 1028 3070 quod
1060 3016 1274 3056 omnem
1298 3010 1515 3069 superat
1536 3000 1862 3070 Opinionem,
1890 3008 2110 3053 contur-

529 3098 744 3150 baretur
771 3093 1096 3165 spectaculo.
1123 3092 1413 3162 Propterea
1446 3090 1673 3160 primum
1692 3099 1907 3160 apparet
1927 3089 2107 3142 Petro.

521 3187 654 3241 Nam
687 3187 774 3255 qui
807 3185 1012 3255 primus
1030 3183 1311 3238 Christum
1358 3190 1439 3236 est
1485 3181 1781 3245 confessus,
1805 3179 1924 3250 jure
1950 3179 2108 3234 etiam

523 3280 716 3347 dignus
739 3287 818 3332 est
840 3276 1050 3330 habitus
1079 3275 1168 3346 qui
1193 3275 1394 3343 primus
1416 3272 1620 3326 videret
1645 3272 2107 3327 resurrectionem.

525 3370 638 3423 Non
673 3377 890 3438 propter
924 3367 1024 3421 hoc
1049 3376 1226 3420 autem
1257 3371 1478 3434 apparet
1511 3361 1608 3416 soli
1631 3361 1790 3417 Petro
1813 3401 1830 3428 ,
1860 3361 1954 3416 sed
1975 3375 2108 3431 quo-

528 3460 668 3513 niam
695 3470 748 3514 et
777 3459 946 3530 ipsmn
979 3465 1285 3527 negaverat,
1316 3472 1378 3510 ex
1407 3453 1730 3509 abundantia
1760 3468 1882 3508 eum
1911 3467 2106 3507 conso-

527 3556 642 3608 lans
667 3562 721 3607 et
747 3551 1033 3606 ostendens
1055 3565 1159 3606 non
1191 3564 1310 3605 esse
1336 3548 1606 3618 repulsum
1626 3589 1640 3614 ,
1669 3555 1792 3602 ante
1817 3546 1954 3601 alios
1983 3560 2106 3601 eum

528 3648 628 3700 hac
649 3646 897 3714 dignatus
919 3654 1002 3699 est
1028 3643 1255 3706 visione,
1287 3651 1336 3694 et
1369 3640 1540 3710 primo
1560 3654 1689 3695 oves
1717 3637 1952 3693 tradidit.
1985 3637 2112 3692 Pro-

529 3749 706 3807 pterea
735 3738 894 3792 etiam
944 3737 1132 3807 primis
1161 3735 1308 3790 visus
1337 3743 1419 3790 est
1461 3732 1793 3788 mulieribus.
1849 3732 2110 3800 Quoniam

530 3829 752 3882 minoris
781 3828 1102 3883 conditionis
1132 3836 1244 3882 erat
1275 3826 1361 3881 hic
1385 3839 1564 3889 sexus,
1600 3835 1880 3896 propterea
1921 3824 2113 3880 mulier

527 3931 581 3975 et
605 3921 655 3974 in
677 3920 792 3988 ejus
823 3929 941 3974 ortu
972 3927 1024 3972 et
1055 3923 1107 3972 in
1153 3917 1546 3973 resurrectione
1584 3916 1752 3984 prima
1782 3919 1942 3970 sentit
1993 3931 2113 3985 gra-

531 4015 677 4067 tiam.
711 4013 835 4067 Post
863 4009 1078 4066 Petrum
1107 4019 1282 4063 autem
1315 4017 1366 4063 et
1391 4007 1618 4077 sparsim
1648 4008 1931 4077 unicuique
1950 4021 2112 4077 appa-

529 4112 647 4168 ret;
705 4114 756 4157 et
800 4101 1086 4171 aliquando
1135 4099 1348 4170 quidem
1400 4098 1775 4168 paucioribus,
1825 4097 2112 4168 aliquando

529 4203 704 4248 autem
735 4191 995 4261 pluribus,
1041 4191 1189 4260 ipsos
1229 4189 1368 4243 inter
1396 4202 1454 4242 se
1502 4197 1665 4242 testes
1705 4197 1758 4241 et
1783 4188 2030 4244 doctores
2056 4187 2110 4245 in

530 4286 630 4339 hoc
659 4283 876 4348 faciens,
930 4290 985 4336 et
1034 4279 1305 4351 apostolos
1337 4278 1564 4335 reddens
1609 4279 1713 4334 fide
1738 4279 1928 4350 dignos
1959 4281 2010 4336 in
2047 4281 2112 4334 iis

527 4392 647 4444 quin
673 4375 936 4430 dicebant.
965 4370 1249 4426 Novissime
1276 4381 1443 4425 autent
1472 4370 1698 4425 omnium
1724 4379 1980 4442 tamquam
2006 4373 2112 4426 cui-

528 4469 646 4522 dam
668 4468 889 4521 abortivo
910 4467 1044 4520 visus
1070 4475 1142 4519 est
1183 4464 1326 4518 mihi.
1347 4463 1482 4532 Quid
1510 4463 1608 4520 sibi
1639 4464 1824 4519 volunt
1867 4463 1952 4518 hic
1994 4464 2112 4520 haec

529 4561 692 4615 verba
719 4556 1052 4621 humilitatis,
1076 4563 1166 4609 aut
1194 4569 1477 4625 quamuam
1507 4554 1707 4611 habent
1735 4554 2112 4610 occasionem?

529 4651 659 4705 Nam
687 4651 728 4704 si
762 4650 870 4702 vult
897 4663 955 4700 se
978 4661 1098 4701 esse
1120 4644 1220 4699 fide
1244 4644 1460 4714 dignum
1484 4653 1537 4700 et
1566 4646 1800 4717 seipsum
1828 4644 2028 4702 referre
2055 4647 2110 4701 in

531 4759 808 4800 numerum
832 4741 1040 4795 testium
1059 4737 1486 4803 resurrectionis,
1508 4738 1830 4793 contrarium
1856 4737 1980 4795 facit
1995 4739 2111 4809 ejus

531 4835 670 4902 quod
688 4835 896 4890 volebat
917 4852 931 4888 :
949 4829 1375 4903 oportereteaim
1389 4843 1447 4883 se
1465 4827 1742 4895 extollere,
1757 4835 1812 4884 et
1827 4830 2112 4886 ostendere

531 4942 651 4979 esse
681 4941 950 4994 maguum,
979 4923 1118 4994 quod
1146 4936 1290 4992 smpe
1319 4920 1445 4976 facit
1465 4934 1584 4976 eum
1618 4923 1828 4990 tempus
1855 4921 2106 4989 postulat.

532 5019 818 5084 Propterea
850 5016 991 5069 enim
1051 5015 1137 5068 hic
1173 5029 1380 5082 quoque
1419 5011 1658 5067 modeste
1697 5011 1946 5080 loquitur,
1976 5029 2107 5084 quo-

530 5109 671 5162 niam
691 5106 791 5159 hoc
811 5103 1210 5167 eratfacutrus;
1233 5104 1324 5158 sed
1348 5119 1452 5158 non
1472 5105 1673 5170 statim,
1697 5119 1881 5160 verum
1904 5121 2024 5161 cum
2045 5119 2108 5162 ea

530 5215 631 5268 qua
655 5213 750 5268 par
773 5205 857 5251 est
883 5195 1184 5267 prudentia.
1214 5194 1346 5249 Nam
1371 5210 1493 5251 cum
1524 5198 1672 5267 prius
1700 5197 1940 5254 modeste
1966 5210 2111 5256 esset

529 5295 800 5362 loquutus,
828 5296 882 5343 et
906 5287 959 5342 in
988 5301 1048 5342 se
1077 5285 1274 5340 multas
1303 5288 1662 5355 congessisset
1685 5291 2105 5356 criminationes,

526 5397 653 5439 tunc
681 5398 767 5438 res
792 5395 917 5437 suas
952 5379 1255 5449 amplificat.
1298 5377 1513 5447 Quare?
1559 5379 1626 5438 Ut
1679 5396 1800 5438 cum
1857 5399 2105 5454 magnum

528 5476 799 5545 quidpiam
829 5482 884 5528 et
910 5472 1140 5528 sublime
1168 5470 1236 5527 de
1263 5484 1323 5526 se
1352 5471 1600 5542 loquutus
1644 5471 1821 5537 fuerit,
1853 5483 1914 5529 ut
1954 5474 2103 5541 illud,

528 5569 653 5620 Ilns
681 5585 831 5637 quam
851 5581 1026 5622 omnes
1045 5563 1286 5630 laboravi,
1318 5579 1379 5621 ea
1408 5567 1616 5621 ratione
1635 5575 1784 5636 grata
1805 5577 1858 5622 et
1889 5575 2103 5637 accepta

527 5659 593 5711 sit
617 5659 812 5722 oratio,
841 5657 984 5726 quod
1011 5672 1077 5713 ex
1104 5655 1336 5725 quadam
1364 5655 1562 5710 dictum
1591 5656 1661 5711 sit
1700 5657 2100 5727 consequentia,

526 5767 629 5804 non
663 5764 726 5804 cx
763 5745 1097 5816 praesidente
1143 5745 1407 5801 instituto.
1444 5744 1733 5814 Propterea
1783 5748 1942 5804 etiam
1971 5754 2104 5808 scri-

1262 309 1316 364 S.
1359 303 1635 362 IOANNIS
1672 301 2143 360 CllRYSOSTOMl
2184 302 2496 361 ARCHIEP.
2539 295 3073 360 CONSTANTINOP.

3688 311 3790 367 29.8

2214 415 2344 471 bons
2387 418 2451 470 ad
2487 416 2847 484 Timotheum,
2895 435 3013 474 cum
3063 427 3207 476 esset
3232 433 3418 490 magna
3447 422 3515 477 de
3543 437 3601 478 se
3620 422 3794 478 dictu-

2212 522 2322 570 rus,
2376 508 2520 575 prius
2553 510 2698 577 ponit
2739 524 2865 564 suas
2903 511 3305 566 criminationes
3333 513 3423 582 (t.
3454 511 3590 567 Tim.
3619 516 3671 570 1.
3701 517 3788 570 ti.

2209 614 2342 668 seqq.
2362 599 2405 670 ).
2441 599 2571 653 Nam
2599 602 2686 669 qui
2714 600 2781 655 de
2807 601 2926 655 aliis
2955 603 3168 671 quidem
3214 618 3461 673 magnum
3490 605 3614 674 quid
3641 605 3789 671 dicit,

2213 689 2474 758 intrepide
2502 690 2736 760 loquitur
2759 701 2812 746 et
2837 706 3024 746 secure
3049 710 3061 746 :
3081 693 3168 764 qui
3191 703 3366 748 autent
3390 709 3612 751 necesse
3633 697 3792 753 habet

2212 781 2444 850 seipsum
2471 782 2708 848 laudare,
2742 784 2972 840 maxime
2998 801 3124 840 vero
3155 801 3274 840 eum
3303 787 3540 858 seipsum
3587 789 3791 860 profert

2214 881 2423 940 testem,
2459 874 2660 943 pudore
2680 875 2909 930 afficitur
2938 884 2992 930 et
3019 878 3305 932 erubescit.
3326 876 3449 932 Ideo
3473 879 3563 936 hic
3585 897 3794 953 quoque

2212 963 2400 1020 beatus
2450 968 2683 1036 seipsum
2745 970 2890 1037 prius
2935 971 3187 1025 miserum
3218 973 3541 1042 pronuntiat,
3572 984 3628 1029 et
3673 986 3796 1032 tunc

2213 1055 2340 1110 illud
2371 1074 2619 1128 maguum
2660 1060 2909 1130 loquitur.
2940 1061 3049 1117 lloc
3096 1071 3274 1118 autem
3307 1062 3452 1131 facit,
3484 1073 3538 1120 et
3565 1067 3794 1137 propria

2212 1147 2383 1202 laudis
2402 1151 2697 1205 molestiam
2717 1167 2986 1220 reseeaus,
3007 1163 3188 1224 etquaa
3215 1163 3397 1223 postea
3418 1164 3544 1211 sunt
3571 1157 3795 1215 dicenda

2213 1239 2338 1296 hinc
2361 1241 2464 1296 fide
2489 1243 2644 1314 digna
2667 1243 2928 1299 efficiens.
2970 1245 3101 1299 Nam
3147 1246 3237 1315 qui
3286 1262 3404 1316 qua:
3447 1259 3574 1303 sunt
3603 1251 3798 1319 probro

2211 1331 2382 1386 danda
2413 1351 2533 1387 cum
2568 1337 2788 1390 veritate
2816 1337 3017 1403 retulit,
3052 1347 3104 1391 et
3135 1337 3265 1392 nihil
3293 1354 3481 1396 eorum
3499 1342 3712 1410 celavit,
3741 1353 3798 1400 ttt

2210 1426 2355 1495 quod
2388 1425 2676 1481 Ecclesium
2707 1429 2777 1482 sit
2822 1437 3192 1500 persequutus,
3239 1430 3380 1500 quod
3409 1432 3565 1488 fidem
3595 1433 3796 1491 labefa-

2211 1527 2360 1574 ctare
2385 1530 2628 1586 conatus,
2659 1521 2782 1577 hinc
2811 1523 2971 1578 etiam
2999 1523 3166 1578 efficit
3196 1531 3254 1578 ut
3279 1540 3398 1595 quae
3424 1536 3548 1582 sunt
3569 1526 3792 1585 honesta

2212 1611 2319 1667 sint
2347 1612 2566 1670 minime
2588 1625 2856 1686 suspecta.

2283 1707 2336 1761 5.
2360 1705 2649 1764 Considera
2680 1718 2856 1765 autem
2885 1725 3042 1781 quam
3087 1711 3306 1781 insignis
3353 1713 3421 1768 sit
3447 1712 3562 1785 ejus
3588 1713 3801 1772 humili-

2214 1797 2355 1853 litas.
2382 1797 2515 1852 Nam
2547 1815 2669 1854 eum
2723 1801 2965 1868 dixisset,
3017 1802 3310 1858 Novissime
3358 1814 3528 1860 autem
3572 1814 3800 1863 omnium

2213 1891 2346 1945 visus
2373 1902 2444 1946 est
2486 1901 2531 1945 et
2562 1893 2706 1960 mihi,
2741 1908 2807 1948 eo
2854 1911 2959 1948 non
2994 1893 3091 1948 fuit
3118 1903 3446 1950 contentus:
3476 1895 3632 1953 Hulti
3655 1902 3800 1956 enim

2214 1982 2489 2048 novissimi,
2523 1983 2713 2053 inquit,
2737 1986 2907 2054 primi,
2953 1995 3006 2040 et
3057 1988 3209 2058 primi
3255 1990 3514 2044 novissimi
3567 1990 3794 2061 (Matth.

2215 2075 2304 2130 19.
2349 2074 2470 2146 50).
2513 2075 2799 2146 Propterea
2858 2078 3096 2145 addidit,
3136 2079 3414 2150 Tamquam
3459 2085 3660 2138 cuidam
3703 2086 3798 2140 ab

2212 2168 2390 2222 ortivo.
2442 2168 2622 2240 Neque
2676 2169 2763 2224 hic
2819 2171 2986 2237 stetit,
3029 2171 3124 2226 sed
3179 2188 3336 2228 suum
3391 2175 3553 2230 etiam
3596 2176 3800 2232 addidit

2211 2259 2469 2330 judicium
2528 2279 2540 2313 :
2600 2260 2654 2315 9.
2715 2259 2824 2332 Ego
2876 2262 3008 2315 enim
3059 2279 3170 2317 sum
3238 2265 3473 2318 minimus
3539 2268 3798 2337 apostolo-

2214 2368 2327 2405 rum
2350 2368 2368 2405 :
2397 2356 2480 2422 qui
2521 2370 2620 2407 non
2660 2370 2770 2406 sum
2809 2355 2993 2423 dignus
3036 2355 3206 2408 vocari
3250 2355 3531 2425 apostolus,
3562 2360 3799 2427 quoniam

2214 2457 2540 2517 persequutus
2580 2463 2691 2500 sum
2736 2445 3019 2501 Ecclesium
3063 2447 3180 2503 Dei.
3223 2448 3337 2503 Non
3380 2449 3546 2516 dixit,
3585 2451 3796 2506 Duode-

2212 2539 2318 2592 cim
2371 2538 2564 2603 solum,
2621 2539 2715 2594 sed
2742 2541 2901 2595 etiam
2941 2541 3166 2595 aliorum
3212 2541 3473 2595 omnium.
3531 2541 3655 2596 Haec
3699 2561 3798 2598 au-

2215 2641 2320 2686 tem
2363 2633 2540 2687 omnia
2582 2633 2823 2700 dicebat,
2852 2632 3012 2687 simul
3050 2641 3105 2688 et
3147 2642 3302 2688 utens
3333 2632 3616 2700 modestia,
3645 2645 3699 2690 et
3722 2637 3801 2692 sic

2215 2736 2271 2780 ut
2301 2726 2406 2780 dixi
2432 2727 2676 2792 affectus,
2708 2736 2762 2780 et
2789 2727 2929 2796 quod
2955 2725 3240 2781 dicendqu
3279 2735 3395 2781 erat
3435 2727 3583 2797 prius
3612 2727 3800 2797 dispo-

2215 2833 2370 2886 nens,
2409 2828 2462 2874 et
2513 2829 2571 2873 ut
2616 2819 2883 2873 lubentius
2916 2821 3251 2889 exciperetur
3289 2819 3545 2874 efficiens.
3592 2819 3722 2874 Nam
3752 2821 3800 2874 si

2214 2906 2628 2980 praetergressus
2656 2911 2902 2974 dixisset,
2939 2911 3152 2966 Debetis
3183 2912 3310 2966 mihi
3362 2911 3604 2976 credere,
3655 2912 3800 2981 quod

2214 3002 2459 3057 Christus
2513 3003 2900 3068 resurrexerit;
2962 3003 3066 3057 vidi
3126 3003 3269 3058 enim
3328 3003 3525 3072 ipsum,
3575 3013 3630 3059 et
3679 3017 3800 3057 sum

2214 3095 2453 3149 omnium
2485 3093 2588 3148 fide
2611 3093 2977 3163 dignissimus.
3009 3103 3064 3148 ut
3088 3094 3176 3164 qui
3217 3094 3338 3164 plus
3363 3093 3714 3149 laboraverim
3747 3094 3800 3148 id

2213 3184 2355 3254 quod
2385 3185 2662 3240 dicebatur
2689 3186 2851 3239 etiam
2891 3183 3202 3240 offendisset
3229 3199 3323 3239 eos
3353 3185 3441 3254 qui
3470 3184 3752 3240 audiebant
3782 3201 3799 3239 :

2217 3291 2358 3331 nunc
2388 3285 2566 3330 autem
2598 3276 2651 3330 in
2683 3275 2841 3330 rebus
2889 3275 3178 3330 humilibus
3217 3285 3271 3330 et
3321 3276 3544 3346 abjectis
3572 3277 3799 3345 primum

2213 3376 2474 3434 versatus,
2504 3377 2556 3422 et
2585 3366 2636 3421 in
2655 3367 2719 3421 iis
2737 3383 2853 3436 qua:
2875 3366 3244 3422 criminatione
3265 3366 3421 3438 digna
3446 3379 3632 3433 erant;
3655 3367 3804 3436 ejus-

2215 3459 2358 3515 modi
2417 3459 2740 3514 narrationis
2789 3461 3083 3529 amputavit
3130 3459 3500 3529 asperitatem.
3563 3469 3616 3514 et
3659 3460 3800 3514 viam

2213 3554 2404 3608 muniit
2453 3552 2519 3606 ad
2575 3551 2866 3608 faciendam
2917 3552 3222 3607 testimonio
3269 3551 3448 3606 fidem.
3498 3551 3792 3621 Propterea

2215 3661 2388 3716 neque
2413 3645 2606 3708 solum,
2639 3653 2694 3699 ut
2721 3644 2829 3699 dixi
2854 3687 2870 3707 ,
2889 3658 2946 3700 se
2968 3644 3276 3715 pronuntiat
3295 3659 3415 3699 esse
3443 3643 3706 3709 ultimum,
3739 3653 3802 3699 et

2215 3736 2488 3806 indignum
2519 3735 2608 3804 qtti
2633 3735 2932 3804 appelletur
2949 3734 3242 3804 aposmlus,
3267 3733 3363 3788 sed
3383 3733 3537 3788 affert
3556 3747 3797 3798 causam,

2213 3828 2431 3893 dicens,
2483 3828 2734 3897 Quoniam
2774 3837 3101 3898 persequutus
3141 3843 3251 3881 sum
3295 3824 3596 3880 Ecclesium.
3635 3827 3799 3895 Atqui

2215 3920 2390 3974 omnia
2419 3919 2507 3974 illa
2539 3917 2751 3973 fuerant
2781 3919 3022 3982 remissa,
3046 3917 3138 3972 sed
3164 3927 3338 3972 tamen
3369 3917 3482 3987 ipse
3508 3931 3798 3986 numquam

2215 4020 2298 4066 est
2324 4026 2510 4067 eorum
2541 4009 2760 4075 oblitus,
2793 4009 2980 4064 volens
3006 4008 3290 4064 ostendere
3316 4011 3503 4080 gratia:
3530 4009 3800 4079 magnitu-

2213 4101 2414 4156 dinem.
2448 4101 2509 4156 Et
2542 4101 2657 4157 ideo
2692 4101 2982 4172 subjungit,
3006 4100 3192 4156 dicens
3221 4119 3234 4155 :
3269 4101 3357 4156 10.
3402 4100 3582 4157 Gratia
3630 4111 3801 4156 autem

2214 4193 2312 4247 Dei
2335 4209 2444 4248 sum
2480 4192 2614 4262 quod
2649 4208 2782 4246 sum.
2817 4191 3061 4246 Vidistin
3112 4207 3323 4247 rursum
3352 4191 3507 4246 aliam
3532 4207 3796 4246 summam

2215 4282 2601 4338 humilitatem?
2630 4281 2760 4336 Nam
2791 4281 2988 4336 delicta
3036 4281 3250 4350 quidem
3295 4282 3396 4337 sibi
3425 4283 3696 4348 attribuit,
3724 4296 3801 4338 ex

2214 4386 2358 4431 recte
2379 4387 2555 4429 autem
2584 4375 2735 4429 factis
2763 4373 2860 4428 sibi
2887 4373 3038 4439 nihil,
3071 4375 3165 4430 sed
3191 4385 3354 4430 totum
3387 4377 3497 4432 Deo
3515 4377 3797 4434 adscribit.

2217 4467 2416 4522 Deinde
2440 4482 2505 4522 ne
2536 4467 2621 4521 hic
2650 4467 2944 4522 auditorem
2973 4467 3160 4522 reddat
3206 4469 3474 4538 supinum,
3522 4469 3670 4534 dicit,
3724 4469 3801 4524 Et

2213 4559 2378 4628 gratia
2392 4557 2501 4627 ejus
2527 4558 2577 4611 in
2601 4574 2678 4611 me
2698 4573 2854 4611 vacua
2869 4576 2969 4612 non
2989 4559 3102 4628 fuit.
3130 4559 3198 4614 Et
3215 4561 3316 4614 hoc
3337 4575 3522 4614 rursus
3539 4559 3799 4617 demisse.

2214 4647 2328 4703 Non
2360 4648 2492 4703 dixit
2522 4649 2664 4702 enim
2686 4689 2700 4710 ,
2749 4649 2967 4703 Ostendi
2997 4650 3230 4706 studium
3260 4667 3324 4706 ac
3353 4651 3679 4722 diligentiam
3705 4651 3799 4706 di-

2213 4755 2370 4810 gnam
2396 4739 2585 4810 gratia,
2617 4739 2710 4795 sed
2743 4741 2829 4794 illa
2866 4739 3037 4795 Vacua
3054 4758 3154 4796 non
3175 4744 3290 4814 fuit.
3324 4743 3431 4798 Sed
3453 4742 3802 4798 abundantius

2215 4833 2316 4887 illis
2346 4833 2575 4888 omnibus
2623 4832 2867 4888 laboravi.

2288 4925 2443 4980 Pauli
2471 4926 2747 4981 humilitas.
2771 4926 2968 4982 -
2995 4925 3148 4993 dixit,
3173 4925 3300 4980 Sum
3333 4926 3641 4993 honoratus,
3673 4926 3797 4992 sed,

2214 5020 2464 5076 Laboravi
2491 5035 2510 5072 :
2536 5029 2731 5074 etcum
2760 5029 2940 5089 posset
2959 5019 3134 5074 dicere
3160 5028 3213 5074 et
3243 5018 3475 5088 pericula
3498 5027 3551 5073 et
3572 5028 3799 5085 mortes,

2215 5113 2430 5168 nomine
2480 5110 2676 5166 laboris
2723 5125 2908 5165 rursus
2955 5119 3209 5165 extenuat
3257 5110 3396 5180 quod
3435 5110 3634 5164 dictum
3686 5118 3797 5167 est.

2217 5204 2416 5259 Deinde
2447 5217 2631 5258 rursus
2674 5203 2829 5257 solita
2860 5211 3016 5257 utens
3048 5204 3371 5268 lunuilitate,
3427 5201 3530 5256 hoc
3578 5217 3799 5272 quoque

2212 5295 2318 5346 cito
2366 5293 2746 5362 prietereurrit,
2803 5303 2857 5347 et
2908 5303 3077 5348 totum
3123 5293 3230 5348 Deo
3255 5291 3528 5354 adscribit.
3563 5291 3746 5346 dicens
3774 5306 3796 5345 :

2217 5383 2339 5438 Non
2356 5401 2447 5456 ego
2472 5399 2659 5450 autem,
2690 5386 2778 5440 sed
2797 5386 2962 5456 gratia
2983 5384 3080 5440 Dei
3101 5403 3313 5440 mecum.
3338 5383 3474 5452 Quid
3496 5382 3596 5437 hac
3613 5382 3800 5437 anima

2214 5475 2373 5532 fuerit
2399 5475 2804 5532 admirabilius?
2854 5477 2984 5531 Nam
3011 5493 3130 5530 eum
3158 5492 3252 5546 per
3275 5485 3381 5530 tam
3409 5475 3576 5530 multa
3603 5488 3664 5529 se
3687 5469 3799 5528 de-

2214 5569 2518 5641 pressisset,
2547 5579 2602 5625 et
2645 5586 2807 5623 unum
2840 5568 3092 5640 quiddam
3141 5568 3302 5624 altqu
3332 5567 3506 5623 solum
3536 5573 3680 5622 esset
3705 5563 3799 5620 lo-

2213 5673 2428 5733 quutus,
2458 5677 2526 5719 ne
2557 5662 2657 5718 hoc
2681 5661 2899 5733 quidem
2927 5676 3082 5716 suum
3104 5675 3223 5716 esse
3246 5660 3397 5724 dicit,
3415 5668 3470 5716 et
3493 5675 3563 5715 ex
3589 5660 3656 5714 iis
3672 5673 3803 5729 qua:

2210 5761 2595 5826 praecesserunt
2638 5761 2688 5803 et
2718 5765 2837 5823 quise
2870 5754 3057 5819 postea
3077 5753 3203 5803 sunt
3218 5753 3467 5818 sequuta,
3494 5751 3661 5806 altum
3689 5747 3803 5804 hoc
