4112 6224
373 273 479 339 3ἳῖ

370 429 510 475 των,
543 408 803 478 ὡσπερεί
834 406 913 474 τῷ
949 412 1271 483 ἐκτρώματι
1315 415 1481 486 ὤφθη
1522 418 1721 486 κάμοί.
1772 417 1944 470 Τοῦτο

370 492 843 565 μετριοφροσύνης
896 495 1098 565 μᾶλλόν
1154 497 1270 550 ἐστι
1318 499 1380 551 τὸ
1421 499 1595 570 ῥῆμα.
1650 500 1783 553 Οὑδὲ
1837 499 1945 569 γάρ

367 577 559 648 ἐπειδὴ
606 577 887 646 ἐλάχιστος
932 571 1022 646 ἦν,
1062 577 1153 631 διὰ
1202 580 1362 634 τοῦτο
1413 584 1556 651 μετά
1587 584 1715 647 τοὺς
1753 582 1945 645 ἄλλους

367 659 520 731 αὑτῷ
553 656 728 731 ὤφθη·
758 659 882 712 ἐπεὶ
916 658 1018 713 κᾶν
1049 661 1275 731 ἔσχατον
1308 664 1559 730 ἐκάλεσε,
1598 665 1811 719 πολλῶν
1837 664 1944 718 τῶν

369 743 479 813 πρὸ
505 742 715 807 αὑτοῦ,“
743 742 940 813 μᾶλλον
974 743 1031 797 δὲ
1079 746 1299 799 πάντων
1332 747 1715 820 λαμπρότερος
1747 747 1902 818 ὤφθη
1926 767 1940 779 ·

367 827 466 879 καὶ
515 826 563 877 οί
616 826 959 879 πεντακόσιοι
995 827 1051 879 δὲ
1100 828 1320 897 ἀδελφοὶ
1365 833 1427 884 οὑ
1464 832 1640 902 δήπου
1678 830 1940 887 Ἰακώϐου

371 908 615 978 βελτίους
639 904 804 979 ἦσαν,
834 909 1020 980 ἐπειδὴ
1050 911 1154 980 πρὸ
1194 913 1402 966 ἐκείνου
1427 915 1610 979 αὑτοῖς
1633 915 1811 987 ὤφθη.
1831 916 1941 968 Καὶ

367 992 461 1046 διὰ
491 993 543 1045 τί
592 992 690 1061 οὑχ
738 991 871 1062 ὁμοῦ
922 995 1087 1046 πᾶσιν
1130 996 1371 1065 έωρᾶτο;
1404 999 1521 1053 ’Ἰνα
1553 998 1941 1071 προκαταῶλῃ

367 1077 470 1146 τῆς
501 1074 737 1138 πίστεως
769 1075 838 1129 τά
868 1077 1177 1146 σπέρματα.
1213 1080 1270 1132 Ὀ
1302 1081 1412 1151 7&9
1443 1083 1658 1152 πρῶτος
1697 1082 1820 1136 ἰδὼν
1848 1084 1942 1136 καί

368 1158 616 1230 ἀκριϐῶς
660 1158 1117 1230 πληροφορηθεὶς,
1175 1166 1285 1225 τοῖς
1327 1165 1509 1228 ἄλλοις
1560 1165 1937 1237 ἀπήγγελλεν·

371 1237 491 1295 εἶτα
552 1243 580 1293 6
638 1240 796 1309 λόγος
847 1243 1196 1312 προφθάνων,
1253 1249 1311 1302 ὲν
1349 1243 1649 1319 προσδοκίᾳ
1711 1248 1940 1321 καθίστη

371 1325 467 1379 τοῦ
526 1324 761 1395 μεγάλου
805 1322 993 1380 τούτου
1033 1326 1310 1399 θαύματος
1365 1330 1456 1384 τὸν
1506 1331 1794 1393 ἀκούοντα,
1847 1336 1942 1387 καὶ

370 1407 730 1479 προωδοποίει
764 1409 831 1478 τῇ
873 1408 975 1479 τῆς
1021 1410 1196 1480 ὂψεως
1241 1413 1591 1468 πίστει.-Διὰ
1631 1415 1788 1469 τοῦτο
1818 1412 1941 1469 οὔτε

368 1492 507 1561 ὁμοῦ
543 1495 709 1546 πᾶσιν
757 1491 937 1563 ὢφθη,
970 1492 1094 1547 οὔτε
1123 1498 1181 1548 ἐν
1224 1496 1365 1567 ἀρχῇ
1412 1497 1674 1565 πλείοσιν,
1706 1499 1823 1553 ἀλλ’
1861 1500 1942 1553 ἑνὶ

370 1572 519 1646 [356]
550 1576 694 1645 μόνῳ
715 1575 950 1646 πρῶτον,
985 1579 1078 1630 καὶ
1109 1578 1283 1649 τούτῳ
1303 1581 1381 1651 τῷ
1410 1581 1695 1653 κορυφαίῳ
1726 1583 1942 1637 πάντων

368 1658 464 1712 καί
513 1659 842 1730 πιστοτάτῳ.
894 1660 1005 1714 Καὶ
1053 1661 1163 1732 γὰρ
1220 1664 1550 1737 πιστοτάτης
1586 1664 1792 1736 σφόδρα
1836 1666 1941 1719 έδει

366 1742 543 1811 ψυχῆς
572 1742 672 1812 τῆς
720 1742 943 1813 πρώτης
981 1738 1278 1817 δεῂδμένης
1309 1747 1513 1818 ταύτην
1545 1749 1645 1822 τὴν
1679 1750 1821 1818 ὄψιν.
1875 1752 1938 1804 Οἰ

373 1827 471 1895 μὲν
520 1826 627 1895 γάρ
666 1826 804 1895 μετά
860 1825 921 1879 τὸ
952 1828 1192 1905 Δἐτέρους
1246 1830 1372 1883 ἰδεῖν
1406 1832 1500 1885 καὶ
1526 1832 1779 1900 ἀκοῦσαι,
1809 1838 1939 1905 παρ’

368 1908 546 1961 αὐτῶν
581 1908 889 1978 βλέποντες,
920 1903 1066 1980 εῖχον
1102 1911 1162 1964 ού
1194 1911 1443 1982 μικριῖινιὶ
1472 1915 1831 1970 συντελοῦσαν
1862 1903 1940 1981 εἰς

365 1991 465 2063 τὴν
492 1992 675 2045 πίστιν
705 1991 887 2056 αὐτοῖς
912 1992 1013 2065 τὴν
1059 1995 1285 2048 ἐκείνων
1318 2000 1646 2068 μαρτυρίαν,
1670 1993 1780 2053 ’καὶ
1806 2018 1941 2070 προ-

366 2076 897 2148 παρασκευάζουσαν
946 2075 1125 2132 αὐτῶν
1153 2073 1250 2149 τὴν
1290 2075 1551 2136 διάνοιαν·
1579 2080 1606 2136 6
1635 2080 1693 2136 δὲ
1723 2084 1940 2155 πρῶτος

364 2160 728 2225 καταξιωθεὶς
752 2160 939 2215 τοῦτον
969 2159 1115 2225 ίδεῖν,
1140 2162 1359 2235 πολλῆς,
1382 2164 1518 2236 ὅπερ
1551 2165 1724 2238 ἔφθην
1749 2167 1937 2231 εἰπὼν,

366 2243 546 2297 ὲδεῖτο
576 2243 674 2312 τῆς
699 2242 947 2306 πίστεως,
979 2238 1118 2297 ὥστε
1152 2246 1225 2316 μὴ
1252 2245 1620 2320 θορυϐηθῆναι
1650 2248 1727 2321 τῷ
1761 2264 1940 2322 παρα-

363 2325 509 2395 δόξῳ
532 2328 633 2396 τῆς
670 2326 813 2388 θέας.
849 2326 948 2379 Διὰ
991 2326 1150 2380 τοῦτο
1193 2329 1386 2401 Πέτρῳ
1414 2332 1667 2400 φαίνεται
1701 2335 1935 2404 πρῶτον.

376 2409 439 2460 '0
466 2407 577 2476 7&9
620 2408 834 2478 πρῶτος
862 2407 1024 2461 αὑτὸν
1052 2409 1395 2483 ὁμολογήσας
1424 2414 1682 2484 Χριστὸν,
1712 2417 1937 2479 εἰκότως

366 2493 464 2544 καὶ
499 2490 598 2562 τὴν
643 2491 940 2546 ἀνάστασιν
986 2490 1192 2564 ἠξιώθη
1252 2496 1468 2565 πρῶτος
1525 2498 1674 2551 ἰδεῖν.
1729 2498 1805 2552 Οὑ
1853 2499 1940 2554 διά

362 2574 526 2628 τοῦτο
556 2575 613 2627 δὲ
647 2575 895 2653 φαίνεται
944 2574 1145 2644 πρώτῳ
1192 2577 1359 2649 μόνῳ,
1412 2579 1549 2644 ἀλλ’,
1601 2582 1790 2653 ἐπειδὴ
1844 2583 1939 2636 καὶ

363 2658 740 2727 ἀρνησάμενος
784 2652 873 2727 ἦν,
928 2659 992 2709 ἐκ
1041 2659 1357 2727 περιουσίας
1389 2661 1552 2717 αὑτὸν
1599 2652 1937 2736 παρακαλῶν

364 2741 461 2791 καὶ
499 2738 709 2801 δεικνὺς
757 2739 839 2791 ὃτι
893 2738 993 2792 οὐκ
1040 2740 1409 2809 ἀπέγνωσται,
1462 2744 1567 2815 πρὸ
1614 2747 1724 2800 τῶν
1763 2747 1938 2802 ἄλλων

364 2820 461 2873 καὶ
486 2819 588 2889 τῆς
615 2820 788 2891 ὅψεως
815 2820 976 2874 αὑτὸν
1004 2822 1209 2889 ταύτης
1238 2824 1565 2896 κατηξίωσε,
1603 2829 1697 2882 καί⁵
1735 2829 1939 2901 πρώτῳ

360 2902 432 2954 τὰ
462 2902 703 2974 πρόϐατα
726 2904 1041 2975 ἐνεχείρισε.
1079 2906 1178 2959 Διά
1199 2905 1356 2959 τοῦτο
1378 2911 1472 2962 καὶ
1496 2908 1743 2977 γυναιξὶν
1763 2912 1936 2983 ἐφάνη

363 2984 629 3057 πρώταις.
680 2985 899 3055 Ἐπειδὴ
953 2987 1016 3041 τὸ
1061 2988 1214 3055 γένος
1264 2989 1570 3059 ἠλάττωται
1626 2993 1809 3059 τοῦτο,
1851 2995 1939 3048 διὰ
1983 3045 2005 3066 ,

362 3069 520 3122 τοῦτο
543 3068 640 3122 καὶ
663 3069 721 3120 έν
743 3071 809 3139 τῇ
837 3070 1087 3141 γεννήσει
1118 3071 1212 3123 καὶ
1235 3072 1292 3124 ἐν
1324 3075 1390 3143 τῇ
1420 3074 1716 3128 ἀναστάσει
1746 3075 1935 3149 πρώτη

361 3151 503 3221 αὐτὴ
532 3151 849 3205 αἰσθάνεται
879 3153 979 3223 τῆς
1026 3153 1268 3224 χάριτος.
1306 3156 1462 3209 Μετά
1502 3157 1558 3210 δὲ
1606 3159 1814 3230 Πέτρον
1844 3162 1939 3215 καὶ

359 3236 771 3307 διεσπαρμένως
811 3236 1023 3307 ἑκάστῳ
1051 3237 1324 3306 φαίνεται,
1352 3242 1447 3295 καί
1491 3243 1623 3296 ποτὲ
1650 3243 1751 3315 μὲν
1782 3245 1938 3299 ἐλάτ-

360 3334 497 3380 τοσι,
528 3321 657 3373 ποτὲ.
688 3320 745 3374 δὲ
784 3320 1046 3386 πλείοσιν,
1095 3322 1340 3393 ἀλλήλων
1399 3325 1597 3391 αὑτοὺς
1649 3329 1935 3399 μάρτυρας

361 3404 459 3454 καὶ
485 3402 834 3468 διδασκάλους
860 3406 918 3457 ὲν
945 3404 1120 3475 τούτῳ
1171 3406 1363 3469 ποιῶν,
1414 3411 1507 3461 καὶ
1539 3410 1668 3474 τοὺς
1700 3411 1934 3464 ἀποστό-

363 3483 489 3547 λους
554 3486 896 3552 ἀξιοπίστους
966 3489 1389 3552 κατασκευάζων
1454 3492 1512 3543 ὲν
1571 3487 1651 3557 οἷς
1718 3492 1930 3563 ἔλεγον’

368 3567 670 3636 ’ἔσχατον
721 3568 790 3621 δὲ
850 3568 1111 3635 πάντων,
1167 3571 1426 3640 ὡσπερεί
1473 3589 1554 3638 τῳ
1586 3574 1932 3644 ἐκτρώματι,

362 3650 526 3719 ὤφθη
546 3652 744 3721 κάμοί.
773 3650 839 3704 Τί
862 3652 1108 3722 βούλεται
1130 3653 1280 3724 αὑτῷ
1308 3655 1543 3710 ἐνταῦθα
1564 3657 1662 3728 τῆς
1687 3675 1933 3712 ταπεινο⁹

363 3734 635 3803 φροσύνης
667 3734 735 3786 τὰ
767 3736 1010 3804 ῥήματα,
1041 3735 1074 3806 ἢ
1122 3736 1418 3807 ποῖον’ἔχει
1448 3741 1640 3810 καιρόν
1666 3757 1680 3806 ;
1729 3743 1794 3795 Εἰ
1822 3742 1933 3814 γὰρ

360 3816 675 3883 ἄξιόπιστον
701 3817 889 3870 ἑαυτὸν
922 3817 1199 3886 ἀποφῆναι
1230 3818 1478 3887 βούλεται
1509 3823 1604 3874 καὶ
1638 3823 1936 3891 ἐγκαταλέ-

364 3898 451 3961 ξαι
483 3903 596 3962 τοῖς
627 3900 861 3971 μάρτυσι
888 3901 986 3971 τῆς
1013 3902 1382 3965 ἀναστάσεως,
1411 3904 1721 3957 τούναντίον
1752 3905 1784 3977 ἢ
1810 3906 1935 3976 βούο

360 3976 512 4034 λεται
540 3985 719 4035 ποιεῖ·
758 3983 1089 4054 ὲπᾶραιγάρ
1131 3985 1322 4037 ἑαυτὸν
1362 3984 1468 4037 ἔδει
1507 3986 1602 4038 καὶ
1633 3986 1804 4050 δεῖξαι
1837 3990 1931 4058 μέν

360 4080 467 4132 γαν
496 4065 646 4128 ὄντα,
672 4064 700 4117 δ
741 4066 1007 4135 πολλαχοῦ
1048 4069 1195 4122 ποιεῖ
1228 4066 1423 4135 καιροῦ
1458 4067 1751 4132 καλοῦντος
1781 4070 1930 4125 αὑτό.

360 4146 467 4199 Διά
499 4144 660 4199 τοῦτο
683 4148 786 4219 γὰρ
816 4150 909 4203 καὶ
937 4149 1169 4203 ἐνταῦθα
1201 4150 1509 4221 μετριάζει,
1553 4151 1739 4223 ιπειδὴ
1779 4152 1935 4207 τοῦτο

366 4229 557 4299 μέλλει
585 4234 751 4284 ποιεῖν
767 4248 781 4261 '
804 4232 921 4287 ἀλλ’
948 4233 1047 4287 οὐκ
1084 4234 1308 4297 εὐθέως,
1331 4233 1467 4287 ἀλλά
1493 4235 1628 4304 μετά
1654 4235 1754 4305 τῆς
1786 4238 1935 4307 αὑτῷ

364 4311 682 4383 πρεπούσης
704 4315 993 4379 συνέσεως.
1029 4317 1303 4387 Πρότερον
1347 4317 1454 4388 γὰρ
1492 4317 1794 4389 μετριάσας
1842 4322 1935 4374 καὶ

362 4396 698 4466 κατηγορίας
756 4398 949 4452 ἑαυτοῦ
1006 4401 1363 4469 συμφορήσας
1415 4400 1637 4466 πολλάς,
1684 4402 1805 4455 τότε
1868 4404 1935 4456 τὰ

360 4479 486 4532 καθ’
518 4480 709 4532 ἑαυτὸν
733 4482 1001 4550 σεμνύνει.
1029 4482 1093 4535 Τί
1129 4483 1357 4552 δήποτε;
1401 4485 1514 4547 Ἶν’,
1543 4484 1670 4538 ὅταν
1695 4486 1756 4539 τὸ
1791 4476 1947 4556 μέγα’

359 4562 459 4614 καὶ
503 4560 708 4633 ὑψηλὸν
745 4563 920 4617 έκεῖνο
965 4564 1092 4635 περὶ
1118 4565 1315 4619 ἑαυτοῦ
1350 4564 1670 4637 φθέγξηται,
1706 4569 1786 4635 τὸ,
1826 4573 1933 4624 Πε-

352 4645 722 4712 ρισσότερον
753 4643 991 4699 πάντων
1016 4646 1335 4711 ἐκοπίασα,
1372 4649 1777 4720 εὑπαράδεκτος
1803 4654 1832 4706 6
1857 4653 1935 4706 λό-

358 4742 456 4794 γος
479 4725 704 4797 γένηται
733 4726 927 4798 ταύτῃ,
955 4729 1049 4783 καὶ
1076 4729 1153 4800 τῷ
1191 4731 1267 4794 ὡς
1305 4731 1365 4795 ἐξ
1408 4733 1727 4799 ἀκολουθίας
1766 4736 1930 4800 τινὸς,

358 4808 499 4863 ἀλλὰ
525 4808 601 4879 μὴ
633 4811 1056 4880 προηγουμένως
1101 4813 1372 4884 είρῆσθαι.
1404 4817 1505 4870 Διά
1528 4816 1683 4871 τοῦτο
1718 4819 1813 4871 καὶ
1841 4817 1932 4871 Τι-

363 4892 543 4961 μοθέῳ
570 4892 819 4960 γράφων,
846 4893 940 4946 καὶ
968 4894 1174 4965 μέλλων
1197 4895 1376 4965 λέγειν
1404 4900 1616 4968 μεγάλα
1648 4901 1776 4972 περὶ
1809 4902 1934 4954 ἑαυ-

358 4975 477 5040 τοῦ,
520 4974 785 5045 πρότερον
814 4976 889 5029 τὰ
918 4979 1350 5050 κατηγορήματα
1381 4980 1545 5034 αὑτοῦ
1576 4983 1781 5055 τίθησι.
1824 4984 1935 5036 Καὶ

358 5057 470 5128 γάρ
495 5059 525 5110 6
551 5059 651 5126 μὲν
674 5058 805 5129 περὶ
833 5058 1009 5114 ἀλλων
1030 5078 1083 5112 τι
1109 5060 1251 5130 μέγα
1275 5061 1469 5131 λέγων,
1502 5064 1672 5129 ἀδεῶς
1697 5066 1933 5134 φθέγγε-

355 5154 449 5191 ται
482 5140 577 5192 καὶ
610 5140 745 5210 μετὰ
770 5143 1080 5213 παρρησίας
1102 5157 1114 5170 ⁸
1144 5144 1174 5195 6
1195 5143 1252 5196 δὲ
1278 5145 1470 5198 ἑαυτὸν
1495 5146 1935 5217 ἀναγκαζόμενος

355 5225 622 5288 ἐπαινεῖν,
649 5226 743 5279 καὶ
762 5226 996 5295 μάλιστα
1020 5227 1149 5279 ὅταν
1169 5227 1262 5281 καὶ
1289 5229 1540 5300 μάρτυρα
1561 5231 1753 5285 ἑαυτὸν
1770 5231 1931 5301 καλῇ,

356 5306 672 5374 αἰσχύνεται
695 5309 788 5360 καὶ
813 5308 1041 5378 ἐρυθριᾷ
1062 5324 1077 5338 ·
1116 5309 1204 5364 διὰ
1232 5311 1293 5382 δὴ
1320 5310 1477 5366 τοῦτο
1499 5315 1591 5368 καὶ
1615 5317 1644 5368 6
1668 5317 1935 5385 μακάριος

355 5386 515 5454 οὗτος
543 5391 807 5462 πρότερον
833 5393 1023 5446 ἑαυτὸν
1066 5386 1363 5460 ταλανίζει,
1407 5399 1501 5450 καὶ
1532 5397 1655 5451 τότε
1689 5399 1750 5452 τὸ
1790 5399 1934 5470 μέγα

357 5470 537 5529 ὶκεῖνο
566 5476 879 5546 φθέγγεται.
913 5472 1063 5533 Ποιεῖ
1088 5480 1145 5532 δὲ
1184 5479 1362 5546 τοῦτο,
1388 5481 1449 5535 τό
1474 5499 1532 5535 τε
1563 5481 1801 5554 ἐπαχθὲς
1835 5487 1932 5556 τῆς

422 5698 450 5729 ³
471 5697 687 5750 Savilius
710 5701 975 5764 legendum
998 5707 1134 5765 putat
1156 5701 1343 5765 μικρόν.

1317 283 1383 339 IN
1430 283 1651 341 EPIST.
1698 287 1714 340 1
1777 286 1868 341 AI)
1923 280 2088 340 COB.
2123 283 2356 341 HOMIL.
2399 283 2667 341 XXXVIII

3514 294 3618 349 39.8

2048 405 2495 474 περιαυτολογίας
2519 406 2548 445 ι»
2580 402 3033 477 ὑποτεμνόμενος,
3066 410 3158 462 καὶ
3187 410 3253 463 τὰ
3286 410 3421 480 μετά
3451 412 3618 467 ταῦτα

2046 489 2396 566 ῥηθησόμενα
2428 490 2715 554 ἀξιόπιστα
2744 490 2990 543 ἐντεῦθεν
3021 494 3207 547 ποιῶν.
3253 493 3311 546 '0
3340 494 3449 565 7&9
3483 497 3621 566 μετά

2043 563 2300 641 ἀληθείας
2322 572 2391 625 τά
2414 573 2751 626 ἐπονείδιστα
2781 573 2914 638 θεὶς,
2954 576 3049 627 καὶ
3076 576 3242 645 μηδὲν
3277 563 3458 631 αὐτῶν
3485 563 3623 632 ἀπο-

2045 653 2413 723 κρυψάμενος,
2472 649 2582 708 οἷον
2623 656 2704 708 δτι
2736 655 2834 726 τὴν
2877 657 3204 728 Ἐκκλησίαν
3251 660 3488 726 ἐδίωξεν,
3539 662 3624 715 ὅτι

2045 737 2143 807 τὴν
2172 739 2355 792 πίστιν
2384 739 2677 811 ἐπόρθησε,
2705 740 2799 792 καὶ
2844 741 2912 793 τά
2945 742 3117 812 σεμνά
3148 741 3402 796 ἐντεῦθεν
3450 744 3623 797 ἀνύπ-

2044 834 2182 873 οπτα
2216 826 2380 877 ποιεῖ.

2114 910 2174 956 ε’.
2215 907 2324 959 Καὶ
2355 907 2546 960 σκόπει
2570 908 3074 979 ταπεινοφροσύνης
3107 911 3433 983 ὑπερϐολήν.
3467 911 3616 985 [55η

2046 987 2230 1040 Εἰπὼν
2264 990 2393 1061 γάρ,
2428 991 2734 1059 Ἕσχατον
2769 991 2837 1043 δὲ
2871 991 3115 1045 πάντων
3137 994 3264 1061 ἐμοὶ
3294 994 3480 1063 ὤφθη,
3520 996 3620 1050 οὑκ

2045 1070 2285 1140 ἠρκέσθη
2314 1073 2518 1143 τούτῳ·
2542 1073 2767 1127 Πολλοὶ
2795 1074 2903 1143 7&9
2925 1073 3171 1143 ἔσχατοι
3200 1076 3438 1143 πρῶτοι,
3463 1080 3616 1147 φησὶ,

2044 1153 2142 1206 καὶ
2180 1154 2397 1223 πρῶτοι
2428 1157 2695 1225 ἔσχατοι.
2733 1160 2831 1211 Διά
2864 1157 3022 1210 τοῦτο
3059 1158 3414 1229 προσέθηκεν.
3481 1160 3617 1214 '00-

2044 1239 2210 1305 περεί
2245 1238 2325 1303 τῷ
2357 1239 2698 1309 ἑκτράψατι.
2731 1243 2841 1295 Καὶ
2882 1237 3001 1295 οὑδὲ
3035 1242 3271 1296 ἐνταῦθα
3298 1244 3448 1312 ἔστη,
3484 1244 3620 1297 ἀλλά

2044 1321 2139 1374 καὶ
2173 1322 2271 1391 τὴν
2309 1322 2515 1376 οἰκείαν
2552 1325 2733 1394 κρίσιν
2768 1324 3089 1395 προστίθησι
3127 1327 3216 1378 καὶ
3262 1325 3398 1395 μετά
3442 1326 3620 1389 αἰτίας

2043 1402 2217 1471 λέγων
2244 1419 2256 1429 ⁸
2299 1406 2437 1474 Ἐγὼ
2478 1405 2590 1475 γάρ
2627 1410 2742 1477 εἰμι
2786 1411 2820 1461 ὁ
2868 1406 3190 1477 ἐλάχιστος
3220 1408 3335 1460 τῶν
3361 1408 3621 1462 ἀποστό-

2042 1489 2187 1552 λων,
2235 1488 2303 1554 ὃς
2339 1492 2449 1543 οὐκ
2488 1491 2601 1559 είμί
2640 1492 2845 1557 ἱκανὸς
2885 1491 3199 1544 καλεῖσθαι
3248 1484 3616 1559 ἀπόστολος,

2045 1569 2134 1622 ὅτι
2172 1570 2386 1636 ἐδίωξα
2421 1572 2535 1639 τὴν
2591 1575 2965 1642 Ἐκκλησίαν
3006 1571 3112 1628 τοῦ
3165 1574 3335 1629 Θεοῦ.
3383 1574 3492 1628 Καὶ
3519 1576 3619 1628 οὐκ

2044 1647 2185 1716 εἷπε,
2220 1654 2338 1707 Τῶν
2364 1654 2567 1708 δώδεκα
2590 1655 2786 1724 μόνων,
2819 1655 2956 1708 ἀλλά
2982 1658 3074 1710 καὶ
3107 1656 3218 1710 τῶν
3242 1656 3418 1711 ἄλλων
3442 1657 3618 1712 ἀπάνι-

2042 1751 2169 1787 των.
2213 1736 2393 1788 Ταῦτα
2426 1736 2484 1789 δὲ
2532 1739 2712 1791 πάντα
2749 1738 2883 1807 ὁμοῦ
2921 1740 3018 1809 μὲν
3058 1740 3366 1812 μετριάζων
3408 1741 3614 1810 ἔλεγεν,

2042 1818 2177 1888 ὁμοῦ
2230 1819 2285 1871 δὲ
2335 1820 2430 1872 καὶ
2471 1820 2612 1874 οὕτω
2648 1822 3007 1892 διακείμενος,
3049 1825 3186 1893 ὅπερ
3226 1824 3385 1896 ἔφην,
3427 1826 3522 1880 καὶ
3556 1826 3618 1878 τὸ

2045 1901 2234 1971 μέλλον
2268 1903 2601 1975 ῥηθήσεσθαι
2652 1904 3125 1975 προδιοικούμενος
3180 1907 3274 1961 καὶ
3320 1907 3617 1977 εὑπαράδεο

2042 2000 2168 2039 κτον
2210 1986 2407 2055 μᾶλλον
2456 1986 2641 2041 ποιῶν.
2692 1988 2755 2039 Εἰ
2809 1989 2907 2058 μὲν
2960 1991 3070 2061 γὰρ
3101 1985 3389 2060 παρελθὼν
3439 1985 3613 2051 εἶπεν,

2054 2068 2327 2137 Ὀφείλετέ
2353 2087 2441 2138 μοι
2471 2069 2778 2137 πιστεῦσαι,
2807 2072 2888 2124 δτι
2930 2073 3126 2142 ἀνέστη
3157 2074 3186 2125 ὁ
3216 2071 3448 2141 Χριστός
3474 2089 3488 2104 ’
3538 2068 3616 2128 εῖτ

2040 2150 2128 2204 δον
2155 2152 2263 2222 7&9
2288 2152 2465 2219 αὑτὸν,
2501 2152 2594 2206 καὶ
2626 2153 2843 2207 πάντων
2873 2149 3312 2227 ἀξιοπιστότερός
3348 2152 3484 2225 εἰμι,
3517 2154 3613 2210 ἅτε

2041 2234 2202 2287 πλέον
2235 2233 2448 2306 καμὼν,
2478 2235 2582 2291 κᾶν
2615 2237 2890 2310 προσέστη
2930 2242 3041 2303 τοῖς
3070 2238 3327 2292 ἀκούουσι
3361 2237 3420 2292 τὸ
3460 2239 3614 2308 λεγό-

2045 2330 2203 2387 μενον
2235 2333 2249 2347 ’
2281 2319 2399 2372 νυνὶ
2446 2319 2505 2372 δὲ
2549 2323 2660 2383 τοῖς
2693 2323 2971 2383 ταπεινοῖς
3011 2319 3359 2391 ἐνδιατρίψας
3397 2321 3613 2392 πρῶτον

2040 2402 2134 2456 καὶ
2167 2404 2279 2466 τοῖς
2308 2404 2643 2476 κατηγορίαν
2680 2404 2861 2476 ἔχουσι
2882 2447 2895 2470 ,
2930 2404 2992 2458 τό
3019 2421 3079 2458 τε
3110 2407 3282 2476 τραχὺ
3311 2407 3410 2475 τῆς
3438 2403 3612 2459 τοιαύ-

2038 2495 2136 2555 της
2156 2486 2456 2558 διηγήσεως
2483 2488 2834 2559 ὑπετέμνετο,
2861 2489 2957 2541 καὶ
2982 2491 3049 2559 τῇ
3079 2489 3259 2541 πίστει
3285 2489 3384 2559 τῆς
3411 2507 3609 2562 μαρτυ.

2044 2571 2163 2639 ρίας
2204 2570 2629 2641 προωδοποίησε.
2673 2570 2771 2623 Διά
2809 2570 2871 2641 δὴ
2905 2570 3064 2626 τοῦτο
3091 2572 3210 2625 οὑδὲ
3242 2572 3446 2636 ἁπλῶς,
3474 2574 3611 2644 ὅπερ

2039 2653 2207 2725 ἔφην,
2255 2653 2612 2722 ἀποφαίνεται
2654 2653 2880 2724 ἔσχατον
2924 2654 3114 2708 ἑαυτὸν
3160 2650 3320 2721 εἶναι,
3370 2655 3465 2708 καὶ
3510 2656 3611 2725 τῆς

2040 2736 2409 2808 προσηγορίας
2449 2737 2556 2791 τῶν
2600 2734 2910 2790 ἀποστόλων
2939 2736 3175 2803 ἀνάξιον,
3218 2738 3356 2792 ἀλλά
3385 2740 3477 2793 καὶ
3512 2739 3612 2809 τὴν

2038 2819 2216 2872 αἰτίαν
2236 2819 2416 2890 τίθησι
2445 2818 2637 2888 λέγων’
2668 2820 2796 2873 Ὅτι
2821 2820 3035 2884 ἐδίωξα
3068 2820 3184 2887 τὴν
3225 2822 3609 2889 Ἐκκλησίαν.

2037 2902 2148 2954 Καὶ⁸
2180 2900 2287 2971 μὴν
2328 2901 2526 2971 ἀφείθη
2566 2902 2744 2955 πάντα
2776 2902 2975 2966 ἐκεῖνα,
3004 2902 3119 2956 ἀλλ’
3148 2904 3296 2972 ὅμως
3326 2906 3487 2968 αὐτὸς
3517 2907 3611 2958 06-

2036 2980 2226 3037 δέποτε
2254 2985 2432 3038 αὐτῶν
2460 2985 2806 3055 ἐπιλέλησται
2832 3026 2847 3051 ,
2896 2982 2958 3038 τὸ
2990 2986 3220 3056 μέγεθος
3250 2987 3348 3055 τῆς
3391 2987 3612 3058 χάριτος

2037 3067 2206 3133 δεῖξαι
2237 3067 2585 3136 βουλόμενος⁴
2617 3066 2699 3122 διὸ
2728 3070 2822 3121 καὶ
2861 3068 3055 3138 ἐπάγει
3084 3069 3278 3138 λέγων⁸
3313 3070 3515 3140 Χάριτι
3542 3070 3611 3124 δὲ

2041 3152 2187 3206 Θεοῦ
2217 3154 2331 3217 ειμι
2370 3150 2402 3204 ὅ
2437 3154 2573 3220 ειμι.
2609 3148 2764 3215 Εἶδες
2802 3151 2963 3205 πάλιν
3011 3153 3201 3225 ἑτέρας
3248 3170 3610 3226 ταπεινοφροα

2040 3234 2205 3306 σύνης
2239 3235 2582 3305 ὑπερθολήν;
2629 3234 2709 3288 Τά
2754 3234 2853 3305 μὲν
2879 3236 2986 3306 γὰρ
3025 3235 3384 3306 ἐλαττώματα
3432 3238 3611 3307 ἑαυτῷ

2037 3318 2347 3385 λογίζεται·
2379 3316 2486 3370 τῶν
2506 3318 2563 3369 δὲ
2597 3318 3033 3389 κατορθωμάτων
3066 3320 3238 3384 οὐδὲν,
3270 3320 3403 3374 ἀλλὰ
3433 3323 3612 3376 πάντα

2036 3402 2322 3471 ἀνατίθησι
2355 3401 2432 3472 τῷ
2457 3401 2595 3471 Θεῷ.
2646 3396 2798 3467 Εἶτα,
2831 3402 2917 3455 ἵνα
2962 3402 3036 3473 μὴ
3081 3404 3170 3457 τὸν
3213 3405 3484 3476 ἀκροατὴν
3525 3408 3612 3459 έν·-

2037 3484 2223 3538 τεῦθεν
2256 3483 2445 3538 ῦπτιον
2485 3486 2705 3555 ποιήσῃ,
2739 3485 2892 3554 φησί·
2920 3486 3030 3538 Καὶ
3076 3488 3113 3554 ἡ
3148 3488 3319 3555 χάρις
3352 3490 3536 3542 αὐτοῦ
3569 3492 3608 3557 ἡ

2034 3570 2121 3632 εἰς
2146 3567 2250 3636 ἐμὲ
2278 3569 2349 3621 οὐ
2384 3567 2528 3634 κενὴ
2554 3565 2777 3636 γέγονε.
2819 3568 2925 3620 Καὶ
2957 3566 3114 3620 τοῦτο
3143 3569 3304 3623 πάλιν
3337 3568 3608 3625 ὑπεσταλ-

2039 3651 2233 3719 μένως.
2269 3649 2342 3701 Οὑ
2371 3650 2481 3721 γάρ
2513 3645 2684 3711 εἶπεν,
2722 3645 2901 3714 Ἀξίαν
2940 3649 3041 3719 τῆς
3079 3652 3299 3720 χάριτος
3328 3653 3609 3720 έπεδειξάέ

2038 3748 2145 3801 μην
2180 3731 2435 3802 σπουδὴν,
2489 3731 2602 3784 ἀλλ’
2649 3734 2729 3786 ὅτι
2771 3735 2853 3787 Οὐ
2901 3734 3047 3801 κενὴ
3088 3736 3354 3803 γέγονεν.
3419 3738 3604 3793 Ἀλλά

2034 3814 2465 3882 περισσότερον
2505 3815 2703 3868 αὐτῶν
2741 3816 2979 3870 πάντων
3003 3817 3319 3873 ἐκοπίασα.

2104 3897 2217 3949 Οὐκ
2241 3892 2415 3957 εἶπεν,
2454 3898 2770 3969 Ἐτιμήθην,
2809 3898 2945 3962 ἀλλ’,
2993 3900 3337 3967 Ἑκοπίασα,
3368 3903 3462 3955 καὶ
3497 3920 3605 3957 κιν-

2032 3979 2221 4042 δύνους
2257 3980 2349 4032 καὶ
2394 3980 2655 4044 θανάτους
2709 3981 2847 4050 ἔχων
2889 3982 3082 4045 εἰπεῖν,
3123 3982 3202 4053 τῷ
3245 3983 3468 4052 ὀνόματι
3507 3985 3604 4040 τοῦ

2035 4065 2204 4118 κόπου
2240 4064 2400 4117 πάλιν
2432 4066 2795 4134 ὑποτέμνεται
2840 4065 2901 4119 τὸ
2937 4065 3241 4137 εἰρημένον.
3279 4064 3416 4122 Εἶτα
3442 4069 3605 4124 πάλιν

2033 4149 2098 4217 τῇ
2137 4146 2358 4217 συνήθει
2399 4148 2735 4220 κεχρημένος
2768 4148 3235 4220 ταπεινοφροσύνῃ
3260 4190 3274 4215 ,
3308 4152 3402 4204 καὶ
3445 4151 3606 4206 τοῦτο

2034 4228 2242 4299 ταχέως
2269 4230 2610 4301 παρέδραμε,
2634 4232 2729 4286 κοιλ¹
2757 4232 2816 4284 τὸ
2845 4234 2953 4287 πᾶν
2985 4232 3217 4301 ἀνέθηκε
3254 4233 3331 4303 τῷ
3356 4235 3474 4305 Θεῷ
3515 4235 3603 4289 λέ-

2036 4328 2178 4380 γων·
2220 4314 2340 4366 Οὐκ
2365 4313 2479 4381 ἐγὼ
2509 4313 2595 4376 δὲ,
2620 4314 2756 4369 ἀλλ’
2795 4316 2834 4382 ἡ
2866 4314 3039 4383 χάρις
3076 4314 3183 4370 τοῦ
3217 4318 3363 4371 Θεοῦ
3402 4317 3440 4382 ἡ
3483 4317 3605 4371 σὺν

2032 4392 2183 4464 ἐμοί.
2211 4394 2274 4447 Τί
2308 4395 2510 4467 ταύτης
2553 4394 2993 4468 θαυμαστότερον
3040 4398 3236 4465 γένοιτ’
3268 4399 3334 4453 ἂν
3374 4401 3470 4470 τῆς
3502 4401 3605 4470 ψυ-

2033 4479 2130 4549 χῆς
2157 4494 2172 4544 ;
2204 4480 2301 4531 Διά
2346 4480 2455 4549 γάρ
2496 4478 2992 4533 τοσούτωνιὲαυτὸν
3027 4480 3290 4545 καθελὼν,
3332 4486 3424 4536 καὶ
3468 4483 3524 4536 ἓν
3550 4498 3603 4539 τι

2038 4563 2195 4631 μόνον
2228 4556 2428 4633 ὑψηλὸν
2465 4562 2855 4633 φθεγξάμενος,
2895 4563 3016 4616 οὑδὲ
3052 4563 3210 4617 τοῦτο
3240 4564 3404 4618 αὑτοῦ
3440 4583 3604 4637 φησιν

2035 4643 2193 4711 εἶναι,
2235 4645 2569 4716 πανταχόθεν
2613 4645 2997 4717 περιστέλλων,
3030 4648 3139 4701 ἀπό
3172 4664 3232 4702 τε
3266 4649 3373 4706 τῶν
3400 4649 3606 4722 ἐμπρο-

2037 4728 2184 4792 σθεν,
2219 4730 2325 4783 ἀπό
2355 4747 2413 4783 τε
2438 4729 2547 4782 τῶν
2576 4731 2710 4799 μετὰ
2738 4730 2910 4784 ταῦτα
2935 4731 2996 4784 τὸ
3024 4731 3225 4801 ὑψηλὸν
3246 4732 3403 4785 τοῦτο
3427 4732 3601 4804 ῥῆμα,

2034 4813 2129 4865 καὶ
2156 4812 2324 4866 ταῦτα
2351 4813 2412 4879 ἐξ
2434 4815 2678 4885 ἀνάγκης
2706 4812 2874 4867 ἐλθὼν
2897 4815 2982 4866 ἐπ’
3006 4814 3155 4868 αὑτό.
3181 4815 3379 4869 Σκόπει
3403 4817 3459 4870 δὲ
3485 4818 3603 4875 πῶς

2025 4894 2469 4965 ἐπιδαψιλεὺεται
2526 4899 2637 4959 τοῖς
2677 4896 2777 4963 τῆς
2826 4896 3321 4968 ταπεινοφροσύνης
3373 4900 3597 4969 ῥήμασι.

2034 4979 2143 5031 Καὶ
2188 4980 2315 5049 γὰρ,
2357 4977 2627 5047 Ἑσχὰτῳ
2672 4993 2774 5045 μοι
2815 4977 2982 5045 ὤφθη
3023 4977 3288 5045 πάντων,
3320 4982 3453 5052 φησι
3480 4995 3494 5014 ⁴
3523 4982 3604 5036 διὸ

2032 5060 2151 5113 οὐδὲ
2184 5061 2301 5130 μεθ’
2327 5060 2520 5113 ἑαυτοῦ
2550 5077 2670 5113 τινα
2706 5060 2863 5113 ἄλλον
2892 5060 3075 5132 τίθησι
3112 5079 3128 5095 ο
3159 5065 3274 5128 καὶ,
3332 5065 3605 5133 Ὠσπερεί
3668 5104 3677 5110 -

2032 5136 2108 5202 τῷ
2136 5141 2480 5212 ἐκτρώματι.
2506 5144 2596 5196 καὶ
2619 5144 2898 5214 ἐλάχιστον
2928 5146 3120 5199 ἑαυτὸν
3152 5148 3260 5201 τῶν
3288 5149 3600 5202 ἀποστόλων

2032 5219 2171 5276 εἷναί
2203 5241 2353 5293 φησι,
2386 5227 2478 5279 καὶ
2510 5227 2631 5280 οὐδὲ
2665 5228 2763 5298 τῆς
2794 5231 3168 5300 προσηγορίας
3195 5231 3397 5301 ταύτης
3428 5230 3594 5293 ἀξιον.

2032 5307 2143 5360 Καὶ
2171 5307 2289 5360 οὐδὲ
2313 5309 2520 5373 τούτοις
2551 5311 2816 5381 ἠρκέσθη,
2862 5312 2977 5366 ἀλλ’
3008 5314 3095 5367 ἵνα
3135 5314 3209 5383 μὴ
3237 5312 3363 5383 δόξῃ
3391 5313 3600 5383 ῥήμασι

2032 5397 2491 5463 ταπεινοφρονεῖν,
2514 5392 2662 5467 [558]
2678 5396 2770 5449 καί
2784 5396 2963 5458 αἰτίας
2976 5397 3156 5467 τίθησι
3174 5397 3264 5449 καὶ
3277 5395 3597 5464 ἀποδείξεις,

2033 5477 2125 5531 τοῦ
2168 5478 2264 5549 μὲν
2309 5478 2569 5549 ἔκτρωμα
2608 5477 2835 5534 εἶναιτὸ
2864 5480 3088 5549 ὕστερον
3136 5479 3297 5534 αὐτὸν
3333 5480 3460 5533 ἰδεῖν
3508 5479 3600 5537 τὸν

2000 5764 2005 5769 μ
2095 5693 2124 5741 δ
2147 5698 2305 5764 Alius,
2322 5702 2646 5766 ταυτολογίας.
