2061 3113
183 159 236 186 529

181 212 289 240 verbum
304 210 468 245 deprimens,
481 209 560 244 idque
574 215 634 235 eum
648 215 680 234 ex
702 205 862 234 necessitate
886 203 918 230 ad
943 202 969 229 id

181 257 305 284 venisset.
324 256 389 283 Vide
411 261 499 283 autem
520 262 598 290 quam
615 254 648 281 sit
671 253 761 287 largus
773 251 934 285 etcopiosus
945 249 971 276 in

181 302 268 329 verbis
284 301 452 328 humilitatis.
469 301 571 328 Etenim
586 299 728 326 Novissima
740 298 862 328 onmium,
876 295 971 331 inquit,

181 348 241 374 mihi
254 348 318 374 risus
333 352 385 378 cst;
399 352 536 381 propterea
549 354 633 380 neque
644 353 733 372 secum
748 344 822 379 ponit
835 343 933 374 alium;
946 346 973 369 et

183 394 323 427 Tanti/nam
337 394 438 419 cuidam
453 394 574 424 abortivo,
592 392 783 425 iniuimtuttque
796 397 825 419 se
839 397 898 416 esse
911 388 974 415 dicit

181 440 299 465 omnium
314 439 504 473 apostolorum,
521 444 546 464 et
559 445 607 464 nec
620 444 679 464 esse
690 436 798 471 dignum
815 435 859 470 qui
876 435 913 461 sic
930 444 975 466 .tp-

182 486 303 519 pelletur.
320 484 411 519 Neque
427 485 468 511 his
487 484 535 510 l'uit
558 486 708 514 contentus,
732 480 778 508 sed
806 488 841 507 ne
855 479 975 506 videatur

181 530 268 557 verbis
282 537 341 557 esse
354 529 474 561 humilis,
491 528 567 555 all‘ert
576 528 655 554 etiam
667 534 761 554 causas
770 525 975 553 etdemonstra—

182 578 277 608 tiones,
293 575 363 610 quod
380 576 415 602 sit
438 574 544 609 quidem
561 573 707 604 abortivus,
720 571 844 607 quoniam
859 570 915 604 ipse
927 569 974 597 Je-

181 631 239 649 sum
256 622 320 648 vidit
336 620 485 655 posterior;
510 619 580 654 quod
607 623 696 647 autem
723 618 758 645 sit
781 616 905 651 indignus
929 614 975 650 qui

182 667 328 702 appelletur
338 666 483 700 apostolus,
498 666 624 699 quoniam
636 668 811 699 persequutus
823 666 865 689 est
879 661 974 688 Eccle-

182 716 259 740 siam.
274 713 338 739 Nam
356 713 399 747 qui
425 717 527 739 temere
541 716 566 738 et
582 710 778 738 inconsiderate
792 713 833 736 est
855 708 973 740 humilis,

184 759 233 786 hoc
246 767 297 785 non
314 758 393 785 facit:
408 758 450 792 qui
463 762 549 783 autem
566 757 644 783 etiam
660 756 735 783 affert
744 762 849 787 causas,
862 754 975 781 contrita

183 810 271 832 mente
281 805 368 831 omnia
383 805 507 838 loquitur.
523 804 702 837 Quamobrem
713 802 792 829 etiam
806 801 868 829 alibi
883 808 975 828 eorum

184 851 312 880 meminit.
327 850 417 877 dicens
433 859 438 876 :
455 849 570 876 Grutium
587 854 668 875 autem
684 848 762 875 habeo
780 848 803 874 ei
813 847 856 881 qui
867 855 906 873 me
920 854 976 873 cor-

184 897 306 922 roborauit
319 895 430 926 Christo,
446 896 515 928 quod
534 903 571 920 nte
585 894 685 928 ﬁdelem
707 901 760 920 estw
782 892 974 923 existimaverit,

183 942 250 977 quod
261 950 299 967 mc
314 942 347 967 ad
360 941 527 967 ministerium
545 940 666 974 posuerit,
680 940 723 975 qui
737 940 808 975 prius
827 948 896 966 cram
909 940 976 966 blas-

185 987 287 1021 phemus
302 992 324 1012 ct
336 991 497 1021 pcrsequntor
510 992 531 1011 ct
541 985 735 1012 conmnteliosus
749 985 790 1021 (ί.
803 984 903 1012 TimJ.
919 983 975 1019 12).

184 1032 272 1064 Quare
285 1037 371 1058 autem
387 1032 437 1058 hoc
451 1039 556 1066 quoque
572 1032 657 1058 altum
676 1031 786 1058 verbum
809 1036 848 1058 est
864 1031 976 1066 eloquu-

185 1083 239 1109 tus,
254 1077 429 1104 Abundantius
456 1078 516 1111 ipsis
531 1077 663 1104 laboravi?
689 1076 803 1103 Videbat
820 1080 924 1111 tempus
936 1075 976 1102 af-

186 1125 256 1150 lorre
283 1123 475 1150 necessitatem.
505 1122 568 1149 Nam
595 1123 617 1149 si
646 1123 696 1149 hoc
719 1129 772 1149 non
792 1122 914 1155 dixisset,
930 1121 977 1150 sed

185 1169 303 1203 seipsum
311 1169 394 1195 solum
408 1168 598 1202 vilipcndisset,
610 1167 743 1203 quomodo
754 1168 884 1203 potuisset
895 1167 978 1195 libere

185 1218 213 1241 ct
223 1214 388 1241 confidenter
402 1215 520 1248 seipsqu
536 1214 619 1241 citare
630 1213 663 1241 ad
676 1214 867 1246 testimonium,
878 1218 978 1241 etcum

185 1261 245 1287 aliis
258 1268 418 1287 enumerare
432 1264 459 1287 et
474 1260 571 1291 dicere,
590 1260 651 1286 Sive
665 1260 731 1286 cnim
743 1268 799 1295 ego,
818 1260 870 1287 sive
882 1260 931 1293 illi,
942 1260 979 1287 sic

186 1305 372 1338 praedicantur?
394 1305 501 1332 Testem
515 1306 586 1332 enim
608 1310 714 1340 oportet
731 1311 788 1332 esse
804 1305 856 1332 lide
870 1305 978 1340 dignum

185 1358 212 1380 et
227 1360 359 1388 magnum.
373 1353 511 1386 Quomodo
524 1358 613 1379 autem
634 1353 695 1380 aliis
709 1353 888 1380 abundantius
901 1353 977 1380 labo-

186 1399 293 1430 raverit,
306 1399 420 1426 ostendit
439 1400 571 1433 superius,
597 1400 710 1426 dicens:
728 1400 767 1426 An
789 1408 840 1426 non
860 1399 980 1427 habemus

187 1449 333 1478 potestatem
350 1445 495 1471 comedendi
521 1451 542 1471 et
557 1445 656 1471 bibendi
669 1445 734 1471 sicut
749 1450 770 1471 et
786 1445 830 1471 alii
852 1444 980 1480 apostoli?

187 1495 214 1516 et
227 1497 328 1521 rursus,
345 1490 438 1517 Factus
448 1499 503 1516 sitm
513 1491 553 1521 iis,
570 1491 612 1524 qui
623 1494 694 1516 eram
706 1490 762 1517 sine
775 1490 838 1525 lege,
854 1495 981 1525 (cuiquam

188 1545 265 1563 essent
278 1538 331 1563 sine
346 1538 398 1572 [ego
413 1538 421 1572 (
435 1538 458 1563 i.
476 1537 534 1563 Cor.
551 1537 577 1563 9.
595 1537 621 1563 lt.
643 1536 674 1563 2|
685 1537 705 1571 ).
726 1536 775 1564 Ubi
789 1537 859 1563 enim
873 1541 979 1572 oporte-

188 1582 234 1610 bat
253 1583 396 1611 ostendere
409 1588 531 1610 exactam
553 1583 716 1618 diligentiam
737 1588 764 1610 ct
780 1584 979 1617 perfectionem,

188 1636 284 1656 omnes
305 1629 441 1664 superavit
454 1638 459 1655 :
477 1634 503 1655 et
519 1629 561 1655 ubi
573 1629 747 1656 conveniebat
761 1636 790 1656 se
803 1628 943 1656 demittere
955 1634 982 1656 et

188 1674 248 1701 aliis
263 1675 472 1707 accommodare,
483 1674 508 1701 id
519 1683 624 1710 quoque
641 1674 802 1702 excellenter
817 1674 887 1701 fecit.
909 1674 982 1701 Nou-

190 1720 255 1747 nulli
271 1725 359 1748 autem
387 1721 489 1752 dicunt,
518 1720 587 1754 quod
605 1720 702 1747 missus
722 1720 757 1747 sit
783 1719 815 1746 ad
832 1725 941 1755 gentes,
955 1726 982 1747 et

191 1766 333 1792 maximam
349 1766 421 1792 orbis
437 1771 537 1799 partem
562 1765 719 1799 pervaserit.
734 1764 811 1793 Unde
823 1770 863 1792 est
878 1766 982 1801 perspi-

190 1821 268 1839 cuum
282 1812 353 1847 quod
368 1812 495 1846 majorem
511 1813 622 1846 gratiam
637 1812 670 1838 sit
684 1817 851 1847 assequutus.
867 1811 895 1839 Si
910 1812 981 1839 enim

194 1860 254 1894 plus
268 1859 408 1891 laboravit,
422 1859 534 1894 amplior
547 1860 627 1886 etiam
639 1863 695 1886 erat
707 1859 791 1894 gratia
805 1868 810 1885 :
826 1859 982 1894 ampliorem

190 1910 278 1932 autem
287 1905 398 1940 gratiam
412 1910 451 1932 est
461 1910 650 1938 consequutus,
661 1904 786 1938 quoniam
799 1904 883 1939 majus
895 1909 984 1931 osten-

190 1950 229 1977 dit
239 1950 356 1978 stndium
373 1955 400 1977 et
414 1950 588 1984 diligentiam.
603 1949 697 1976 Vidisti
709 1949 852 1984 quomodo,
865 1957 912 1984 per
925 1957 984 1985 qua:

189 1997 254 2023 dum
275 1997 410 2024 contendit
423 2001 450 2024 et
466 1997 559 2023 nititur
582 2003 628 2023 sua
644 1995 804 2023 adumbrare
824 2000 851 2023 et
878 2001 983 2031 tegere,

190 2041 344 2069 ostenditur
355 2042 453 2077 primus
474 2042 611 2068 omnium?

229 2087 256 2114 6.
279 2087 339 2114 ΙΙωο
363 2096 409 2114 uos
436 2095 540 2122 quoque
566 2087 724 2118 audientes.
746 2086 842 2114 delicta
875 2087 985 2122 quidem

192 2140 285 2162 n05tra
301 2134 470 2162 traducamus
486 2135 548 2161 etin
564 2134 698 2168 publicum
719 2132 896 2168 proferamus,
913 2138 986 2161 recte

192 2187 281 2209 autem
299 2181 366 2208 facta
382 2182 525 2212 sileamus;
542 2186 569 2208 ct
584 2181 606 2207 si
623 2185 727 2215 tempus
739 2180 927 2207 necessitatem
943 2179 985 2206 af-

194 2228 260 2254 ferat
272 2248 279 2260 ,
293 2235 324 2254 ea
342 2227 461 2254 modeste
476 2227 610 2258 dicamus,
628 2230 655 2253 et
669 2230 752 2252 totum
767 2226 858 2260 gratia:
874 2225 987 2260 impute-

194 2282 263 2300 tnus.
280 2273 356 2307 Quod
372 2275 428 2308 ipse
442 2280 548 2307 quoque
564 2272 643 2305 facit,
660 2279 759 2307 susque
772 2272 858 2307 deque
874 2273 986 2307 primam

194 2318 301 2353 quidem
318 2325 393 2344 suatn
408 2322 502 2344 notans
521 2317 601 2343 vitam
613 2337 620 2349 ,
636 2325 697 2352 qua:
712 2321 800 2344 autem
816 2322 905 2351 postea
926 2321 988 2344 sunt.

195 2368 358 2399 consequuta
371 2384 377 2394 ,
391 2364 484 2398 gratim
499 2363 633 2396 imputaus
643 2383 650 2395 ,
665 2366 694 2389 ut
709 2362 780 2389 omni
799 2370 831 2389 ex
849 2368 923 2396 parte
936 2370 988 2390 os—

196 2410 288 2437 tendat
311 2409 357 2437 Dei
379 2409 565 2444 benignitatem
588 2414 614 2435 et
634 2408 820 2442 clementiam,
842 2408 912 2443 quod
928 2415 987 2435 cum

197 2455 258 2482 talis
268 2459 350 2485 esset,
364 2462 425 2481 eum
440 2455 597 2486 servaverit,
613 2458 640 2481 et
653 2461 745 2480 rursus
760 2458 893 2480 servatum
910 2454 987 2481 talem

197 2501 300 2527 fecerit.
312 2499 396 2527 Nemo
408 2507 471 2534 ergo
482 2508 513 2526 ex
526 2500 566 2530 iis,
579 2498 623 2533 qui
640 2503 699 2526 sunt
713 2499 737 2525 in
750 2498 816 2525 vitio
826 2519 833 2529 ,
846 2498 988 2532 desperet;

196 2554 277 2573 nemo
290 2554 323 2573 ex
337 2546 378 2578 iis,
394 2546 438 2580 qui
453 2550 515 2572 sunt
531 2546 555 2571 iu
572 2546 685 2577 virtute,
702 2544 836 2576 confidat;
849 2545 895 2572 sed
910 2550 937 2572 et
947 2544 990 2572 hic

196 2593 233 2618 sit
247 2592 354 2618 timidus
365 2612 371 2623 ,
387 2596 413 2618 et
429 2591 473 2617 ille
487 2595 626 2625 promptus
640 2594 666 2617 el
686 2589 793 2617 alacris.
813 2590 904 2625 Neque
918 2590 988 2618 enim

196 2639 242 2673 qui
261 2643 302 2666 est
319 2639 392 2673 piger
411 2643 438 2665 et
460 2645 551 2664 socors
567 2658 573 2668 ,
591 2636 707 2663 sufliciet
726 2636 759 2663 ad
782 2637 941 2664 manendum
964 2637 989 2664 in

197 2684 316 2716 virtute;
334 2691 419 2718 neque
434 2684 478 2718 qui
502 2682 619 2709 studium
640 2681 748 2709 adhibet
762 2686 790 2709 et
807 2682 971 2717 diligentiam
982 2703 989 2716 ,

196 2729 249 2756 erit
264 2729 414 2756 imbecillus
434 2729 467 2755 ad
488 2727 641 2763 fugiendum
657 2726 759 2755 vitium.
783 2727 882 2755 Horum
902 2733 991 2755 autem

196 2776 339 2802 amborum
355 2776 506 2810 exetuplum
523 2779 564 2801 cst
578 2774 672 2801 beatus
686 2773 778 2806 David,
795 2779 822 2801 ut
838 2775 894 2809 qui,
909 2782 992 2809 quan-

198 2822 234 2848 do
250 2830 343 2856 parum
356 2822 527 2853 dormitavit,
544 2820 622 2847 valde
635 2819 770 2850 ceciderit,
786 2825 813 2847 et
825 2821 932 2855 quando
945 2820 993 2848 fuit

198 2874 377 2903 compunctus
390 2890 397 2902 ,
419 2868 451 2896 ad
475 2869 590 2903 priorem
618 2873 740 2894 reversus
760 2866 795 2893 sit
812 2867 989 2895 altitudinem.

654 148 686 176 IN
707 146 811 176 EPIST.
834 146 843 173 l
874 145 920 172 AD
939 144 1017 173 COR.
1038 142 1154 170 HOMIL.
1175 140 1319 178 XXXVIII.

1762 144 1814 172 550

1025 202 1094 229 Sunt
1109 192 1180 238 enim
1204 205 1314 236 utraque
1329 208 1360 228 ex
1381 209 1457 236 (equo
1473 202 1557 234 mala,
1580 206 1607 229 et
1627 201 1771 236 desperare
1789 207 1817 229 et

1026 248 1129 284 pigrum
1143 255 1204 286 esse
1224 255 1255 274 ac
1270 247 1446 282 negligentem
1462 256 1468 273 :
1485 256 1546 274 nam
1564 247 1628 274 illud
1641 248 1748 283 quidem
1764 249 1817 275 cito

1027 294 1115 330 dejicit
1135 294 1167 321 ab
1180 294 1237 328 ipso
1252 294 1308 320 muli
1326 294 1444 325 fornice;
1459 293 1509 321 hoc
1522 300 1611 321 autem
1626 303 1677 321 non
1691 295 1818 329 permittit

1027 345 1056 368 ut
1068 340 1113 375 qui
1131 340 1200 375 jacet
1220 344 1350 374 resurgat.
1375 340 1516 375 l’roptcrea
1533 342 1569 367 illi
1585 342 1692 376 quidem
1713 343 1819 370 diccbat

1027 387 1133 418 Paulus,
1149 386 1198 419 Qui
1214 386 1310 413 videtur
1324 391 1400 419 slurc,
1418 387 1501 413 videat
1513 395 1544 414 ne
1556 388 1631 415 cadat
1645 389 1683 424 (2.
1699 389 1757 416 Cor.
1772 390 1815 417 10.

1027 431 1071 466 1‘2)
1085 440 1092 459 ;
1108 431 1169 458 huic
1184 437 1271 458 autent
1284 452 1292 464 ,
1320 431 1402 458 Hodie
1417 432 1438 459 si
1454 440 1537 459 vocem
1552 435 1606 468 ejus
1619 434 1751 462 audieritis
1764 457 1770 467 ,
1788 444 1819 462 ne

1027 476 1153 503 obduretis
1168 476 1247 503 corda
1269 481 1350 503 vestra
1371 476 1456 513 (Paul.
1473 478 1518 506 9i.
1535 479 1561 514 8)
1575 488 1581 511 ;
1598 484 1625 506 et
1640 488 1747 514 rursus,
1764 480 1817 507 Re-

1028 522 1118 548 missas
1129 530 1218 549 nmuus
1231 527 1255 549 et
1267 522 1390 550 dissoluta
1402 532 1483 559 genua
1496 525 1582 560 erigite
1593 525 1684 562 (Hebr.
1702 527 1745 553 12.
1759 527 1817 563 12).

1028 567 1094 594 Eum
1109 575 1214 602 quoque
1229 569 1273 603 qui
1290 568 1434 597 fornicatus
1451 569 1546 604 fuerat,
1561 578 1621 598 cum
1637 572 1732 600 ductus
1746 580 1819 601 esset

1028 614 1194 648 poenitentia,
1207 620 1347 650 propterea
1362 621 1476 650 recreat,
1489 626 1522 644 ne
1536 618 1615 645 nimia
1629 619 1818 649 absorberetur

1029 659 1145 686 tristitia.
1160 659 1228 693 Quid
1243 668 1308 696 ergo
1323 661 1348 688 iu
1367 661 1428 689 aliis
1442 663 1531 691 animo
1545 665 1651 699 attgeris
1661 686 1668 699 ,
1684 674 1701 693 ο
1719 667 1798 695 homo
1811 669 1817 695 !

1029 702 1094 730 Nam
1110 705 1131 732 si
1147 705 1172 731 in
1189 707 1312 740 peccatis,
1331 707 1373 734 tibi
1389 712 1431 735 est
1446 709 1517 736 utilis
1527 711 1614 738 solum
1630 711 1735 739 tristitia
1746 734 1753 745 ,
1770 715 1820 740 im-

1028 751 1176 778 moderatio
1188 760 1313 788 magnum
1336 754 1412 781 affert
1426 755 1553 783 damnum
1565 778 1572 788 ,
1587 758 1670 785 multo
1686 760 1769 794 magis
1793 761 1818 787 in

1028 796 1097 823 aliis.
1106 797 1159 824 Cur
1170 799 1240 825 enim
1254 798 1330 826 doles
1340 800 1352 825 ‘I
1362 808 1395 827 au
1407 801 1477 835 quod
1494 803 1633 836 pecuniam
1649 804 1819 838 perdideris?

1028 841 1080 869 Sed
1094 843 1179 877 cogita
1195 851 1241 871 eos
1257 844 1300 879 qui
1321 853 1354 871 ne
1369 853 1438 881 pane
1451 847 1558 882 quidem
1574 850 1722 884 satiantur,
1740 856 1767 878 et
1782 852 1820 879 ci-

1029 887 1157 915 tissimam
1178 889 1293 923 accipies
1317 891 1538 919 consolationem.
1560 894 1593 920 Et
1618 895 1644 921 in
1659 903 1820 932 unoquoque

1029 940 1133 967 eorum,
1149 942 1208 969 qua:
1221 941 1283 962 sunt
1296 937 1387 971 gravia
1401 942 1428 965 et
1442 945 1546 973 aspera,
1559 948 1593 967 ne
1606 941 1706 969 deﬂeas
1717 951 1747 970 ea
1760 952 1820 979 qua:

1029 980 1203 1013 acciderunt;
1219 982 1266 1009 sed
1280 991 1328 1017 pro
1343 983 1391 1014 iis,
1403 992 1462 1019 qua:
1477 993 1529 1013 non
1544 986 1698 1015 acciderunt
1713 996 1821 1024 aspera,

1029 1033 1078 1061 age
1088 1028 1196 1061 gratias.
1214 1028 1331 1056 Habuisti
1353 1031 1479 1064 pecunias
1493 1036 1520 1059 et
1533 1033 1645 1061 amisisti
1657 1035 1668 1061 ?
1682 1034 1721 1062 Nc
1736 1036 1821 1071 lacry-

1030 1073 1111 1118 meris
1124 1081 1172 1108 pro
1183 1073 1282 1101 damno
1295 1097 1301 1107 ,
1321 1076 1368 1104 sed
1385 1085 1435 1111 age
1453 1079 1552 1114 gratias
1572 1087 1621 1114 pro
1635 1085 1757 1116 tempore
1767 1091 1820 1118 quo

1031 1117 1062 1145 iis
1078 1119 1176 1153 potitus
1191 1128 1220 1147 es
1236 1121 1299 1148 :dic
1319 1130 1380 1150 curn
1400 1123 1468 1151 Jobo
1480 1145 1487 1156 ,
1513 1126 1544 1153 Si
1565 1126 1630 1154 bona
1645 1117 1788 1163 accepimus
1804 1139 1820 1157 α

1030 1163 1150 1198 Domino,
1163 1174 1209 1192 cur
1220 1167 1288 1193 mula
1303 1176 1353 1195 non
1365 1170 1541 1199 sustinebimus
1559 1171 1619 1208 (Iob
1634 1173 1659 1200 2.
1675 1175 1717 1209 Hi)
1730 1175 1741 1201 ?
1753 1176 1822 1204 Cum

1031 1211 1082 1241 hoc
1095 1218 1183 1242 autem
1204 1215 1268 1242 illud
1292 1217 1372 1244 etiam
1387 1218 1526 1246 considera
1543 1227 1550 1246 :
1567 1220 1589 1248 si
1605 1220 1718 1250 amisisti
1739 1230 1819 1257 pecu-

1031 1258 1106 1291 nias,
1125 1264 1152 1286 at
1164 1267 1262 1296 corpus
1282 1261 1388 1289 interim
1410 1263 1493 1291 habes
1511 1272 1626 1299 sanum,
1647 1271 1674 1294 ct
1695 1275 1747 1295 non
1760 1276 1820 1296 cum

1032 1309 1186 1339 paupertate
1199 1306 1233 1334 de
1249 1307 1307 1340 eius
1321 1315 1426 1343 quoque
1440 1309 1594 1339 lamentaris
1609 1312 1772 1341 infirmitate.
1789 1315 1822 1342 At

1032 1354 1105 1377 tuutn
1121 1352 1200 1378 etiam
1217 1360 1315 1387 corpus
1329 1354 1445 1389 aliquam
1460 1363 1566 1390 passum
1582 1363 1620 1384 est
1636 1360 1755 1386 noxam?
1769 1360 1821 1388 Sed

1032 1404 1084 1423 non
1100 1401 1141 1424 est
1160 1398 1203 1425 hic
1218 1398 1313 1426 fundus
1326 1400 1456 1428 malorum
1472 1401 1664 1435 humanorum,
1682 1405 1729 1432 sed
1746 1405 1824 1433 ferris

1033 1442 1138 1469 interim
1159 1443 1185 1470 in
1207 1444 1295 1472 medio
1308 1445 1390 1472 dolio.
1410 1446 1485 1473 Multi
1501 1448 1571 1474 enim
1590 1456 1650 1475 cum
1668 1456 1823 1485 paupertate

1032 1494 1063 1514 ac
1076 1488 1243 1516 mutilatione
1266 1490 1399 1517 luctantur
1414 1496 1441 1518 et
1459 1499 1519 1518 cum
1538 1492 1676 1531 du-mone,
1691 1499 1719 1522 et
1733 1502 1824 1523 errant

1034 1532 1059 1559 in
1075 1532 1188 1561 desertis
1203 1543 1209 1561 :
1231 1535 1275 1562 alii
1291 1543 1383 1563 rursus
1401 1537 1453 1563 alia
1473 1538 1609 1572 patiuntur
1627 1539 1669 1567 his
1688 1541 1822 1576 graviora.

1034 1578 1110 1605 Absit
1122 1579 1192 1606 enim
1212 1585 1241 1607 ut
1256 1582 1386 1615 patiamur
1401 1591 1576 1618 qua-cumque
1598 1586 1653 1620 pati
1669 1594 1821 1621 possumus.

1034 1624 1096 1651 llaec
1109 1632 1174 1660 ergo
1187 1633 1294 1661 semper
1313 1632 1440 1662 reputans
1450 1649 1457 1662 ,
1475 1637 1521 1657 cos
1534 1631 1618 1666 cogita
1632 1632 1676 1666 qui
1691 1633 1826 1667 patiuntur

1033 1670 1166 1705 graviora,
1180 1671 1253 1699 etde
1265 1672 1339 1700 nullo
1353 1681 1445 1701 eorum
1462 1675 1554 1702 doleas
1564 1685 1570 1709 ;
1582 1677 1629 1704 sed
1645 1678 1751 1712 quando
1762 1687 1824 1714 pec-

1033 1716 1103 1742 caris
1116 1736 1123 1747 ,
1136 1721 1204 1749 tunc
1223 1717 1309 1744 solum
1324 1718 1468 1753 iugemisce
1479 1741 1487 1752 ,
1503 1725 1565 1748 tunc
1586 1721 1734 1758 lacrymare
1749 1734 1755 1751 :
1772 1733 1825 1753 non

1034 1762 1180 1797 prohibeo,
1195 1763 1243 1791 sed
1266 1765 1356 1799 potius
1377 1766 1489 1800 hortor;
1508 1772 1535 1794 et
1558 1772 1621 1796 tunc
1642 1778 1750 1805 quoque
1765 1779 1825 1800 cutn

1035 1808 1230 1843 moderatione,
1246 1811 1366 1845 cogitans
1378 1812 1449 1847 quod
1464 1814 1498 1839 sit
1512 1815 1642 1849 reversio,
1657 1817 1692 1843 sit
1707 1819 1828 1846 reconci-

1036 1853 1119 1880 liatio.
1137 1856 1171 1881 At
1192 1855 1268 1883 vides
1282 1856 1350 1884 alios
1364 1865 1424 1885 esse
1446 1858 1472 1885 in
1492 1858 1614 1893 deliciis,
1641 1866 1666 1889 te
1689 1868 1778 1890 autem
1801 1865 1827 1891 in

1037 1905 1194 1935 paupertate
1205 1922 1214 1935 ,
1228 1901 1364 1938 aliumque
1376 1904 1523 1939 splendidis
1536 1906 1658 1935 indutum
1671 1910 1789 1938 vestibus
1801 1916 1829 1938 et

1036 1946 1208 1980 conspicuum
1224 1947 1306 1975 esse?
1322 1948 1420 1976 Verum
1438 1958 1471 1977 ne
1485 1950 1543 1978 ha'e
1560 1952 1646 1979 solum
1661 1954 1827 1987 consideres,

1037 1991 1084 2018 sed
1099 1992 1179 2019 etiam
1195 2000 1240 2020 eas
1254 2001 1313 2028 qua:
1328 1999 1390 2021 sunt
1403 2003 1435 2022 ex
1451 1995 1492 2022 his
1508 1997 1653 2024 molestias.
1670 2000 1697 2026 In
1713 2008 1828 2035 pauper-

1038 2041 1092 2065 tate
1107 2043 1196 2065 autem
1219 2048 1253 2066 ne
1267 2041 1422 2069 consideres
1444 2043 1528 2070 solam
1547 2044 1743 2074 mendicitatem
1757 2068 1764 2082 ,
1780 2049 1826 2075 sed

1038 2083 1118 2111 etiam
1132 2091 1191 2111 eam
1205 2093 1264 2120 qua:
1280 2086 1341 2114 inde
1355 2088 1459 2121 capitur
1472 2089 1646 2124 voluptatem.

1075 2129 1239 2165 Paupertatis
1253 2132 1372 2166 felicitas.
1381 2148 1415 2153 ——
1426 2133 1490 2161 Nam
1503 2135 1604 2163 divitiae
1618 2138 1724 2172 quidem
1741 2140 1827 2167 lzetam

1039 2175 1138 2204 habent
1156 2177 1272 2211 larvam,
1289 2179 1394 2206 interna
1413 2186 1501 2208 autem
1520 2182 1599 2217 plena
1614 2189 1676 2212 sunt
1696 2186 1828 2221 caligine;

1040 2227 1182 2257 paupertas
1202 2229 1289 2251 autem
1306 2230 1398 2252 contra
1414 2235 1421 2253 :
1438 2232 1466 2254 et
1479 2227 1501 2255 si
1518 2229 1727 2267 uniuscujusque
1742 2233 1830 2268 expli-

1040 2268 1110 2296 caris
1122 2269 1312 2297 conscientiam
1323 2291 1331 2303 ,
1352 2271 1378 2298 in
1394 2272 1482 2300 anima
1498 2273 1604 2309 quidem
1625 2279 1748 2312 pauperis
1759 2280 1829 2306 mul-

1042 2318 1094 2341 tam
1122 2314 1224 2342 videbis
1246 2317 1417 2344 securitatem
1442 2323 1469 2345 et
1492 2319 1662 2354 libertatem;
1691 2323 1717 2350 in
1740 2324 1827 2352 anima

1041 2365 1129 2388 autem
1144 2360 1235 2388 divitis
1251 2363 1395 2397 tumultus,
1412 2365 1625 2399 perturbationes
1639 2373 1666 2395 et
1680 2369 1786 2397 fluctus.
1802 2371 1829 2398 Si

1041 2411 1129 2434 autem
1143 2406 1219 2435 doles
1236 2408 1329 2436 videns
1344 2409 1430 2444 ipsum
1446 2410 1575 2445 divitem,
1593 2412 1637 2441 ille
1650 2421 1757 2449 quoque
1773 2417 1832 2451 plus

1042 2460 1120 2488 quam
1138 2457 1165 2480 tu
1179 2453 1270 2486 dolet,
1284 2454 1417 2489 aspiciens
1429 2463 1490 2483 eum
1507 2458 1550 2492 qui
1568 2462 1610 2486 est
1624 2459 1683 2494 ipso
1694 2461 1773 2489 ditior
1785 2469 1835 2491 :«et

1042 2498 1111 2525 sicut
1126 2503 1153 2526 tu
1168 2499 1241 2526 illum
1258 2500 1345 2533 times,
1363 2501 1397 2527 ita
1413 2503 1470 2536 ipse
1484 2510 1590 2538 quoque
1605 2504 1698 2541 alium,
1714 2511 1742 2535 et
1760 2510 1785 2536 in
1800 2518 1832 2536 eo

1043 2548 1069 2571 te
1082 2544 1147 2572 nihil
1163 2546 1300 2579 praecellit.
1318 2547 1351 2574 At
1363 2547 1438 2575 doles
1450 2548 1543 2577 videns
1558 2552 1753 2587 magistratum,
1767 2563 1833 2589 ψω-

1044 2592 1114 2618 niam
1127 2595 1153 2618 tu
1165 2599 1195 2619 es
1208 2593 1336 2627 privatus,
1351 2598 1377 2621 et
1391 2602 1423 2622 ex
1437 2595 1470 2622 iis
1482 2598 1526 2631 qui
1538 2603 1631 2632 parent
1646 2600 1766 2634 imperio.
1782 2602 1834 2628 Sed

1045 2637 1091 2663 tibi
1107 2638 1195 2664 veniat
1211 2638 1237 2665 in
1261 2645 1376 2667 tuentem
1394 2646 1422 2668 et
1435 2641 1494 2668 dies
1519 2644 1716 2676 successionis;
1738 2647 1786 2673 sed
1809 2654 1837 2675 et

1044 2686 1107 2709 ante
1123 2682 1196 2710 illum
1213 2684 1282 2711 diem
1296 2686 1423 2713 tumultus
1434 2707 1442 2720 ,
1458 2689 1593 2722 pericula,
1609 2690 1724 2723 labores,
1739 2692 1835 2720 adula-

1047 2728 1142 2759 tiones,
1158 2729 1253 2764 vigilim
1266 2750 1274 2762 ,
1288 2738 1381 2758 omnes
1398 2732 1573 2761 calamitates.
1597 2735 1631 2763 Et
1652 2735 1709 2764 hinc
1721 2737 1835 2766 dit-imus

1046 2775 1116 2809 apud
1127 2783 1183 2807 eos,
1198 2775 1242 2810 qui
1258 2776 1351 2804 nolunt
1364 2777 1555 2812 philosophari.
1571 2780 1636 2807 Nam
1648 2783 1670 2809 si
1686 2783 1736 2810 boc
1749 2786 1837 2820 scias,

1048 2829 1079 2848 ex
1099 2822 1157 2848 aliis
1176 2822 1320 2856 majoribus
1343 2832 1482 2858 possumus
1504 2831 1528 2853 te
1552 2829 1707 2857 consolari:
1729 2831 1834 2859 inierint

1049 2876 1160 2897 necesse
1170 2875 1211 2897 est
1223 2879 1255 2898 cx
1266 2871 1442 2899 crassioribtt=
1453 2878 1541 2901 tecum
1553 2874 1712 2910 disceptare.
1726 2876 1836 2909 Quando
