4112 6224
450 312 563 375 ‘33!

467 444 600 501 ergo
625 427 827 485 videris
852 425 1095 493 divitem,
1126 413 1300 496 cogita
1328 425 1423 481 illo
1448 426 1696 482 ditiorem
1719 468 1732 493 ,
1764 437 1817 483 et
1847 426 2054 482 videbis

460 537 590 577 eum
619 521 800 576 itidem
827 529 886 576 ut
907 529 961 575 tu
978 533 1037 575 es
1058 531 1177 573 esse
1195 517 1467 574 affectum.
1493 518 1618 573 Post
1646 520 1818 589 ipsum
1850 527 2052 585 autem,

468 615 642 685 cogita
665 614 824 670 etiam
851 627 972 668 eum
1001 611 1089 681 qui
1114 619 1198 667 est
1227 620 1277 665 te
1300 610 1615 681 pauperior,
1645 623 1699 665 et
1720 625 1877 679 quam
1904 611 2053 665 multi

463 706 800 763 dormierunt
825 704 1123 759 esurientes
1153 746 1165 767 ,
1197 713 1252 759 et
1282 714 1532 774 paternas
1559 704 1854 758 amiserunt
1881 702 2050 758 facul-

469 809 602 856 tates
626 839 642 865 ,
672 808 727 851 et
772 797 1013 852 habitant
1058 798 1110 851 in
1152 812 1371 852 carcere
1397 839 1410 862 ,
1462 812 1525 851 ac
1553 795 1792 866 quotidie
1822 804 2048 850 mortem

464 898 672 959 optant.
703 888 887 959 Neque
921 889 1063 946 enim
1108 889 1272 943 animi
1312 888 1680 959 aegritudinem
1722 897 2009 959 paupertas
2033 928 2048 952 ,

454 994 639 1053 'neque
667 980 1000 1050 voluptatem
1028 981 1242 1050 pariunt
1265 979 1484 1043 divitiae,
1511 979 1604 1033 sed
1636 988 1690 1033 et
1720 979 1820 1033 hoc
1842 988 1896 1033 et
1925 978 2051 1032 illud

464 1073 620 1127 nobis
649 1073 788 1127 solet
830 1071 1014 1127 indere
1039 1073 1313 1141 cogitatio.
1341 1069 1633 1127 Considera
1670 1081 1846 1127 autem
1873 1070 1942 1125 ab
1973 1070 2053 1125 in-

466 1166 606 1221 timis
636 1164 935 1235 incipiens,
966 1165 1056 1234 qui
1100 1165 1234 1220 emit
1272 1175 1511 1220 stercora
1538 1205 1553 1228 ,
1589 1164 1734 1219 dolet
1758 1173 1813 1219 et
1838 1163 2051 1219 tristitia

466 1255 720 1323 afﬁcitur,
749 1255 894 1325 quod
924 1269 1030 1310 non
1058 1254 1127 1310 sit
1155 1255 1293 1311 liber
1314 1256 1383 1311 ab
1424 1254 1526 1329 hoc
1562 1255 1797 1321 misero,
1830 1263 1884 1309 et
1910 1254 2052 1325 quod

465 1350 784 1419 probrosum
812 1362 934 1403 esse
962 1348 1208 1416 videtur,
1229 1346 1409 1403 studio
1433 1365 1448 1414 ;
1472 1346 1566 1403 sed
1610 1348 1656 1402 si
1693 1347 1864 1417 ipsum
1894 1362 1959 1401 eo
1987 1346 2047 1399 li-

468 1442 740 1497 berareris
768 1450 822 1496 et
845 1439 1087 1497 effeceris
1116 1450 1175 1495 ut
1198 1455 1386 1496 secure
1408 1440 1646 1495 abundet
1670 1440 1831 1495 rebus
1862 1454 2053 1494 neces-

462 1535 636 1601 sariis,
668 1549 853 1589 rursus
878 1533 1081 1589 do!ebit
1110 1532 1251 1602 quod
1278 1548 1382 1588 non
1410 1532 1562 1602 plura
1595 1531 1867 1602 possideat
1890 1546 2051 1602 quam

464 1640 603 1696 opus
637 1626 743 1691 sit;
778 1635 833 1681 et
868 1626 911 1681 si
942 1626 1095 1694 plura
1123 1624 1338 1680 dederis
1362 1664 1377 1690 ,
1422 1623 1569 1678 volet
1616 1639 1679 1678 ea
1722 1637 1842 1679 esse
1890 1623 2052 1694 duplo

462 1718 704 1789 majora;
735 1732 799 1772 ac
841 1727 1125 1789 prepterea
1172 1731 1277 1771 non
1335 1714 1529 1770 minori
1575 1713 1840 1771 afﬁcietur
1866 1714 2052 1769 dolore

460 1826 622 1887 quam
650 1810 801 1881 prius
834 1827 848 1863 :
879 1818 933 1863 et
960 1808 1003 1863 si
1032 1807 1197 1877 duplo
1226 1816 1281 1862 et
1331 1807 1489 1878 triplo
1521 1807 1672 1877 plura
1707 1807 1756 1859 ci
1800 1804 2047 1871 dederis,

460 1919 648 1960 rursus
665 1903 846 1959 animo
869 1911 1116 1973 augetur,
1140 1901 1282 1972 quod
1312 1916 1424 1957 non
1442 1911 1593 1971 gerat
1622 1899 2006 1970 rempublicam
2033 1917 2046 1953 :

460 2006 515 2051 et
543 1997 589 2051 si
621 1995 726 2054 hoc
748 1994 799 2050 ei
825 1994 1066 2066 prmbeas
1087 2034 1103 2060 ,
1142 1992 1382 2062 seipsum
1406 1990 1568 2047 ducet
1594 2005 1714 2047 esse
1752 1991 2006 2045 miserum
2032 2030 2047 2055 ,

459 2088 603 2160 quod
628 2102 737 2144 non
782 2087 984 2158 primas
1018 2095 1198 2156 partes
1244 2091 1422 2141 teneat
1467 2082 1523 2140 in
1565 2084 1836 2154 republica
1863 2101 1877 2137 :
1908 2082 2051 2138 hunc

461 2191 641 2236 autem
691 2180 951 2235 honorem
997 2187 1366 2248 assequutus.,
1411 2176 1553 2247 quod
1600 2192 1709 2232 non
1766 2176 2048 2247 imperium

461 2272 719 2328 obtineat.
751 2270 976 2339 Quando
1003 2278 1179 2325 autem
1222 2268 1504 2338 imperium
1545 2267 1875 2335 obtinuerit,
1908 2267 2050 2339 quod

462 2379 566 2419 non
597 2364 759 2419 totius
783 2362 958 2433 gentis
984 2380 997 2417 :
1020 2360 1235 2432 quando
1257 2368 1435 2415 autem
1459 2361 1623 2415 etiam
1652 2361 1816 2415 totius
1838 2361 2013 2431 gentis
2033 2398 2048 2424 ,

460 2455 603 2526 quod
630 2471 736 2512 non
767 2455 1055 2510 multarum
1083 2453 1322 2524 gentium
1353 2466 1367 2501 :
1397 2451 1612 2522 quando
1639 2463 1819 2508 autem
1854 2451 2045 2506 multa-

462 2564 579 2605 rum
606 2548 867 2619 gentium,
897 2545 1040 2619 quod
1071 2561 1177 2600 non
1206 2546 1467 2601 omnium.
1490 2544 1716 2613 Quando
1746 2543 1916 2599 factus
1938 2543 2051 2600 fue-

462 2641 534 2697 rit
562 2638 770 2711 legatus
800 2648 892 2693 aut
937 2636 1221 2707 praefectus
1243 2679 1259 2705 ,
1302 2653 1488 2691 rursus
1526 2636 1714 2692 dolore
1740 2635 2004 2691 afﬁcietur
2031 2678 2046 2703 ,

463 2730 608 2805 quod
634 2746 741 2784 non
779 2730 849 2784 sit
883 2745 978 2784 rex
1006 2747 1020 2796 ;
1053 2739 1108 2785 et
1141 2730 1188 2785 si
1227 2731 1292 2784 sit
1324 2746 1441 2798 rex,
1471 2731 1613 2801 quod
1642 2745 1747 2785 non
1782 2731 1968 2797 solus;
1997 2740 2052 2786 et

460 2822 507 2877 si
536 2821 718 2888 solus,
748 2819 889 2892 quod
926 2836 1031 2875 non
1066 2820 1419 2878 barbarorum
1458 2836 1671 2892 quoque
1692 2862 1706 2886 ,
1753 2821 1896 2890 quod
1945 2836 2049 2877 non

462 2913 625 2968 etiam
659 2911 823 2965 totius
867 2909 1014 2964 orbis
1057 2918 1253 2969 terra}:
1284 2925 1404 2964 cum
1449 2918 1629 2965 autem
1662 2911 1825 2965 totius
1865 2911 2045 2978 orbis,

459 3019 560 3061 cur
587 3017 691 3057 non
721 3001 882 3057 etiam
931 3000 1154 3057 alterius
1185 3000 1419 3058 mundi?
1450 3002 1519 3058 Et
1562 3002 1641 3056 sic
1684 3002 1737 3055 in
1784 3000 2048 3057 inﬁnitum

461 3096 760 3168 procedens
787 3093 1040 3166 cogitatio
1071 3134 1086 3158 ,
1132 3108 1237 3147 non
1265 3094 1395 3148 sinit
1425 3107 1545 3149 eum
1574 3108 1827 3165 umquam
1854 3094 2044 3150 laetari.

534 3190 588 3244 7.
632 3186 875 3243 Vidistin’
904 3185 1216 3258 quomodo,
1248 3186 1457 3242 etiamsi
1486 3202 1553 3245 ex
1602 3186 1691 3240 vili
1738 3196 1793 3242 et
1840 3188 2049 3258 abjecto

459 3296 642 3354 regem
673 3280 883 3347 feceris,
933 3294 1039 3353 non
1080 3278 1224 3335 tollis
1267 3278 1433 3333 animi
1477 3278 1847 3349 aegritudinem
1878 3320 1895 3347 ,
1944 3281 2049 3337 nisi

459 3374 765 3432 correxeris
791 3373 1192 3445 cogitationem,
1221 3388 1341 3447 qua:
1371 3373 1579 3428 laborat
1605 3375 1828 3431 avaritia
1856 3382 1910 3430 et
1934 3375 2050 3446 plu-

459 3484 519 3523 ra
568 3465 801 3527 habendi
841 3465 1175 3538 cupiditate?
1218 3467 1332 3537 Age
1365 3508 1380 3533 ,
1426 3466 1520 3527 tibi
1564 3468 1724 3525 etiam
1766 3466 2046 3528 ostendam

457 3556 788 3614 contrarium
816 3599 831 3625 ,
864 3555 1008 3630 quod
1036 3557 1247 3614 etiamsi
1291 3573 1319 3610 a
1351 3558 1617 3628 supremis
1643 3558 1712 3621 ad
1741 3560 1920 3615 inﬁma
1949 3560 2047 3618 dc-

457 3648 676 3707 duxeris
699 3663 823 3704 eum
848 3649 937 3719 qui
969 3656 1052 3702 est
1080 3647 1361 3719 prudentia
1390 3648 1668 3721 praeditus,
1702 3666 1810 3709 non
1842 3652 2047 3724 injicies

457 3745 512 3797 in
543 3741 709 3799 animi
745 3739 1119 3812 aegritudinem
1159 3748 1215 3795 et
1241 3740 1531 3800 tristitiam.
1564 3741 1630 3802 Et
1656 3740 1701 3797 si
1725 3744 1807 3797 vis
1829 3744 2046 3800 easdem

455 3833 848 3893 descendamus
871 3832 1044 3888 scalas
1065 3873 1081 3899 ,
1106 3840 1162 3889 et
1192 3832 1497 3904 praefectum
1526 3849 1557 3889 e
1598 3834 1727 3891 sede
1775 3836 1922 3892 urbis
1946 3838 2045 3894 de-

455 3928 654 3999 iectum
690 3924 838 3996 priva
869 3924 959 3979 illa
984 3924 1261 3995 dignitate.
1299 3925 1418 3995 Ipse
1443 3924 1587 3980 enim
1612 3925 1727 3982 haec
1756 3944 1875 3998 qua:
1902 3928 2044 3985 dixi-

456 4036 575 4075 mus
600 4020 839 4090 cogitare
869 4018 914 4072 si
942 4017 1092 4084 velit,
1128 4018 1259 4072 nihil
1290 4016 1413 4074 inde
1439 4018 1659 4073 dolebit.
1689 4019 1874 4091 Neque
1899 4023 2042 4077 enim

456 4110 722 4180 reputabit
752 4123 813 4163 ea
855 4123 973 4175 quae
1008 4118 1134 4162 sunt
1162 4108 1210 4162 ei
1240 4107 1418 4163 ablata
1443 4149 1458 4176 ,
1507 4110 1604 4165 sed
1647 4126 1708 4164 ea
1755 4128 1874 4182 qua:
1919 4121 2043 4171 tunc

456 4203 635 4264 habet,
665 4215 857 4270 nempe
880 4199 1101 4270 gloriam
1127 4214 1285 4269 quam
1312 4199 1472 4254 habet
1501 4215 1569 4254 ex
1599 4216 1663 4255 eo
1684 4218 1842 4272 quem
1868 4206 2042 4275 gessit

454 4295 789 4365 magistratu.
820 4293 874 4348 Si
904 4304 1081 4348 autem
1121 4308 1243 4349 eam
1273 4308 1486 4364 quoque
1514 4296 1825 4365 abstuleris,
1859 4299 2042 4355 animo

454 4387 722 4460 reputabit
754 4388 1014 4458 privatos,
1045 4396 1099 4442 et
1127 4387 1214 4457 qui
1240 4385 1305 4440 ad
1336 4402 1458 4442 emn
1489 4388 1858 4460 magistratum
1886 4407 2043 4448 num-

452 4498 613 4551 quam
642 4479 1033 4544 ascenderunt,
1064 4488 1118 4534 et
1146 4478 1211 4532 ad
1237 4478 1661 4535 consolationem
1695 4483 1745 4536 ei
1772 4481 2041 4541 sufﬁcient

450 4576 652 4633 divitiae
680 4592 694 4629 :
727 4575 808 4628 sin
838 4584 1016 4628 autem
1049 4571 1116 4629 ab
1151 4572 1216 4626 iis
1244 4587 1459 4643 quoque
1490 4589 1673 4631 rursus
1702 4589 1824 4628 eum
1866 4591 2036 4647 expu-

450 4669 600 4733 leris,
631 4664 993 4725 considerabit
1033 4678 1127 4718 eus
1166 4662 1256 4733 qui
1301 4661 1592 4717 mediocria
1638 4664 1959 4733 possident:
1991 4667 2035 4722 si

451 4772 632 4820 autem
651 4760 812 4815 etiam
842 4755 1127 4815 abstuleris
1155 4753 1464 4819 mediocria,
1493 4755 1622 4811 etei
1650 4756 1820 4811 solum
1851 4773 2037 4818 neces-

452 4854 650 4907 sarium
683 4852 1004 4925 impertieris
1020 4851 1350 4915 alimentum,
1379 4850 1573 4920 poterit
1600 4851 1776 4905 animo
1801 4853 2037 4924 cogitare

451 4935 547 4997 etis
567 4982 581 4995 .
612 4942 703 5011 qui
728 4958 793 4995 ne
821 4942 872 4997 id
900 4942 1112 5011 quidem
1139 4943 1415 5013 possident
1438 4984 1454 5009 ,
1486 4941 1581 4998 sed
1606 4958 1727 4999 cum
1752 4942 1868 5015 jugi
1895 4945 2034 5003 fame

450 5031 858 5096 conﬂictantur,
899 5041 951 5085 et
980 5032 1031 5084 in
1067 5046 1284 5088 carcere
1323 5033 1582 5094 habitant.
1611 5034 1760 5110 Quod
1797 5036 1843 5090 si
1871 5037 2032 5097 etiam

468 5133 663 5146 ...ο-υ-

1231 310 1288 368 S.
1333 309 1613 370 JOANNIS
1646 309 2117 369 CHRYSOSTOMI
2156 312 2473 370 ARCHIEP.
2514 314 3046 375 CONSTANTINOP.

3641 317 3748 376 339.

2162 428 2333 497 ipsum
2374 430 2428 483 in
2458 430 2677 485 domum
2723 430 2868 489 illam
2907 432 3123 488 duxeris
3147 473 3163 502 ,
3194 430 3375 487 animo
3401 445 3623 488 versans
3649 447 3747 515 eqs

2161 520 2251 589 qui
2284 519 2485 574 morbis
2510 520 2753 577 laborant
2777 522 3185 591 incurabilibus,
3214 522 3746 594 intolerabilibusque

2162 611 2436 666 doloribus
2461 652 2475 676 ,
2507 612 2709 668 videbit
2733 614 2901 669 multo
2929 629 2989 670 se
3019 614 3219 671 habere
3249 615 3460 671 melius.
3495 614 3563 670 Et
3609 615 3747 670 sicut

2165 711 2377 772 emptor
2422 703 2513 759 ille
2552 707 2805 761 stercoris
2824 721 2894 762 ne
2933 723 3025 761 rex
3057 707 3271 777 quidem
3317 708 3488 763 factus
3540 707 3747 763 fruetur

2157 793 2322 849 animi
2353 796 2739 866 tranquillitate
2766 819 2779 854 :
2810 800 2879 852 ita
2909 799 2995 853 hic
3020 815 3251 869 quoque,
3285 815 3351 855 ne
3374 800 3419 855 si
3444 800 3602 855 fuerit
3629 802 3745 871 qui-

2156 884 2279 941 dem
2312 887 2365 940 in
2394 887 2618 941 vinculis
2638 928 2651 951 ,
2681 904 2929 958 umquam
2956 888 3175 944 dolebit.
3209 889 3389 960 Neque
3417 890 3575 960 igitur
3604 892 3743 945 divi-

2159 978 2246 1031 tia:
2274 978 2582 1050 voluptatis,
2613 995 2786 1052 neque
2805 991 3087 1052 paupertas
3107 991 3191 1036 est
3214 998 3372 1037 causa
3396 984 3557 1038 animi
3579 985 3745 1054 aegri-

2159 1069 2379 1135 tudinis,
2412 1071 2506 1125 sed
2540 1086 2694 1127 mens
2721 1082 2901 1129 nostra
2923 1114 2938 1137 ,
2969 1083 3023 1128 ct
3048 1074 3189 1144 quod
3214 1075 3375 1128 animi
3402 1075 3570 1129 nostri
3602 1076 3747 1131 oculi

2156 1161 2376 1216 minime
2401 1162 2508 1217 sint
2531 1164 2670 1233 puri,
2694 1179 2867 1234 neque
2894 1180 3113 1235 usquam
3142 1165 3278 1219 ﬁrmi
3306 1167 3412 1220 sint
3433 1176 3486 1221 et
3503 1166 3743 1225 stabiles.

2155 1250 2251 1305 sed
2293 1253 2475 1306 volent
2515 1253 2582 1307 ad
2632 1254 2923 1310 inﬁnitum.
2976 1256 3040 1310 Et
3084 1256 3222 1310 sicut
3264 1257 3493 1310 salubria
3525 1258 3742 1327 quidem

2155 1357 2403 1411 corpora,
2427 1343 2636 1399 etiamsi
2663 1345 2780 1402 solo
2806 1359 2944 1417 pane
2971 1347 3184 1401 alantur
3202 1389 3216 1412 ,
3245 1348 3380 1402 bene
3401 1348 3589 1402 aﬁ'ecta
3619 1361 3745 1404 sunt

2156 1444 2208 1489 et
2238 1434 2551 1501 luxuriant;
2590 1437 2831 1493 morbida
2861 1446 3036 1493 autem
3059 1480 3073 1502 ,
3107 1441 3316 1494 etiamsi
3348 1441 3489 1499 lauta
3519 1451 3571 1496 et
3598 1444 3741 1497 varia

2154 1525 2400 1581 fruantur
2422 1542 2627 1593 mensa,
2652 1542 2721 1585 eo
2748 1538 2872 1584 sunt
2902 1529 3251 1585 imbecilliora
3281 1548 3294 1583 :
3328 1532 3397 1585 ita
3424 1533 3583 1586 etiam
3605 1533 3748 1588 solut

2156 1618 2370 1671 evenire
2410 1617 2462 1672 in
2493 1619 2693 1676 anima.
2721 1617 2821 1687 Qui
2853 1620 3034 1690 pusilli
3068 1621 3285 1692 quidem
3311 1631 3368 1677 et
3393 1622 3587 1693 abjecti
3618 1634 3745 1679 sunt

2156 1709 2342 1776 animi,
2374 1724 2440 1763 ne
2462 1709 2513 1763 in
2544 1709 2849 1766 diademate
2868 1712 3085 1782 quidem
3108 1721 3164 1767 et
3194 1712 3490 1768 honoribus
3509 1717 3595 1784 qui
3623 1730 3746 1769 ver-

2157 1801 2237 1855 bis
2264 1817 2368 1856 non
2404 1812 2627 1872 possunt
2647 1804 2925 1876 explicari,
2951 1814 3177 1875 possunt
3203 1821 3323 1862 esse
3354 1807 3495 1862 bono
3518 1817 3572 1862 et
3592 1817 3743 1862 tran-

2155 1894 2320 1963 quillo
2345 1895 2526 1950 animo
2555 1912 2567 1947 :
2603 1894 2903 1966 phil050phi
2934 1907 3112 1953 autem
3141 1907 3196 1952 et
3230 1898 3284 1953 in
3330 1899 3559 1954 vinculis
3588 1909 3642 1955 et
3688 1901 3744 1955 in

2154 1992 2338 2040 catena
2365 1996 2417 2040 et
2442 1986 2492 2040 in
2524 1995 2840 2058 paupertate
2861 2002 2991 2058 pura
3018 1987 3269 2044 fruuntur
3293 1991 3585 2060 voluptate.
3618 1990 3744 2045 limo

2155 2091 2283 2146 ergo
2303 2079 2600 2148 cogitantes
2628 2120 2645 2147 ,
2689 2080 3011 2149 aspiciamus
3052 2094 3268 2152 semper
3308 2081 3375 2136 ad
3423 2081 3741 2141 deteriores.

2154 2169 2284 2224 Nam
2313 2181 2397 2226 est
2424 2171 2642 2241 quidem
2665 2172 2827 2229 etiam
2857 2172 2963 2229 alia
2988 2174 3291 2229 consolatio
3314 2217 3328 2239 ,
3371 2176 3465 2231 sed
3501 2175 3742 2245 philoso—

2156 2261 2312 2331 phica
2337 2302 2349 2323 .
2382 2275 2436 2317 et
2462 2278 2582 2333 qua:
2611 2264 2903 2320 multorum
2922 2265 3151 2321 aliorum
3182 2276 3400 2336 superat
3425 2267 3742 2322 crassitudi-

2154 2368 2299 2407 nem.
2324 2353 2579 2421 Quzenam
2609 2369 2673 2408 ea
2699 2353 2821 2410 est?
2847 2354 3001 2424 Quod
3028 2356 3161 2411 nihil
3189 2368 3314 2412 sunt
3340 2358 3537 2412 divitizr.
3562 2401 3577 2424 ,
3606 2358 3743 2413 nihil

2156 2454 2465 2514 paupertas,
2496 2445 2961 2518 nihiliguominia,
2994 2447 3128 2502 nihil
3154 2449 3361 2518 honor;
3387 2450 3479 2503 sed
3511 2450 3564 2504 in
3593 2450 3743 2504 brevi

2156 2550 2419 2612 tempore,
2451 2551 2506 2597 et
2545 2542 2600 2598 in
2626 2543 2806 2600 verbis
2833 2544 3019 2616 solum
3059 2545 3201 2599 inter
3247 2560 3306 2599 se
3354 2546 3576 2600 distant.
3609 2545 3744 2600 Cum

2156 2631 2256 2687 hac
2285 2641 2465 2688 autem
2494 2634 2597 2688 alia
2625 2649 2840 2705 quoque
2868 2646 2948 2690 est
2979 2634 3080 2689 hac
3109 2636 3315 2705 major,
3348 2651 3539 2705 nempe
3567 2635 3741 2691 futura

2154 2732 2209 2778 et
2233 2723 2371 2779 bona
2397 2734 2453 2779 et
2490 2726 2632 2781 mala
2655 2726 2896 2797 cegitare
2921 2768 2936 2790 ,
2965 2742 3028 2782 ea
3057 2742 3176 2798 quae
3203 2743 3326 2782 vere
3370 2739 3495 2782 sunt
3525 2730 3661 2783 mala
3689 2740 3744 2783 et

2153 2829 2273 2884 qua:
2304 2830 2431 2871 vere
2470 2816 2610 2872 bona
2633 2856 2651 2883 ,
2690 2827 2746 2873 et
2787 2818 2855 2874 ab
2895 2818 2999 2874 illis
3023 2819 3268 2892 accipere
3292 2820 3739 2875 consolationem.

2154 2907 2261 2963 Sed
2289 2909 2540 2978 quoniam
2564 2951 2581 2976 ,
2619 2910 2759 2965 sicut
2784 2913 2933 2980 prius
2958 2911 3089 2979 dixi,
3121 2914 3268 2967 multi
3312 2922 3436 2968 sunt
3464 2913 3620 2985 longe
3650 2929 3742 2969 re-

2154 3003 2283 3056 moti
2316 3002 2384 3057 ab
2421 3003 2730 3073 hujusmodi
2766 3003 3031 3070 doctrina,
3067 3014 3348 3075 propterea
3395 3020 3615 3060 necesse
3647 3005 3745 3060 ba-

2155 3094 2364 3149 buimus
2389 3095 2441 3151 in
2463 3095 2765 3166 hujusmodi
2787 3097 3064 3152 immorari
3089 3098 3448 3164 sermonibus,
3475 3107 3532 3152 ut
3554 3099 3744 3154 ordino

2152 3189 2218 3243 ad
2261 3188 2361 3243 hos
2400 3204 2613 3261 quoque
2638 3190 2966 3247 deducamus
2990 3206 3085 3248 eos
3113 3193 3204 3263 qui
3238 3194 3323 3245 illa
3364 3204 3742 3264 susceperunt.
3778 3207 3789 3213 ‘

2153 3279 2281 3336 Haec
2309 3295 2439 3352 ergo
2467 3282 2647 3337 omnia
2675 3292 3007 3353 reputantes,
3037 3286 3181 3338 omni
3209 3299 3277 3340 ex
3300 3294 3449 3355 parte
3477 3300 3574 3340 nos
3596 3285 3744 3358 ipsos

2153 3387 2542 3443 componamus
2567 3414 2583 3440 ,
2617 3384 2672 3429 et
2716 3390 3005 3445 numquam
3049 3374 3349 3431 dolcbimus
3378 3376 3450 3432 ob
3484 3377 3598 3434 hmc
3624 3380 3743 3434 ino-

2156 3465 2355 3534 pinata.
2403 3465 2586 3536 Neque
2616 3466 2757 3521 enim
2789 3467 2834 3520 si
2870 3467 2921 3520 in
2955 3468 3182 3539 imagine
3207 3469 3498 3526 viderimus
3523 3471 3736 3542 divites,

2152 3569 2248 3611 eos
2274 3570 2396 3610 esse
2420 3555 2714 3611 dixerimus
2745 3556 2983 3613 beandos
3008 3568 3062 3613 et
3090 3559 3417 3615 aemulandos
3441 3578 3456 3628 ;
3481 3569 3535 3615 ut
3563 3577 3741 3636 neque

2152 3647 2428 3703 mendicos
2460 3648 2570 3704 illic
2597 3648 2839 3720 depictos
2858 3691 2874 3714 ,
2909 3651 3148 3706 infelices
3171 3663 3225 3707 et
3253 3654 3606 3710 miserabiles.
3634 3656 3741 3710 At-

2150 3738 2238 3813 qui
2268 3739 2341 3793 illi
2370 3750 2495 3794 sunt
2521 3739 2789 3796 ﬁrmiores
2811 3750 2866 3797 et
2895 3740 3196 3797 stabiliores
3227 3744 3294 3799 iis
3326 3746 3414 3815 qui
3445 3754 3571 3799 sunt
3596 3746 3738 3816 apud

2152 3844 2252 3885 nos
2279 3830 2516 3886 divites:
2560 3832 2728 3903 magis
2766 3833 2911 3887 enim
2964 3834 3014 3887 in
3059 3834 3264 3904 pictura
3315 3845 3499 3891 manet
3542 3836 3689 3892 dives
3716 3880 3735 3902 .

2150 3939 2308 3994 quam
2337 3925 2388 3978 in
2413 3925 2525 3996 ipsa
2566 3940 2748 3980 rerum
2788 3934 2999 3981 natura.
3047 3925 3179 3980 Natu
3228 3927 3317 3981 ille
3345 3928 3559 3998 quidem
3591 3945 3738 4000 smpe

2148 4019 2313 4073 etiam
2342 4017 2408 4072 ad
2437 4027 2650 4072 centum
2681 4032 2855 4073 annos
2896 4018 2976 4072 sic
3003 4034 3269 4088 apparens
3304 4020 3573 4076 duraverit
3603 4038 3619 4076 :
3649 4023 3739 4078 hic

2148 4118 2325 4165 autem
2357 4123 2481 4162 cum
2507 4123 2576 4164 ne
2602 4123 2801 4163 annum
2830 4108 3045 4179 quidem
3090 4126 3250 4164 unum
3287 4112 3338 4166 in
3366 4113 3478 4167 suis
3506 4113 3735 4169 faculta-

2149 4198 2291 4253 tibus
2317 4215 2377 4254 se
2400 4198 2605 4254 deliciis
2635 4200 2964 4269 expleverit,
2997 4213 3220 4271 repente
3249 4205 3493 4274 privatus
3516 4214 3597 4260 est
3616 4220 3739 4259 om-

2147 4291 2324 4347 nibus.
2369 4290 2493 4347 Haec
2520 4307 2647 4362 ergo
2674 4294 2852 4347 omnia
2898 4304 3210 4364 reputantes
3234 4337 3249 4363 ,
3282 4298 3429 4351 omni
3475 4314 3540 4353 ex
3578 4306 3738 4368 parte

2146 4384 2450 4438 muniamus
2478 4384 2643 4439 animi
2667 4386 2899 4454 quietem
2927 4394 2982 4440 et
3010 4387 3448 4458 tranquillitatem
3473 4389 3736 4445 adversus

2145 4474 2598 4529 inconsideratam
2646 4475 2916 4531 tristitiam
2942 4515 2959 4541 ,
3001 4484 3061 4530 ut
3103 4485 3159 4532 et
3201 4478 3361 4532 vitam
3406 4490 3730 4548 praesentem

2146 4566 2501 4635 transigamus
2521 4580 2641 4620 cum
2669 4567 2960 4641 voluptate,
2988 4577 3041 4623 et
3063 4567 3201 4622 bona
3232 4569 3407 4625 futura
3436 4586 3739 4641 consequa-

2144 4672 2280 4722 mur,
2304 4656 2475 4728 gratia
2497 4666 2552 4712 et
2572 4658 2901 4729 benignitate
2924 4660 3133 4715 Domini
3162 4663 3331 4716 nostri
3360 4663 3485 4718 Jesu
3506 4661 3731 4729 Christi,

2142 4765 2263 4805 cum
2289 4764 2396 4821 quo
2423 4749 2592 4819 Patri,
2625 4751 2891 4824 simulque
2917 4764 3105 4808 sancto
3134 4753 3355 4823 Spiritui
3384 4755 3553 4825 gloria
3574 4797 3589 4821 ,
3622 4757 3728 4809 itu-

2143 4842 2370 4914 pcrium,
2400 4842 2601 4911 honor,
2636 4860 2779 4903 nunc
2801 4854 2857 4905 et
2880 4862 3096 4917 semper
3117 4887 3132 4913 ,
3161 4860 3216 4904 et
3245 4848 3297 4904 in
3329 4850 3523 4906 scccula
3550 4866 3731 4906 srecu-

2142 4937 2334 4995 lorum.
2369 4936 2561 4992 Amen.

1369 5135 3704 5167 Ἢ

1684 5218 2027 5285 HOMILIA
2070 5184 2379 5289 XXXIX.

439 5363 576 5419 Car.
620 5361 706 5417 15.
748 5376 801 5416 v.
848 5360 933 5415 Η.
974 5359 1096 5415 Sive
1123 5359 1256 5414 enim
1277 5373 1370 5430 ego
1395 5359 1544 5425 ,rsive
1571 5360 1651 5414 illi
1676 5405 1689 5425 ,
1723 5364 1798 5417 sic
1830 5363 2024 5432 praedi-

518 5469 693 5508 camus
721 5494 737 5519 ,
765 5462 812 5507 et
840 5455 911 5507 sic
940 5452 1247 5508 credidistis.

522 5545 575 5597 ‘l.
618 5544 903 5616 Postquam
953 5544 1228 5615 apostolos
1272 5542 1474 5598 extulit
1499 5552 1555 5599 et
1582 5559 1641 5598 se
1681 5544 1919 5614 dejecit,
1974 5556 2031 5600 et

446 5632 639 5690 deinde
658 5652 847 5692 rursus
867 5653 1024 5707 supra
1050 5637 1168 5692 illos
1182 5650 1243 5691 se
1261 5634 1469 5699 extulit,
1498 5642 1559 5688 ut
1577 5634 1820 5691 efﬁceret
1843 5652 2027 5708 aequa-

442 5727 644 5790 litatem
668 5728 687 5795 (
712 5729 1068 5796 aequalitatem
1095 5728 1238 5785 enim
1259 5725 1456 5792 effecit,
1487 5738 1547 5781 se
1573 5737 1628 5783 et
1650 5730 1884 5785 melioris
1909 5747 2029 5788 esse

2137 5366 2461 5425 conditionis
2490 5370 2781 5429 ostendens
2819 5384 2875 5429 et
2916 5375 3278 5448 deterioris),
3311 5390 3367 5435 et
3407 5397 3468 5438 ea
3515 5385 3731 5439 ratione

2139 5472 2198 5512 se
2227 5458 2455 5515 reddens
2488 5461 2590 5518 ﬁde
2620 5463 2876 5535 dignum;
2910 5482 2978 5523 ne
3004 5470 3084 5524 sic
3112 5469 3327 5539 quidem
3355 5488 3450 5528 eos
3478 5473 3727 5543 dimittit,

2142 5548 2235 5604 sed
2268 5566 2452 5606 rursus
2477 5567 2536 5609 se
2556 5570 2676 5610 cum
2706 5556 2814 5612 illis
2837 5559 3132 5632 conjungit,
3162 5562 3406 5620 indicans
3435 5580 3577 5631 eam,
3603 5582 3731 5637 qua

2141 5649 2224 5696 est
2243 5643 2534 5699 secundum
2562 5645 2853 5718 Chrisuim,
2880 5653 3240 5710 concordiam.
3266 5655 3384 5712 Non
3414 5667 3589 5714 tamen
3618 5658 3732 5717 huc

2141 5734 2216 5788 sic
2250 5734 2374 5791 facit
2404 5747 2460 5793 ut
2491 5738 2735 5795 videatur
2777 5742 2858 5796 eis
2887 5757 3007 5798 esse
3037 5745 3279 5815 abjectus
3302 5786 3319 5814 ,
3370 5749 3466 5805 sed
3512 5757 3570 5806 ut
3611 5750 3735 5827 ipse
