4122 6226
386 310 485 368 33!

382 426 579 480 Σκόπει
608 424 665 478 δέ
695 425 993 497 ἀρχόμενος
1024 426 1285 479 κάτωθεν·
1316 429 1344 479 ό
1372 427 1662 500 κοπρώνης
1690 427 1845 497 ἀλγεῖ
1864 429 1956 481 καὶ

378 508 651 572 όδυνᾶται,
687 509 768 561 δτι
811 510 885 579 μὴ
933 507 1275 578 ἀπήλλακται
1326 510 1419 563 τοῦ
1470 510 1820 583 ταλαιπώρου
1864 513 1956 565 καὶ

378 592 743 647 ἐπονειδίστου
778 587 915 645 εἶναι
955 590 1242 656 δοκοῦντος
1284 594 1713 665 ἐπιτηδεύματος
1744 595 1953 648 τούτου·

377 678 493 732 ἀλλ’
540 677 607 731 iv
632 675 945 746 ἀπαλλάξῃς
977 676 1141 728 αὐτὸν
1168 677 1379 739 τούτου,
1415 680 1509 731 καὶ
1553 679 1785 749 ποιήσῃς
1820 678 1956 747 μετά

377 759 561 823 ἀδείας
588 760 700 813 τῶν
747 758 1059 827 ἀναγκαίων
1097 759 1369 830 εὐπορεῖν.
1418 761 1645 833 ἀλγήσει
1688 762 1848 815 πάλιν
1877 762 1957 815 ὅτι

381 842 457 914 μὴ
489 842 662 896 πλείω
692 842 793 913 τῆς
820 842 1008 912 χρείας
1037 840 1320 910 κέκτηται·
1353 842 1455 896 xiv
1483 843 1655 896 πλείω
1693 845 1954 915 παρέχῃς,

380 924 704 996 βουλήσεται
754 924 896 978 αὐτά
948 923 1265 978 διπλασίονα
1313 921 1450 979 εἶναι
1497 925 1679 987 πάλιν,
1729 926 1825 979 καὶ
1872 926 1957 980 διά

377 1008 537 1061 τοῦτο
562 1006 951 1078 ὀδυνηθήσεται
981 1006 1081 1076 οὐχ
1109 1002 1293 1079 ἧττον,
1326 1007 1359 1079 ἢ
1395 1007 1684 1079 πρότερον·
1716 1009 1823 1061 xiv
1879 1008 1959 1061 δι-

381 1095 662 1159 πλασίονα,
699 1094 805 1149 κᾶν
854 1093 1213 1165 τριπλασίονα
1250 1094 1358 1165 δῷς
1380 1136 1394 1160 ,
1434 1094 1713 1166 ἀθυμήσει
1760 1095 1957 1155 πάλιν.

381 1180 464 1232 ὅτι
494 1178 572 1249 μὴ
595 1176 957 1231 πολιτεύεται·
989 1176 1091 1231 xiv
1116 1176 1274 1230 τοῦτο
1300 1177 1546 1249 παρέχῃς
1568 1176 1738 1249 αὐτῷ,
1771 1178 1956 1233 ἄθλιον

384 1271 573 1324 ἐαυτὸν
610 1270 900 1340 ἡγήσεται,
938 1269 1020 1322 δτι
1058 1267 1134 1340 μὴ
1159 1267 1268 1322 τῶν
1296 1268 1361 1322 τά
1388 1268 1581 1339 πρῶτα
1607 1269 1957 1341 πολιτευομέ-

378 1379 487 1416 νων
543 1360 698 1415 ἐστί·
732 1362 826 1414 καὶ
862 1360 1069 1431 ταύτης
1114 1362 1172 1415 δὲ
1204 1361 1602 1433 ἐπιλαϐόμενος
1631 1360 1732 1432 τῆς
1763 1361 1952 1432 τιμῆς,

379 1454 662 1525 θρηνήσει,
684 1454 767 1508 ὅτι
790 1452 865 1523 μὴ
897 1453 1072 1524 ἄρχει·
1104 1456 1233 1509 ὅταν
1262 1454 1319 1508 δὲ
1350 1452 1517 1526 ἄρξῃ,
1551 1454 1635 1508 ὅτι
1663 1454 1739 1525 μὴ
1769 1452 1956 1518 ἔθνους

377 1544 692 1615 ὁλοκλήρου·
729 1543 858 1597 ὅταν
895 1543 955 1597 δὲ
989 1546 1085 1598 καὶ
1140 1544 1326 1609 ἐθνους
1373 1545 1694 1617 ὁλοκλήρου,
1740 1546 1823 1598 ὅτι
1879 1545 1954 1617 μή

379 1634 549 1690 ἐθνῶν
580 1634 808 1690 πολλῶν·
854 1636 984 1689 ὃταν
1014 1635 1073 1689 δὲ
1112 1634 1282 1689 ἐθνῶν
1324 1636 1556 1700 πολλῶν,
1595 1637 1678 1691 ὅτι
1713 1634 1789 1707 μὴ
1821 1636 1955 1691 πάν-

378 1744 505 1783 των.
550 1729 716 1782 Ὅταν
762 1726 1007 1800 ὕπαρχος
1054 1727 1300 1799 γένηται,
1340 1728 1710 1800 λυπηθήσεται
1760 1728 1951 1791 πάλιν,

377 1819 457 1875 ὅτι
493 1819 567 1893 μή
597 1820 693 1874 καὶ
721 1820 993 1890 βασιλεύς·
1044 1820 1147 1873 xiv
1202 1819 1491 1889 βασιλεὺς.
1526 1821 1608 1874 ὅτι
1649 1821 1724 1891 μὴ
1771 1820 1951 1890 μόνος·

379 1914 482 1968 xiv
518 1914 711 1985 μόνος,
743 1914 825 1973 δτι
865 1913 940 1985 μὴ
995 1914 1091 1967 καὶ
1121 1912 1414 1985 βαρϐάρων
1434 1953 1448 1978 ,
1507 1913 1588 1967 ὃτι
1626 1914 1702 1984 μὴ
1734 1914 1829 1967 καὶ
1857 1913 1955 1986 τῆς

375 2004 703 2076 οἰκουμένης
724 2005 961 2075 ἀπάσης·
984 2005 1113 2058 ὅταν
1135 2004 1229 2059 καὶ
1248 2005 1347 2075 τῆς
1361 2003 1687 2075 οἰκουμένης
1710 2004 1954 2075 ἀπάσης,

374 2095 466 2149 διὰ
493 2095 546 2148 τί
575 2095 650 2167 μὴ
673 2095 767 2150 καὶ
788 2095 977 2167 ἐτέρου
1006 2095 1246 2167 κόσμους
1278 2096 1390 2150 Καὶ
1409 2095 1584 2161 οῦτως
1615 2097 1702 2149 ἐπ’
1726 2097 1954 2169 ἀπειρον

374 2188 408 2239 ό
462 2187 722 2258 λογισμὸς
776 2186 1024 2258 προῖὼν,
1069 2188 1170 2241 οὐκ
1225 2186 1450 2259 ἀφίησιν
1501 2187 1665 2243 αὐτὸν
1719 2186 1957 2259 ἡσθῆναί

377 2296 532 2334 ποτε.

444 2450 508 2517 ζ’.
531 2445 685 2514 Εἶδες
719 2452 838 2515 πῶς
860 2449 959 2504 xiv
981 2450 1040 2517 ἐξ
1078 2449 1329 2511 εὐτελοῦς
1351 2451 1444 2504 καὶ
1476 2449 1694 2523 πτωχοῦ
1730 2449 1954 2522 βασιλέα

375 2542 629 2614 ποιήσῃς,
665 2540 766 2594 οὐκ
811 2541 1056 2612 ἀναιρεῖς
1104 2539 1205 2612 τὴν
1258 2538 1522 2611 ἀθυμίαν,
1553 2540 1813 2611 λογισμὸν
1862 2541 1953 2595 τὸν

375 2630 686 2696 πλεονεξίας
709 2629 921 2701 ἐρῶντα
945 2629 1020 2701 μὴ
1046 2629 1479 2702 διορθωσάμενος
1504 2629 1766 2703 πρότερον
1783 2651 1797 2696 ;
1815 2631 1951 2702 Φέρε

375 2739 460 2777 σοι
490 2723 586 2777 καὶ
602 2720 912 2774 τούναντίον
928 2719 1108 2786 δείξω,
1141 2721 1223 2774 ὅτι
1256 2720 1361 2774 xiv
1393 2720 1603 2775 ἀνωθεν
1637 2721 1787 2773 κάτω
1820 2738 1951 2774 κατ-

373 2811 590 2883 ἀγάγῃς
633 2810 725 2865 τὸν
757 2809 974 2863 σύνεσιν
1034 2810 1250 2881 έχοντα,
1282 2809 1382 2864 οὐκ
1411 2807 1672 2879 ἐμϐαλεῖς
1706 2811 1789 2874 είς
1819 2810 1952 2864 ἀθυ-

375 2907 506 2978 μίαν
535 2904 632 2958 καὶ
674 2902 872 2974 λύπην.
902 2902 1034 2963 Καὶ,
1069 2904 1118 2955 εί
1151 2901 1354 2971 βούλει,
1382 2900 1480 2973 τὴν
1505 2900 1677 2973 αὐτὴν
1703 2902 1951 2973 κλίμακα

374 2995 814 3066 καταϐαίνωμεν,
846 2996 938 3049 καὶ
974 2994 1067 3048 τὸν
1093 2992 1338 3064 ὕπαρχον
1370 2993 1479 3047 ἀπὸ
1503 2993 1597 3046 τοῦ
1632 2993 1822 3066 θρόνου
1854 3011 1954 3047 κα-

372 3088 672 3151 ταϐιϐάσας
713 3086 791 3157 τῷ
838 3086 982 3158 λόγῳ
1030 3085 1321 3157 ἀποστέρει
1369 3086 1468 3156 τῆς
1517 3085 1676 3152 ἀξίας
1711 3085 1948 3155 ἐκείνης.

372 3181 538 3236 οὐδὲν
577 3179 688 3251 γὰρ
716 3175 872 3243 οὗτος
918 3177 1187 3241 ἐντεῦθεν,
1220 3177 1287 3231 iv
1320 3176 1477 3249 ἐθέλῃ
1522 3177 1694 3231 ταῦτα
1728 3178 1950 3244 ἐννοεῖν,

373 3272 517 3345 άπερ
546 3269 718 3337 είπον,
760 3271 1008 3342 ἀλγήσει.
1041 3269 1179 3323 Οὐδέ
1224 3268 1335 3341 γὰρ
1366 3268 1511 3340 ἀπερ
1538 3267 1838 3340 ἀφῄρηται,
1869 3269 1954 3322 λο-

375 3370 594 3435 γιεῖται,
621 3365 736 3419 ἀλλ’
767 3362 911 3434 άπερ
941 3361 1053 3433 ἔχει
1082 3363 1241 3428 τέως,
1267 3360 1369 3432 τὴν
1401 3360 1559 3426 δόξαν
1594 3360 1690 3432 την
1718 3361 1828 3415 ἀπὸ
1854 3362 1952 3432 τῆς

376 3459 573 3531 ἀρχῆς.
605 3459 704 3512 Ἂν
753 3455 809 3510 δὲ
864 3456 957 3509 καὶ
1002 3456 1205 3524 ταύτην
1253 3452 1479 3525 ἀφέλῃς,
1529 3451 1794 3521 λογιεῖται
1825 3454 1952 3518 τοὺς

377 3553 614 3617 ἰδιώτας,
657 3550 751 3604 καὶ
800 3549 1055 3604 οὐδέποτε
1103 3544 1363 3617 τοιαύτης
1413 3544 1710 3608 ἐπιϐάντας
1753 3544 1951 3617 ἀρχῆς,

374 3645 469 3699 καὶ
502 3642 727 3715 ἀρκέσει
759 3642 839 3706 είς
872 3638 1231 3712 παραμυθίαν
1259 3638 1289 3690 ὁ
1322 3635 1550 3701 πλοῦτος
1590 3638 1759 3709 αὐτῷ·
1801 3638 1869 3695 ἂν
1895 3637 1955 3693 δὲ.

375 3736 471 3791 καὶ
498 3735 686 3790 τούτου
718 3733 879 3787 πάλιν
911 3732 1179 3805 ἐκϐάλῃς,
1230 3730 1497 3802 σκοπήσει
1538 3729 1665 3792 τούς
1696 3732 1765 3783 τά
1813 3730 1948 3801 σύμ-

375 3844 554 3899 μετρα
579 3826 820 3897 ἔχοντας·
852 3825 920 3880 iv
962 3824 1020 3878 δέ
1047 3826 1142 3879 καὶ
1183 3823 1254 3877 τά
1288 3823 1580 3895 σύμμετρα
1612 3823 1820 3897 ἀφέλῃς
1858 3824 1955 3878 καὶ

376 3915 479 3985 τῆς
505 3913 809 3983 ἀναγκαίας
863 3913 1032 3984 μόνης
1086 3911 1328 3983 μεταδῷς
1376 3913 1614 3983 τροφῆς.
1666 3912 1951 3984 δυνήσεται

377 4008 581 4060 ἐννοεῖν
592 4006 716 4068 τοὺς
740 4004 861 4058 οὐδέ
885 4004 1090 4075 ταύτης
1111 4002 1263 4077 [561]
1286 4003 1635 4074 μετέχοντας,
1651 4003 1788 4058 ἀλλά
1809 4003 1952 4074 λιμῷ

380 4095 707 4160 παλαίοντας
735 4096 987 4168 διηνεκεῖ,
1027 4098 1121 4150 καὶ
1143 4095 1518 4167 δεσμωτήριον
1542 4092 1846 4159 οίκοῦντας.
1889 4096 1951 4149 Et

375 4188 437 4243 δέ
462 4185 557 4241 καὶ
584 4187 663 4249 είς
682 4186 741 4241 τὸ
760 4187 962 4258 οίκημα
982 4185 1300 4255 είσαγάγοις
1321 4185 1518 4245 ἐκεῖνο,
1540 4184 1666 4248 τούς
1691 4184 1749 4238 ἐν
1774 4183 1951 4247 νόσοις

377 4278 619 4341 ἀνιάτοις
662 4276 853 4341 δντας,
901 4277 1027 4341 τούς
1070 4278 1128 4329 ἐν
1184 4274 1399 4337 ὀδύναις
1448 4274 1770 4346 ἀνηκέστοις
1806 4272 1931 4327 ἐνθυ

383 4371 671 4442 μούμενος,
713 4370 901 4440 ³Βιιοεται
944 4370 1136 4425 ἑαυτὸν
1180 4370 1239 4423 ἐν
1269 4368 1451 4439 πολλῷ
1500 4366 1765 4438 βελτίοσιν
1800 4368 1951 4424 ὄντα.

380 4464 491 4518 Καὶ
521 4461 713 4535 ὥσπερ
759 4464 788 4517 ό
821 4461 1107 4535 κοπρώνης
1132 4462 1339 4526 ἐκεῖνος
1363 4460 1484 4515 οὐδὲ
1530 4458 1782 4531 βασιλεὺς
1810 4461 1957 4532 γενό-

391 4721 766 4740 ῃ

1387 314 1450 368 IN
1492 313 1711 370 EPIST.
1753 314 1773 369 1
1827 313 1917 368 AD
1945 312 2104 371 COR.
2150 312 2385 369 IIOMIL.
2425 312 2667 369 XXXIX.

3526 311 3631 364 332

2062 443 2219 497 μενος
2244 427 2504 496 εὐθυμίαν
2527 426 3093 499 καρπώσεται,οῦτως
3118 414 3271 489 οὗτος
3291 424 3410 477 ούδέ
3432 424 3635 491 δεσμώ-

2056 533 2155 588 της
2190 518 2463 581 καταστάς
2496 518 2727 588 ἀλγήσει
2758 517 2917 573 ποτέ.
2946 517 3060 570 Οὐκ
3097 516 3206 588 ἀρα
3245 514 3479 579 πλοῦτος
3510 513 3633 584 ήδο-

2057 608 2182 678 νῆς,
2206 607 2329 662 οὐτε
2367 609 2525 663 πενία
2568 610 2806 682 ἀθυμίας
2850 610 3127 672 ὑπόθεσις,
3164 608 3280 662 ἀλλ’
3312 609 3361 680 ἡ,
3390 604 3636 676 ἡμετέρα

2055 697 2283 770 γνώμη.
2326 701 2419 755 καὶ
2453 700 2512 754 τὸ
2564 702 2631 754 τά
2678 701 2902 772 δμματα
2939 702 3041 770 τῆς
3086 699 3325 763 διανοίας
3356 697 3513 769 ήμῶν
3560 695 3635 767 μὴ

2057 785 2195 844 εἶναι
2249 790 2488 862 καθαρὰ.
2541 793 2677 862 μηδέ
2723 793 2942 845 ἑστάναι
2991 809 3092 844 που
3127 791 3221 843 καὶ
3260 788 3465 862 μένειν,
3518 786 3634 840 ἀλλ’

2057 879 2338 950 ἀπέραντα
2384 880 2670 936 πέτασθαι.
2715 883 2824 935 Καὶ
2864 880 3114 953 καθάπερ
3158 880 3226 932 τά
3275 879 3374 949 μὲν
3418 876 3635 944 ὐγιεινά

2054 969 2164 1023 τῶν
2213 972 2501 1039 σωμάτων,
2534 971 2635 1024 κᾶν
2681 974 2831 1044 ἄρτῳ
2880 971 3149 1043 τρέφηται
3187 970 3353 1041 μόνῳ.
3407 965 3637 1020 εὐπαθεῖ
3704 994 3707 997 ι

2056 1061 2150 1114 καὶ
2174 1064 2399 1134 σφριγᾷ·
2417 1063 2486 1116 τά
2511 1063 2568 1115 δέ
2592 1064 2838 1129 ἐπίνοσα,
2864 1063 2966 1117 xiv
2996 1060 3251 1133 δαψιλοῦς
3269 1060 3362 1114 καὶ
3384 1056 3639 1127 ποικίλης

2055 1152 2305 1225 ἀπολαύῃ
2348 1153 2664 1226 τραπέζης,
2716 1157 2957 1228 τοσούτῳ
3009 1153 3213 1227 μᾶλλον
3265 1150 3633 1223 ἀσθενέστερα

2054 1246 2285 1314 γίνεται·
2318 1246 2462 1301 οὕτω
2488 1249 2581 1301 καὶ
2611 1248 2705 1301 ἐπὶ
2733 1249 2833 1318 τῆς
2862 1248 3043 1320 ψυχῆς
3072 1246 3394 1319 συμϐαίνειν
3417 1242 3628 1297 εῑωθεν·

2054 1336 2104 1390 οί
2153 1337 2251 1407 μέν
2303 1338 2628 1410 μικρόψυχοι
2679 1340 2799 1394 οὐδὲ
2862 1341 2921 1393 ἐν
2968 1339 3256 1411 διαδήματι
3305 1338 3403 1392 καὶ
3452 1337 3637 1407 τιμαῖς

2053 1429 2526 1497 ἀφάτοιςδύναιντ’
2559 1433 2623 1486 ἂν
2654 1433 2931 1505 εὐθυμεῖν·
2965 1434 3014 1487 οί
3041 1432 3099 1487 δὲ
3146 1432 3425 1502 φιλόσοφοι
3455 1431 3549 1483 καὶ
3576 1430 3636 1482 ἐν

2053 1521 2272 1592 δεσμοῖς
2314 1526 2404 1577 καὶ
2451 1527 2509 1579 ἐν
2552 1526 2739 1580 ἀλύσει
2781 1527 2876 1580 καὶ
2915 1529 2973 1581 ἐν
3015 1527 3176 1598 πενίᾳ
3219 1526 3466 1595 καθαρᾶς
3500 1524 3636 1577 ἀπο-

2053 1611 2308 1668 λαύουσιν
2354 1616 2566 1687 ἡδονῆς.
2622 1617 2787 1672 Ταῦτ’
2829 1616 2922 1672 οὐν
2960 1618 3289 1682 ἐννοοῦντες,
3340 1617 3475 1687 πρὸς
3507 1615 3634 1676 τοὺς

2056 1706 2513 1779 καταδεεστέρους
2560 1710 2647 1762 ἀεὶ
2698 1710 3007 1781 βλέπωμεν.
3053 1711 3210 1765 Ἔστι
3254 1710 3353 1781 μὲν
3395 1707 3505 1779 γάρ
3540 1708 3634 1761 καὶ

2055 1798 2218 1869 ἑτέρα
2258 1799 2602 1870 παραμυθία,
2644 1800 2783 1854 ἀλλά
2823 1801 3111 1871 φιλόσοφος
3145 1800 3379 1854 καὶτῶν
3422 1798 3636 1853 πολλῶν

2054 1886 2456 1958 ὑπερϐαίνουσα
2483 1890 2582 1961 τήν
2611 1889 2919 1961 παχύτητα.
2953 1890 3087 1944 Ποία
3119 1890 3296 1959 αῦτη;
3328 1890 3447 1942 Ὅτι
3482 1887 3635 1941 οὐδὲν

2055 1980 2305 2049 πλοῦτος,
2330 1982 2483 2037 οὐδὲν
2512 1984 2689 2048 πενία,
2720 1984 2874 2038 οὐδὲν
2906 1985 3121 2056 ἀτιμία,
3152 1984 3304 2038 οὐδὲν
3339 1983 3494 2053 τιμή,
3517 1980 3632 2035 ἀλλ’

2052 2074 2112 2126 ἐν
2149 2076 2324 2146 χρόνῳ
2351 2074 2544 2147 βραχεῖ
2567 2077 2661 2129 καὶ
2690 2077 2900 2147 ῥήμασι
2927 2076 3243 2148 διεστήκασι
3276 2074 3436 2146 μόνον
3464 2074 3633 2146 ἀλλή-

2053 2167 2178 2220 λων.
2203 2167 2357 2221 Meti
2383 2168 2443 2221 δέ
2469 2168 2673 2240 ταύτης
2696 2170 2790 2222 καὶ
2812 2170 2973 2242 ἐτέρα
2999 2169 3205 2242 ταύτης
3238 2167 3461 2241 μείζων,
3483 2168 3544 2222 τὸ
3563 2168 3634 2223 τά

2056 2256 2318 2327 μέλλοντα
2346 2260 2550 2313 ἐννοεῖν
2573 2262 2662 2314 καὶ
2686 2261 2831 2315 κακά
2850 2263 2945 2315 καὶ
2971 2259 3174 2331 ἀγαθά,
3205 2260 3274 2315 τὰ
3298 2260 3466 2324 δντως
3487 2260 3636 2317 κακά

2054 2350 2150 2403 καὶ
2186 2350 2356 2415 δντως
2387 2351 2602 2422 ἀγαθά,
2637 2352 2733 2405 καὶ
2772 2354 2867 2407 ἀπ’
2898 2352 3125 2407 ἐκείνων
3172 2351 3628 2424 παρακαλεῖσθαι.

2066 2441 2205 2496 Ἀλλ’
2239 2443 2428 2515 ἐπειδὴ
2463 2443 2646 2497 πολλοὶ
2682 2444 2909 2511 τούτων,
2940 2446 3076 2517 ὅπερ
3119 2444 3275 2517 ἔφην,
3308 2445 3498 2516 πόρρω
3522 2446 3640 2498 τῶν

2052 2534 2225 2604 λόγων
2280 2536 2569 2607 ἐστήκάσι,
2616 2536 2704 2591 διὰ
2731 2536 2888 2591 τοῦτο
2927 2537 3158 2601 ἐκείνοις
3204 2537 3630 2607 ἠναγκάσθημεν

2049 2628 2322 2701 διατρῖψαι
2353 2633 2467 2696 τοῖς
2504 2631 2704 2700 λόγοις,
2736 2632 2826 2687 ἴνα
2858 2632 2961 2703 ὁδῷ
2994 2632 3095 2685 καὶ
3117 2633 3211 2685 ἐπὶ
3242 2631 3465 2695 τούτους
3492 2632 3629 2699 ἀγά-

2050 2737 2235 2792 γωμεν
2262 2724 2389 2786 τοὺς
2406 2722 2877 2794 καταδεξαμένους
2898 2725 3102 2778 ἐκεῖνα.
3118 2720 3282 2776 Ταῦτ’
3302 2718 3393 2777 οῦν
3415 2724 3639 2777 ᾶπαντα

2048 2811 2416 2883 λογισάμενοι.
2440 2812 2703 2868 πάντοθεν
2720 2816 2951 2878 ἑαυτοὺς
2971 2814 3350 2886 ρυθμίσωμεν,
3371 2816 3464 2869 καὶ
3484 2814 3634 2869 οὐδέ-

2052 2923 2182 2959 ποτε
2209 2906 2304 2960 ἐπὶ
2324 2907 2433 2960 τῶν
2459 2907 2739 2979 ἀδοκήτων
2759 2908 2968 2962 τούτων
2988 2908 3320 2980 ἀλγήσομεν.
3343 2907 3477 2961 Οὐδέ
3498 2908 3638 2977 γάρ..

2052 2998 2102 3051 εί
2139 2999 2198 3051 ἐν
2229 2999 2400 3052 εικόνι
2433 2998 2720 3063 πλουσίους
2751 2999 2980 3071 ἴδοιμεν,
3006 2998 3283 3071 ζηλωτοὺς
3302 2994 3442 3054 εἶναι
3469 3000 3632 3070 φαίη·

2056 3105 2153 3159 μεν
2174 3088 2262 3149 iv,
2279 3088 2467 3159 ὥσπερ
2484 3090 2606 3145 οὐδέ
2624 3091 2753 3154 τοὺς
2776 3093 3030 3163 πτωχοὺς
3051 3091 3168 3145 ἐκεῖ
3186 3091 3630 3163 γεγραμμένους.

2049 3179 2269 3245 ἀθλίους
2303 3181 2399 3234 καὶ
2448 3180 2735 3246 ἐλεεινούς·
2773 3182 2949 3237 καίτοι
2980 3198 3044 3251 γε
3096 3183 3295 3236 ἐκεῖνοι
3344 3182 3453 3236 τῶν
3498 3181 3632 3252 παρ’

2050 3272 2185 3341 ήμῖν
2229 3271 2601 3326 πλουτούντων
2653 3274 3039 3345 μονιμώτεροι·
3076 3272 3278 3345 μᾶλλον
3322 3274 3431 3345 γὰρ
3474 3274 3534 3327 ἐν
3562 3275 3638 3345 τῇ

2051 3365 2238 3434 γραφῇ
2274 3362 2422 3433 μένει
2444 3361 2721 3427 πλούσιος,
2756 3363 2789 3435 ή
2818 3366 2876 3417 ἐν
2900 3364 3039 3435 αὐτῇ
3059 3363 3170 3419 τῶν
3195 3364 3537 3435 πραγμάτων
3561 3365 3629 3434 τῇ

2053 3456 2309 3525 φύσει.ζο
2341 3456 2444 3527 μὲν
2480 3456 2590 3529 γάρ
2614 3457 2710 3511 καὶ⁵
2728 3457 2808 3520 είς
2835 3456 2933 3527 ἐτη
2956 3456 3216 3521 πολλάκις
3240 3457 3432 3512 ἑκατὸν
3462 3456 3630 3528 ήρκε-

2054 3566 2146 3603 σεν
2173 3549 2316 3603 οὐτω
2351 3549 2698 3620 φαινόμενος,
2747 3543 2903 3614 οὗτος
2940 3551 3000 3604 δέ
3046 3551 3196 3604 ἔστιν
3240 3549 3329 3605 ὅτε
3378 3550 3503 3604 ούδέ
3550 3551 3631 3614 είς

2053 3642 2300 3698 ἐνιαυτὸν
2366 3643 2707 3715 ἐντρυφήσας
2782 3644 2897 3706 τοῖς
2946 3638 3063 3697 οῦσι
3086 3683 3101 3707 ,
3166 3644 3382 3698 πάντων
3432 3643 3629 3714 ἀθρόον

2052 3732 2367 3805 ἐγυμνώθη.
2401 3732 2567 3787 Ταῦτ’
2595 3729 2690 3788 οῦν
2719 3734 2935 3788 ἅπαντα
2964 3733 3324 3806 λογιζόμενοι,
3355 3737 3629 3807 πανταχό-

2054 3826 2146 3880 θεν
2179 3824 2600 3897 ἐπιτειχίσωμεν
2629 3825 2892 3896 εὐθυμίαν
2920 3827 3062 3881 κατὰ
3088 3832 3189 3896 τῆς
3216 3826 3502 3894 ἀλογίστου
3531 3824 3630 3883 λύ-

2052 3933 2184 3989 πης,
2202 3914 2290 3969 ἵνα
2310 3914 2405 3968 κα)¹
2428 3914 2518 3967 τὸν
2548 3913 2792 3985 παρόντα
2824 3914 2939 3985 βίον
2971 3914 3089 3984 μεθ’
3109 3916 3304 3986 ήδονῆς
3328 3915 3624 3985 διάξωμεν,

2052 4006 2284 4061 καὶτῶν
2316 4005 2616 4076 μελλόντων
2644 4003 2993 4076 ἐπιτύχωμεν
3028 4004 3272 4074 ἀγαθῶν,
3306 4004 3490 4075 χάριτι
3531 4006 3627 4060 καὶ

2054 4095 2431 4168 φιλανθρωπίᾳ
2454 4095 2549 4150 τοῦ
2580 4095 2785 4167 Κυρίου
2811 4097 2969 4166 ήμῶν
3008 4094 3183 4166 Ἰησοῦ
3216 4096 3475 4168 Χριστοῦ,
3504 4096 3623 4167 μεθ’

2053 4180 2115 4240 οὐ
2142 4185 2223 4257 τῷ
2253 4187 2429 4258 Πατρὶ
2458 4187 2576 4257 ἅμα
2620 4186 2699 4257 τῷ
2726 4184 2869 4257 ἀγίῳ
2905 4184 3181 4256 Πνεύματι
3209 4186 3355 4254 δόξα,
3397 4187 3621 4259 κράτος,

2052 4275 2206 4349 τιμὴ,
2242 4275 2339 4330 νῦν
2372 4277 2464 4330 καὶ
2492 4277 2602 4332 ἀεὶ.
2634 4276 2729 4331 καὶ
2752 4277 2833 4341 είς
2861 4277 2987 4341 τοὺς
3011 4276 3215 4341 αίῶνας
3243 4276 3352 4332 τῶν
3386 4277 3623 4336 αἰώνων.

2067 4367 2263 4439 Ἀμήν.

1724 5000 1879 5076 [362]
1901 5004 2145 5059 OMIAIA
2182 5004 2307 5060 Ae'.

381 5185 520 5241 εἴτε
557 5178 671 5239 οὖν
716 5182 854 5253 ἐγὼ,
897 5183 1019 5237 sits
1052 5182 1288 5243 ἐκεῖνοι,
1334 5181 1490 5253 οὕτω
1542 5182 1952 5252 κηρύσσομεν,

788 5253 888 5308 καὶ
915 5252 1103 5319 οὕτως
1123 5251 1547 5307 ἐπιστεύσατε.

454 5373 523 5421 α’.
556 5365 799 5438 Ἐπάρας
828 5367 955 5430 τοὺς
982 5364 1309 5429 ἀποστόλους
1334 5366 1427 5420 καὶ
1453 5364 1699 5420 καθελὼν
1736 5364 1953 5427 ἐαυτὸν,

382 5453 502 5512 εἶτα
539 5458 699 5513 πάλιν
726 5458 865 5531 ὑπὲρ
895 5457 1137 5519 ἐκείνους
1166 5456 1399 5529 ἐπάρας,
1425 5457 1514 5511 ῖνα
1545 5457 1770 5527 ἰσότητα
1791 5455 1951 5529 ἐργά-

383 5566 544 5622 σηται
576 5550 694 5621 (καὶ
728 5549 837 5621 γὰρ
880 5549 1103 5619 ἰσότητα
1141 5547 1389 5620 ἐποίησε,
1423 5548 1604 5616 δείξας
1641 5547 1832 5602 ἑαυτὸν
1860 5546 1955 5601 καὶ

385 5642 812 5697 πλεονεκτοῦντα
839 5641 932 5696 καὶ
959 5637 1495 5710 πλεονεκτούμενον).
1512 5638 1795 5709 καὶταύτῃ
1818 5636 1957 5701 ἀξιό-

387 5749 577 5789 πιστον
631 5732 822 5789 ἐαυτὸν
876 5730 1315 5797 κατασκευάσας,
1368 5730 1487 5785 οὐδέ
1532 5729 1703 5794 οὕτως
1756 5728 1957 5793 αὐτοὺς

2060 5179 2305 5249 ἀφίησιν,
2354 5176 2491 5232 ἀλλά
2517 5176 2676 5231 πάλιν
2702 5176 2896 5233 ἐαυτὸν
2923 5176 3155 5242 ἐκείνοις
3190 5177 3491 5241 συντάττει,
3530 5176 3629 5245 τὴν

2062 5271 2200 5324 κατά
2227 5269 2460 5341 Χριστὸν
2490 5268 2898 5341 ἐνδεικνύμενος
2918 5269 3190 5341 ὁμόνοιαν.
3227 5268 3302 5322 Οὐ
3330 5266 3434 5337 μὴν
3456 5264 3629 5327 οὔτως

2059 5360 2192 5416 αὐτὸ
2221 5362 2383 5423 ποιεῖ,
2415 5360 2491 5424 ὡς
2520 5360 2670 5426 δόξαι
2715 5360 3115 5432 προπρρῖφθαι
3155 5358 3357 5421 αὐτοῖς,
3391 5355 3507 5410 ἀλλ’
3550 5356 3633 5418 ὡς

2059 5453 2155 5507 καὶ
2180 5450 2341 5508 αὐτὸν
2370 5451 2429 5503 ἐν
2457 5455 2525 5523 τῇ
2550 5454 2691 5523 αὐτῇ
2719 5451 3002 5520 φαίνεσθαι
3034 5449 3204 5515 τάξει·
3246 5446 3390 5501 οὕτω
3420 5446 3529 5519 γάρ
3549 5445 3629 5517 τῷ

2062 5543 2377 5615 κηρύγματι
2411 5542 2692 5614 συμφέρον
2721 5537 2811 5614 ἦν.
2847 5543 2939 5596 Διδ
2974 5543 3069 5597 καὶ
3100 5540 3386 5613 ἀμφότερα
3424 5538 3626 5610 ὁμοίιος

2062 5634 2387 5700 ἐσπούδακε,
2416 5634 2593 5689 καὶτὸ
2628 5633 2704 5705 μὴ
2730 5634 2905 5688 δοκεῖν
2924 5631 3101 5688 αὐτῶν
3122 5630 3417 5703 ύπερορᾷν,
3450 5626 3630 5683 καὶτὸ

2067 5726 2142 5798 μὴ
2177 5724 2263 5781 διά
2295 5726 2394 5797 τήν
2426 5728 2504 5791 είς
2531 5723 2774 5790 ἐκείνους
2815 5724 2980 5797 τιμὴν
3008 5720 3435 5791 ἐξευτελίζεσθαι
3478 5718 3636 5790 παρά
