4112 6224
457 354 563 412 335

451 469 562 524 τῶν
586 465 922 538 ἀρχομένων.
963 462 1062 517 Διά
1104 462 1263 516 τοῦτο
1296 464 1389 516 καὶ
1436 463 1532 517 νῦν
1582 461 1822 530 ἐξισάζει
1864 463 2024 517 πάλιν

452 561 648 630 λέγων·
677 557 814 612 Εἴτε
836 556 948 609 οὖν
971 553 1105 622 ἐγὼ,
1130 554 1251 608 εἴτε
1279 555 1517 621 ἐκεῖνοι,
1546 555 1699 609 οὕτω
1720 557 2025 624 κηρύσσο-
2051 624 2059 646 ⁸

447 669 583 722 μεν.
617 651 751 720 Παρ¹
784 640 866 712 οὗ,
905 647 1061 715 φησὶ,
1095 645 1347 714 βούλεσθε
1379 648 1590 718 μαθεῖν,
1626 646 1849 719 μάθετε·
1873 648 2025 701 οὑδέν

451 743 779 812 διαφέρομεν
812 751 860 792 ⁸.
891 738 1006 792 Καὶ
1035 738 1138 791 οὐκ
1170 734 1345 804 εἶπεν,
1380 740 1462 792 ὅτι
1486 741 1551 793 El
1578 740 1652 811 μὴ
1688 739 1869 793 θέλετε
1903 740 2026 809 ἐμοὶ

453 831 760 901 πεισθῆναι,
792 830 1022 893 ἐκείνοις
1056 827 1338 898 πείσθητε,
1375 828 1513 884 ἀλλά
1541 829 1637 884 καὶ
1667 829 1857 882 ἑαυτὸν
1888 828 2027 893 ἀξιό-

452 937 640 975 πιστον
692 922 855 985 ποιεῖ,
907 920 1003 972 καὶ
1056 917 1180 972 καθ’
1231 919 1421 971 ἐαυτὸν
1470 920 1661 989 ἀρκεῖν
1709 936 1880 990 φησι,
1930 917 2025 971 καὶ

450 1011 691 1075 ἐκείνους
723 1010 845 1064 καθ’
875 1009 1120 1072 ἑαυτούς.
1158 1009 1324 1063 Οὐδὲν
1352 1010 1461 1080 γὰρ
1499 1012 1532 1081 ή
1576 1009 1685 1063 τῶν
1717 1008 2023 1082 προσώπων

451 1105 624 1161 ἐποίει
657 1101 911 1173 διαφορὰ,
952 1100 1059 1155 τῶν
1085 1100 1410 1171 ἀξιωμάτων
1441 1101 1572 1155 ἴσων
1605 1101 1792 1154 ὅντων.
1827 1100 1936 1153 Καὶ
1964 1102 2022 1152 ἐν

447 1199 515 1268 τῇ
544 1196 677 1267 πρὸς
704 1194 948 1257 Γαλάτας
976 1194 1033 1247 δὲ
1070 1192 1228 1248 τοῦτο
1259 1195 1422 1258 ποιεῖ,
1464 1192 1900 1265 προσλαμϐάνων
1927 1191 2022 1244 αύ-

447 1290 595 1353 τοὺς,
638 1287 736 1358 οὐχ
773 1286 847 1350 ὼς
880 1285 1150 1355 δεόμενος,
1200 1284 1313 1338 ἀλλ’
1347 1285 1537 1354 ἀρκεῖν
1582 1284 1680 1353 μὲν
1723 1282 1894 1350 λέγων
1928 1281 2022 1335 καὶ

449 1379 677 1433 ἑαυτὸν·
721 1377 881 1447 Ἐμοὶ
935 1378 1082 1446 γὰρ,
1116 1380 1304 1446 φησιν,
1358 1378 1408 1427 οἱ
1460 1374 1785 1437 δοκοῦντες
1841 1371 2022 1426 οὐδὲν

447 1468 910 1540 προσανέθεντο·
951 1468 1090 1539 πλὴν
1130 1466 1263 1520 ἀλλά
1307 1467 1402 1519 καὶ
1438 1464 1582 1518 οὑτω
1626 1464 1806 1518 διώκω
1838 1463 2020 1517 αὑτῶν

444 1563 544 1635 τὴν
576 1561 850 1632 ὁμόνοιαν·
887 1560 1095 1625 Δεξιὰς
1141 1559 1250 1629 γάρ
1304 1556 1537 1611 ἔδωκάν
1578 1575 1699 1626 μοι,
1736 1556 1920 1629 φησίν.
1957 1557 2020 1609 Et

447 1655 556 1727 γὰρ
588 1651 811 1723 ἔμελλεν
863 1650 948 1703 ἀεὶ
998 1648 1058 1702 τὺ
1089 1649 1398 1715 ἀξιόπιστον
1451 1648 1663 1701 Παύλου
1711 1649 1768 1700 ἐν
1813 1646 2020 1718 ἑτέροις

447 1743 585 1799 εἶναι
636 1744 729 1797 καὶ
779 1744 845 1814 τῇ
898 1742 1025 1812 παρ’
1054 1741 1256 1811 ἐτέρων
1309 1738 1581 1810 μαρτυρίᾳ
1634 1739 2017 1809 βεϐαιοῦσθαι,

450 1835 617 1906 μυρία
653 1833 719 1886 ἂν
749 1830 1056 1901 ἐϐλάϐησαν
1088 1828 1337 1882 ἐντεῦθεν
1364 1830 1412 1882 οί
1447 1828 1705 1900 μαθηταί.
1739 1829 1812 1882 Ού
1842 1831 2019 1883 τοίνυν

447 1924 637 1977 ἐαυτὸν
667 1920 909 1990 ἐπαίρων
941 1918 1096 1971 τοῦτο
1129 1920 1303 1983 ποιεῖ,
1331 1917 1444 1970 ἀλλ’
1475 1917 1617 1989 ὑπὲρ
1645 1917 1740 1971 τοῦ
1771 1919 2018 1988 Εὑαγγε-

446 2015 561 2068 λίου
583 2009 856 2073 δεδοικώς.
883 2010 976 2062 Διὸ
1005 2009 1099 2063 καὶ
1128 2007 1363 2062 ἐνταῦθά
1392 2025 1575 2080 φησιν,
1604 2007 1868 2075 ἐξισάζων
1894 2013 2019 2064 ἐαυ-

444 2105 556 2160 τόν·
590 2104 727 2159 Εἴτε
777 2097 890 2157 οὖν
938 2100 1073 2171 ἐγὼ,
1106 2100 1226 2154 εῑτε
1256 2099 1495 2166 ἐκεῖνοι,
1537 2100 1692 2154 οὕτω
1721 2103 2021 2170 κηρύσσο-

440 2212 576 2265 μεν.
608 2194 804 2258 Καλῶς
842 2189 995 2255 εἷπε,
1041 2193 1462 2262 Κηρύσσομεν,
1507 2191 1605 2262 τὴν
1639 2193 1839 2265 πολλὴν
1875 2195 2018 2265 παῤ-

448 2286 643 2360 ρησίαν
676 2283 1103 2354 ἐνδεικνύμενος.
1139 2283 1213 2336 Οὑ
1245 2283 1355 2355 γὰρ
1383 2282 1558 2355 λάθρα
1590 2283 1712 2337 οὑδέ
1748 2286 1808 2337 ἐν
1842 2301 2021 2356 παρα-

445 2375 646 2447 ϐύστῳ,
676 2374 813 2430 ἀλλὰ
832 2374 1129 2442 σάλπιγγος
1152 2374 1536 2445 λαμπροτέραν
1559 2374 1790 2446 ἀφίεμεν
1813 2377 2016 2446 φωνήν.

445 2469 556 2523 Καὶ
581 2469 681 2521 οὑκ
721 2462 895 2529 εἶπεν,
936 2464 1336 2537 Ἐκηρύξαμεν,
1391 2465 1527 2519 ἀλλά
1575 2466 1670 2519 καὶ
1715 2466 1809 2520 νῦν
1859 2466 2021 2519 Οὕτω

445 2561 830 2631 κηρύττομεν.
883 2557 993 2613 Καὶ
1050 2556 1240 2622 οὕτως
1284 2556 1700 2612 ἐπιστεύσατε.
1759 2558 2021 2613 Ἐνταῦθα

445 2652 547 2705 οὐκ
581 2647 724 2714 εἷπε,
755 2646 1069 2713 Πιστεύετε,
1104 2646 1241 2713 ἀλλ’,
1291 2646 1749 2701 Ἐπιστεύσατε.
1797 2646 2020 2719 Ἐπειδὴ

446 2737 780 2804 ἐσαλεύοντο,
809 2736 898 2789 διὰ
927 2735 1086 2789 τοῦτο
1112 2735 1206 2788 ἐπὶ
1236 2736 1362 2796 τοὺς
1391 2736 1504 2791 ἀνω
1540 2737 1768 2808 χρόνους
1794 2738 2022 2809 ἀνέδρα-

450 2845 540 2902 με,
563 2829 656 2882 καὶ
689 2829 788 2898 τὴν
831 2828 959 2897 παρ’
1003 2826 1182 2880 αὑτῶν
1211 2826 1434 2880 ἐκείνων
1479 2827 1668 2881 λοιπὸν
1717 2830 2021 2901 μαρτυρίαν

448 2920 824 2992 προστίθησιν.
872 2920 940 2972 El
981 2916 1049 2970 δὲ
1080 2916 1334 2986 Χριστὸς
1379 2919 1780 2985 κηρύσσεται,
1830 2919 1918 2973 ὅτι
1952 2921 2022 2974 ἐκ

443 3009 674 3081 νεκρῶν
703 3009 1031 3080 ἐγήγερται,
1060 3009 1187 3073 πῶς
1219 3010 1513 3079 λέγουσιν
1556 3011 1811 3081 ἐνὺμῖν
1838 3029 2022 3078 τινες.

445 3097 535 3153 ὅτι
553 3097 889 3163 ἀνάστασις
908 3095 1135 3165 νεκρῶν
1154 3098 1264 3151 οὐκ
1286 3096 1491 3162 ἓστιν;
1515 3098 1678 3170 Ὁρᾷς
1694 3100 1811 3164 πῶς
1827 3101 2024 3172 ἄριστα

446 3188 840 3258 συλλογίζεται,
876 3188 972 3241 καὶ
1003 3187 1353 3249 ἀποδείκνυσι
1384 3187 1484 3258 τὴν
1513 3189 1811 3243 ἀνάστασιν
1840 3193 1905 3244 ἐκ
1926 3190 2021 3244 τοῦ
2052 3224 2060 3233 ο

444 3283 536 3337 τὸν
564 3281 799 3354 Χριστὸν
829 3278 1152 3351 ἐγηγέρθαι,
1179 3278 1447 3350 πρότερον
1475 3281 1654 3334 ἐκεῖνο
1685 3281 2017 3353 πολλαχόθεν

446 3373 902 3437 κατασκευάσας;
947 3370 1056 3424 Καὶ
1089 3369 1198 3441 γάρ
1226 3373 1275 3425 οἱ
1318 3371 1595 3441 προφῆται
1637 3368 1791 3426 εἷπον
1840 3373 2019 3439 τοῦτο,

448 3465 604 3535 φησὶ,
634 3464 728 3518 καὶ
755 3462 917 3526 αὐτὸς
946 3459 1114 3526 ἔδειξε
1143 3462 1231 3515 διὰ
1268 3464 1367 3532 τῆς
1395 3462 1589 3532 ὂψεως,
1621 3465 1715 3518 καὶ
1743 3467 1906 3535 ἡμεῖς
1932 3484 2027 3538 κη-

451 3554 740 3627 ρύσσομεν,
792 3554 885 3607 καὶ
926 3554 1084 3624 ὑμεῖς
1124 3554 1483 3612 ἐπιστεύσατε
1508 3597 1522 3620 ,
1583 3557 1896 3628 τετραπλῆν
1925 3560 2025 3629 τὴν

452 3645 759 3718 μαρτυρίαν
776 3643 924 3717 [565]
953 3645 1190 3708 πλέκων,
1216 3646 1314 3718 τὴν
1344 3646 1562 3700 διάέτῶν
1591 3649 1904 3719 προφητῶν,
1927 3649 2025 3720 τὴν

448 3736 537 3791 διὰ
565 3737 666 3807 τῆς
687 3735 796 3788 τῶν
823 3737 1164 3806 πραγμάτων
1188 3738 1487 3802 ἐκϐάσεως,
1515 3739 1614 3811 τὴν
1635 3739 1722 3794 διὰ
1750 3739 1858 3795 τῶν
1885 3744 2023 3797 ἀπο-

451 3825 676 3891 στόλων,
709 3825 808 3897 τὴν
832 3825 922 3879 διὰ
949 3825 1060 3881 τῶν
1086 3828 1364 3900 μαθητῶν·
1404 3829 1602 3899 μᾶλλον
1624 3831 1681 3884 δέ
1708 3833 1804 3886 καὶ
1830 3848 2027 3886 πεντα-

450 3918 610 3990 πλῆν.
642 3918 752 3972 Καὶ
775 3918 884 3991 γάρ
907 3919 1000 3973 καὶ
1025 3919 1165 3990 αῦτη
1180 3922 1213 3990 ἡ
1238 3918 1387 3974 αἰτία
1408 3920 1647 3974 δείκνυσι
1668 3922 1768 3992 τὴν
1788 3923 2024 3976 ἀνάστα-

452 4024 559 4076 σιν,
614 4009 674 4064 τὺ
721 4008 864 4082 ὑπὲρ
910 4010 1205 4083 ἀλλοτρίων
1261 4012 1545 4083 ἁμαρτιῶν
1595 4013 1905 4070 ἀποθανεῖν.
1963 4017 2025 4069 ΕΞ

449 4102 628 4156 τοίνυν
656 4101 815 4155 τοῦτο
844 4102 1245 4169 ἀποδέδεικται,
1272 4102 1491 4174 εύδηλον
1522 4104 1604 4157 ὅτι
1634 4105 1730 4159 καὶ
1756 4106 1818 4159 τὸ
1838 4107 2026 4179 ἕτερον

449 4191 663 4257 ἕπεται,
689 4192 753 4246 τὸ
778 4194 871 4246 καὶ
908 4196 1033 4258 τοῦς
1068 4194 1289 4259 λοιποὺς
1328 4193 1638 4266 ἐγείρεσθαι
1664 4197 1912 4269 νεκρούς.
1935 4199 2028 4253 Διὸ

451 4285 546 4338 καὶ
593 4284 668 4348 ὡς
719 4283 809 4338 ἐπὶ
856 4284 1287 4357 ὁμολογουμένου
1320 4286 1540 4355 ἐγκαλεῖ
1581 4290 1676 4342 καὶ
1721 4284 2022 4362 ἐπαπορεῖ,

449 4372 642 4444 λέγων·
688 4377 757 4428 El
800 4374 869 4429 δὲ
911 4377 1165 4444 Χριστὸς
1205 4376 1537 4447 ἐγήγερται,
1589 4379 1715 4447 πῶς
1772 4382 2027 4453 λέγουσι

448 4484 610 4533 τινες
641 4466 711 4520 ἐν
736 4467 902 4536 ὑμῖν,
932 4466 1020 4521 ὅτι
1063 4465 1403 4536 ἀνάστασις
1444 4470 1672 4540 νεκρῶν
1713 4474 1825 4526 οὐκ
1851 4473 2026 4536 Evn;

453 4559 547 4612 καὶ
572 4557 743 4632 ταύτῃ
784 4558 942 4613 πάλιν
976 4561 1412 4632 ὑποτεμνόμενος
1441 4563 1540 4633 τὴν
1575 4563 1888 4635 θρασύτητα
1918 4568 2026 4619 τῶν

453 4650 860 4720 ἀντιλεγόντων.
894 4650 966 4702 Οὑ
994 4650 1102 4722 γάρ
1135 4644 1280 4716 εἶπε,
1312 4652 1436 4716 Πῶς
1460 4654 1645 4722 λέγετε
1669 4657 1845 4726 ὑμεῖς,
1869 4656 2024 4723 ἀλλά,

454 4739 586 4808 Πῶς
600 4740 852 4811 λέγουσι
871 4757 1027 4807 τινες
1057 4742 1127 4795 ἐν
1147 4742 1307 4811 ὑμῖν·
1337 4743 1430 4796 καὶ
1455 4743 1578 4796 οὗτε
1605 4747 1825 4799 πάντων
1857 4749 2028 4800 ποιεῖ-

452 4850 543 4886 ται
571 4834 669 4905 τὴν
691 4835 1042 4906 κατηγορίαν,
1080 4833 1205 4889 ούτε
1234 4836 1431 4900 αὑτοὺς
1461 4835 1700 4901 τούτους,
1728 4837 1823 4902 οὒς
1853 4841 2027 4893 αἰτιᾶ-

454 4940 566 4988 ται,
600 4925 792 4994 δήλους
819 4926 1159 4999 καθίστησιν,
1191 4928 1329 4983 ὥστε
1363 4929 1436 5001 μὴ
1485 4930 1704 5000 ποιῆσαι
1734 4930 2028 5001 ἀναισχυν-

455 5012 730 5084 τοτέρους,
755 5015 864 5067 οὐδ’
888 5011 954 5067 αὖ
983 5017 1143 5070 πάλιν
1166 5016 1580 5089 ἀποκρύπτεται
1613 5015 1863 5081 καθόλου,
1886 5017 2028 5073 ὥστε

458 5103 656 5165 αὐτοὺς
682 5102 992 5173 διορθῶσαι.
1016 5107 1115 5158 Διά
1135 5107 1199 5178 δὴ
1218 5109 1375 5161 τοῦτο
1405 5112 1498 5162 καὶ
1517 5110 1815 5181 ἀποσχίσας
1833 5111 2030 5174 αὐτοὺς

457 5191 553 5247 τοῦ
598 5186 870 5263 πλήθουξο
928 5193 1063 5264 πρδς
1119 5196 1315 5259 αὐτοὺς
1370 5198 1683 5261 ἀποδύεται,
1741 5199 1910 5272 ταύτῃ
1968 5218 2029 5253 τε

458 5280 880 5355 ἀσθενεστέρους
913 5282 1081 5335 ποιῶν
1125 5282 1220 5335 καί
1272 5284 1699 5355 καταπλήττων,
1753 5290 1847 5342 καὶ
1900 5289 2030 5349 τοὺς

455 5372 651 5439 ἀλλους
675 5375 734 5429 ἐν
769 5376 883 5438 τοῖς
926 5374 1061 5450 πρὸς
1108 5373 1328 5439 τούτους
1363 5375 1539 5445 ἀγῶσι
1571 5379 1814 5450 κατέχων
1845 5380 2027 5449 ἀσφα-

455 5465 707 5539 λέστερον
748 5468 842 5521 ἐπὶ
882 5463 982 5534 τῆς
1026 5466 1304 5539 ἀληθείας,
1340 5467 1435 5521 καὶ
1461 5469 1560 5522 οὑκ
1586 5470 1747 5538 ἀφεὶς
1798 5469 2030 5533 αὑτομο·

519 5640 548 5670 ⁸
567 5640 717 5706 δίῃ-ε.
742 5641 915 5706 Savil.,
931 5642 1401 5706 §_mqa¢pgpm,_qu_am
1422 5641 1689 5706 Lectionem
1716 5641 1900 5692 mavult
1926 5643 2030 5691 An-

457 5699 603 5812 ιὲιιξιεέ
628 5699 908 5753 Dinausin
931 5699 1382 5753 Nolis'Saviliinis.
1429 5703 1558 5753 Puto
1605 5712 1861 5764 utramqne
1904 5715 2030 5763 qua-

1127 346 1184 401 S.
1226 343 1515 402 JOANNIS
1553 339 2048 400 CHRYSOSTOHI
2086 341 2408 402 ARCHIEP.
2451 345 2998 404 CONSTANTINOP.

3593 348 3698 403 53¢

2132 461 2290 533 λῆσαι
2328 463 2465 532 πρὸς
2508 467 2634 529 τοῦς
2670 466 3001 537 διαφθείρειν
3042 466 3239 530 αὐτοὺς
3273 463 3690 527 ἐσπουδακότας.

2133 555 2240 607 Καὶ
2266 555 2373 626 γάρ
2408 558 2791 628 καταφορικῶς
2817 558 3259 630 παρεσκεύασται
3291 557 3598 629 χρήσασθαι
3626 557 3696 627 τῷ

2131 646 2294 716 λόγῳ.
2333 642 2465 700 Εἶτα
2495 648 2582 701 ῖνα
2614 648 2689 719 μὴ
2715 649 2970 718 λέγωσιν,
2994 653 3075 705 ὅτι
3100 649 3259 703 τοῦτο
3290 649 3388 721 μὲν
3420 649 3587 716 σαφὲς
3610 648 3698 700 καὶ

2129 736 2287 806 δῆλον
2321 735 2511 803 ἅπασι,
2556 738 2618 791 τὸ
2656 739 2746 792 τὸν
2776 741 3010 810 Χριστὸν
3040 740 3360 812 ἐγηγέρθαι,
3402 729 3498 793 κει).
3529 738 3698 801 οὐδεὶς

2131 827 2482 896 ἀμφιϐάλλει·
2513 829 2573 882 οὐ
2613 830 2719 901 μὴν
2749 830 2905 884 τοῦτο
2939 831 3031 885 καὶ
3059 832 3120 884 τὸ
3148 833 3334 902 ἕτερον
3367 827 3698 897 συναναγκά-

2131 918 2235 981 ζει,
2268 916 2364 989 τὴν
2395 918 2501 971 τῶν
2534 919 2839 988 ἀνθρώπων
2885 921 3200 974 ἀνάστασιν·
3241 921 3302 973 τδ
3339 921 3438 989 μὲν
3471 921 3580 989 γάρ
3605 918 3699 971 καὶ

2132 1010 2559 1081 προανεφωνήθη
2596 1010 2690 1065 καὶ
2734 1011 2895 1081 ἐξέϐη
2947 1014 3040 1066 καὶ
3077 1011 3431 1085 ἐμαρτυρήθη
3478 1010 3565 1062 διὰ
3600 1009 3700 1079 τῆς

2128 1097 2322 1167 ὅψεως,
2357 1099 2420 1152 τὸ
2466 1101 2565 1171 τῆς
2597 1101 2691 1153 τοῦ
2743 1103 2979 1173 Χριστοῦ
3012 1104 3361 1165 ἀναστάσεως
3385 1117 3399 1130 ⁸
3439 1101 3500 1155 τὸ
3530 1100 3587 1154 δὲ
3621 1101 3700 1155 ἔτι

2129 1194 2188 1245 ἐν
2216 1191 2428 1244 ἐλπίσιν
2450 1193 2586 1259 ἐστὶ,
2612 1193 2673 1245 τὸ
2688 1193 2977 1265 ἡμέτερον·
3007 1195 3108 1265 ὅρα
3129 1195 3181 1247 τί
3202 1197 3363 1248 ποιεῖ·
3388 1195 3452 1246 ἐκ
3471 1193 3698 1263 θατέρου

2133 1279 2334 1350 μέρους
2361 1281 2521 1335 πάλιν
2544 1281 2677 1334 αὐτὸ
2699 1284 3122 1348 κατασκευάζει,
3155 1285 3292 1355 ὅπερ
3318 1283 3519 1353 πολλῆς
3543 1282 3699 1337 δυνά-

2131 1387 2278 1439 μεως
2308 1367 2396 1442 ἦν.
2426 1372 2491 1424 Τί
2517 1373 2626 1443 γὰρ
2664 1372 2905 1442 λέγουσι,
2953 1376 3104 1445 φησι,
3138 1376 3302 1439 τινὲς,
3337 1375 3420 1428 ὃτι
3448 1375 3548 1427 οὑκ
3581 1373 3698 1426 ἐστι

2128 1462 2338 1534 νεκρῶν
2373 1464 2669 1530 ἀνάστασις
2694 1484 2708 1531 ;
2739 1467 2935 1521 ούκοῦν
2966 1468 3061 1520 καὶ
3092 1468 3269 1520 ἐκεῖνο
3298 1465 3456 1521 πάλιν
3485 1466 3549 1518 ἐκ
3575 1463 3698 1517 τούο

2127 1573 2221 1610 του
2248 1559 2538 1630 ἀνῄρηται,
2588 1561 2649 1613 τὸ
2681 1561 2772 1613 τὸν
2824 1560 3059 1632 Χριστὸν
3105 1558 3425 1629 ἐγηγέρθαι.
3474 1557 3566 1610 Διὸ
3602 1557 3698 1610 καὶ

2128 1649 2324 1718 ἐπάγει
2354 1650 2546 1719 λέγων·
2572 1655 2639 1705 El
2659 1652 2727 1706 δὲ
2756 1653 3094 1717 ἀνάστασις
3123 1650 3353 1720 νεκρῶν
3374 1652 3485 1705 οὐκ
3506 1650 3697 1710 ἐστιν,

2127 1742 2272 1796 οὐδὲ
2298 1744 2551 1811 Χριστὸς
2580 1743 2907 1815 ἐγήγερται.
2958 1741 3110 1806 Εἶδες
3151 1744 3249 1814 τὴν
3286 1742 3426 1812 βίαν,
3472 1744 3568 1795 καὶ
3602 1745 3700 1815 τὴν

2128 1830 2463 1899 φιλονεικίαν
2512 1832 2724 1886 Παύλου
2776 1832 2874 1903 τὴν
2906 1833 3139 1903 ἄμαχον.
3194 1832 3311 1893 πῶς
3353 1832 3454 1885 οὐκ
3494 1833 3557 1885 ἐκ
3604 1833 3699 1887 τοῦ

2126 1921 2288 1991 δήλου
2323 1922 2484 1993 μόνου
2523 1924 2584 1975 τδ
2625 1923 3116 1994 ἀμφιϐαλλόμενον,
3173 1922 3309 1976 ἀλλὰ
3363 1924 3456 1976 καὶ
3504 1926 3568 1976 ἐκ
3605 1922 3700 1977 τοῦ

2128 2015 2609 2085 ἀμφιϐαλλομένου
2636 2018 2749 2080 τοῖς
2782 2017 3125 2084 ἀντιλέγουσι
3152 2016 3291 2078 τέως
3319 2016 3497 2069 ἐκεῖνο
3521 2014 3584 2068 τὺ
3610 2016 3699 2086 δῆ-

2127 2107 2217 2161 λον
2246 2109 2503 2178 πειρᾶται
2542 2108 2956 2173 ἀποδεικνύναι;
2991 2107 3093 2160 οὑκ
3140 2107 3327 2176 ἐπειδὴ
3376 2107 3546 2159 ἐδεῖτο
3574 2107 3701 2160 ἀπο-

2127 2198 2344 2264 δείξεως
2396 2201 2457 2252 τὸ
2505 2200 2605 2271 ἤδη
2645 2199 3041 2271 γεγενημένον,
3080 2199 3196 2251 ἀλλ’
3232 2199 3319 2252 ἵνα
3363 2196 3511 2268 δείξῃ
3544 2196 3701 2250 τοῦτο

2127 2287 2329 2358 ὁμοίως
2360 2287 2555 2360 ἐκείνῳ
2584 2288 2776 2341 πιστὸν
2808 2288 2887 2341 ὅν.

2202 2427 2265 2497 β’.
2287 2427 2396 2482 Καὶ
2418 2427 2548 2482 ποία
2574 2426 2714 2498 αῦτη
2742 2428 3051 2493 ἀκολουθία,
3074 2427 3208 2498 φησί
3227 2445 3242 2494 ;
3262 2428 3336 2482 Τὸ
3361 2426 3456 2497 μὲν
3480 2425 3583 2495 γὰρ
3608 2423 3700 2477 τοῦ

2128 2509 2366 2581 Χριστοῦ
2418 2509 2493 2581 μὴ
2549 2511 2888 2581 ὲγερθέντος,
2942 2511 3079 2582 μηδέ
3126 2511 3318 2573 ἄλλους
3369 2504 3699 2578 ἐγείρεσθαι,

2128 2593 2437 2648 ἀκόλουθον·
2472 2594 2533 2647 τὺ
2568 2594 2624 2647 δὲ
2658 2597 2705 2648 εί
2730 2595 2876 2649 ἄλλοι
2916 2596 2992 2666 μὴ
3026 2594 3320 2665 ἐγερθεῖεν,
3355 2592 3489 2663 μηδὲ
3513 2591 3702 2644 τοῦτον

2129 2677 2446 2748 ἐγηγέρθαι,
2480 2676 2597 2740 πῶς
2621 2676 2686 2730 ἂν
2717 2676 2828 2747 ἔχοι
2855 2678 3010 2745 λόγον
3042 2679 3197 2742 τινά;
3242 2675 3396 2729 Ἐπεὶ
3427 2670 3520 2728 οὖν
3544 2672 3703 2726 τοῦτο

2128 2763 2187 2814 ού
2226 2761 2429 2832 σφόδρα
2481 2760 2655 2813 ἐδόκει
2684 2760 2843 2829 λόγον
2895 2760 3058 2832 ἔχειν,
3111 2762 3213 2833 ὅρα
3264 2759 3379 2823 πῶς
3413 2757 3700 2828 ἐργάζεται

2129 2844 2260 2897 αὑτὸ
2285 2844 2550 2913 σφοδρῶς,
2572 2844 2777 2898 ἀνωθεν
2804 2844 2873 2897 τὰ
2896 2846 3189 2916 σπέρματα
3215 2841 3698 2914 προκαταϐάλλων,

2130 2924 2281 2997 [564]
2311 2927 2405 2979 ἀπ’
2448 2926 2621 2995 αὐτῆς
2671 2926 2764 2979 τοῦ
2817 2925 3174 2998 κηρύγματος
3220 2926 3321 2995 τῆς
3370 2924 3699 2987 ὑποθέσεως,

2128 3004 2239 3062 οἷον
2268 3010 2352 3061 ὅτι
2384 3008 2523 3079 ὑπὲρ
2556 3009 2664 3062 τῶν
2706 3009 2993 3079 ἁμαρτιῶν
3035 3009 3191 3078 ἡμῶν
3244 3006 3531 3061 ἀποθανὼν
3575 3007 3707 3075 ἐγή-

2130 3108 2343 3161 γερται,
2379 3093 2475 3146 καὶ
2514 3092 2597 3145 ὃτι
2632 3092 2856 3164 ἀπαρχὴ
2907 3092 3017 3145 τῶν
3068 3092 3487 3163 κεκοιμημένων
3534 3089 3700 3143 ἐστίν.

2144 3175 2207 3227 Ἠ
2232 3175 2341 3247 γάρ
2366 3174 2590 3245 ἀπαρχὴ
2640 3173 2788 3239 τίνος
2832 3174 2898 3228 ἂν
2933 3175 3016 3246 εἴη
3072 3175 3317 3244 ἀπαρχὴ,
3374 3174 3424 3226 εί
3476 3173 3550 3244 μὴ
3595 3173 3705 3228 τῶν

2133 3257 2531 3329 ἐγειρομένων;
2569 3256 2686 3319 πῶς
2723 3256 2767 3310 δ’
2802 3256 2867 3310 ἂν
2898 3257 2984 3327 εἴη
3011 3258 3252 3328 ἀπαρχὴ.
3281 3257 3379 3309 οὐκ
3419 3254 3707 3325 ἐγειρομέ-

2133 3359 2238 3396 νων
2271 3341 2497 3396 ἐκείνων
2525 3335 2599 3397 ὧν
2645 3344 2792 3395 ἐστιν
2832 3343 3090 3414 ἀπαρχή;
3128 3341 3245 3405 πῶς
3287 3337 3379 3394 οὖν
3412 3342 3513 3394 οὑκ
3559 3338 3707 3408 ἐγεί-

2135 3441 2355 3496 ρονται;
2387 3426 2436 3478 εί
2464 3424 2520 3477 δὲ
2565 3424 2665 3477 οὑκ
2710 3425 3036 3495 ἐγείρονται,
3068 3424 3156 3477 διὰ
3184 3425 3235 3477 τί
3276 3423 3486 3493 ἠγέρθη
3522 3424 3549 3475 ὁ
3580 3424 3709 3493 Χρι-

2134 3506 2291 3573 στός;
2320 3507 2407 3560 διὰ
2449 3506 2503 3559 τί
2542 3501 2709 3577 ἦλθες
2740 3507 2827 3561 διὰ
2875 3507 2928 3560 τί
2982 3508 3160 3578 σάρκα
3216 3504 3494 3564 ἀνέλαϐεν,
3529 3507 3577 3557 εἰ
3626 3504 3706 3574 μὴ

2133 3589 2356 3660 ἔμελλεν
2380 3591 2706 3659 ἀναστήσειν
2734 3589 2943 3660 σάρκα;
2968 3591 3026 3640 οὑ
3053 3590 3121 3658 γά
3129 3607 3160 3659 ρ
3182 3590 3351 3642 ἐδεῖτο
3370 3587 3545 3648 αὐτὸς,
3570 3586 3705 3640 ἀλλά

2132 3674 2199 3728 δι’
2229 3675 2398 3745 ἡμᾶς.
2440 3671 2600 3725 Ἀλλά
2630 3671 2802 3725 ταῦτα
2836 3673 2934 3741 μὲν
2975 3671 3199 3743 ὓστερον
3244 3671 3424 3742 τίθησι
3474 3669 3703 3739 προῖὼν,

2132 3757 2270 3820 τέως
2319 3755 2378 3808 δέ
2424 3771 2610 3826 φησιν·
2635 3758 2706 3810 El
2758 3756 2958 3824 νεκροί
3015 3757 3126 3810 οὐκ
3176 3756 3525 3825 ἐγείρονται,
3565 3752 3709 3807 οὐδὲ

2133 3838 2387 3908 Χριστὸς
2417 3839 2746 3908 ἐγήγερται·
2779 3840 2852 3901 ὼς
2885 3837 3092 3892 ἐκείνου
3122 3837 3297 3908 τούτῳ
3339 3837 3704 3907 συνημμένου·

2134 3925 2183 3976 εί
2216 3924 2325 3994 γὰρ
2359 3922 2436 3994 μὴ
2466 3922 2690 3993 έμελλεν
2718 3923 3058 3988 ἀνίστασθαι,
3083 3922 3192 3976 οὐδ’
3223 3925 3289 3977 ἂν
3315 3925 3496 3977 ἐκεῖνο
3522 3922 3708 3992 ἐποίηο

2136 4024 2249 4061 σεν.
2275 4003 2428 4070 Εῐδες
2454 4006 2597 4061 κατὰ
2631 4006 2826 4077 μικρὸν
2848 4007 2975 4077 ὃλην
3006 4006 3105 4079 τὴν
3142 4007 3456 4077 οἰκονομίαν
3482 4007 3711 4076 ἀνατρε-

2135 4090 2378 4162 πομένην
2405 4092 2470 4144 ἐκ
2497 4091 2606 4144 τῶν
2637 4090 2862 4144 ἐκείνων
2896 4090 3157 4160 ῥημάτων
3188 4090 3282 4144 καὶ
3325 4090 3425 4160 τῆς
3456 4090 3586 4158 περὶ
3608 4088 3707 4158 τὴν

2134 4175 2430 4230 ἀνάστασιν
2484 4174 2778 4240 ἀπιστίας;
2826 4174 2987 4228 ’Δλλά
3037 4174 3176 4237 τέως
3222 4174 3380 4228 οὐδὲν
3427 4175 3556 4244 περὶ
3608 4175 3708 4243 τῆς

2138 4254 2466 4326 σαρκώσεως
2511 4257 2684 4325 λέγει,
2728 4255 2865 4310 ἀλλά
2915 4257 3044 4327 περὶ
3093 4256 3191 4327 τῆς
3225 4257 3595 4319 ἀναστάσεως.
3627 4255 3706 4308 Ού

2135 4340 2245 4412 γὰρ
2264 4339 2325 4393 τὸ
2358 4339 2726 4411 σαρκωθῆναι,
2765 4337 2903 4392 ἀλλά
2934 4339 2993 4393 τὸ
3022 4339 3315 4393 ἀποθανεῖν
3350 4338 3440 4392 τὸν
3476 4336 3707 4390 θάνατον

2134 4422 2346 4476 ἔλυσεν·
2381 4424 2502 4477 ἐπεὶ
2547 4423 2724 4492 σάρκα
2768 4421 3003 4492 ἔχοντος,
3035 4422 3118 4475 ἐτι
3149 4422 3370 4491 ἐκράτει
3395 4424 3428 4491 ἡ
3456 4419 3707 4492 τυραννὶς

2135 4506 2167 4574 ἡ
2208 4505 2438 4558 ἐκείνου.
2474 4506 2544 4557 El
2589 4503 2658 4557 δὲ
2704 4504 2958 4572 Χριστὸς
3001 4507 3112 4559 οὐκ
3155 4504 3487 4575 ἐγήγερται,
3528 4500 3708 4556 κενὸν

2134 4587 2249 4655 ἄρα
2305 4586 2373 4640 τὸ
2431 4588 2708 4656 κήρυγμα
2739 4587 2925 4657 ἡμῶν.
2987 4589 3177 4642 Καίτοι
3216 4605 3279 4656 γε
3313 4584 3603 4640 ἀκόλουθον
3638 4580 3706 4653 ἦν

2136 4672 2327 4723 εἰπεῖν·
2365 4670 2430 4723 El
2458 4669 2516 4723 δέ
2541 4671 2777 4742 Χριστὸς
2817 4671 2917 4724 ούκ
2959 4672 3274 4742 ἐγήγερται,
3309 4673 3423 4733 τοῖς
3454 4670 3707 4738 φανεροῖς

2139 4752 2377 4824 μάχεσθε
2412 4756 2507 4806 καὶ
2552 4756 2858 4825 προφήταις
2912 4756 3186 4817 τοσούτοις
3230 4754 3322 4808 καὶ
3370 4752 3708 4823 πραγμάτων

2137 4837 2384 4909 ἀληθείᾳ·
2418 4836 2554 4891 ἀλλά
2582 4837 2642 4891 τὸ
2671 4837 2852 4908 πολλῷ
2885 4837 3260 4909 φοϐερώτερον
3292 4837 3473 4899 αὑτοῖς
3504 4835 3705 4904 τίθησι·

2139 4920 2331 4974 Κενὸν
2371 4919 2487 4987 ἄρα
2522 4919 2589 4973 τὸ
2626 4922 2899 4990 κήρυγμα
2953 4920 3142 4989 ἡμῶν,
3207 4918 3353 4986 κενὴ
3400 4915 3469 4972 δὲ
3517 4917 3614 4971 καὶ
3668 4918 3707 4983 ἡ

2137 5004 2344 5069 πίστις
2374 5001 2561 5072 ὑμῶν.
2603 5004 2940 5056 Κατασεῖσαι
2972 5005 3079 5075 γὰρ
3125 5003 3304 5057 αὐτῶν
3341 5002 3438 5072 τὴν
3470 5000 3709 5054 διάνοιαν

2141 5086 2409 5156 βούλεται.
2436 5086 2508 5139 Τὸ
2531 5087 2640 5139 πᾶν
2672 5086 3061 5157 ἀπωλέσαμεν,
3095 5089 3278 5156 φησὶν,
3319 5086 3534 5140 ἅπαντα
3566 5083 3705 5152 οἴχεο

2138 5188 2248 5236 ται,
2280 5172 2330 5222 εί
2375 5171 2449 5239 μὴ
2502 5169 2728 5240 ἠγέρθη.
2765 5165 2917 5232 Εἶδες
2968 5171 3088 5224 ὅσον
3138 5169 3240 5240 τῆς
3290 5169 3599 5239 οἰκονομίας
3650 5166 3711 5219 τὸ

2142 5260 2469 5329 μυστήριονς
2503 5260 2565 5312 Εἰ
2588 5258 2696 5329 γὰρ
2715 5259 3001 5313 ἀποθανὼν
3023 5262 3122 5314 οὑκ
3148 5262 3368 5330 ἴσχυσεν
3392 5258 3708 5326 ἀναστῆναι,

2138 5340 2262 5393 οὔτε
2298 5344 2331 5411 ἡ
2362 5342 2604 5412 ἁμαρτία
2638 5343 2874 5409 λέλυται,
2906 5343 3029 5397 οὕτε
3060 5348 3088 5399 ὁ
3117 5346 3345 5408 θάνατος
3378 5342 3708 5414 καθῄρηται,

2139 5423 2259 5478 οὔτε
2316 5426 2349 5494 ἡ
2403 5427 2618 5495 κατάρα
2672 5426 2962 5498 ἀνῄρηται,
2999 5429 3093 5483 καὶ
3134 5430 3233 5499 οὑχ
3259 5430 3423 5498 ἡμεῖς
3453 5425 3510 5478 δέ
3552 5424 3709 5496 μόνον

2140 5507 2274 5562 κενά
2306 5508 2675 5580 ἐκηρύξαμεν,
2706 5511 2843 5564 ἀλλά
2872 5513 2966 5565 καὶ
2997 5512 3154 5582 ὑμεῖς
3175 5511 3310 5565 κενά
3330 5507 3710 5564 ἐπιστεύσατε.

2143 5591 2249 5644 Καὶ
2277 5591 2336 5642 οὑ
2360 5590 2534 5663 ταύτῃ
2561 5594 2720 5663 μόνον
2740 5593 2979 5648 δείκνυσι
3000 5596 3103 5665 τὴν,
3121 5594 3353 5665 ἀτοπίαν
3373 5592 3580 5647 τούτων
3601 5590 3713 5645 τῶν

2140 5673 2390 5742 πονηρῶν
2415 5673 2720 5745 δογμάτων,
2769 5676 2907 5731 ἀλλά
2940 5680 3032 5731 καὶ
3071 5678 3467 5745 ἐπαγωνίζεται
3513 5674 3711 5745 λέγων·

2142 5752 2552 5830 Ει’νρισκόμεθιι
2596 5762 2665 5816 δὲ
2718 5764 2815 5817 καί
2863 5764 3354 5834 ψευδομάρτυρες
3393 5762 3500 5818 τοῦ
3538 5758 3712 5829 Θεοῦ,
