  <div class='ocr_page' id='page_1' title='image "/cluster/home/n/w/nwhite01/storage/ocr_20150623/61/hvd.32044054166368/338.png"; bbox 0 0 4122 6226; ppageno 0'>
   <div class='ocr_carea' id='block_1_1' title="bbox 444 426 554 483">
    <p class='ocr_par' dir='ltr' id='par_1_1' title="bbox 444 426 554 483">
     <span class='ocr_line' id='line_1_1' title="bbox 444 426 554 483; baseline 0.027 -3"><span class='ocrx_word' id='word_1_1' title='bbox 444 426 554 483; x_wconf 72' lang='lat'><strong>333</strong></span> 
     </span>
    </p>
   </div>
   <div class='ocr_carea' id='block_1_2' title="bbox 441 529 2022 614">
    <p class='ocr_par' dir='ltr' id='par_1_2' title="bbox 441 529 2022 614">
     <span class='ocr_line' id='line_1_2' title="bbox 441 529 2022 614; baseline -0.008 -19"><span class='ocrx_word' id='word_1_2' title='bbox 441 555 655 614; x_wconf 75' lang='lat' dir='ltr'><strong>quoque</strong></span> <span class='ocrx_word' id='word_1_3' title='bbox 687 538 739 591; x_wconf 88' lang='lat' dir='ltr'><strong>in</strong></span> <span class='ocrx_word' id='word_1_4' title='bbox 766 536 956 591; x_wconf 89' lang='lat' dir='ltr'><strong>eodem</strong></span> <span class='ocrx_word' id='word_1_5' title='bbox 980 543 1230 591; x_wconf 78' lang='lat' dir='ltr'><strong>cernatur</strong></span> <span class='ocrx_word' id='word_1_6' title='bbox 1258 531 1445 587; x_wconf 87' lang='lat' dir='ltr'><strong>ordine</strong></span> <span class='ocrx_word' id='word_1_7' title='bbox 1478 550 1492 587; x_wconf 88' lang='lat'><strong>:</strong></span> <span class='ocrx_word' id='word_1_8' title='bbox 1525 532 1603 586; x_wconf 91' lang='lat' dir='ltr'><strong>sic</strong></span> <span class='ocrx_word' id='word_1_9' title='bbox 1628 531 1771 585; x_wconf 87' lang='lat' dir='ltr'><strong>enim</strong></span> <span class='ocrx_word' id='word_1_10' title='bbox 1818 529 2022 583; x_wconf 84' lang='lat' dir='ltr'><strong>comin-</strong></span> 
     </span>
    </p>
   </div>
   <div class='ocr_carea' id='block_1_3' title="bbox 442 622 2030 700">
    <p class='ocr_par' dir='ltr' id='par_1_3' title="bbox 442 622 2030 700">
     <span class='ocr_line' id='line_1_3' title="bbox 442 622 2030 700; baseline -0.009 -11"><span class='ocrx_word' id='word_1_11' title='bbox 442 634 599 689; x_wconf 89' lang='lat' dir='ltr'><strong>cibile</strong></span> <span class='ocrx_word' id='word_1_12' title='bbox 628 639 744 686; x_wconf 89' lang='lat' dir='ltr'><strong>erat</strong></span> <span class='ocrx_word' id='word_1_13' title='bbox 776 628 1161 700; x_wconf 67' lang='lat' dir='ltr'><strong>prmdicationi.</strong></span> <span class='ocrx_word' id='word_1_14' title='bbox 1202 626 1561 696; x_wconf 82' lang='lat' dir='ltr'><strong>Quamobrem</strong></span> <span class='ocrx_word' id='word_1_15' title='bbox 1593 623 1753 677; x_wconf 87' lang='lat' dir='ltr'><strong>ambo</strong></span> <span class='ocrx_word' id='word_1_16' title='bbox 1781 622 2030 677; x_wconf 89' lang='lat' dir='ltr'><strong>similiter</strong></span> 
     </span>
    </p>
   </div>
   <div class='ocr_carea' id='block_1_4' title="bbox 443 713 2027 787">
    <p class='ocr_par' dir='ltr' id='par_1_4' title="bbox 443 713 2027 787">
     <span class='ocr_line' id='line_1_4' title="bbox 443 713 2027 787; baseline -0.009 -9"><span class='ocrx_word' id='word_1_17' title='bbox 443 725 492 778; x_wconf 88' lang='lat' dir='ltr'><strong>ei</strong></span> <span class='ocrx_word' id='word_1_18' title='bbox 536 721 714 777; x_wconf 89' lang='lat' dir='ltr'><strong>studio</strong></span> <span class='ocrx_word' id='word_1_19' title='bbox 743 720 996 783; x_wconf 85' lang='lat' dir='ltr'><strong>fuerunt,</strong></span> <span class='ocrx_word' id='word_1_20' title='bbox 1041 729 1096 772; x_wconf 93' lang='lat' dir='ltr'><strong>ut</strong></span> <span class='ocrx_word' id='word_1_21' title='bbox 1125 733 1225 773; x_wconf 91' lang='lat' dir='ltr'><strong>nec</strong></span> <span class='ocrx_word' id='word_1_22' title='bbox 1255 717 1367 787; x_wconf 89' lang='lat' dir='ltr'><strong>ipse</strong></span> <span class='ocrx_word' id='word_1_23' title='bbox 1411 715 1686 770; x_wconf 83' lang='lat' dir='ltr'><strong>vid‘eretur</strong></span> <span class='ocrx_word' id='word_1_24' title='bbox 1726 728 1819 768; x_wconf 92' lang='lat' dir='ltr'><strong>eos</strong></span> <span class='ocrx_word' id='word_1_25' title='bbox 1845 713 2027 782; x_wconf 63' lang='lat' dir='ltr'><strong>destri-</strong></span> 
     </span>
    </p>
   </div>
   <div class='ocr_carea' id='block_1_5' title="bbox 444 804 2028 882">
    <p class='ocr_par' dir='ltr' id='par_1_5' title="bbox 444 804 2028 882">
     <span class='ocr_line' id='line_1_5' title="bbox 444 804 2028 882; baseline -0.008 -13"><span class='ocrx_word' id='word_1_26' title='bbox 444 829 569 869; x_wconf 85' lang='lat' dir='ltr'><strong>cere</strong></span> <span class='ocrx_word' id='word_1_27' title='bbox 591 855 605 877; x_wconf 88' lang='lat'><strong>,</strong></span> <span class='ocrx_word' id='word_1_28' title='bbox 640 821 695 868; x_wconf 89' lang='lat' dir='ltr'><strong>et</strong></span> <span class='ocrx_word' id='word_1_29' title='bbox 724 827 791 867; x_wconf 90' lang='lat' dir='ltr'><strong>ne</strong></span> <span class='ocrx_word' id='word_1_30' title='bbox 817 819 1035 882; x_wconf 82' lang='lat' dir='ltr'><strong>propter</strong></span> <span class='ocrx_word' id='word_1_31' title='bbox 1062 809 1320 864; x_wconf 82' lang='lat' dir='ltr'><strong>honorem</strong></span> <span class='ocrx_word' id='word_1_32' title='bbox 1354 807 1482 877; x_wconf 86' lang='lat' dir='ltr'><strong>ipsis</strong></span> <span class='ocrx_word' id='word_1_33' title='bbox 1512 807 1767 861; x_wconf 87' lang='lat' dir='ltr'><strong>collatum</strong></span> <span class='ocrx_word' id='word_1_34' title='bbox 1799 804 2028 874; x_wconf 80' lang='lat' dir='ltr'><strong>vilipcn-</strong></span> 
     </span>
    </p>
   </div>
   <div class='ocr_carea' id='block_1_6' title="bbox 444 898 2028 973">
    <p class='ocr_par' dir='ltr' id='par_1_6' title="bbox 444 898 2028 973">
     <span class='ocr_line' id='line_1_6' title="bbox 444 898 2028 973; baseline -0.008 -11"><span class='ocrx_word' id='word_1_35' title='bbox 444 908 660 961; x_wconf 86' lang='lat' dir='ltr'><strong>dcrctur</strong></span> <span class='ocrx_word' id='word_1_36' title='bbox 681 904 855 968; x_wconf 91' lang='lat' dir='ltr'><strong>abiis,</strong></span> <span class='ocrx_word' id='word_1_37' title='bbox 888 903 975 973; x_wconf 91' lang='lat' dir='ltr'><strong>qui</strong></span> <span class='ocrx_word' id='word_1_38' title='bbox 999 910 1153 959; x_wconf 88' lang='lat' dir='ltr'><strong>erant</strong></span> <span class='ocrx_word' id='word_1_39' title='bbox 1178 901 1275 971; x_wconf 86' lang='lat' dir='ltr'><strong>ipsi</strong></span> <span class='ocrx_word' id='word_1_40' title='bbox 1298 899 1546 968; x_wconf 73' lang='lat' dir='ltr'><strong>subjecti.</strong></span> <span class='ocrx_word' id='word_1_41' title='bbox 1571 898 1862 967; x_wconf 85' lang='lat' dir='ltr'><strong>Propterea</strong></span> <span class='ocrx_word' id='word_1_42' title='bbox 1888 909 2028 950; x_wconf 90' lang='lat' dir='ltr'><strong>nunc</strong></span> 
     </span>
    </p>
   </div>
   <div class='ocr_carea' id='block_1_7' title="bbox 445 991 2030 1070">
    <p class='ocr_par' dir='ltr' id='par_1_7' title="bbox 445 991 2030 1070">
     <span class='ocr_line' id='line_1_7' title="bbox 445 991 2030 1070; baseline -0.006 -17"><span class='ocrx_word' id='word_1_43' title='bbox 445 1014 657 1070; x_wconf 87' lang='lat' dir='ltr'><strong>quoque</strong></span> <span class='ocrx_word' id='word_1_44' title='bbox 687 1013 746 1052; x_wconf 90' lang='lat' dir='ltr'><strong>se</strong></span> <span class='ocrx_word' id='word_1_45' title='bbox 775 1005 1058 1066; x_wconf 72' lang='lat' dir='ltr'><strong>exxequat,</strong></span> <span class='ocrx_word' id='word_1_46' title='bbox 1106 1010 1293 1050; x_wconf 83' lang='lat' dir='ltr'><strong>rursus</strong></span> <span class='ocrx_word' id='word_1_47' title='bbox 1336 993 1525 1049; x_wconf 89' lang='lat' dir='ltr'><strong>dicens</strong></span> <span class='ocrx_word' id='word_1_48' title='bbox 1557 1009 1569 1045; x_wconf 89' lang='lat'><strong>:</strong></span> <span class='ocrx_word' id='word_1_49' title='bbox 1603 991 1721 1046; x_wconf 89' lang='lat' dir='ltr'><strong>Sive</strong></span> <span class='ocrx_word' id='word_1_50' title='bbox 1747 1008 1837 1062; x_wconf 81' lang='lat' dir='ltr'><strong>ego</strong></span> <span class='ocrx_word' id='word_1_51' title='bbox 1863 1032 1879 1056; x_wconf 91' lang='lat'><strong>,</strong></span> <span class='ocrx_word' id='word_1_52' title='bbox 1928 991 2030 1043; x_wconf 88' lang='lat' dir='ltr'><strong>sive</strong></span> 
     </span>
    </p>
   </div>
   <div class='ocr_carea' id='block_1_8' title="bbox 445 1082 2024 1161">
    <p class='ocr_par' dir='ltr' id='par_1_8' title="bbox 445 1082 2024 1161">
     <span class='ocr_line' id='line_1_8' title="bbox 445 1082 2024 1161; baseline -0.007 -14"><span class='ocrx_word' id='word_1_53' title='bbox 445 1094 561 1155; x_wconf 84' lang='lat' dir='ltr'><strong>illi,</strong></span> <span class='ocrx_word' id='word_1_54' title='bbox 594 1091 666 1145; x_wconf 87' lang='lat' dir='ltr'><strong>sic</strong></span> <span class='ocrx_word' id='word_1_55' title='bbox 695 1090 1050 1161; x_wconf 72' lang='lat' dir='ltr'><strong>pra-dicamus.</strong></span> <span class='ocrx_word' id='word_1_56' title='bbox 1090 1088 1135 1142; x_wconf 84' lang='lat' dir='ltr'><strong>A</strong></span> <span class='ocrx_word' id='word_1_57' title='bbox 1170 1101 1277 1157; x_wconf 87' lang='lat' dir='ltr'><strong>quo</strong></span> <span class='ocrx_word' id='word_1_58' title='bbox 1301 1128 1316 1152; x_wconf 93' lang='lat'><strong>,</strong></span> <span class='ocrx_word' id='word_1_59' title='bbox 1350 1085 1561 1156; x_wconf 91' lang='lat' dir='ltr'><strong>inquit,</strong></span> <span class='ocrx_word' id='word_1_60' title='bbox 1594 1082 1754 1137; x_wconf 86' lang='lat' dir='ltr'><strong>vultis</strong></span> <span class='ocrx_word' id='word_1_61' title='bbox 1780 1082 2024 1147; x_wconf 77' lang='lat' dir='ltr'><strong>discere,</strong></span> 
     </span>
    </p>
   </div>
   <div class='ocr_carea' id='block_1_9' title="bbox 444 1175 2027 1248">
    <p class='ocr_par' dir='ltr' id='par_1_9' title="bbox 444 1175 2027 1248">
     <span class='ocr_line' id='line_1_9' title="bbox 444 1175 2027 1248; baseline -0.006 -10"><span class='ocrx_word' id='word_1_62' title='bbox 444 1185 673 1248; x_wconf 82' lang='lat' dir='ltr'><strong>discite;</strong></span> <span class='ocrx_word' id='word_1_63' title='bbox 705 1181 836 1236; x_wconf 86' lang='lat' dir='ltr'><strong>nihil</strong></span> <span class='ocrx_word' id='word_1_64' title='bbox 863 1180 1180 1235; x_wconf 70' lang='lat' dir='ltr'><strong>differimus.</strong></span> <span class='ocrx_word' id='word_1_65' title='bbox 1216 1178 1281 1233; x_wconf 87' lang='lat' dir='ltr'><strong>Et</strong></span> <span class='ocrx_word' id='word_1_66' title='bbox 1310 1194 1413 1232; x_wconf 90' lang='lat' dir='ltr'><strong>non</strong></span> <span class='ocrx_word' id='word_1_67' title='bbox 1441 1176 1615 1241; x_wconf 82' lang='lat' dir='ltr'><strong>dixit,</strong></span> <span class='ocrx_word' id='word_1_68' title='bbox 1646 1175 1701 1230; x_wconf 88' lang='lat' dir='ltr'><strong>Si</strong></span> <span class='ocrx_word' id='word_1_69' title='bbox 1734 1191 1839 1228; x_wconf 89' lang='lat' dir='ltr'><strong>non</strong></span> <span class='ocrx_word' id='word_1_70' title='bbox 1867 1175 2027 1228; x_wconf 88' lang='lat' dir='ltr'><strong>vultis</strong></span> 
     </span>
    </p>
   </div>
   <div class='ocr_carea' id='block_1_10' title="bbox 446 1267 2027 1340">
    <p class='ocr_par' dir='ltr' id='par_1_10' title="bbox 446 1267 2027 1340">
     <span class='ocr_line' id='line_1_10' title="bbox 446 1267 2027 1340; baseline -0.003 -12"><span class='ocrx_word' id='word_1_71' title='bbox 446 1277 573 1331; x_wconf 91' lang='lat' dir='ltr'><strong>mihi</strong></span> <span class='ocrx_word' id='word_1_72' title='bbox 601 1275 822 1331; x_wconf 85' lang='lat' dir='ltr'><strong>credere</strong></span> <span class='ocrx_word' id='word_1_73' title='bbox 842 1316 857 1340; x_wconf 91' lang='lat'><strong>,</strong></span> <span class='ocrx_word' id='word_1_74' title='bbox 890 1274 994 1327; x_wconf 86' lang='lat' dir='ltr'><strong>illis</strong></span> <span class='ocrx_word' id='word_1_75' title='bbox 1020 1273 1260 1338; x_wconf 90' lang='lat' dir='ltr'><strong>credite;</strong></span> <span class='ocrx_word' id='word_1_76' title='bbox 1291 1270 1386 1326; x_wconf 75' lang='lat' dir='ltr'><strong>Sed</strong></span> <span class='ocrx_word' id='word_1_77' title='bbox 1413 1280 1466 1325; x_wconf 92' lang='lat' dir='ltr'><strong>et</strong></span> <span class='ocrx_word' id='word_1_78' title='bbox 1494 1271 1729 1339; x_wconf 89' lang='lat' dir='ltr'><strong>seipsum</strong></span> <span class='ocrx_word' id='word_1_79' title='bbox 1762 1267 1892 1323; x_wconf 80' lang='lat' dir='ltr'><strong>facit</strong></span> <span class='ocrx_word' id='word_1_80' title='bbox 1922 1267 2027 1323; x_wconf 89' lang='lat' dir='ltr'><strong>ﬁde</strong></span> 
     </span>
    </p>
   </div>
   <div class='ocr_carea' id='block_1_11' title="bbox 442 1363 2024 1440">
    <p class='ocr_par' dir='ltr' id='par_1_11' title="bbox 442 1363 2024 1440">
     <span class='ocr_line' id='line_1_11' title="bbox 442 1363 2024 1440; baseline -0.004 -17"><span class='ocrx_word' id='word_1_81' title='bbox 442 1370 690 1439; x_wconf 77' lang='lat' dir='ltr'><strong>dignum,</strong></span> <span class='ocrx_word' id='word_1_82' title='bbox 717 1376 772 1422; x_wconf 89' lang='lat' dir='ltr'><strong>et</strong></span> <span class='ocrx_word' id='word_1_83' title='bbox 800 1381 895 1440; x_wconf 91' lang='lat' dir='ltr'><strong>per</strong></span> <span class='ocrx_word' id='word_1_84' title='bbox 918 1381 978 1420; x_wconf 89' lang='lat' dir='ltr'><strong>se</strong></span> <span class='ocrx_word' id='word_1_85' title='bbox 1002 1364 1130 1421; x_wconf 87' lang='lat' dir='ltr'><strong>dicit</strong></span> <span class='ocrx_word' id='word_1_86' title='bbox 1158 1364 1430 1427; x_wconf 84' lang='lat' dir='ltr'><strong>sufﬁcere,</strong></span> <span class='ocrx_word' id='word_1_87' title='bbox 1460 1371 1514 1418; x_wconf 90' lang='lat' dir='ltr'><strong>et</strong></span> <span class='ocrx_word' id='word_1_88' title='bbox 1535 1363 1655 1417; x_wconf 85' lang='lat' dir='ltr'><strong>illus</strong></span> <span class='ocrx_word' id='word_1_89' title='bbox 1680 1377 1776 1431; x_wconf 91' lang='lat' dir='ltr'><strong>per</strong></span> <span class='ocrx_word' id='word_1_90' title='bbox 1803 1376 1862 1416; x_wconf 91' lang='lat' dir='ltr'><strong>se</strong></span> <span class='ocrx_word' id='word_1_91' title='bbox 1891 1363 2024 1416; x_wconf 81' lang='lat' dir='ltr'><strong>satis</strong></span> 
     </span>
    </p>
   </div>
   <div class='ocr_carea' id='block_1_12' title="bbox 440 1453 2021 1525">
    <p class='ocr_par' dir='ltr' id='par_1_12' title="bbox 440 1453 2021 1525">
     <span class='ocr_line' id='line_1_12' title="bbox 440 1453 2021 1525; baseline -0.008 -8"><span class='ocrx_word' id='word_1_92' title='bbox 440 1476 585 1517; x_wconf 89' lang='lat' dir='ltr'><strong>esse.</strong></span> <span class='ocrx_word' id='word_1_93' title='bbox 634 1459 777 1514; x_wconf 83' lang='lat' dir='ltr'><strong>Nihil</strong></span> <span class='ocrx_word' id='word_1_94' title='bbox 821 1459 963 1513; x_wconf 92' lang='lat' dir='ltr'><strong>enim</strong></span> <span class='ocrx_word' id='word_1_95' title='bbox 1009 1457 1235 1512; x_wconf 88' lang='lat' dir='ltr'><strong>faciebat</strong></span> <span class='ocrx_word' id='word_1_96' title='bbox 1281 1470 1629 1525; x_wconf 87' lang='lat' dir='ltr'><strong>personarum</strong></span> <span class='ocrx_word' id='word_1_97' title='bbox 1679 1453 1977 1508; x_wconf 75' lang='lat' dir='ltr'><strong>differentia</strong></span> <span class='ocrx_word' id='word_1_98' title='bbox 2005 1494 2021 1519; x_wconf 92' lang='lat'><strong>,</strong></span> 
     </span>
    </p>
   </div>
   <div class='ocr_carea' id='block_1_13' title="bbox 439 1544 2021 1620">
    <p class='ocr_par' dir='ltr' id='par_1_13' title="bbox 439 1544 2021 1620">
     <span class='ocr_line' id='line_1_13' title="bbox 439 1544 2021 1620; baseline -0.005 -14"><span class='ocrx_word' id='word_1_99' title='bbox 439 1567 561 1606; x_wconf 90' lang='lat' dir='ltr'><strong>cum</strong></span> <span class='ocrx_word' id='word_1_100' title='bbox 591 1566 684 1620; x_wconf 88' lang='lat' dir='ltr'><strong>par</strong></span> <span class='ocrx_word' id='word_1_101' title='bbox 712 1558 855 1605; x_wconf 88' lang='lat' dir='ltr'><strong>esset</strong></span> <span class='ocrx_word' id='word_1_102' title='bbox 886 1549 1196 1604; x_wconf 73' lang='lat' dir='ltr'><strong>auctoritas.</strong></span> <span class='ocrx_word' id='word_1_103' title='bbox 1240 1547 1409 1601; x_wconf 77' lang='lat' dir='ltr'><strong>Porro</strong></span> <span class='ocrx_word' id='word_1_104' title='bbox 1440 1548 1540 1600; x_wconf 85' lang='lat' dir='ltr'><strong>hoc</strong></span> <span class='ocrx_word' id='word_1_105' title='bbox 1569 1561 1781 1616; x_wconf 84' lang='lat' dir='ltr'><strong>quoque</strong></span> <span class='ocrx_word' id='word_1_106' title='bbox 1815 1546 1937 1601; x_wconf 90' lang='lat' dir='ltr'><strong>facit</strong></span> <span class='ocrx_word' id='word_1_107' title='bbox 1971 1544 2021 1598; x_wconf 92' lang='lat' dir='ltr'><strong>in</strong></span> 
     </span>
    </p>
   </div>
   <div class='ocr_carea' id='block_1_14' title="bbox 441 1639 2019 1711">
    <p class='ocr_par' dir='ltr' id='par_1_14' title="bbox 441 1639 2019 1711">
     <span class='ocr_line' id='line_1_14' title="bbox 441 1639 2019 1711; baseline -0.003 -15"><span class='ocrx_word' id='word_1_108' title='bbox 441 1641 680 1711; x_wconf 84' lang='lat' dir='ltr'><strong>Epistula</strong></span> <span class='ocrx_word' id='word_1_109' title='bbox 722 1641 787 1696; x_wconf 88' lang='lat' dir='ltr'><strong>ad</strong></span> <span class='ocrx_word' id='word_1_110' title='bbox 819 1639 1032 1696; x_wconf 87' lang='lat' dir='ltr'><strong>Galatas</strong></span> <span class='ocrx_word' id='word_1_111' title='bbox 1057 1681 1071 1705; x_wconf 93' lang='lat'><strong>,</strong></span> <span class='ocrx_word' id='word_1_112' title='bbox 1103 1654 1198 1695; x_wconf 79' lang='lat' dir='ltr'><strong>eos</strong></span> <span class='ocrx_word' id='word_1_113' title='bbox 1247 1656 1527 1694; x_wconf 74' lang='lat' dir='ltr'><strong>assumens</strong></span> <span class='ocrx_word' id='word_1_114' title='bbox 1554 1681 1568 1704; x_wconf 95' lang='lat'><strong>,</strong></span> <span class='ocrx_word' id='word_1_115' title='bbox 1612 1654 1716 1693; x_wconf 85' lang='lat' dir='ltr'><strong>non</strong></span> <span class='ocrx_word' id='word_1_116' title='bbox 1751 1648 2019 1708; x_wconf 88' lang='lat' dir='ltr'><strong>tamquam</strong></span> 
     </span>
    </p>
   </div>
   <div class='ocr_carea' id='block_1_15' title="bbox 436 1728 2022 1801">
    <p class='ocr_par' dir='ltr' id='par_1_15' title="bbox 436 1728 2022 1801">
     <span class='ocr_line' id='line_1_15' title="bbox 436 1728 2022 1801; baseline -0.003 -14"><span class='ocrx_word' id='word_1_117' title='bbox 436 1735 518 1789; x_wconf 87' lang='lat' dir='ltr'><strong>eis</strong></span> <span class='ocrx_word' id='word_1_118' title='bbox 547 1732 789 1801; x_wconf 75' lang='lat' dir='ltr'><strong>indigens</strong></span> <span class='ocrx_word' id='word_1_119' title='bbox 814 1774 828 1795; x_wconf 97' lang='lat'><strong>,</strong></span> <span class='ocrx_word' id='word_1_120' title='bbox 882 1732 976 1786; x_wconf 89' lang='lat' dir='ltr'><strong>sed</strong></span> <span class='ocrx_word' id='word_1_121' title='bbox 1017 1747 1075 1785; x_wconf 90' lang='lat' dir='ltr'><strong>se</strong></span> <span class='ocrx_word' id='word_1_122' title='bbox 1104 1747 1315 1801; x_wconf 85' lang='lat' dir='ltr'><strong>quoque</strong></span> <span class='ocrx_word' id='word_1_123' title='bbox 1343 1730 1527 1784; x_wconf 77' lang='lat' dir='ltr'><strong>dicens</strong></span> <span class='ocrx_word' id='word_1_124' title='bbox 1558 1731 1805 1785; x_wconf 87' lang='lat' dir='ltr'><strong>sufﬁcere</strong></span> <span class='ocrx_word' id='word_1_125' title='bbox 1837 1748 1850 1784; x_wconf 93' lang='lat'><strong>:</strong></span> <span class='ocrx_word' id='word_1_126' title='bbox 1887 1728 2022 1783; x_wconf 82' lang='lat' dir='ltr'><strong>Mihi</strong></span> 
     </span>
    </p>
   </div>
   <div class='ocr_carea' id='block_1_16' title="bbox 435 1822 2018 1895">
    <p class='ocr_par' dir='ltr' id='par_1_16' title="bbox 435 1822 2018 1895">
     <span class='ocr_line' id='line_1_16' title="bbox 435 1822 2018 1895; baseline -0.002 -18"><span class='ocrx_word' id='word_1_127' title='bbox 435 1826 567 1877; x_wconf 70' lang='lat' dir='ltr'><strong>enim</strong></span> <span class='ocrx_word' id='word_1_128' title='bbox 593 1825 680 1895; x_wconf 85' lang='lat' dir='ltr'><strong>qui</strong></span> <span class='ocrx_word' id='word_1_129' title='bbox 702 1823 1018 1890; x_wconf 83' lang='lat' dir='ltr'><strong>videbuntur,</strong></span> <span class='ocrx_word' id='word_1_130' title='bbox 1048 1824 1217 1893; x_wconf 79' lang='lat' dir='ltr'><strong>inquit</strong></span> <span class='ocrx_word' id='word_1_131' title='bbox 1242 1865 1256 1888; x_wconf 93' lang='lat'><strong>,</strong></span> <span class='ocrx_word' id='word_1_132' title='bbox 1290 1839 1395 1876; x_wconf 76' lang='lat' dir='ltr'><strong>esse</strong></span> <span class='ocrx_word' id='word_1_133' title='bbox 1423 1823 1637 1892; x_wconf 82' lang='lat' dir='ltr'><strong>aliquid,</strong></span> <span class='ocrx_word' id='word_1_134' title='bbox 1679 1822 1808 1876; x_wconf 85' lang='lat' dir='ltr'><strong>nihil</strong></span> <span class='ocrx_word' id='word_1_135' title='bbox 1836 1832 2018 1875; x_wconf 84' lang='lat' dir='ltr'><strong>contu-</strong></span> 
     </span>
    </p>
   </div>
   <div class='ocr_carea' id='block_1_17' title="bbox 435 1913 2017 1987">
    <p class='ocr_par' dir='ltr' id='par_1_17' title="bbox 435 1913 2017 1987">
     <span class='ocr_line' id='line_1_17' title="bbox 435 1913 2017 1987; baseline -0.002 -17"><span class='ocrx_word' id='word_1_136' title='bbox 435 1917 598 1970; x_wconf 81' lang='lat' dir='ltr'><strong>lerunt</strong></span> <span class='ocrx_word' id='word_1_137' title='bbox 624 1918 641 1983; x_wconf 92' lang='lat'>(</span> <span class='ocrx_word' id='word_1_138' title='bbox 670 1913 788 1970; x_wconf 85' lang='lat' dir='ltr'><strong>Gul.</strong></span> <span class='ocrx_word' id='word_1_139' title='bbox 818 1915 871 1969; x_wconf 72' lang='grc'><strong>2.</strong></span> <span class='ocrx_word' id='word_1_140' title='bbox 903 1915 1001 1987; x_wconf 84' lang='lat'><strong>6).</strong></span> <span class='ocrx_word' id='word_1_141' title='bbox 1045 1914 1423 1970; x_wconf 83' lang='lat' dir='ltr'><strong>Verumtamen</strong></span> <span class='ocrx_word' id='word_1_142' title='bbox 1469 1914 1547 1969; x_wconf 80' lang='lat' dir='ltr'><strong>sic</strong></span> <span class='ocrx_word' id='word_1_143' title='bbox 1589 1928 1801 1984; x_wconf 89' lang='lat' dir='ltr'><strong>quoque</strong></span> <span class='ocrx_word' id='word_1_144' title='bbox 1830 1928 2017 1969; x_wconf 90' lang='lat' dir='ltr'><strong>eorum</strong></span> 
     </span>
    </p>
   </div>
   <div class='ocr_carea' id='block_1_18' title="bbox 434 2004 2014 2077">
    <p class='ocr_par' dir='ltr' id='par_1_18' title="bbox 434 2004 2014 2077">
     <span class='ocr_line' id='line_1_18' title="bbox 434 2004 2014 2077; baseline -0.001 -18"><span class='ocrx_word' id='word_1_145' title='bbox 434 2022 629 2077; x_wconf 74' lang='lat' dir='ltr'><strong>sequor</strong></span> <span class='ocrx_word' id='word_1_146' title='bbox 653 2005 994 2060; x_wconf 78' lang='lat' dir='ltr'><strong>concordiam</strong></span> <span class='ocrx_word' id='word_1_147' title='bbox 1020 2014 1074 2060; x_wconf 91' lang='lat' dir='ltr'><strong>ct</strong></span> <span class='ocrx_word' id='word_1_148' title='bbox 1099 2006 1505 2059; x_wconf 85' lang='lat' dir='ltr'><strong>consensionem</strong></span> <span class='ocrx_word' id='word_1_149' title='bbox 1538 2021 1551 2059; x_wconf 90' lang='lat'>:</span> <span class='ocrx_word' id='word_1_150' title='bbox 1582 2004 1828 2060; x_wconf 78' lang='lat' dir='ltr'><strong>Dexteras</strong></span> <span class='ocrx_word' id='word_1_151' title='bbox 1848 2004 2014 2068; x_wconf 89' lang='lat' dir='ltr'><strong>enim,</strong></span> 
     </span>
    </p>
   </div>
   <div class='ocr_carea' id='block_1_19' title="bbox 432 2096 2018 2169">
    <p class='ocr_par' dir='ltr' id='par_1_19' title="bbox 432 2096 2018 2169">
     <span class='ocr_line' id='line_1_19' title="bbox 432 2096 2018 2169; baseline -0.001 -15"><span class='ocrx_word' id='word_1_152' title='bbox 432 2100 640 2169; x_wconf 80' lang='lat' dir='ltr'><strong>inquit,</strong></span> <span class='ocrx_word' id='word_1_153' title='bbox 670 2100 793 2153; x_wconf 84' lang='lat' dir='ltr'><strong>mihi</strong></span> <span class='ocrx_word' id='word_1_154' title='bbox 830 2100 1074 2153; x_wconf 81' lang='lat' dir='ltr'><strong>dederunt</strong></span> <span class='ocrx_word' id='word_1_155' title='bbox 1107 2097 1287 2167; x_wconf 80' lang='lat' dir='ltr'><strong>(Ibid.</strong></span> <span class='ocrx_word' id='word_1_156' title='bbox 1317 2113 1365 2152; x_wconf 94' lang='lat' dir='ltr'><strong>v.</strong></span> <span class='ocrx_word' id='word_1_157' title='bbox 1395 2097 1464 2153; x_wconf 69' lang='grc'><strong>29</strong></span> <span class='ocrx_word' id='word_1_158' title='bbox 1565 2096 1697 2153; x_wconf 85' lang='lat' dir='ltr'><strong>Nam</strong></span> <span class='ocrx_word' id='word_1_159' title='bbox 1722 2099 1765 2152; x_wconf 84' lang='lat' dir='ltr'><strong>si</strong></span> <span class='ocrx_word' id='word_1_160' title='bbox 1796 2113 2018 2153; x_wconf 90' lang='lat' dir='ltr'><strong>necesse</strong></span> 
     </span>
    </p>
   </div>
   <div class='ocr_carea' id='block_1_20' title="bbox 430 2191 2018 2258">
    <p class='ocr_par' dir='ltr' id='par_1_20' title="bbox 430 2191 2018 2258">
     <span class='ocr_line' id='line_1_20' title="bbox 430 2191 2018 2258; baseline 0 -12"><span class='ocrx_word' id='word_1_161' title='bbox 430 2201 618 2258; x_wconf 83' lang='lat' dir='ltr'><strong>esset,</strong></span> <span class='ocrx_word' id='word_1_162' title='bbox 648 2202 705 2246; x_wconf 86' lang='lat' dir='ltr'><strong>ut</strong></span> <span class='ocrx_word' id='word_1_163' title='bbox 737 2192 883 2246; x_wconf 84' lang='lat' dir='ltr'><strong>Pauli</strong></span> <span class='ocrx_word' id='word_1_164' title='bbox 929 2191 1064 2246; x_wconf 90' lang='lat' dir='ltr'><strong>ﬁdes</strong></span> <span class='ocrx_word' id='word_1_165' title='bbox 1109 2201 1164 2245; x_wconf 91' lang='lat' dir='ltr'><strong>et</strong></span> <span class='ocrx_word' id='word_1_166' title='bbox 1209 2191 1500 2246; x_wconf 83' lang='lat' dir='ltr'><strong>auctoritas</strong></span> <span class='ocrx_word' id='word_1_167' title='bbox 1549 2191 1601 2245; x_wconf 91' lang='lat' dir='ltr'><strong>in</strong></span> <span class='ocrx_word' id='word_1_168' title='bbox 1646 2191 1764 2245; x_wconf 91' lang='lat' dir='ltr'><strong>aliis</strong></span> <span class='ocrx_word' id='word_1_169' title='bbox 1792 2200 1936 2247; x_wconf 87' lang='lat' dir='ltr'><strong>esset</strong></span> <span class='ocrx_word' id='word_1_170' title='bbox 1963 2200 2018 2246; x_wconf 92' lang='lat' dir='ltr'><strong>et</strong></span> 
     </span>
    </p>
   </div>
   <div class='ocr_carea' id='block_1_21' title="bbox 432 2281 2014 2345">
    <p class='ocr_par' dir='ltr' id='par_1_21' title="bbox 432 2281 2014 2345">
     <span class='ocr_line' id='line_1_21' title="bbox 432 2281 2014 2345; baseline 0 -7"><span class='ocrx_word' id='word_1_171' title='bbox 432 2284 655 2344; x_wconf 79' lang='lat' dir='ltr'><strong>illorum</strong></span> <span class='ocrx_word' id='word_1_172' title='bbox 693 2284 993 2339; x_wconf 87' lang='lat' dir='ltr'><strong>testimonio</strong></span> <span class='ocrx_word' id='word_1_173' title='bbox 1038 2283 1332 2345; x_wconf 88' lang='lat' dir='ltr'><strong>niteretur,</strong></span> <span class='ocrx_word' id='word_1_174' title='bbox 1384 2281 1574 2336; x_wconf 88' lang='lat' dir='ltr'><strong>damna</strong></span> <span class='ocrx_word' id='word_1_175' title='bbox 1608 2282 2014 2338; x_wconf 85' lang='lat' dir='ltr'><strong>innumerabilia</strong></span> 
     </span>
    </p>
   </div>
   <div class='ocr_carea' id='block_1_22' title="bbox 428 2375 2012 2445">
    <p class='ocr_par' dir='ltr' id='par_1_22' title="bbox 428 2375 2012 2445">
     <span class='ocr_line' id='line_1_22' title="bbox 428 2375 2012 2445; baseline -0.001 -16"><span class='ocrx_word' id='word_1_176' title='bbox 428 2375 555 2430; x_wconf 89' lang='lat' dir='ltr'><strong>hinc</strong></span> <span class='ocrx_word' id='word_1_177' title='bbox 573 2375 1189 2445; x_wconf 85' lang='lat' dir='ltr'><strong>accepissent‘discipuli.</strong></span> <span class='ocrx_word' id='word_1_178' title='bbox 1219 2375 1333 2430; x_wconf 88' lang='lat' dir='ltr'><strong>Non</strong></span> <span class='ocrx_word' id='word_1_179' title='bbox 1360 2375 1459 2430; x_wconf 89' lang='lat' dir='ltr'><strong>hoc</strong></span> <span class='ocrx_word' id='word_1_180' title='bbox 1485 2391 1612 2445; x_wconf 81' lang='lat' dir='ltr'><strong>ergo</strong></span> <span class='ocrx_word' id='word_1_181' title='bbox 1636 2375 1756 2430; x_wconf 83' lang='lat' dir='ltr'><strong>facit</strong></span> <span class='ocrx_word' id='word_1_182' title='bbox 1777 2375 2012 2444; x_wconf 87' lang='lat' dir='ltr'><strong>seipsnm</strong></span> 
     </span>
    </p>
   </div>
   <div class='ocr_carea' id='block_1_23' title="bbox 427 2467 2014 2538">
    <p class='ocr_par' dir='ltr' id='par_1_23' title="bbox 427 2467 2014 2538">
     <span class='ocr_line' id='line_1_23' title="bbox 427 2467 2014 2538; baseline -0.001 -16"><span class='ocrx_word' id='word_1_183' title='bbox 427 2468 691 2522; x_wconf 81' lang='lat' dir='ltr'><strong>extollens</strong></span> <span class='ocrx_word' id='word_1_184' title='bbox 714 2508 731 2534; x_wconf 95' lang='lat'><strong>,</strong></span> <span class='ocrx_word' id='word_1_185' title='bbox 767 2468 859 2522; x_wconf 89' lang='lat' dir='ltr'><strong>sed</strong></span> <span class='ocrx_word' id='word_1_186' title='bbox 895 2468 1087 2522; x_wconf 89' lang='lat' dir='ltr'><strong>timens</strong></span> <span class='ocrx_word' id='word_1_187' title='bbox 1115 2469 1413 2538; x_wconf 82' lang='lat' dir='ltr'><strong>evangelio.</strong></span> <span class='ocrx_word' id='word_1_188' title='bbox 1456 2468 1743 2537; x_wconf 73' lang='lat' dir='ltr'><strong>Propterea</strong></span> <span class='ocrx_word' id='word_1_189' title='bbox 1774 2467 1859 2521; x_wconf 91' lang='lat' dir='ltr'><strong>hic</strong></span> <span class='ocrx_word' id='word_1_190' title='bbox 1886 2483 2014 2537; x_wconf 89' lang='lat' dir='ltr'><strong>quo-</strong></span> 
     </span>
    </p>
   </div>
   <div class='ocr_carea' id='block_1_24' title="bbox 427 2560 2014 2631">
    <p class='ocr_par' dir='ltr' id='par_1_24' title="bbox 427 2560 2014 2631">
     <span class='ocr_line' id='line_1_24' title="bbox 427 2560 2014 2631; baseline 0.001 -20"><span class='ocrx_word' id='word_1_191' title='bbox 427 2576 531 2630; x_wconf 88' lang='lat' dir='ltr'><strong>que</strong></span> <span class='ocrx_word' id='word_1_192' title='bbox 558 2560 722 2628; x_wconf 84' lang='lat' dir='ltr'><strong>dicit,</strong></span> <span class='ocrx_word' id='word_1_193' title='bbox 750 2560 984 2629; x_wconf 88' lang='lat' dir='ltr'><strong>seipsum</strong></span> <span class='ocrx_word' id='word_1_194' title='bbox 1013 2577 1299 2631; x_wconf 68' lang='lat' dir='ltr'><strong>exaequatis</strong></span> <span class='ocrx_word' id='word_1_195' title='bbox 1332 2578 1345 2614; x_wconf 93' lang='lat'><strong>:</strong></span> <span class='ocrx_word' id='word_1_196' title='bbox 1378 2561 1500 2615; x_wconf 82' lang='lat' dir='ltr'><strong>Sive</strong></span> <span class='ocrx_word' id='word_1_197' title='bbox 1524 2577 1634 2631; x_wconf 83' lang='lat' dir='ltr'><strong>ego,</strong></span> <span class='ocrx_word' id='word_1_198' title='bbox 1667 2561 1771 2613; x_wconf 84' lang='lat' dir='ltr'><strong>sive</strong></span> <span class='ocrx_word' id='word_1_199' title='bbox 1795 2560 1875 2613; x_wconf 84' lang='lat' dir='ltr'><strong>illi</strong></span> <span class='ocrx_word' id='word_1_200' title='bbox 1901 2602 1915 2624; x_wconf 89' lang='lat'><strong>,</strong></span> <span class='ocrx_word' id='word_1_201' title='bbox 1940 2563 2014 2613; x_wconf 85' lang='lat' dir='ltr'><strong>sic</strong></span> 
     </span>
    </p>
   </div>
   <div class='ocr_carea' id='block_1_25' title="bbox 428 2650 2011 2722">
    <p class='ocr_par' dir='ltr' id='par_1_25' title="bbox 428 2650 2011 2722">
     <span class='ocr_line' id='line_1_25' title="bbox 428 2650 2011 2722; baseline 0.002 -21"><span class='ocrx_word' id='word_1_202' title='bbox 428 2651 783 2722; x_wconf 77' lang='lat' dir='ltr'><strong>prtedicamus.</strong></span> <span class='ocrx_word' id='word_1_203' title='bbox 824 2650 1055 2707; x_wconf 84' lang='lat' dir='ltr'><strong>Pulchre</strong></span> <span class='ocrx_word' id='word_1_204' title='bbox 1107 2653 1280 2713; x_wconf 78' lang='lat' dir='ltr'><strong>dixit,</strong></span> <span class='ocrx_word' id='word_1_205' title='bbox 1328 2650 1713 2715; x_wconf 75' lang='lat' dir='ltr'><strong>Pt&#39;wtlt&#39;camtts,</strong></span> <span class='ocrx_word' id='word_1_206' title='bbox 1764 2666 2011 2720; x_wconf 80' lang='lat' dir='ltr'><strong>magnam</strong></span> 
     </span>
    </p>
   </div>
   <div class='ocr_carea' id='block_1_26' title="bbox 426 2741 2009 2813">
    <p class='ocr_par' dir='ltr' id='par_1_26' title="bbox 426 2741 2009 2813">
     <span class='ocr_line' id='line_1_26' title="bbox 426 2741 2009 2813; baseline 0 -17"><span class='ocrx_word' id='word_1_207' title='bbox 426 2742 717 2798; x_wconf 88' lang='lat' dir='ltr'><strong>ostendens</strong></span> <span class='ocrx_word' id='word_1_208' title='bbox 740 2742 986 2797; x_wconf 89' lang='lat' dir='ltr'><strong>ﬁduciam</strong></span> <span class='ocrx_word' id='word_1_209' title='bbox 1013 2758 1076 2797; x_wconf 89' lang='lat' dir='ltr'><strong>ac</strong></span> <span class='ocrx_word' id='word_1_210' title='bbox 1104 2741 1354 2813; x_wconf 75' lang='lat' dir='ltr'><strong>loquendi</strong></span> <span class='ocrx_word' id='word_1_211' title='bbox 1381 2742 1704 2798; x_wconf 85' lang='lat' dir='ltr'><strong>libertatem.</strong></span> <span class='ocrx_word' id='word_1_212' title='bbox 1730 2741 1845 2796; x_wconf 84' lang='lat' dir='ltr'><strong>Non</strong></span> <span class='ocrx_word' id='word_1_213' title='bbox 1869 2743 2009 2797; x_wconf 89' lang='lat' dir='ltr'><strong>enim</strong></span> 
     </span>
    </p>
   </div>
   <div class='ocr_carea' id='block_1_27' title="bbox 423 2835 2011 2906">
    <p class='ocr_par' dir='ltr' id='par_1_27' title="bbox 423 2835 2011 2906">
     <span class='ocr_line' id='line_1_27' title="bbox 423 2835 2011 2906; baseline -0.002 -16"><span class='ocrx_word' id='word_1_214' title='bbox 423 2837 562 2890; x_wconf 89' lang='lat' dir='ltr'><strong>clam</strong></span> <span class='ocrx_word' id='word_1_215' title='bbox 590 2852 763 2906; x_wconf 88' lang='lat' dir='ltr'><strong>neque</strong></span> <span class='ocrx_word' id='word_1_216' title='bbox 792 2837 844 2890; x_wconf 91' lang='lat' dir='ltr'><strong>in</strong></span> <span class='ocrx_word' id='word_1_217' title='bbox 874 2838 1122 2900; x_wconf 89' lang='lat' dir='ltr'><strong>occulto,</strong></span> <span class='ocrx_word' id='word_1_218' title='bbox 1172 2835 1263 2890; x_wconf 89' lang='lat' dir='ltr'><strong>sed</strong></span> <span class='ocrx_word' id='word_1_219' title='bbox 1320 2835 1441 2889; x_wconf 89' lang='lat' dir='ltr'><strong>tuba</strong></span> <span class='ocrx_word' id='word_1_220' title='bbox 1488 2835 1771 2889; x_wconf 88' lang='lat' dir='ltr'><strong>clariorem</strong></span> <span class='ocrx_word' id='word_1_221' title='bbox 1826 2850 2011 2889; x_wconf 82' lang='lat' dir='ltr'><strong>vocem</strong></span> 
     </span>
    </p>
   </div>
   <div class='ocr_carea' id='block_1_28' title="bbox 424 2927 2015 2996">
    <p class='ocr_par' dir='ltr' id='par_1_28' title="bbox 424 2927 2015 2996">
     <span class='ocr_line' id='line_1_28' title="bbox 424 2927 2015 2996; baseline -0.001 -13"><span class='ocrx_word' id='word_1_222' title='bbox 424 2928 737 2983; x_wconf 81' lang='lat' dir='ltr'><strong>emittimus.</strong></span> <span class='ocrx_word' id='word_1_223' title='bbox 774 2928 956 2996; x_wconf 80' lang='lat' dir='ltr'><strong>Neque</strong></span> <span class='ocrx_word' id='word_1_224' title='bbox 1003 2928 1174 2992; x_wconf 83' lang='lat' dir='ltr'><strong>dixit,</strong></span> <span class='ocrx_word' id='word_1_225' title='bbox 1224 2929 1679 2993; x_wconf 69' lang='lat' dir='ltr'><strong>Praedicavimns,</strong></span> <span class='ocrx_word' id='word_1_226' title='bbox 1735 2927 1828 2981; x_wconf 89' lang='lat' dir='ltr'><strong>sed</strong></span> <span class='ocrx_word' id='word_1_227' title='bbox 1874 2941 2015 2981; x_wconf 88' lang='lat' dir='ltr'><strong>nunc</strong></span> 
     </span>
    </p>
   </div>
   <div class='ocr_carea' id='block_1_29' title="bbox 425 3019 2011 3093">
    <p class='ocr_par' dir='ltr' id='par_1_29' title="bbox 425 3019 2011 3093">
     <span class='ocr_line' id='line_1_29' title="bbox 425 3019 2011 3093; baseline -0.002 -19"><span class='ocrx_word' id='word_1_228' title='bbox 425 3038 636 3093; x_wconf 86' lang='lat' dir='ltr'><strong>quoque</strong></span> <span class='ocrx_word' id='word_1_229' title='bbox 667 3023 756 3076; x_wconf 87' lang='lat' dir='ltr'><strong>Sic</strong></span> <span class='ocrx_word' id='word_1_230' title='bbox 797 3024 1159 3091; x_wconf 81' lang='lat' dir='ltr'><strong>prtctlicamus.</strong></span> <span class='ocrx_word' id='word_1_231' title='bbox 1200 3021 1265 3075; x_wconf 80' lang='lat' dir='ltr'><strong>Et</strong></span> <span class='ocrx_word' id='word_1_232' title='bbox 1298 3023 1371 3075; x_wconf 86' lang='lat' dir='ltr'><strong>sic</strong></span> <span class='ocrx_word' id='word_1_233' title='bbox 1415 3021 1719 3075; x_wconf 76' lang='lat' dir='ltr'><strong>credidistis.</strong></span> <span class='ocrx_word' id='word_1_234' title='bbox 1765 3019 1860 3075; x_wconf 86' lang='lat' dir='ltr'><strong>llic</strong></span> <span class='ocrx_word' id='word_1_235' title='bbox 1905 3037 2011 3074; x_wconf 80' lang='lat' dir='ltr'><strong>non</strong></span> 
     </span>
    </p>
   </div>
   <div class='ocr_carea' id='block_1_30' title="bbox 424 3112 2006 3180">
    <p class='ocr_par' dir='ltr' id='par_1_30' title="bbox 424 3112 2006 3180">
     <span class='ocr_line' id='line_1_30' title="bbox 424 3112 2006 3180; baseline -0.003 -12"><span class='ocrx_word' id='word_1_236' title='bbox 424 3115 589 3180; x_wconf 84' lang='lat' dir='ltr'><strong>dixit,</strong></span> <span class='ocrx_word' id='word_1_237' title='bbox 621 3115 850 3169; x_wconf 81' lang='lat' dir='ltr'><strong>Creditis</strong></span> <span class='ocrx_word' id='word_1_238' title='bbox 871 3156 887 3180; x_wconf 94' lang='lat'><strong>,</strong></span> <span class='ocrx_word' id='word_1_239' title='bbox 920 3113 1045 3180; x_wconf 85' lang='lat' dir='ltr'><strong>sed,</strong></span> <span class='ocrx_word' id='word_1_240' title='bbox 1075 3115 1399 3169; x_wconf 79' lang='lat' dir='ltr'><strong>Credidistis.</strong></span> <span class='ocrx_word' id='word_1_241' title='bbox 1440 3115 1702 3180; x_wconf 76' lang='lat' dir='ltr'><strong>Quoniam</strong></span> <span class='ocrx_word' id='word_1_242' title='bbox 1736 3112 2006 3179; x_wconf 83' lang='lat' dir='ltr'><strong>lababant,</strong></span> 
     </span>
    </p>
   </div>
   <div class='ocr_carea' id='block_1_31' title="bbox 425 3202 2011 3273">
    <p class='ocr_par' dir='ltr' id='par_1_31' title="bbox 425 3202 2011 3273">
     <span class='ocr_line' id='line_1_31' title="bbox 425 3202 2011 3273; baseline -0.001 -15"><span class='ocrx_word' id='word_1_243' title='bbox 425 3204 546 3259; x_wconf 85' lang='lat' dir='ltr'><strong>ideo</strong></span> <span class='ocrx_word' id='word_1_244' title='bbox 570 3204 634 3258; x_wconf 87' lang='lat' dir='ltr'><strong>ad</strong></span> <span class='ocrx_word' id='word_1_245' title='bbox 663 3206 940 3273; x_wconf 82' lang='lat' dir='ltr'><strong>superiora</strong></span> <span class='ocrx_word' id='word_1_246' title='bbox 973 3206 1199 3258; x_wconf 89' lang='lat' dir='ltr'><strong>recurrit</strong></span> <span class='ocrx_word' id='word_1_247' title='bbox 1233 3216 1472 3273; x_wconf 88' lang='lat' dir='ltr'><strong>tempora</strong></span> <span class='ocrx_word' id='word_1_248' title='bbox 1500 3244 1515 3267; x_wconf 85' lang='lat'><strong>,</strong></span> <span class='ocrx_word' id='word_1_249' title='bbox 1545 3216 1599 3259; x_wconf 92' lang='lat' dir='ltr'><strong>et</strong></span> <span class='ocrx_word' id='word_1_250' title='bbox 1625 3204 1692 3258; x_wconf 89' lang='lat' dir='ltr'><strong>de</strong></span> <span class='ocrx_word' id='word_1_251' title='bbox 1720 3214 1916 3258; x_wconf 74' lang='lat' dir='ltr'><strong>etetero</strong></span> <span class='ocrx_word' id='word_1_252' title='bbox 1943 3202 2011 3257; x_wconf 89' lang='lat' dir='ltr'><strong>ab</strong></span> 
     </span>
    </p>
   </div>
   <div class='ocr_carea' id='block_1_32' title="bbox 427 3295 2011 3364">
    <p class='ocr_par' dir='ltr' id='par_1_32' title="bbox 427 3295 2011 3364">
     <span class='ocr_line' id='line_1_32' title="bbox 427 3295 2011 3364; baseline -0.002 -15"><span class='ocrx_word' id='word_1_253' title='bbox 427 3297 490 3349; x_wconf 86' lang='lat' dir='ltr'><strong>iis</strong></span> <span class='ocrx_word' id='word_1_254' title='bbox 536 3296 663 3364; x_wconf 85' lang='lat' dir='ltr'><strong>ipsis</strong></span> <span class='ocrx_word' id='word_1_255' title='bbox 708 3295 854 3349; x_wconf 85' lang='lat' dir='ltr'><strong>addit</strong></span> <span class='ocrx_word' id='word_1_256' title='bbox 904 3295 1285 3350; x_wconf 80' lang='lat' dir='ltr'><strong>testimonium.</strong></span> <span class='ocrx_word' id='word_1_257' title='bbox 1330 3295 1421 3350; x_wconf 70' lang='grc' dir='ltr'><strong>η.</strong></span> <span class='ocrx_word' id='word_1_258' title='bbox 1464 3295 1524 3350; x_wconf 88' lang='lat' dir='ltr'><strong>Si</strong></span> <span class='ocrx_word' id='word_1_259' title='bbox 1573 3305 1740 3348; x_wconf 82' lang='lat' dir='ltr'><strong>autem</strong></span> <span class='ocrx_word' id='word_1_260' title='bbox 1781 3295 2011 3348; x_wconf 85' lang='lat' dir='ltr'><strong>Christus</strong></span> 
     </span>
    </p>
   </div>
   <div class='ocr_carea' id='block_1_33' title="bbox 425 3387 2008 3459">
    <p class='ocr_par' dir='ltr' id='par_1_33' title="bbox 425 3387 2008 3459">
     <span class='ocr_line' id='line_1_33' title="bbox 425 3387 2008 3459; baseline 0.001 -19"><span class='ocrx_word' id='word_1_261' title='bbox 425 3390 730 3459; x_wconf 67' lang='lat' dir='ltr'><strong>praedicatur</strong></span> <span class='ocrx_word' id='word_1_262' title='bbox 753 3389 890 3458; x_wconf 86' lang='lat' dir='ltr'><strong>quod</strong></span> <span class='ocrx_word' id='word_1_263' title='bbox 915 3390 1189 3443; x_wconf 68' lang='lat' dir='ltr'><strong>resurrexit</strong></span> <span class='ocrx_word' id='word_1_264' title='bbox 1209 3406 1241 3442; x_wconf 89' lang='lat' dir='ltr'><strong>a</strong></span> <span class='ocrx_word' id='word_1_265' title='bbox 1264 3389 1497 3451; x_wconf 80' lang='lat' dir='ltr'><strong>mortuis,</strong></span> <span class='ocrx_word' id='word_1_266' title='bbox 1524 3387 1776 3458; x_wconf 84' lang='lat' dir='ltr'><strong>quomodo</strong></span> <span class='ocrx_word' id='word_1_267' title='bbox 1800 3389 2008 3457; x_wconf 82' lang='lat' dir='ltr'><strong>quidam</strong></span> 
     </span>
    </p>
   </div>
   <div class='ocr_carea' id='block_1_34' title="bbox 425 3482 2009 3554">
    <p class='ocr_par' dir='ltr' id='par_1_34' title="bbox 425 3482 2009 3554">
     <span class='ocr_line' id='line_1_34' title="bbox 425 3482 2009 3554; baseline -0.002 -17"><span class='ocrx_word' id='word_1_268' title='bbox 425 3485 595 3537; x_wconf 83' lang='lat' dir='ltr'><strong>dicunt</strong></span> <span class='ocrx_word' id='word_1_269' title='bbox 621 3486 671 3537; x_wconf 85' lang='lat' dir='ltr'><strong>in</strong></span> <span class='ocrx_word' id='word_1_270' title='bbox 697 3483 832 3538; x_wconf 85' lang='lat' dir='ltr'><strong>vobis</strong></span> <span class='ocrx_word' id='word_1_271' title='bbox 872 3483 1008 3554; x_wconf 84' lang='lat' dir='ltr'><strong>quod</strong></span> <span class='ocrx_word' id='word_1_272' title='bbox 1046 3483 1353 3538; x_wconf 76' lang='lat' dir='ltr'><strong>resurrectio</strong></span> <span class='ocrx_word' id='word_1_273' title='bbox 1400 3492 1714 3537; x_wconf 85' lang='lat' dir='ltr'><strong>mortuorum</strong></span> <span class='ocrx_word' id='word_1_274' title='bbox 1748 3498 1849 3535; x_wconf 84' lang='lat' dir='ltr'><strong>non</strong></span> <span class='ocrx_word' id='word_1_275' title='bbox 1893 3482 2009 3536; x_wconf 82' lang='lat' dir='ltr'><strong>est?</strong></span> 
     </span>
    </p>
   </div>
   <div class='ocr_carea' id='block_1_35' title="bbox 426 3576 2010 3652">
    <p class='ocr_par' dir='ltr' id='par_1_35' title="bbox 426 3576 2010 3652">
     <span class='ocr_line' id='line_1_35' title="bbox 426 3576 2010 3652; baseline -0.003 -17"><span class='ocrx_word' id='word_1_276' title='bbox 426 3581 610 3637; x_wconf 73' lang='lat' dir='ltr'><strong>Videa’</strong></span> <span class='ocrx_word' id='word_1_277' title='bbox 640 3579 909 3652; x_wconf 91' lang='lat' dir='ltr'><strong>quomodo</strong></span> <span class='ocrx_word' id='word_1_278' title='bbox 956 3580 1158 3650; x_wconf 83' lang='lat' dir='ltr'><strong>optime</strong></span> <span class='ocrx_word' id='word_1_279' title='bbox 1205 3579 1554 3633; x_wconf 83' lang='lat' dir='ltr'><strong>ratiocinatur</strong></span> <span class='ocrx_word' id='word_1_280' title='bbox 1593 3587 1647 3633; x_wconf 92' lang='lat' dir='ltr'><strong>et</strong></span> <span class='ocrx_word' id='word_1_281' title='bbox 1674 3576 2010 3633; x_wconf 83' lang='lat' dir='ltr'><strong>demonstrat</strong></span> 
     </span>
    </p>
   </div>
   <div class='ocr_carea' id='block_1_36' title="bbox 424 3670 2005 3743">
    <p class='ocr_par' dir='ltr' id='par_1_36' title="bbox 424 3670 2005 3743">
     <span class='ocr_line' id='line_1_36' title="bbox 424 3670 2005 3743; baseline -0.003 -15"><span class='ocrx_word' id='word_1_282' title='bbox 424 3675 870 3731; x_wconf 86' lang='lat' dir='ltr'><strong>resurrectionem</strong></span> <span class='ocrx_word' id='word_1_283' title='bbox 896 3688 960 3727; x_wconf 82' lang='lat' dir='ltr'><strong>ex</strong></span> <span class='ocrx_word' id='word_1_284' title='bbox 991 3688 1057 3729; x_wconf 91' lang='lat' dir='ltr'><strong>eo</strong></span> <span class='ocrx_word' id='word_1_285' title='bbox 1088 3672 1233 3743; x_wconf 90' lang='lat' dir='ltr'><strong>quod</strong></span> <span class='ocrx_word' id='word_1_286' title='bbox 1289 3672 1536 3727; x_wconf 83' lang='lat' dir='ltr'><strong>Christus</strong></span> <span class='ocrx_word' id='word_1_287' title='bbox 1584 3671 1655 3726; x_wconf 90' lang='lat' dir='ltr'><strong>sit</strong></span> <span class='ocrx_word' id='word_1_288' title='bbox 1702 3670 1961 3726; x_wconf 84' lang='lat' dir='ltr'><strong>excitatus</strong></span> <span class='ocrx_word' id='word_1_289' title='bbox 1988 3710 2005 3736; x_wconf 92' lang='lat'><strong>,</strong></span> 
     </span>
    </p>
   </div>
   <div class='ocr_carea' id='block_1_37' title="bbox 423 3759 2008 3834">
    <p class='ocr_par' dir='ltr' id='par_1_37' title="bbox 423 3759 2008 3834">
     <span class='ocr_line' id='line_1_37' title="bbox 423 3759 2008 3834; baseline -0.004 -14"><span class='ocrx_word' id='word_1_290' title='bbox 423 3781 543 3820; x_wconf 90' lang='lat' dir='ltr'><strong>cum</strong></span> <span class='ocrx_word' id='word_1_291' title='bbox 571 3781 635 3819; x_wconf 89' lang='lat' dir='ltr'><strong>ex</strong></span> <span class='ocrx_word' id='word_1_292' title='bbox 664 3764 846 3819; x_wconf 88' lang='lat' dir='ltr'><strong>multis</strong></span> <span class='ocrx_word' id='word_1_293' title='bbox 871 3763 997 3819; x_wconf 89' lang='lat' dir='ltr'><strong>illud</strong></span> <span class='ocrx_word' id='word_1_294' title='bbox 1031 3766 1174 3834; x_wconf 83' lang='lat' dir='ltr'><strong>prius</strong></span> <span class='ocrx_word' id='word_1_295' title='bbox 1203 3759 1619 3818; x_wconf 86' lang='lat' dir='ltr'><strong>conﬁrmasset?</strong></span> <span class='ocrx_word' id='word_1_296' title='bbox 1645 3762 1775 3817; x_wconf 86' lang='lat' dir='ltr'><strong>Nam</strong></span> <span class='ocrx_word' id='word_1_297' title='bbox 1802 3770 1856 3816; x_wconf 91' lang='lat' dir='ltr'><strong>et</strong></span> <span class='ocrx_word' id='word_1_298' title='bbox 1884 3777 2008 3831; x_wconf 81' lang='lat' dir='ltr'><strong>pro-</strong></span> 
     </span>
    </p>
   </div>
   <div class='ocr_carea' id='block_1_38' title="bbox 425 3854 2007 3927">
    <p class='ocr_par' dir='ltr' id='par_1_38' title="bbox 425 3854 2007 3927">
     <span class='ocr_line' id='line_1_38' title="bbox 425 3854 2007 3927; baseline -0.003 -15"><span class='ocrx_word' id='word_1_299' title='bbox 425 3857 625 3927; x_wconf 71' lang='lat' dir='ltr'><strong>phetze,</strong></span> <span class='ocrx_word' id='word_1_300' title='bbox 664 3857 869 3927; x_wconf 90' lang='lat' dir='ltr'><strong>inquit,</strong></span> <span class='ocrx_word' id='word_1_301' title='bbox 921 3857 1024 3911; x_wconf 89' lang='lat' dir='ltr'><strong>hoc</strong></span> <span class='ocrx_word' id='word_1_302' title='bbox 1050 3855 1319 3922; x_wconf 84' lang='lat' dir='ltr'><strong>dixerunt,</strong></span> <span class='ocrx_word' id='word_1_303' title='bbox 1375 3864 1431 3910; x_wconf 89' lang='lat' dir='ltr'><strong>et</strong></span> <span class='ocrx_word' id='word_1_304' title='bbox 1473 3856 1588 3926; x_wconf 90' lang='lat' dir='ltr'><strong>ipse</strong></span> <span class='ocrx_word' id='word_1_305' title='bbox 1634 3854 1871 3909; x_wconf 88' lang='lat' dir='ltr'><strong>ostendit</strong></span> <span class='ocrx_word' id='word_1_306' title='bbox 1914 3868 2007 3923; x_wconf 90' lang='lat' dir='ltr'><strong>per</strong></span> 
     </span>
    </p>
   </div>
   <div class='ocr_carea' id='block_1_39' title="bbox 424 3943 2005 4017">
    <p class='ocr_par' dir='ltr' id='par_1_39' title="bbox 424 3943 2005 4017">
     <span class='ocr_line' id='line_1_39' title="bbox 424 3943 2005 4017; baseline -0.002 -18"><span class='ocrx_word' id='word_1_307' title='bbox 424 3950 682 4006; x_wconf 71' lang='lat' dir='ltr'><strong>visionem</strong></span> <span class='ocrx_word' id='word_1_308' title='bbox 702 3990 719 4013; x_wconf 92' lang='lat'><strong>,</strong></span> <span class='ocrx_word' id='word_1_309' title='bbox 772 3956 829 4004; x_wconf 90' lang='lat' dir='ltr'><strong>et</strong></span> <span class='ocrx_word' id='word_1_310' title='bbox 872 3962 971 4002; x_wconf 90' lang='lat' dir='ltr'><strong>nos</strong></span> <span class='ocrx_word' id='word_1_311' title='bbox 1002 3946 1356 4017; x_wconf 73' lang='lat' dir='ltr'><strong>prredicamus</strong></span> <span class='ocrx_word' id='word_1_312' title='bbox 1382 3988 1399 4012; x_wconf 95' lang='lat'><strong>,</strong></span> <span class='ocrx_word' id='word_1_313' title='bbox 1447 3956 1501 4002; x_wconf 89' lang='lat' dir='ltr'><strong>et</strong></span> <span class='ocrx_word' id='word_1_314' title='bbox 1537 3961 1634 4000; x_wconf 89' lang='lat' dir='ltr'><strong>vos</strong></span> <span class='ocrx_word' id='word_1_315' title='bbox 1662 3943 1965 4000; x_wconf 88' lang='lat' dir='ltr'><strong>credidistis</strong></span> <span class='ocrx_word' id='word_1_316' title='bbox 1988 3984 2005 4009; x_wconf 95' lang='lat'><strong>,</strong></span> 
     </span>
    </p>
   </div>
   <div class='ocr_carea' id='block_1_40' title="bbox 422 4036 2009 4111">
    <p class='ocr_par' dir='ltr' id='par_1_40' title="bbox 422 4036 2009 4111">
     <span class='ocr_line' id='line_1_40' title="bbox 422 4036 2009 4111; baseline -0.003 -19"><span class='ocrx_word' id='word_1_317' title='bbox 422 4041 751 4111; x_wconf 78' lang='lat' dir='ltr'><strong>quadruplex</strong></span> <span class='ocrx_word' id='word_1_318' title='bbox 770 4050 1094 4095; x_wconf 88' lang='lat' dir='ltr'><strong>connectens</strong></span> <span class='ocrx_word' id='word_1_319' title='bbox 1115 4039 1479 4093; x_wconf 89' lang='lat' dir='ltr'><strong>testimonium</strong></span> <span class='ocrx_word' id='word_1_320' title='bbox 1523 4055 1535 4089; x_wconf 95' lang='lat'>:</span> <span class='ocrx_word' id='word_1_321' title='bbox 1567 4036 1708 4109; x_wconf 90' lang='lat' dir='ltr'><strong>quod</strong></span> <span class='ocrx_word' id='word_1_322' title='bbox 1738 4036 2009 4092; x_wconf 86' lang='lat' dir='ltr'><strong>ferebatur</strong></span> 
     </span>
    </p>
   </div>
   <div class='ocr_carea' id='block_1_41' title="bbox 425 4128 2009 4204">
    <p class='ocr_par' dir='ltr' id='par_1_41' title="bbox 425 4128 2009 4204">
     <span class='ocr_line' id='line_1_41' title="bbox 425 4128 2009 4204; baseline -0.003 -17"><span class='ocrx_word' id='word_1_323' title='bbox 425 4150 523 4202; x_wconf 83' lang='lat' dir='ltr'><strong>per</strong></span> <span class='ocrx_word' id='word_1_324' title='bbox 549 4131 833 4201; x_wconf 84' lang='lat' dir='ltr'><strong>prophetas</strong></span> <span class='ocrx_word' id='word_1_325' title='bbox 852 4174 869 4201; x_wconf 94' lang='lat'><strong>,</strong></span> <span class='ocrx_word' id='word_1_326' title='bbox 895 4132 1038 4204; x_wconf 90' lang='lat' dir='ltr'><strong>quod</strong></span> <span class='ocrx_word' id='word_1_327' title='bbox 1069 4148 1163 4202; x_wconf 89' lang='lat' dir='ltr'><strong>per</strong></span> <span class='ocrx_word' id='word_1_328' title='bbox 1193 4146 1370 4186; x_wconf 91' lang='lat' dir='ltr'><strong>rerum</strong></span> <span class='ocrx_word' id='word_1_329' title='bbox 1400 4140 1649 4186; x_wconf 82' lang='lat' dir='ltr'><strong>eventum</strong></span> <span class='ocrx_word' id='word_1_330' title='bbox 1672 4170 1687 4193; x_wconf 94' lang='lat'><strong>,</strong></span> <span class='ocrx_word' id='word_1_331' title='bbox 1737 4128 1878 4198; x_wconf 91' lang='lat' dir='ltr'><strong>quod</strong></span> <span class='ocrx_word' id='word_1_332' title='bbox 1913 4143 2009 4197; x_wconf 85' lang='lat' dir='ltr'><strong>per</strong></span> 
     </span>
    </p>
   </div>
   <div class='ocr_carea' id='block_1_42' title="bbox 421 4218 2002 4297">
    <p class='ocr_par' dir='ltr' id='par_1_42' title="bbox 421 4218 2002 4297">
     <span class='ocr_line' id='line_1_42' title="bbox 421 4218 2002 4297; baseline -0.004 -16"><span class='ocrx_word' id='word_1_333' title='bbox 421 4227 722 4295; x_wconf 81' lang='lat' dir='ltr'><strong>apostolos,</strong></span> <span class='ocrx_word' id='word_1_334' title='bbox 749 4226 886 4296; x_wconf 90' lang='lat' dir='ltr'><strong>quod</strong></span> <span class='ocrx_word' id='word_1_335' title='bbox 907 4241 1001 4297; x_wconf 89' lang='lat' dir='ltr'><strong>per</strong></span> <span class='ocrx_word' id='word_1_336' title='bbox 1015 4225 1303 4294; x_wconf 88' lang='lat' dir='ltr'><strong>discipulos</strong></span> <span class='ocrx_word' id='word_1_337' title='bbox 1327 4240 1341 4286; x_wconf 90' lang='lat'><strong>;</strong></span> <span class='ocrx_word' id='word_1_338' title='bbox 1361 4224 1443 4278; x_wconf 80' lang='lat' dir='ltr'><strong>vel</strong></span> <span class='ocrx_word' id='word_1_339' title='bbox 1469 4223 1644 4293; x_wconf 89' lang='lat' dir='ltr'><strong>potius</strong></span> <span class='ocrx_word' id='word_1_340' title='bbox 1670 4218 2002 4290; x_wconf 85' lang='lat' dir='ltr'><strong>quintuplcx.</strong></span> 
     </span>
    </p>
   </div>
   <div class='ocr_carea' id='block_1_43' title="bbox 423 4306 2019 4389">
    <p class='ocr_par' dir='ltr' id='par_1_43' title="bbox 423 4306 2019 4389">
     <span class='ocr_line' id='line_1_43' title="bbox 423 4306 2019 4389; baseline -0.006 -16"><span class='ocrx_word' id='word_1_341' title='bbox 423 4318 556 4373; x_wconf 85' lang='lat' dir='ltr'><strong>Nam</strong></span> <span class='ocrx_word' id='word_1_342' title='bbox 606 4318 720 4389; x_wconf 88' lang='lat' dir='ltr'><strong>ipsa</strong></span> <span class='ocrx_word' id='word_1_343' title='bbox 773 4333 986 4389; x_wconf 87' lang='lat' dir='ltr'><strong>quoque</strong></span> <span class='ocrx_word' id='word_1_344' title='bbox 1031 4333 1189 4371; x_wconf 85' lang='lat' dir='ltr'><strong>causa</strong></span> <span class='ocrx_word' id='word_1_345' title='bbox 1236 4316 1471 4371; x_wconf 89' lang='lat' dir='ltr'><strong>ostendit</strong></span> <span class='ocrx_word' id='word_1_346' title='bbox 1518 4306 2019 4379; x_wconf 82' lang='lat' dir='ltr'><strong>resurrectionem,</strong></span> 
     </span>
    </p>
   </div>
   <div class='ocr_carea' id='block_1_44' title="bbox 424 4406 2008 4482">
    <p class='ocr_par' dir='ltr' id='par_1_44' title="bbox 424 4406 2008 4482">
     <span class='ocr_line' id='line_1_44' title="bbox 424 4406 2008 4482; baseline -0.003 -17"><span class='ocrx_word' id='word_1_347' title='bbox 424 4427 614 4482; x_wconf 84' lang='lat' dir='ltr'><strong>nempe</strong></span> <span class='ocrx_word' id='word_1_348' title='bbox 639 4412 780 4482; x_wconf 90' lang='lat' dir='ltr'><strong>quod</strong></span> <span class='ocrx_word' id='word_1_349' title='bbox 801 4414 872 4467; x_wconf 91' lang='lat' dir='ltr'><strong>sit</strong></span> <span class='ocrx_word' id='word_1_350' title='bbox 896 4421 1138 4467; x_wconf 87' lang='lat' dir='ltr'><strong>mortuus</strong></span> <span class='ocrx_word' id='word_1_351' title='bbox 1158 4426 1253 4481; x_wconf 95' lang='lat' dir='ltr'><strong>pro</strong></span> <span class='ocrx_word' id='word_1_352' title='bbox 1272 4411 1498 4465; x_wconf 86' lang='lat' dir='ltr'><strong>aliorum</strong></span> <span class='ocrx_word' id='word_1_353' title='bbox 1526 4411 1775 4476; x_wconf 86' lang='lat' dir='ltr'><strong>peccatis.</strong></span> <span class='ocrx_word' id='word_1_354' title='bbox 1799 4406 1853 4464; x_wconf 88' lang='lat' dir='ltr'><strong>Si</strong></span> <span class='ocrx_word' id='word_1_355' title='bbox 1879 4423 2008 4479; x_wconf 85' lang='lat' dir='ltr'><strong>ergo</strong></span> 
     </span>
    </p>
   </div>
   <div class='ocr_carea' id='block_1_45' title="bbox 424 4500 2007 4575">
    <p class='ocr_par' dir='ltr' id='par_1_45' title="bbox 424 4500 2007 4575">
     <span class='ocr_line' id='line_1_45' title="bbox 424 4500 2007 4575; baseline -0.001 -17"><span class='ocrx_word' id='word_1_356' title='bbox 424 4505 526 4559; x_wconf 85' lang='lat' dir='ltr'><strong>hoc</strong></span> <span class='ocrx_word' id='word_1_357' title='bbox 572 4506 999 4560; x_wconf 87' lang='lat' dir='ltr'><strong>demonstratum</strong></span> <span class='ocrx_word' id='word_1_358' title='bbox 1048 4505 1183 4570; x_wconf 86' lang='lat' dir='ltr'><strong>fuit,</strong></span> <span class='ocrx_word' id='word_1_359' title='bbox 1249 4504 1422 4575; x_wconf 87' lang='lat' dir='ltr'><strong>palam</strong></span> <span class='ocrx_word' id='word_1_360' title='bbox 1466 4513 1550 4559; x_wconf 89' lang='lat' dir='ltr'><strong>est</strong></span> <span class='ocrx_word' id='word_1_361' title='bbox 1590 4502 1732 4574; x_wconf 87' lang='lat' dir='ltr'><strong>quod</strong></span> <span class='ocrx_word' id='word_1_362' title='bbox 1779 4500 2007 4557; x_wconf 88' lang='lat' dir='ltr'><strong>alterum</strong></span> 
     </span>
    </p>
   </div>
   <div class='ocr_carea' id='block_1_46' title="bbox 423 4595 2005 4668">
    <p class='ocr_par' dir='ltr' id='par_1_46' title="bbox 423 4595 2005 4668">
     <span class='ocr_line' id='line_1_46' title="bbox 423 4595 2005 4668; baseline 0.003 -21"><span class='ocrx_word' id='word_1_363' title='bbox 423 4612 633 4668; x_wconf 72' lang='lat' dir='ltr'><strong>quoque</strong></span> <span class='ocrx_word' id='word_1_364' title='bbox 681 4606 968 4667; x_wconf 86' lang='lat' dir='ltr'><strong>sequatur;</strong></span> <span class='ocrx_word' id='word_1_365' title='bbox 1025 4605 1252 4652; x_wconf 72' lang='lat' dir='ltr'><strong>czeteros</strong></span> <span class='ocrx_word' id='word_1_366' title='bbox 1304 4597 1468 4652; x_wconf 90' lang='lat' dir='ltr'><strong>etiam</strong></span> <span class='ocrx_word' id='word_1_367' title='bbox 1498 4606 1735 4652; x_wconf 81' lang='lat' dir='ltr'><strong>mortuos</strong></span> <span class='ocrx_word' id='word_1_368' title='bbox 1761 4595 2005 4651; x_wconf 80' lang='lat' dir='ltr'><strong>excitari.</strong></span> 
     </span>
    </p>
   </div>
   <div class='ocr_carea' id='block_1_47' title="bbox 427 4686 2006 4757">
    <p class='ocr_par' dir='ltr' id='par_1_47' title="bbox 427 4686 2006 4757">
     <span class='ocr_line' id='line_1_47' title="bbox 427 4686 2006 4757; baseline -0.001 -17"><span class='ocrx_word' id='word_1_369' title='bbox 427 4686 550 4741; x_wconf 81' lang='lat' dir='ltr'><strong>Ideo</strong></span> <span class='ocrx_word' id='word_1_370' title='bbox 568 4698 839 4757; x_wconf 86' lang='lat' dir='ltr'><strong>tamquam</strong></span> <span class='ocrx_word' id='word_1_371' title='bbox 859 4687 925 4742; x_wconf 91' lang='lat' dir='ltr'><strong>de</strong></span> <span class='ocrx_word' id='word_1_372' title='bbox 945 4703 1012 4743; x_wconf 89' lang='lat' dir='ltr'><strong>eo</strong></span> <span class='ocrx_word' id='word_1_373' title='bbox 1031 4688 1173 4757; x_wconf 85' lang='lat' dir='ltr'><strong>quod</strong></span> <span class='ocrx_word' id='word_1_374' title='bbox 1202 4688 1254 4742; x_wconf 90' lang='lat' dir='ltr'><strong>in</strong></span> <span class='ocrx_word' id='word_1_375' title='bbox 1278 4687 1524 4743; x_wconf 85' lang='lat' dir='ltr'><strong>confesso</strong></span> <span class='ocrx_word' id='word_1_376' title='bbox 1536 4696 1619 4742; x_wconf 88' lang='lat' dir='ltr'><strong>est</strong></span> <span class='ocrx_word' id='word_1_377' title='bbox 1643 4686 2006 4756; x_wconf 85' lang='lat' dir='ltr'><strong>reprehendit,</strong></span> 
     </span>
    </p>
   </div>
   <div class='ocr_carea' id='block_1_48' title="bbox 425 4778 2007 4846">
    <p class='ocr_par' dir='ltr' id='par_1_48' title="bbox 425 4778 2007 4846">
     <span class='ocr_line' id='line_1_48' title="bbox 425 4778 2007 4846; baseline -0.002 -12"><span class='ocrx_word' id='word_1_378' title='bbox 425 4791 473 4835; x_wconf 85' lang='lat' dir='ltr'><strong>et</strong></span> <span class='ocrx_word' id='word_1_379' title='bbox 501 4778 719 4833; x_wconf 87' lang='lat' dir='ltr'><strong>dubium</strong></span> <span class='ocrx_word' id='word_1_380' title='bbox 750 4790 964 4846; x_wconf 86' lang='lat' dir='ltr'><strong>movet,</strong></span> <span class='ocrx_word' id='word_1_381' title='bbox 1014 4780 1200 4835; x_wconf 88' lang='lat' dir='ltr'><strong>dicens</strong></span> <span class='ocrx_word' id='word_1_382' title='bbox 1229 4797 1242 4833; x_wconf 90' lang='lat'>:</span> <span class='ocrx_word' id='word_1_383' title='bbox 1278 4780 1339 4833; x_wconf 87' lang='lat' dir='ltr'><strong>Si</strong></span> <span class='ocrx_word' id='word_1_384' title='bbox 1370 4789 1534 4833; x_wconf 81' lang='lat' dir='ltr'><strong>autent</strong></span> <span class='ocrx_word' id='word_1_385' title='bbox 1563 4779 1795 4834; x_wconf 76' lang='lat' dir='ltr'><strong>Christus</strong></span> <span class='ocrx_word' id='word_1_386' title='bbox 1832 4796 2007 4834; x_wconf 78' lang='lat' dir='ltr'><strong>resur-</strong></span> 
     </span>
    </p>
   </div>
   <div class='ocr_carea' id='block_1_49' title="bbox 428 4872 2009 4942">
    <p class='ocr_par' dir='ltr' id='par_1_49' title="bbox 428 4872 2009 4942">
     <span class='ocr_line' id='line_1_49' title="bbox 428 4872 2009 4942; baseline 0.002 -19"><span class='ocrx_word' id='word_1_387' title='bbox 428 4872 575 4935; x_wconf 70' lang='lat' dir='ltr'><strong>rexit,</strong></span> <span class='ocrx_word' id='word_1_388' title='bbox 603 4874 859 4942; x_wconf 84' lang='lat' dir='ltr'><strong>quomodo</strong></span> <span class='ocrx_word' id='word_1_389' title='bbox 882 4874 1089 4940; x_wconf 85' lang='lat' dir='ltr'><strong>quidam</strong></span> <span class='ocrx_word' id='word_1_390' title='bbox 1113 4873 1289 4926; x_wconf 83' lang='lat' dir='ltr'><strong>dicunt</strong></span> <span class='ocrx_word' id='word_1_391' title='bbox 1317 4874 1369 4926; x_wconf 85' lang='lat' dir='ltr'><strong>in</strong></span> <span class='ocrx_word' id='word_1_392' title='bbox 1396 4873 1532 4927; x_wconf 85' lang='lat' dir='ltr'><strong>vobis</strong></span> <span class='ocrx_word' id='word_1_393' title='bbox 1560 4875 1695 4942; x_wconf 82' lang='lat' dir='ltr'><strong>quod</strong></span> <span class='ocrx_word' id='word_1_394' title='bbox 1716 4874 2009 4928; x_wconf 81' lang='lat' dir='ltr'><strong>resurrectio</strong></span> 
     </span>
    </p>
   </div>
   <div class='ocr_carea' id='block_1_50' title="bbox 429 4966 2011 5036">
    <p class='ocr_par' dir='ltr' id='par_1_50' title="bbox 429 4966 2011 5036">
     <span class='ocr_line' id='line_1_50' title="bbox 429 4966 2011 5036; baseline 0.003 -20"><span class='ocrx_word' id='word_1_395' title='bbox 429 4976 739 5020; x_wconf 83' lang='lat' dir='ltr'><strong>mortuorum</strong></span> <span class='ocrx_word' id='word_1_396' title='bbox 783 4983 885 5020; x_wconf 81' lang='lat' dir='ltr'><strong>non</strong></span> <span class='ocrx_word' id='word_1_397' title='bbox 933 4966 1045 5023; x_wconf 80' lang='lat' dir='ltr'><strong>est?</strong></span> <span class='ocrx_word' id='word_1_398' title='bbox 1085 4967 1185 5022; x_wconf 85' lang='lat' dir='ltr'><strong>hac</strong></span> <span class='ocrx_word' id='word_1_399' title='bbox 1223 4982 1435 5036; x_wconf 88' lang='lat' dir='ltr'><strong>quoque</strong></span> <span class='ocrx_word' id='word_1_400' title='bbox 1477 4968 1684 5021; x_wconf 86' lang='lat' dir='ltr'><strong>ratione</strong></span> <span class='ocrx_word' id='word_1_401' title='bbox 1729 4975 2011 5036; x_wconf 83' lang='lat' dir='ltr'><strong>amputans</strong></span> 
     </span>
    </p>
   </div>
   <div class='ocr_carea' id='block_1_51' title="bbox 429 5057 2008 5129">
    <p class='ocr_par' dir='ltr' id='par_1_51' title="bbox 429 5057 2008 5129">
     <span class='ocr_line' id='line_1_51' title="bbox 429 5057 2008 5129; baseline 0 -18"><span class='ocrx_word' id='word_1_402' title='bbox 429 5059 766 5128; x_wconf 85' lang='lat' dir='ltr'><strong>asperitatem</strong></span> <span class='ocrx_word' id='word_1_403' title='bbox 794 5073 978 5113; x_wconf 89' lang='lat' dir='ltr'><strong>eorum</strong></span> <span class='ocrx_word' id='word_1_404' title='bbox 1006 5059 1095 5129; x_wconf 88' lang='lat' dir='ltr'><strong>qui</strong></span> <span class='ocrx_word' id='word_1_405' title='bbox 1119 5058 1511 5114; x_wconf 82' lang='lat' dir='ltr'><strong>contradicunt.</strong></span> <span class='ocrx_word' id='word_1_406' title='bbox 1541 5058 1654 5112; x_wconf 83' lang='lat' dir='ltr'><strong>Non</strong></span> <span class='ocrx_word' id='word_1_407' title='bbox 1683 5057 1827 5112; x_wconf 90' lang='lat' dir='ltr'><strong>enim</strong></span> <span class='ocrx_word' id='word_1_408' title='bbox 1854 5057 2008 5123; x_wconf 79' lang='lat' dir='ltr'><strong>dixit,</strong></span> 
     </span>
    </p>
   </div>
   <div class='ocr_carea' id='block_1_52' title="bbox 428 5150 1985 5221">
    <p class='ocr_par' dir='ltr' id='par_1_52' title="bbox 428 5150 1985 5221">
     <span class='ocr_line' id='line_1_52' title="bbox 428 5150 1985 5221; baseline -0.001 -15"><span class='ocrx_word' id='word_1_409' title='bbox 428 5152 705 5221; x_wconf 85' lang='lat' dir='ltr'><strong>Quomodo</strong></span> <span class='ocrx_word' id='word_1_410' title='bbox 728 5153 904 5207; x_wconf 85' lang='lat' dir='ltr'><strong>dicitis</strong></span> <span class='ocrx_word' id='word_1_411' title='bbox 928 5168 1022 5207; x_wconf 76' lang='lat' dir='ltr'><strong>vos</strong></span> <span class='ocrx_word' id='word_1_412' title='bbox 1047 5169 1062 5215; x_wconf 82' lang='lat'><strong>;</strong></span> <span class='ocrx_word' id='word_1_413' title='bbox 1088 5152 1202 5218; x_wconf 90' lang='lat' dir='ltr'><strong>sed,</strong></span> <span class='ocrx_word' id='word_1_414' title='bbox 1231 5152 1493 5220; x_wconf 84' lang='lat' dir='ltr'><strong>Quomodo</strong></span> <span class='ocrx_word' id='word_1_415' title='bbox 1514 5153 1686 5206; x_wconf 83' lang='lat' dir='ltr'><strong>dicunt</strong></span> <span class='ocrx_word' id='word_1_416' title='bbox 1706 5151 1907 5221; x_wconf 83' lang='lat' dir='ltr'><strong>quidam</strong></span> <span class='ocrx_word' id='word_1_417' title='bbox 1932 5150 1985 5205; x_wconf 85' lang='lat' dir='ltr'><strong>in</strong></span> 
     </span>
    </p>
   </div>
   <div class='ocr_carea' id='block_1_53' title="bbox 428 5242 2011 5313">
    <p class='ocr_par' dir='ltr' id='par_1_53' title="bbox 428 5242 2011 5313">
     <span class='ocr_line' id='line_1_53' title="bbox 428 5242 2011 5313; baseline -0.002 -16"><span class='ocrx_word' id='word_1_418' title='bbox 428 5242 567 5297; x_wconf 79' lang='lat' dir='ltr'><strong>vobis</strong></span> <span class='ocrx_word' id='word_1_419' title='bbox 584 5259 605 5297; x_wconf 87' lang='lat'><strong><em>:</em></strong></span> <span class='ocrx_word' id='word_1_420' title='bbox 630 5251 685 5297; x_wconf 92' lang='lat' dir='ltr'><strong>et</strong></span> <span class='ocrx_word' id='word_1_421' title='bbox 709 5259 881 5312; x_wconf 90' lang='lat' dir='ltr'><strong>neque</strong></span> <span class='ocrx_word' id='word_1_422' title='bbox 905 5258 1093 5298; x_wconf 82' lang='lat' dir='ltr'><strong>omnes</strong></span> <span class='ocrx_word' id='word_1_423' title='bbox 1118 5251 1335 5298; x_wconf 82' lang='lat' dir='ltr'><strong>accusat</strong></span> <span class='ocrx_word' id='word_1_424' title='bbox 1353 5285 1365 5304; x_wconf 88' lang='lat'><em>.</em></span> <span class='ocrx_word' id='word_1_425' title='bbox 1398 5258 1568 5313; x_wconf 89' lang='lat' dir='ltr'><strong>neque</strong></span> <span class='ocrx_word' id='word_1_426' title='bbox 1592 5258 1683 5297; x_wconf 88' lang='lat' dir='ltr'><strong>eos</strong></span> <span class='ocrx_word' id='word_1_427' title='bbox 1713 5244 1857 5312; x_wconf 85' lang='lat' dir='ltr'><strong>ipsos</strong></span> <span class='ocrx_word' id='word_1_428' title='bbox 1877 5257 2011 5311; x_wconf 90' lang='lat' dir='ltr'><strong>quos</strong></span> 
     </span>
    </p>
   </div>
   <div class='ocr_carea' id='block_1_54' title="bbox 431 5332 2005 5403">
    <p class='ocr_par' dir='ltr' id='par_1_54' title="bbox 431 5332 2005 5403">
     <span class='ocr_line' id='line_1_54' title="bbox 431 5332 2005 5403; baseline 0 -17"><span class='ocrx_word' id='word_1_429' title='bbox 431 5342 644 5388; x_wconf 87' lang='lat' dir='ltr'><strong>accusat</strong></span> <span class='ocrx_word' id='word_1_430' title='bbox 666 5374 682 5399; x_wconf 91' lang='lat'><strong>,</strong></span> <span class='ocrx_word' id='word_1_431' title='bbox 715 5334 891 5388; x_wconf 86' lang='lat' dir='ltr'><strong>reddit</strong></span> <span class='ocrx_word' id='word_1_432' title='bbox 911 5334 1250 5398; x_wconf 85' lang='lat' dir='ltr'><strong>manifestos,</strong></span> <span class='ocrx_word' id='word_1_433' title='bbox 1285 5350 1351 5389; x_wconf 90' lang='lat' dir='ltr'><strong>ne</strong></span> <span class='ocrx_word' id='word_1_434' title='bbox 1381 5350 1474 5388; x_wconf 90' lang='lat' dir='ltr'><strong>eos</strong></span> <span class='ocrx_word' id='word_1_435' title='bbox 1502 5332 1698 5388; x_wconf 89' lang='lat' dir='ltr'><strong>efﬁciat</strong></span> <span class='ocrx_word' id='word_1_436' title='bbox 1729 5332 2005 5403; x_wconf 87' lang='lat' dir='ltr'><strong>impuden-</strong></span> 
     </span>
    </p>
   </div>
   <div class='ocr_carea' id='block_1_55' title="bbox 433 5426 2013 5497">
    <p class='ocr_par' dir='ltr' id='par_1_55' title="bbox 433 5426 2013 5497">
     <span class='ocr_line' id='line_1_55' title="bbox 433 5426 2013 5497; baseline 0.002 -19"><span class='ocrx_word' id='word_1_437' title='bbox 433 5426 637 5491; x_wconf 83' lang='lat' dir='ltr'><strong>tiorcs;</strong></span> <span class='ocrx_word' id='word_1_438' title='bbox 666 5440 841 5495; x_wconf 88' lang='lat' dir='ltr'><strong>neque</strong></span> <span class='ocrx_word' id='word_1_439' title='bbox 868 5442 1056 5481; x_wconf 87' lang='lat' dir='ltr'><strong>rursus</strong></span> <span class='ocrx_word' id='word_1_440' title='bbox 1081 5426 1220 5482; x_wconf 86' lang='lat' dir='ltr'><strong>celat</strong></span> <span class='ocrx_word' id='word_1_441' title='bbox 1247 5427 1477 5497; x_wconf 83' lang='lat' dir='ltr'><strong>penitus,</strong></span> <span class='ocrx_word' id='word_1_442' title='bbox 1511 5436 1566 5480; x_wconf 90' lang='lat' dir='ltr'><strong>ut</strong></span> <span class='ocrx_word' id='word_1_443' title='bbox 1589 5427 1734 5497; x_wconf 87' lang='lat' dir='ltr'><strong>ipsos</strong></span> <span class='ocrx_word' id='word_1_444' title='bbox 1759 5427 2013 5496; x_wconf 81' lang='lat' dir='ltr'><strong>corrigat.</strong></span> 
     </span>
    </p>
   </div>
   <div class='ocr_carea' id='block_1_56' title="bbox 433 5517 2015 5589">
    <p class='ocr_par' dir='ltr' id='par_1_56' title="bbox 433 5517 2015 5589">
     <span class='ocr_line' id='line_1_56' title="bbox 433 5517 2015 5589; baseline -0.001 -16"><span class='ocrx_word' id='word_1_445' title='bbox 433 5517 720 5586; x_wconf 73' lang='lat' dir='ltr'><strong>l‘mpterea</strong></span> <span class='ocrx_word' id='word_1_446' title='bbox 765 5534 885 5573; x_wconf 90' lang='lat' dir='ltr'><strong>cum</strong></span> <span class='ocrx_word' id='word_1_447' title='bbox 918 5527 972 5574; x_wconf 92' lang='lat' dir='ltr'><strong>et</strong></span> <span class='ocrx_word' id='word_1_448' title='bbox 1006 5535 1103 5574; x_wconf 86' lang='lat' dir='ltr'><strong>eos</strong></span> <span class='ocrx_word' id='word_1_449' title='bbox 1130 5529 1428 5589; x_wconf 82' lang='lat' dir='ltr'><strong>separasset</strong></span> <span class='ocrx_word' id='word_1_450' title='bbox 1454 5535 1483 5572; x_wconf 87' lang='lat' dir='ltr'><strong>a</strong></span> <span class='ocrx_word' id='word_1_451' title='bbox 1523 5518 1862 5573; x_wconf 88' lang='lat' dir='ltr'><strong>multitudine</strong></span> <span class='ocrx_word' id='word_1_452' title='bbox 1886 5560 1901 5584; x_wconf 91' lang='lat'><strong>,</strong></span> <span class='ocrx_word' id='word_1_453' title='bbox 1947 5518 2015 5572; x_wconf 88' lang='lat' dir='ltr'><strong>ad</strong></span> 
     </span>
    </p>
   </div>
   <div class='ocr_carea' id='block_1_57' title="bbox 431 5608 2015 5682">
    <p class='ocr_par' dir='ltr' id='par_1_57' title="bbox 431 5608 2015 5682">
     <span class='ocr_line' id='line_1_57' title="bbox 431 5608 2015 5682; baseline 0 -18"><span class='ocrx_word' id='word_1_454' title='bbox 431 5608 838 5677; x_wconf 81' lang='lat' dir='ltr'><strong>disceptandum</strong></span> <span class='ocrx_word' id='word_1_455' title='bbox 869 5627 988 5665; x_wconf 87' lang='lat' dir='ltr'><strong>cum</strong></span> <span class='ocrx_word' id='word_1_456' title='bbox 1016 5612 1096 5666; x_wconf 90' lang='lat' dir='ltr'><strong>eis</strong></span> <span class='ocrx_word' id='word_1_457' title='bbox 1121 5612 1441 5682; x_wconf 77' lang='lat' dir='ltr'><strong>accingitur,</strong></span> <span class='ocrx_word' id='word_1_458' title='bbox 1475 5611 1573 5666; x_wconf 89' lang='lat' dir='ltr'><strong>hac</strong></span> <span class='ocrx_word' id='word_1_459' title='bbox 1600 5611 1809 5666; x_wconf 88' lang='lat' dir='ltr'><strong>ratione</strong></span> <span class='ocrx_word' id='word_1_460' title='bbox 1838 5620 1893 5666; x_wconf 86' lang='lat' dir='ltr'><strong>et</strong></span> <span class='ocrx_word' id='word_1_461' title='bbox 1919 5624 2015 5665; x_wconf 90' lang='lat' dir='ltr'><strong>eos</strong></span> 
     </span>
    </p>
   </div>
   <div class='ocr_carea' id='block_1_58' title="bbox 433 5702 2016 5781">
    <p class='ocr_par' dir='ltr' id='par_1_58' title="bbox 433 5702 2016 5781">
     <span class='ocr_line' id='line_1_58' title="bbox 433 5702 2016 5781; baseline 0.002 -25"><span class='ocrx_word' id='word_1_462' title='bbox 433 5702 665 5757; x_wconf 84' lang='lat' dir='ltr'><strong>reddens</strong></span> <span class='ocrx_word' id='word_1_463' title='bbox 695 5703 1069 5781; x_wconf 83' lang='lat' dir='ltr'><strong>imbecilliores</strong></span> <span class='ocrx_word' id='word_1_464' title='bbox 1095 5714 1148 5761; x_wconf 91' lang='lat' dir='ltr'><strong>et</strong></span> <span class='ocrx_word' id='word_1_465' title='bbox 1173 5704 1601 5774; x_wconf 74' lang='lat' dir='ltr'><strong>obstupefacicns</strong></span> <span class='ocrx_word' id='word_1_466' title='bbox 1626 5746 1642 5772; x_wconf 91' lang='lat'><strong>,</strong></span> <span class='ocrx_word' id='word_1_467' title='bbox 1689 5714 1745 5760; x_wconf 89' lang='lat' dir='ltr'><strong>et</strong></span> <span class='ocrx_word' id='word_1_468' title='bbox 1784 5704 1918 5758; x_wconf 91' lang='lat' dir='ltr'><strong>alios</strong></span> <span class='ocrx_word' id='word_1_469' title='bbox 1964 5704 2016 5759; x_wconf 92' lang='lat' dir='ltr'><strong>in</strong></span> 
     </span>
    </p>
   </div>
   <div class='ocr_carea' id='block_1_59' title="bbox 432 5793 2016 5862">
    <p class='ocr_par' dir='ltr' id='par_1_59' title="bbox 432 5793 2016 5862">
     <span class='ocr_line' id='line_1_59' title="bbox 432 5793 2016 5862; baseline 0.004 -17"><span class='ocrx_word' id='word_1_470' title='bbox 432 5793 792 5862; x_wconf 77' lang='lat' dir='ltr'><strong>suscipiendis</strong></span> <span class='ocrx_word' id='word_1_471' title='bbox 837 5794 1095 5850; x_wconf 84' lang='lat' dir='ltr'><strong>adversus</strong></span> <span class='ocrx_word' id='word_1_472' title='bbox 1136 5811 1234 5851; x_wconf 87' lang='lat' dir='ltr'><strong>eos</strong></span> <span class='ocrx_word' id='word_1_473' title='bbox 1283 5797 1664 5852; x_wconf 84' lang='lat' dir='ltr'><strong>certaminibus</strong></span> <span class='ocrx_word' id='word_1_474' title='bbox 1708 5796 1912 5852; x_wconf 88' lang='lat' dir='ltr'><strong>ﬁrmius</strong></span> <span class='ocrx_word' id='word_1_475' title='bbox 1952 5811 2016 5851; x_wconf 90' lang='lat' dir='ltr'><strong>ac</strong></span> 
     </span>
    </p>
   </div>
   <div class='ocr_carea' id='block_1_60' title="bbox 434 5882 2007 5958">
    <p class='ocr_par' dir='ltr' id='par_1_60' title="bbox 434 5882 2007 5958">
     <span class='ocr_line' id='line_1_60' title="bbox 434 5882 2007 5958; baseline 0.005 -22"><span class='ocrx_word' id='word_1_476' title='bbox 434 5882 681 5939; x_wconf 77' lang='lat' dir='ltr'><strong>stabilius</strong></span> <span class='ocrx_word' id='word_1_477' title='bbox 715 5886 996 5944; x_wconf 88' lang='lat' dir='ltr'><strong>continens</strong></span> <span class='ocrx_word' id='word_1_478' title='bbox 1039 5887 1090 5942; x_wconf 92' lang='lat' dir='ltr'><strong>in</strong></span> <span class='ocrx_word' id='word_1_479' title='bbox 1143 5888 1404 5955; x_wconf 75' lang='lat' dir='ltr'><strong>veritate,</strong></span> <span class='ocrx_word' id='word_1_480' title='bbox 1447 5903 1546 5942; x_wconf 89' lang='lat' dir='ltr'><strong>nec</strong></span> <span class='ocrx_word' id='word_1_481' title='bbox 1584 5888 1765 5943; x_wconf 82' lang='lat' dir='ltr'><strong>sinens</strong></span> <span class='ocrx_word' id='word_1_482' title='bbox 1809 5898 1867 5941; x_wconf 91' lang='lat' dir='ltr'><strong>ut</strong></span> <span class='ocrx_word' id='word_1_483' title='bbox 1909 5888 2007 5958; x_wconf 82' lang='lat' dir='ltr'><strong>ipsi</strong></span> 
     </span>
    </p>
   </div>
   <div class='ocr_carea' id='block_1_61' title="bbox 1432 409 2717 475">
    <p class='ocr_par' dir='ltr' id='par_1_61' title="bbox 1432 409 2717 475">
     <span class='ocr_line' id='line_1_61' title="bbox 1432 409 2717 475; baseline 0.002 -4"><span class='ocrx_word' id='word_1_484' title='bbox 1432 416 1497 471; x_wconf 88' lang='lat' dir='ltr'><strong>IN</strong></span> <span class='ocrx_word' id='word_1_485' title='bbox 1539 413 1751 471; x_wconf 80' lang='lat' dir='ltr'><strong>EPIST.</strong></span> <span class='ocrx_word' id='word_1_486' title='bbox 1792 413 1811 467; x_wconf 92' lang='grc'><strong>1</strong></span> <span class='ocrx_word' id='word_1_487' title='bbox 1876 413 1967 467; x_wconf 79' lang='grc' dir='ltr'><strong>Μ)</strong></span> <span class='ocrx_word' id='word_1_488' title='bbox 2003 409 2159 468; x_wconf 78' lang='lat' dir='ltr'><strong>COR.</strong></span> <span class='ocrx_word' id='word_1_489' title='bbox 2200 412 2431 469; x_wconf 76' lang='lat' dir='ltr'><strong>HOMIL.</strong></span> <span class='ocrx_word' id='word_1_490' title='bbox 2473 415 2717 475; x_wconf 71' lang='lat' dir='ltr'><strong>XXXIX.</strong></span> 
     </span>
    </p>
   </div>
   <div class='ocr_carea' id='block_1_62' title="bbox 3615 428 3717 484">
    <p class='ocr_par' dir='ltr' id='par_1_62' title="bbox 3615 428 3717 484">
     <span class='ocr_line' id='line_1_62' title="bbox 3615 428 3717 484; baseline 0.029 -3"><span class='ocrx_word' id='word_1_491' title='bbox 3615 428 3717 484; x_wconf 61' lang='grc'><strong>534</strong></span> 
     </span>
    </p>
   </div>
   <div class='ocr_carea' id='block_1_63' title="bbox 2140 528 3717 610">
    <p class='ocr_par' dir='ltr' id='par_1_63' title="bbox 2140 528 3717 610">
     <span class='ocr_line' id='line_1_63' title="bbox 2140 528 3717 610; baseline 0.008 -28"><span class='ocrx_word' id='word_1_492' title='bbox 2140 528 2489 600; x_wconf 77' lang='lat' dir='ltr'><strong>transfugiant</strong></span> <span class='ocrx_word' id='word_1_493' title='bbox 2530 533 2598 589; x_wconf 85' lang='lat' dir='ltr'><strong>ad</strong></span> <span class='ocrx_word' id='word_1_494' title='bbox 2626 550 2721 590; x_wconf 91' lang='lat' dir='ltr'><strong>eos</strong></span> <span class='ocrx_word' id='word_1_495' title='bbox 2745 536 2833 606; x_wconf 82' lang='lat' dir='ltr'><strong>qui</strong></span> <span class='ocrx_word' id='word_1_496' title='bbox 2864 537 3095 593; x_wconf 88' lang='lat' dir='ltr'><strong>studium</strong></span> <span class='ocrx_word' id='word_1_497' title='bbox 3140 548 3435 608; x_wconf 82' lang='lat' dir='ltr'><strong>posuerunt</strong></span> <span class='ocrx_word' id='word_1_498' title='bbox 3480 548 3539 593; x_wconf 88' lang='lat' dir='ltr'><strong>ut</strong></span> <span class='ocrx_word' id='word_1_499' title='bbox 3569 541 3717 610; x_wconf 83' lang='lat' dir='ltr'><strong>ipsos</strong></span> 
     </span>
    </p>
   </div>
   <div class='ocr_carea' id='block_1_64' title="bbox 2135 626 3718 696">
    <p class='ocr_par' dir='ltr' id='par_1_64' title="bbox 2135 626 3718 696">
     <span class='ocr_line' id='line_1_64' title="bbox 2135 626 3718 696; baseline 0.007 -20"><span class='ocrx_word' id='word_1_500' title='bbox 2135 633 2559 693; x_wconf 87' lang='lat' dir='ltr'><strong>corrumperent.</strong></span> <span class='ocrx_word' id='word_1_501' title='bbox 2591 626 2816 684; x_wconf 84' lang='lat' dir='ltr'><strong>Paratus</strong></span> <span class='ocrx_word' id='word_1_502' title='bbox 2841 631 2982 684; x_wconf 87' lang='lat' dir='ltr'><strong>enim</strong></span> <span class='ocrx_word' id='word_1_503' title='bbox 3005 639 3108 696; x_wconf 90' lang='lat' dir='ltr'><strong>est,</strong></span> <span class='ocrx_word' id='word_1_504' title='bbox 3137 641 3195 686; x_wconf 92' lang='lat' dir='ltr'><strong>ut</strong></span> <span class='ocrx_word' id='word_1_505' title='bbox 3218 631 3273 685; x_wconf 89' lang='lat' dir='ltr'><strong>in</strong></span> <span class='ocrx_word' id='word_1_506' title='bbox 3289 646 3385 687; x_wconf 85' lang='lat' dir='ltr'><strong>eos</strong></span> <span class='ocrx_word' id='word_1_507' title='bbox 3411 631 3718 687; x_wconf 79' lang='lat' dir='ltr'><strong>vehementi</strong></span> 
     </span>
    </p>
   </div>
   <div class='ocr_carea' id='block_1_65' title="bbox 2136 715 3715 791">
    <p class='ocr_par' dir='ltr' id='par_1_65' title="bbox 2136 715 3715 791">
     <span class='ocr_line' id='line_1_65' title="bbox 2136 715 3715 791; baseline 0.005 -23"><span class='ocrx_word' id='word_1_508' title='bbox 2136 715 2335 786; x_wconf 89' lang='lat' dir='ltr'><strong>impetu</strong></span> <span class='ocrx_word' id='word_1_509' title='bbox 2364 719 2624 773; x_wconf 87' lang='lat' dir='ltr'><strong>orationis</strong></span> <span class='ocrx_word' id='word_1_510' title='bbox 2652 719 2873 776; x_wconf 83' lang='lat' dir='ltr'><strong>feratur.</strong></span> <span class='ocrx_word' id='word_1_511' title='bbox 2918 723 3121 778; x_wconf 83' lang='lat' dir='ltr'><strong>Deinde</strong></span> <span class='ocrx_word' id='word_1_512' title='bbox 3147 739 3216 779; x_wconf 86' lang='lat' dir='ltr'><strong>ne</strong></span> <span class='ocrx_word' id='word_1_513' title='bbox 3244 725 3426 779; x_wconf 83' lang='lat' dir='ltr'><strong>dicant</strong></span> <span class='ocrx_word' id='word_1_514' title='bbox 3457 724 3560 779; x_wconf 88' lang='lat' dir='ltr'><strong>hoc</strong></span> <span class='ocrx_word' id='word_1_515' title='bbox 3588 725 3715 791; x_wconf 85' lang='lat' dir='ltr'><strong>qui-</strong></span> 
     </span>
    </p>
   </div>
   <div class='ocr_carea' id='block_1_66' title="bbox 2134 806 3715 886">
    <p class='ocr_par' dir='ltr' id='par_1_66' title="bbox 2134 806 3715 886">
     <span class='ocr_line' id='line_1_66' title="bbox 2134 806 3715 886; baseline 0.006 -26"><span class='ocrx_word' id='word_1_516' title='bbox 2134 806 2253 861; x_wconf 92' lang='lat' dir='ltr'><strong>dem</strong></span> <span class='ocrx_word' id='word_1_517' title='bbox 2306 822 2427 865; x_wconf 88' lang='lat' dir='ltr'><strong>esse</strong></span> <span class='ocrx_word' id='word_1_518' title='bbox 2473 811 2693 867; x_wconf 80' lang='lat' dir='ltr'><strong>evidens</strong></span> <span class='ocrx_word' id='word_1_519' title='bbox 2738 822 2793 868; x_wconf 86' lang='lat' dir='ltr'><strong>et</strong></span> <span class='ocrx_word' id='word_1_520' title='bbox 2837 817 3087 870; x_wconf 87' lang='lat' dir='ltr'><strong>omnibus</strong></span> <span class='ocrx_word' id='word_1_521' title='bbox 3139 816 3516 881; x_wconf 61' lang='lat' dir='ltr'><strong>manifestum,</strong></span> <span class='ocrx_word' id='word_1_522' title='bbox 3572 816 3715 886; x_wconf 86' lang='lat' dir='ltr'><strong>quod</strong></span> 
     </span>
    </p>
   </div>
   <div class='ocr_carea' id='block_1_67' title="bbox 2133 901 3715 975">
    <p class='ocr_par' dir='ltr' id='par_1_67' title="bbox 2133 901 3715 975">
     <span class='ocr_line' id='line_1_67' title="bbox 2133 901 3715 975; baseline 0.005 -20"><span class='ocrx_word' id='word_1_523' title='bbox 2133 901 2375 957; x_wconf 90' lang='lat' dir='ltr'><strong>Christus</strong></span> <span class='ocrx_word' id='word_1_524' title='bbox 2391 908 2761 971; x_wconf 87' lang='lat' dir='ltr'><strong>resurrexcrit,</strong></span> <span class='ocrx_word' id='word_1_525' title='bbox 2780 917 2831 962; x_wconf 87' lang='lat' dir='ltr'><strong>et</strong></span> <span class='ocrx_word' id='word_1_526' title='bbox 2849 909 3113 963; x_wconf 82' lang='lat' dir='ltr'><strong>nemiuem</strong></span> <span class='ocrx_word' id='word_1_527' title='bbox 3128 909 3391 975; x_wconf 79' lang='lat' dir='ltr'><strong>dubitare,</strong></span> <span class='ocrx_word' id='word_1_528' title='bbox 3413 925 3516 963; x_wconf 90' lang='lat' dir='ltr'><strong>non</strong></span> <span class='ocrx_word' id='word_1_529' title='bbox 3536 919 3715 963; x_wconf 86' lang='lat' dir='ltr'><strong>tamen</strong></span> 
     </span>
    </p>
   </div>
   <div class='ocr_carea' id='block_1_68' title="bbox 2134 991 3707 1069">
    <p class='ocr_par' dir='ltr' id='par_1_68' title="bbox 2134 991 3707 1069">
     <span class='ocr_line' id='line_1_68' title="bbox 2134 991 3707 1069; baseline 0.004 -23"><span class='ocrx_word' id='word_1_530' title='bbox 2134 991 2238 1047; x_wconf 92' lang='lat' dir='ltr'><strong>hoc</strong></span> <span class='ocrx_word' id='word_1_531' title='bbox 2267 996 2574 1050; x_wconf 84' lang='lat' dir='ltr'><strong>necessario</strong></span> <span class='ocrx_word' id='word_1_532' title='bbox 2602 1012 2812 1069; x_wconf 85' lang='lat' dir='ltr'><strong>quoque</strong></span> <span class='ocrx_word' id='word_1_533' title='bbox 2841 999 3068 1054; x_wconf 89' lang='lat' dir='ltr'><strong>altermn</strong></span> <span class='ocrx_word' id='word_1_534' title='bbox 3102 999 3316 1056; x_wconf 77' lang='lat' dir='ltr'><strong>efﬁcere</strong></span> <span class='ocrx_word' id='word_1_535' title='bbox 3341 1042 3356 1065; x_wconf 92' lang='lat'><strong>,</strong></span> <span class='ocrx_word' id='word_1_536' title='bbox 3392 1016 3584 1068; x_wconf 81' lang='lat' dir='ltr'><strong>nempe</strong></span> <span class='ocrx_word' id='word_1_537' title='bbox 3610 1001 3707 1052; x_wconf 78' lang='lat' dir='ltr'><strong>ho-</strong></span> 
     </span>
    </p>
   </div>
   <div class='ocr_carea' id='block_1_69' title="bbox 2133 1085 3710 1162">
    <p class='ocr_par' dir='ltr' id='par_1_69' title="bbox 2133 1085 3710 1162">
     <span class='ocr_line' id='line_1_69' title="bbox 2133 1085 3710 1162; baseline 0.004 -25"><span class='ocrx_word' id='word_1_538' title='bbox 2133 1085 2336 1139; x_wconf 89' lang='lat' dir='ltr'><strong>minum</strong></span> <span class='ocrx_word' id='word_1_539' title='bbox 2384 1090 3015 1149; x_wconf 70' lang='lat' dir='ltr'><strong>resurrectionmnmam</strong></span> <span class='ocrx_word' id='word_1_540' title='bbox 3064 1091 3204 1162; x_wconf 88' lang='lat' dir='ltr'><strong>quod</strong></span> <span class='ocrx_word' id='word_1_541' title='bbox 3235 1092 3300 1144; x_wconf 91' lang='lat' dir='ltr'><strong>ad</strong></span> <span class='ocrx_word' id='word_1_542' title='bbox 3352 1091 3547 1146; x_wconf 85' lang='lat' dir='ltr'><strong>Christi</strong></span> <span class='ocrx_word' id='word_1_543' title='bbox 3587 1091 3710 1161; x_wconf 88' lang='lat' dir='ltr'><strong>qni-</strong></span> 
     </span>
    </p>
   </div>
   <div class='ocr_carea' id='block_1_70' title="bbox 2132 1175 3710 1253">
    <p class='ocr_par' dir='ltr' id='par_1_70' title="bbox 2132 1175 3710 1253">
     <span class='ocr_line' id='line_1_70' title="bbox 2132 1175 3710 1253; baseline 0.004 -23"><span class='ocrx_word' id='word_1_544' title='bbox 2132 1175 2254 1232; x_wconf 90' lang='lat' dir='ltr'><strong>dem</strong></span> <span class='ocrx_word' id='word_1_545' title='bbox 2306 1178 2531 1234; x_wconf 86' lang='lat' dir='ltr'><strong>attineat</strong></span> <span class='ocrx_word' id='word_1_546' title='bbox 2586 1182 3067 1249; x_wconf 87' lang='lat' dir='ltr'><strong>resurrectionem,</strong></span> <span class='ocrx_word' id='word_1_547' title='bbox 3127 1198 3189 1238; x_wconf 85' lang='lat' dir='ltr'><strong>ea</strong></span> <span class='ocrx_word' id='word_1_548' title='bbox 3247 1191 3303 1237; x_wconf 89' lang='lat' dir='ltr'><strong>et</strong></span> <span class='ocrx_word' id='word_1_549' title='bbox 3360 1183 3458 1237; x_wconf 86' lang='lat' dir='ltr'><strong>fuit</strong></span> <span class='ocrx_word' id='word_1_550' title='bbox 3512 1184 3710 1253; x_wconf 62' lang='grc' dir='ltr'>ιιι-πόει</span> 
     </span>
    </p>
   </div>
   <div class='ocr_carea' id='block_1_71' title="bbox 2131 1273 3711 1347">
    <p class='ocr_par' dir='ltr' id='par_1_71' title="bbox 2131 1273 3711 1347">
     <span class='ocr_line' id='line_1_71' title="bbox 2131 1273 3711 1347; baseline 0.002 -22"><span class='ocrx_word' id='word_1_551' title='bbox 2131 1278 2214 1325; x_wconf 86' lang='lat' dir='ltr'><strong>cta</strong></span> <span class='ocrx_word' id='word_1_552' title='bbox 2241 1312 2256 1335; x_wconf 92' lang='lat'><strong>,</strong></span> <span class='ocrx_word' id='word_1_553' title='bbox 2303 1280 2357 1325; x_wconf 90' lang='lat' dir='ltr'><strong>et</strong></span> <span class='ocrx_word' id='word_1_554' title='bbox 2408 1273 2605 1335; x_wconf 86' lang='lat' dir='ltr'><strong>evenit,</strong></span> <span class='ocrx_word' id='word_1_555' title='bbox 2639 1283 2693 1328; x_wconf 90' lang='lat' dir='ltr'><strong>et</strong></span> <span class='ocrx_word' id='word_1_556' title='bbox 2723 1288 2819 1343; x_wconf 87' lang='lat' dir='ltr'><strong>per</strong></span> <span class='ocrx_word' id='word_1_557' title='bbox 2844 1276 3209 1331; x_wconf 87' lang='lat' dir='ltr'><strong>testimonium</strong></span> <span class='ocrx_word' id='word_1_558' title='bbox 3237 1278 3458 1333; x_wconf 86' lang='lat' dir='ltr'><strong>visionis</strong></span> <span class='ocrx_word' id='word_1_559' title='bbox 3488 1286 3570 1333; x_wconf 89' lang='lat' dir='ltr'><strong>est</strong></span> <span class='ocrx_word' id='word_1_560' title='bbox 3597 1294 3711 1347; x_wconf 81' lang='lat' dir='ltr'><strong>pra.</strong></span> 
     </span>
    </p>
   </div>
   <div class='ocr_carea' id='block_1_72' title="bbox 2129 1348 3711 1437">
    <p class='ocr_par' dir='ltr' id='par_1_72' title="bbox 2129 1348 3711 1437">
     <span class='ocr_line' id='line_1_72' title="bbox 2129 1348 3711 1437; baseline 0.004 -21"><span class='ocrx_word' id='word_1_561' title='bbox 2129 1362 2247 1418; x_wconf 88' lang='lat' dir='ltr'><strong>bata</strong></span> <span class='ocrx_word' id='word_1_562' title='bbox 2281 1378 2298 1429; x_wconf 90' lang='lat'><strong>;</strong></span> <span class='ocrx_word' id='word_1_563' title='bbox 2346 1371 2524 1418; x_wconf 89' lang='lat' dir='ltr'><strong>nostra</strong></span> <span class='ocrx_word' id='word_1_564' title='bbox 2553 1376 2731 1419; x_wconf 89' lang='lat' dir='ltr'><strong>autem</strong></span> <span class='ocrx_word' id='word_1_565' title='bbox 2764 1368 3091 1424; x_wconf 84' lang='lat' dir='ltr'><strong>resurrectio</strong></span> <span class='ocrx_word' id='word_1_566' title='bbox 3133 1368 3307 1422; x_wconf 87' lang='lat' dir='ltr'><strong>adlmc</strong></span> <span class='ocrx_word' id='word_1_567' title='bbox 3352 1369 3404 1423; x_wconf 93' lang='lat' dir='ltr'><strong>in</strong></span> <span class='ocrx_word' id='word_1_568' title='bbox 3452 1384 3547 1437; x_wconf 86' lang='lat' dir='ltr'><strong>spe</strong></span> <span class='ocrx_word' id='word_1_569' title='bbox 3594 1348 3711 1434; x_wconf 51' lang='lat' dir='ltr'><strong>esti</strong></span> 
     </span>
    </p>
   </div>
   <div class='ocr_carea' id='block_1_73' title="bbox 2128 1457 3706 1534">
    <p class='ocr_par' dir='ltr' id='par_1_73' title="bbox 2128 1457 3706 1534">
     <span class='ocr_line' id='line_1_73' title="bbox 2128 1457 3706 1534; baseline 0.004 -23"><span class='ocrx_word' id='word_1_570' title='bbox 2128 1457 2250 1513; x_wconf 78' lang='lat' dir='ltr'><strong>vide</strong></span> <span class='ocrx_word' id='word_1_571' title='bbox 2289 1461 2414 1530; x_wconf 88' lang='lat' dir='ltr'><strong>quid</strong></span> <span class='ocrx_word' id='word_1_572' title='bbox 2465 1459 2590 1516; x_wconf 85' lang='lat' dir='ltr'><strong>facit</strong></span> <span class='ocrx_word' id='word_1_573' title='bbox 2620 1479 2634 1515; x_wconf 89' lang='lat'><strong>:</strong></span> <span class='ocrx_word' id='word_1_574' title='bbox 2663 1478 2727 1517; x_wconf 85' lang='lat' dir='ltr'><strong>ex</strong></span> <span class='ocrx_word' id='word_1_575' title='bbox 2757 1462 2922 1517; x_wconf 88' lang='lat' dir='ltr'><strong>altera</strong></span> <span class='ocrx_word' id='word_1_576' title='bbox 2954 1475 3106 1533; x_wconf 81' lang='lat' dir='ltr'><strong>parte</strong></span> <span class='ocrx_word' id='word_1_577' title='bbox 3152 1478 3338 1520; x_wconf 74' lang='lat' dir='ltr'><strong>rorans</strong></span> <span class='ocrx_word' id='word_1_578' title='bbox 3378 1464 3428 1517; x_wconf 89' lang='lat' dir='ltr'><strong>id</strong></span> <span class='ocrx_word' id='word_1_579' title='bbox 3474 1463 3666 1534; x_wconf 87' lang='lat' dir='ltr'><strong>prohat</strong></span> <span class='ocrx_word' id='word_1_580' title='bbox 3690 1506 3706 1528; x_wconf 89' lang='lat'><strong>,</strong></span> 
     </span>
    </p>
   </div>
   <div class='ocr_carea' id='block_1_74' title="bbox 2127 1551 3712 1625">
    <p class='ocr_par' dir='ltr' id='par_1_74' title="bbox 2127 1551 3712 1625">
     <span class='ocr_line' id='line_1_74' title="bbox 2127 1551 3712 1625; baseline 0.004 -22"><span class='ocrx_word' id='word_1_581' title='bbox 2127 1551 2269 1621; x_wconf 90' lang='lat' dir='ltr'><strong>quod</strong></span> <span class='ocrx_word' id='word_1_582' title='bbox 2316 1567 2534 1622; x_wconf 80' lang='lat' dir='ltr'><strong>magnas</strong></span> <span class='ocrx_word' id='word_1_583' title='bbox 2580 1553 2811 1609; x_wconf 84' lang='lat' dir='ltr'><strong>habebat</strong></span> <span class='ocrx_word' id='word_1_584' title='bbox 2863 1555 3025 1611; x_wconf 87' lang='lat' dir='ltr'><strong>vires.</strong></span> <span class='ocrx_word' id='word_1_585' title='bbox 3066 1555 3202 1621; x_wconf 83' lang='lat' dir='ltr'><strong>Quid</strong></span> <span class='ocrx_word' id='word_1_586' title='bbox 3257 1556 3398 1609; x_wconf 90' lang='lat' dir='ltr'><strong>enim</strong></span> <span class='ocrx_word' id='word_1_587' title='bbox 3426 1597 3440 1618; x_wconf 90' lang='lat'><strong>,</strong></span> <span class='ocrx_word' id='word_1_588' title='bbox 3498 1556 3712 1625; x_wconf 84' lang='lat' dir='ltr'><strong>inquit,</strong></span> 
     </span>
    </p>
   </div>
   <div class='ocr_carea' id='block_1_75' title="bbox 2127 1642 3711 1715">
    <p class='ocr_par' dir='ltr' id='par_1_75' title="bbox 2127 1642 3711 1715">
     <span class='ocr_line' id='line_1_75' title="bbox 2127 1642 3711 1715; baseline 0.003 -20"><span class='ocrx_word' id='word_1_589' title='bbox 2127 1642 2308 1696; x_wconf 87' lang='lat' dir='ltr'><strong>dicunt</strong></span> <span class='ocrx_word' id='word_1_590' title='bbox 2336 1644 2573 1712; x_wconf 78' lang='lat' dir='ltr'><strong>quidam,</strong></span> <span class='ocrx_word' id='word_1_591' title='bbox 2600 1644 2741 1715; x_wconf 92' lang='lat' dir='ltr'><strong>quod</strong></span> <span class='ocrx_word' id='word_1_592' title='bbox 2762 1660 2866 1700; x_wconf 86' lang='lat' dir='ltr'><strong>non</strong></span> <span class='ocrx_word' id='word_1_593' title='bbox 2889 1657 2972 1701; x_wconf 90' lang='lat' dir='ltr'><strong>est</strong></span> <span class='ocrx_word' id='word_1_594' title='bbox 3002 1657 3331 1701; x_wconf 83' lang='lat' dir='ltr'><strong>mortuorum</strong></span> <span class='ocrx_word' id='word_1_595' title='bbox 3362 1648 3711 1702; x_wconf 85' lang='lat' dir='ltr'><strong>resurrectio?</strong></span> 
     </span>
    </p>
   </div>
   <div class='ocr_carea' id='block_1_76' title="bbox 2125 1737 3709 1810">
    <p class='ocr_par' dir='ltr' id='par_1_76' title="bbox 2125 1737 3709 1810">
     <span class='ocr_line' id='line_1_76' title="bbox 2125 1737 3709 1810; baseline 0.003 -21"><span class='ocrx_word' id='word_1_596' title='bbox 2125 1752 2251 1806; x_wconf 81' lang='lat' dir='ltr'><strong>ergo</strong></span> <span class='ocrx_word' id='word_1_597' title='bbox 2273 1737 2403 1791; x_wconf 88' lang='lat' dir='ltr'><strong>illud</strong></span> <span class='ocrx_word' id='word_1_598' title='bbox 2423 1754 2631 1808; x_wconf 85' lang='lat' dir='ltr'><strong>quoque</strong></span> <span class='ocrx_word' id='word_1_599' title='bbox 2658 1755 2723 1794; x_wconf 82' lang='lat' dir='ltr'><strong>ex</strong></span> <span class='ocrx_word' id='word_1_600' title='bbox 2748 1739 2848 1793; x_wconf 92' lang='lat' dir='ltr'><strong>hoc</strong></span> <span class='ocrx_word' id='word_1_601' title='bbox 2869 1748 2953 1794; x_wconf 83' lang='lat' dir='ltr'><strong>est</strong></span> <span class='ocrx_word' id='word_1_602' title='bbox 2977 1740 3268 1803; x_wconf 84' lang='lat' dir='ltr'><strong>sublatum,</strong></span> <span class='ocrx_word' id='word_1_603' title='bbox 3296 1741 3436 1810; x_wconf 88' lang='lat' dir='ltr'><strong>quod</strong></span> <span class='ocrx_word' id='word_1_604' title='bbox 3464 1740 3709 1795; x_wconf 80' lang='lat' dir='ltr'><strong>Christus</strong></span> 
     </span>
    </p>
   </div>
   <div class='ocr_carea' id='block_1_77' title="bbox 2125 1830 3708 1901">
    <p class='ocr_par' dir='ltr' id='par_1_77' title="bbox 2125 1830 3708 1901">
     <span class='ocr_line' id='line_1_77' title="bbox 2125 1830 3708 1901; baseline 0.003 -22"><span class='ocrx_word' id='word_1_605' title='bbox 2125 1830 2499 1884; x_wconf 80' lang='lat' dir='ltr'><strong>resurrexerit.</strong></span> <span class='ocrx_word' id='word_1_606' title='bbox 2553 1830 2618 1883; x_wconf 72' lang='lat' dir='ltr'><strong>lit</strong></span> <span class='ocrx_word' id='word_1_607' title='bbox 2669 1830 2791 1884; x_wconf 88' lang='lat' dir='ltr'><strong>ideo</strong></span> <span class='ocrx_word' id='word_1_608' title='bbox 2833 1830 3144 1901; x_wconf 71' lang='lat' dir='ltr'><strong>subiungit,</strong></span> <span class='ocrx_word' id='word_1_609' title='bbox 3197 1831 3382 1885; x_wconf 87' lang='lat' dir='ltr'><strong>dicens</strong></span> <span class='ocrx_word' id='word_1_610' title='bbox 3432 1848 3445 1884; x_wconf 89' lang='lat'><strong>:</strong></span> <span class='ocrx_word' id='word_1_611' title='bbox 3496 1832 3584 1886; x_wconf 73' lang='lat' dir='ltr'><strong>l5.</strong></span> <span class='ocrx_word' id='word_1_612' title='bbox 3645 1831 3708 1886; x_wconf 86' lang='lat' dir='ltr'><strong>Si</strong></span> 
     </span>
    </p>
   </div>
   <div class='ocr_carea' id='block_1_78' title="bbox 2123 1920 3706 1990">
    <p class='ocr_par' dir='ltr' id='par_1_78' title="bbox 2123 1920 3706 1990">
     <span class='ocr_line' id='line_1_78' title="bbox 2123 1920 3706 1990; baseline 0.003 -20"><span class='ocrx_word' id='word_1_613' title='bbox 2123 1927 2292 1970; x_wconf 86' lang='lat' dir='ltr'><strong>autem</strong></span> <span class='ocrx_word' id='word_1_614' title='bbox 2322 1920 2618 1973; x_wconf 72' lang='lat' dir='ltr'><strong>resurrectio</strong></span> <span class='ocrx_word' id='word_1_615' title='bbox 2659 1932 2970 1974; x_wconf 86' lang='lat' dir='ltr'><strong>mortuorum</strong></span> <span class='ocrx_word' id='word_1_616' title='bbox 3009 1937 3111 1975; x_wconf 85' lang='lat' dir='ltr'><strong>non</strong></span> <span class='ocrx_word' id='word_1_617' title='bbox 3135 1930 3209 1975; x_wconf 83' lang='lat' dir='ltr'><strong>est</strong></span> <span class='ocrx_word' id='word_1_618' title='bbox 3233 1962 3249 1989; x_wconf 92' lang='lat'><strong>,</strong></span> <span class='ocrx_word' id='word_1_619' title='bbox 3276 1937 3437 1990; x_wconf 76' lang='lat' dir='ltr'><strong>neque</strong></span> <span class='ocrx_word' id='word_1_620' title='bbox 3474 1920 3706 1975; x_wconf 81' lang='lat' dir='ltr'><strong>Christus</strong></span> 
     </span>
    </p>
   </div>
   <div class='ocr_carea' id='block_1_79' title="bbox 2122 2011 3703 2068">
    <p class='ocr_par' dir='ltr' id='par_1_79' title="bbox 2122 2011 3703 2068">
     <span class='ocr_line' id='line_1_79' title="bbox 2122 2011 3703 2068; baseline 0.001 -5"><span class='ocrx_word' id='word_1_621' title='bbox 2122 2012 2418 2065; x_wconf 75' lang='lat' dir='ltr'><strong>resurrexit.</strong></span> <span class='ocrx_word' id='word_1_622' title='bbox 2447 2011 2691 2066; x_wconf 76' lang='lat' dir='ltr'><strong>Vidistin’</strong></span> <span class='ocrx_word' id='word_1_623' title='bbox 2713 2013 2861 2068; x_wconf 84' lang='lat' dir='ltr'><strong>Pauli</strong></span> <span class='ocrx_word' id='word_1_624' title='bbox 2893 2013 3203 2068; x_wconf 76' lang='lat' dir='ltr'><strong>violentiam</strong></span> <span class='ocrx_word' id='word_1_625' title='bbox 3230 2020 3285 2068; x_wconf 90' lang='lat' dir='ltr'><strong>et</strong></span> <span class='ocrx_word' id='word_1_626' title='bbox 3303 2012 3703 2067; x_wconf 81' lang='lat' dir='ltr'><strong>contentionem</strong></span> 
     </span>
    </p>
   </div>
   <div class='ocr_carea' id='block_1_80' title="bbox 2123 2104 3706 2178">
    <p class='ocr_par' dir='ltr' id='par_1_80' title="bbox 2123 2104 3706 2178">
     <span class='ocr_line' id='line_1_80' title="bbox 2123 2104 3706 2178; baseline -0.001 -20"><span class='ocrx_word' id='word_1_627' title='bbox 2123 2106 2612 2177; x_wconf 76' lang='lat' dir='ltr'><strong>inexpugnabilem,</strong></span> <span class='ocrx_word' id='word_1_628' title='bbox 2643 2106 2911 2178; x_wconf 86' lang='lat' dir='ltr'><strong>quomodo</strong></span> <span class='ocrx_word' id='word_1_629' title='bbox 2933 2122 3039 2162; x_wconf 90' lang='lat' dir='ltr'><strong>non</strong></span> <span class='ocrx_word' id='word_1_630' title='bbox 3066 2122 3133 2161; x_wconf 90' lang='lat' dir='ltr'><strong>ex</strong></span> <span class='ocrx_word' id='word_1_631' title='bbox 3161 2120 3228 2162; x_wconf 90' lang='lat' dir='ltr'><strong>eo</strong></span> <span class='ocrx_word' id='word_1_632' title='bbox 3257 2105 3431 2161; x_wconf 90' lang='lat' dir='ltr'><strong>solum</strong></span> <span class='ocrx_word' id='word_1_633' title='bbox 3453 2104 3595 2175; x_wconf 92' lang='lat' dir='ltr'><strong>quod</strong></span> <span class='ocrx_word' id='word_1_634' title='bbox 3623 2114 3706 2158; x_wconf 86' lang='lat' dir='ltr'><strong>est</strong></span> 
     </span>
    </p>
   </div>
   <div class='ocr_carea' id='block_1_81' title="bbox 2122 2197 3705 2271">
    <p class='ocr_par' dir='ltr' id='par_1_81' title="bbox 2122 2197 3705 2271">
     <span class='ocr_line' id='line_1_81' title="bbox 2122 2197 3705 2271; baseline -0.001 -18"><span class='ocrx_word' id='word_1_635' title='bbox 2122 2199 2483 2267; x_wconf 82' lang='lat' dir='ltr'><strong>manifestum,</strong></span> <span class='ocrx_word' id='word_1_636' title='bbox 2516 2200 2565 2254; x_wconf 90' lang='lat' dir='ltr'><strong>id</strong></span> <span class='ocrx_word' id='word_1_637' title='bbox 2593 2199 2659 2255; x_wconf 93' lang='lat' dir='ltr'><strong>dc</strong></span> <span class='ocrx_word' id='word_1_638' title='bbox 2686 2215 2792 2271; x_wconf 85' lang='lat' dir='ltr'><strong>quo</strong></span> <span class='ocrx_word' id='word_1_639' title='bbox 2818 2200 3112 2266; x_wconf 85' lang='lat' dir='ltr'><strong>dubitatur,</strong></span> <span class='ocrx_word' id='word_1_640' title='bbox 3144 2199 3238 2255; x_wconf 87' lang='lat' dir='ltr'><strong>sed</strong></span> <span class='ocrx_word' id='word_1_641' title='bbox 3266 2199 3425 2255; x_wconf 85' lang='lat' dir='ltr'><strong>etiam</strong></span> <span class='ocrx_word' id='word_1_642' title='bbox 3452 2214 3517 2253; x_wconf 84' lang='lat' dir='ltr'><strong>ex</strong></span> <span class='ocrx_word' id='word_1_643' title='bbox 3547 2211 3614 2253; x_wconf 92' lang='lat' dir='ltr'><strong>eo</strong></span> <span class='ocrx_word' id='word_1_644' title='bbox 3637 2197 3705 2252; x_wconf 82' lang='lat' dir='ltr'><strong>de</strong></span> 
     </span>
    </p>
   </div>
   <div class='ocr_carea' id='block_1_82' title="bbox 2119 2289 3701 2361">
    <p class='ocr_par' dir='ltr' id='par_1_82' title="bbox 2119 2289 3701 2361">
     <span class='ocr_line' id='line_1_82' title="bbox 2119 2289 3701 2361; baseline -0.003 -15"><span class='ocrx_word' id='word_1_645' title='bbox 2119 2305 2226 2361; x_wconf 89' lang='lat' dir='ltr'><strong>quo</strong></span> <span class='ocrx_word' id='word_1_646' title='bbox 2264 2290 2536 2346; x_wconf 90' lang='lat' dir='ltr'><strong>dubitatur</strong></span> <span class='ocrx_word' id='word_1_647' title='bbox 2563 2307 2593 2345; x_wconf 86' lang='lat' dir='ltr'><strong>a</strong></span> <span class='ocrx_word' id='word_1_648' title='bbox 2623 2292 3133 2359; x_wconf 87' lang='lat' dir='ltr'><strong>contradicentibus,</strong></span> <span class='ocrx_word' id='word_1_649' title='bbox 3180 2292 3290 2361; x_wconf 89' lang='lat' dir='ltr'><strong>jam</strong></span> <span class='ocrx_word' id='word_1_650' title='bbox 3334 2298 3560 2346; x_wconf 87' lang='lat' dir='ltr'><strong>conetur</strong></span> <span class='ocrx_word' id='word_1_651' title='bbox 3601 2289 3701 2343; x_wconf 83' lang='lat' dir='ltr'><strong>de-</strong></span> 
     </span>
    </p>
   </div>
   <div class='ocr_carea' id='block_1_83' title="bbox 2118 2378 3698 2453">
    <p class='ocr_par' dir='ltr' id='par_1_83' title="bbox 2118 2378 3698 2453">
     <span class='ocr_line' id='line_1_83' title="bbox 2118 2378 3698 2453; baseline -0.003 -17"><span class='ocrx_word' id='word_1_652' title='bbox 2118 2390 2418 2437; x_wconf 88' lang='lat' dir='ltr'><strong>monstrare</strong></span> <span class='ocrx_word' id='word_1_653' title='bbox 2449 2382 2577 2438; x_wconf 90' lang='lat' dir='ltr'><strong>illud</strong></span> <span class='ocrx_word' id='word_1_654' title='bbox 2606 2383 2747 2453; x_wconf 93' lang='lat' dir='ltr'><strong>quod</strong></span> <span class='ocrx_word' id='word_1_655' title='bbox 2774 2392 2857 2439; x_wconf 88' lang='lat' dir='ltr'><strong>est</strong></span> <span class='ocrx_word' id='word_1_656' title='bbox 2889 2382 3276 2438; x_wconf 80' lang='lat' dir='ltr'><strong>manifestum?</strong></span> <span class='ocrx_word' id='word_1_657' title='bbox 3318 2396 3425 2437; x_wconf 91' lang='lat' dir='ltr'><strong>non</strong></span> <span class='ocrx_word' id='word_1_658' title='bbox 3469 2380 3592 2451; x_wconf 88' lang='lat' dir='ltr'><strong>quia</strong></span> <span class='ocrx_word' id='word_1_659' title='bbox 3642 2378 3698 2433; x_wconf 88' lang='lat' dir='ltr'><strong>id</strong></span> 
     </span>
    </p>
   </div>
   <div class='ocr_carea' id='block_1_84' title="bbox 2118 2471 3693 2544">
    <p class='ocr_par' dir='ltr' id='par_1_84' title="bbox 2118 2471 3693 2544">
     <span class='ocr_line' id='line_1_84' title="bbox 2118 2471 3693 2544; baseline -0.003 -17"><span class='ocrx_word' id='word_1_660' title='bbox 2118 2472 2261 2542; x_wconf 89' lang='lat' dir='ltr'><strong>quod</strong></span> <span class='ocrx_word' id='word_1_661' title='bbox 2285 2473 2396 2542; x_wconf 90' lang='lat' dir='ltr'><strong>jam</strong></span> <span class='ocrx_word' id='word_1_662' title='bbox 2429 2473 2625 2528; x_wconf 82' lang='lat' dir='ltr'><strong>factum</strong></span> <span class='ocrx_word' id='word_1_663' title='bbox 2654 2484 2771 2529; x_wconf 89' lang='lat' dir='ltr'><strong>erat</strong></span> <span class='ocrx_word' id='word_1_664' title='bbox 2799 2489 2934 2544; x_wconf 91' lang='lat' dir='ltr'><strong>opus</strong></span> <span class='ocrx_word' id='word_1_665' title='bbox 2964 2473 3186 2528; x_wconf 87' lang='lat' dir='ltr'><strong>haberet</strong></span> <span class='ocrx_word' id='word_1_666' title='bbox 3211 2471 3693 2532; x_wconf 84' lang='lat' dir='ltr'><strong>demonstratione,</strong></span> 
     </span>
    </p>
   </div>
   <div class='ocr_carea' id='block_1_85' title="bbox 2118 2561 3699 2636">
    <p class='ocr_par' dir='ltr' id='par_1_85' title="bbox 2118 2561 3699 2636">
     <span class='ocr_line' id='line_1_85' title="bbox 2118 2561 3699 2636; baseline -0.002 -19"><span class='ocrx_word' id='word_1_667' title='bbox 2118 2563 2213 2619; x_wconf 88' lang='lat' dir='ltr'><strong>sed</strong></span> <span class='ocrx_word' id='word_1_668' title='bbox 2240 2572 2298 2618; x_wconf 93' lang='lat' dir='ltr'><strong>ut</strong></span> <span class='ocrx_word' id='word_1_669' title='bbox 2331 2565 2641 2620; x_wconf 89' lang='lat' dir='ltr'><strong>ostenderet</strong></span> <span class='ocrx_word' id='word_1_670' title='bbox 2664 2564 2768 2620; x_wconf 88' lang='lat' dir='ltr'><strong>hoc</strong></span> <span class='ocrx_word' id='word_1_671' title='bbox 2784 2581 2902 2621; x_wconf 86' lang='lat' dir='ltr'><strong>esse</strong></span> <span class='ocrx_word' id='word_1_672' title='bbox 2920 2581 3070 2636; x_wconf 62' lang='lat' dir='ltr'><strong>a‘que</strong></span> <span class='ocrx_word' id='word_1_673' title='bbox 3091 2573 3249 2635; x_wconf 88' lang='lat' dir='ltr'><strong>atque</strong></span> <span class='ocrx_word' id='word_1_674' title='bbox 3268 2562 3396 2618; x_wconf 89' lang='lat' dir='ltr'><strong>illud</strong></span> <span class='ocrx_word' id='word_1_675' title='bbox 3420 2561 3699 2619; x_wconf 86' lang='lat' dir='ltr'><strong>credibile.</strong></span> 
     </span>
    </p>
   </div>
   <div class='ocr_carea' id='block_1_86' title="bbox 2185 2655 3705 2727">
    <p class='ocr_par' dir='ltr' id='par_1_86' title="bbox 2185 2655 3705 2727">
     <span class='ocr_line' id='line_1_86' title="bbox 2185 2655 3705 2727; baseline -0.002 -18"><span class='ocrx_word' id='word_1_676' title='bbox 2185 2655 2242 2709; x_wconf 76' lang='grc'><strong>2.</strong></span> <span class='ocrx_word' id='word_1_677' title='bbox 2282 2656 2349 2711; x_wconf 83' lang='lat' dir='ltr'><strong>Et</strong></span> <span class='ocrx_word' id='word_1_678' title='bbox 2386 2672 2630 2727; x_wconf 66' lang='lat' dir='ltr'><strong>quaenam</strong></span> <span class='ocrx_word' id='word_1_679' title='bbox 2676 2668 2757 2712; x_wconf 90' lang='lat' dir='ltr'><strong>est</strong></span> <span class='ocrx_word' id='word_1_680' title='bbox 2781 2701 2796 2725; x_wconf 88' lang='lat'><strong>,</strong></span> <span class='ocrx_word' id='word_1_681' title='bbox 2832 2658 3075 2726; x_wconf 86' lang='lat' dir='ltr'><strong>inquies,</strong></span> <span class='ocrx_word' id='word_1_682' title='bbox 3118 2657 3234 2710; x_wconf 79' lang='lat' dir='ltr'><strong>lucc</strong></span> <span class='ocrx_word' id='word_1_683' title='bbox 3274 2655 3705 2725; x_wconf 77' lang='lat' dir='ltr'><strong>consequentia?</strong></span> 
     </span>
    </p>
   </div>
   <div class='ocr_carea' id='block_1_87' title="bbox 2116 2746 3697 2820">
    <p class='ocr_par' dir='ltr' id='par_1_87' title="bbox 2116 2746 3697 2820">
     <span class='ocr_line' id='line_1_87' title="bbox 2116 2746 3697 2820; baseline -0.003 -16"><span class='ocrx_word' id='word_1_684' title='bbox 2116 2764 2238 2804; x_wconf 89' lang='lat' dir='ltr'><strong>nam</strong></span> <span class='ocrx_word' id='word_1_685' title='bbox 2264 2749 2404 2819; x_wconf 87' lang='lat' dir='ltr'><strong>quod</strong></span> <span class='ocrx_word' id='word_1_686' title='bbox 2432 2749 2477 2804; x_wconf 88' lang='lat' dir='ltr'><strong>si</strong></span> <span class='ocrx_word' id='word_1_687' title='bbox 2502 2748 2749 2806; x_wconf 85' lang='lat' dir='ltr'><strong>Christus</strong></span> <span class='ocrx_word' id='word_1_688' title='bbox 2777 2750 2990 2820; x_wconf 87' lang='lat' dir='ltr'><strong>quidem</strong></span> <span class='ocrx_word' id='word_1_689' title='bbox 3031 2764 3139 2804; x_wconf 91' lang='lat' dir='ltr'><strong>non</strong></span> <span class='ocrx_word' id='word_1_690' title='bbox 3177 2746 3576 2812; x_wconf 84' lang='lat' dir='ltr'><strong>resurrexerit,</strong></span> <span class='ocrx_word' id='word_1_691' title='bbox 3626 2760 3697 2800; x_wconf 89' lang='lat' dir='ltr'><strong>ne</strong></span> 
     </span>
    </p>
   </div>
   <div class='ocr_carea' id='block_1_88' title="bbox 2116 2836 3695 2912">
    <p class='ocr_par' dir='ltr' id='par_1_88' title="bbox 2116 2836 3695 2912">
     <span class='ocr_line' id='line_1_88' title="bbox 2116 2836 3695 2912; baseline -0.003 -18"><span class='ocrx_word' id='word_1_692' title='bbox 2116 2841 2203 2894; x_wconf 90' lang='lat' dir='ltr'><strong>alii</strong></span> <span class='ocrx_word' id='word_1_693' title='bbox 2234 2840 2450 2910; x_wconf 90' lang='lat' dir='ltr'><strong>quidem</strong></span> <span class='ocrx_word' id='word_1_694' title='bbox 2478 2850 2804 2912; x_wconf 81' lang='lat' dir='ltr'><strong>resurgant,</strong></span> <span class='ocrx_word' id='word_1_695' title='bbox 2832 2850 2914 2895; x_wconf 89' lang='lat' dir='ltr'><strong>est</strong></span> <span class='ocrx_word' id='word_1_696' title='bbox 2933 2855 3270 2910; x_wconf 85' lang='lat' dir='ltr'><strong>consequens</strong></span> <span class='ocrx_word' id='word_1_697' title='bbox 3294 2855 3309 2903; x_wconf 90' lang='lat'><strong>;</strong></span> <span class='ocrx_word' id='word_1_698' title='bbox 3344 2836 3486 2908; x_wconf 91' lang='lat' dir='ltr'><strong>quod</strong></span> <span class='ocrx_word' id='word_1_699' title='bbox 3515 2846 3695 2891; x_wconf 84' lang='lat' dir='ltr'><strong>autem</strong></span> 
     </span>
    </p>
   </div>
   <div class='ocr_carea' id='block_1_89' title="bbox 2115 2929 3698 3001">
    <p class='ocr_par' dir='ltr' id='par_1_89' title="bbox 2115 2929 3698 3001">
     <span class='ocr_line' id='line_1_89' title="bbox 2115 2929 3698 3001; baseline -0.004 -15"><span class='ocrx_word' id='word_1_700' title='bbox 2115 2933 2158 2986; x_wconf 90' lang='lat' dir='ltr'><strong>si</strong></span> <span class='ocrx_word' id='word_1_701' title='bbox 2186 2932 2273 2985; x_wconf 89' lang='lat' dir='ltr'><strong>alii</strong></span> <span class='ocrx_word' id='word_1_702' title='bbox 2297 2946 2401 2987; x_wconf 87' lang='lat' dir='ltr'><strong>non</strong></span> <span class='ocrx_word' id='word_1_703' title='bbox 2420 2934 2832 2997; x_wconf 85' lang='lat' dir='ltr'><strong>resurrexerint,</strong></span> <span class='ocrx_word' id='word_1_704' title='bbox 2858 2947 2923 2986; x_wconf 90' lang='lat' dir='ltr'><strong>ne</strong></span> <span class='ocrx_word' id='word_1_705' title='bbox 2940 2932 3053 3001; x_wconf 89' lang='lat' dir='ltr'><strong>ipse</strong></span> <span class='ocrx_word' id='word_1_706' title='bbox 3082 2930 3295 3000; x_wconf 86' lang='lat' dir='ltr'><strong>quidem</strong></span> <span class='ocrx_word' id='word_1_707' title='bbox 3320 2929 3698 2993; x_wconf 84' lang='lat' dir='ltr'><strong>resurrcxerit,</strong></span> 
     </span>
    </p>
   </div>
   <div class='ocr_carea' id='block_1_90' title="bbox 2114 3023 3702 3094">
    <p class='ocr_par' dir='ltr' id='par_1_90' title="bbox 2114 3023 3702 3094">
     <span class='ocr_line' id='line_1_90' title="bbox 2114 3023 3702 3094; baseline -0.003 -15"><span class='ocrx_word' id='word_1_708' title='bbox 2114 3025 2382 3094; x_wconf 91' lang='lat' dir='ltr'><strong>quomodo</strong></span> <span class='ocrx_word' id='word_1_709' title='bbox 2412 3025 2515 3081; x_wconf 92' lang='lat' dir='ltr'><strong>hoc</strong></span> <span class='ocrx_word' id='word_1_710' title='bbox 2539 3026 2697 3080; x_wconf 88' lang='lat' dir='ltr'><strong>ullam</strong></span> <span class='ocrx_word' id='word_1_711' title='bbox 2720 3026 2914 3081; x_wconf 88' lang='lat' dir='ltr'><strong>habeat</strong></span> <span class='ocrx_word' id='word_1_712' title='bbox 2938 3025 3247 3079; x_wconf 83' lang='lat' dir='ltr'><strong>rationem?</strong></span> <span class='ocrx_word' id='word_1_713' title='bbox 3276 3023 3542 3092; x_wconf 87' lang='lat' dir='ltr'><strong>Quoniam</strong></span> <span class='ocrx_word' id='word_1_714' title='bbox 3571 3037 3702 3090; x_wconf 79' lang='lat' dir='ltr'><strong>ergo</strong></span> 
     </span>
    </p>
   </div>
   <div class='ocr_carea' id='block_1_91' title="bbox 2117 3116 3698 3173">
    <p class='ocr_par' dir='ltr' id='par_1_91' title="bbox 2117 3116 3698 3173">
     <span class='ocr_line' id='line_1_91' title="bbox 2117 3116 3698 3173; baseline -0.001 -4"><span class='ocrx_word' id='word_1_715' title='bbox 2117 3116 2218 3172; x_wconf 90' lang='lat' dir='ltr'><strong>hoc</strong></span> <span class='ocrx_word' id='word_1_716' title='bbox 2264 3117 2545 3173; x_wconf 88' lang='lat' dir='ltr'><strong>videbatur</strong></span> <span class='ocrx_word' id='word_1_717' title='bbox 2580 3135 2685 3172; x_wconf 90' lang='lat' dir='ltr'><strong>non</strong></span> <span class='ocrx_word' id='word_1_718' title='bbox 2736 3132 2857 3172; x_wconf 88' lang='lat' dir='ltr'><strong>esse</strong></span> <span class='ocrx_word' id='word_1_719' title='bbox 2900 3116 3189 3170; x_wconf 90' lang='lat' dir='ltr'><strong>admodum</strong></span> <span class='ocrx_word' id='word_1_720' title='bbox 3234 3116 3429 3170; x_wconf 81' lang='lat' dir='ltr'><strong>rationi</strong></span> <span class='ocrx_word' id='word_1_721' title='bbox 3467 3128 3698 3169; x_wconf 62' lang='lat' dir='ltr'><strong>conserto</strong></span> 
     </span>
    </p>
   </div>
   <div class='ocr_carea' id='block_1_92' title="bbox 2115 3204 3698 3279">
    <p class='ocr_par' dir='ltr' id='par_1_92' title="bbox 2115 3204 3698 3279">
     <span class='ocr_line' id='line_1_92' title="bbox 2115 3204 3698 3279; baseline -0.003 -16"><span class='ocrx_word' id='word_1_722' title='bbox 2115 3217 2367 3275; x_wconf 84' lang='lat' dir='ltr'><strong>tanenm,</strong></span> <span class='ocrx_word' id='word_1_723' title='bbox 2421 3209 2541 3263; x_wconf 82' lang='lat' dir='ltr'><strong>vide</strong></span> <span class='ocrx_word' id='word_1_724' title='bbox 2587 3209 2855 3279; x_wconf 88' lang='lat' dir='ltr'><strong>quomodo</strong></span> <span class='ocrx_word' id='word_1_725' title='bbox 2907 3218 3330 3263; x_wconf 86' lang='lat' dir='ltr'><strong>consentaneum</strong></span> <span class='ocrx_word' id='word_1_726' title='bbox 3385 3206 3487 3261; x_wconf 87' lang='lat' dir='ltr'><strong>hoc</strong></span> <span class='ocrx_word' id='word_1_727' title='bbox 3539 3204 3698 3259; x_wconf 84' lang='lat' dir='ltr'><strong>valde</strong></span> 
     </span>
    </p>
   </div>
   <div class='ocr_carea' id='block_1_93' title="bbox 2114 3297 3702 3373">
    <p class='ocr_par' dir='ltr' id='par_1_93' title="bbox 2114 3297 3702 3373">
     <span class='ocr_line' id='line_1_93' title="bbox 2114 3297 3702 3373; baseline -0.004 -16"><span class='ocrx_word' id='word_1_728' title='bbox 2114 3300 2272 3359; x_wconf 85' lang='lat' dir='ltr'><strong>faciat</strong></span> <span class='ocrx_word' id='word_1_729' title='bbox 2294 3344 2308 3364; x_wconf 87' lang='lat'><em>.</em></span> <span class='ocrx_word' id='word_1_730' title='bbox 2341 3303 2408 3358; x_wconf 89' lang='lat' dir='ltr'><strong>ab</strong></span> <span class='ocrx_word' id='word_1_731' title='bbox 2436 3302 2543 3357; x_wconf 88' lang='lat' dir='ltr'><strong>alto</strong></span> <span class='ocrx_word' id='word_1_732' title='bbox 2571 3301 2718 3373; x_wconf 88' lang='lat' dir='ltr'><strong>prius</strong></span> <span class='ocrx_word' id='word_1_733' title='bbox 2741 3301 2949 3371; x_wconf 85' lang='lat' dir='ltr'><strong>jaciens</strong></span> <span class='ocrx_word' id='word_1_734' title='bbox 2976 3301 3182 3356; x_wconf 89' lang='lat' dir='ltr'><strong>semina</strong></span> <span class='ocrx_word' id='word_1_735' title='bbox 3205 3341 3221 3365; x_wconf 93' lang='lat'><strong>,</strong></span> <span class='ocrx_word' id='word_1_736' title='bbox 3263 3315 3332 3356; x_wconf 82' lang='lat' dir='ltr'><strong>ex</strong></span> <span class='ocrx_word' id='word_1_737' title='bbox 3359 3300 3470 3370; x_wconf 86' lang='lat' dir='ltr'><strong>ipsa</strong></span> <span class='ocrx_word' id='word_1_738' title='bbox 3503 3297 3702 3369; x_wconf 65' lang='lat' dir='ltr'><strong>praedi-</strong></span> 
     </span>
    </p>
   </div>
   <div class='ocr_carea' id='block_1_94' title="bbox 2113 3392 3701 3465">
    <p class='ocr_par' dir='ltr' id='par_1_94' title="bbox 2113 3392 3701 3465">
     <span class='ocr_line' id='line_1_94' title="bbox 2113 3392 3701 3465; baseline -0.004 -14"><span class='ocrx_word' id='word_1_739' title='bbox 2113 3396 2338 3451; x_wconf 90' lang='lat' dir='ltr'><strong>cationis</strong></span> <span class='ocrx_word' id='word_1_740' title='bbox 2379 3410 2539 3450; x_wconf 84' lang='lat' dir='ltr'><strong>causa</strong></span> <span class='ocrx_word' id='word_1_741' title='bbox 2590 3412 2605 3449; x_wconf 89' lang='lat'><strong>:</strong></span> <span class='ocrx_word' id='word_1_742' title='bbox 2656 3409 2853 3465; x_wconf 87' lang='lat' dir='ltr'><strong>nempe</strong></span> <span class='ocrx_word' id='word_1_743' title='bbox 2892 3394 3034 3465; x_wconf 90' lang='lat' dir='ltr'><strong>quod</strong></span> <span class='ocrx_word' id='word_1_744' title='bbox 3079 3408 3177 3462; x_wconf 91' lang='lat' dir='ltr'><strong>pro</strong></span> <span class='ocrx_word' id='word_1_745' title='bbox 3217 3394 3452 3464; x_wconf 89' lang='lat' dir='ltr'><strong>peccatis</strong></span> <span class='ocrx_word' id='word_1_746' title='bbox 3501 3392 3701 3446; x_wconf 87' lang='lat' dir='ltr'><strong>nostris</strong></span> 
     </span>
    </p>
   </div>
   <div class='ocr_carea' id='block_1_95' title="bbox 2112 3482 3699 3555">
    <p class='ocr_par' dir='ltr' id='par_1_95' title="bbox 2112 3482 3699 3555">
     <span class='ocr_line' id='line_1_95' title="bbox 2112 3482 3699 3555; baseline -0.004 -13"><span class='ocrx_word' id='word_1_747' title='bbox 2112 3495 2356 3542; x_wconf 89' lang='lat' dir='ltr'><strong>mortuus</strong></span> <span class='ocrx_word' id='word_1_748' title='bbox 2403 3487 2798 3547; x_wconf 86' lang='lat' dir='ltr'><strong>resurrexerit,</strong></span> <span class='ocrx_word' id='word_1_749' title='bbox 2831 3494 2886 3539; x_wconf 91' lang='lat' dir='ltr'><strong>et</strong></span> <span class='ocrx_word' id='word_1_750' title='bbox 2932 3484 3073 3555; x_wconf 91' lang='lat' dir='ltr'><strong>quod</strong></span> <span class='ocrx_word' id='word_1_751' title='bbox 3114 3484 3190 3539; x_wconf 91' lang='lat' dir='ltr'><strong>sit</strong></span> <span class='ocrx_word' id='word_1_752' title='bbox 3235 3482 3484 3554; x_wconf 57' lang='lat' dir='ltr'><strong>primitiae</strong></span> <span class='ocrx_word' id='word_1_753' title='bbox 3513 3495 3699 3536; x_wconf 85' lang='lat' dir='ltr'><strong>eorum</strong></span> 
     </span>
    </p>
   </div>
   <div class='ocr_carea' id='block_1_96' title="bbox 2112 3575 3699 3650">
    <p class='ocr_par' dir='ltr' id='par_1_96' title="bbox 2112 3575 3699 3650">
     <span class='ocr_line' id='line_1_96' title="bbox 2112 3575 3699 3650; baseline -0.005 -15"><span class='ocrx_word' id='word_1_754' title='bbox 2112 3582 2199 3650; x_wconf 89' lang='lat' dir='ltr'><strong>qui</strong></span> <span class='ocrx_word' id='word_1_755' title='bbox 2225 3581 2579 3636; x_wconf 82' lang='lat' dir='ltr'><strong>dormierunt.</strong></span> <span class='ocrx_word' id='word_1_756' title='bbox 2610 3578 2865 3633; x_wconf 76' lang='lat' dir='ltr'><strong>Primitia:</strong></span> <span class='ocrx_word' id='word_1_757' title='bbox 2890 3579 3032 3634; x_wconf 90' lang='lat' dir='ltr'><strong>enim</strong></span> <span class='ocrx_word' id='word_1_758' title='bbox 3055 3577 3332 3647; x_wconf 88' lang='lat' dir='ltr'><strong>cujusnam</strong></span> <span class='ocrx_word' id='word_1_759' title='bbox 3360 3575 3558 3631; x_wconf 87' lang='lat' dir='ltr'><strong>fuerint</strong></span> <span class='ocrx_word' id='word_1_760' title='bbox 3588 3576 3699 3643; x_wconf 87' lang='lat' dir='ltr'><strong>pri-</strong></span> 
     </span>
    </p>
   </div>
   <div class='ocr_carea' id='block_1_97' title="bbox 2111 3669 3684 3741">
    <p class='ocr_par' dir='ltr' id='par_1_97' title="bbox 2111 3669 3684 3741">
     <span class='ocr_line' id='line_1_97' title="bbox 2111 3669 3684 3741; baseline -0.004 -14"><span class='ocrx_word' id='word_1_761' title='bbox 2111 3673 2275 3727; x_wconf 63' lang='lat' dir='ltr'><strong>mitias</strong></span> <span class='ocrx_word' id='word_1_762' title='bbox 2296 3714 2309 3738; x_wconf 91' lang='lat'><strong>,</strong></span> <span class='ocrx_word' id='word_1_763' title='bbox 2353 3671 2453 3726; x_wconf 91' lang='lat' dir='ltr'><strong>nisi</strong></span> <span class='ocrx_word' id='word_1_764' title='bbox 2499 3685 2685 3724; x_wconf 91' lang='lat' dir='ltr'><strong>eorum</strong></span> <span class='ocrx_word' id='word_1_765' title='bbox 2715 3670 2806 3741; x_wconf 90' lang='lat' dir='ltr'><strong>qui</strong></span> <span class='ocrx_word' id='word_1_766' title='bbox 2837 3679 3121 3740; x_wconf 80' lang='lat' dir='ltr'><strong>resurgunt</strong></span> <span class='ocrx_word' id='word_1_767' title='bbox 3145 3669 3168 3723; x_wconf 70' lang='grc' dir='ltr'><strong>Ρ</strong></span> <span class='ocrx_word' id='word_1_768' title='bbox 3193 3669 3463 3739; x_wconf 85' lang='lat' dir='ltr'><strong>quomodo</strong></span> <span class='ocrx_word' id='word_1_769' title='bbox 3506 3677 3684 3723; x_wconf 83' lang='lat' dir='ltr'><strong>autem</strong></span> 
     </span>
    </p>
   </div>
   <div class='ocr_carea' id='block_1_98' title="bbox 2110 3763 3697 3834">
    <p class='ocr_par' dir='ltr' id='par_1_98' title="bbox 2110 3763 3697 3834">
     <span class='ocr_line' id='line_1_98' title="bbox 2110 3763 3697 3834; baseline -0.002 -15"><span class='ocrx_word' id='word_1_770' title='bbox 2110 3763 2310 3819; x_wconf 81' lang='lat' dir='ltr'><strong>fuerint</strong></span> <span class='ocrx_word' id='word_1_771' title='bbox 2355 3764 2639 3834; x_wconf 74' lang='lat' dir='ltr'><strong>primitim,</strong></span> <span class='ocrx_word' id='word_1_772' title='bbox 2688 3763 2789 3817; x_wconf 89' lang='lat' dir='ltr'><strong>nisi</strong></span> <span class='ocrx_word' id='word_1_773' title='bbox 2832 3772 3116 3833; x_wconf 76' lang='lat' dir='ltr'><strong>resurgant</strong></span> <span class='ocrx_word' id='word_1_774' title='bbox 3167 3763 3243 3817; x_wconf 91' lang='lat' dir='ltr'><strong>illi</strong></span> <span class='ocrx_word' id='word_1_775' title='bbox 3291 3779 3517 3830; x_wconf 87' lang='lat' dir='ltr'><strong>quorum</strong></span> <span class='ocrx_word' id='word_1_776' title='bbox 3569 3771 3697 3817; x_wconf 87' lang='lat' dir='ltr'><strong>sunt</strong></span> 
     </span>
    </p>
   </div>
   <div class='ocr_carea' id='block_1_99' title="bbox 2115 3855 3697 3928">
    <p class='ocr_par' dir='ltr' id='par_1_99' title="bbox 2115 3855 3697 3928">
     <span class='ocr_line' id='line_1_99' title="bbox 2115 3855 3697 3928; baseline -0.002 -17"><span class='ocrx_word' id='word_1_777' title='bbox 2115 3855 2408 3928; x_wconf 68' lang='lat' dir='ltr'><strong>primitiae?</strong></span> <span class='ocrx_word' id='word_1_778' title='bbox 2434 3855 2705 3925; x_wconf 89' lang='lat' dir='ltr'><strong>quomodo</strong></span> <span class='ocrx_word' id='word_1_779' title='bbox 2744 3871 2873 3924; x_wconf 78' lang='lat' dir='ltr'><strong>ergo</strong></span> <span class='ocrx_word' id='word_1_780' title='bbox 2917 3870 3022 3908; x_wconf 92' lang='lat' dir='ltr'><strong>non</strong></span> <span class='ocrx_word' id='word_1_781' title='bbox 3071 3856 3397 3923; x_wconf 79' lang='lat' dir='ltr'><strong>resurgunt?</strong></span> <span class='ocrx_word' id='word_1_782' title='bbox 3435 3855 3478 3908; x_wconf 91' lang='lat' dir='ltr'><strong>si</strong></span> <span class='ocrx_word' id='word_1_783' title='bbox 3519 3863 3697 3908; x_wconf 69' lang='lat' dir='ltr'><strong>autem</strong></span> 
     </span>
    </p>
   </div>
   <div class='ocr_carea' id='block_1_100' title="bbox 2111 3944 3699 4018">
    <p class='ocr_par' dir='ltr' id='par_1_100' title="bbox 2111 3944 3699 4018">
     <span class='ocr_line' id='line_1_100' title="bbox 2111 3944 3699 4018; baseline -0.003 -15"><span class='ocrx_word' id='word_1_784' title='bbox 2111 3964 2217 4003; x_wconf 89' lang='lat' dir='ltr'><strong>non</strong></span> <span class='ocrx_word' id='word_1_785' title='bbox 2249 3957 2568 4018; x_wconf 76' lang='lat' dir='ltr'><strong>resurgunt,</strong></span> <span class='ocrx_word' id='word_1_786' title='bbox 2599 3962 2696 4000; x_wconf 90' lang='lat' dir='ltr'><strong>cur</strong></span> <span class='ocrx_word' id='word_1_787' title='bbox 2740 3944 3037 4002; x_wconf 78' lang='lat' dir='ltr'><strong>resurrexit</strong></span> <span class='ocrx_word' id='word_1_788' title='bbox 3067 3944 3359 3999; x_wconf 81' lang='lat' dir='ltr'><strong>Christus?</strong></span> <span class='ocrx_word' id='word_1_789' title='bbox 3385 3961 3481 3999; x_wconf 79' lang='lat' dir='ltr'><strong>cur</strong></span> <span class='ocrx_word' id='word_1_790' title='bbox 3508 3945 3699 3999; x_wconf 84' lang='lat' dir='ltr'><strong>venit?</strong></span> 
     </span>
    </p>
   </div>
   <div class='ocr_carea' id='block_1_101' title="bbox 2111 4039 3700 4109">
    <p class='ocr_par' dir='ltr' id='par_1_101' title="bbox 2111 4039 3700 4109">
     <span class='ocr_line' id='line_1_101' title="bbox 2111 4039 3700 4109; baseline -0.003 -12"><span class='ocrx_word' id='word_1_791' title='bbox 2111 4056 2208 4097; x_wconf 91' lang='lat' dir='ltr'><strong>cur</strong></span> <span class='ocrx_word' id='word_1_792' title='bbox 2235 4056 2452 4096; x_wconf 88' lang='lat' dir='ltr'><strong>carnem</strong></span> <span class='ocrx_word' id='word_1_793' title='bbox 2493 4039 2769 4109; x_wconf 90' lang='lat' dir='ltr'><strong>suscepit,</strong></span> <span class='ocrx_word' id='word_1_794' title='bbox 2815 4039 2861 4093; x_wconf 87' lang='lat' dir='ltr'><strong>si</strong></span> <span class='ocrx_word' id='word_1_795' title='bbox 2890 4053 3108 4094; x_wconf 87' lang='lat' dir='ltr'><strong>carnem</strong></span> <span class='ocrx_word' id='word_1_796' title='bbox 3161 4054 3265 4091; x_wconf 87' lang='lat' dir='ltr'><strong>non</strong></span> <span class='ocrx_word' id='word_1_797' title='bbox 3313 4048 3429 4092; x_wconf 90' lang='lat' dir='ltr'><strong>erat</strong></span> <span class='ocrx_word' id='word_1_798' title='bbox 3472 4041 3700 4092; x_wconf 85' lang='lat' dir='ltr'><strong>suscita-</strong></span> 
     </span>
    </p>
   </div>
   <div class='ocr_carea' id='block_1_102' title="bbox 2114 4127 3695 4199">
    <p class='ocr_par' dir='ltr' id='par_1_102' title="bbox 2114 4127 3695 4199">
     <span class='ocr_line' id='line_1_102' title="bbox 2114 4127 3695 4199; baseline -0.003 -12"><span class='ocrx_word' id='word_1_799' title='bbox 2114 4130 2288 4188; x_wconf 79' lang='lat' dir='ltr'><strong>turus?</strong></span> <span class='ocrx_word' id='word_1_800' title='bbox 2311 4147 2416 4185; x_wconf 89' lang='lat' dir='ltr'><strong>non</strong></span> <span class='ocrx_word' id='word_1_801' title='bbox 2442 4130 2584 4186; x_wconf 86' lang='lat' dir='ltr'><strong>enim</strong></span> <span class='ocrx_word' id='word_1_802' title='bbox 2614 4129 2729 4199; x_wconf 85' lang='lat' dir='ltr'><strong>ipse</strong></span> <span class='ocrx_word' id='word_1_803' title='bbox 2754 4144 2891 4198; x_wconf 90' lang='lat' dir='ltr'><strong>opus</strong></span> <span class='ocrx_word' id='word_1_804' title='bbox 2918 4127 3152 4183; x_wconf 84' lang='lat' dir='ltr'><strong>habebat</strong></span> <span class='ocrx_word' id='word_1_805' title='bbox 3183 4138 3240 4181; x_wconf 92' lang='lat' dir='ltr'><strong>ut</strong></span> <span class='ocrx_word' id='word_1_806' title='bbox 3270 4138 3577 4199; x_wconf 74' lang='lat' dir='ltr'><strong>resurgeret</strong></span> <span class='ocrx_word' id='word_1_807' title='bbox 3594 4128 3695 4183; x_wconf 85' lang='lat' dir='ltr'><strong>nisi</strong></span> 
     </span>
    </p>
   </div>
   <div class='ocr_carea' id='block_1_103' title="bbox 2113 4219 3697 4296">
    <p class='ocr_par' dir='ltr' id='par_1_103' title="bbox 2113 4219 3697 4296">
     <span class='ocr_line' id='line_1_103' title="bbox 2113 4219 3697 4296; baseline -0.004 -15"><span class='ocrx_word' id='word_1_808' title='bbox 2113 4234 2330 4296; x_wconf 85' lang='lat' dir='ltr'><strong>propter</strong></span> <span class='ocrx_word' id='word_1_809' title='bbox 2375 4237 2493 4277; x_wconf 89' lang='lat' dir='ltr'><strong>nos.</strong></span> <span class='ocrx_word' id='word_1_810' title='bbox 2535 4221 2643 4276; x_wconf 89' lang='lat' dir='ltr'><strong>Sed</strong></span> <span class='ocrx_word' id='word_1_811' title='bbox 2688 4223 2803 4276; x_wconf 73' lang='lat' dir='ltr'><strong>lucc</strong></span> <span class='ocrx_word' id='word_1_812' title='bbox 2832 4220 3045 4291; x_wconf 88' lang='lat' dir='ltr'><strong>quidem</strong></span> <span class='ocrx_word' id='word_1_813' title='bbox 3078 4219 3226 4289; x_wconf 87' lang='lat' dir='ltr'><strong>ponit</strong></span> <span class='ocrx_word' id='word_1_814' title='bbox 3258 4228 3443 4289; x_wconf 87' lang='lat' dir='ltr'><strong>postea</strong></span> <span class='ocrx_word' id='word_1_815' title='bbox 3474 4235 3697 4290; x_wconf 75' lang='lat' dir='ltr'><strong>progre-</strong></span> 
     </span>
    </p>
   </div>
   <div class='ocr_carea' id='block_1_104' title="bbox 2112 4311 3695 4381">
    <p class='ocr_par' dir='ltr' id='par_1_104' title="bbox 2112 4311 3695 4381">
     <span class='ocr_line' id='line_1_104' title="bbox 2112 4311 3695 4381; baseline -0.002 -13"><span class='ocrx_word' id='word_1_816' title='bbox 2112 4313 2285 4377; x_wconf 86' lang='lat' dir='ltr'><strong>diens,</strong></span> <span class='ocrx_word' id='word_1_817' title='bbox 2314 4312 2526 4366; x_wconf 84' lang='lat' dir='ltr'><strong>interim</strong></span> <span class='ocrx_word' id='word_1_818' title='bbox 2553 4319 2733 4366; x_wconf 91' lang='lat' dir='ltr'><strong>autem</strong></span> <span class='ocrx_word' id='word_1_819' title='bbox 2760 4311 2889 4365; x_wconf 89' lang='lat' dir='ltr'><strong>dicit</strong></span> <span class='ocrx_word' id='word_1_820' title='bbox 2916 4329 2930 4364; x_wconf 91' lang='lat'><strong>:</strong></span> <span class='ocrx_word' id='word_1_821' title='bbox 2958 4311 3015 4366; x_wconf 89' lang='lat' dir='ltr'><strong>Si</strong></span> <span class='ocrx_word' id='word_1_822' title='bbox 3039 4312 3234 4364; x_wconf 88' lang='lat' dir='ltr'><strong>mortui</strong></span> <span class='ocrx_word' id='word_1_823' title='bbox 3258 4326 3363 4364; x_wconf 89' lang='lat' dir='ltr'><strong>non</strong></span> <span class='ocrx_word' id='word_1_824' title='bbox 3391 4320 3695 4381; x_wconf 78' lang='lat' dir='ltr'><strong>resurgunt,</strong></span> 
     </span>
    </p>
   </div>
   <div class='ocr_carea' id='block_1_105' title="bbox 2114 4401 3699 4474">
    <p class='ocr_par' dir='ltr' id='par_1_105' title="bbox 2114 4401 3699 4474">
     <span class='ocr_line' id='line_1_105' title="bbox 2114 4401 3699 4474; baseline -0.002 -15"><span class='ocrx_word' id='word_1_825' title='bbox 2114 4420 2288 4474; x_wconf 91' lang='lat' dir='ltr'><strong>neque</strong></span> <span class='ocrx_word' id='word_1_826' title='bbox 2315 4403 2560 4458; x_wconf 80' lang='lat' dir='ltr'><strong>Christus</strong></span> <span class='ocrx_word' id='word_1_827' title='bbox 2586 4402 2883 4458; x_wconf 85' lang='lat' dir='ltr'><strong>resurrexit</strong></span> <span class='ocrx_word' id='word_1_828' title='bbox 2902 4444 2917 4467; x_wconf 93' lang='lat'><strong>,</strong></span> <span class='ocrx_word' id='word_1_829' title='bbox 2948 4408 3137 4472; x_wconf 87' lang='lat' dir='ltr'><strong>utpote</strong></span> <span class='ocrx_word' id='word_1_830' title='bbox 3165 4417 3287 4454; x_wconf 76' lang='lat' dir='ltr'><strong>ctua</strong></span> <span class='ocrx_word' id='word_1_831' title='bbox 3327 4401 3430 4457; x_wconf 91' lang='lat' dir='ltr'><strong>hoc</strong></span> <span class='ocrx_word' id='word_1_832' title='bbox 3470 4403 3537 4455; x_wconf 89' lang='lat' dir='ltr'><strong>sit</strong></span> <span class='ocrx_word' id='word_1_833' title='bbox 3566 4417 3699 4456; x_wconf 89' lang='lat' dir='ltr'><strong>con-</strong></span> 
     </span>
    </p>
   </div>
   <div class='ocr_carea' id='block_1_106' title="bbox 2113 4492 3697 4558">
    <p class='ocr_par' dir='ltr' id='par_1_106' title="bbox 2113 4492 3697 4558">
     <span class='ocr_line' id='line_1_106' title="bbox 2113 4492 3697 4558; baseline -0.004 -5"><span class='ocrx_word' id='word_1_834' title='bbox 2113 4513 2308 4553; x_wconf 83' lang='lat' dir='ltr'><strong>nexum</strong></span> <span class='ocrx_word' id='word_1_835' title='bbox 2340 4513 2355 4552; x_wconf 88' lang='lat'>:</span> <span class='ocrx_word' id='word_1_836' title='bbox 2388 4511 2509 4550; x_wconf 90' lang='lat' dir='ltr'><strong>nam</strong></span> <span class='ocrx_word' id='word_1_837' title='bbox 2537 4496 2580 4550; x_wconf 91' lang='lat' dir='ltr'><strong>si</strong></span> <span class='ocrx_word' id='word_1_838' title='bbox 2609 4511 2713 4549; x_wconf 91' lang='lat' dir='ltr'><strong>nou</strong></span> <span class='ocrx_word' id='word_1_839' title='bbox 2755 4493 2944 4549; x_wconf 83' lang='lat' dir='ltr'><strong>fuisset</strong></span> <span class='ocrx_word' id='word_1_840' title='bbox 2990 4502 3424 4558; x_wconf 88' lang='lat' dir='ltr'><strong>resurrecturus,</strong></span> <span class='ocrx_word' id='word_1_841' title='bbox 3470 4508 3539 4548; x_wconf 91' lang='lat' dir='ltr'><strong>ne</strong></span> <span class='ocrx_word' id='word_1_842' title='bbox 3566 4492 3697 4547; x_wconf 84' lang='lat' dir='ltr'><strong>illud</strong></span> 
     </span>
    </p>
   </div>
   <div class='ocr_carea' id='block_1_107' title="bbox 2112 4585 3699 4661">
    <p class='ocr_par' dir='ltr' id='par_1_107' title="bbox 2112 4585 3699 4661">
     <span class='ocr_line' id='line_1_107' title="bbox 2112 4585 3699 4661; baseline -0.005 -16"><span class='ocrx_word' id='word_1_843' title='bbox 2112 4589 2326 4661; x_wconf 90' lang='lat' dir='ltr'><strong>quidem</strong></span> <span class='ocrx_word' id='word_1_844' title='bbox 2354 4588 2587 4643; x_wconf 86' lang='lat' dir='ltr'><strong>fecisset.</strong></span> <span class='ocrx_word' id='word_1_845' title='bbox 2630 4586 2872 4642; x_wconf 85' lang='lat' dir='ltr'><strong>Vidistin‘</strong></span> <span class='ocrx_word' id='word_1_846' title='bbox 2897 4586 3151 4657; x_wconf 87' lang='lat' dir='ltr'><strong>paulatim</strong></span> <span class='ocrx_word' id='word_1_847' title='bbox 3184 4596 3346 4639; x_wconf 89' lang='lat' dir='ltr'><strong>totam</strong></span> <span class='ocrx_word' id='word_1_848' title='bbox 3372 4585 3541 4641; x_wconf 81' lang='lat' dir='ltr'><strong>everti</strong></span> <span class='ocrx_word' id='word_1_849' title='bbox 3580 4602 3699 4639; x_wconf 81' lang='lat' dir='ltr'><strong>sus-</strong></span> 
     </span>
    </p>
   </div>
   <div class='ocr_carea' id='block_1_108' title="bbox 2113 4679 3697 4752">
    <p class='ocr_par' dir='ltr' id='par_1_108' title="bbox 2113 4679 3697 4752">
     <span class='ocr_line' id='line_1_108' title="bbox 2113 4679 3697 4752; baseline -0.004 -14"><span class='ocrx_word' id='word_1_850' title='bbox 2113 4691 2283 4752; x_wconf 73' lang='lat' dir='ltr'><strong>ceptae</strong></span> <span class='ocrx_word' id='word_1_851' title='bbox 2311 4682 2490 4738; x_wconf 88' lang='lat' dir='ltr'><strong>carnis</strong></span> <span class='ocrx_word' id='word_1_852' title='bbox 2520 4681 2980 4750; x_wconf 88' lang='lat' dir='ltr'><strong>dispensationem</strong></span> <span class='ocrx_word' id='word_1_853' title='bbox 3013 4722 3027 4743; x_wconf 85' lang='lat'><strong>,</strong></span> <span class='ocrx_word' id='word_1_854' title='bbox 3070 4695 3132 4734; x_wconf 74' lang='lat' dir='ltr'><strong>es</strong></span> <span class='ocrx_word' id='word_1_855' title='bbox 3169 4679 3275 4733; x_wconf 92' lang='lat' dir='ltr'><strong>illis</strong></span> <span class='ocrx_word' id='word_1_856' title='bbox 3306 4679 3513 4743; x_wconf 86' lang='lat' dir='ltr'><strong>verbis,</strong></span> <span class='ocrx_word' id='word_1_857' title='bbox 3547 4687 3603 4732; x_wconf 88' lang='lat' dir='ltr'><strong>et</strong></span> <span class='ocrx_word' id='word_1_858' title='bbox 3629 4692 3697 4732; x_wconf 86' lang='lat' dir='ltr'><strong>ex</strong></span> 
     </span>
    </p>
   </div>
   <div class='ocr_carea' id='block_1_109' title="bbox 2114 4770 3698 4846">
    <p class='ocr_par' dir='ltr' id='par_1_109' title="bbox 2114 4770 3698 4846">
     <span class='ocr_line' id='line_1_109' title="bbox 2114 4770 3698 4846; baseline -0.006 -14"><span class='ocrx_word' id='word_1_859' title='bbox 2114 4791 2180 4832; x_wconf 88' lang='lat' dir='ltr'><strong>eo</strong></span> <span class='ocrx_word' id='word_1_860' title='bbox 2205 4775 2346 4846; x_wconf 90' lang='lat' dir='ltr'><strong>quod</strong></span> <span class='ocrx_word' id='word_1_861' title='bbox 2378 4790 2481 4829; x_wconf 91' lang='lat' dir='ltr'><strong>non</strong></span> <span class='ocrx_word' id='word_1_862' title='bbox 2518 4773 2768 4828; x_wconf 89' lang='lat' dir='ltr'><strong>credatur</strong></span> <span class='ocrx_word' id='word_1_863' title='bbox 2796 4771 3195 4829; x_wconf 76' lang='lat' dir='ltr'><strong>resurrrectio?</strong></span> <span class='ocrx_word' id='word_1_864' title='bbox 3240 4771 3345 4827; x_wconf 90' lang='lat' dir='ltr'><strong>Sed</strong></span> <span class='ocrx_word' id='word_1_865' title='bbox 3377 4784 3519 4823; x_wconf 91' lang='lat' dir='ltr'><strong>nunc</strong></span> <span class='ocrx_word' id='word_1_866' title='bbox 3565 4770 3698 4823; x_wconf 89' lang='lat' dir='ltr'><strong>nihil</strong></span> 
     </span>
    </p>
   </div>
   <div class='ocr_carea' id='block_1_110' title="bbox 2114 4860 3699 4936">
    <p class='ocr_par' dir='ltr' id='par_1_110' title="bbox 2114 4860 3699 4936">
     <span class='ocr_line' id='line_1_110' title="bbox 2114 4860 3699 4936; baseline -0.007 -10"><span class='ocrx_word' id='word_1_867' title='bbox 2114 4870 2243 4926; x_wconf 90' lang='lat' dir='ltr'><strong>dicit</strong></span> <span class='ocrx_word' id='word_1_868' title='bbox 2265 4868 2332 4925; x_wconf 88' lang='lat' dir='ltr'><strong>de</strong></span> <span class='ocrx_word' id='word_1_869' title='bbox 2346 4869 2524 4923; x_wconf 88' lang='lat' dir='ltr'><strong>carnis</strong></span> <span class='ocrx_word' id='word_1_870' title='bbox 2545 4869 2906 4936; x_wconf 82' lang='lat' dir='ltr'><strong>susceptione,</strong></span> <span class='ocrx_word' id='word_1_871' title='bbox 2936 4864 3029 4918; x_wconf 90' lang='lat' dir='ltr'><strong>sed</strong></span> <span class='ocrx_word' id='word_1_872' title='bbox 3051 4864 3117 4917; x_wconf 91' lang='lat' dir='ltr'><strong>de</strong></span> <span class='ocrx_word' id='word_1_873' title='bbox 3139 4862 3551 4917; x_wconf 87' lang='lat' dir='ltr'><strong>resurrectione.</strong></span> <span class='ocrx_word' id='word_1_874' title='bbox 3582 4860 3699 4916; x_wconf 81' lang='lat' dir='ltr'><strong>Non</strong></span> 
     </span>
    </p>
   </div>
   <div class='ocr_carea' id='block_1_111' title="bbox 2114 4954 3701 5030">
    <p class='ocr_par' dir='ltr' id='par_1_111' title="bbox 2114 4954 3701 5030">
     <span class='ocr_line' id='line_1_111' title="bbox 2114 4954 3701 5030; baseline -0.008 -8"><span class='ocrx_word' id='word_1_875' title='bbox 2114 4966 2258 5022; x_wconf 90' lang='lat' dir='ltr'><strong>enim</strong></span> <span class='ocrx_word' id='word_1_876' title='bbox 2283 4979 2498 5020; x_wconf 87' lang='lat' dir='ltr'><strong>carnem</strong></span> <span class='ocrx_word' id='word_1_877' title='bbox 2529 4961 2835 5030; x_wconf 86' lang='lat' dir='ltr'><strong>suscepisse</strong></span> <span class='ocrx_word' id='word_1_878' title='bbox 2863 5000 2878 5025; x_wconf 92' lang='lat'><strong>,</strong></span> <span class='ocrx_word' id='word_1_879' title='bbox 2921 4959 3015 5012; x_wconf 90' lang='lat' dir='ltr'><strong>sed</strong></span> <span class='ocrx_word' id='word_1_880' title='bbox 3055 4966 3327 5011; x_wconf 91' lang='lat' dir='ltr'><strong>mortuum</strong></span> <span class='ocrx_word' id='word_1_881' title='bbox 3350 4970 3477 5011; x_wconf 84' lang='lat' dir='ltr'><strong>esse</strong></span> <span class='ocrx_word' id='word_1_882' title='bbox 3516 4954 3701 5010; x_wconf 89' lang='lat' dir='ltr'><strong>abolet</strong></span> 
     </span>
    </p>
   </div>
   <div class='ocr_carea' id='block_1_112' title="bbox 2118 5048 3697 5114">
    <p class='ocr_par' dir='ltr' id='par_1_112' title="bbox 2118 5048 3697 5114">
     <span class='ocr_line' id='line_1_112' title="bbox 2118 5048 3697 5114; baseline -0.009 0"><span class='ocrx_word' id='word_1_883' title='bbox 2118 5066 2344 5114; x_wconf 90' lang='lat' dir='ltr'><strong>mortem</strong></span> <span class='ocrx_word' id='word_1_884' title='bbox 2375 5073 2389 5109; x_wconf 89' lang='lat'><strong>:</strong></span> <span class='ocrx_word' id='word_1_885' title='bbox 2424 5071 2544 5109; x_wconf 88' lang='lat' dir='ltr'><strong>nam</strong></span> <span class='ocrx_word' id='word_1_886' title='bbox 2570 5069 2636 5109; x_wconf 92' lang='lat' dir='ltr'><strong>eo</strong></span> <span class='ocrx_word' id='word_1_887' title='bbox 2661 5066 2876 5108; x_wconf 89' lang='lat' dir='ltr'><strong>carnem</strong></span> <span class='ocrx_word' id='word_1_888' title='bbox 2904 5049 3134 5106; x_wconf 88' lang='lat' dir='ltr'><strong>habente</strong></span> <span class='ocrx_word' id='word_1_889' title='bbox 3159 5048 3335 5103; x_wconf 83' lang='lat' dir='ltr'><strong>adhuc</strong></span> <span class='ocrx_word' id='word_1_890' title='bbox 3366 5048 3697 5102; x_wconf 88' lang='lat' dir='ltr'><strong>dominatum</strong></span> 
     </span>
    </p>
   </div>
   <div class='ocr_carea' id='block_1_113' title="bbox 2118 5141 3701 5217">
    <p class='ocr_par' dir='ltr' id='par_1_113' title="bbox 2118 5141 3701 5217">
     <span class='ocr_line' id='line_1_113' title="bbox 2118 5141 3701 5217; baseline -0.008 -12"><span class='ocrx_word' id='word_1_891' title='bbox 2118 5149 2393 5205; x_wconf 90' lang='lat' dir='ltr'><strong>obtinebat</strong></span> <span class='ocrx_word' id='word_1_892' title='bbox 2432 5147 2573 5200; x_wconf 90' lang='lat' dir='ltr'><strong>illius</strong></span> <span class='ocrx_word' id='word_1_893' title='bbox 2618 5144 2878 5217; x_wconf 86' lang='lat' dir='ltr'><strong>tyrannis.</strong></span> <span class='ocrx_word' id='word_1_894' title='bbox 2922 5144 3009 5197; x_wconf 77' lang='grc' dir='ltr'><strong>Η.</strong></span> <span class='ocrx_word' id='word_1_895' title='bbox 3053 5142 3113 5197; x_wconf 89' lang='lat' dir='ltr'><strong>Si</strong></span> <span class='ocrx_word' id='word_1_896' title='bbox 3143 5153 3313 5197; x_wconf 83' lang='lat' dir='ltr'><strong>autem</strong></span> <span class='ocrx_word' id='word_1_897' title='bbox 3343 5141 3577 5197; x_wconf 83' lang='lat' dir='ltr'><strong>Christus</strong></span> <span class='ocrx_word' id='word_1_898' title='bbox 3596 5155 3701 5195; x_wconf 75' lang='lat' dir='ltr'><strong>non</strong></span> 
     </span>
    </p>
   </div>
   <div class='ocr_carea' id='block_1_114' title="bbox 2118 5236 3702 5308">
    <p class='ocr_par' dir='ltr' id='par_1_114' title="bbox 2118 5236 3702 5308">
     <span class='ocr_line' id='line_1_114' title="bbox 2118 5236 3702 5308; baseline -0.007 -10"><span class='ocrx_word' id='word_1_899' title='bbox 2118 5243 2389 5298; x_wconf 71' lang='lat' dir='ltr'><strong>resurrexit</strong></span> <span class='ocrx_word' id='word_1_900' title='bbox 2414 5284 2428 5307; x_wconf 89' lang='lat'><strong>,</strong></span> <span class='ocrx_word' id='word_1_901' title='bbox 2456 5240 2622 5293; x_wconf 87' lang='lat' dir='ltr'><strong>inanis</strong></span> <span class='ocrx_word' id='word_1_902' title='bbox 2647 5247 2718 5293; x_wconf 87' lang='lat' dir='ltr'><strong>est</strong></span> <span class='ocrx_word' id='word_1_903' title='bbox 2747 5237 3042 5308; x_wconf 74' lang='lat' dir='ltr'><strong>prtedicatio</strong></span> <span class='ocrx_word' id='word_1_904' title='bbox 3073 5247 3265 5291; x_wconf 85' lang='lat' dir='ltr'><strong>nostra.</strong></span> <span class='ocrx_word' id='word_1_905' title='bbox 3310 5236 3469 5307; x_wconf 80' lang='lat' dir='ltr'><strong>Atqui</strong></span> <span class='ocrx_word' id='word_1_906' title='bbox 3502 5248 3702 5291; x_wconf 84' lang='lat' dir='ltr'><strong>conse-</strong></span> 
     </span>
    </p>
   </div>
   <div class='ocr_carea' id='block_1_115' title="bbox 2119 5325 3700 5407">
    <p class='ocr_par' dir='ltr' id='par_1_115' title="bbox 2119 5325 3700 5407">
     <span class='ocr_line' id='line_1_115' title="bbox 2119 5325 3700 5407; baseline -0.006 -21"><span class='ocrx_word' id='word_1_907' title='bbox 2119 5350 2288 5407; x_wconf 86' lang='lat' dir='ltr'><strong>quens</strong></span> <span class='ocrx_word' id='word_1_908' title='bbox 2315 5341 2430 5388; x_wconf 89' lang='lat' dir='ltr'><strong>erat</strong></span> <span class='ocrx_word' id='word_1_909' title='bbox 2455 5331 2669 5386; x_wconf 91' lang='lat' dir='ltr'><strong>dicere:</strong></span> <span class='ocrx_word' id='word_1_910' title='bbox 2693 5330 2746 5386; x_wconf 90' lang='lat' dir='ltr'><strong>Si</strong></span> <span class='ocrx_word' id='word_1_911' title='bbox 2772 5339 2949 5384; x_wconf 86' lang='lat' dir='ltr'><strong>autem</strong></span> <span class='ocrx_word' id='word_1_912' title='bbox 2978 5328 3223 5384; x_wconf 87' lang='lat' dir='ltr'><strong>Christus</strong></span> <span class='ocrx_word' id='word_1_913' title='bbox 3250 5343 3355 5381; x_wconf 89' lang='lat' dir='ltr'><strong>non</strong></span> <span class='ocrx_word' id='word_1_914' title='bbox 3388 5325 3700 5389; x_wconf 82' lang='lat' dir='ltr'><strong>resurrexit,</strong></span> 
     </span>
    </p>
   </div>
   <div class='ocr_carea' id='block_1_116' title="bbox 2123 5421 3702 5498">
    <p class='ocr_par' dir='ltr' id='par_1_116' title="bbox 2123 5421 3702 5498">
     <span class='ocr_line' id='line_1_116' title="bbox 2123 5421 3702 5498; baseline -0.007 -17"><span class='ocrx_word' id='word_1_915' title='bbox 2123 5428 2366 5498; x_wconf 78' lang='lat' dir='ltr'><strong>pugnatis</strong></span> <span class='ocrx_word' id='word_1_916' title='bbox 2410 5440 2531 5479; x_wconf 91' lang='lat' dir='ltr'><strong>cum</strong></span> <span class='ocrx_word' id='word_1_917' title='bbox 2564 5425 2629 5477; x_wconf 88' lang='lat' dir='ltr'><strong>iis</strong></span> <span class='ocrx_word' id='word_1_918' title='bbox 2671 5439 2791 5493; x_wconf 81' lang='lat' dir='ltr'><strong>quae</strong></span> <span class='ocrx_word' id='word_1_919' title='bbox 2835 5429 2961 5476; x_wconf 91' lang='lat' dir='ltr'><strong>sunt</strong></span> <span class='ocrx_word' id='word_1_920' title='bbox 3001 5421 3294 5483; x_wconf 85' lang='lat' dir='ltr'><strong>evidentia,</strong></span> <span class='ocrx_word' id='word_1_921' title='bbox 3346 5429 3400 5472; x_wconf 87' lang='lat' dir='ltr'><strong>et</strong></span> <span class='ocrx_word' id='word_1_922' title='bbox 3427 5433 3549 5472; x_wconf 89' lang='lat' dir='ltr'><strong>cum</strong></span> <span class='ocrx_word' id='word_1_923' title='bbox 3594 5426 3702 5470; x_wconf 86' lang='lat' dir='ltr'><strong>tam</strong></span> 
     </span>
    </p>
   </div>
   <div class='ocr_carea' id='block_1_117' title="bbox 2123 5506 3702 5586">
    <p class='ocr_par' dir='ltr' id='par_1_117' title="bbox 2123 5506 3702 5586">
     <span class='ocr_line' id='line_1_117' title="bbox 2123 5506 3702 5586; baseline -0.008 -13"><span class='ocrx_word' id='word_1_924' title='bbox 2123 5518 2306 5574; x_wconf 89' lang='lat' dir='ltr'><strong>multis</strong></span> <span class='ocrx_word' id='word_1_925' title='bbox 2322 5515 2615 5586; x_wconf 83' lang='lat' dir='ltr'><strong>prophetis,</strong></span> <span class='ocrx_word' id='word_1_926' title='bbox 2644 5523 2836 5568; x_wconf 89' lang='lat' dir='ltr'><strong>etcum</strong></span> <span class='ocrx_word' id='word_1_927' title='bbox 2854 5525 3033 5566; x_wconf 89' lang='lat' dir='ltr'><strong>rerum</strong></span> <span class='ocrx_word' id='word_1_928' title='bbox 3055 5511 3300 5564; x_wconf 86' lang='lat' dir='ltr'><strong>veritate.</strong></span> <span class='ocrx_word' id='word_1_929' title='bbox 3328 5508 3431 5564; x_wconf 87' lang='lat' dir='ltr'><strong>Sed</strong></span> <span class='ocrx_word' id='word_1_930' title='bbox 3457 5508 3505 5559; x_wconf 93' lang='lat' dir='ltr'><strong>id</strong></span> <span class='ocrx_word' id='word_1_931' title='bbox 3535 5506 3702 5577; x_wconf 86' lang='lat' dir='ltr'><strong>ponit,</strong></span> 
     </span>
    </p>
   </div>
   <div class='ocr_carea' id='block_1_118' title="bbox 2122 5598 3697 5683">
    <p class='ocr_par' dir='ltr' id='par_1_118' title="bbox 2122 5598 3697 5683">
     <span class='ocr_line' id='line_1_118' title="bbox 2122 5598 3697 5683; baseline -0.008 -20"><span class='ocrx_word' id='word_1_932' title='bbox 2122 5610 2261 5683; x_wconf 90' lang='lat' dir='ltr'><strong>quod</strong></span> <span class='ocrx_word' id='word_1_933' title='bbox 2288 5617 2371 5665; x_wconf 85' lang='lat' dir='ltr'><strong>est</strong></span> <span class='ocrx_word' id='word_1_934' title='bbox 2397 5608 2475 5663; x_wconf 91' lang='lat' dir='ltr'><strong>eis</strong></span> <span class='ocrx_word' id='word_1_935' title='bbox 2502 5606 2673 5660; x_wconf 87' lang='lat' dir='ltr'><strong>nmlto</strong></span> <span class='ocrx_word' id='word_1_936' title='bbox 2700 5604 2988 5660; x_wconf 89' lang='lat' dir='ltr'><strong>terribilius</strong></span> <span class='ocrx_word' id='word_1_937' title='bbox 3018 5621 3031 5657; x_wconf 87' lang='lat'><strong>:</strong></span> <span class='ocrx_word' id='word_1_938' title='bbox 3061 5600 3242 5655; x_wconf 81' lang='lat' dir='ltr'><strong>Inanis</strong></span> <span class='ocrx_word' id='word_1_939' title='bbox 3269 5609 3343 5654; x_wconf 82' lang='lat' dir='ltr'><strong>est</strong></span> <span class='ocrx_word' id='word_1_940' title='bbox 3368 5615 3486 5669; x_wconf 80' lang='lat' dir='ltr'><strong>ergo</strong></span> <span class='ocrx_word' id='word_1_941' title='bbox 3513 5598 3697 5665; x_wconf 63' lang='lat' dir='ltr'><strong>praedi-</strong></span> 
     </span>
    </p>
   </div>
   <div class='ocr_carea' id='block_1_119' title="bbox 2123 5694 3707 5766">
    <p class='ocr_par' dir='ltr' id='par_1_119' title="bbox 2123 5694 3707 5766">
     <span class='ocr_line' id='line_1_119' title="bbox 2123 5694 3707 5766; baseline -0.008 -8"><span class='ocrx_word' id='word_1_942' title='bbox 2123 5704 2254 5758; x_wconf 87' lang='lat' dir='ltr'><strong>catio</strong></span> <span class='ocrx_word' id='word_1_943' title='bbox 2280 5710 2472 5763; x_wconf 81' lang='lat' dir='ltr'><strong>nostra,</strong></span> <span class='ocrx_word' id='word_1_944' title='bbox 2511 5702 2677 5752; x_wconf 84' lang='lat' dir='ltr'><strong>inanis</strong></span> <span class='ocrx_word' id='word_1_945' title='bbox 2698 5708 2770 5752; x_wconf 87' lang='lat' dir='ltr'><strong>est</strong></span> <span class='ocrx_word' id='word_1_946' title='bbox 2797 5696 2923 5766; x_wconf 76' lang='lat' dir='ltr'><strong>ﬁdes</strong></span> <span class='ocrx_word' id='word_1_947' title='bbox 2951 5704 3137 5750; x_wconf 81' lang='lat' dir='ltr'><strong>vestra.</strong></span> <span class='ocrx_word' id='word_1_948' title='bbox 3168 5694 3448 5765; x_wconf 78' lang='lat' dir='ltr'><strong>Exagitare</strong></span> <span class='ocrx_word' id='word_1_949' title='bbox 3475 5706 3707 5759; x_wconf 87' lang='lat' dir='ltr'><strong>namque</strong></span> 
     </span>
    </p>
   </div>
   <div class='ocr_carea' id='block_1_120' title="bbox 2124 5780 3701 5858">
    <p class='ocr_par' dir='ltr' id='par_1_120' title="bbox 2124 5780 3701 5858">
     <span class='ocr_line' id='line_1_120' title="bbox 2124 5780 3701 5858; baseline -0.008 -10"><span class='ocrx_word' id='word_1_950' title='bbox 2124 5780 2234 5850; x_wconf 72' lang='lat' dir='ltr'><strong>vult</strong></span> <span class='ocrx_word' id='word_1_951' title='bbox 2261 5793 2471 5847; x_wconf 90' lang='lat' dir='ltr'><strong>illorum</strong></span> <span class='ocrx_word' id='word_1_952' title='bbox 2504 5799 2760 5845; x_wconf 85' lang='lat' dir='ltr'><strong>mentem.</strong></span> <span class='ocrx_word' id='word_1_953' title='bbox 2804 5788 3124 5845; x_wconf 78' lang='lat' dir='ltr'><strong>Universum</strong></span> <span class='ocrx_word' id='word_1_954' title='bbox 3148 5828 3164 5851; x_wconf 92' lang='lat'><strong>,</strong></span> <span class='ocrx_word' id='word_1_955' title='bbox 3210 5783 3423 5858; x_wconf 74' lang='lat' dir='ltr'><strong>inquit,</strong></span> <span class='ocrx_word' id='word_1_956' title='bbox 3456 5783 3701 5847; x_wconf 84' lang='lat' dir='ltr'><strong>perdidi-</strong></span> 
     </span>
    </p>
   </div>
   <div class='ocr_carea' id='block_1_121' title="bbox 2124 5874 3708 5957">
    <p class='ocr_par' dir='ltr' id='par_1_121' title="bbox 2124 5874 3708 5957">
     <span class='ocr_line' id='line_1_121' title="bbox 2124 5874 3708 5957; baseline -0.009 -15"><span class='ocrx_word' id='word_1_957' title='bbox 2124 5900 2260 5953; x_wconf 82' lang='lat' dir='ltr'><strong>mus,</strong></span> <span class='ocrx_word' id='word_1_958' title='bbox 2285 5894 2509 5957; x_wconf 84' lang='lat' dir='ltr'><strong>pereunt</strong></span> <span class='ocrx_word' id='word_1_959' title='bbox 2537 5882 2736 5946; x_wconf 81' lang='lat' dir='ltr'><strong>munia,</strong></span> <span class='ocrx_word' id='word_1_960' title='bbox 2766 5881 2808 5938; x_wconf 88' lang='lat' dir='ltr'><strong>si</strong></span> <span class='ocrx_word' id='word_1_961' title='bbox 2840 5896 2943 5937; x_wconf 91' lang='lat' dir='ltr'><strong>non</strong></span> <span class='ocrx_word' id='word_1_962' title='bbox 2977 5878 3288 5935; x_wconf 81' lang='lat' dir='ltr'><strong>resurrexit.</strong></span> <span class='ocrx_word' id='word_1_963' title='bbox 3321 5874 3504 5930; x_wconf 73' lang='lat' dir='ltr'><strong>Vidisti</strong></span> <span class='ocrx_word' id='word_1_964' title='bbox 3538 5887 3708 5941; x_wconf 66' lang='lat' dir='ltr'><strong>quarto</strong></span> 
     </span>
    </p>
   </div>
  </div>
