4112 6224
459 283 564 339 335

460 407 572 449 tum
603 393 672 448 sit
700 393 1012 465 mysterium
1050 396 1314 455 susceptas
1355 384 1535 438 carnis
1578 380 2034 452 dispensationis?

460 487 592 542 Nam
637 487 681 542 si
714 495 955 540 mortuus
996 497 1100 537 non
1146 479 1318 549 potuit
1351 493 1663 545 resurgere,
1706 491 1878 546 neque
1904 476 2034 529 abo-

460 580 609 633 litum
638 585 716 631 est
747 585 1043 646 peccatum,
1087 584 1259 640 neque
1287 585 1433 624 mors
1478 577 1560 623 est
1591 577 1859 638 perempta
1880 605 1896 631 ,
1936 579 2034 621 nec

459 669 694 723 ablatum
726 676 808 720 est
854 663 1229 728 maledictum,
1284 673 1334 717 et
1366 677 1468 716 non
1509 659 1681 713 solum
1720 674 1818 713 nos
1858 657 2034 713 inania

455 757 860 828 przedieavimus
880 796 895 818 ,
925 754 1018 809 sed
1053 771 1144 808 vos
1173 768 1385 824 quoque
1411 753 1712 808 credidistis
1738 751 1935 805 inania.
1969 750 2034 804 Et

455 866 560 902 non
589 847 760 901 solum
795 847 917 902 hinc
945 848 1181 901 ostendit
1228 847 1608 901 absurditatem
1649 845 1836 901 horum
1865 845 2033 898 malo-

454 956 574 995 rum
601 940 907 1010 dogmatum
935 980 948 1003 ,
979 938 1073 993 scd
1104 938 1265 992 etiam
1295 938 1491 992 acriter
1517 937 1791 1000 decertat,
1819 934 2027 990 dicens:

457 1030 546 1086 15.
587 1029 885 1084 Inveniatur
911 1040 1079 1083 autem
1107 1038 1154 1083 et
1180 1029 1301 1098 falsi
1326 1038 1471 1082 testes
1496 1025 1621 1092 Dei,
1670 1026 1906 1096 quoniam
1935 1035 2032 1080 tes-

451 1124 714 1178 timonium
758 1125 978 1178 diximus
1031 1123 1270 1177 adversus
1319 1121 1485 1174 Deum
1537 1121 1672 1190 quod
1717 1119 2030 1174 suscitaverit

450 1212 706 1269 Christum
733 1230 753 1268 :
779 1231 924 1281 quem
953 1231 1054 1268 non
1096 1213 1354 1269 suscitavit
1379 1253 1394 1279 ,
1434 1212 1478 1265 si
1519 1209 1701 1264 mortui
1727 1226 1827 1264 non
1864 1225 2031 1263 resur-

450 1315 596 1376 gunt.
636 1305 690 1360 Si
718 1315 895 1358 autem
927 1306 1028 1359 hoc
1053 1313 1136 1360 est
1159 1304 1449 1359 absurdum
1481 1307 1496 1373 (
1524 1312 1606 1358 est
1634 1303 1778 1357 enim
1821 1302 1912 1357 Dei
1940 1317 2032 1356 ac-

449 1398 655 1452 cusatio
680 1407 733 1452 et
757 1398 1018 1452 calumnia
1043 1401 1061 1466 )
1084 1437 1100 1463 ,
1132 1385 1312 1452 etnon
1340 1396 1586 1451 excitavit
1616 1406 1671 1449 ut
1697 1395 1892 1460 dicitis,
1921 1411 2026 1450 non

449 1492 552 1546 hoc
579 1492 748 1546 solum
770 1534 784 1557 ,
812 1492 906 1547 sed
936 1493 1104 1546 multa
1131 1493 1290 1547 etiam
1321 1491 1425 1545 alia
1456 1498 1745 1560 sequentur
1773 1489 2026 1543 absurda.

451 1583 518 1639 Et
537 1585 648 1654 ipsa
676 1600 858 1639 rursus
881 1584 1181 1648 conlirmat,
1206 1593 1258 1638 et
1281 1582 1506 1636 assumit
1526 1581 1712 1636 dicens
1736 1599 1749 1634 :
1776 1581 1860 1636 16.
1889 1580 2027 1634 Nam

449 1676 493 1727 si
535 1676 718 1728 mortui
761 1692 861 1729 non
893 1684 1198 1746 resurgunt,
1253 1691 1414 1745 neque
1461 1673 1690 1727 Christus
1731 1676 2024 1729 resurrexit.

447 1764 576 1818 Nam
602 1766 647 1820 si
679 1765 780 1820 bne
806 1781 911 1820 non
935 1776 1046 1821 erat
1073 1763 1308 1821 facturus
1327 1807 1341 1830 ,
1371 1781 1438 1820 ne
1458 1765 1763 1820 advenisset
1788 1764 2023 1835 quidem.

445 1855 557 1909 lloc
582 1867 760 1910 autem
788 1872 892 1911 nou
922 1857 1090 1923 dicit,
1121 1856 1216 1911 sed
1247 1857 1437 1922 linem,
1473 1872 1662 1926 nempe
1687 1857 1802 1924 ejus
1840 1873 2020 1912 resur-

444 1948 778 2013 rectionem,
827 1964 918 2016 per
949 1948 1116 2016 ipsam
1161 1963 1349 2002 omnes
1381 1948 1614 2002 trahens.
1663 1949 1746 2001 l7.
1791 1948 1940 2015 Quod
1979 1951 2026 2005 si

444 2037 672 2094 Christus
700 2056 800 2093 non
825 2040 1115 2105 resurrexit,
1150 2055 1278 2093 vana
1300 2049 1372 2094 est
1392 2040 1518 2107 ﬁdes
1538 2051 1716 2094 vestra.
1749 2040 1809 2093 Ei
1835 2081 1850 2107 ,
1879 2042 2022 2110 quod

441 2138 525 2185 est
554 2129 892 2185 manifestum
924 2141 977 2186 ct
1007 2132 1073 2187 de
1102 2147 1206 2202 quo
1235 2141 1442 2187 constat
1469 2171 1482 2194 ,
1514 2132 1853 2188 continenter
1875 2133 2022 2188 addit

440 2222 638 2278 Christi
668 2225 1152 2288 resurrectionem,
1202 2240 1267 2280 ex
1297 2240 1361 2280 eu
1389 2224 1528 2295 quod
1567 2235 1650 2279 est
1693 2225 1880 2280 fortius
1905 2269 1919 2292 ,
1969 2228 2020 2284 id

441 2317 638 2381 etiam,
689 2318 830 2388 quod
879 2318 1088 2373 videtur
1134 2332 1253 2374 esse
1304 2317 1628 2374 imbecillum
1665 2329 1718 2374 et
1758 2320 2016 2388 dubium,

438 2408 666 2464 reddens
698 2409 928 2464 validum
957 2420 1010 2464 ct
1040 2410 1398 2464 manifestum.
1459 2410 1640 2464 Adhuc
1671 2412 1789 2465 estis
1813 2411 1865 2464 in
1897 2430 2016 2481 pec-

435 2502 561 2555 catis
588 2503 781 2556 vestris.
822 2501 954 2557 Nam
983 2502 1026 2557 si
1060 2518 1166 2555 nun
1197 2504 1489 2558 resurrexit
1515 2545 1530 2570 ,
1561 2519 1660 2560 nec
1687 2516 1770 2560 est
1800 2505 2013 2575 quidem

435 2602 676 2647 mortuus
709 2610 723 2646 :
754 2593 798 2647 si
825 2602 1003 2648 autem
1051 2608 1155 2648 non
1193 2601 1277 2648 est
1320 2606 1562 2649 mortuus
1584 2637 1598 2659 ,
1656 2612 1753 2650 nec
1782 2597 2016 2652 abolevit

433 2682 650 2751 quidem
679 2693 952 2751 peccatqu
978 2701 993 2748 ;
1025 2684 1140 2754 ejus
1174 2685 1316 2740 enim
1346 2701 1490 2739 mors
1525 2695 1608 2740 est
1637 2685 1856 2740 abolitio
1885 2703 2014 2756 pec-

427 2775 533 2829 cati
567 2793 580 2826 :
613 2773 742 2828 Ecce
768 2775 910 2830 enim
939 2817 953 2842 ,
985 2775 1194 2845 inquit,
1241 2776 1418 2846 Agnus
1464 2775 1558 2831 Dei
1594 2779 1682 2849 qui
1711 2778 1844 2832 tollit
1889 2797 2008 2848 pec-

429 2877 597 2922 catum
621 2868 799 2923 mundi
828 2867 1006 2942 (Joan.
1042 2871 1092 2925 1.
1126 2870 1242 2940 29).
1271 2868 1552 2937 Quomodo
1580 2878 1757 2926 autem
1792 2872 2014 2927 tollens?

431 2958 620 3015 Morte.
651 2960 718 3016 Et
747 2961 866 3017 ideo
891 2962 1051 3019 etiam
1081 2961 1292 3016 vocavit
1317 2964 1525 3032 Agnum
1551 3004 1566 3030 ,
1597 2973 1656 3017 ut
1683 2964 1772 3032 qui
1800 2965 2013 3020 occide-

429 3060 598 3107 retur.
639 3051 696 3110 Si
725 3061 904 3110 autem
943 3070 1047 3108 non
1079 3055 1404 3118 resurrexit,
1438 3069 1610 3123 neque
1639 3054 1738 3108 fuit
1767 3056 2009 3121 occisus;

429 3145 472 3198 si
506 3162 610 3200 non
661 3146 762 3201 fuit
788 3147 1032 3209 occisus,
1086 3161 1260 3216 neque
1290 3153 1565 3214 peccatum
1598 3155 1682 3201 est
1709 3141 2007 3212 abolitum;

428 3241 473 3295 si
505 3257 609 3295 non
637 3239 734 3295 fuit
763 3241 1043 3306 abolitum,
1071 3239 1124 3293 in
1146 3255 1212 3295 eo
1238 3237 1403 3306 estis;
1425 3239 1469 3293 si
1491 3249 1669 3294 autem
1695 3240 1747 3294 in
1771 3256 1835 3295 eo
1855 3241 2007 3308 estis,

431 3333 625 3388 frustra
654 3331 1165 3401 prmdicavimus;si
1211 3331 1405 3387 frustra
1449 3329 1874 3402 prazdicavimus,
1901 3331 2012 3385 fru-

431 3435 542 3479 stra
571 3425 891 3479 credidistis.
921 3423 1168 3494 Alioquin
1196 3432 1371 3478 autem
1403 3438 1547 3476 mors
1574 3438 1788 3493 quoque
1827 3432 2012 3479 manet

428 3515 778 3580 immortalis,
823 3516 869 3570 si
897 3531 1001 3570 non
1044 3514 1356 3570 resurrexit.
1393 3514 1448 3570 Si
1481 3514 1622 3570 enim
1653 3516 1765 3584 ipse
1796 3531 2009 3587 quoque

425 3606 677 3663 detentus
705 3607 800 3663 fuit
826 3622 856 3661 a
885 3616 1058 3663 morte
1081 3648 1096 3674 ,
1131 3615 1186 3663 et
1223 3607 1462 3662 dolorem
1492 3607 1610 3676 ejus
1654 3623 1758 3661 non
1804 3608 1961 3663 solvit
1990 3624 2005 3674 ;

425 3699 694 3770 quomodo
739 3699 873 3755 alios
902 3715 1090 3755 omnes
1121 3699 1404 3765 liberavit,
1436 3701 1525 3770 qui
1560 3701 1672 3769 ipse
1703 3700 1879 3756 adhuc
1903 3701 2007 3756 de-

428 3793 737 3849 tinebatur?
781 3792 847 3848 Et
877 3792 997 3848 ideo
1037 3791 1309 3863 subjnngit
1342 3809 1353 3845 :
1393 3792 1476 3847 18.
1523 3791 1659 3860 Ergo
1699 3802 1746 3845 et
1771 3793 1859 3863 qui
1883 3793 2008 3847 dor-

429 3887 644 3939 mierunt
687 3886 741 3940 in
777 3884 1000 3950 Christo,
1034 3887 1307 3954 perierunt.
1351 3883 1419 3938 Et
1447 3882 1574 3954 quid
1603 3883 1760 3948 dico,
1796 3884 2003 3953 inquit,

426 3977 493 4032 de
522 3978 673 4032 vobis
697 4021 710 4044 ,
741 3993 864 4034 cum
890 3977 1050 4032 etiam
1082 3975 1154 4031 illi
1183 3991 1371 4030 onmes
1400 3975 1654 4045 perierint
1673 4016 1688 4040 ,
1719 3976 1806 4046 qui
1839 3985 2006 4030 totum

427 4071 791 4134 confecerunt,
825 4079 879 4124 et
908 4070 1083 4123 futuro
1108 4110 1123 4134 ,
1155 4068 1296 4137 quod
1323 4076 1404 4122 est
1433 4067 1718 4134 incertum,
1751 4082 1856 4121 non
1885 4077 2008 4121 sunt

428 4162 656 4230 amplius
681 4160 902 4230 subjecti
930 4161 953 4212 ?
998 4159 1130 4214 Illud
1159 4167 1369 4223 autem,
1403 4155 1469 4210 In
1490 4157 1691 4212 Christo
1716 4200 1730 4223 ,
1762 4168 1853 4212 aut
1879 4159 2006 4213 dicit

433 4254 487 4308 in
523 4254 664 4318 lidc,
721 4261 812 4307 aut
853 4252 944 4321 qui
993 4260 1209 4320 pr0pter
1238 4251 1408 4320 ipsum
1435 4259 1561 4304 sunt
1634 4251 1868 4314 mortui,
1915 4251 2005 4320 qui

434 4347 598 4399 multa
644 4344 1014 4398 sustinuerunt
1055 4343 1289 4411 pericula
1315 4383 1328 4406 ,
1360 4342 1450 4411 qui
1477 4341 1668 4396 multas
1700 4341 1840 4412 passi
1884 4351 2007 4394 sunt

425 4434 784 4501 afllictioues,
829 4436 915 4504 qui
960 4435 1184 4504 ingressi
1226 4441 1352 4488 sunt
1394 4448 1489 4502 per
1531 4433 1670 4487 viam
1700 4440 2000 4500 angustam.

423 4525 525 4582 Ubi
558 4541 698 4582 nunc
717 4535 838 4580 sunt
867 4525 1092 4579 scelesta
1114 4539 1204 4578 ora
1235 4523 1673 4581 Manicluenrum,
1704 4522 1792 4592 qui
1823 4521 2008 4576 dicunt

426 4632 550 4672 eum
581 4617 761 4672 dicere
787 4631 903 4670 eam
932 4630 1051 4684 qua:
1082 4614 1169 4668 hic
1192 4624 1275 4668 est
1301 4613 1745 4666 resurrectionem
1768 4653 1782 4677 ,
1814 4626 2008 4681 nempe

426 4709 793 4766 liberationem
824 4724 852 4761 a
887 4709 1148 4776 peccato?
1191 4706 1346 4760 Densi
1379 4705 1519 4758 enim
1549 4703 1634 4759 isti
1677 4713 1730 4760 et
1767 4704 2004 4759 continui

429 4817 492 4855 ac
517 4802 780 4872 reciproci
823 4801 1119 4872 syllogismi
1166 4799 1297 4853 nihil
1350 4797 1586 4851 indicant
1639 4813 1828 4852 eorum
1889 4813 2008 4867 quas

425 4890 500 4946 illi
528 4890 742 4956 dicunt,
791 4892 884 4946 sed
917 4892 966 4946 id
1017 4891 1154 4961 quod
1199 4906 1296 4946 nos
1327 4889 1574 4945 dicimus.
1625 4889 1827 4944 Dicitur
1863 4889 2006 4945 enim

425 4981 748 5037 resurrectio
777 4981 891 5048 ejus
917 4982 1059 5050 quod
1090 4983 1282 5036 cecidit
1311 4981 1598 5038 resuitutio.
1649 4982 1714 5036 Et
1743 4981 1864 5037 ideo
1893 4980 2006 5038 fre-

421 5082 652 5146 quenter
695 5071 950 5135 resumit,
999 5087 1105 5126 non
1158 5074 1327 5126 solum
1375 5074 1558 5130 dicens
1605 5075 2003 5141 resurrexisse,

423 5168 520 5224 sed
561 5169 720 5223 etiam
775 5163 1016 5228 addens,
1069 5163 1154 5219 Ea:
1200 5168 1429 5222 mortuis.
1474 5168 1539 5221 Et
1563 5167 1827 5224 Corinthii
1877 5183 2005 5223 sane

426 5281 532 5321 nou
559 5261 877 5319 dubitabant
921 5262 988 5316 de
1031 5259 1348 5315 remissione
1379 5272 1752 5331 peccatorum,
1796 5264 1890 5319 sed
1938 5263 2006 5318 de

425 5357 817 5412 resurrectione
829 5368 1136 5424 corporum.
1152 5351 1404 5418 Quisnam
1423 5363 1599 5408 autem
1618 5356 1836 5409 omnino
1855 5363 2008 5425 urget

429 5450 757 5514 necessitas,
792 5455 850 5500 ut
895 5446 940 5501 si
974 5444 1218 5500 homines
1247 5460 1353 5500 non
1385 5445 1492 5501 sint
1519 5445 1779 5516 ejusmodi
1813 5454 2002 5499 utnon

427 5547 652 5604 pseccnt
671 5578 685 5603 ,
718 5553 786 5592 ne
812 5537 1057 5592 Christus
1081 5536 1294 5606 quidem
1324 5539 1394 5590 sit
1419 5535 1723 5606 hujusmodi
1749 5539 1771 5590 ’ἓ
1795 5535 1927 5592 Nam
1959 5538 2004 5592 si

429 5642 536 5683 non
582 5641 726 5682 esset
771 5629 1156 5695 suscitaturus,
1207 5642 1543 5698 consequens
1590 5639 1733 5685 esset
1782 5630 1998 5697 dicere,

424 5719 531 5776 Cur
553 5718 716 5786 venit,
749 5729 800 5775 et
823 5733 1038 5775 carnem
1064 5720 1290 5790 accepit,
1324 5730 1377 5775 ct
1401 5720 1690 5774 resurrexit
1715 5722 1736 5773 ἱ)
1758 5721 1823 5777 de
1849 5721 2002 5779 nobis

1141 273 1200 330 S.
1238 268 1514 328 JOANNIS
1548 263 2014 323 CHliXSOSTOlll
2053 265 2366 320 ARClllEP.
2409 268 2942 327 CONSTANTINOP.

3623 277 3724 335 536

2149 389 2325 436 autem
2351 385 2588 440 uiinime.
2617 385 2747 441 Nam
2775 396 2826 442 et
2855 386 3195 456 peccantibus
3223 387 3524 444 hominibus
3539 401 3596 446 et
3619 393 3720 448 non

2145 476 2490 542 peccantibus
2515 516 2530 541 ,
2559 493 2678 532 cum
2719 479 2828 532 Deo
2859 494 3073 548 semper
3103 488 3184 534 est
3209 481 3348 550 quod
3381 480 3432 536 in
3460 499 3582 539 eum
3615 502 3716 541 non

2140 567 2297 621 cadat
2328 578 2598 637 peccatum
2622 611 2636 632 ,
2667 583 2721 626 et
2759 587 2854 626 nos
2885 573 3030 626 illum
3061 588 3168 627 non
3197 577 3470 645 sequimur
3493 620 3509 643 ,
3549 594 3718 649 neque

2143 653 2243 711 hoc
2293 657 2360 712 ad
2409 659 2538 714 illud
2600 662 2993 728 reciprocatur,
3048 664 3184 719 sicut
3230 666 3281 720 in
3331 671 3720 726 resurrectione

2141 762 2448 816 corporum.
2489 750 2578 805 19.
2624 751 2685 805 Si
2728 753 2777 806 in
2811 753 2904 806 hac
2930 754 3030 808 uita
3055 763 3247 808 tantum
3275 756 3327 809 in
3369 755 3570 812 Christo
3605 777 3718 829 spe-

2139 849 2308 892 rantes
2334 857 2525 901 sumus,
2558 844 2940 900 miserabiliores
2962 864 3134 901 sumus
3159 849 3387 902 oumibus
3411 851 3712 906 hominibus.

2207 928 2260 982 5.
2295 930 2431 996 Quid
2462 932 2595 986 dicis
2616 975 2628 994 ,
2657 950 2690 988 ο
2719 934 2925 990 Paule?
2955 938 3222 1006 quomodo
3250 938 3300 991 in
3334 939 3432 994 hac
3462 942 3565 996 vita
3592 958 3712 1012 spe-

2138 1029 2318 1074 rantes
2342 1036 2547 1088 sumus,
2573 1024 2617 1076 si
2645 1039 2868 1094 corpora
2895 1042 3000 1082 non
3028 1039 3328 1098 resurgunt,
3357 1045 3477 1084 cmn
3505 1045 3715 1089 maneat

2135 1113 2311 1166 anima
2340 1123 2394 1168 et
2432 1115 2500 1169 sit
2529 1116 2884 1173 immortalis?
2912 1121 3170 1190 Quoniam
3202 1122 3248 1176 si
3278 1133 3488 1179 maneat
3515 1129 3712 1192 anima,

2136 1212 2191 1256 et
2233 1205 2424 1260 millies
2467 1208 2535 1262 sit
2577 1209 2890 1266 immortalis
2917 1252 2933 1277 ,
2964 1213 3102 1267 sicut
3136 1223 3219 1269 est
3261 1230 3443 1271 revera
3469 1259 3483 1282 ,
3514 1219 3718 1290 absque

2135 1307 2295 1348 carne
2327 1310 2429 1350 non
2478 1299 2704 1368 accipiet
2732 1299 2870 1355 bona
2902 1301 2986 1355 illa
3018 1302 3304 1359 ineffabilia
3328 1347 3343 1370 ,
3377 1307 3508 1361 sicut
3541 1325 3711 1380 neque

2135 1387 2397 1454 punietur.
2445 1387 2630 1443 Omnia
2673 1391 2804 1444 enim
2850 1394 3301 1464 manifestabuntur
3341 1409 3458 1451 ante
3494 1401 3720 1456 tribunal

2133 1475 2350 1542 Christi,
2380 1488 2434 1532 ut
2457 1480 2672 1550 accipiat
2693 1485 3030 1555 unusquisque
3052 1503 3164 1558 quae
3189 1504 3278 1557 per
3315 1505 3496 1560 corpus
3522 1474 3708 1564 gessit,

2131 1567 2232 1621 sive
2256 1570 2384 1621 bona
2403 1611 2418 1636 ,
2449 1571 2552 1625 sive
2579 1573 2713 1626 mala
2747 1573 2819 1643 (2.
2851 1574 2970 1630 Cor.
3004 1576 3058 1632 5.
3093 1577 3203 1646 10).
3233 1579 3519 1650 Propterea
3547 1585 3672 1640 dicit
3691 1629 3706 1650 ,

2134 1658 2194 1713 Si
2223 1661 2275 1715 in
2301 1662 2396 1716 hac
2420 1665 2518 1716 rita
2548 1674 2742 1719 tantum
2769 1667 2822 1720 in
2851 1667 3051 1724 Christo
3085 1683 3342 1741 sperantes
3378 1691 3550 1730 sumus
3569 1718 3584 1744 ,
3609 1681 3708 1730 mi-

2131 1753 2447 1807 serabiliores
2483 1771 2656 1809 smnus
2695 1757 2926 1812 omnibus
2968 1759 3274 1816 hominibus.
3317 1763 3374 1818 Si
3416 1766 3558 1820 enim
3601 1783 3704 1823 non

2131 1845 2359 1914 resurgit
2385 1860 2612 1914 corpus,
2645 1849 2948 1904 incoronata
2979 1860 3159 1907 manet
3185 1854 3359 1908 anima
3389 1867 3533 1911 extra
3565 1859 3704 1915 illam

2129 1934 2513 1994 beatitudinem
2545 1956 2662 2009 qua:
2700 1953 2784 1996 est
2827 1943 2879 1996 in
2919 1943 3064 1999 caelis
3095 1962 3108 1996 :
3140 1946 3186 1999 si
3214 1957 3389 2002 autem
3422 1949 3518 2004 hoc
3550 1952 3619 2006 ita
3648 1967 3707 2008 se

2131 2029 2311 2094 habet,
2345 2041 2470 2085 tunc
2497 2031 2627 2086 nihil
2655 2035 2874 2088 omnino
2899 2049 3324 2107 consequemur:
3351 2040 3394 2093 si
3429 2049 3551 2097 time
3575 2044 3703 2099 nihil

2127 2137 2542 2192 consequemur,
2569 2125 2620 2178 in
2648 2129 2894 2195 prmsenti
2921 2138 3045 2184 sunt
3069 2133 3541 2189 remunerationes.
3569 2135 3701 2202 Quid

2127 2229 2274 2284 ergo,
2306 2216 2494 2285 inquit.
2530 2216 2628 2273 hac
2655 2219 2860 2274 ratione
2888 2220 3046 2275 fuerit
3076 2223 3229 2277 nobis
3256 2224 3516 2281 infelicius
3535 2227 3559 2280 ?
3581 2228 3702 2283 llaec

2125 2319 2302 2364 autem
2334 2311 2543 2366 dicebat
2569 2353 2583 2378 ,
2608 2312 2764 2366 simul
2797 2323 2849 2368 et
2877 2329 2971 2369 eos
2996 2315 3320 2372 conﬁrmans
3345 2332 3408 2373 ac
3432 2320 3703 2376 stabilieus

2125 2405 2178 2458 in
2210 2420 2275 2460 eo
2305 2407 2448 2476 quod
2479 2407 2672 2463 dicitur
2697 2409 2764 2464 de
2803 2413 3194 2468 resurrectione
3219 2429 3523 2485 corporum,
3555 2426 3608 2473 et
3634 2418 3701 2474 de

2125 2495 2411 2550 immortali
2437 2499 2521 2551 illa
2545 2499 2650 2554 vita
2678 2501 3024 2570 persuadens,
3049 2519 3116 2558 ne
3138 2506 3504 2562 existimarent
3524 2518 3698 2564 nostra

2122 2590 2300 2644 omnia
2328 2589 2547 2645 dissolvi
2574 2601 2627 2646 et
2652 2591 2898 2647 desinere
2928 2595 2981 2648 in
3011 2597 3278 2664 praesenti.
3303 2597 3434 2652 Nam
3459 2615 3578 2654 cum
3605 2617 3704 2670 per

2121 2681 2475 2749 praecedentia
2506 2684 2636 2736 satis
2664 2683 3037 2740 confirmasset
3059 2687 3198 2757 quod
3225 2690 3435 2745 volebat
3459 2700 3514 2746 et
3540 2691 3700 2746 dixis.

2120 2779 2220 2836 set,
2248 2769 2308 2825 Si
2334 2771 2520 2824 mortui
2543 2789 2644 2826 non
2666 2784 2951 2844 resurgunt,
2976 2792 3132 2846 neque
3151 2775 3377 2833 Christus
3400 2784 3696 2847 resurrexit,-

2117 2861 2161 2916 si
2186 2872 2352 2915 autem
2383 2861 2613 2918 Christus
2654 2881 2754 2919 non
2789 2870 3094 2934 resurrexit,
3130 2870 3384 2938 periimus
3404 2912 3418 2938 ,
3447 2882 3502 2926 et
3527 2873 3704 2928 adhuc

2118 2967 2303 3008 sumus
2349 2953 2402 3008 in
2453 2956 2684 3022 peccatis
2714 2974 2728 3010 :
2757 2972 2944 3013 rursus
2987 2957 3088 3013 hoc
3135 2975 3347 3030 quoque
3391 2962 3695 3034 subjungit,

2118 3046 2396 3117 exagitans
2425 3047 2636 3101 illorum
2668 3050 3046 3120 arrogantiam.
3077 3050 3298 3117 Quando
3328 3054 3468 3108 enim
3499 3065 3580 3109 est
3606 3071 3699 3110 ne-

2115 3135 2406 3192 cessarium
2449 3138 2661 3208 aliquod
2704 3139 2894 3210 dogma
2940 3141 3337 3198 introducturus
3361 3185 3376 3209 ,
3408 3154 3550 3201 metu
3581 3148 3694 3217 pri-

2116 3245 2260 3284 mum
2290 3231 2527 3300 percellit
2547 3232 2724 3287 cordis
2753 3249 2936 3288 eormn
2967 3235 3215 3292 duritiem
3247 3256 3261 3292 :
3288 3239 3428 3308 quod
3457 3241 3542 3295 hic
3567 3257 3697 3311 quo-

2116 3337 2218 3392 que
2246 3322 2390 3388 fecit,
2424 3334 2481 3378 ut
2509 3325 2595 3396 qui
2626 3335 2680 3381 et
2711 3327 2956 3397 superius
2983 3343 3044 3383 ea
3075 3329 3406 3399 disperserit,
3438 3342 3493 3389 et
3520 3333 3698 3388 animo

2115 3418 2303 3471 anxios
2333 3417 2643 3483 reddiderit,
2679 3428 2735 3474 ut
2763 3421 2851 3489 qui
2882 3421 2950 3476 ab
2979 3424 3226 3478 omnibus
3255 3425 3609 3491 excidissent;
3641 3437 3697 3483 et

2117 3523 2259 3563 nunc
2286 3524 2472 3565 rursus
2498 3510 2684 3571 aliter.
2715 3522 2769 3566 ει
2801 3524 2855 3566 ut
2895 3514 3125 3570 maxime
3161 3515 3408 3578 doleant.
3444 3518 3578 3574 idem
3609 3519 3692 3573 fa-

2115 3600 2263 3656 ciens
2287 3616 2349 3655 ac
2377 3601 2563 3658 dicens
2592 3621 2603 3656 :
2640 3603 3029 3662 Miserabiliores
3059 3624 3233 3663 sumus
3265 3609 3490 3664 omnibus
3530 3611 3693 3665 homi-

2115 3691 2294 3758 nibus,
2326 3693 2370 3746 si
2401 3702 2520 3762 pnst
2552 3703 2628 3748 tot
2657 3694 2790 3749 bella
2817 3704 2872 3750 et
2907 3706 3108 3753 mortes
3135 3708 3188 3754 et
3213 3700 3352 3754 mala
3383 3701 3692 3757 innumera-

2115 3783 2239 3838 bilia
2262 3825 2276 3850 ,
2310 3785 2471 3837 tantis
2507 3784 2660 3840 bonis
2701 3788 2867 3841 simus
2896 3788 3174 3857 privandi,
3208 3799 3263 3845 et
3291 3791 3428 3846 intra
3461 3807 3694 3862 praesens

2115 3883 2321 3945 tempus
2351 3885 2530 3930 nostra
2562 3877 2854 3933 consistant
2882 3896 2895 3932 :
2919 3882 3097 3935 omnia
3127 3880 3266 3936 enim
3295 3883 3526 3953 pendent
3553 3900 3581 3937 a
3608 3900 3693 3940 re—

2113 3968 2462 4022 surrectione.
2486 3968 2840 4035 Quamobrem
2864 3971 2985 4026 hinc
3005 3988 3214 4044 quoque
3231 3984 3311 4029 est
3330 3977 3688 4046 perspicuum,

2113 4057 2254 4127 quod
2283 4074 2388 4112 non
2410 4059 2716 4128 loqueretur
2738 4061 2804 4117 de
2831 4063 3078 4132 peccatis,
3103 4064 3196 4120 sed
3217 4063 3286 4120 de
3303 4067 3695 4123 resurrectione

2113 4165 2396 4220 corporum
2421 4192 2435 4219 ,
2471 4162 2526 4208 et
2559 4153 2625 4210 de
2655 4156 2759 4210 vita
2805 4157 3054 4225 praesenti
3093 4166 3148 4212 et
3191 4157 3382 4212 futura.
3416 4159 3505 4214 20.
3539 4158 3695 4214 Nunc

2113 4254 2280 4297 autem
2309 4243 2538 4300 Christus
2566 4249 2838 4302 resurrexit
2867 4265 2899 4301 a
2928 4251 3156 4311 mortuis,
3183 4251 3419 4317 primititc
3441 4251 3695 4305 dormien-

2113 4337 2257 4390 tium.
2300 4337 2588 4408 Postquam
2627 4341 2861 4396 ostendit
2897 4352 3026 4410 quot
3064 4343 3202 4398 mala
3233 4345 3472 4399 nrimitur
3495 4361 3557 4398 ex
3588 4361 3690 4412 eo,

2113 4429 2253 4499 quod
2285 4443 2390 4484 non
2420 4431 2668 4486 credatur
2705 4434 3029 4488 resurrectio
3053 4475 3068 4500 ,
3107 4450 3291 4489 rursus
3331 4438 3523 4506 repetit
3550 4439 3692 4508 quod

2113 4521 2313 4575 dictum
2340 4530 2441 4585 est,
2469 4531 2522 4576 et
2547 4522 2675 4578 dicit
2703 4542 2716 4578 :
2749 4523 2902 4578 Nunc
2929 4536 3094 4579 autem
3121 4527 3347 4582 Christus
3371 4532 3645 4584 resurrexit
3664 4549 3696 4582 ιι

2113 4615 2323 4667 mortuis
2346 4629 2366 4678 ;
2395 4616 2648 4670 continuo
2679 4615 2900 4681 addens,
2933 4619 2974 4670 A
3007 4619 3235 4684 mortuis,
3266 4629 3323 4673 ut
3358 4621 3572 4676 obturet
3600 4638 3694 4677 ora

2115 4703 2510 4761 haereticorum.
2555 4706 2804 4762 Primitiae
2842 4725 3013 4763 eorum
3050 4711 3138 4780 qui
3167 4711 3496 4765 dormierunt.
3529 4712 3583 4768 Si
3613 4722 3697 4767 cst

2112 4809 2288 4855 autem
2339 4800 2615 4868 primitizc,
2654 4815 2747 4855 eos
2791 4816 3003 4872 quoque
3045 4810 3259 4872 oportet
3298 4818 3597 4874 resurgere.
3639 4805 3694 4858 Si

2114 4901 2291 4947 autem
2310 4891 2754 4945 resurrectionem
2777 4893 2978 4947 diceret
2999 4892 3366 4949 liberationem
3389 4909 3416 4948 a
3440 4894 3690 4964 peccatis,

2114 4997 2274 5036 nemo
2301 4990 2477 5036 autem
2507 4991 2588 5036 est
2614 4981 2814 5053 absque
2856 4992 3073 5052 peccato
3103 4983 3263 5053 (nam
3300 4983 3495 5038 Paulus
3525 4985 3652 5040 dicit
3677 5023 3694 5050 ,

2115 5074 2268 5128 Nihil
2290 5075 2413 5128 mihi
2431 5075 2657 5128 conscius
2680 5090 2809 5139 sum,
2833 5074 2922 5128 sed
2946 5091 3043 5130 non
3065 5077 3118 5130 iu
3139 5077 3235 5130 hoc
3257 5077 3561 5145 iustiﬁcatus
3584 5091 3695 5130 sum

2109 5163 2190 5236 [1.
2222 5167 2340 5223 Cor.
2375 5169 2426 5223 4.
2459 5167 2547 5240 4])
2573 5184 2587 5232 ;
2615 5167 2883 5237 quomodo
2918 5175 3075 5224 erunt
3106 5168 3268 5240 aliqui
3294 5169 3386 5240 qui
3415 5177 3697 5238 resurgant

2113 5260 2406 5314 secundum
2436 5271 2667 5314 vestram
2708 5259 3074 5314 sententiam?
3102 5258 3290 5314 Viden’
3317 5276 3439 5314 eum
3470 5259 3590 5314 esse
3618 5260 3696 5314 lo-

2113 5360 2335 5423 quutum
2361 5351 2427 5406 de
2447 5352 2800 5422 corporibus?
2827 5352 2892 5405 Et
2915 5360 2966 5407 ut
2992 5351 3092 5406 hoc
3115 5352 3218 5408 fide
3237 5351 3453 5422 dignum
3476 5351 3693 5415 faceret.

2113 5446 2368 5502 continuo
2395 5444 2670 5501 Christum
2698 5445 2914 5501 adducit
2942 5446 2994 5500 in
3035 5445 3304 5511 medium,
3332 5446 3422 5514 qui
3453 5445 3504 5500 in
3535 5461 3696 5500 carne

2115 5536 2406 5593 resurrexit
2435 5554 2448 5588 :
2476 5533 2669 5592 deinde
2693 5537 2852 5592 etiam
2878 5535 3034 5593 aﬂ’ert
3057 5553 3295 5593 causam.
3323 5536 3454 5592 Nam
3483 5547 3538 5592 ut
3563 5537 3692 5602 dixi,

2113 5630 2326 5702 quando
2356 5630 2598 5687 enuntiat
2623 5630 2872 5701 quidem,
2903 5646 3120 5687 causam
3160 5641 3338 5688 autem
3382 5649 3488 5687 non
3528 5632 3684 5694 dicit,

2119 5739 2224 5780 non
2254 5733 2358 5780 tam
2386 5724 2539 5780 facile
2569 5738 2597 5778 a
2627 5723 2808 5780 multis
2834 5722 3131 5781 admittitur
3147 5734 3202 5782 et
3226 5723 3478 5795 probatur
3501 5723 3690 5779 oratio.
