4122 6226
422 413 535 469 335

423 527 515 581 ὅτι
553 519 1054 597 ἐμαρτυρήσαμεν
1088 530 1214 583 κατ’
1238 531 1463 596 αὐτοῦ,
1500 531 1591 585 ὅτι
1644 530 1840 599 ἤγειρε
1896 528 2007 581 ’τὸν

423 609 705 679 Χριστὸν,
757 609 832 664 ὃν
856 612 966 664 οὐκ
997 609 1256 680 ἤγειρεν,
1283 612 1452 681 εἴπερ
1486 611 1598 683 ἄρα
1641 612 1840 680 νεκροί
1893 613 2006 664 οὐκ

420 693 776 762 ἐγείρονται.
836 694 896 746 EE
961 694 1019 746 δὲ
1076 694 1275 749 ἄτοπον
1306 696 1469 748 τοῦτο
1530 693 1869 765 (κατηγορία
1897 692 2008 762 7&9

422 775 562 829 Θεοῦ
590 778 684 829 καὶ
719 775 1110 845 συκοφαντία),
1146 778 1240 830 καὶ
1263 779 1364 830 οὐκ
1415 778 1661 848 ἧγειρεν,
1715 776 1791 839 ῶς
1846 792 2007 843 φατε,

419 860 485 913 οὐ
514 860 675 913 τοῦτο
726 862 905 929 μόνον,
957 859 1094 913 ἀλλά
1125 861 1217 913 καὶ
1247 861 1411 932 ἕτερα
1447 862 1637 931 ἕψεται
1669 862 1863 915 ἄτοπα.
1898 858 2009 913 Καὶ

427 942 590 995 πάλιν
635 943 774 996 αύτά
820 943 1248 1006 κατασκευάζει,
1283 944 1377 996 καὶ
1406 944 1779 1013 ἀναλαμϐάνει
1811 942 2005 1010 λέγων’

428 1029 499 1081 Εἰ
554 1027 665 1096 γὰρ
717 1026 915 1094 νεκροί
974 1028 1086 1080 οὐκ
1143 1029 1493 1097 ἐγειζοονται,
1554 1026 1696 1081 οὐδὲ
1756 1026 2009 1094 Χριστὸς

426 1106 755 1177 ἐγήγερται.
788 1109 849 1161 Εἰ
879 1108 988 1180 7&9
1018 1111 1092 1180 μὴ
1125 1110 1319 1181 ἔμελλε
1362 1112 1522 1165 τοῦτο
1571 1114 1767 1173 ποιεῖν,
1801 1109 1911 1163 οὐδ’
1942 1108 2009 1162 ἂν

427 1189 787 1261 παρεγένετο.
832 1191 973 1245 Ἀλλ’
1009 1194 1070 1245 ού
1094 1193 1241 1263 λέγει
1269 1195 1447 1259 τοῦτο,
1478 1194 1608 1247 ἀλλά
1634 1194 1690 1247 τὺ
1711 1194 1884 1254 τέλος,
1908 1191 2008 1260 τὴν

430 1274 728 1327 ἀνάστασιν
776 1274 965 1337 αὑτοῦ,
1014 1276 1080 1329 δι’
1112 1278 1281 1350 αὐτῆς
1334 1279 1544 1343 πάντας
1575 1278 1771 1330 ἕλκων.
1824 1277 1892 1329 Εί
1940 1274 2010 1327 δὲ

431 1356 685 1423 Χριστὸς
712 1359 822 1410 οὐκ
856 1358 1183 1428 ἐγήγερται,
1215 1363 1437 1431 ματαία
1476 1363 1515 1429 ἡ
1568 1362 1772 1425 πίστις
1821 1358 2009 1427 ὑμῶν.

431 1439 523 1509 Τῷ
582 1441 741 1506 σαφεῖ
794 1442 888 1493 καὶ
944 1442 1356 1516 ὡμολογημένῳ
1413 1445 1511 1513 τὴν
1566 1443 1863 1497 ἀνάστασιν
1912 1441 2007 1495 106

432 1522 669 1592 Χριστοῦ
699 1525 937 1592 συνεχῶς
971 1527 1334 1596 περιτίθησιν,
1368 1528 1474 1581 ἀπὸ
1515 1526 1609 1579 106
1658 1524 2008 1596 ἰσχυροτέρου

432 1606 527 1659 καὶ
556 1606 618 1658 τὸ
658 1605 884 1669 ἀσθενὲς
912 1602 1048 1660 εἶναι
1079 1608 1269 1662 δοκοῦν
1320 1611 1412 1662 καὶ
1457 1608 1760 1680 ἀμφίϐολον
1793 1596 2029 1679 ίσχυρδν’

433 1688 604 1742 ποιῶν
652 1690 745 1742 καὶ
799 1691 988 1758 σαφές.
1044 1693 1167 1745 Ἔτι
1194 1692 1336 1746 ἐστέ
1383 1694 1453 1746 ἐν
1506 1692 1636 1759 ταῖς
1695 1692 2011 1761 ἁμαρτίαις

434 1770 619 1841 ὑμῶν.
654 1773 718 1826 Εἰ
742 1773 851 1845 γὰρ
877 1774 976 1826 οὐκ
1004 1774 1239 1845 ἠγέρθη,
1270 1775 1391 1829 οὐδὲ
1423 1775 1713 1829 ἀπέθανεν·
1749 1778 1798 1829 εἰ
1824 1775 1881 1828 δὲ
1910 1774 2012 1828 οὐκ

433 1856 724 1921 ἀπέθανεν,
748 1857 870 1911 οὐδὲ
897 1857 994 1928 τὴν
1025 1858 1299 1929 ἁμαρτίαν
1331 1858 1541 1912 ἔλυσεν·
1573 1862 1601 1910 ὁ
1634 1860 1745 1927 γάρ
1778 1858 2010 1922 θάνατος

433 1940 619 2000 αὐτοῦ.
653 1941 754 2012 τῆς
781 1941 1054 2013 ἁμαρτίας
1085 1939 1232 2015 [565]
1264 1942 1437 2007 λύσις·
1470 1943 1589 1997 Ἴδε
1613 1946 1741 2015 γάρ,
1770 1943 1955 2014 φησὶν,
1978 1943 2011 1995 ό

445 2022 660 2091 Ἀμνός
692 2024 799 2078 τοῦ
857 2024 1006 2078 Θεοῦ
1057 2028 1089 2077 ό
1143 2027 1327 2093 αῐρων
1385 2026 1498 2093 τὴν
1548 2028 1841 2095 ἁμαρτίαν
1902 2024 2011 2079 τοῦ

437 2108 689 2175 κόσμου.
732 2107 856 2171 Πῶς
883 2108 938 2161 δὲ
964 2108 1165 2179 αἴρων;
1207 2109 1297 2179 Τῷ
1326 2111 1561 2182 θανάτῳ.
1589 2110 1681 2163 Διὸ
1712 2110 1808 2163 καὶ
1838 2107 2011 2176 ἀμνὸν

434 2188 714 2253 ἐκάλεσεν,
745 2191 819 2253 ὼς
850 2192 1241 2260 σφαττόμενον.
1279 2194 1341 2246 Εἰ
1387 2194 1443 2246 δὲ
1491 2194 1592 2246 ούκ
1621 2192 1844 2263 ἀνέστη,
1889 2191 2012 2245 οὐδὲ

354 2266 357 2269 ’
437 2273 675 2342 ἐσφάγη·
709 2275 757 2326 εί
808 2275 864 2328 δὲ
913 2275 1014 2328 οὐκ
1049 2277 1288 2347 ἐσφάγη,
1333 2278 1454 2330 οὐδὲ
1480 2279 1513 2347 ἠ
1541 2276 1787 2348 ἁμαρτία
1822 2275 2012 2347 ἐλύθην

436 2357 486 2408 εἰ
505 2356 561 2409 δὲ
575 2356 674 2410 ούκ
699 2357 879 2429 ἐλύθη,
902 2360 959 2411 ὲν
988 2361 1125 2431 αὐτῇ
1155 2361 1299 2413 ἐστε·
1327 2362 1375 2414 εί
1395 2361 1451 2414 δὲ
1478 2363 1535 2414 ὲν
1557 2362 1694 2431 αὐτῇ
1716 2361 1860 2420 ἐστε,
1886 2360 2012 2430 είκῆ

436 2438 799 2508 ἐκηρύξαμεν*
820 2443 868 2494 εί
888 2443 944 2495 δὲ
966 2444 1087 2513 είκῆ
1108 2444 1474 2515 ἐκηρύξαμεν,
1491 2445 1611 2515 εἰκῆ
1630 2443 2009 2497 ἐπιστεύσατε.

441 2521 649 2586 Ἄλλως
668 2522 724 2578 δὲ
745 2526 840 2577 καὶ
855 2528 883 2577 ό
898 2525 1126 2591 θάνατος
1143 2529 1412 2591 ἀθάνατος
1438 2528 1608 2598 μένει,
1622 2530 1669 2581 εί
1691 2528 1766 2598 μὴ
1785 2527 2009 2597 ἀνέστη.

438 2604 500 2658 EE
529 2605 638 2676 7&9
669 2608 763 2659 καὶ
795 2607 956 2672 αὐτὸς
984 2611 1288 2682 κατεσχέθη
1338 2613 1442 2665 ὑπὸ
1484 2612 1579 2665 τοῦ
1628 2611 1882 2675 θανάτου,
1919 2612 2014 2665 καὶ

437 2686 538 2741 οὐκ
585 2688 773 2742 ἔκλυσεν
803 2691 969 2744 αὐτοῦ
1027 2693 1127 2755 τὰς
1170 2694 1386 2758 ὠδῖνας,
1439 2695 1558 2758 πῶς
1616 2694 1827 2757 πάντας
1887 2695 2013 2758 τοὺς

438 2768 631 2834 ἄλλους
675 2772 985 2843 ἀπήλλαξεν
1033 2775 1113 2828 ἔτι
1153 2777 1315 2837 αὐτὸς
1361 2778 1760 2849 κατεχόμενος;
1798 2778 1888 2830 Διὸ
1922 2778 2014 2830 καὶ

440 2855 633 2921 ἐπάγει
660 2872 673 2885 ο
726 2858 866 2923 Ἄρα
930 2860 1029 2912 καὶ
1095 2862 1147 2913 οί
1213 2860 1596 2929 κοιμηθέντες
1655 2861 1726 2913 ἐν
1781 2859 2016 2928 Χριστῷ

439 2936 771 2991 ἀπώλοντο.
810 2941 919 2993 Καὶ
943 2942 996 2993 τί
1031 2941 1175 3009 λέγω
1201 2946 1329 3014 περὶ
1360 2943 1536 3014 ὑμῶν,
1567 2945 1752 3015 φησιν,
1787 2944 1920 2997 ὅπου
1949 2960 2014 3009 γε

441 3020 534 3072 καὶ
565 3021 762 3074 ἐκεῖνοι
800 3022 1000 3086 πάντες
1033 3024 1402 3085 ἀπολώλασιν,
1460 3028 1510 3080 οί
1561 3028 1621 3081 τὸ
1671 3029 1781 3081 πᾶν
1829 3025 2016 3080 διανύ-

443 3119 652 3168 σαντες,
684 3104 798 3173 νκαὶ
826 3105 925 3177 οὐχ
958 3107 1308 3178 ύποκείμενοι
1342 3109 1526 3165 λοιπὸν
1569 3112 1636 3181 τῇ
1684 3110 1878 3182 ἀδηλίᾳ
1918 3110 2014 3164 106

445 3188 763 3258 μέλλοντος;
799 3188 873 3242 Τὸ
897 3189 974 3252 δὲ,
1024 3192 1127 3245 Ἐν
1158 3192 1407 3261 Χριστῷ,
1435 3192 1468 3264 ἢ
1499 3193 1561 3247 τὸ
1608 3196 1667 3246 ὲν
1718 3197 1785 3265 τῇ
1833 3195 2016 3249 πίστει

443 3271 628 3341 φησὶν,
658 3271 763 3342 ἢοί
791 3272 859 3325 δι’
887 3272 1051 3327 αὐτὸν
1086 3275 1470 3341 ἀποθανόντες,
1511 3277 1564 3333 οἱ
1609 3275 1839 3340 πολλοὺς
1880 3279 2013 3332 ὑποο

448 3355 728 3428 μείναντες
779 3358 1098 3424 κινδύνους,
1163 3358 1215 3412 οί
1270 3359 1471 3424 πολλὰς
1522 3360 1919 3431 ταλαιπωρίας,
1966 3363 2015 3414 οί

442 3437 529 3491 διά
554 3439 655 3508 τῆς
689 3444 882 3511 στενῆς
916 3442 1037 3501 6606
1092 3442 1429 3513 βαδίσαντες.
1485 3443 1596 3497 Ποῦ
1651 3444 1746 3497 νῦν
1795 3446 1903 3498 είσι
1946 3444 2019 3499 τὰ

446 3523 658 3591 πονηρὰ
684 3522 794 3577 τῶν
821 3526 1139 3596 Μανιχαίων
1164 3527 1428 3597 στόματα,
1459 3527 1569 3582 τῶν
1597 3527 1863 3597 λεγόντων
1889 3530 2019 3583 ἀνά-

447 3620 635 3658 στασιν
702 3607 866 3660 αὐτὸν
919 3607 1153 3662 ἐνταῦθα
1209 3608 1389 3676 λέγειν
1436 3612 1535 3680 τῆς
1588 3610 1864 3682 ἁμαρτίας
1918 3611 2017 3683 τὴν

445 3687 796 3759 ἀπαλλαγήν;
857 3692 918 3743 υἱ
982 3691 1092 3763 7&9
1151 3692 1346 3745 πυκνοὶ
1405 3686 1551 3747 οὗτοι
1614 3696 1711 3749 καὶ
1772 3698 2020 3766 συνεχεῖς

448 3771 796 3843 συλλογισμοὶ⁹
875 3775 968 3830 καὶ
1050 3776 1506 3848 ἀντιστρέφοντες
1583 3779 1736 3833 οὐδὲν
1810 3780 2020 3836 τούτων

446 3855 805 3923 ἐμφαίνουσιν
850 3850 925 3910 ὧν
979 3860 1178 3912 ἐκεῖνοι
1230 3857 1503 3926 λέγουσιν,
1550 3862 1667 3914 ἀλλ’
1687 3864 1825 3931 ὅπερ
1860 3866 2021 3934 ἡμεῖς

448 3952 647 4008 φαμεν.
681 3940 792 3995 Καὶ
812 3940 920 4011 7&9
946 3942 1239 4005 ἀνάστασις
1268 3942 1363 3995 106
1402 3947 1751 4007 πεπτωκότος
1776 3945 2016 4013 λέγεται.

447 4020 546 4076 Διά
590 4020 747 4074 τοῦτο
774 4024 867 4076 καὶ
907 4024 1145 4094 συνεχῶς
1202 4024 1444 4093 ἐπιλέγει
1497 4026 1558 4078 οὐ
1609 4026 1670 4079 τὸ
1718 4029 2020 4098 ἐγηγέρθαι

453 4102 635 4173 μόνον,
680 4104 811 4157 ἀλλά
859 4108 951 4160 καὶ
1000 4107 1081 4170 τὸ,
1128 4107 1222 4161 Ἐκ
1259 4107 1510 4177 νεκρῶν,
1547 4112 2021 4181 προστιθείς,Κώ

450 4185 728 4256 Κορίνθιοι
755 4188 808 4241 δὲ
828 4191 885 4242 ού
926 4193 1055 4261 περὶ
1110 4192 1358 4259 ἀφέσεως
1413 4192 1831 4264 ἁμαρτημάτων
1873 4196 2021 4266 ἀμφ-

450 4269 696 4338 έϐαλλον,
727 4271 860 4326 ἀλλά
889 4276 1017 4345 περὶ
1047 4276 1315 4345 σωμάτων
1359 4277 1723 4342 ἀναστάσεως.
1778 4280 1914 4333 Ποία
1963 4281 2021 4335 δὲ

423 4351 587 4419 κόλως
607 4353 842 4426 ἀνάγκη,
874 4358 922 4409 εί
955 4358 1029 4426 μὴ
1061 4357 1439 4429 ἀναμάρτητοι
1476 4359 1584 4413 εἶεν
1630 4361 1679 4413 οί
1722 4361 2019 4432 ἄνθρωποι,

454 4435 590 4504 μηδέ
612 4435 703 4489 τὸν
732 4438 968 4509 Χριστὸν
1014 4438 1175 4492 τοῦτο
1218 4436 1390 4506 εἷναι;
1426 4443 1487 4495 El
1530 4444 1639 4514 7&9
1684 4444 1758 4515 μὴ
1803 4444 2023 4515 ἔμελλεν

450 4519 706 4588 ἐγείρειν,
735 4522 1027 4576 ἀκόλουθον
1053 4523 1117 4576 τὸ
1145 4524 1346 4594 λέγειν,
1373 4524 1516 4590 τίνος
1538 4528 1723 4582 ἕνεκεν
1750 4524 1904 4599 ἦλθε,
1930 4530 2025 4583 καὶ

455 4602 631 4672 σάρκα
678 4604 860 4667 ἔλαϐε,
911 4609 1005 4660 καὶ
1058 4609 1294 4679 ἀνέστη;
1325 4609 1386 4662 τὸ
1412 4610 1469 4663 δὲ
1500 4612 1769 4684 ἡμέτερον
1813 4614 2020 4669 οὐκέτι.

454 4686 560 4771 Κ-αὶ
587 4687 1147 4771 γάρῗάμαρτανόντων
1189 4693 1492 4764 ἀνθρώπων
1542 4696 1636 4748 καὶ
1668 4697 1743 4767 μὴ
1769 4698 2022 4771 ἁμαρτα-

453 4766 670 4834 νόντων,
698 4770 786 4823 ἀεὶ
817 4771 1031 4826 σύνεστι
1075 4773 1151 4844 τῷ
1180 4775 1299 4847 Θεῷ
1355 4776 1413 4829 τὸ
1465 4766 1903 4850 άναμάρτητόνί
1930 4782 2025 4839 καὶ

453 4851 552 4935 οὐχ
580 4852 770 4907 ἕπεται
813 4857 873 4908 τὸ
927 4857 1191 4929 ἡμέτερον
1238 4860 1456 4931 ἐκείνῳ,
1511 4862 1634 4915 οὐδὲ
1677 4864 2024 4935 ἀντιστρέφει

454 4934 611 4988 τοῦτο
651 4937 787 5007 πρὸς
835 4940 1030 5002 ἐκεῖνο,
1083 4940 1269 5013 ῶσπερ
1302 4943 1396 4995 ἐπὶ
1446 4945 1547 5014 τῆς
1592 4944 1702 4998 τῶν
1756 4934 2024 5017 σωμάτων

454 5019 822 5084 ἀναστάσεως.
853 5025 920 5077 El
950 5024 1019 5075 ἑν
1043 5023 1116 5093 τῇ
1147 5024 1259 5094 ζωῇ
1284 5028 1466 5095 ταύτῃ
1492 5030 1810 5096 ἠλπικότες
1836 5031 2026 5099 ἐσμὲν

454 5104 525 5155 ἐν
546 5105 776 5172 Χριστῷ
790 5108 1004 5176 μόνον,
1029 5110 1411 5177 ἐλεεινότεροι
1438 5113 1679 5166 πάντων
1701 5115 2026 5184 ἀνθρώπων

454 5188 659 5257 ἐσμέν.

528 5319 685 5387 γ’νΤί
710 5320 910 5389 λέγεις,
927 5324 975 5379 ὦ
1000 5320 1208 5386 Παύλε;
1231 5320 1347 5385 πῶς
1365 5322 1422 5374 ἐν
1445 5325 1509 5393 τῇ
1535 5324 1646 5394 ζωῇ
1668 5324 1838 5397 ταύτῃ
1864 5327 2024 5397 μόνον

456 5402 748 5471 ἠλπικότες
776 5405 965 5475 ἐσμὲν,
998 5408 1047 5459 εἱ
1076 5404 1305 5476 σώματα
1340 5405 1441 5459 οὐκ
1469 5407 1763 5477 ἐγείρεται,
1797 5409 1897 5480 τῆς
1925 5410 2026 5480 ψυ-

458 5489 558 5557 χῆς
588 5488 857 5560 μενούσης
888 5492 984 5544 καὶ
1031 5490 1298 5545 ἀθανάτου
1344 5490 1542 5562 οὔσηςς
1582 5493 1702 5547 Ὅτι
1732 5494 1836 5548 κᾶν
1887 5495 2024 5566 μένῃ

455 5572 488 5639 ἡ
516 5571 682 5643 ψυχὴ.
731 5573 835 5627 κᾶν
889 5575 1148 5645 μυριάκις
1179 5574 1448 5638 ἀθάνατος
1496 5571 1554 5649 ᾖ,
1588 5574 1776 5647 ῶσπερ
1803 5571 1895 5630 οὖν
1930 5578 2026 5631 καὶ

456 5653 593 5718 ἐστι,
622 5656 723 5726 τῆς
747 5657 950 5727 σαρκὸς
971 5658 1141 5728 χωρὶς
1166 5659 1264 5711 οὐκ
1290 5658 1628 5728 ἀπολήψεται
1649 5660 1719 5711 τά
1738 5660 2026 5731 ἀπόρρητα

457 5738 639 5804 ἀγαθά
664 5741 871 5805 ἐκεῖνα,
903 5740 1092 5812 ῶσπερ
1114 5737 1207 5794 οὖν
1232 5741 1350 5794 οὐδὲ
1383 5741 1794 5811 κολασθήσεται·
1823 5742 2025 5798 Πάντα

456 5820 567 5895 γὰρ
594 5823 1079 5896 φανερωθήσεται
1109 5824 1444 5894 ἔμπροσθεν
1484 5824 1588 5880 τοῦ
1617 5825 1889 5899 ,βήματος
1918 5825 2024 5881 τοῦ

1388 416 1455 474 IN
1499 416 1719 473 EPIST.
1756 414 1773 468 I
1840 413 1932 469 AD
1964 409 2122 481 COR,
2170 412 2408 470 HOMIL.
2450 417 2693 474 XXXIX.

3578 421 3684 478 336

2110 527 2369 594 Χριστοῦ
2394 572 2408 596 ,
2468 532 2569 585 ἵνα
2617 532 2876 598 ἕκαστος
2927 534 3247 603 κομίσηται
3304 532 3378 587 τὰ
3431 531 3531 586 διὰ
3576 533 3687 589 τοῦ

2108 610 2401 678 σώματος.
2435 615 2584 682 πρὸς
2610 615 2647 667 ἅ
2675 615 2957 683 ἔπραξεν,
2985 616 3106 669 εῑτε
3135 615 3325 683 ἀγαθὰ
3357 614 3479 669 εἶτε
3510 615 3684 669 κακά.

2108 693 2208 747 Διά
2244 694 2402 748 τοῦτό
2445 713 2628 766 φησιν·
2662 697 2729 750 El
2761 698 2831 750 ὲν
2875 696 2949 766 τῇ
2996 696 3111 765 ζ’ωῇ
3146 698 3333 765 ταύτῃ
3363 698 3691 766 ἠλπικότες

2107 775 2297 845 ἐσμὲν
2347 779 2418 831 ἐν
2472 779 2705 847 Χριστῷ
2752 782 2960 847 μόνον,
3012 780 3400 849 ἐλεεινότεροι
3446 780 3690 835 πάντων

2108 860 2437 927 ἀνθρώπων
2468 863 2675 932 ἐσμέν.
2712 864 2774 917 Ei
2806 865 2916 934 7&9
2944 865 3044 917 ούκ
3071 864 3358 919 ἀνίσταται
3395 864 3458 917 τὸ
3507 865 3686 933 σῶμα,

2110 944 2490 1012 ἀστεφάνωτος
2520 948 2553 1016 ἡ
2583 946 2732 1015 ψυχὴ
2766 945 2916 1018 [366]
2954 947 3106 1016 μένει
3136 947 3241 1012 ἔξω
3271 948 3369 1017 τῆς
3417 947 3686 1017 μακαριό-

2108 1044 2269 1096 τητος
2299 1028 2515 1097 ἐκείνης
2545 1030 2645 1099 τῆς
2689 1031 2745 1083 ὲν
2773 1031 3040 1100 οὐρανοῖς
3067 1034 3115 1083 εί
3157 1031 3213 1084 δὲ
3263 1030 3441 1094 τοῦτο,
3476 1029 3688 1093 οὐδενὸς

2110 1108 2537 1180 ἀπολαυσόμεθα
2568 1112 2690 1165 τότε
2725 1113 2973 1165 καθόλου’
3011 1116 3059 1166 εἰ
3091 1114 3149 1166 δὲ
3189 1113 3310 1166 τότε
3354 1112 3587 1174 οὐδενὸς,
3629 1114 3688 1165 ἐν

2076 1191 2188 1261 ’τῷ
2218 1193 2444 1262 παρόντι
2496 1197 2565 1247 τὰ
2621 1194 2728 1247 τῶν
2768 1194 3032 1265 ἀμοιϐῶν.
3071 1196 3136 1249 Τί
3190 1193 3283 1250 οὖν
3335 1195 3493 1266 ἡμῶν
3547 1194 3689 1248 κατά

2110 1273 2267 1327 τοῦτο
2294 1274 2622 1347 ἀθλιώτερον
2651 1276 2847 1344 γένοιτ’
2883 1277 2972 1340 ἂν,
3012 1279 3180 1349 φησί;
3213 1280 3397 1333 Ταῦτα
3418 1277 3475 1331 δὲ
3501 1276 3689 1344 ἔλεγεν

2110 1356 2247 1427 ὁμοῦ
2285 1358 2384 1428 μὲν
2412 1361 2492 1422 είς
2540 1360 2632 1413 τὸν
2669 1362 2799 1431 περὶ
2852 1362 3204 1426 ἀναστάσεως
3257 1358 3528 1431 στηρίζων
3579 1359 3690 1413 τῶν

2114 1439 2381 1510 σωμάτων
2412 1442 2610 1505 αὐτοὺς
2646 1443 2826 1511 λόγον,
2853 1443 2988 1513 ὁμοῦ
3020 1444 3078 1498 δὲ
3107 1445 3206 1498 καὶ
3248 1445 3380 1516 περὶ
3410 1442 3510 1511 τῆς
3551 1441 3690 1495 ἀθα-

2112 1525 2274 1578 νάτου
2299 1525 2447 1595 ζωῆς
2476 1526 2693 1597 ἐκείνης
2727 1529 2948 1591 πείθων,
3004 1528 3092 1581 ῐνα
3148 1528 3223 1598 μὴ
3276 1529 3357 1589 είς
3404 1525 3467 1579 16
3515 1524 3691 1596 παρὸν

2112 1608 2373 1678 νομίζωσι
2406 1609 2474 1662 τὰ
2507 1611 2754 1681 ἡμέτερα
2779 1612 3072 1665 καταλύειν
3102 1610 3300 1663 πάντα.
3335 1605 3694 1663 Κατασκευά-

2114 1710 2213 1755 σας
2242 1693 2351 1764 γάρ
2381 1694 2584 1758 ίκανῶς
2611 1696 2700 1748 διά
2722 1697 2830 1749 τῶν
2857 1695 3191 1767 ἔμπροσθεν,
3236 1696 3375 1766 ὅπερ
3418 1692 3691 1758 ἐϐούλετο,

2112 1774 2209 1828 καὶ
2252 1775 2443 1840 εἰπὼν,
2493 1780 2564 1831 Εἰ
2594 1780 2797 1847 νεκροί
2849 1782 2961 1833 οὐκ
3000 1779 3345 1849 ἐγείρονται,
3382 1776 3526 1831 οὐδὲ
3556 1778 3693 1844 Χρισ-

2113 1856 2259 1923 στὸς
2285 1858 2598 1928 ἐγήγερται
2620 1877 2633 1891 ·
2663 1863 2716 1914 εί
2773 1860 2842 1914 δὲ
2873 1861 3125 1928 Χριστὸς
3156 1863 3266 1915 οὐκ
3297 1858 3540 1930 ἠγέρθη,
3585 1859 3693 1912 ἀπ-

2112 1941 2384 2011 ωλόμεθα,
2414 1943 2509 1995 καὶ
2541 1944 2621 1997 ἐτι
2656 1945 2821 2014 ἐσμὲν
2854 1947 2911 1997 ὲν
2932 1946 3051 2007 ταῖς
3071 1944 3388 2015 ἁμαρτίαις·
3408 1941 3568 1995 πάλιν
3599 1940 3693 1994 καὶ

2111 2023 2270 2077 τοῦτο
2315 2025 2532 2094 ἐπάγει,
2590 2026 2893 2080 κατασείων
2931 2026 3112 2080 αὐτῶν
3146 2028 3245 2097 τὴν
3272 2025 3550 2079 ἀπόνοιαν.
3580 2023 3699 2076 Καὶ

2113 2107 2219 2179 7&9
2243 2107 2370 2162 ὅταν
2396 2108 2565 2181 μέλλῃ
2587 2126 2640 2162 τι
2661 2111 2769 2162 τῶν
2790 2110 3101 2179 ἀναγκαίων
3125 2109 3366 2176 εἰσάγειν
3383 2107 3690 2177 δογμάτων,

2112 2190 2190 2260 τῷ
2228 2190 2380 2261 φόϐῳ
2413 2192 2513 2265 τὴν
2545 2191 2805 2265 πώρωσιν
2831 2192 3010 2246 αὐτῶν
3036 2191 3342 2246 διασαλεύει
3378 2190 3595 2262 πρῶτον
3620 2205 3634 2220 ·
3663 2189 3693 2242 ὃ

2110 2272 2174 2344 δὴ
2209 2276 2304 2327 καὶ
2334 2275 2565 2328 ἐνταῦθα
2596 2274 2873 2345 ἐποίησεν,
2902 2276 3162 2347 ἀνωτέρω
3186 2292 3246 2328 τε
3278 2272 3417 2329 αὺτά
3443 2271 3692 2325 διασπεί-

2117 2374 2235 2427 ρας,
2274 2359 2370 2411 καὶ
2419 2359 2748 2427 ἐναγωνίους
2805 2360 3157 2428 καταστήσας
3210 2357 3428 2421 αὐτοὺς,
3481 2355 3557 2417 ὡς
3595 2353 3693 2408 106

2113 2440 2317 2503 παντὸς
2351 2442 2686 2506 ἐκπεσόντας
2706 2461 2721 2474 ⁸
2750 2444 2845 2497 καὶ
2879 2442 2972 2495 νῦν
3009 2442 3168 2496 πάλιν
3196 2438 3420 2511 ἑτέρως,
3473 2437 3568 2492 καὶ
3617 2435 3696 2500 ὡς

2114 2523 2180 2577 ἂν
2214 2524 2450 2594 μάλιστα
2479 2525 2746 2595 ἤλγησαν,
2781 2526 2842 2578 τὸ
2888 2524 3020 2578 αὐτὸ
3065 2522 3222 2575 τοῦτο
3252 2523 3443 2585 ποιῶν,
3486 2520 3579 2573 καὶ
3608 2518 3694 2572 λέ-

2112 2604 2244 2675 γωεν
2284 2608 2703 2677 Ἐνίεεινότεροι
2737 2607 2981 2662 πάντων
3010 2606 3335 2674 ἀνθρώπων
3367 2602 3584 2673 ἐσμὲν,
3620 2603 3693 2667 εί,

2116 2691 2255 2761 μετά
2288 2690 2579 2755 τοσούτους
2608 2692 2878 2763 πολέμους
2903 2692 2996 2744 καὶ
3021 2690 3286 2754 θανάτους
3310 2690 3402 2743 καὶ
3423 2688 3491 2743 τὰ
3523 2685 3695 2759 μυρία

2112 2772 2282 2839 δεινά,
2316 2774 2588 2828 τοσούτων
2623 2775 2913 2846 μέλλοιμεν
2960 2775 3248 2827 ἐκπίπτειν
3303 2771 3546 2840 ἀγαθῶν,
3599 2768 3696 2823 καὶ

2117 2857 2280 2928 μέχρι
2312 2857 2406 2911 106
2442 2858 2712 2928 παρόντος
2762 2858 2831 2912 τά
2887 2859 3133 2929 ἡμέτερα
3180 2857 3402 2926 ἕστηκε·
3433 2855 3530 2909 καὶ
3583 2852 3695 2922 γὰρ

2116 2941 2294 2994 πάντα
2327 2945 2424 3011 τῆς
2449 2944 2803 3004 ἀναστάσεως
2836 2942 3097 3013 ἧρτηται.
3128 2940 3290 2993 Ὥστε
3318 2940 3411 2993 καὶ
3446 2936 3697 2992 ἐντεῦθεν

2115 3023 2295 3094 δῆλον,
2328 3026 2410 3078 ὃτι
2441 3025 2502 3078 οὐ
2551 3027 2679 3097 περ)⁵
2714 3024 3132 3096 ἁμαρτημάτων
3177 3025 3206 3076 ὀ
3233 3021 3391 3090 λόγος
3424 3020 3573 3090 αὐτῷ
3600 3015 3694 3091 ἦν,

2115 3107 2252 3160 ἀλλά
2279 3108 2405 3177 περὶ
2431 3107 2703 3177 σωμάτων
2733 3107 3104 3171 ἀναστάσεως,
3133 3106 3227 3159 καὶ
3249 3104 3396 3174 ζωῆς
3428 3106 3527 3176 τῆς
3555 3119 3700 3174 παρ-

2115 3190 2282 3262 ούσης
2320 3191 2415 3243 καὶ
2446 3190 2544 3261 τῆς
2588 3189 2908 3261 μελλούσης.
2976 3189 3130 3245 Νυνὶ
3163 3188 3232 3242 δὲ
3262 3187 3515 3256 Χριστὸς
3555 3185 3696 3257 ἐγή-

2115 3288 2316 3343 γερται
2365 3273 2434 3327 ἐκ
2466 3272 2715 3343 νεκρῶν,
2766 3270 3009 3341 ἀπαρχὴ
3063 3269 3183 3325 τῶν
3231 3269 3694 3339 κεκοιμημένων.

2117 3355 2305 3422 Δείξας
2333 3357 2434 3410 ὅσα
2475 3358 2538 3409 ὲκ
2568 3356 2660 3410 τοῦ
2714 3357 2789 3429 μὴ
2838 3356 3190 3411 πιστεύεσθαι
3248 3354 3346 3426 τὴν
3400 3355 3697 3409 ἀνάστασιν

2116 3441 2360 3494 τίκτεται
2386 3440 2452 3492 τά
2481 3439 2647 3504 κακὰ,
2675 3441 3048 3512 ἀναλαμϐάνει
3075 3442 3170 3495 τὸν
3193 3439 3351 3508 λόγον
3389 3439 3571 3499 πάλιν,
3604 3436 3698 3490 καί

2118 3540 2270 3593 φησι·
2301 3524 2453 3578 Νυνὶ
2487 3523 2557 3576 δὲ
2583 3523 2839 3593 Χριστὸς
2862 3524 3173 3594 ἐγήγερται
3202 3523 3269 3576 ἐκ
3293 3520 3543 3590 νεκρῶν·
3576 3536 3699 3572 συν..

2117 3606 2255 3676 εχῶς
2279 3606 2341 3659 τὸ
2386 3607 2488 3660 Ἐκ
2538 3605 2771 3674 νεκρῶν
2820 3607 3158 3677 προστιθεὶς,
3203 3604 3344 3658 ὥστε
3379 3601 3697 3675 ἀποῤῥάψαι

2118 3689 2226 3743 τῶν
2255 3688 2547 3759 αἱρετικῶν
2577 3689 2645 3742 τά
2677 3688 2940 3759 στόματα.
2982 3688 3249 3757 Ἀπαρχὴ
3284 3686 3401 3741 τῶν
3426 3702 3700 3756 κεκοιμηο

2113 3772 2333 3843 μένων.
2368 3774 2432 3827 El
2464 3773 2521 3826 δὲ
2561 3773 2807 3844 ἀπαρχὴ,
2839 3775 2934 3828 καὶ
2980 3773 3203 3836 τούτους
3253 3773 3550 3843 ἀναστῆναι
3594 3770 3693 3824 δεῖ.

2119 3858 2182 3911 El
2214 3856 2271 3911 δὲ
2295 3857 2591 3910 ἀνάστασιν
2617 3856 2716 3926 τὴν
2735 3857 2843 3910 τῶν
2866 3857 3150 3926 ἁμαρτιῶν
3179 3855 3500 3924 ἀπαλλαγὴν
3525 3854 3555 3893 δ
3582 3853 3698 3906 ελε-
3798 3916 3801 3917 ν

2118 3957 2238 4009 γεν,
2271 3939 2446 4004 οὐδεὶς
2481 3939 2539 3992 δὲ
2579 3940 2855 4010 ἁμαρτίας
2885 3939 3044 4002 ἐκτὸς
3078 3941 3211 4005 (καὶ
3240 3939 3347 4008 γὰρ
3375 3936 3584 3997 Παῦλος
3610 3935 3697 3987 λέ-

2119 4043 2227 4097 γει,
2265 4024 2458 4080 Οὺδὲν
2489 4023 2722 4095 ἐμαυτῷ
2752 4023 3031 4088 σύνοιδα,
3067 4022 3205 4077 ἀλλ’
3241 4024 3352 4076 οὐκ
3400 4022 3470 4074 ἐν
3508 4018 3700 4086 τούτῳ

2120 4108 2568 4176 δεδικαίωμαι),
2621 4107 2737 4170 πῶς
2789 4106 3003 4160 ἔσονταί
3050 4122 3195 4167 τινες
3244 4106 3293 4158 οί
3349 4100 3697 4170 ἀνιστάμενοι

2122 4191 2242 4246 καθ’
2277 4192 2451 4261 ὑμᾶς
2502 4191 2668 4263 Ὁρᾷς
2701 4192 2782 4244 ὅτι
2834 4191 2964 4262 περὶ
3008 4188 3277 4259 σωμάτων
3306 4188 3333 4239 ὁ
3363 4184 3517 4252 λόγος
3546 4182 3697 4253 αὐτῷ

2120 4271 2223 4347 ἦνς
2262 4274 2373 4329 Καὶ
2405 4275 2489 4327 ἵνα
2532 4273 2844 4338 ἀξιόπιστον
2891 4272 3024 4327 αὐτὸ
3064 4273 3287 4341 ποιήσῃ,
3336 4268 3575 4338 συνεχῶς
3605 4266 3697 4320 τὸν

2122 4358 2355 4428 Χριστὸν
2386 4359 2465 4421 εἰς
2520 4357 2579 4409 τὸ
2609 4357 2774 4427 μέσον
2805 4356 3092 4428 προφέρει,
3144 4354 3232 4407 τὸν
3282 4352 3589 4407 ἀναστάντα
3637 4353 3695 4403 ἐν

2125 4439 2306 4510 σαρκί·
2343 4436 2463 4493 εἷτα
2497 4441 2589 4494 καὶ
2630 4439 2940 4508 αἰτιολογεῖ.
2976 4440 3152 4507 Ὅπερ
3204 4436 3312 4507 7&9
3363 4435 3521 4504 ἔφην,
3567 4434 3696 4487 ὅταν

2122 4524 2493 4594 ἀποφαίνηται
2521 4525 2639 4594 μὲν,
2671 4522 2771 4595 τὴν
2796 4523 2852 4577 δὲ
2886 4522 3066 4576 αἰτίαν
3102 4520 3177 4591 μὴ
3204 4520 3359 4590 λέγῃ,
3387 4520 3485 4588 οὺχ
3522 4518 3692 4582 οὕτως

2122 4608 2532 4680 εὐπαράδεκτος
2564 4608 2593 4660 ὁ
2614 4608 2771 4676 λόγος
2799 4606 3006 4676 γίνεται
3039 4608 3149 4668 τοῖς
3175 4603 3411 4667 πολλοῖς.
3460 4602 3556 4664 Τίς
3602 4597 3697 4655 οὖν

2121 4695 2154 4761 ἠ
2184 4692 2366 4755 αἰτίας
2436 4689 2678 4758 Ἐπειδὴ
2716 4691 2828 4760 γὰρ
2868 4690 2940 4744 δι’
2968 4686 3282 4757 ἀνθρώπου
3331 4689 3364 4740 ὁ
3417 4684 3694 4750 θάνατος,

2123 4773 2219 4829 καὶ
2252 4774 2328 4827 δι’
2357 4774 2670 4842 ἀνθρώπου
2691 4776 2730 4841 ἡ
2754 4772 3092 4838 ἀνάστασις
3118 4769 3236 4823 τῶν
3265 4768 3513 4837 νεκρῶν.
3544 4769 3607 4821 Εἰ
3641 4766 3699 4820 δὲ

2123 4857 2189 4911 δι’
2214 4857 2528 4929 ἀνθρώπου,
2557 4858 2719 4927 σῶμα
2753 4857 2970 4917 πάντως
2999 4855 3232 4924 ἔχοντος.
3264 4852 3373 4906 Καὶ
3402 4852 3503 4921 δρα
3534 4849 3696 4903 αὑτοῦ

2123 4941 2223 5013 τὴν
2267 4939 2502 5004 σύνεσιν,
2532 4939 2648 5002 πῶς
2678 4938 2772 4993 καὶ
2813 4937 3015 5008 ἑτέρως
3063 4937 3360 5003 ἀναγκαῖον
3413 4935 3558 4987 ποιεῖ
3605 4933 3700 4986 τὸν

2124 5023 2303 5091 λόγον.
2331 5023 2436 5077 Τὸν
2463 5021 2571 5093 γὰρ
2597 5020 2921 5090 ἡττηθέντα,
2959 5019 3146 5091 φησὶν,
3171 5015 3330 5072 αὐτὸν
3355 5017 3449 5070 καὶ
3482 5018 3698 5085 ἀναμα·

2126 5106 2388 5177 χέσασθαι
2443 5107 2524 5158 δεῖ
2578 5103 2675 5174 τὴν
2730 5102 3162 5172 καταϐληθεῖσαν
3195 5099 3378 5170 φύσιν,
3413 5100 3576 5153 αὑτὸν
3603 5098 3698 5153 καὶ

2126 5188 2365 5258 νικῆσαι·
2418 5185 2561 5240 οὕτω
2610 5186 2718 5259 γὰρ
2764 5185 2824 5238 τὸ
2851 5185 3051 5248 ὄνειδος
3084 5184 3426 5256 ἀπετρίϐετο.
3470 5183 3697 5252 Ἰδωμεν

2126 5271 2183 5325 δὲ
2210 5270 2364 5323 ποῖόν
2405 5286 2538 5339 φησι
2568 5269 2817 5323 θάνατον.
2846 5269 3077 5337 Ὥσπερ
3124 5267 3235 5339 7&9
3282 5268 3353 5321 ἐν
3402 5265 3482 5331 τῷ
3526 5266 3699 5331 Ἀδὰμ

2126 5351 2352 5417 πάντες
2391 5352 2910 5417 ἀποθνήσκουσιν,
2955 5351 3108 5405 οὕτω
3140 5349 3233 5402 καὶ
3264 5350 3334 5402 ἐν
3365 5346 3445 5412 τῷ
3467 5343 3698 5415 Χριστῷ

2127 5435 2349 5501 πάντες
2408 5432 2966 5503 ζωοποιηθήσονται.
3003 5434 3068 5486 Τί
3120 5428 3245 5495 οὖν;
3302 5430 3524 5491 πάντες,
3573 5426 3697 5480 εἰπέ

2131 5536 2242 5591 μοι,
2272 5516 2541 5572 ἀπέθανον
2569 5520 2626 5570 ἐν
2650 5517 2728 5587 τῷ
2762 5517 2935 5587 Ἀδάμ
2966 5517 3056 5569 τὸν
3092 5515 3191 5585 τῆς
3216 5511 3489 5584 ἁμαρτίας
3529 5511 3698 5565 θάνα-

2126 5618 2249 5669 τον;
2273 5601 2392 5665 πῶς
2417 5595 2510 5654 οὖν
2533 5600 2658 5653 Νῶε
2687 5598 2894 5662 δίκαιος
2912 5601 2977 5653 ἐν
2995 5600 3058 5669 τῇ
3088 5598 3250 5670 γενεᾷ
3277 5593 3476 5658 αὐτούς
3508 5592 3622 5656 πῶς
3639 5592 3700 5650 δὲ

2189 5817 2217 5857 ³³
2242 5820 2414 5871 Deerat
2436 5819 2708 5883 ἀπαλλαγήν
2718 5857 2729 5874 ,
