4112 6224
444 346 549 403 557

455 455 1013 530 ’Δϐραάμ;[5ϐηπῶς
1026 455 1084 509 δὲ
1110 454 1262 519 ’1ώϐ;
1283 454 1399 516 πῶς
1425 452 1482 506 δὲ
1504 453 1552 504 ot
1578 449 1727 505 ἄλλοι
1752 447 2016 530 ᾶπαντεςὶ

443 546 510 598 Τί
535 529 614 609 δὲ,
641 529 760 595 εἶπέ
794 559 907 610 μοι,
943 540 1144 602 πάντες
1170 534 1673 607 ζωοποιηθήσονται
1700 535 1758 586 ὲν
1785 529 1863 600 τῷ
1889 529 2022 597 Χρι-

447 633 587 705 στῷς
618 633 729 686 Καὶ
780 631 883 683 ποῦ
920 632 968 682 οἱ
999 631 1079 692 εἰς
1108 629 1333 697 γέενναν
1377 626 1745 696 ἀπαγόμενοι;
1777 623 1875 674 Ἂν
1924 619 2021 689 μὲν

445 727 555 797 γὰρ
588 725 713 795 περὶ
742 723 992 793 σώματος
1019 721 1307 792 εἰρημένον
1394 718 1573 783 τοῦτο,
1605 718 1838 784 ἕστηκεν
1875 716 1903 766 ὁ
1935 710 2023 764 λόε-

446 835 561 883 γοςο
587 815 652 869 ἂν
677 816 733 868 δὲ
765 816 894 883 περί
941 814 1291 884 δικαιοσύνης
1343 813 1436 866 καὶ
1486 807 1782 881 ἁμαρτίας,
1814 804 2019 858 οὐκέτι.

447 904 600 966 Εἶτα,
654 908 741 960 ἵνα
797 908 873 978 μὴ
924 905 1023 978 τὴν
1068 905 1395 974 ζωοποίησιν
1426 901 1609 973 κοινὴν
1636 898 1896 961 άκοόσας,
1929 895 2024 947 καὶ

446 999 572 1061 τοὺς
638 998 997 1068 ἁμαρτωλοὺς
1060 996 1289 1066 νομίσῃς
1347 993 1616 1059 σώζεσθαι
1650 1033 1663 1052 ,
1718 989 2021 1059 ἐπήγαγεν·

449 1091 744 1156 Ἕκαστος
773 1090 841 1142 δὲ
872 1091 942 1143 ἐν
972 1088 1050 1155 τῷ
1087 1089 1214 1155 ἰδίῳ
1249 1089 1514 1157 τάγματι.
1544 1085 1635 1153 Μὴ
1671 1083 1799 1154 γὰρ,
1836 1077 2024 1149 ἐπειδὴ

448 1185 741 1239 ἀνάστασιν
772 1184 1032 1253 ἤκουσας,
1072 1184 1258 1253 νόμιζε
1307 1181 1517 1239 πάντας
1542 1179 1651 1232 τῶν
1680 1174 1859 1232 αὐτῶν
1889 1176 2025 1228 άπο-

447 1277 654 1331 λαύειν.
685 1277 748 1329 Εἰ
780 1276 886 1347 γὰρ
920 1277 1010 1329 ἐπὶ
1036 1277 1135 1346 τῆς
1165 1274 1437 1347 τιμωρίας
1465 1273 1526 1326 οὑ
1556 1272 1757 1334 πάντες
1784 1268 1853 1323 τὰ
1886 1266 2027 1322 αὑτὰ

452 1371 754 1431 πείσονται,
817 1370 951 1424 ἀλλὰ
1007 1369 1174 1439 πολλὴ
1210 1369 1243 1438 ἡ
1274 1364 1528 1437 διαφορὰ,
1584 1362 1764 1433 πολλῷ
1803 1359 2025 1433 μᾶλλον,

451 1462 581 1517 ἔνθα
633 1461 946 1533 ἁμαρτωλοὶ
997 1463 1089 1515 καὶ
1138 1461 1356 1524 δίκαιοι,
1413 1457 1612 1512 πλείων
1661 1458 1694 1526 ἡ
1746 1455 2028 1515 διάστασις

452 1554 628 1609 ἔσται.
677 1553 943 1623 Ἀπαρχὴ
980 1552 1256 1622 Χριστός,
1286 1551 1491 1604 ἔπειτα
1525 1551 1579 1603 οἱ
1609 1547 1717 1601 τοῦ
1746 1542 2027 1620 Χριστοῦ·

451 1648 749 1711 τουτέστιν,
772 1648 823 1700 οἱ
856 1648 1039 1699 πιστοὶ
1086 1648 1178 1698 καὶ
1216 1647 1266 1698 οἱ
1316 1642 1755 1713 εὑδοκιμηκότες.
1786 1634 1930 1693 Εἶτα
1962 1636 2030 1690 τὸ

453 1740 649 1805 τέλος.
687 1739 858 1793 Ὅταν
887 1737 996 1809 γὰρ
1025 1736 1329 1790 ἀναστῶσιν
1360 1738 1579 1798 ἐκεῖνοι,
1616 1734 1688 1786 τὰ
1727 1729 2030 1802 πράγματα

454 1831 672 1885 ἅπαντα
697 1830 932 1901 λήψεται
957 1830 1131 1893 τέλος,
1161 1829 1225 1881 οὑ
1271 1827 1526 1897 καθάπερ
1559 1824 1654 1879 νῦν
1694 1821 2032 1885 ἀναστάντος

455 1924 547 1979 τοῦ
602 1924 840 1997 Χριστοῦ
898 1924 965 1978 τὰ
1016 1924 1316 1995 πράγματα
1375 1923 1609 1993 ἔστηκεν
1639 1919 1720 1973 ἔτι
1754 1918 2028 1990 μετέωρα.

459 2016 549 2070 Διὸ
579 2015 940 2087 προσέθηκεν,
986 2017 1088 2070 Ἐν
1125 2014 1199 2084 τῇ
1231 2014 1535 2085 παρουσίᾳ
1561 2011 1771 2077 αὑτοῦ,
1802 2012 1891 2066 ἵνα
1924 2009 2030 2082 μά-

458 2110 558 2180 θῃς
585 2110 669 2161 ὅτι
712 2108 845 2178 περὶ⁵
875 2108 1088 2162 ἐκείνου
1113 2107 1206 2161 τοῦ
1241 2107 1435 2179 καιροῦ
1478 2107 1810 2174 διαλέγεται.
1847 2105 2035 2158 ’Ὅταν

458 2198 702 2269 παραδῷ
729 2200 842 2269 τὴν
867 2200 1195 2266 ,ϐασιλείαν
1222 2198 1302 2264 τῷ
1348 2197 1470 2264 Θεῷ
1514 2198 1613 2252 καὶ
1657 2196 1861 2265 Harp!“
1888 2194 2036 2248 ὅταν

458 2291 807 2361 καταργήσῃ
869 2289 1079 2346 πᾶσαν
1142 2290 1344 2360 ἀρχὴν
1405 2289 1506 2344 καὶ
1565 2288 1861 2354 ἐξουσίαν
1936 2285 2035 2340 καὶ

459 2385 736 2457 δύναμιν.

529 2527 592 2583 δ’.
640 2525 905 2580 Ἐνταῦθα
936 2543 1028 2597 μοι
1063 2524 1359 2597 προσέχετε
1402 2523 1540 2594 μετὰ
1582 2520 1902 2593 ἀκριϐείας,
1941 2522 2037 2574 καὶ

459 2621 622 2693 ὁρᾶτε
652 2620 727 2690 μή
758 2637 812 2672 τι
836 2619 1075 2690 διαφύγῃ
1106 2618 1217 2672 τῶν
1246 2616 1555 2688 λεγομένων
1591 2617 1755 2685 ὑμᾶς.
1790 2614 1899 2667 Καὶ
1929 2612 2038 2685 γὰρ

461 2712 600 2783 πρὸς
621 2712 849 2783 ἐχθροὺς
879 2713 1077 2782 ἠμϊνή
1121 2711 1269 2781 μάχη
1298 2727 1312 2741 ·
1357 2709 1441 2763 διὸ
1493 2708 1759 2780 πρότερον
1810 2706 1911 2777 τὴν
1959 2708 2040 2769 είς

461 2806 660 2858 ἄτοπον
681 2786 983 2873 ἀπαγωγὴν
1005 2804 1086 2857 δεῖ
1111 2802 1434 2872 γυμνάζειν,
1463 2800 1493 2854 6
1541 2800 1634 2852 καὶ
1661 2798 1872 2861 Παῦλος
1906 2798 2041 2851 πολ-

462 2896 620 2959 λάκις
652 2899 816 2949 ποιεῖ’
838 2895 979 2948 οὑτω
1003 2895 1114 2966 γὰρ
1141 2892 1370 2964 μάλιστα
1397 2892 1433 2946 ὃ.
1462 2892 1729 2959 λέγουσιν,
1749 2891 2041 2960 εὑτρῶρατα

463 2992 597 3061 ἡμῖν
630 2992 898 3059 φανεῖται.
941 2988 1230 3061 Ἐρὼμεθα
1278 2984 1372 3042 οῦν
1431 2986 1630 3047 αὐτοὺς
1689 2983 1928 3055 πρῶτον,
1991 2985 2043 3036 τί

465 3082 582 3135 ἔστι
610 3081 670 3135 τὸ
723 3080 1034 3153 εἰρημένον,
1069 3082 1246 3133 Ὅταν
1292 3076 1537 3145 παραδῷ
1568 3078 1685 3144 τὴν
1710 3074 2043 3139 ,ϐασιλείαν

465 3172 546 3240 τῷ
599 3172 721 3240 Θεῷ
775 3174 871 3227 καὶ
918 3173 1135 3243 Πατρί;
1172 3173 1234 3226 Εἰ
1300 3171 1411 3243 γὰρ
1470 3170 1657 3235 ἁπλῶς
1717 3169 2041 3238 ὲκλάϐοιμεν

465 3264 644 3330 τοῦτο,
677 3265 772 3321 καὶ
826 3265 900 3337 μὴ
930 3264 1272 3335 θεοπρεπῶς,
1319 3265 1420 3316 οὐκ
1473 3263 1625 3316 ἔσται
1681 3261 1820 3332 μετὰ
1869 3260 2043 3316 ταῦτα

468 3359 606 3428 ἔχων
630 3359 818 3430 αὑτήν·
849 3360 877 3412 6
911 3361 1017 3428 γὰρ
1040 3357 1312 3428 παραδοὺς
1340 3356 1534 3427 ἑτέρῳ,
1583 3354 1816 3409 παύεται
1856 3354 2043 3408 λοιπὸν

468 3450 561 3505 τοῦ
592 3452 841 3521 κατέχειν
870 3450 1053 3513 αὑτός.
1108 3450 1220 3503 Kal
1268 3448 1329 3501 οὑ
1379 3448 1538 3502 τοῦτο
1587 3447 1746 3519 μόνον
1801 3447 1952 3501 ἔσται
1982 3446 2043 3500 τὸ

470 3535 692 3599 ἄτοπον,
727 3534 842 3586 ἀλλ’
872 3533 955 3585 ὅτι
1003 3532 1124 3585 οὑδὲ
1170 3534 1379 3594 ἐκεῖνος
1433 3533 1461 3585 6
1511 3530 1847 3601 παραλαϐὼν
1882 3530 2043 3601 εὑρε-

471 3626 697 3697 θήσεται
725 3625 857 3695 πρὶν
885 3623 918 3695 ἦ
953 3623 1291 3696 παραλαϐεῖν
1321 3623 1480 3694 ἔχων.
1518 3623 1728 3677 Οὐκοῦν
1754 3622 1874 3677 κατ’
1897 3621 2044 3675 ὲκεί-

471 3734 595 3780 νους
640 3715 765 3770 οὑτε
819 3717 848 3768 6
896 3717 1087 3787 Πατὴρ
1145 3715 1399 3786 βασιλεὺς
1443 3712 1514 3787 ἦν
1564 3714 1898 3786 ἔμπροσθεν,
1950 3715 2047 3769 καὶ

471 3809 656 3862 διώκει
680 3808 749 3860 τά
769 3807 1030 3878 ἡμέτερα,
1060 3805 1184 3861 οὔτε
1207 3809 1236 3861 6
1269 3807 1396 3870 Υἱὸς
1422 3807 1561 3878 μετά
1591 3807 1764 3862 ταῦτα
1794 3809 2045 3876 φανεῖται

475 3900 727 3971 βασιλεὺς
759 3898 854 3953 ῶν.
889 3899 1012 3963 Πῶς
1055 3895 1149 3952 οὖν
1178 3899 1308 3969 περὶ
1339 3900 1440 3969 μὲν
1486 3899 1582 3952 τοῦ
1633 3900 1848 3970 Πατρός
1879 3915 2046 3970 φησιν

474 3994 655 4058 αὐτὸς,
686 3994 768 4047 ὅτι
799 3994 861 4044 '0
888 3993 1088 4060 Πατήρ
1110 4010 1230 4063 μου
1257 3992 1368 4058 ἕως
1388 3993 1518 4061 ἄρτι
1543 3993 1862 4063 ἐργάζεται,
1886 3993 2048 4063 κάγὼ

472 4085 813 4158 ἐργάζομαιξ
862 4087 989 4158 περὶ
1037 4084 1094 4138 δὲ
1147 4086 1312 4139 αὑτοῦ
1368 4088 1398 4139 6
1433 4084 1653 4156 Δανιὴλ,
1685 4085 1770 4139 ὅτι
1827 4085 1897 4140 Ἢ
1934 4087 2048 4150 βα-

473 4182 674 4235 σιλεία
702 4177 887 4232 αὑτοῦ
903 4177 1194 4243 ,ϐασιλεία
1223 4178 1476 4244 αἰώνιος,
1503 4177 1636 4245 ἣτις
1658 4179 1729 4232 οὐ
1751 4178 2047 4246 παρελεύ-

474 4286 675 4335 σεται;
705 4266 856 4334 Εἶδες
888 4270 1029 4323 πόσα
1067 4268 1245 4324 ἄτοπα
1293 4267 1559 4332 τίκτεται,
1618 4269 1714 4321 καὶ
1763 4268 2048 4338 μαχόμενα

474 4364 594 4425 ταῖς
632 4363 897 4432 Γραφαῖς,
930 4361 1058 4414 ὃταν
1112 4359 1470 4431 ἀνθρωπίνως
1520 4358 1837 4431 ὲκλαμϐάνῃ
1867 4376 1950 4424 τις
1977 4357 2049 4412 τά

475 4456 774 4524 λεγόμενα;
804 4453 971 4508 Ποίαν
1027 4453 1085 4506 δὲ
1137 4453 1233 4506 καὶ
1281 4453 1458 4524 ἀρχὴν
1503 4454 1611 4522 ἄρα
1643 4453 1879 4506 ἐνταῦθά
1912 4470 2047 4524 φησι

478 4550 805 4617 καταργείν;
856 4548 957 4618 τὴν
997 4546 1105 4599 τῶν
1147 4545 1430 4613 ἀγγέλων;
1473 4545 1711 4614 Ἄπαγε.
1754 4546 1915 4616 Ἀλλὰ
1947 4547 2048 4616 τὴν

475 4638 584 4691 τῶν
636 4637 872 4701 πιστῶν;
909 4636 1045 4690 Οὐδὲ
1092 4635 1269 4689 τοῦτο.
1332 4634 1494 4689 Ἀλλὰ
1548 4636 1741 4702 ποίαν;
1775 4637 1886 4706 Τὴν
1938 4637 2049 4690 τῶν

478 4733 763 4803 δαιμόνων,
798 4734 925 4803 περὶ
953 4727 1022 4805 ἦς
1065 4749 1248 4802 φησιν,
1280 4735 1400 4786 Οὐκ
1438 4730 1610 4785 ἔστιν
1640 4730 1783 4800 ἡμῖν
1810 4733 1848 4799 ἡ
1881 4730 2048 4801 πάλη

480 4829 629 4895 πρὸς
659 4822 801 4897 αἷμα
837 4828 934 4880 καὶ
987 4825 1204 4894 σάρκα,
1263 4824 1423 4880 ἀλλὰ
1477 4823 1626 4893 πρὸς
1680 4825 1787 4889 τὰς
1838 4823 2047 4891 ἀρχὰς,

481 4919 629 4985 πρὸς
687 4920 789 4983 τὰς
844 4918 1151 4984 ἐξουσίας,
1185 4917 1332 4986 πρὸς
1369 4916 1508 4983 τοὺς
1562 4915 2051 4985 κοσμοκράτορας

481 5009 587 5063 τοῦ
616 5009 874 5073 σκότους
911 5008 1018 5061 τοῦ
1072 5009 1287 5075 αἰῶνος
1317 5010 1553 5065 τούτου.
1611 5007 1726 5062 Νῦν
1789 5008 1888 5079 μὲν
1938 5008 2051 5078 γὰρ

479 5101 692 5157 οὐδέπω
716 5101 1091 5170 κατήργηνται
1121 5101 1324 5155 τέλεον⁸
1367 5103 1650 5174 ἐνεργοῦσι
1693 5102 1803 5173 γάρ
1851 5101 2053 5156 πολλα-

478 5192 597 5266 χοῦ·
622 5190 741 5246 τότε
769 5190 825 5243 δὲ
862 5189 1180 5243 παύσονται.
1204 5190 1304 5243 Δεῖ
1330 5192 1442 5259 γὰρ
1463 5194 1649 5247 αὑτὸν
1670 5194 2049 5258 βασιλεύειν,

478 5285 648 5359 ἄχρις
677 5279 749 5340 οὗ
777 5281 853 5338 ἂν
880 5281 956 5352 θῇ
983 5280 1214 5348 πάντας
1237 5281 1378 5347 τοὺς
1430 5285 1682 5353 ἐχθροὺς
1734 5286 1855 5341 ὑπὸ
1912 5286 2053 5352 τοὺς

478 5378 670 5445 πόδας
700 5376 906 5432 αὐτοῦ.
932 5375 1100 5430 Πάλιν
1126 5375 1418 5429 κάντεῦθεν
1450 5375 1599 5449 [568]
1634 5378 1820 5448 ἕτερον
1850 5378 2052 5433 ἄτοπον

477 5472 744 5536 τίκτεται,
798 5470 864 5524 ἂν
916 5452 1123 5541 μὴ’καὶ
1170 5470 1329 5523 τοῦτο
1358 5468 1680 5540 θεοπρεπῶς
1706 5470 2046 5540 ὲκλάϐωμεν.

479 5562 553 5613 T6
576 5564 707 5632 γάρ,
742 5564 959 5632 Ἀχρις,
1001 5562 1189 5625 τέλους
1234 5563 1348 5615 ἐστὶ
1383 5562 1475 5614 καὶ
1520 5561 1824 5633 διορισμοῦ·
1851 5563 1943 5614 ἐπὶ
1995 5561 2052 5613 δὲ

489 5653 574 5706 τοῦ
615 5654 750 5706 Θεοῦ
808 5654 966 5706 τοῦτο
1006 5654 1105 5707 οὑκ
1156 5654 1634 5721 ἕστιν.“Εσχιιτος
1664 5653 1878 5720 ἐχθρὸς
1911 5669 2047 5704 κατ-

483 5749 743 5822 αργεῖται
776 5752 808 5804 ό
837 5750 1110 5814 θάνατος.
1156 5750 1278 5813 Πῶς
1328 5751 1583 5816 ἓσχατος;
1620 5747 1775 5803 Μετὰ
1813 5748 2042 5815 πάντας,

1118 341 1178 394 S.
1216 336 1516 395 JOANNIS
1548 325 2047 390 CHRYSOSTOMI
2085 326 2406 386 ARCHIEP.
2445 330 2981 388 CONSTANTINOP.

3592 322 3697 380 538

2132 446 2271 513 μετὰ
2302 447 2392 500 τὸν
2424 447 2687 515 διάϐολον,
2738 446 2878 518 μετὰ
2902 445 2972 499 τὰ
3002 445 3135 500 ἄλλα
3175 442 3408 497 ἃπαντα.
3440 440 3550 493 Kal
3589 438 3697 510 γὰρ

2139 536 2235 589 καὶ
2264 539 2322 591 ὲν
2351 539 2492 611 ἀρχῇ
2547 541 2768 611 ἔσχατος
2794 537 3028 611 εἰσῆλθε·
3063 534 3328 607 πρότερον
3355 533 3464 604 γὰρ
3492 534 3526 602 ἢ
3561 548 3703 602 WE"

2133 626 2299 700 ϐουλὴ
2325 630 2415 682 τοῦ
2448 630 2719 692 διαϐόλου.
2781 633 2876 687 καὶ
2928 634 2962 703 ἡ
3020 626 3294 701 παρακοὴ,
3355 625 3453 679 καὶ
3498 624 3620 677 τότε
3670 622 3701 676 6

2142 720 2394 785 θάνατος.
2429 723 2509 795 Τῇ
2563 723 2671 795 μὲν
2699 721 2794 779 οὖν
2824 723 3054 795 δυνάμει
3086 722 3182 775 καὶ
3212 720 3302 775 νῦν
3334 718 3698 799 κατῇργηται,

2132 815 2282 886 τῇδὲ
2327 817 2579 890 ἐνεργείᾳ
2622 819 2762 873 τότε.
2812 818 3015 874 Πάντα
3067 817 3176 886 γὰρ
3224 811 3526 877 ὑπέταξεν
3583 809 3703 865 ὑπὸ

2136 908 2277 974 τοὺς
2312 908 2502 976 πόδας
2550 910 2757 965 αὑτοῦ.
2792 910 2976 963 Ὅταν
3006 908 3073 961 δὲ
3115 909 3277 974 sinu.
3314 903 3515 958 Πάντα
3558 904 3705 957 ὐπο-

2141 1000 2434 1065 τέτακται,
2458 999 2653 1070 δῆλον
2673 1000 2762 1055 ὅτι
2791 1001 2956 1067 ἐκτὸς
2989 1000 3093 1053 τοῦ
3112 996 3524 1060 ὑποτάξαντος
3546 991 3706 1056 αὑτῷ

2132 1090 2204 1145 τὰ
2228 1088 2443 1147 πάντα.
2479 1092 2665 1146 Ὅταν
2717 1092 2787 1146 δὲ
2835 1088 3107 1161 ὑποταγῇ
3154 1087 3315 1153 αὐτῷ
3362 1084 3435 1139 τὰ
3487 1081 3705 1147 πάντα,

2134 1185 2270 1239 τότε
2311 1185 2412 1239 καὶ
2446 1187 2629 1253 αὐτὸς
2657 1189 2691 1240 ό
2725 1186 2859 1251 Υιὸς
2889 1180 3331 1252 ὑποταγήσεται
3377 1176 3457 1243 τῷ
3486 1172 3709 1229 ὑποτάο

2138 1274 2307 1339 ξαντ(
2335 1275 2494 1343 αὐτῷ
2522 1279 2595 1332 τὰ
2624 1276 2840 1332 πάντα.
2876 1275 2987 1330 Kal
3018 1274 3126 1345 μὴν
3157 1267 3465 1343 ἔμπροσθεν
3509 1266 3570 1319 οὑ
3614 1263 3708 1319 τὸν

2135 1368 2356 1440 Πατέρα
2406 1370 2592 1440 ἔλεγεν
2647 1369 2787 1425 εἶναι
2832 1372 2922 1424 τὸν
2973 1366 3338 1432 ὑποτάξαντα,
3389 1361 3503 1416 ἀλλ’
3544 1359 3708 1413 αὑτὸν

2138 1461 2537 1533 καταργοῦντα⁸
2576 1464 2756 1518 Ὅταν
2777 1464 2884 1534 γὰρ
2912 1460 3282 1530 καταργήσῃ,
3311 1454 3466 1527 φησὶ.
3502 1452 3711 1508 πᾶσαν

2135 1553 2336 1624 ἀρχὴν
2388 1555 2487 1609 καὶ
2534 1557 2844 1621 ἐξουσίαν’
2894 1556 2990 1609 καὶ
3036 1552 3219 1614 πάλιν,
3258 1548 3356 1603 Δεῖ
3388 1547 3498 1618 γὰρ
3525 1543 3712 1598 αὐτόν

2132 1645 2495 1709 ,βασιλεύειν
2525 1648 2700 1717 ἄχρις
2733 1644 2805 1704 οὗ
2840 1648 2917 1702 ἂν
2947 1644 3023 1714 θῇ
3047 1643 3279 1707 πάντας
3298 1637 3442 1703 τοὺς
3459 1631 3711 1705 ἐχθροὺς

2139 1739 2256 1794 ὑπὸ
2293 1740 2435 1808 τοὺς
2468 1742 2659 1810 πόδας
2684 1744 2889 1798 αὐτοῦ.
2923 1740 3045 1805 Πῶς
3078 1735 3171 1792 οὖν
3208 1733 3442 1790 ἐνταῦθα
3481 1731 3570 1784 τὸν
3598 1727 3713 1781 Πα-

2140 1832 2275 1904 τέρα
2331 1835 2498 1904 (mai;
2551 1837 2662 1890 Kal
2708 1836 2769 1889 οὑ
2829 1834 2984 1888 τοῦτο
3033 1831 3194 1902 μόνον
3244 1828 3360 1882 ἐστὶ
3410 1825 3471 1878 τὸ
3522 1818 3714 1875 δοκοῦν

2141 1924 2345 1998 ἄπορον
2377 1923 2537 1995 εἶναι,
2571 1927 2687 1981 ἀλλ’
2711 1929 2792 1981 ὅτι
2819 1929 2912 1980 καὶ
2938 1924 3144 1978 δέδοικε
3189 1921 3309 1984 δέος
3354 1915 3560 1987 σφόδρα
3589 1912 3714 1967 6:0-

2144 2035 2264 2083 πον,
2293 2018 2389 2073 καὶ
2417 2020 2680 2093 κέχρηται
2728 2017 3104 2091 ὲπιδιορθὼσει
3134 2014 3327 2082 λέγων’
3376 2006 3575 2072 Ἐκτὸς
3607 2002 3714 2058 τοῦ

2141 2111 2558 2179 ὑποτάξαντος
2584 2111 2744 2178 αὑτῷ
2778 2110 2850 2164 τὰ
2868 2109 3085 2170 πάντα,
3105 2100 3180 2171 ὣς
3203 2122 3365 2158 τινων
3389 2095 3717 2154 ὑποπτευόν-

2143 2217 2271 2265 των,
2336 2202 2548 2273 μήποτε
2588 2203 2683 2256 καὶ
2719 2203 2749 2255 6
2778 2201 2966 2274 Πατὴρ
3018 2199 3267 2269 ὑποταγῇ
3302 2195 3379 2265 τῷ
3408 2191 3543 2259 Titi"
3575 2183 3636 2243 οὗ
3660 2186 3715 2241 τι

2145 2294 2344 2363 γένοιτ’
2370 2294 2436 2349 ἂν
2477 2295 2847 2369 ἅλογὼτερονς
2894 2292 3032 2348 Ἀλλ’
3058 2294 3208 2361 ὅμως
3235 2288 3369 2342 αὑτὸ
3389 2286 3614 2340 δέδοικε.
3649 2280 3716 2335 Τί

2144 2380 2237 2439 οῦν
2262 2387 2416 2453 ὲστι;
2455 2388 2549 2441 καὶ
2574 2389 2682 2460 γὰρ
2710 2386 2879 2441 πολλὰ
2896 2386 2964 2440 τά
2989 2386 3278 2455 ζητήματα
3296 2377 3496 2448 ἐφεξῆς
3522 2377 3714 2429 κεῖται·

2145 2480 2281 2533 ἀλλὰ
2303 2481 2613 2536 συντείνατέ
2639 2498 2729 2552 μοι
2753 2481 2850 2552 τὴν
2872 2480 3132 2534 διάνοιαν.
3163 2474 3272 2528 Kal
3295 2473 3404 2542 γὰρ
3426 2469 3718 2536 ἀναγκαῖον

2148 2577 2279 2647 ἡμῖν
2311 2575 2526 2647 πρῶτον
2554 2576 2648 2628 καὶ
2675 2574 2876 2628 σκοπὸν
2904 2574 3075 2626 εἰπεῖν
3100 2567 3313 2622 Παύλου
3340 2566 3434 2620 καὶ
3458 2566 3555 2633 τὴν
3579 2559 3718 2631 γνώο

2151 2687 2277 2741 μην,
2313 2672 2378 2741 ἣν
2429 2668 2702 2740 πανταχοῦ
2747 2666 2893 2740 εὖροι
2925 2684 3004 2729 τις
3054 2663 3120 2718 ἂν
3151 2661 3579 2730 διαλάμπουσαν,
3626 2654 3720 2707 καὶ

2146 2768 2268 2822 τότε
2296 2767 2394 2839 τὴν
2425 2767 2580 2822 λύσιν
2624 2768 2945 2835 ἐπαγαγεῖν·
2982 2764 3076 2818 καὶ
3108 2762 3219 2833 γὰρ
3268 2760 3361 2813 καὶ
3393 2755 3552 2810 τοῦτο
3583 2754 3718 2826 πρὸς
3780 2747 3806 2767 ⁸

2146 2866 2246 2936 τὴν
2279 2864 2431 2917 λύσιν
2457 2866 2590 2934 ἡμῖν
2622 2862 2886 2916 συντελεῖ.
2914 2861 3012 2924 Τίς
3050 2855 3144 2913 οὖν
3180 2859 3213 2928 ἡ
3255 2854 3471 2910 Παύλου
3498 2851 3716 2921 γνώμη,

2148 2961 2244 3013 καὶ
2275 2958 2329 3011 τί
2355 2958 2417 3011 τὸ
2445 2957 2596 3022 ἔθοςς
2632 2957 2862 3021 Ἄλλως,
2893 2956 3022 3009 ὃταν
3048 2951 3179 3019 περὶ
3207 2949 3305 3021 τῆς
3333 2947 3583 3017 θεότητος
3628 2943 3721 3014 μό-

2147 3047 2246 3124 νής
2301 3055 2638 3126 διαλέγηται,
2699 3053 3016 3123 φθέγγεται,
3054 3051 3149 3105 καὶ
3185 3048 3405 3117 ἑτέρως,
3458 3045 3588 3097 ὅταν
3639 3041 3720 3103 εἰς

2148 3147 2238 3199 τὺν
2278 3147 2376 3218 τῆς
2406 3145 2719 3214 οἰκονομίας
2762 3144 2978 3216 ἐμπέσῃ
3011 3142 3187 3210 λόγον.
3226 3139 3395 3192 Ὅταν
3447 3134 3557 3202 γάρ
3603 3134 3722 3184 ἐπι-

2150 3238 2380 3310 λάϐηται
2422 3240 2520 3310 τῆς
2556 3237 2779 3311 σαρκὸς,
2807 3235 2978 3300 ἀδεῶς
3008 3235 3222 3289 ἅπαντα
3252 3230 3439 3284 λοιπὸν
3473 3228 3622 3295 λέγει
3653 3225 3719 3278 τά

2150 3335 2401 3397 ταπεινά,
2464 3333 2680 3406 θαρρῶν
2733 3334 2809 3395 ὡς
2872 3328 3040 3399 οῦσης
3095 3328 3281 3398 ἱκανῆς
3338 3323 3598 3391 δέξασθαι
3652 3319 3721 3372 τά

2151 3432 2438 3504 λεγόμενα.
2478 3430 2706 3500 Ἴδωμεν
2738 3427 2916 3482 τοίνυν
2942 3427 3036 3479 καὶ
3071 3421 3302 3477 ἐνταῦθα
3339 3420 3566 3490 πότερον
3594 3415 3722 3485 περὶ

2154 3523 2365 3595 γυμνῆς
2417 3522 2516 3593 τῆς
2573 3520 2826 3591 θεότητος
2874 3522 2902 3572 6
2948 3515 3103 3586 λόγος
3145 3512 3314 3583 αὐτῷ,
3367 3511 3400 3583 ἦ
3451 3507 3589 3580 μετὰ
3621 3505 3723 3575 τῆς

2151 3622 2464 3692 οἰκονομίας
2515 3617 2875 3687 ἀποφαίνεται
2922 3614 3051 3684 περὶ
3104 3611 3268 3667 αὑτοῦ
3323 3608 3526 3668 ταῦτα,
3574 3603 3721 3674 άπερ

2154 3715 2305 3787 φησί’
2373 3712 2573 3785 μᾶλλον
2633 3710 2691 3763 δὲ
2754 3709 3020 3781 πρότερον
3084 3705 3368 3775 δείξωμεν,
3425 3698 3527 3754 ποῦ
3561 3697 3724 3752 τοῦτο

2155 3812 2412 3881 ἐποίησεν
2466 3808 2604 3874 ὅπερ
2657 3799 2832 3858 εἷπον.
2886 3801 2996 3875 Ποῦ
3031 3800 3211 3855 τοίνυν
3254 3797 3414 3850 τοῦτο
3456 3793 3720 3860 ὲποίησες

2153 3899 2534 3971 Φιλιππησίοις
2589 3895 2815 3969 γράφων
2863 3895 3047 3966 φησιν’
3087 3894 3194 3958 “Oc
3222 3891 3292 3945 ἐν
3338 3884 3542 3959 μορφῇ
3576 3882 3725 3950 Θεοῦ

2153 3993 2459 4063 ὑπάρχων,
2518 3994 2630 4061 οὐχ
2681 3988 2993 4059 ἁρπαγμὸν
3025 3986 3297 4056 ἡγήσατο
3332 3983 3398 4036 τὸ
3433 3978 3587 4035 εἶναι
3620 3980 3726 4033 ἶσα

2157 4086 2299 4152 Θεῷ,
2325 4088 2460 4141 ἀλλ’
2485 4086 2702 4141 ἑαυτὸν
2718 4081 2980 4137 ἑκένωσε
2994 4080 3236 4150 μορφὴν
3256 4076 3483 4133 δούλου
3501 4073 3723 4138 λαϐὼν,

2152 4180 2223 4232 ἐν
2257 4176 2572 4247 όμοιάψατι
2604 4174 2928 4244 ἀνθρώπων
2960 4172 3301 4242 γενόμενος,
3327 4168 3423 4223 καὶ
3461 4166 3725 4237 σχήματι

2153 4269 2417 4338 εὑρεθεὶς
2475 4268 2556 4335 ὠς
2613 4267 2923 4334 ἄνθρωπος
2949 4280 2962 4295 ·
3019 4263 3423 4318 ἐταπείνωσεν
3481 4259 3721 4322 ἑαυτὸν,

2154 4362 2424 4429 ὑπήκοος
2458 4361 2772 4431 γενόμενος
2804 4357 2978 4427 μέχρι
3032 4355 3314 4417 θανάτου,
3366 4351 3622 4409 θανάτου
3653 4350 3725 4404 δὲ

2156 4454 2442 4526 σταυροῦ.
2509 4453 2608 4507 Διὸ
2667 4450 2767 4505 καί
2804 4451 2837 4505 ὁ
2888 4450 3032 4515 Θεὸς
3061 4449 3250 4504 αὑτὸν
3303 4448 3716 4516 ὑπερύψωσεν.

2157 4546 2308 4611 Εἶδες
2366 4548 2504 4610 πῶς,
2565 4548 2655 4600 ὅτε
2715 4544 2814 4614 μὲν
2866 4543 2995 4613 περὶ
3041 4545 3139 4612 τῆς
3174 4541 3425 4612 θεότητος
3458 4538 3726 4605 διελέγετο

2159 4642 2346 4713 μόνης,
2381 4640 2449 4692 τὰ
2478 4637 2688 4708 μεγάλα
2713 4637 2898 4690 ἐκεῖνα
2933 4633 3143 4706 εἴρηκε,
3180 4633 3242 4686 τὸ
3280 4634 3337 4685 ὲν
3374 4633 3555 4702 μορφῇ
3590 4626 3727 4681 Θεοῦ

2158 4734 2443 4804 ὑπάρχειν,
2482 4731 2574 4784 καὶ
2605 4730 2667 4782 τὸ
2702 4724 2840 4790 εἶναι
2873 4727 2964 4780 ἴσα
2992 4725 3070 4797 τῷ
3095 4723 3467 4795 γεγεννηκότι,
3506 4721 3600 4774 καὶ
3634 4721 3727 4773 αὑ-

2156 4824 2236 4894 τῷ
2266 4824 2328 4878 τὸ
2361 4823 2469 4877 πᾶν
2501 4820 2839 4889 ἀνατίθησιν·
2883 4817 3072 4886 ἐπειδὴ
3106 4816 3164 4870 δὲ
3207 4812 3406 4879 ἔδειξεν
3449 4812 3611 4867 αὑτόν
3645 4827 3727 4863 σοι

2161 4915 2538 4988 σαρκωθέντα,
2578 4911 2908 4966 κατεϐίϐασε
2960 4909 3121 4963 πάλιν
3166 4908 3257 4960 τὸν
3299 4907 3487 4974 λόγονς
3520 4906 3582 4957 Εἰ
3620 4903 3728 4974 γὰρ

2161 5010 2238 5080 μὴ
2269 5008 2441 5062 ταῦτα
2472 5006 2688 5068 διέλοις,
2726 5001 2893 5073 πολλὴ
2940 5003 2974 5072 ἡ
3034 5001 3181 5072 μάχη
3236 4998 3345 5051 τῶν
3401 4997 3727 5070 εἰρημένων.

2159 5102 2268 5153 Kal
2302 5098 2409 5170 γὰρ
2444 5099 2492 5150 εἰ
2525 5097 2613 5148 ἴσα
2648 5094 2766 5165 Θεῷ
2798 5090 2887 5164 ἦν,
2916 5092 3030 5155 πῶς
3064 5092 3155 5145 τὸν
3192 5092 3305 5145 ἴσον
3349 5089 3531 5160 ἑαυτῷ
3566 5089 3731 5160 ὑπερ-

2160 5193 2408 5262 ύψωσεν;
2448 5188 2595 5262 1569ἶ
2630 5188 2678 5239 εἰ
2709 5189 2767 5240 ὲν
2804 5188 2985 5257 μορφῇ
3010 5185 3147 5238 Θεοῦ
3178 5181 3268 5255 ἦν,
3304 5184 3421 5247 πῶς
3441 5182 3732 5255 ἐχαρίσατο

2159 5289 2306 5359 αὑτῷ
2336 5289 2541 5357 δνομα;
2573 5286 2602 5338 6
2639 5285 2750 5355 γάρ
2786 5282 3166 5354 χαριζόμενος,
3212 5281 3291 5352 τῷ
3319 5281 3393 5352 μὴ
3429 5281 3606 5352 ἔχοντι
3635 5296 3733 5351 χα-

2161 5383 2392 5453 ρίζεται,
2431 5382 2522 5433 καὶ
2556 5382 2585 5433 6
2619 5379 2787 5449 ὑψῶν,
2819 5378 2911 5431 τὸν
2949 5376 3259 5448 ἔμπροσθεν
3304 5374 3559 5428 ταπεινὸν
3601 5372 3734 5425 ὄντα

2160 5474 2302 5544 ὑψοϊ.
2336 5473 2703 5545 Εὑρεθήσεται
2735 5473 2841 5543 ἄρα
2866 5470 3062 5539 ἀτελὴς
3095 5469 3192 5536 ὢν,
3240 5472 3334 5523 καὶ
3366 5466 3560 5530 ἐνδεῶς
3593 5465 3726 5535 ἔχων

2160 5569 2290 5638 πρὶν
2315 5566 2347 5636 ἢ
2373 5565 2557 5619 λαϐεῖν
2578 5565 2639 5619 τὸ
2669 5566 2801 5635 ὕψος
2834 5566 2927 5620 καὶ
2954 5565 3016 5617 :6
3035 5564 3225 5634 ὄνομα,
3252 5564 3345 5616 καὶ
3376 5563 3548 5631 μυρία
3568 5559 3731 5626 ἕτερα

2159 5658 2423 5728 λήμματα
2446 5656 2692 5711 ἐντεῦθεν
2716 5656 2903 5725 ἕψεται
2931 5655 3132 5709 ἄτοπα.
3181 5653 3318 5707 Ἀλλ’
3346 5653 3443 5707 ἐὰν
3469 5652 3565 5721 τὴν
3585 5650 3732 5702 οἱκο-

2159 5750 2351 5822 νομίαν
2386 5747 2649 5819 προσθῇς,
2684 5749 2781 5819 οὑχ
2817 5749 3112 5820 ἁμαρτήσῃ
3135 5746 3304 5802 ταῦτα
3328 5746 3523 5815 λέγων.
3547 5743 3732 5798 Ταῦτα
