4122 6226
440 308 542 361 557

439 423 692 487 Quasnam
716 425 795 471 est
817 432 943 485 ergo
973 419 1168 471 causa?
1195 417 1282 471 2|.
1315 417 1565 483 Quoniam
1587 418 1786 487 quidem
1819 435 1906 488 per
1930 419 2019 472 ho-

439 526 621 562 mmem
649 525 801 573 mors,
827 520 872 562 ct
895 525 983 576 per
1008 509 1256 562 hominem
1279 511 1574 562 resurrectio
1602 520 1932 563 mortuorum.
1965 511 2020 563 Si

439 616 616 659 autem
642 619 736 672 per
759 604 1049 668 hominem,
1076 619 1172 673 per
1193 619 1313 658 cum
1339 605 1495 674 plane
1515 605 1602 674 qui
1625 603 1785 659 habet
1805 619 2017 672 corpus.

445 695 574 748 Vide
598 711 762 764 porro
787 695 903 765 ejus
929 697 1060 750 solet
1077 695 1223 760 tiam,
1248 697 1336 766 qui
1360 697 1518 750 etiam
1545 697 1701 750 aliter
1725 697 2020 750 orationem

438 785 603 838 efficit
649 785 1024 839 necessariam.
1069 785 1199 839 Nam
1244 801 1403 849 eum,
1436 785 1527 855 qui
1569 785 1664 839 fuit
1703 793 2019 856 superatus,

440 886 652 945 oportet
681 887 734 931 Cl
766 887 1083 946 prostratam
1129 877 1429 932 instaurare
1467 892 1529 930 ac
1571 892 1822 946 reparare
1867 886 2024 928 "Mll-

439 986 552 1024 ram
579 1013 593 1035 ,
625 980 675 1025 et
707 971 877 1039 ipsum
907 971 1118 1025 vincere
1149 987 1162 1024 :
1193 970 1270 1024 sic
1300 971 1443 1026 enim
1485 969 1736 1039 probrum
1769 982 2020 1023 excusse-

441 1067 528 1118 rit.
577 1063 865 1118 Videamus
910 1071 1085 1117 autem
1131 1079 1416 1133 quamuam
1464 1063 1592 1118 dicit
1636 1072 1880 1115 mortem.
1928 1059 2019 1112 22.

443 1157 588 1211 Sicut
617 1157 761 1212 enim
790 1158 843 1210 in
867 1157 1032 1210 Adam
1060 1173 1230 1210 omnes
1258 1157 1560 1221 moriuntur,
1589 1159 1661 1209 ita
1680 1164 1726 1208 et
1750 1154 1801 1207 in
1824 1152 2023 1206 Christo

443 1265 615 1302 omnes
659 1248 1063 1318 viviﬁcabuntur.
1121 1247 1296 1316 Quid?
1337 1262 1628 1312 omnesne,
1670 1246 1756 1301 dic
1798 1259 2018 1315 quaaso,

445 1340 636 1392 mortui
667 1348 790 1393 sunt
821 1339 869 1392 in
912 1338 1080 1393 Adam
1121 1349 1292 1392 morte
1333 1337 1575 1408 peccati?
1599 1335 1866 1408 quomodo
1895 1348 2023 1402 ergo

443 1428 554 1484 Noe
577 1430 752 1499 justus
792 1431 842 1484 iu
882 1431 1224 1500 generatione
1252 1430 1388 1484 sua?
1417 1428 1683 1500 quomodo
1708 1424 2023 1481 Abraham?

445 1521 710 1590 quomodo
737 1521 880 1577 Job?
910 1523 1176 1592 quomodo
1205 1523 1290 1576 alii
1321 1522 1551 1576 omnes?
1580 1521 1716 1586 Quid
1750 1534 1876 1572 vero
1895 1559 1909 1581 ,
1937 1517 2042 1581 dic,

444 1629 594 1684 rogo,
617 1630 873 1670 omnesne
904 1615 1310 1670 viviﬁcabuntur
1331 1617 1380 1668 in
1403 1613 1653 1668 Christo?
1699 1612 1759 1667 Et
1787 1611 1872 1666 ubi
1897 1620 2022 1665 sunt

444 1707 530 1774 qui
573 1706 906 1761 abducuntur
953 1708 1005 1761 in
1052 1707 1389 1777 gehennam?
1422 1707 1552 1760 Nam
1589 1707 1632 1761 si
1676 1705 1777 1758 hoc
1805 1703 2020 1774 quidem

443 1799 638 1851 dictum
667 1810 748 1852 est
778 1799 844 1853 de
873 1814 1117 1868 corpore,
1151 1809 1254 1855 stat
1295 1799 1434 1869 quod
1464 1798 1659 1853 dicitur
1688 1815 1700 1850 :
1731 1797 1811 1850 sin
1843 1805 2019 1850 autem

444 1891 510 1944 de
549 1892 746 1959 justitia
793 1901 847 1947 et
892 1902 1149 1962 peccato,
1191 1907 1542 1962 nequaquam.
1580 1890 1778 1945 Deinde
1805 1905 1870 1944 ne
1899 1904 2019 1943 enm

442 1984 671 2038 mulieris
697 1997 1030 2038 communem
1067 1984 1494 2049 viviﬁcationem,
1525 1983 1684 2038 etiam
1715 1993 2022 2053 peceatores

443 2077 770 2130 existimares
798 2091 918 2131 esse
945 2077 1154 2142 salvos,
1194 2076 1467 2146 subjunxit
1500 2095 1512 2130 :
1544 2075 1634 2130 93.
1668 2073 2023 2144 Unusqu’sque

443 2177 611 2220 autem
642 2169 695 2220 in
727 2184 815 2222 suo
841 2168 1034 2222 ordine.
1065 2168 1194 2222 Nam
1224 2170 1474 2238 quoniam
1505 2167 1751 2221 audivisti
1781 2183 2022 2222 resurre-

444 2261 694 2323 etiouem,
721 2275 787 2313 ne
810 2261 1080 2314 existimes
1101 2275 1288 2313 omnes
1309 2259 1495 2312 eadem
1517 2259 1727 2329 assequi
1754 2267 1808 2312 et
1833 2257 2018 2311 iisdem

443 2351 561 2405 frui.
595 2349 724 2404 Nam
751 2353 794 2404 si
821 2352 871 2406 in
900 2352 1158 2420 supplicio
1183 2367 1286 2405 non
1314 2366 1501 2404 omnes
1525 2349 1707 2404 eadem
1732 2350 2016 2420 patientur,

441 2445 532 2498 sed
563 2460 747 2513 magna
779 2455 860 2499 est
887 2444 1204 2507 differentia,
1237 2444 1405 2497 multo
1432 2444 1598 2512 magis
1629 2443 1714 2496 ubi
1747 2450 1869 2496 sunt
1900 2455 2021 2510 pec-

440 2545 645 2589 calores
671 2545 722 2590 et
747 2536 875 2604 justi
900 2578 913 2600 ,
950 2536 1121 2604 major
1150 2535 1252 2589 erit
1293 2535 1562 2589 distantia.
1601 2533 1850 2588 Primitia:
1874 2532 2021 2587 Chri-

438 2638 543 2680 stus
566 2643 582 2680 :
604 2628 784 2680 deinde
805 2628 842 2680 ii
866 2628 949 2697 qui
976 2638 1090 2680 sunt
1119 2626 1342 2691 Christi;
1373 2627 1472 2680 hoe
1499 2635 1600 2688 est,
1634 2625 1816 2680 ﬁdeles
1846 2625 2018 2694 ct‘qui

437 2730 557 2773 Stlttl
586 2719 790 2789 probati
813 2728 864 2773 et
897 2719 1047 2772 home
1073 2718 1502 2772 existimationis.
1536 2717 1623 2772 24.
1659 2716 1852 2771 Deinde
1879 2717 2014 2784 finis.

436 2813 566 2867 Nam
596 2812 805 2881 quando
838 2812 909 2866 illi
945 2813 1336 2867 resurrexeriut
1362 2852 1376 2876 ,
1407 2827 1492 2864 res
1521 2826 1708 2863 omnes
1740 2809 1895 2862 ﬁnem
1924 2825 2016 2863 ae-

433 2907 632 2974 cipicnt
664 2923 676 2959 :
707 2920 808 2957 non
838 2905 974 2958 sicut
1002 2919 1141 2957 nunc
1181 2912 1458 2972 postquam
1489 2901 1841 2955 resurrcxerit
1863 2899 2017 2952 Chri-

433 3009 567 3062 stus,
597 2999 773 3052 omnia
800 2997 973 3050 adhuc
1000 3005 1124 3050 sunt
1153 2997 1204 3050 in
1236 3010 1516 3065 suspenso.
1548 2994 1612 3047 Et
1642 2993 1760 3046 ideo
1789 2989 2010 3055 addidit,

435 3089 498 3143 In
529 3092 637 3160 ejus
660 3089 904 3154 adventu,
934 3100 989 3143 ut
1018 3088 1193 3143 discas
1219 3089 1390 3156 ipsum
1424 3087 1565 3156 loqui
1592 3085 1659 3139 de
1684 3083 1777 3138 illo
1806 3094 2012 3152 tempo-

431 3198 508 3237 re.
539 3180 664 3237 Cum
699 3181 960 3234 tradiderit
989 3197 1198 3250 regnum
1227 3178 1334 3233 Deo
1362 3190 1408 3232 et
1439 3177 1584 3231 Patri
1608 3195 1624 3241 ;
1657 3193 1766 3230 cum
1796 3191 2012 3229 evacua-

428 3276 551 3327 rerit
580 3289 776 3326 onmem
805 3271 1165 3342 principatum,
1196 3281 1513 3339 potestatem,
1541 3278 1589 3321 et
1617 3269 1866 3321 virtutem.

497 3365 549 3417 .l.
584 3363 680 3417 llic
707 3371 911 3418 attente
937 3363 1172 3416 animum
1200 3361 1448 3416 adhibete
1471 3402 1485 3426 ,
1513 3370 1566 3414 et
1591 3359 1766 3412 videte
1793 3372 1858 3411 ne
1885 3355 2010 3426 quid

430 3470 520 3506 vos
543 3454 756 3524 ell'ugiat
785 3470 970 3509 eorum
999 3469 1116 3523 qua:
1147 3453 1412 3508 dicuntur.
1447 3453 1538 3506 Est
1567 3451 1706 3506 enim
1734 3449 1884 3503 nobis
1916 3463 2010 3518 pu-

428 3564 527 3617 gna
558 3563 678 3602 cum
708 3547 938 3602 inimicis
966 3564 979 3600 :
1009 3547 1128 3600 ideo
1157 3546 1302 3615 prius
1328 3555 1410 3599 est
1440 3544 1734 3599 exercenda
1762 3542 2010 3596 deductio

428 3641 492 3693 ad
536 3639 873 3694 absurdum:
908 3638 1046 3708 quod
1093 3654 1236 3708 sa'pe
1280 3639 1438 3693 etiam
1489 3638 1608 3691 facit
1658 3635 1855 3690 Paulus
1887 3653 1897 3688 :
1929 3635 2009 3688 sic

427 3736 568 3790 enim
609 3735 840 3789 maxime
874 3749 993 3802 qua:
1023 3733 1241 3799 dicunt,
1273 3731 1601 3801 apparebunt
1631 3730 1784 3784 nobis
1813 3729 2007 3798 depre-

429 3830 598 3881 hcusu
645 3825 840 3882 facilia.
888 3825 996 3880 Eos
1040 3840 1169 3896 ergo
1214 3825 1443 3895 primum
1492 3838 1739 3893 rogemus
1775 3823 1900 3892 quid
1939 3823 2009 3877 sit

425 3917 567 3986 quod
596 3917 795 3972 dictum
823 3927 924 3983 est,
950 3917 1074 3971 Cum
1098 3916 1363 3970 tradiderit
1387 3932 1592 3987 regnum
1623 3913 1728 3968 Deo
1751 3924 1795 3968 et
1821 3914 1993 3968 Patri.

427 4009 561 4065 Nam
597 4010 639 4064 si
671 4009 722 4064 id
749 4009 1140 4064 inconsiderate
1166 4009 1530 4077 acceperimus
1550 4049 1564 4070 ,
1595 4017 1648 4061 et
1675 4021 1780 4061 non
1813 4014 1868 4060 ut
1898 4007 2007 4061 Deo

429 4105 696 4166 convenit,
721 4119 824 4158 non
853 4103 979 4157 illud
1012 4111 1192 4172 postea
1226 4101 1440 4156 habebit
1467 4117 1479 4154 :
1508 4115 1630 4154 nam
1661 4101 1749 4170 qui
1781 4100 1867 4154 alii
1902 4109 2007 4154 tra-

427 4195 582 4260 didit,
609 4195 800 4251 desinit
820 4195 888 4251 de
907 4204 1102 4251 extero
1131 4195 1242 4264 ipse
1273 4195 1322 4249 id
1353 4203 1555 4250 tenere.
1582 4194 1690 4249 Nec
1710 4194 1812 4248 erit
1833 4195 2003 4249 solmu

427 4286 530 4341 hoc
552 4285 861 4352 absurdum,
889 4286 982 4342 sed
1003 4287 1164 4341 etiam
1193 4285 1332 4357 quod
1358 4302 1426 4340 ne
1458 4286 1546 4340 ille
1567 4285 1780 4356 quidem
1808 4286 1895 4355 qui
1919 4300 2006 4338 ae-

425 4381 600 4449 eepit,
638 4380 942 4434 invenietur
981 4379 1178 4435 habere
1218 4380 1521 4450 priusquam
1551 4381 1836 4448 acceperit.
1867 4379 2006 4447 Ergo

424 4471 719 4528 secundum
751 4473 870 4528 illos
895 4488 1068 4543 neque
1095 4473 1251 4528 Pater
1269 4485 1385 4528 erat
1412 4473 1519 4526 hex
1543 4483 1716 4538 antea,
1745 4483 1799 4528 et
1824 4482 2004 4528 nostra

426 4565 800 4636 persequitur;
833 4581 1005 4636 neque
1031 4565 1194 4622 Filius
1215 4576 1395 4635 postea
1430 4565 1538 4620 Rex
1565 4580 1684 4621 esse
1709 4566 2003 4634 apparebit.

425 4656 706 4724 Quomodo
727 4673 854 4728 ergo
878 4658 990 4728 ipse
1013 4658 1227 4730 quidem
1249 4659 1375 4714 dicit
1396 4659 1462 4713 de
1493 4659 1666 4724 Patre,
1694 4657 1849 4713 Pater
1870 4677 2007 4715 meus

427 4767 582 4817 usque
595 4767 728 4806 nunc
751 4761 1008 4820 operatur,
1025 4761 1069 4806 et
1089 4768 1179 4822 ego
1200 4768 1381 4823 operor
1399 4751 1572 4820 (Joan.
1593 4753 1646 4806 5.
1675 4753 1789 4821 l7)?
1803 4753 1868 4808 de
1891 4754 2007 4823 ipso

426 4850 603 4896 autem
629 4840 760 4896 dicit
790 4841 1006 4907 Daniel,
1037 4842 1268 4914 Regnum
1303 4845 1412 4912 ejus
1432 4883 1448 4908 ,
1478 4860 1688 4913 regnum
1727 4856 2003 4911 teternum,

424 4936 560 5004 quod
586 4953 686 4990 non
714 4935 984 5005 prwteribit
1009 4935 1168 5006 (Dan.
1197 4935 1253 4990 2.
1283 4935 1415 5006 M)?
1445 4935 1628 4990 Videu'
1651 4953 1808 5007 quam
1842 4938 2003 4992 multa

425 5027 665 5081 oriantur
691 5027 945 5094 absurda,
972 5035 1026 5082 et
1049 5043 1204 5098 quam
1227 5042 1348 5082 eum
1375 5027 1667 5097 Seripturis
1695 5028 2001 5097 pugnantia,

425 5134 545 5172 cum
569 5120 830 5190 quispiam
849 5134 966 5190 qttte
986 5119 1233 5174 dicuntur
1253 5119 1480 5174 humane
1501 5119 1797 5189 acceperit?
1817 5119 2007 5186 Quem-

426 5226 548 5263 nam
579 5220 759 5266 autem
787 5210 873 5265 hic
896 5209 1025 5264 dicit
1050 5211 1292 5265 evacuari
1315 5219 1369 5265 et
1388 5210 1588 5266 aboleri
1615 5211 2006 5280 principatum?

424 5302 846 5368 angelorunme?
885 5301 1059 5355 Absit.
1105 5302 1174 5355 At
1208 5300 1482 5356 ﬁdelium?
1515 5301 1592 5356 Ne
1632 5301 1731 5356 hoc
1769 5301 2002 5370 quidem.

425 5393 531 5445 Sed
575 5391 902 5461 quemnam?
946 5392 1256 5446 Damonem
1281 5435 1294 5456 ,
1325 5392 1392 5447 de
1431 5407 1539 5462 quo
1576 5393 1698 5448 dicit
1731 5409 1745 5448 :
1779 5392 1898 5447 Non
1936 5401 2007 5447 est

425 5485 568 5538 nobis
595 5485 886 5539 colluctatio
911 5485 1150 5539 adversus
1175 5500 1376 5537 carnem
1395 5495 1441 5538 et
1460 5487 1778 5556 sanguinem,
1801 5486 1890 5540 sed
1914 5485 2009 5538 ad-

423 5590 597 5628 rersus
627 5576 961 5646 principatus,
987 5575 1228 5630 adversus
1253 5585 1539 5644 potestates,
1567 5577 1808 5632 adversus
1830 5577 2007 5631 mundi

427 5676 643 5720 rectores
672 5664 988 5719 tenebrarum
1019 5666 1170 5736 hujus
1197 5665 1369 5720 δωρεαὶ
1402 5665 1614 5735 (Ep/tes.
1645 5669 1700 5722 6.
1733 5667 1842 5739 12).
1873 5668 2005 5723 Nam

430 5771 572 5811 nunc
601 5755 816 5827 quidem
857 5769 958 5810 non
998 5765 1119 5810 sunt
1149 5756 1304 5828 plene
1338 5755 1533 5810 abolita
1565 5773 1661 5812 nec
1691 5758 1861 5814 adhuc
1890 5775 2005 5814 ecs-

1429 305 1493 359 lN
1535 305 1753 361 EPIST.
1797 306 1814 358 Ι
1882 306 1972 360 AD
2009 304 2162 362 ουκ.
2213 308 2441 364 llOMIL.
2486 310 2728 366 XXXIX.

3612 318 3714 376 358

2135 432 2250 477 sant
2278 439 2291 486 ;
2323 424 2373 476 in
2398 423 2576 480 multis
2596 432 2738 482 enim
2761 429 2890 483 locis
2912 440 3232 499 operantur;
3259 442 3381 488 tunc
3404 445 3577 490 autem
3601 453 3717 490 ees-

2132 514 2341 567 sahunt.
2372 513 2464 568 ΞΒ.
2499 515 2707 586 Oportet
2745 520 2876 572 enim
2919 521 3063 573 illum
3108 540 3350 592 regnare,
3381 527 3538 578 donec
3565 539 3716 594 ponat

2131 619 2300 657 ontnes
2329 605 2558 660 inimicos
2595 609 2684 662 sub
2727 610 2933 678 pedibus
2966 613 3078 682 ejus
3119 613 3323 667 Rursus
3355 615 3477 670 hinc
3505 619 3716 687 quoque

2131 693 2272 747 aliud
2303 697 2472 750 oritur
2501 698 2788 752 absurdum
2812 743 2824 763 ,
2860 703 2957 754 nisi
2992 705 3043 757 id
3076 721 3287 775 quoque
3316 709 3710 776 acceperimus,

2131 798 2188 840 ut
2217 789 2324 841 Deo
2351 792 2620 844 convenit.
2653 792 2782 846 Nam
2827 796 2950 848 illud
2974 839 2990 863 ,
3028 795 3197 850 Donec
3222 821 3237 857 ,ί
3264 809 3347 852 est
3389 800 3506 852 ﬁnis
3535 809 3589 854 et
3615 799 3712 854 de-

2133 881 2562 950 terminationis;
2610 886 2658 937 in
2710 887 2816 939 Deo
2857 899 3033 943 autem
3076 891 3174 944 hoc
3205 908 3308 944 non
3340 903 3444 947 (πει.
3471 893 3559 946 26.
3597 892 3712 946 No-

2129 973 2332 1025 vissima
2361 976 2567 1028 inimica
2597 978 2876 1031 destruetur
2903 998 3054 1035 mors.
3083 982 3360 1047 Quomodo
3388 985 3714 1038 novissima?

2131 1061 2256 1116 Post
2287 1079 2495 1125 omnes.
2527 1077 2644 1136 post
2669 1069 2956 1130 diabolum.
2996 1084 3110 1136 poSt
3145 1073 3245 1125 alia
3271 1074 3470 1127 omnia.
3502 1074 3710 1129 Etenim

2129 1153 2290 1206 etiam
2324 1154 2374 1207 in
2404 1155 2552 1211 initio
2579 1159 2789 1211 intravit
2823 1162 3106 1216 novissima
3136 1182 3148 1216 :
3177 1163 3320 1231 prius
3349 1165 3489 1218 enim
3517 1165 3711 1221 diaboli

2131 1245 2411 1299 consilium
2457 1256 2512 1301 et
2561 1249 2914 1304 inobedientia
2942 1294 2956 1311 ,
2983 1262 3037 1306 et
3079 1265 3202 1308 tunc
3237 1269 3400 1308 mors.
3447 1256 3713 1311 Potestate

2131 1352 2258 1406 ergo
2299 1355 2438 1393 nunc
2480 1357 2690 1411 quoque
2735 1355 2818 1396 est
2860 1346 3088 1408 aholita,
3120 1362 3178 1401 re
3217 1360 3392 1401 atnem
3428 1350 3536 1416 ipsa
3567 1361 3710 1404 tunc.

2134 1430 2318 1484 Omnia
2338 1434 2469 1486 enim
2491 1435 2698 1505 subjecit
2720 1437 2809 1489 sub
2837 1438 3042 1506 pedibus
3068 1440 3195 1508 eius.
3221 1439 3347 1494 Cum
3369 1453 3534 1493 autem
3557 1444 3712 1506 dicat,

2128 1521 2218 1577 27.
2251 1523 2436 1578 Omnia
2465 1527 2684 1596 subjecta
2712 1539 2827 1580 sunt
2855 1529 2920 1590 ei,
2951 1529 3061 1582 sine
3087 1530 3238 1582 dubio
3267 1543 3446 1599 prarter
3471 1547 3602 1590 eum.
3630 1533 3714 1599 qui

2129 1614 2338 1685 subjecit
2367 1619 2410 1670 ei
2441 1620 2629 1673 onmia.
2659 1618 2746 1672 9.8.
2781 1619 2904 1674 Cum
2947 1629 3115 1672 autent
3153 1621 3375 1690 subjecta
3415 1621 3600 1689 fuerint
3636 1623 3715 1674 illi

2129 1707 2319 1773 omnia,
2353 1715 2472 1760 tunc
2501 1718 2544 1760 et
2572 1711 2680 1778 ipse
2709 1709 2873 1762 Filius
2904 1711 3156 1780 subjectus
3185 1713 3279 1764 crit
3305 1713 3403 1774 illi,
3433 1714 3518 1783 qui
3547 1713 3714 1782 subje-

2129 1797 2196 1849 cit
2235 1797 2329 1850 sibi
2377 1800 2569 1854 ontnia.
2605 1801 2759 1868 Atqui
2789 1811 2944 1855 antea
2978 1817 3080 1855 non
3124 1801 3332 1857 Patrem
3359 1803 3567 1858 dicebat
3594 1819 3714 1860 esse

2129 1889 2217 1958 qui
2259 1890 2515 1959 subjecit,
2557 1891 2650 1946 sed
2684 1893 2854 1960 ipsum
2887 1907 3147 1947 evaeuare
3176 1903 3227 1946 et
3257 1895 3474 1949 abolere
3508 1915 3520 1948 :
3553 1894 3708 1960 Cum,

2129 1981 2300 2050 inquit
2319 2021 2334 2048 ,
2365 1985 2677 2036 eraeuaverit
2704 2001 2900 2037 omnem
2933 1984 3274 2054 principatum
3307 1995 3352 2038 et
3381 1995 3711 2054 potestatem;

2127 2079 2181 2127 et
2210 2087 2394 2126 rursus
2417 2114 2429 2136 ,
2465 2072 2672 2143 Oportet
2715 2075 2854 2127 enim
2892 2076 3058 2144 ipsum
3095 2091 3340 2145 regnare.
3373 2076 3530 2129 donec
3557 2087 3712 2146 ponat

2128 2179 2299 2216 omnes
2339 2164 2568 2218 inimicos
2606 2166 2698 2218 sub
2744 2165 2951 2234 pedibus
2985 2167 3113 2234 eius.
3153 2166 3432 2233 Quomodo
3462 2182 3590 2236 ergo
3625 2167 3711 2222 hic

2128 2253 2257 2308 dicit
2297 2255 2546 2309 Patrem?
2570 2255 2678 2310 Nec
2715 2256 2816 2310 hoc
2844 2265 2924 2311 est
2965 2257 3134 2312 solum
3171 2257 3310 2328 quod
3355 2258 3562 2312 videtur
3590 2274 3711 2315 esse

2127 2343 2370 2410 dubium,
2401 2347 2495 2401 sed
2523 2349 2682 2402 etiam
2715 2349 2854 2417 quod
2901 2358 3042 2404 metu
3074 2349 3229 2404 valde
3253 2349 3484 2404 absurdo
3513 2359 3596 2404 est
3625 2350 3709 2405 af-

2127 2436 2318 2502 fectus,
2343 2449 2394 2493 et
2421 2455 2548 2493 usus
2573 2452 2655 2495 est
2680 2443 3014 2496 correctione
3040 2443 3245 2507 dicens,
3282 2441 3472 2497 Praeter
3493 2460 3602 2496 eum
3624 2445 3713 2514 qui

2126 2531 2172 2584 ei
2201 2533 2412 2599 subiecit
2441 2535 2645 2599 omnia,
2677 2544 2945 2606 tamquam
2975 2536 3237 2606 aliquibus
3279 2537 3672 2606 suspicantibus
3691 2578 3708 2603 ,

2126 2639 2253 2678 num
2285 2624 2440 2678 Pater
2464 2640 2676 2696 quoque
2702 2627 2989 2696 aliquando
3017 2627 3370 2696 suhjicerctur
3393 2628 3530 2683 Filio
3557 2647 3570 2680 :
3602 2644 3712 2698 quo

2125 2715 2249 2784 quid
2279 2713 2437 2769 fuerit
2476 2717 2644 2785 magis
2670 2717 2903 2771 alienum
2933 2733 2961 2770 a
2991 2719 3236 2772 ratione?
3261 2718 3364 2773 Sed
3399 2728 3575 2774 tamen
3609 2720 3707 2774 hoc

2125 2806 2318 2860 timuit.
2345 2805 2480 2874 Quid
2508 2822 2636 2877 ergo
2661 2811 2784 2862 est?
2811 2809 3009 2863 etenim
3039 2810 3221 2864 multa:
3245 2809 3498 2880 deinceps
3522 2825 3712 2866 oecur-

2124 2909 2246 2951 rnnt
2272 2900 2598 2968 qua-stiones
2623 2915 2638 2952 :
2662 2900 2755 2954 sed
2781 2901 3014 2954 animum
3042 2901 3170 2955 mihi
3198 2902 3465 2956 adhibete.
3497 2904 3706 2958 Etenim

2122 2990 2252 3045 mihi
2285 3007 2506 3048 necesse
2535 3003 2620 3048 est
2651 2995 2878 3062 primum
2909 2995 3088 3050 dicere
3118 2995 3266 3050 Pauli
3297 3011 3515 3065 scopum
3546 3005 3602 3051 et
3630 2997 3710 3052 in-

2119 3085 2364 3139 stitutum
2396 3097 2449 3140 et
2479 3079 2760 3141 consilium
2781 3129 2795 3152 ,
2831 3087 2974 3157 qttod
3016 3088 3212 3158 ubique
3240 3088 3438 3143 videris
3462 3089 3707 3157 resplen-

2119 3175 2269 3241 dere,
2297 3186 2352 3232 et
2379 3187 2502 3231 tunc
2527 3178 2716 3234 afferre
2740 3178 3060 3234 solutionem
3090 3197 3104 3235 :
3131 3194 3253 3233 nam
3283 3179 3383 3234 hoc
3405 3195 3615 3250 quoque
3639 3180 3705 3234 ad

2119 3268 2444 3323 solutionem
2493 3271 2647 3323 ﬂtlltls
2692 3272 2918 3326 confert.
2963 3270 3094 3338 Quae
3140 3280 3222 3324 est
3266 3287 3395 3340 ergo
3440 3272 3704 3327 sententia

2118 3359 2264 3414 Pauli
2291 3402 2301 3421 .
2332 3372 2378 3414 et
2414 3363 2532 3431 quis
2557 3371 2639 3417 est
2669 3377 2784 3416 mos
2811 3362 2968 3432 ejus?
2995 3363 3166 3418 Aliter
3202 3363 3463 3432 loquitur,
3490 3363 3706 3433 quando

2115 3452 2350 3524 loquitur
2378 3455 2446 3509 de
2475 3455 2584 3508 sola
2617 3455 2913 3521 divinitate,
2943 3464 2996 3510 et
3031 3456 3185 3509 aliter
3213 3455 3427 3525 quando
3451 3456 3705 3511 acciderit

2115 3556 2174 3602 ut
2215 3547 2464 3617 loquatur
2502 3548 2570 3602 de
2609 3558 2874 3617 susceptas
2897 3549 3074 3603 carnis
3115 3547 3538 3618 dispensatione.
3568 3547 3699 3603 Nam

2114 3641 2327 3710 quando
2379 3655 2594 3694 carnem
2644 3639 3097 3710 apprehenderit,
3149 3639 3218 3695 de
3268 3647 3462 3694 ca‘tero
3513 3654 3702 3695 securo

2114 3733 2288 3784 omnia
2332 3731 2565 3801 loquitur
2591 3731 2808 3785 lutmilia
2837 3741 2891 3785 et
2920 3731 3150 3800 abjecta,
3182 3731 3458 3786 conﬁdens
3487 3745 3700 3798 nempe,

2113 3822 2253 3891 quod
2286 3838 2345 3877 ea
2377 3825 2447 3877 sit
2475 3832 2595 3889 apta
2628 3832 2682 3876 et
2722 3823 2911 3875 idonea
2953 3821 3020 3875 ad
3061 3823 3458 3892 suscipiendum
3489 3837 3550 3878 ea
3579 3836 3701 3892 quas

2113 3911 2378 3966 dicuntur.
2409 3913 2696 3966 Videamus
2723 3927 2851 3982 ergo
2883 3912 2967 3966 hic
2995 3927 3207 3980 quoque
3247 3927 3314 3966 an
3357 3913 3602 3982 loquatur
3631 3911 3700 3966 de

2113 4007 2223 4062 sola
2253 4007 2546 4071 divinitate,
2572 4021 2638 4058 an
2661 4021 2780 4059 cum
2811 4005 2986 4058 carnis
3016 4013 3276 4072 suscepta:
3298 4005 3697 4072 diSpensatiouc

2112 4098 2180 4152 de
2209 4097 2326 4167 ipso
2355 4096 2470 4151 htcc
2495 4096 2735 4151 enuntiet
2775 4111 2895 4166 qua:
2933 4096 3060 4150 dicit
3092 4113 3104 4147 :
3137 4097 3244 4148 imo
3272 4110 3399 4150 vero
3427 4095 3580 4165 prius
3605 4109 3698 4149 os-

2115 4189 2392 4245 tendamus
2424 4190 2633 4244 ubinam
2668 4189 2787 4252 hoc,
2820 4189 2958 4257 quod
2985 4189 3114 4250 divi.
3150 4189 3354 4244 fecerit.
3385 4188 3466 4244 Ad
3493 4187 3698 4258 Philip-

2113 4297 2304 4353 penses
2331 4281 2571 4337 scribens
2592 4282 2719 4337 dicit
2744 4300 2756 4335 :
2786 4281 2886 4349 Qui
2906 4298 3016 4334 cum
3041 4283 3093 4334 in
3120 4284 3282 4349 forma
3313 4279 3406 4334 Dei
3429 4289 3569 4340 esset,
3596 4295 3696 4334 non

2111 4376 2344 4448 rapinam
2386 4375 2656 4430 arbitratus
2693 4385 2764 4429 est
2805 4392 2914 4430 esse
2953 4392 3006 4428 se
3046 4375 3155 4429 Deo
3189 4375 3464 4445 (equolam,
3496 4372 3585 4426 sed
3613 4388 3694 4426 se-

2111 4468 2277 4535 ipsum
2305 4467 2578 4521 exinanirit
2603 4468 2731 4522 servi
2754 4472 2969 4538 formam
2997 4467 3266 4537 accipiens,
3290 4467 3341 4519 in
3367 4465 3698 4520 similitudine

2113 4561 2372 4614 hominum
2398 4559 2583 4629 factus,
2608 4570 2652 4614 et
2673 4561 2836 4630 ﬁgura
2865 4561 3092 4614 inventus
3122 4570 3174 4613 ut
3206 4561 3391 4622 homo;
3413 4557 3697 4612 humiliavit

2112 4653 2352 4722 seipsum,
2376 4653 2606 4706 obediens
2635 4653 2798 4722 factus
2826 4669 2983 4724 usque
3012 4655 3080 4706 ad
3109 4664 3336 4718 mortem,
3367 4662 3575 4706 mortem
3600 4667 3696 4705 au-

2114 4753 2211 4797 tem
2249 4745 2428 4797 crucis.
2465 4743 2786 4814 Quapropter
2815 4744 2950 4798 Deus
2980 4745 3215 4799 exultavit
3246 4745 3390 4798 illum
3423 4742 3693 4814 (Philipp.

2112 4837 2166 4892 2.
2197 4837 2296 4892 6-9
2327 4837 2367 4908 ).
2403 4837 2644 4892 Vidistin‘
2668 4837 2936 4906 quomodo
2958 4879 2970 4898 ,
3004 4837 3216 4906 quando
3241 4836 3308 4891 de
3337 4837 3448 4891 sola
3477 4837 3692 4907 quidem

2114 4929 2430 4999 loquebatur
2455 4929 2752 4992 divinitate,
2785 4927 2866 4980 illa
2898 4943 3083 4996 magna
3115 4929 3266 4994 dixit,
3295 4944 3416 4983 eum
3444 4928 3495 4982 in
3526 4929 3690 4982 forma

2114 5019 2208 5075 [)ei
2236 5033 2375 5081 esse,
2406 5029 2459 5072 et
2487 5017 2762 5086 a~qualiter
2787 5016 3050 5078 Genitori,
3079 5026 3133 5070 et
3160 5017 3257 5085 ipsi
3287 5027 3452 5072 totum
3492 5018 3698 5071 adscri-

2113 5112 2190 5167 bit
2216 5129 2228 5165 :
2253 5110 2465 5181 quando
2494 5118 2670 5164 autem
2711 5109 2945 5164 ostendit
2987 5109 3077 5165 tibi
3105 5123 3227 5163 eum
3255 5126 3471 5166 carnem
3507 5125 3694 5165 susce-

2113 5205 2257 5274 pisse
2281 5247 2295 5268 ,
2338 5219 2519 5258 rursus
2556 5203 2819 5272 depressit
2861 5204 3206 5258 orationem?
3238 5204 3348 5258 Nisi
3389 5205 3530 5256 enim
3579 5201 3693 5255 iure

2113 5295 2360 5350 diviseris
2384 5335 2397 5359 ,
2443 5309 2632 5362 magna
2676 5303 2758 5349 est
2801 5295 3148 5365 repugnantia
3187 5311 3371 5347 eortun
3405 5307 3524 5362 qua:
3554 5291 3694 5345 dicta

2113 5396 2258 5442 sunt.
2291 5386 2423 5440 Nam
2451 5386 2495 5440 si
2531 5387 2639 5440 Deo
2679 5395 2795 5440 erat
2837 5387 3057 5456 mqualis
3080 5427 3095 5451 ,
3136 5385 3404 5454 qttnmmln
3444 5383 3700 5438 exultavit

2114 5495 2256 5546 eum,
2291 5479 2378 5550 qui
2405 5489 2488 5534 est
2515 5479 2614 5533 sibi
2643 5478 2900 5546 arquatis?
2924 5479 2967 5530 si
2995 5487 3108 5531 erat
3139 5478 3188 5530 in
3221 5476 3386 5529 forma
3421 5476 3535 5541 Dei,
3559 5490 3695 5544 quo-

2115 5573 2275 5629 modo
2300 5573 2398 5644 ipsi
2425 5571 2638 5626 donavit
2669 5571 2905 5625 nomen?
2931 5586 3050 5625 nam
3082 5569 3170 5639 qui
3196 5568 3379 5631 donat,
3403 5571 3452 5622 ei
3475 5568 3564 5639 qui
3589 5585 3696 5623 non

2118 5666 2280 5722 habet
2307 5667 2470 5720 donat
2495 5679 2509 5718 :
2535 5673 2587 5717 et
2610 5661 2696 5732 qui
2728 5662 2923 5716 exaltat
2945 5704 2960 5728 ,
2991 5677 3110 5716 eum
3148 5661 3235 5732 qui
3279 5661 3424 5731 prius
3453 5668 3568 5714 erat
3599 5661 3694 5712 hn-

2121 5761 2262 5816 milis
2289 5757 2506 5813 exaltat.
2543 5755 2846 5810 Invenietur
2871 5770 2999 5827 ergo
3027 5769 3146 5808 esse
3173 5752 3518 5825 ittiperiectus
3545 5765 3595 5808 et
3625 5754 3698 5806 in.
