4112 6224
441 275 548 331 339

443 393 633 464 digens
655 433 669 456 ,
701 389 1007 460 priusquam
1044 385 1377 441 altitudinem
1409 384 1678 454 acceperit
1706 392 1757 436 cl
1788 395 1980 436 nomen
2014 395 2028 432 :

444 496 496 540 et
525 485 628 539 alia
659 481 1067 539 innumerabilia
1097 477 1218 531 hinc
1248 485 1536 546 sequentur
1557 475 1783 530 absurda
1808 473 2033 529 corolla-

445 577 542 630 ria.
571 574 678 630 Sed
706 574 750 628 si
778 573 956 628 carnis
978 579 1240 638 suscepta:
1263 569 1534 623 addideris
1553 567 2028 637 dispensationem,

446 685 550 724 non
597 668 846 738 peccabis
892 666 1004 718 haec
1053 664 1256 718 dicens.
1303 664 1425 722 Hast-
1469 672 1648 717 autem
1697 662 1780 716 hic
1821 675 2033 730 quoque

444 761 614 831 cogita
641 802 654 825 ,
686 769 739 812 et
763 773 885 812 cum
914 757 1016 810 hoc
1039 755 1266 810 coasilio
1293 757 1475 824 accipe
1505 771 1621 824 qttzc
1648 753 1787 808 dicta
1813 761 1958 806 sunt.

517 851 572 904 5.
605 849 734 902 Cum
776 847 859 902 his
899 856 1076 902 autem
1124 847 1255 901 alias
1285 862 1494 916 quoque
1536 847 1778 900 dicemus
1817 857 2028 898 causas.

448 945 662 998 Interim
706 951 881 996 autem
928 941 1058 996 illud
1099 957 1321 996 necesse
1367 949 1450 994 est
1501 939 1716 1005 dicere,
1748 936 1888 1008 quod
1918 945 1972 990 et
2000 951 2033 989 a

447 1036 615 1092 Paulo
641 1035 803 1090 verba
833 1034 1032 1088 fiebant
1057 1032 1123 1086 de
1160 1033 1574 1094 resurrectione,
1606 1047 1726 1100 qua:
1755 1028 2034 1083 videbatur

448 1129 563 1183 fieri
597 1145 702 1183 non
739 1140 916 1196 posse,
945 1134 1000 1180 et
1028 1140 1147 1194 qua:
1189 1125 1408 1178 minime
1433 1122 1753 1176 credebatur
1781 1137 1795 1174 ;
1819 1131 1868 1174 et
1898 1118 2035 1172 seri-

449 1224 611 1278 bebat
635 1220 702 1274 ad
731 1218 1060 1281 Corinthios,
1085 1215 1172 1270 ubi
1207 1216 1385 1285 plures
1406 1223 1558 1268 crant
1591 1206 1918 1282 philosoplti,
1941 1209 2030 1278 qui

446 1329 661 1382 semper
677 1309 968 1366 irridebant
985 1323 1045 1362 ea
1067 1324 1180 1377 qum
1203 1318 1320 1361 sunt
1348 1304 1671 1374 liujusmodi.
1689 1303 1895 1357 Etenim
1911 1316 2030 1355 cum

449 1411 502 1464 in
529 1408 649 1462 aliis
694 1407 834 1459 inter
859 1419 918 1458 se
943 1401 1327 1458 eollidercnlur
1351 1442 1366 1467 ,
1398 1402 1449 1454 in
1495 1400 1596 1454 hoc
1620 1399 1870 1468 dogmate
1899 1408 2035 1451 tam-

450 1516 605 1570 quam
639 1513 748 1552 uno
775 1513 868 1552 ore
905 1510 1095 1549 omnes
1134 1494 1514 1563 conspirabant
1536 1535 1551 1558 ,
1584 1500 1884 1546 statuentes
1924 1506 2030 1543 non

448 1606 570 1646 esse
599 1589 1071 1644 resurrectionem.
1120 1585 1196 1639 De
1245 1584 1545 1654 hujusmodi
1590 1599 1720 1651 ergo
1748 1597 1906 1636 causa
1939 1580 2034 1634 des

448 1692 692 1746 certans,
725 1680 808 1734 cui
849 1678 986 1733 adeo
1019 1692 1125 1732 non
1153 1676 1390 1731 creditur
1413 1685 1469 1730 et
1497 1691 1615 1744 quae
1646 1674 1898 1728 irridetur
1925 1681 2032 1726 tam

451 1784 670 1846 propter
697 1771 1099 1843 prtejudicatam
1128 1769 1467 1838 Opinionem,
1503 1782 1660 1836 quam
1711 1765 2032 1836 propterrei

451 1864 854 1927 difficultatem;
887 1870 942 1915 ct
985 1859 1173 1913 volens
1205 1859 1432 1928 probare
1481 1859 1530 1911 id
1565 1858 1678 1912 fieri
1711 1872 1886 1926 posse,
1923 1856 2033 1924 pri-

453 1971 596 2010 mum
626 1955 726 2007 hoc
753 1954 874 2008 iacit
903 1967 969 2007 ex
995 1949 1195 2005 Christi
1224 1948 1618 2005 resorrectione
1648 1966 1661 2001 :
1687 1958 1740 2003 et
1769 1963 1890 2002 cuni
1915 1963 2032 2001 eam

452 2047 875 2099 demou5trasset
903 2051 958 2096 ct
986 2057 1050 2095 ex
1079 2041 1354 2110 prophetis
1375 2051 1429 2096 et
1458 2057 1525 2095 ex
1555 2041 1620 2095 iis
1649 2039 1738 2110 qui
1769 2039 2031 2104 viderant,

450 2146 504 2191 et
527 2151 588 2191 ex
624 2135 688 2188 iis
715 2134 804 2204 qui
837 2132 1201 2198 crediderant,
1231 2141 1512 2201 postquam
1541 2134 1748 2201 accepit
1775 2131 1874 2185 sibi
1906 2147 2037 2186 con-

451 2243 656 2284 cessam
686 2227 752 2281 ad
781 2227 1073 2281 absurdum
1103 2224 1477 2280 deductionem
1501 2267 1516 2292 ,
1547 2225 1802 2294 deinceps
1847 2226 2037 2296 probat

453 2321 726 2376 hominum
759 2319 1205 2373 resurrectionem
1236 2334 1250 2369 :
1289 2315 1426 2369 Nunt
1445 2317 1488 2371 si
1519 2317 1704 2369 mortui
1731 2333 1830 2370 non
1863 2333 2034 2370 resur-

451 2421 608 2482 gunt,
639 2409 844 2480 inquit,
895 2425 957 2462 ne
984 2407 1213 2462 Christus
1261 2407 1464 2478 quidem
1508 2408 1800 2461 resurrexit.
1835 2407 2035 2462 Deinde

452 2518 574 2558 cum
618 2501 874 2556 continuo
921 2501 972 2554 in
1006 2499 1432 2570 przeccdentibus
1473 2514 1659 2553 eorum
1704 2499 2035 2569 frequentem

451 2593 690 2649 dedisset
734 2591 1142 2663 probationem,
1184 2591 1340 2646 aliter
1369 2607 1554 2646 rursus
1597 2600 2034 2661 argumentatur,

452 2702 572 2742 eam
597 2699 797 2740 vocans
828 2685 1110 2754 primitias,
1135 2695 1187 2739 et
1214 2685 1503 2739 ostendens
1531 2698 1653 2738 eum
1681 2683 1900 2738 abolere
1921 2697 2038 2737 om-

455 2796 577 2834 nem
606 2778 962 2847 principatum
1005 2786 1060 2832 et
1102 2785 1417 2845 potestatem
1443 2786 1497 2829 et
1529 2777 1778 2830 virtutem
1808 2785 1861 2829 et
1891 2790 2037 2828 mor-

457 2884 564 2927 tem
597 2869 963 2924 novissimam.
993 2868 1275 2936 Quomodo
1303 2884 1453 2937 ergo,
1491 2867 1696 2936 inquit,
1725 2866 1884 2920 fuerit
1911 2868 2041 2921 abo-

456 2964 547 3018 lita
566 3003 582 3029 ,
613 2962 713 3016 nisi
745 2962 889 3031 prius
915 2960 1152 3014 amiserit
1196 2975 1313 3028 qua:
1343 2957 1570 3012 habebat
1599 2958 1852 3026 corpora?
1884 2957 2039 3011 Post-

455 3069 616 3126 quam
645 3068 774 3125 ergo
801 3067 988 3122 magna
1014 3051 1262 3119 loquutus
1303 3057 1384 3104 est
1414 3048 1480 3103 de
1505 3048 1818 3118 Unigenito,
1850 3063 2041 3118 nempe

457 3148 600 3218 quod
631 3145 791 3200 tradit
815 3157 1036 3212 regnum
1059 3182 1073 3206 ,
1109 3142 1210 3195 hoc
1238 3148 1340 3206 est,
1369 3139 1511 3209 quod
1558 3138 1670 3208 ipse
1700 3154 1761 3192 ea
1791 3136 2004 3192 conficit
2024 3179 2038 3204 ,

457 3247 513 3292 et
543 3239 656 3307 ipse
697 3235 839 3290 bello
871 3233 1034 3288 vincit
1055 3274 1070 3298 ,
1098 3241 1149 3285 et
1179 3231 1354 3285 omnia
1390 3229 1614 3299 pedibus
1655 3231 1764 3283 suis
1791 3229 2000 3298 subjicit
2025 3245 2039 3293 ;

460 3330 734 3399 subjunxit
757 3328 1034 3397 corrigens
1057 3325 1344 3379 multorum
1379 3323 1804 3377 incredulitatem
1832 3340 1844 3376 :
1877 3321 2042 3388 Opor-

460 3432 525 3475 tet
549 3436 664 3473 eum
693 3434 924 3489 regnare,
954 3417 1112 3470 donec
1138 3416 1357 3484 posuerit
1387 3429 1557 3467 omnes
1583 3413 1811 3467 inimicos
1835 3413 1925 3466 sub
1952 3429 2042 3484 pe-

459 3514 605 3567 dibus
632 3513 755 3566 suis.
807 3510 921 3564 Non
972 3509 1131 3562 finem
1178 3523 1342 3577 regno
1385 3507 1665 3575 imponens
1707 3507 1844 3560 dixit
1874 3505 2040 3571 illud,

466 3604 676 3670 Donec,
705 3601 800 3656 sed
831 3600 934 3656 fide
963 3601 1182 3670 dignum
1214 3599 1416 3654 faciens
1447 3599 1498 3653 id
1523 3598 1665 3669 quod
1693 3599 1896 3653 dictum
1925 3607 2042 3666 est,

460 3706 517 3750 et
543 3706 599 3748 ut
628 3695 769 3748 bono
798 3693 906 3748 sint
949 3693 1128 3746 animo
1173 3700 1228 3745 et
1269 3689 1542 3745 confidant
1587 3671 2044 3760 procurans.'Non

462 3787 605 3841 enim
637 3793 916 3854 postquam
949 3782 1234 3849 audivisti,
1283 3783 1488 3852 inquit,
1519 3798 1641 3837 eum
1670 3797 1791 3838 esse
1813 3782 2044 3838 abolitu-

463 3895 580 3934 rnm
611 3892 822 3932 omnem
858 3876 1212 3946 principatum
1255 3885 1307 3930 et
1338 3885 1659 3944 potestatem
1683 3886 1738 3930 et
1765 3877 2041 3942 virtutem,

464 3984 518 4028 ct
548 3971 820 4026 diabolum
849 3979 904 4024 et
933 3979 1041 4024 tam
1085 3970 1281 4023 multas
1329 3969 1634 4024 dmmonum
1677 3978 1922 4024 catervas
1946 4011 1960 4033 ,
1994 3979 2049 4025 et

465 4065 758 4120 infidelium
811 4064 1032 4125 turbas,
1080 4071 1133 4118 ct
1182 4063 1390 4140 mortis:
1415 4063 1783 4134 tyrannidem,
1824 4072 1879 4117 et
1906 4063 2046 4118 mala

462 4157 671 4218 omnia,
706 4156 896 4209 timeas
919 4196 933 4220 ,
969 4163 1238 4224 tamquam
1270 4155 1383 4223 ipse
1412 4155 1482 4209 sit
1528 4154 1771 4210 infirmus
1796 4165 1850 4210 et
1876 4154 2046 4209 imbe-

463 4249 619 4303 cillus
645 4268 658 4302 :
689 4246 862 4302 donec
890 4245 1032 4300 enim
1064 4243 1252 4300 fecerit
1296 4246 1410 4300 huic
1440 4246 1619 4300 omnia
1642 4287 1655 4310 ,
1685 4255 1899 4314 oportet
1923 4261 2045 4301 eum

464 4355 690 4412 regnare
714 4357 726 4392 :
753 4355 857 4393 non
882 4339 984 4392 hoc
1005 4336 1209 4404 dicens,
1233 4337 1375 4408 quod
1400 4349 1682 4408 postquam
1709 4337 1918 4405 fecerit,
1941 4354 2044 4393 non

463 4432 743 4503 regnabit,
774 4431 868 4484 sed
902 4429 1032 4485 illud
1063 4429 1295 4498 probans
1323 4471 1338 4496 ,
1369 4429 1511 4499 quod
1541 4430 1748 4484 etiamsi
1773 4445 1879 4484 non
1907 4445 2048 4484 nunc

465 4525 659 4578 factmn
692 4527 780 4585 sit,
805 4523 1025 4576 omnino
1050 4523 1120 4576 sit
1142 4521 1398 4576 futurum.
1427 4521 1543 4576 Non
1570 4522 1711 4576 enim
1739 4521 2046 4578 conscindi-

463 4626 550 4670 tur
577 4615 693 4684 ejus
737 4628 960 4683 regumn
992 4629 1005 4665 :
1034 4611 1342 4666 dominatur
1381 4614 1524 4668 enim
1565 4624 1619 4668 et
1662 4624 1850 4683 potens
1879 4624 1961 4670 est
1992 4623 2048 4669 et

465 4718 681 4770 manet,
711 4703 885 4759 donec
928 4703 1106 4757 omnia
1140 4713 1286 4757 recte
1315 4703 1631 4758 confecerit.
1681 4705 1831 4760 Ilunc
1870 4715 2044 4760 autem

465 4813 668 4852 moi-em
694 4795 961 4851 inveneris
987 4795 1146 4850 etiam
1176 4795 1228 4849 in
1259 4794 1437 4850 Veteri
1468 4796 1762 4865 Scriptura,
1793 4805 1850 4851 ut
1873 4813 2045 4867 quan-

461 4893 532 4946 do
562 4894 722 4958 dicit,
767 4891 982 4946 Verbum
1022 4903 1188 4946 autem
1223 4891 1425 4946 Domini
1468 4903 1634 4946 mrmet
1671 4893 1726 4946 in
1767 4902 2046 4959 (uernum;

462 4993 546 5047 et,
579 4983 660 5036 Tu
698 4994 866 5037 autent
909 4985 1042 5038 idem
1089 4987 1198 5054 ipse
1240 5003 1323 5049 es,
1358 4997 1402 5040 et
1431 4987 1554 5040 anni
1583 4986 1654 5040 tui
1682 5003 1783 5039 non
1811 4987 2046 5056 decient

461 5076 483 5149 (
513 5075 658 5129 Psal.
691 5075 814 5129 8.
841 5076 942 5138 89;
977 5085 1022 5128 et
1053 5076 1174 5130 101.
1206 5077 1278 5130 28
1303 5079 1341 5144 ).
1380 5079 1502 5134 llaec
1542 5091 1719 5135 autem
1751 5080 1876 5135 dicit
1923 5097 2043 5152 pro-

461 5169 622 5240 pheta
651 5207 666 5234 ,
699 5175 752 5220 et
799 5181 919 5235 qua:
965 5177 1091 5219 sunt
1138 5167 1476 5236 huiusmodi,
1506 5173 1721 5241 quando
1770 5182 1952 5228 narrat
1977 5175 2044 5229 de

461 5264 641 5325 rebus,
673 5275 791 5331 qua:
817 5258 978 5329 longo
1006 5266 1125 5326 post
1155 5269 1394 5327 tempore
1421 5272 1544 5317 sunt
1567 5266 1819 5332 gerenda:
1841 5276 1898 5322 et
1925 5282 2045 5320 om-

462 5356 590 5409 nino
617 5353 808 5409 futura:
833 5395 848 5418 ,
879 5351 1201 5408 crassiorum
1243 5350 1543 5406 auditurum
1572 5357 1852 5425 expellens
1885 5359 2041 5411 timo-

461 5463 596 5500 rem.
647 5445 799 5514 Quod
843 5453 1022 5497 autem
1067 5441 1193 5496 illud
1231 5441 1401 5497 Donec
1429 5453 1481 5498 et
1512 5443 1716 5514 Usque,
1748 5448 1791 5502 si
1835 5447 1906 5503 de
1934 5449 2042 5503 Dco

460 5535 741 5601 dicantur,
791 5549 896 5588 non
947 5533 1243 5588 sintterba
1293 5537 1451 5590 linem
1501 5538 1884 5607 significantia,
1918 5537 2041 5593 audi

457 5625 585 5690 quid
617 5625 757 5678 dicat
787 5641 800 5676 :
896 5624 1082 5678 saeculo
1112 5636 1160 5679 et
1189 5642 1344 5696 usque
1366 5629 1415 5680 in
1437 5629 1678 5682 swculunt
1705 5641 1758 5683 tu
1789 5648 1841 5683 es
1863 5628 2036 5697 (Psal.

458 5717 543 5770 8J.
577 5715 666 5782 2);
698 5721 755 5770 et
786 5715 999 5782 iterum,
1037 5717 1144 5786 Ego
1171 5735 1283 5774 sum
1310 5719 1502 5791 (Exod.
1533 5723 1587 5778 3.
1631 5725 1736 5793 li);
1766 5734 1837 5789 et,
1871 5723 2042 5781 Donec

1161 266 1219 325 S.
1259 267 1535 325 JOANNIS
1567 261 2036 322 CliRYSOSTOMl
2077 261 2388 320 ARCIIIEP.
2427 265 2957 324 CONSTANTINOP.

3619 273 3727 329 340

2137 385 2499 437 consentiet-itis
2527 401 2619 456 ego
2644 403 2755 439 sum
2783 385 2937 457 (lsai.
2968 387 3056 441 46.
3087 386 3166 456 4).
3202 385 3492 458 Propterea
3519 397 3573 444 et
3601 391 3723 443 ulti-

2133 488 2273 529 mam
2301 476 2449 544 ponit
2475 487 2702 532 mortem
2727 520 2740 544 ,
2767 488 2823 532 ut
2848 495 2912 534 ex
2943 479 3170 533 aliorum
3202 481 3422 535 victoria
3454 481 3558 536 hoc
3581 498 3717 552 quo-

2133 579 2236 634 que
2267 565 2420 621 facile
2447 567 2692 622 admittat
2741 571 2785 623 is
2816 571 2906 638 qui
2953 586 3058 624 non
3090 571 3280 628 credit.
3333 571 3560 640 Quando
3588 589 3716 643 ergo

2133 657 2426 723 diabolum,
2459 662 2546 729 qui
2569 671 2794 715 mortem
2827 663 3050 726 invexit,
3081 665 3376 729 sustulerit,
3412 665 3583 720 multo
3610 681 3721 719 ma-

2132 749 2214 817 gis
2243 749 2358 816 ejus
2387 763 2523 817 opus
2560 750 2825 806 dissolvet
2868 767 2931 806 ac
2961 753 3274 824 perfriugct.
3305 754 3566 821 Quoniam
3594 771 3722 825 ergo

2133 839 2182 892 ei
2213 840 2390 892 omnia
2425 840 2706 908 attribuit,
2755 842 2897 912 quod
2928 845 3270 898 evacuaverit
3308 845 3637 916 principatus
3667 857 3721 900 et

2136 942 2464 1002 potestates,
2533 936 2674 1006 quod
2719 953 2939 1008 regnum
2981 949 3126 995 recte
3174 941 3400 1010 gesserit
3447 951 3502 996 et
3545 940 3720 996 admi-

2135 1025 2407 1091 nistrarit,
2452 1026 2575 1081 dico
2615 1038 2792 1083 autem
2845 1029 3080 1084 fidelium
3121 1032 3381 1096 salutem,
3428 1032 3574 1086 orbis
3618 1041 3728 1086 ter-

2134 1131 2208 1169 ra;
2239 1131 2422 1185 pacem
2445 1159 2459 1182 ,
2490 1118 2752 1173 malorum
2784 1119 3109 1176 deletionem
3142 1123 3160 1192 (
3185 1122 3288 1177 hoc
3311 1123 3455 1178 enim
3502 1131 3586 1178 est
3633 1138 3722 1179 re-

2133 1223 2294 1278 gnum
2328 1217 2474 1265 reete
2514 1211 2748 1280 gessisse
2773 1221 2830 1267 et
2874 1213 3279 1270 administrasse
3305 1255 3320 1280 ,
3354 1227 3581 1271 mortem
3608 1216 3721 1271 dis-

2133 1301 2395 1374 solvisse)
2421 1320 2436 1368 ;
2487 1319 2660 1373 neque
2707 1305 2872 1370 dixit,
2904 1306 3044 1375 quod
3074 1307 3228 1362 Pater
3258 1323 3354 1378 per
3403 1309 3601 1378 ipsum,
3628 1309 3724 1364 sed

2134 1395 2275 1465 quod
2321 1398 2433 1465 ipse
2477 1398 2759 1452 evacuabit
2805 1407 2859 1453 et
2901 1399 3136 1454 abolebit
3182 1410 3236 1454 et
3282 1401 3397 1469 ipse
3428 1409 3590 1470 ponet
3621 1401 3722 1455 sub

2136 1489 2356 1557 pedibus
2389 1490 2520 1551 suis,
2549 1506 2720 1560 neque
2750 1506 2969 1559 usquam
3003 1492 3244 1546 meminit
3265 1492 3437 1548 Patris
3467 1511 3481 1546 :
3509 1493 3618 1562 jam
3648 1494 3717 1547 ti-

2136 1581 2268 1632 muit
2287 1621 2301 1643 ,
2331 1596 2396 1635 ne
2424 1581 2691 1635 videretur
2720 1583 3035 1651 quibusdam
3061 1601 3089 1636 a
3125 1585 3332 1639 ratione
3371 1574 3724 1640 alienioribus

2135 1680 2226 1724 aut
2249 1671 2419 1739 major
2443 1673 2600 1726 Patre
2641 1687 2760 1726 esse
2783 1673 2951 1728 Filius
2974 1716 2988 1740 ,
3009 1683 3099 1728 ant
3116 1675 3330 1744 aliquod
3354 1676 3494 1731 aliud
3523 1677 3721 1745 princi-

2137 1764 2278 1830 pium
2322 1765 2610 1833 ingenitunt
2639 1782 2653 1827 ;
2683 1774 2735 1819 et
2767 1777 3050 1835 propterea
3092 1767 3192 1821 sibi
3218 1783 3415 1822 cavens
3441 1779 3494 1822 et
3521 1785 3634 1823 rem
3669 1769 3721 1823 in

2137 1863 2248 1908 tuto
2276 1856 2565 1921 collocatis,
2600 1857 2730 1912 lenit
2755 1871 2820 1911 ac
2849 1859 3058 1928 mitigat
3089 1859 3507 1929 magnitudinem
3535 1876 3720 1916 eorum

2135 1965 2254 2018 qua:
2280 1949 2417 2004 dicta
2444 1958 2589 2011 sunt,
2623 1948 2812 2004 dicens
2842 1967 2854 2002 :
2886 1949 3071 2003 Omnia
3099 1951 3232 2003 enim
3271 1953 3436 2020 posuit
3465 1952 3554 2005 sub
3583 1951 3723 2020 pedi-

2137 2042 2228 2096 bus
2267 2043 2410 2106 suis;
2463 2057 2549 2097 res
2593 2053 2770 2111 gestas
2816 2059 3002 2098 rursus
3049 2043 3193 2096 Patri
3243 2044 3584 2110 adscribens,
3616 2059 3722 2099 non

2137 2142 2406 2202 tamquam
2439 2135 2506 2187 sit
2535 2134 2800 2203 impotens
2826 2143 2879 2188 et
2906 2135 3206 2188 imbecillus
3228 2134 3396 2189 Filius
3430 2137 3723 2205 (quomodo

2137 2225 2280 2279 enim
2311 2234 2473 2288 esset,
2502 2225 2568 2280 de
2596 2241 2702 2296 quo
2732 2237 2836 2280 tam
2865 2227 3030 2280 multa
3062 2227 3182 2280 tulit
3206 2229 3534 2294 testimonia,
3563 2237 3618 2282 ct
3639 2229 3722 2282 cui

2137 2316 2381 2370 attribuit
2405 2317 2581 2370 omnia
2612 2333 2731 2386 qua:
2756 2317 2897 2370 dicta
2939 2316 3144 2390 sunt?)
3174 2318 3266 2372 sed
3316 2328 3540 2389 propter
3565 2335 3724 2388 quam

2137 2408 2244 2463 dixi
2265 2424 2502 2474 causam,
2525 2419 2582 2464 et
2606 2419 2662 2463 ut
2687 2409 2998 2464 ostenderet
3029 2409 3175 2464 Patri
3200 2420 3252 2465 et
3279 2409 3413 2464 Filio
3434 2426 3554 2465 esse
3579 2426 3724 2464 com-

2138 2501 2319 2554 munia
2345 2516 2463 2570 qua:
2495 2502 2629 2555 facta
2659 2512 2786 2554 sunt
2815 2515 2910 2570 pro
2939 2501 3113 2556 nobis.
3142 2500 3274 2555 Nam
3306 2502 3446 2571 quod
3477 2503 3589 2571 ipse
3622 2502 3721 2556 sibi

2139 2591 2412 2646 suffecerit
2456 2591 2521 2645 ad
2573 2594 2752 2646 omnia
2807 2592 2908 2646 sibi
2960 2592 3328 2662 subjicienda,
3375 2594 3498 2648 audi
3540 2608 3724 2647 rursus

2139 2683 2360 2738 Paulum
2391 2682 2659 2738 dicentem
2689 2700 2703 2736 :
2736 2683 2834 2749 Qui
2865 2683 3246 2754 trausgurabit
3287 2701 3472 2753 corpus
3517 2684 3724 2737 Immiti-

2141 2779 2258 2831 tatis
2284 2786 2486 2839 noslrw,
2510 2790 2562 2829 ut
2589 2777 2652 2829 sit
2673 2779 2932 2847 conformo
2956 2778 3157 2846 corpori
3185 2765 3359 2846 gloria:
3381 2792 3490 2830 sure
3507 2819 3519 2838 ,
3548 2793 3724 2830 secun-

2141 2871 2263 2923 dum
2288 2869 2661 2939 operationem.
2691 2885 2790 2937 qua
2825 2869 2977 2922 etiam
3023 2869 3178 2938 possit
3224 2869 3329 2937 ipse
3366 2869 3608 2938 subjicere
3631 2869 3726 2922 sibi

2127 2961 2314 3017 omnia
2341 2958 2599 3031 (Philipp.
2635 2959 2687 3013 5.
2713 2956 2830 3028 21).
2861 2959 3062 3014 Deinde
3090 2961 3249 3013 etiam
3283 2973 3408 3014 usus
3436 2970 3520 3014 est
3544 2974 3726 3014 corre-

2143 3051 2319 3107 ctione
2344 3049 2528 3106 dicens
2555 3067 2568 3102 :
2595 3048 2719 3104 Cum
2745 3061 2911 3104 autem
2961 3051 3126 3116 dicat,
3163 3051 3331 3104 omnia
3359 3050 3582 3120 subjecta
3611 3061 3726 3104 sunt

2144 3144 2188 3198 ei
2207 3187 2222 3210 ,
2255 3143 2362 3198 sine
2385 3143 2537 3197 dubio
2566 3155 2748 3212 praeter
2777 3160 2888 3197 eum
2913 3145 2997 3213 qui
3040 3145 3250 3213 subjecit
3291 3145 3335 3198 ei
3368 3146 3578 3209 omnia;
3607 3144 3729 3198 hinc

2145 3249 2357 3305 quoque
2383 3235 2451 3289 de
2479 3234 2748 3304 Unigeniti
2776 3235 2943 3304 gloria
2995 3251 3101 3289 non
3131 3251 3348 3304 parvum
3379 3234 3556 3289 ferens
3583 3237 3731 3290 testi-

2147 3331 2417 3383 monium.
2442 3327 2497 3383 Si
2525 3329 2667 3382 enim
2715 3329 2906 3383 fuisset
2947 3329 3122 3383 minor
3149 3371 3163 3394 ,
3192 3339 3247 3383 et
3277 3329 3436 3398 longe
3481 3329 3726 3391 inferior,

2149 3438 2435 3492 numquam
2463 3437 2583 3477 eum
2633 3423 2888 3477 subiisset
2934 3421 3022 3477 hic
3064 3434 3259 3476 metus.
3293 3421 3476 3492 Neque
3506 3422 3606 3476 hoc
3637 3422 3733 3474 fuit

2148 3524 2434 3570 contentus
2453 3555 2468 3581 ,
2499 3515 2595 3569 sed
2623 3514 2767 3569 aliud
2793 3515 2952 3570 etiam
2981 3516 3028 3570 ei
3051 3515 3230 3580 addit,
3265 3505 3473 3570 dicens.
3494 3515 3625 3570 Nam
3664 3532 3731 3568 ne

2148 3608 2411 3677 quispiam
2443 3607 2807 3676 SUSplClClUl
2836 3616 2890 3661 ct
2930 3607 3136 3663 diceret
3163 3649 3176 3671 ,
3209 3608 3346 3676 Quid
3369 3618 3512 3670 tum,
3545 3607 3588 3660 si
3623 3623 3733 3660 non

2150 3702 2423 3770 subjectus
2452 3701 2521 3755 sit
2553 3700 2749 3755 Pater?
2771 3700 2872 3755 hoc
2899 3716 3004 3756 non
3037 3703 3215 3757 obstat
3237 3702 3521 3770 quominus
3542 3699 3734 3754 fortior

2149 3795 2218 3850 sit
2246 3795 2414 3849 Filius
2444 3812 2457 3848 :
2482 3793 2683 3848 veritus
2726 3794 2940 3864 impiam
2989 3795 3130 3849 hanc
3178 3795 3533 3863 suspicionem
3555 3833 3570 3860 ,
3597 3809 3732 3863 quo-

2153 3887 2292 3941 niam
2325 3901 2421 3957 per
2451 3884 2578 3939 illud
2607 3899 2712 3938 non
2740 3884 2870 3938 satis
2912 3893 3122 3954 poterat
3153 3888 3252 3939 hoc
3291 3885 3574 3938 ostendere
3594 3925 3609 3950 ,
3641 3882 3735 3936 ad-

2152 3979 2287 4034 didit
2314 3994 2379 4032 ex
2399 3978 2562 4032 multa
2585 3976 2909 4031 abundantia
2932 3992 2945 4026 :
2965 3974 3093 4031 Cum
3118 3987 3282 4030 autent
3302 3976 3526 4042 subiecta
3551 3974 3735 4044 fuerint

2152 4073 2230 4126 illi
2257 4071 2457 4137 omnia,
2482 4080 2600 4124 tunc
2638 4079 2684 4123 et
2711 4071 2818 4140 ipse
2847 4068 3011 4123 Filius
3041 4071 3290 4137 subiectus
3310 4071 3403 4123 erit
3427 4069 3737 4132 ilii;05ten-

2152 4165 2287 4221 deus
2315 4163 2429 4234 ejus
2458 4178 2702 4232 magnam
2745 4177 2864 4216 cum
2908 4161 3066 4216 Patre
3107 4160 3483 4227 concordiam,
3515 4157 3734 4228 etquod

2154 4257 2197 4312 is
2226 4266 2310 4312 est
2356 4255 2673 4326 principium
2716 4254 2978 4308 bonorum
3004 4252 3240 4306 omnium
3271 4260 3327 4306 et
3354 4265 3511 4306 causa
3541 4251 3733 4320 prima,

2153 4348 2240 4418 qui
2271 4362 2392 4401 eum
2421 4347 2622 4414 genuit,
2645 4346 2733 4414 qui
2760 4353 2866 4398 tam
2891 4343 3052 4398 multa
3086 4350 3264 4412 potest
3304 4353 3358 4398 ct
3390 4350 3534 4398 recte
3571 4340 3732 4411 gerit.

2225 4439 2278 4493 6.
2322 4438 2378 4492 Si
2409 4448 2587 4491 autem
2621 4435 2769 4505 plura
2799 4435 2936 4489 dixit
2978 4449 3135 4504 quam
3181 4450 3270 4489 res
3300 4433 3642 4504 postulabat,
3669 4446 3738 4486 ne

2153 4533 2408 4588 mireris:
2443 4531 2750 4600 Magistrum
2797 4529 2944 4583 enim
2975 4545 3130 4583 suum
3181 4529 3397 4582 imitans
3439 4526 3545 4581 hoc
3591 4524 3736 4580 facit.

2157 4627 2273 4694 Ipse
2295 4623 2435 4678 enim
2463 4623 2650 4676 volens
2677 4621 2962 4676 ostendere
2993 4621 3134 4674 illius
3155 4619 3498 4675 concordiam
3527 4633 3648 4673 cum
3671 4631 3740 4670 eo

2153 4716 2242 4786 qui
2276 4716 2446 4785 ipsum
2476 4713 2691 4784 genuit,
2719 4712 2940 4780 etquod
2981 4727 3088 4766 non
3131 4723 3327 4781 przetcr
3351 4712 3468 4780 ejus
3495 4710 3742 4764 volunta-

2157 4818 2262 4862 tem
2293 4805 2591 4871 advenerit,
2627 4813 2832 4858 tantum
2861 4802 3139 4858 descendit
3168 4812 3224 4857 et
3245 4817 3303 4856 se
3344 4801 3600 4864 demittit,
3632 4814 3738 4853 non

2155 4908 2410 4972 quantum
2434 4898 2679 4966 exigebat
2703 4895 3008 4952 concordize
3031 4895 3440 4961 demonstratio,
3464 4892 3557 4948 sed
3580 4907 3742 4962 quan-

2155 5003 2265 5047 tum
2296 5007 2429 5062 opus
2459 4989 2692 5044 habebat
2723 4988 3069 5057 prtescntium
3116 4987 3477 5042 imbecillitas.
3523 4986 3754 5066 Patrem.

2153 5087 2294 5142 enim
2324 5092 2492 5155 rogat,
2523 5097 2628 5138 non
2661 5090 2881 5152 propter
2909 5081 3052 5135 aliud
3080 5096 3239 5150 quam
3270 5089 3490 5149 propter
3517 5079 3618 5133 hoc
3645 5095 3658 5130 :
3686 5086 3740 5130 et

2155 5193 2370 5230 causam
2397 5174 2631 5230 alie-rens
2661 5174 2810 5238 dicit,
2845 5171 2911 5227 Ut
2941 5173 3147 5226 credant
3178 5173 3314 5243 quod
3367 5182 3422 5225 tu
3449 5189 3528 5226 me
3561 5169 3740 5223 misisti

2155 5270 2173 5337 (
2200 5269 2354 5323 Joan.
2389 5269 2477 5322 ll.
2505 5268 2606 5337 42)
2627 5306 2641 5321 .
2677 5267 2828 5321 Hunc
2867 5281 2995 5337 ergo
3025 5267 3268 5332 imitans,
3296 5265 3382 5320 hic
3411 5280 3628 5335 quoque
3656 5262 3738 5317 di

2153 5360 2331 5414 ctione
2361 5359 2528 5412 utitur
2555 5375 2618 5413 ex
2647 5357 2970 5413 abundantia
2996 5400 3010 5421 ,
3051 5373 3157 5411 non
3184 5368 3237 5411 ut
3284 5367 3526 5412 coactam
3565 5354 3738 5424 suspi-

2154 5451 2294 5506 ceris
2319 5452 2655 5517 servitutem,
2685 5452 2857 5518 absit;
2887 5451 2980 5507 sed
3009 5461 3068 5506 ut
3105 5451 3336 5506 absurda
3377 5451 3466 5504 illa
3492 5449 3739 5518 dogmata

2156 5545 2385 5600 validius
2408 5547 2664 5615 expellat.
2697 5546 2830 5600 Nam
2858 5545 3074 5615 quando
3105 5545 3214 5598 vult
3240 5544 3442 5615 aliquid
3488 5541 3742 5598 radicitus

2150 5637 2408 5702 evellere,
2441 5653 2631 5706 magna
2659 5639 2825 5693 utitur
2856 5637 3199 5692 abundantia.
3249 5637 3336 5691 Sic
3363 5637 3522 5691 etiam
3553 5635 3742 5688 dicens

2152 5731 2217 5788 de
2247 5735 2472 5789 muliere
2502 5731 2642 5789 fideli
2670 5739 2724 5788 et
2751 5731 2868 5785 viro
2897 5729 3095 5786 infideli
3117 5768 3132 5796 ,
3163 5728 3483 5787 habentibus
3509 5727 3649 5784 inter
3676 5739 3736 5780 se
