4122 6226
434 334 544 393 559

430 453 496 522 δὴ
530 448 626 506 καὶ
661 447 896 504 ἐνταῦθα
926 448 1165 518 λογίζου,
1193 448 1289 502 καὶ
1319 451 1459 519 μετά
1488 449 1588 520 τῆς
1613 449 1840 521 γνώμης
1864 448 2016 503 ἐκδέ-

430 560 529 613 xcv
560 541 768 612 ταύτης
793 541 862 595 τά
887 540 1177 613 εἰρημένα.

503 639 565 687 ε’.
586 633 746 686 Μετά
773 631 831 685 δὲ
860 630 1063 685 τούτων
1076 630 1173 684 καὶ
1188 631 1383 703 ἑτέρας
1397 631 1572 696 αἰτίας
1590 632 1844 704 ἐροῦμεν.
1864 633 2014 697 Τέως

433 724 529 779 καὶ
557 726 739 777 έκεῖνο
757 724 1054 790 ἀναγκαῖον
1071 723 1266 787 εἰπεῖν,
1290 722 1373 775 δτι
1398 723 1493 776 καὶ
1515 725 1644 794 περί
1666 724 2014 788 ἀναστάσεως

433 817 462 870 ὁ
486 816 646 884 λόγος
669 810 738 886 ἦν
762 813 839 881 τῷ
856 813 1076 883 Παύλῳ,
1100 812 1425 885 πράγματος
1447 814 1709 869 ἀδυνάτου
1732 814 2017 878 δοκοῦντος

436 903 579 962 εἶναι
603 907 699 960 καὶ
731 906 937 977 σφόδρα
953 906 1357 977 ἀπιστουμένου
1378 924 1391 938 ·
1414 908 1669 980 καὶπρὸς
1696 909 2016 981 Κορινθίους

437 1000 780 1065 ιπέστελλεν,
816 998 945 1053 ἔνθα
979 998 1196 1063 πλείους
1225 1000 1274 1052 οἰ
1302 999 1583 1070 φιλόσοφοι
1610 1003 1659 1054 οἰ
1693 999 1764 1054 τά
1789 1000 2016 1056 τοιαῦτα

439 1090 830 1165 κωμῳδοῦντες
866 1090 975 1144 ἀεί.
1009 1090 1120 1144 Καὶ
1151 1091 1261 1160 γάρ
1298 1091 1358 1143 ὲν
1394 1094 1509 1156 τοίς
1547 1092 1728 1155 ἄλλοις
1765 1092 2016 1163 ἀλλήλοις

440 1183 903 1261 συρρηγνύμενοι,
944 1185 1002 1237 ὲν
1035 1181 1210 1254 τούτῳ
1243 1183 1467 1250 πάντες,
1507 1183 1603 1237 ἀτε
1649 1183 1709 1250 ἐξ
1740 1182 1859 1247 ἐνὸς
1898 1184 2017 1237 στό-

443 1294 632 1348 ματος,
658 1275 1048 1341 συνέπνευσαν,
1076 1274 1496 1347 δογματίζοντες
1524 1274 1597 1347 μὴ
1623 1270 1761 1329 εῖναι
1784 1276 2017 1332 ἀνάστα-

444 1384 549 1424 σιν.
591 1362 1020 1434 Ἀγωνιζόμενος
1048 1362 1227 1417 τοίνυν
1254 1364 1396 1436 ὑπὲρ
1421 1363 1676 1432 τοιαύτης
1707 1363 2017 1428 ὑποθέσεως
2036 1348 2047 1355 ’

441 1457 616 1521 οὕτως
638 1453 1045 1524 ἀπιστουμένης
1069 1454 1166 1507 καὶ
1190 1454 1650 1525 καταγελωμένης
1680 1456 1775 1509 καὶ
1802 1454 1892 1510 διά
1916 1454 2017 1526 τὴν

444 1547 713 1621 πρόληψιν
741 1546 840 1617 τὴν
870 1544 1244 1617 γεγενημένην
1271 1546 1363 1599 καὶ
1390 1545 1479 1599 διά
1505 1546 1605 1616 τὴν
1630 1546 1726 1599 τοῦ
1756 1546 2018 1618 πράγμα-

442 1658 534 1705 τος
588 1637 907 1704 δυσκολίαν,
966 1637 1062 1692 καὶ
1117 1635 1439 1707 βουλόμενος
1492 1640 1903 1693 κατασκευάσαι
1957 1640 2018 1693 τὸ

442 1730 691 1796 δυνατὸν,
742 1727 961 1800 πρῶτον
995 1730 1059 1782 ὲκ
1091 1728 1192 1800 τῆς
1245 1728 1597 1791 ἀναστάσεως
1632 1728 1728 1782 τοῦ
1776 1730 2017 1802 Χριστοῦ

441 1823 601 1878 τοῦτο
632 1821 926 1895 ἐργάζεται
949 1836 964 1852 ·
1007 1821 1103 1874 καὶ
1130 1820 1419 1886 ἀποδείξας
1447 1818 1618 1888 αὑτὴν
1645 1821 1744 1875 καὶ
1773 1822 1884 1876 ἀπὸ
1909 1822 2019 1877 τῶν

444 1914 743 1990 προφητῶν
771 1913 865 1968 καὶ
899 1912 1009 1968 ἀπὸ
1038 1911 1148 1965 τῶν
1176 1912 1500 1983 ἑωρακότων
1530 1913 1626 1967 καὶ
1654 1913 1762 1967 ἀπὸ
1791 1914 1900 1967 τῶν
1934 1931 2021 1967 πι-

447 2007 812 2072 στευσάντων,
857 2004 1047 2076 ἐπειδὴ
1090 2003 1286 2058 ελαϐεν
1326 2004 1758 2077 ὡμολογημένην
1803 2005 1902 2079 τὴν
1940 2008 2020 2072 εἰς

442 2101 649 2156 ἄτοπον
704 2095 1028 2165 ἀπαγωγὴν,
1070 2093 1164 2147 καὶ
1200 2093 1297 2163 τὴν
1345 2094 1457 2147 τῶν
1495 2094 1800 2166 ἀνθρώπων
1847 2113 2020 2151 κατα-

445 2187 705 2252 σκευάζει
750 2185 936 2240 λοιπόν
960 2200 975 2214 ⁸
1016 2185 1085 2237 Εἰ
1115 2183 1228 2253 γὰρ
1259 2186 1461 2251 νεκροί
1504 2187 1616 2240 οὐκ
1654 2187 1980 2257 ἐγείρονται
2002 2227 2019 2254 ,

444 2279 635 2350 φησὶν,
655 2277 795 2333 οὐδὲ
814 2276 1067 2346 Χριστὸς
1083 2276 1413 2346 ἐγήγερται.
1436 2277 1572 2331 Είτα
1592 2278 1833 2349 συνεχῶς
1849 2279 2023 2336 ταῦτα

444 2369 810 2442 ἀντιστρέψας
837 2370 895 2422 ἐν
928 2370 1040 2431 τοῖς
1075 2366 1418 2438 ἔμπροσθεν,
1459 2369 1660 2440 ἑτέρως
1699 2369 1862 2424 πάλιν
1899 2372 2021 2425 ἐπι-

444 2462 642 2531 χειρεῖ,
672 2459 927 2532 ἀπαρχὴν
960 2458 1125 2512 αὑτὸν
1173 2458 1355 2512 καλῶν
1377 2498 1391 2521 ,
1437 2459 1535 2514 καὶ
1566 2456 1783 2523 δεικνὺς
1816 2478 2022 2532 καταρ-

447 2550 655 2620 γοῦντα
696 2551 877 2605 πᾶσαν
908 2550 1081 2623 ἀρχὴν
1112 2550 1209 2603 καὶ
1244 2551 1497 2618 ἐξουσίαν
1534 2552 1626 2605 καὶ
1659 2552 1888 2623 δύναμιν
1930 2555 2026 2609 καὶ

448 2642 680 2696 θάνατον
711 2641 959 2713 ἔσχατον.
995 2642 1118 2706 Πῶς
1149 2638 1242 2697 οὖν
1271 2642 1671 2713 καταργηθείη,
1710 2650 1895 2714 φησὶν,
1930 2646 2027 2699 ὲάν

455 2734 531 2807 μὴ
565 2734 851 2807 πρότερον,
882 2734 1028 2806 άπερ
1066 2730 1229 2805 εῖχεν,
1271 2734 1520 2808 ἀποϐάλῃ
1562 2735 1823 2805 σώματα;
1875 2737 2027 2791 Ἐπεὶ

450 2820 546 2880 οὖν
578 2825 793 2897 μεγάλα
823 2826 952 2896 περί
982 2825 1075 2879 τοῦ
1107 2826 1445 2895 Μονογενοῦς
1473 2826 1792 2897 ἐφθέγξατο,
1819 2829 1900 2882 ὅτι
1926 2847 2028 2884 πα-

455 2913 707 2984 ραδίδωσι
736 2914 837 2983 τὴν
872 2912 1149 2984 βασιλείαν
1168 2956 1183 2981 ,
1209 2915 1486 2968 τουτέστιν
1505 2956 1519 2978 ,
1550 2916 1631 2968 ὅτι
1677 2916 1839 2980 αὑτὸς
1874 2918 2028 2973 ἀνύει

452 3005 646 3068 ταῦτα,
678 3006 773 3060 καὶ
807 3006 971 3066 αὐτὸς
998 3005 1088 3059 τὸν
1112 3006 1349 3077 πόλεμον
1379 3008 1523 3077 νικᾷ,
1557 3007 1652 3061 καὶ
1678 3008 1855 3061 πάντα
1876 3009 2029 3077 τίθη·

458 3110 540 3147 σιν
576 3095 683 3148 ὑπὸ
715 3096 844 3158 τοὺς
880 3094 1049 3158 πόδας
1077 3094 1241 3149 αὑτοῦ
1262 3134 1277 3160 ,
1308 3096 1555 3167 ἐπήγαγε
1577 3136 1592 3160 ,
1627 3097 1724 3167 τὴν
1769 3098 2028 3153 ἀπιστίαν

453 3182 563 3236 τῶν
615 3182 827 3235 πολλῶν
871 3181 1273 3253 διορθούμενος·
1321 3182 1424 3236 Δεῖ
1459 3182 1568 3253 γάρ
1617 3182 1804 3236 αὑτὸν
1843 3184 2028 3248 βασι-

458 3275 682 3337 λεύειν,
718 3273 889 3341 ἄχρις
920 3269 992 3329 οὗ
1022 3273 1095 3326 ἂν
1118 3272 1194 3342 θῇ
1215 3271 1444 3338 πάντας
1467 3274 1609 3340 τοὺς
1633 3274 1885 3343 ἐχθροὺς
1912 3276 2028 3329 ὑπὸ

456 3367 598 3433 τοὺς
624 3365 817 3431 πόδας
850 3360 1059 3419 αὐτοῦ.
1090 3365 1164 3417 Οὑ
1193 3363 1347 3427 τέλος
1385 3363 1647 3428 ἐπιτιθεὶς
1684 3368 1750 3437 τῇ
1785 3366 2031 3438 βασιλείᾳ

457 3459 540 3524 τὸ,
575 3460 797 3527 Ἀχρις,
829 3452 1001 3520 εἷπεν,
1029 3455 1145 3511 ἀλλ’
1175 3455 1485 3524 ἀξιόπιστον
1512 3457 1684 3510 ποιῶν
1712 3458 1773 3510 τὸ
1812 3460 2035 3529 εἰρημέ-

459 3567 548 3604 νον
571 3592 586 3614 ,
625 3551 720 3604 καὶ
760 3549 984 3622 θαρρεῖν
1030 3549 1488 3620 παρασκευάζων.
1524 3550 1615 3622 Μὴ
1652 3550 1796 3622 γάρ,
1844 3552 2032 3623 ἐπειδὴ

458 3641 720 3713 ἤκουσας,
754 3642 953 3712 φησιν,
988 3641 1069 3693 ὅτι
1101 3642 1441 3712 καταργήσει
1486 3643 1667 3694 πᾶσαν
1715 3642 1891 3713 ἀρχὴν
1939 3644 2034 3696 καὶ

461 3732 707 3799 ἐξουσίαν
746 3735 840 3788 καὶ
872 3732 1120 3801 δύναμιν,
1155 3732 1251 3787 καὶ
1277 3733 1369 3786 τὸν
1397 3733 1643 3788 διάϐολον
1682 3735 1777 3789 καὶ
1802 3734 1901 3797 τάς
1925 3733 2034 3787 τῶν

460 3824 729 3896 δαιμόνων
761 3827 1044 3895 φάλαγγας
1073 3826 1172 3889 τὰς
1200 3825 1486 3891 τοσαύτας,
1523 3827 1614 3880 καὶ
1647 3826 1755 3881 τῶν
1791 3826 2036 3881 ἀπίστων

461 3916 532 3970 τὰ
577 3916 761 3987 πλήθη
808 3915 904 3970 καὶ
942 3916 1036 3971 τοῦ
1082 3915 1313 3970 θανάτου
1351 3917 1452 3987 τήν
1498 3916 1789 3989 τυραννίδα
1826 3918 1922 3970 καὶ
1967 3918 2038 3972 τά

464 4005 613 4060 κακά
649 4004 888 4072 ἅπαντα,
921 4005 1184 4078 φοϐηθῇς,
1224 4007 1301 4072 ώς
1349 4007 1666 4073 ἀτονοῦντος
1695 4008 1857 4063 αὑτοῦ
1880 4025 1894 4041 ·
1931 4008 2038 4074 ἕως

464 4094 581 4167 γάρ
603 4095 669 4150 ἂν
703 4097 907 4169 ποιήσῃ
930 4096 1106 4151 ταῦτα
1136 4098 1343 4162 πάντα,
1379 4097 1460 4151 δεῖ
1489 4098 1796 4168 βασιλεύειν
1838 4101 2000 4155 αὑτόν
2020 4117 2034 4133 ·

464 4190 530 4242 οὑ
572 4186 727 4242 τοῦτο
745 4189 950 4259 λέγων,
991 4191 1073 4244 ὅτι
1110 4188 1249 4261 μετὰ
1293 4189 1355 4242 τὸ
1386 4191 1611 4262 ποιῆσαι
1646 4192 1706 4245 οὑ
1741 4190 2036 4262 βασιλεύει,

468 4277 588 4333 ἁλλ’
615 4280 790 4332 ἐκεῖνο
825 4279 1274 4344 κατασκευάζων,
1309 4281 1391 4334 ὅτι
1421 4280 1526 4333 κάν
1560 4282 1635 4351 μὴ
1668 4281 1763 4336 νῦν
1794 4283 2037 4355 γένηται,

471 4368 689 4433 πάντως
708 4369 881 4424 ἔσται.
909 4370 983 4424 Οὑ
1005 4370 1115 4441 γάρ
1143 4370 1491 4424 διακόπτεται
1520 4372 1683 4425 αὑτοῦ
1707 4375 1741 4445 ή
1771 4374 2036 4444 βασιλεία·

469 4462 665 4532 κρατεῖ
711 4460 821 4533 γὰρ
874 4460 971 4515 καὶ
1010 4460 1183 4533 ἰσχύει
1219 4462 1316 4515 καὶ
1370 4461 1557 4533 μένει,
1602 4463 1709 4529 ἕως
1754 4464 1822 4519 ἂν
1864 4466 2044 4521 πάντα

471 4551 814 4625 κατορθώσῃ.
841 4552 1014 4606 Τοῦτο
1037 4552 1093 4607 δὲ
1114 4553 1176 4607 τὸ
1208 4552 1329 4617 ἔθος
1352 4556 1446 4608 καὶ
1475 4556 1532 4607 ἐν
1556 4557 1622 4626 τῇ
1652 4556 1867 4628 Παλαιᾷ
1891 4557 2065 4630 εὖροι

472 4659 554 4707 τις
576 4643 663 4711 ἀν,
688 4643 765 4707 ώς
783 4645 912 4699 ὅταν
935 4643 1089 4718 λέγῃ,
1129 4647 1198 4700 Τὸ
1225 4645 1295 4699 δὲ
1320 4645 1484 4715 ῥῆμα
1516 4650 1737 4716 Κυρίου
1765 4652 1927 4719 μένει
1955 4653 2044 4718 εις

474 4737 580 4791 τὸν
596 4736 800 4791 αἰῶνα·
829 4738 940 4801 καὶ,
968 4736 1117 4809 [570]
1138 4737 1222 4792 Σὺ
1251 4735 1318 4791 δὲ
1353 4741 1386 4792 ὁ
1411 4739 1595 4805 αὐτὸς
1626 4735 1700 4805 εἷ,
1722 4741 1917 4797 καὶτὰ
1935 4743 2040 4811 ἔτη

474 4841 590 4880 σου
609 4828 721 4880 οὐκ
736 4826 1113 4895 ἐπιλείψουσι.
1137 4826 1322 4880 Ταῦτα
1341 4827 1399 4882 δὲ
1415 4828 1562 4898 λέγει
1580 4831 1609 4883 6
1631 4833 1921 4904 προφήτης
1950 4833 2046 4887 καὶ

474 4917 542 4971 τά
556 4918 803 4983 τοιαῦτα,
825 4917 1045 4973 ἐπειδὰν
1064 4919 1190 4991 περὶ
1212 4919 1555 4991 πραγμάτων
1572 4921 2045 4996 διηγῆται⁶μακρῷ

474 5007 653 5080 χρόνῳ
701 5008 1154 5080 κατορθουμένων
1203 5009 1298 5064 καὶ
1335 5011 1555 5074 πάντως
1602 5012 1893 5083 ἐσομένων,
1945 5016 2045 5086 τὴν

475 5092 676 5154 δειλίαν
696 5099 805 5154 τῶν
828 5100 1152 5174 παχυτέρων
1188 5100 1474 5170 ἀκροατῶν
1499 5101 1800 5159 ἐκϐάλλων.
1833 5104 1960 5158 Ὀτι
1988 5106 2046 5160 δὲ

474 5187 559 5254 τὸ,
585 5191 803 5261 Ἀχρις,
833 5191 925 5244 ἐπὶ
958 5190 1093 5245 Θεοῦ
1126 5190 1436 5263 λεγόμενον,
1465 5193 1560 5247 καὶ
1598 5193 1766 5260 Ἕως,
1795 5196 1893 5249 οὑκ
1929 5196 2046 5251 ἔστι

476 5278 684 5344 τέλους,
710 5281 940 5336 ἄκουσον
966 5282 1020 5334 τί
1044 5299 1226 5354 φησιν·
1269 5282 1412 5337 Ἀπὸ
1438 5283 1542 5337 τοῦ
1566 5282 1781 5351 αἰῶνος
1806 5285 1906 5338 καί
1936 5286 2049 5353 ἕως

477 5369 589 5426 τοῦ
612 5371 827 5440 αιῶνος
859 5373 941 5428 σὺ
962 5373 1033 5428 εἷ·
1062 5377 1156 5426 καὶ
1187 5374 1368 5441 πάλιν,
1406 5375 1553 5444 Ἐγώ
1581 5380 1719 5445 εἰμι’
1746 5377 1864 5441 καὶ,
1893 5378 2050 5445 Ἕως

478 5462 561 5517 ἂν
585 5464 1046 5534 κατατηράσετε,
1207 5467 1342 5536 εἰμι.
1370 5467 1469 5520 Διά
1496 5467 1561 5539 δὴ
1586 5468 1743 5521 τοῦτο
1766 5469 1860 5522 καὶ
1885 5468 2049 5540 ἐσχα-

481 5569 576 5608 τον
610 5552 829 5623 τίθησιν
863 5555 955 5609 τὸν
1000 5554 1265 5622 θάνατον,
1305 5557 1391 5611 ἵνα
1430 5558 1539 5611 ἀπὸ
1575 5558 1675 5630 τῆς
1714 5559 1826 5612 τῶν
1876 5561 2049 5616 ἄλλωηο

481 5642 641 5712 νίκης
662 5645 755 5698 καὶ
772 5639 931 5700 τοῦτο
950 5646 1356 5718 εὑπαράδεκτυν
1372 5648 1597 5718 γένηται
1616 5651 1695 5722 τῷ
1712 5652 2050 5707 ἀπιστοῦντι.

1392 332 1462 388 IN
1506 330 1723 388 EPIST.
1762 334 1780 389 ι
1830 332 1921 389 AD
1958 332 2118 389 con.
2152 292 2390 391 ιιοιιιὶ..
2423 336 2665 395 xxxux.

3579 348 3689 405 340

2115 449 2365 516 θάνατον,
2388 454 2571 525 πολλῷ
2595 455 2796 526 μᾶλλον
2812 460 2873 510 τὸ
2891 457 3051 528 ἔργον
3068 459 3126 512 τδ
3140 458 3351 514 ἐκείνου
3376 460 3689 516 καταλύσει.
3742 490 3749 499 -

2129 537 2283 591 Ἐπεὶ
2308 534 2402 593 οὑν
2423 541 2603 595 πάντα
2632 540 2782 613 αὑτῷ
2808 544 3149 612 ἀνατέθεικε,
3181 545 3245 599 τὸ
3271 550 3570 617 καταργείν
3591 553 3689 612 τὰς

2116 627 2313 697 ἀρχὰς,
2347 629 2448 694 τὰς
2475 630 2745 695 ἐξουσίας,
2779 633 2842 686 τὸ
2878 634 3222 706 κατορθῶσαι
3254 635 3351 709 τὴν
3393 636 3690 708 βασιλείαν,

2115 717 2262 788 λέγω
2287 720 2352 792 δὴ
2379 722 2489 774 τῶν
2522 722 2731 775 πιστῶν
2773 722 2872 794 τὴν
2912 727 3187 795 σωτηρίαν
3210 767 3226 794 ,
3256 728 3355 795 τὴν
3379 729 3481 799 τῆς
3506 731 3692 783 οἰκου-

2118 810 2287 881 μένης
2315 813 2572 883 εἰρήνην,
2594 813 2695 886 τὴν
2722 814 2831 867 τῶν
2856 816 3043 869 κακῶν
3071 817 3348 889 ἀναίρεσιν
3376 819 3554 890 (τοῦτο
3584 821 3692 892 γάρ

2115 901 2232 954 ἔστι
2260 901 2358 972 τήν
2410 902 2686 973 βασιλείαν
2725 905 3106 976 κατορθῶσαι,
3151 909 3214 962 τὸ
3260 910 3562 964 καταλῦσαι
3599 913 3693 966 τὸν

2117 992 2388 1065 θάνατον)·
2416 997 2512 1050 καὶ
2541 997 2642 1050 οὑκ
2672 992 2848 1062 εἶπεν,
2883 999 2965 1052 ὅτι
2988 1001 3018 1052 6
3046 1001 3234 1071 Πατὴρ
3259 1001 3328 1054 δι’
3354 1002 3542 1068 αὑτοῦ,
3574 1002 3691 1056 ἀλλ’

2116 1088 2280 1152 αὑτὸς
2323 1089 2685 1160 καταργήσει,
2727 1092 2821 1145 καὶ
2853 1091 3015 1156 αὑτὸς
3043 1092 3197 1163 θήσει
3228 1093 3334 1146 ὑπὸ
3360 1097 3487 1159 τοὺς
3524 1095 3689 1161 πόδας

2116 1180 2304 1242 αὑτοῦ,
2332 1181 2427 1235 καί.
2450 1180 2688 1253 οὐδαμοῦ
2716 1182 2809 1236 τοῦ
2843 1183 3236 1254 γεγεννηκότος
3263 1186 3687 1257 ἐμνημόνευσεν·

2116 1272 2359 1343 ἐφοϐήθη
2398 1273 2606 1338 λοιπον,
2655 1275 2730 1345 μὴ
2759 1274 2849 1328 διὰ
2875 1275 3038 1329 τοῦτο
3073 1275 3201 1348 δόξῃ
3245 1276 3400 1346 παρά
3442 1294 3552 1330 τισι
3580 1278 3692 1333 τῶν

2116 1363 2474 1436 ἀλογωτέρων
2501 1366 2535 1435 ἢ
2570 1366 2773 1437 μείζων
2806 1363 2945 1421 εἶναι
2986 1366 3082 1420 τοῦ
3130 1368 3343 1440 Πατρός
3383 1370 3412 1422 6
3454 1369 3603 1435 Υἱὸς,
3653 1371 3688 1442 ἢ

2118 1453 2282 1524 ἑτέρα
2328 1472 2414 1518 τις
2459 1456 2602 1528 ἀρχὴ
2658 1458 2972 1527 ἀγέννητος·
3023 1461 3116 1511 καὶ
3163 1458 3251 1512 διά
3296 1458 3457 1513 τοῦτο
3509 1461 3695 1532 ἡρέμα

2117 1546 2547 1618 ἀσφαλιζόμενος
2575 1548 2980 1621 παραμυθεῖται
3020 1550 3113 1603 τὸν
3136 1549 3302 1619 δγκον
3330 1551 3440 1604 τῶν
3466 1552 3694 1623 εἰρημέ-

2118 1652 2246 1700 νων,
2273 1634 2468 1704 λέγων·
2492 1636 2696 1691 Πάντα
2726 1638 2836 1708 γὰρ
2863 1638 3164 1703 ὑπέταξεν
3186 1639 3309 1695 ὑπὸ
3332 1640 3476 1705 τοὺς
3504 1640 3696 1706 πόδας

2119 1726 2327 1782 αὐτοῦ·
2359 1726 2520 1785 πάλιν
2548 1727 2628 1798 τῷ
2665 1730 2840 1801 Πατρί
2868 1729 2938 1783 τά
2967 1730 3372 1803 κατορθώματα
3398 1730 3695 1795 ἀνατιθεὶς,

2117 1815 2217 1886 οὑχ
2241 1815 2319 1878 ώς
2344 1815 2659 1880 ἀτονοῦντος
2687 1818 2782 1871 τοῦ
2809 1818 3006 1883 Παιδὸς
3042 1818 3060 1890 (
3088 1821 3206 1884 πῶς
3235 1821 3363 1891 γάρ,
3392 1813 3437 1889 ᾧ
3459 1821 3698 1875 τοσαῦτα

2119 1907 2507 1980 ἐμαρτύρησεν
2536 1908 2867 1981 ἔμπροσθεν,
2908 1912 3004 1965 καὶ
3044 1911 3223 1966 πάντα
3257 1912 3488 1984 ἀνέθηκε
3513 1914 3582 1967 τὰ
3615 1915 3696 1967 εἰ·

2123 2001 2371 2072 ρημένα;
2397 2001 2438 2072 ),
2477 2001 2612 2056 ἀλλά
2646 2001 2735 2056 διὰ
2787 2002 2886 2074 τὴν
2936 2002 3117 2056 αἰτίαν
3145 2005 3212 2074 ἢν
3251 1999 3443 2071 εἷπον,
3483 2005 3578 2058 καὶ
3610 2005 3698 2058 ἵνα

2120 2090 2268 2163 δείξῃ
2295 2092 2451 2145 κοινά
2475 2091 2651 2162 Πατρὶ
2686 2092 2780 2145 καὶ
2821 2091 2936 2164 Υίῷ
2966 2092 3036 2146 τά
3064 2093 3200 2165 ὑπὲρ
3242 2092 3400 2164 ήμῶν
3429 2095 3698 2165 γενόμενα

2122 2180 2361 2237 ἅπαντα.
2399 2183 2522 2237 Ὀτι
2559 2182 2669 2255 γάρ
2707 2183 2869 2246 αὑτὸς
2894 2183 3072 2255 ἑαυτῷ
3102 2185 3335 2256 ἦρκεσεν
3370 2185 3451 2249 είς
3478 2184 3540 2238 τὸ
3567 2185 3700 2238 ὑπο-

2120 2273 2278 2339 τάξαι
2300 2273 2451 2345 αὑτῷ
2484 2276 2551 2328 τά
2584 2275 2782 2340 πάντα,
2811 2276 3043 2330 ἄκουσον
3072 2275 3234 2330 πάλιν
3266 2275 3479 2330 Παύλου
3512 2275 3698 2345 λέγον-

2122 2380 2234 2428 τος·
2281 2366 2384 2428 Ὃς
2422 2368 2939 2436 μετασχηματίσει
2972 2368 3039 2422 τὸ
3070 2367 3241 2438 σῶμα
3272 2369 3382 2436 τῆς
3418 2369 3700 2422 ταπεινώ-

2124 2472 2279 2523 σεως
2302 2455 2473 2526 ἡμῶν
2497 2460 2585 2525 εἰς
2607 2458 2674 2513 τὸ
2701 2462 2978 2529 γενέσθαι
3000 2461 3356 2530 σύμμορφον
3374 2460 3454 2527 τῷ
3473 2460 3699 2530 σώματι

2124 2549 2235 2617 τῆς
2270 2549 2456 2617 δόξης
2487 2549 2695 2615 αὑτοῦ,
2722 2554 2873 2606 κατὰ
2900 2551 3014 2620 τὴν
3037 2551 3343 2621 ἐνέργειαν
3374 2550 3479 2606 τοῦ
3515 2551 3697 2607 δύνα-

2124 2642 2265 2695 σθαι
2304 2641 2490 2694 αὐτὸν
2526 2640 2627 2694 καί
2652 2640 2948 2705 ὑποτάξαι
2974 2640 3165 2704 ἐαυτῷ
3196 2642 3270 2696 τὰ
3305 2640 3522 2694 πάντα.
3564 2636 3699 2695 Εἶτα

2125 2732 2221 2785 καὶ
2258 2730 2636 2802 ὲπιδιορθώσει
2674 2732 2940 2802 κέχρηται
2969 2732 3175 2800 λέγων·
3225 2733 3415 2786 Ὅταν
3439 2732 3508 2785 δὲ
3533 2732 3698 2804 εἴπῃ.

2126 2820 2217 2876 ὅτι
2259 2821 2336 2876 Τὰ
2371 2822 2570 2875 πάντα
2594 2822 3009 2888 ὑποτέτακται,
3053 2822 3248 2892 δῆλον
3282 2823 3370 2877 ὅτι
3396 2821 3571 2889 ἐκτὸς
3594 2822 3700 2876 τοῦ

2126 2913 2546 2978 ὑποτάξαντος
2581 2913 2740 2979 αὐτῷ
2769 2916 2845 2968 τὰ
2878 2913 3106 2978 πάντα,
3139 2915 3198 2968 οὑ
3230 2915 3434 2986 μικρὰν
3477 2913 3703 2970 κάντεῦ-

2128 3002 2220 3055 θεν
2246 3002 2325 3073 τῷ
2350 3004 2648 3071 Μονογενεί
2690 3004 2983 3075 μαρτυρῶν
3011 3004 3188 3072 δόξαν.
3218 3006 3283 3059 Εἰ
3325 3005 3434 3077 γάρ
3465 3005 3703 3061 ἐλάττων

2127 3087 2198 3163 ἦν
2225 3094 2321 3147 καὶ
2352 3094 2487 3148 πολὺ
2532 3094 2952 3167 καταδεέστερος
2976 3137 2991 3161 ,
3022 3096 3121 3150 οὑκ
3161 3096 3227 3150 ἂν
3258 3097 3417 3150 τοῦτο
3459 3096 3701 3168 ἐφοϐήθη

2128 3183 2190 3236 τὺ
2228 3185 2346 3248 δέος
2375 3186 2527 3238 ποτέ.
2567 3186 2678 3238 Καὶ
2723 3184 2845 3238 οὑδὲ
2896 3184 3069 3256 τούτῳ
3106 3187 3389 3256 ἀρκεῖται,
3435 3186 3573 3241 ἀλλά
3610 3184 3703 3240 καὶ

2129 3276 2316 3349 ἕτερον
2345 3275 2666 3348 προστίθησι
2693 3275 2888 3345 λέγων.
2925 3276 3042 3330 Ἵνα
3070 3277 3179 3347 γὰρ
3210 3280 3283 3348 μή
3313 3293 3399 3341 τις
3424 3274 3705 3351 ὑποπτεύῃ

2132 3369 2228 3423 καὶ
2252 3368 2409 3440 λέγῃ·
2435 3367 2500 3419 Τί
2538 3366 2668 3437 γάρ,
2698 3368 2748 3420 εἰ
2786 3368 2881 3420 καὶ
2914 3365 2989 3438 μὴ
3032 3369 3397 3423 ὑποτέτακται
3421 3372 3449 3423 6
3475 3371 3700 3442 Πατήρ;

2132 3460 2285 3514 οὐδὲν
2307 3459 2465 3512 τοῦτο
2488 3458 2686 3512 κωλύει
2717 3458 3061 3530 ἰσχυρότερον
3081 3455 3221 3514 εἶναι
3241 3460 3331 3513 τὸν
3359 3460 3504 3526 Υἰὸν,
3524 3461 3704 3525 δείσας

2133 3551 2231 3619 τὴν
2257 3551 2429 3621 ἀσεϐῆ
2457 3550 2659 3621 ταύτην
2686 3551 2964 3613 ὑπόνοιαν,
2990 3551 3179 3621 ἐπειδὴ
3208 3552 3384 3605 ἐκεῖνο
3414 3553 3514 3606 οὑκ
3544 3553 3704 3624 ἢρκει

2134 3643 2230 3697 καὶ
2260 3641 2417 3695 τοῦτο
2445 3641 2614 3704 δεῖξαι
2637 3683 2653 3705 ,
2683 3640 3021 3712 προσέθηκεν
3044 3644 3107 3695 ὲκ
3136 3642 3454 3713 περιουσίας
3481 3642 3701 3714 πολλῆς·

2137 3735 2324 3788 Ὅταν
2351 3734 2419 3786 δὲ
2442 3731 2711 3801 ὑποταγῇ
2733 3731 2893 3798 αὐτῷ
2917 3732 2987 3786 τὰ
3011 3734 3227 3797 πάντα,
3255 3737 3385 3790 τότε
3404 3736 3503 3790 καί
3525 3736 3708 3803 αὐτὸς

2136 3828 2169 3880 ό
2201 3825 2334 3890 Υίύς
2358 3823 2822 3893 ὑποταγήσεται·
2852 3825 2950 3895 τὴν
2973 3824 3173 3896 πολλὴν
3203 3824 3339 3895 πρὸς
3370 3827 3461 3880 τὸν
3487 3827 3708 3898 Πατέρα

2136 3915 2388 3987 ὁμόνοιαν
2427 3914 2675 3979 δεικνὺς,
2718 3916 2812 3968 καὶ
2856 3915 2938 3968 ὅτι
2975 3910 3129 3979 οὗτος
3157 3918 3300 3987 ἀρχὴ
3343 3918 3562 3972 πάντων
3599 3917 3708 3971 τῶν

2137 4008 2361 4078 ἀγαθῶν
2396 4008 2491 4061 καὶ
2530 4009 2679 4062 αἰτία
2708 4011 2899 4082 πρώτη
2924 4049 2940 4075 ,
2967 4010 2995 4062 ὁ
3023 4008 3113 4062 τὸν
3149 4008 3386 4061 τοσαῦτα
3412 4008 3708 4078 δυνάμενον

2139 4102 2234 4157 καὶ
2271 4100 2640 4172 κατορθοῦντα
2677 4101 3041 4172 γεγεννηκώς.
3360 4090 3363 4091 ν

2212 4191 2361 4265 [371]
2382 4193 2533 4257 ς’.Εί
2552 4191 2607 4245 δὲ
2638 4192 2797 4245 πλέον
2820 4190 3087 4263 εἰρηκενῆ
3105 4189 3301 4263 ἀπῄτει
3336 4186 3430 4242 τοῦ
3453 4187 3713 4259 πράγμα-

2139 4302 2231 4350 τος
2259 4288 2292 4357 ή
2337 4286 2596 4350 ὑπόθεσις
2620 4329 2634 4351 ,
2665 4285 2740 4357 μὴ
2780 4284 3093 4355 θαυμάσῃς·
3119 4283 3212 4336 τὸν
3248 4282 3358 4353 γὰρ
3383 4281 3713 4337 Διδάσκαλον

2142 4378 2232 4433 τὸν
2266 4379 2462 4432 ἑαυτοῦ
2503 4379 2834 4449 μιμούμενος
2856 4415 2871 4439 ,
2897 4376 3070 4430 ταῦτα
3107 4377 3268 4429 ποιεί.
3307 4376 3416 4429 Καὶ
3444 4375 3553 4446 γὰρ
3580 4374 3712 4444 ὁμό-

2141 4487 2295 4527 νοιαν
2324 4470 2484 4533 αὑτὸς
2505 4469 2677 4535 δεῖξαι
2705 4468 3028 4539 βουλόμενος
3054 4466 3192 4537 πρὸς
3214 4465 3304 4518 τὸν
3325 4464 3712 4533 γεγεννηκότα,

2144 4559 2240 4613 καὶ
2269 4559 2351 4611 ὅτι
2390 4558 2450 4611 οὑ
2491 4558 2641 4629 παρά
2689 4555 2917 4627 γνώμην
2966 4555 3131 4609 αὑτοῦ
3166 4554 3428 4623 ἀφῖκται,
3460 4552 3714 4607 τοσοῦτον

2144 4650 2485 4714 καταϐαίνει,
2504 4649 2601 4719 οὑχ
2618 4650 2741 4702 ὅσον
2761 4648 2958 4719 ἀπῄτει
2977 4647 3076 4715 τῆς
3094 4647 3346 4716 ὁμονοίας
3363 4648 3396 4718 ή
3419 4643 3711 4711 ἀπόδειξις,

2143 4742 2259 4796 ἀλλ’
2275 4743 2397 4794 ὅσον
2410 4741 2579 4793 ἐδεῖτο
2591 4738 2702 4792 τῶν
2720 4738 3004 4810 παρόντων
3018 4739 3051 4809 ή
3071 4735 3342 4793 ἀσθένεια,
3364 4735 3716 4807 Εὑχεταιγάρ

2144 4833 2223 4904 τῷ
2257 4831 2609 4902 γεγεννηκότι
2640 4830 2714 4903 διζ
2740 4830 2891 4883 οὐδὲν
2920 4829 3068 4892 ἀλλο,
3098 4829 3131 4899 ἢ
3165 4828 3252 4881 διά
3284 4825 3462 4890 τοῦτο,
3491 4826 3585 4881 καὶ
3615 4824 3715 4896 τὴν

2146 4926 2324 4979 αἰτίαν
2365 4923 2533 4987 τιθείς
2581 4938 2781 4992 φησιν,
2822 4921 2955 4974 Ἵνα
2987 4919 3355 4973 πιστεύωσιν
3384 4918 3474 4972 ὅτι
3521 4918 3603 4972 σύ
3637 4934 3716 4989 με

2145 5015 2528 5079 ἀπέστειλας.
2568 5010 2767 5065 Τοῦτον
2817 5004 2910 5062 οὖν
2963 5008 3299 5079 μιμούμενος
3348 5007 3443 5061 καὶ
3485 5007 3716 5061 ἐνταῦθα

2148 5109 2212 5162 ὲκ
2251 5106 2565 5177 περιουσίας
2605 5105 2673 5174 τῇ
2711 5100 2855 5166 λέξει
2892 5100 3189 5171 κέχρηται,
3216 5100 3312 5171 οὑχ
3354 5100 3442 5153 ἴνα
3474 5099 3717 5154 δουλείαν

2148 5195 2676 5268 κατηναγκασμένην
2713 5191 3080 5264 ὑποπτεύσῃς,
3121 5191 3321 5259 ἄπαγε,
3365 5190 3482 5245 ἀλλ’
3527 5190 3614 5244 [va
3650 5190 3719 5242 τὰ

2148 5287 2327 5343 ἄτοπα
2368 5287 2550 5338 ἐκεῖνα
2581 5283 2826 5356 δόγματα
2871 5285 2936 5337 ἐκ
2973 5282 3287 5353 περιουσίας
3334 5279 3560 5351 ἐκϐάλῃ,
3609 5280 3720 5332 Καὶ

2148 5379 2259 5450 γὰρ
2296 5378 2424 5431 ὅταν
2460 5375 2716 5447 βούληταί
2758 5393 2813 5428 τι
2841 5373 3136 5447 πρόρριζον
3181 5371 3516 5436 ἀνασπάσαι,
3552 5368 3720 5440 πολλῇ

2150 5470 2418 5539 κέχρηται
2440 5468 2505 5538 τῇ
2534 5465 2839 5536 περιουσίᾳ.
2865 5463 3021 5516 Οὑτω
3042 5461 3173 5530 γοῦν
3199 5459 3293 5513 καὶ
3316 5458 3446 5530 περὶ
3465 5457 3722 5525 γυναικὸς

2154 5558 2352 5628 πιστῆς
2378 5556 2554 5625 λέγων
2580 5556 2677 5610 καὶ
2718 5553 2910 5625 ἀνδρὸς
2939 5552 3171 5607 ἀπίστου
3201 5548 3529 5619 ὁμιλούντων
3557 5549 3722 5621 ἀλλή-

2154 5651 2268 5714 λοις
2291 5648 2440 5720 νόμῳ
2471 5647 2672 5719 γάμου,
2705 5645 2792 5699 ἵνα
2825 5644 2899 5717 μὴ
2925 5642 3121 5714 νομίσῃ
3154 5643 3188 5711 ή
3215 5640 3354 5711 γυνὴ
3402 5639 3724 5711 μολύνεσθαι

488 5729 663 5787 Ὅταν
698 5733 808 5806 γὰρ
839 5735 930 5789 τὸν
961 5735 1204 5790 διάϐολον
1233 5736 1396 5808 ἀνέλῃ
1431 5737 1521 5792 τὸν
1569 5741 1931 5810 εἰσαγαγόντα
1964 5742 2055 5798 τὸν
2155 5741 2264 5798 ἀπὺ
2298 5740 2398 5812 τῆς
2426 5738 2625 5812 μίξεως
2665 5738 2761 5792 καὶ
2794 5736 2906 5791 τῶν
2949 5733 3299 5810 περιπλοκῶν
3326 5735 3435 5788 τὼν
3472 5736 3599 5806 περὶ
3635 5732 3725 5788 τὸν
