4122 6226
421 404 521 462 511

417 521 858 582 consuetudinem
888 518 1004 589 lege
1030 510 1392 576 matrimonii;
1426 527 1494 565 ne
1522 508 1856 564 existimaret
1878 521 1999 558 mu-

419 618 521 672 lier
549 631 607 670 se
641 612 803 684 pollui
833 627 898 665 ex
924 606 1210 662 concubitu
1237 613 1289 658 et
1309 602 1592 670 complexu
1625 598 1871 662 inﬁdelis,
1899 612 2004 650 non

416 707 553 762 dixit
577 704 856 760 mulierem
883 715 1004 755 esse
1030 695 1359 752 immundam
1379 735 1394 759 ,
1427 701 1482 748 et
1512 691 1644 747 nihil
1686 690 1806 745 lazdi
1833 689 1899 743 ab
1927 689 2008 742 in-

419 800 585 864 ﬁdeli,
615 797 709 853 sed
735 793 878 864 quod
908 800 990 847 est
1012 791 1180 844 multo
1200 787 1452 858 amplius,
1479 801 1574 855 per
1606 785 1775 854 ipsam
1807 781 2004 836 sancti-

427 893 648 946 ﬁcatum
676 903 797 943 esse
823 885 1092 941 inﬁdelem
1127 883 1217 950 (1.
1251 881 1370 935 Cor.
1399 880 1452 934 7.
1487 879 1586 948 14)
1618 892 1762 932 :non
1785 877 1887 930 hoc
1915 889 2004 931 vo-

415 985 532 1039 lens
554 980 841 1037 ostendere
861 1020 874 1040 ,
907 976 1050 1046 quod
1078 974 1296 1029 Graecus
1346 972 1514 1026 factus
1544 971 1614 1024 sit
1643 985 1710 1024 ex
1745 969 1833 1023 illa
1865 983 1993 1024 san-

417 1086 568 1144 ctus,
600 1075 698 1130 sed
729 1071 878 1127 verbi
920 1067 1332 1138 exsuperatione
1381 1064 1600 1118 studens
1645 1061 1762 1131 ejus
1805 1070 2004 1114 metum

416 1168 650 1223 Solvere.
683 1165 756 1218 Ita
793 1162 880 1217 hic
906 1174 1154 1231 quoque,
1186 1173 1308 1212 cum
1343 1154 1592 1210 dictionis
1622 1154 1671 1207 vi
1714 1151 2007 1206 studuisset

423 1259 644 1329 impium
678 1255 805 1310 illud
832 1255 1023 1322 dogma
1051 1250 1238 1306 tollere
1258 1289 1274 1314 ,
1301 1247 1436 1306 dixit
1479 1244 1530 1300 id
1560 1242 1704 1314 quod
1728 1242 1881 1306 dixit.
1915 1240 2004 1296 Si-

419 1359 510 1408 cut
535 1351 678 1405 enim
718 1345 1038 1400 imbecillem
1071 1341 1266 1396 Filium
1307 1335 1604 1407 suspicari,
1638 1342 1724 1388 est
1747 1342 2005 1388 extremas

421 1439 713 1512 iniquitatis
741 1456 754 1493 :
785 1434 1134 1507 quamobrem
1184 1432 1237 1488 id
1273 1429 1534 1500 corrigit,
1565 1427 1751 1482 dicens
1771 1467 1785 1488 ,
1821 1423 2007 1478 Omnes

423 1535 654 1589 inimicos
703 1547 823 1586 suos
872 1536 1020 1598 ponet
1052 1525 1142 1579 sub
1173 1522 1381 1595 pedibus
1421 1521 1568 1576 suis:
1596 1519 1666 1572 ita
1714 1532 1902 1572 rursus
1924 1524 2008 1571 est

423 1626 525 1680 hoc
549 1623 716 1692 magis
743 1619 965 1690 impium
988 1616 1300 1672 existimare
1327 1613 1540 1667 Patrem
1571 1610 1663 1665 illo
1683 1624 1804 1664 eSse
1835 1609 2007 1662 mino-

421 1730 556 1771 rem.
586 1711 942 1780 Quamobrem
972 1708 1028 1764 id
1056 1722 1268 1776 quoque
1301 1704 1442 1758 tollit
1469 1717 1590 1758 cum
1617 1715 1810 1771 magna
1839 1713 2005 1754 exsu-

422 1809 718 1880 peratione.
749 1804 882 1858 Vide
913 1809 1094 1856 autem
1122 1796 1390 1867 quomodo
1419 1795 1471 1850 id
1507 1803 1701 1864 ponat:
1731 1808 1839 1846 non
1864 1791 2008 1847 dixit

421 1904 564 1956 enim
596 1896 928 1966 simpliciter,
962 1890 1156 1945 Pueter
1181 1904 1294 1942 eum
1320 1888 1403 1955 qui
1433 1885 1678 1955 subjecit,
1722 1883 1817 1938 sed
1855 1882 2007 1952 adje-

421 1996 516 2055 cit,
550 1991 672 2044 Sine
700 1986 872 2050 dubio,
897 1998 1008 2036 rem
1037 1981 1364 2036 conﬁrmans
1391 1988 1446 2034 et
1476 1976 1742 2038 muniens,
1765 1974 2007 2044 quamvis

423 2086 490 2138 de
520 2085 606 2138 illa
631 2083 744 2152 jam
773 2087 1004 2135 constet.
1049 2076 1116 2130 Et
1157 2082 1218 2127 ut
1266 2072 1404 2126 scias
1445 2069 1584 2124 hanc
1630 2081 1749 2123 esse
1788 2081 2004 2121 causam

425 2193 613 2232 eorum
646 2189 766 2244 qua:
791 2173 933 2226 dicta
963 2176 1108 2234 sunt,
1133 2165 1264 2220 illud
1291 2180 1356 2218 ex
1391 2173 1443 2217 te
1473 2159 1821 2222 sciscitabar,
1853 2158 2008 2212 Fitne

427 2279 554 2323 tunc
581 2265 816 2320 accessio
843 2259 1196 2330 subjectionis
1226 2255 1399 2310 Filio?
1419 2267 1474 2308 et
1500 2251 1769 2322 quomodo
1795 2266 1902 2304 non
1923 2259 2008 2305 est

423 2358 737 2421 absurdum,
771 2366 823 2410 et
861 2355 970 2408 Deo
1000 2349 1317 2420 indignum?
1344 2345 1576 2400 maxima
1604 2344 1746 2398 enim
1778 2350 1861 2398 est
1882 2341 2008 2396 sub-

416 2452 583 2523 jectio
608 2459 664 2505 et
705 2445 1008 2503 obedientia
1031 2485 1048 2509 ,
1093 2440 1235 2513 quod
1266 2455 1386 2494 cum
1415 2439 1486 2493 sit
1517 2437 1662 2492 Deus
1684 2477 1699 2503 ,
1726 2436 1867 2490 servi
1896 2435 2005 2489 for-

426 2561 568 2600 mam
597 2542 883 2611 acceperit.
914 2535 1196 2605 Quomodo
1219 2549 1349 2602 ergo
1381 2541 1508 2586 tunc
1533 2527 1884 2598 subjicietur?
1917 2526 2009 2584 Vi-

420 2636 518 2691 des
545 2633 684 2704 quod
705 2630 990 2686 absurdam
1014 2628 1206 2682 tollens
1227 2623 1586 2691 snspiciouem
1611 2619 1713 2674 hoc
1739 2617 2001 2687 posuerit,

423 2727 582 2796 idque
620 2740 740 2779 cum
788 2739 853 2778 eo
895 2736 1001 2790 quo
1045 2733 1140 2788 par
1168 2724 1253 2771 est
1293 2713 1494 2769 sensu?
1544 2710 1678 2768 Nam
1724 2718 1782 2762 ut
1812 2709 2004 2762 Filium

421 2819 580 2872 decet
609 2823 664 2870 et
691 2815 854 2869 Deum
875 2855 892 2879 ,
922 2813 1001 2866 sic
1030 2808 1242 2872 obedit,
1287 2821 1394 2860 non
1435 2817 1586 2857 more
1614 2801 1879 2866 humano,
1910 2798 2006 2858 sed

424 2911 587 2965 libere
602 2924 662 2963 se
682 2921 874 2978 gerens
891 2915 944 2960 et
959 2916 1175 2957 onmem
1213 2899 1415 2953 habens
1433 2903 1774 2966 petestatem.
1795 2891 2006 2961 Alioqui

421 3001 688 3070 quomodo
739 3007 821 3054 est
864 2992 1184 3052 consessor?
1212 2989 1482 3061 quomodo
1520 2986 1662 3044 sicut
1689 2986 1881 3051 Pater,
1925 2985 2007 3040 sic

423 3094 534 3164 ipse
553 3106 763 3162 quoque
783 3103 917 3159 quos
936 3085 1050 3141 vult
1068 3083 1289 3140 suscitat
1305 3080 1486 3155 (Joan.
1509 3079 1563 3135 5.
1587 3077 1679 3149 2t)
1696 3077 1718 3128 7
1736 3075 2006 3148 quomodo

395 3176 538 3258 lquu:
563 3194 690 3242 sunt
717 3183 916 3246 Patris,
945 3187 1074 3236 sunt
1098 3179 1214 3248 ejus
1233 3177 1447 3238 omnia;
1473 3183 1528 3227 et
1567 3187 1687 3242 quae
1713 3170 1830 3240 ejus
1849 3177 2002 3236 sunt,

422 3280 592 3334 Patris
630 3277 834 3349 (Joan.
892 3273 980 3327 17.
1032 3267 1180 3341 10)⁴ἒ
1224 3267 1352 3322 Haec
1401 3265 1544 3320 enim
1575 3265 1730 3319 nobis
1773 3262 2007 3316 indicant

423 3382 661 3428 exactam
712 3378 768 3422 et
814 3365 1100 3436 perfectam
1143 3361 1260 3430 ejus
1305 3373 1429 3412 cum
1458 3357 1617 3411 Patre
1663 3362 2003 3424 potestatem.

420 3463 556 3532 Quid
582 3470 668 3516 est
693 3467 874 3513 autem
897 3495 914 3521 ,
943 3453 1160 3519 Quando
1187 3449 1452 3504 tradiderit
1481 3445 1730 3518 regnum?
1775 3447 1891 3499 [tuo
1914 3459 2004 3498 re-

419 3573 522 3627 gna
571 3555 664 3609 Dei
693 3552 844 3606 novit
883 3547 1152 3616 Scriptura
1181 3561 1196 3596 :
1226 3557 1394 3597 unum
1445 3539 1659 3610 quidem
1687 3553 1754 3594 ex
1783 3537 2006 3607 conjun-

419 3648 593 3700 ctione
618 3659 714 3699 seu
744 3639 1091 3710 proprietate,
1124 3634 1350 3689 alterum
1379 3647 1445 3686 ex
1471 3629 1763 3685 creatione.
1795 3627 1928 3682 Nam
1950 3628 2002 3682 in

419 3752 605 3792 omnes
642 3732 862 3804 quidem
905 3742 1127 3799 regnum
1167 3725 1410 3788 obtinet,
1459 3721 1717 3788 Graecos,
1748 3719 2002 3784 Judaeos,

420 3829 692 3884 ᾱωηιοηεε
714 3865 729 3889 ,
767 3819 1144 3884 adversarios,
1172 3815 1381 3871 ratione
1421 3813 1746 3877 creationis;
1781 3826 2003 3881 regnum

420 3934 599 3978 autem
626 3921 839 3977 obtinet
863 3919 915 3971 in
952 3913 1142 3970 ﬁdeles
1163 3920 1218 3967 et
1245 3909 1578 3965 voluntarios
1616 3917 1672 3960 et
1707 3905 2002 3974 subjectos,

422 4019 632 4074 ratione
656 4009 1070 4082 coniunctionis.
1101 4006 1212 4061 Hoc
1239 4017 1463 4074 regnum
1495 4001 1691 4056 dicitur
1717 3999 1879 4054 etiam
1907 3997 2007 4050 ha-

423 4109 556 4164 bere
587 4107 861 4175 imperium
895 4118 910 4154 :
943 4101 1011 4155 de
1055 4114 1120 4153 eo
1149 4097 1292 4153 enim
1320 4083 1452 4148 dicit
1478 4093 1642 4158 etiam
1672 4091 1723 4144 in
1766 4087 2007 4150 secundo

425 4199 664 4261 Psalmo,
701 4193 907 4248 Postulo
931 4210 965 4246 a
998 4205 1098 4254 me,
1131 4197 1177 4241 et
1202 4185 1331 4240 dabo
1358 4183 1445 4237 tibi
1475 4192 1642 4253 gentes
1667 4181 2007 4246 Itwredt'tateut

423 4302 566 4346 tuam
596 4285 766 4359 (Psal.
791 4284 846 4338 2.
873 4285 930 4354 8)
959 4302 973 4337 :
1001 4281 1070 4337 de
1095 4293 1162 4336 eo
1189 4279 1352 4334 etiam
1385 4276 1500 4346 ipse
1525 4274 1662 4332 dixit
1685 4273 1962 4342 discipulis
1985 4311 2002 4338 ,

423 4384 564 4438 Data
599 4388 673 4434 est
709 4377 832 4431 mihi
849 4376 1013 4431 omnis
1039 4381 1258 4442 potestas
1283 4379 1315 4422 α
1359 4367 1514 4421 Patre
1537 4381 1646 4421 meo
1673 4363 1886 4436 (Matth.
1913 4363 2004 4418 28.

425 4475 540 4543 18);
582 4474 631 4528 ei
663 4471 751 4541 qui
782 4468 966 4540 genuit
993 4464 1172 4522 omnia
1199 4460 1514 4519 adscribcns
1540 4500 1554 4524 ,
1590 4473 1696 4512 non
1723 4457 1864 4526 quod
1892 4457 2008 4527 ipSe

426 4587 533 4625 non
575 4566 838 4630 sufﬁciat,
866 4562 962 4618 sed
987 4559 1286 4616 ostendens
1312 4556 1455 4628 quod
1493 4556 1564 4611 sit
1589 4554 1756 4610 Filius
1775 4595 1790 4618 ,
1818 4561 1874 4608 ct
1898 4569 2006 4608 non

426 4663 717 4734 ingenitus.
773 4659 886 4714 Hoc
925 4671 1053 4726 ergo
1102 4631 1291 4716 tiadit,
1342 4653 1446 4706 hoc
1492 4660 1611 4718 est,
1662 4659 1808 4706 recte
1848 4652 2006 4720 gerit.

425 4757 601 4822 Quare
622 4761 825 4816 autem,
855 4751 1043 4820 inquit,
1069 4747 1202 4802 nihil
1228 4745 1363 4801 dixit
1386 4744 1454 4800 de
1475 4743 1719 4813 Spiritu?
1740 4742 2006 4810 Quoniam

427 4862 570 4903 nunc
596 4847 664 4900 de
695 4846 812 4915 ipso
857 4859 963 4899 non
1003 4842 1212 4912 agitur,
1243 4853 1419 4908 neque
1465 4837 1641 4893 omnia
1682 4835 1841 4890 simul
1873 4849 2006 4888 con-

427 4941 623 4996 fundit.
649 4937 782 4992 Nam
808 4938 970 4992 etiam
1001 4933 1214 5005 quando
1242 4933 1373 4989 dicit
1391 4973 1406 4996 ,
1440 4931 1587 4986 Unus
1613 4929 1746 4984 Deus
1767 4929 1945 4994 Pater,
1964 4937 2011 4981 et

429 5051 560 5090 unus
586 5033 839 5087 Dominus
865 5028 1018 5084 Jesus
1045 5029 1124 5097 (1.
1155 5025 1271 5082 Cor.
1304 5026 1358 5081 8.
1387 5025 1444 5096 6)
1468 5066 1484 5090 ,
1527 5038 1634 5078 non
1663 5021 1882 5077 omnino
1910 5021 2010 5074 mi-

428 5141 616 5182 norem
661 5123 846 5179 sinens
875 5136 998 5177 esse
1042 5118 1331 5189 Spiritum,
1378 5124 1660 5188 propterea
1710 5122 1886 5179 tacet,
1918 5111 2013 5168 sed

428 5218 681 5288 quoniam
705 5227 831 5271 tunc
857 5229 945 5270 res
983 5228 1088 5267 non
1117 5211 1344 5281 urgebat
1369 5251 1384 5276 ,
1413 5209 1516 5264 hoc
1545 5208 1700 5265 dixit.
1731 5207 1843 5264 Scit
1868 5206 2011 5261 enim

429 5321 488 5365 et
517 5309 691 5364 Patris
728 5308 897 5363 solius
943 5304 1292 5369 meminisse;
1322 5317 1420 5358 nec
1443 5301 1564 5356 ideo
1602 5300 1798 5356 Filium
1827 5299 2016 5368 ejicie-

432 5419 552 5458 mus
579 5420 592 5456 :
621 5402 722 5457 scit
741 5401 903 5457 etiam
931 5408 986 5454 et
1009 5397 1131 5453 Filii
1151 5405 1206 5453 et
1230 5395 1461 5464 Spiritus
1487 5395 1655 5450 solius
1680 5391 2012 5456 meminisse;

431 5509 535 5550 nec
561 5503 846 5564 propterea
877 5491 1091 5547 Patrem
1131 5488 1486 5544 abolebimus.
1519 5485 1659 5552 Quid
1684 5493 1769 5539 est
1803 5492 2012 5546 autem,

435 5587 504 5644 Ut
550 5589 616 5642 sit
667 5585 811 5642 Deus
855 5585 1026 5640 omnia
1068 5584 1123 5637 in
1176 5580 1451 5635 omnibus?
1480 5578 1551 5634 Ut
1591 5578 1772 5633 omnia
1803 5577 1870 5632 ab
1899 5576 2017 5645 ipso

431 5681 725 5751 pendeant;
757 5695 826 5734 ne
855 5678 977 5747 quis
1015 5675 1287 5730 existimet
1322 5673 1430 5727 duo
1459 5687 1583 5727 esse
1608 5669 1868 5742 principia
1897 5667 2017 5725 sine

433 5772 721 5844 principio,
752 5783 927 5840 neque
952 5767 1100 5822 aliud
1128 5781 1352 5835 regnum
1378 5764 1627 5820 divisum.
1649 5761 1782 5817 Nam
1804 5759 2019 5832 quando

434 5863 591 5919 strati
622 5863 839 5928 quidem
861 5859 1130 5929 jacuerint
1151 5856 1354 5913 inimici
1384 5857 1483 5914 sub
1505 5854 1731 5928 pedibus
1760 5853 1904 5923 Filii,
1928 5853 2021 5926 qui

791 5959 1059 6020 Psrnon.
1100 5960 1215 6019 Gn.
1260 5962 1419 6021 LXI.

1711 6071 1746 6080 κ

1413 387 1478 444 IN
1517 385 1732 444 EPIST.
1773 383 1793 438 1
1855 384 1946 438 AD
1984 383 2138 439 COD.
2181 384 2412 442 1101111..
2452 387 2694 446 XXXIX.

3581 398 3687 457 3&2

2111 521 2205 561 eos
2232 516 2411 562 autem
2443 507 2601 564 habet
2621 510 2864 578 jacentes
2890 510 2989 565 sub
3021 509 3262 580 pedibus,
3291 525 3412 566 cum
3437 510 3691 570 Genitore

2111 613 2215 654 non
2246 600 2408 666 agitat
2453 599 2808 665 seditionem,
2851 602 2946 657 sed
2989 610 3073 656 est
3120 604 3170 656 in
3215 601 3452 672 perfecta
3479 618 3600 658 cum
3627 620 3692 658 eo

2109 691 2434 756 concordia;
2465 691 2581 760 ipse
2605 693 2708 747 erit
2731 695 2910 748 on’mia
2956 694 3008 749 in
3035 695 3303 750 omnibus.
3334 695 3561 763 Quidam
3593 711 3688 753 au-

2109 794 2218 840 tem
2249 785 2434 850 dicunt
2463 787 2634 855 ipsum
2663 786 2777 842 hanc
2801 788 3002 843 dixisse
3025 830 3040 854 ,
3070 788 3420 859 signiﬁcantia
3447 785 3692 844 abolitio-

2110 892 2233 932 nem
2262 878 2413 946 vitii,
2439 887 2622 947 utpote
2646 895 2767 934 cum
2792 894 2978 934 omnes
2995 879 3249 950 deinceps
3273 879 3467 936 cedant
3490 891 3545 935 et
3570 883 3689 935 nul-

2107 970 2192 1024 lus
2223 969 2456 1036 resistat,
2489 985 2589 1024 nec
2619 971 2848 1040 maligne
2891 986 2951 1027 se
2977 978 3147 1040 gerat.
3173 971 3306 1026 Nam
3336 972 3548 1040 quando
3578 987 3688 1027 non

2107 1061 2271 1119 fuerit
2301 1072 2603 1132 peccatum,
2634 1072 2716 1118 est
2747 1065 3085 1132 perspicuum
3115 1064 3258 1133 quod
3291 1064 3429 1118 Deus
3455 1065 3559 1119 erit
3577 1079 3689 1118 om-

2107 1154 2194 1208 nia
2222 1153 2274 1208 in
2304 1155 2578 1210 onmibus.
2625 1154 2681 1211 Si
2723 1165 2902 1210 autem
2933 1169 3160 1224 corpora
3211 1170 3318 1210 non
3363 1163 3687 1226 resurgunt,

2106 1247 2376 1317 quomodo
2418 1257 2544 1302 sunt
2591 1247 2707 1302 lucc
2751 1249 2920 1302 vera?
2947 1247 3298 1318 gravissimus
3339 1247 3482 1303 enim
3509 1257 3690 1302 manet

2105 1341 2347 1395 omnium
2380 1341 2630 1396 inimicus
2650 1382 2664 1405 ,
2697 1356 2893 1410 nempe
2917 1355 3064 1396 mors
3084 1383 3099 1405 ,
3130 1341 3195 1395 iis
3219 1356 3338 1410 quae
3363 1341 3532 1396 voluit
3556 1356 3689 1397 con-

2107 1431 2280 1487 fectis.
2309 1431 2680 1502 Nequaquam,
2711 1431 2914 1501 inquit;
2942 1446 3116 1500 neque
3137 1431 3280 1486 enim
3307 1431 3535 1500 amplius
3565 1447 3691 1501 pce-

2107 1523 2325 1578 cabunt.
2357 1524 2420 1577 Et
2443 1522 2570 1593 quid
2601 1531 2712 1576 tum
2732 1523 2758 1577 7
2790 1538 2965 1592 neque
2995 1523 3140 1579 enim
3168 1523 3238 1578 de
3265 1532 3437 1579 morte
3465 1525 3690 1586 animat,

2105 1615 2202 1671 sed
2228 1617 2297 1671 de
2344 1625 2519 1671 morte
2566 1616 2809 1685 corporis
2856 1616 2944 1670 hic
2973 1615 3230 1686 loquitur.
3258 1616 3541 1684 Quomodo
3564 1633 3692 1688 ergo

2108 1708 2196 1762 illa
2226 1708 2508 1764 aboletur?
2539 1708 2643 1765 hoc
2670 1719 2753 1764 est
2773 1709 2918 1764 enim
2941 1709 3190 1775 victoria,
3217 1725 3279 1765 ea
3302 1725 3422 1781 qua:
3448 1721 3573 1765 sunt
3597 1714 3695 1766 ab-

2108 1802 2235 1868 lata,
2265 1811 2321 1856 et
2345 1817 2466 1872 quas
2497 1801 2809 1857 detinentur
2835 1803 3130 1872 accepisse.
3177 1804 3231 1859 Si
3261 1813 3440 1858 autem
3469 1805 3522 1859 in
3551 1815 3692 1860 terra

2107 1895 2398 1950 detinenda
2429 1904 2553 1950 sunt
2581 1910 2841 1964 corpora,
2884 1906 3066 1950 manet
3107 1913 3236 1966 ergo
3262 1897 3381 1967 ejus
3417 1899 3690 1970 tyrannis,

2107 2002 2229 2042 cum
2257 1987 2374 2042 hinc
2413 1987 2631 2056 quidem
2659 1987 3041 2050 detineantur,
3083 1988 3228 2042 aliud
3259 1999 3436 2044 autem
3481 2005 3585 2045 non
3625 1992 3697 2045 sit

2108 2095 2306 2150 corpus
2329 2080 2418 2136 ubi
2443 2081 2708 2137 vincatur.
2737 2079 2792 2136 Si
2820 2095 2949 2150 ergo
2979 2080 3082 2134 hoc
3106 2080 3216 2146 ﬁat,
3235 2081 3376 2151 quod
3401 2082 3533 2137 dicit
3554 2082 3691 2137 Pau-

2107 2174 2216 2239 lus,
2249 2174 2389 2230 sicut
2416 2183 2564 2229 certe
2595 2173 2708 2239 ﬁet,
2736 2174 2994 2244 praeclara
3027 2174 3191 2228 etiam
3223 2174 3500 2244 apparebit
3526 2175 3694 2230 vieto-

2109 2265 2210 2328 ria,
2239 2279 2360 2319 cum
2393 2264 2536 2319 Deus
2562 2265 2794 2333 potuerit
2821 2265 3081 2319 suscitare
3106 2265 3194 2318 illa
3217 2281 3336 2335 qua:
3365 2265 3433 2319 ab
3459 2267 3571 2336 ipsa
3600 2267 3698 2323 de-

2110 2366 2256 2413 tenta
2286 2366 2414 2412 sunt
2441 2371 2688 2427 corpora.
2723 2357 2854 2411 Nam
2880 2369 3006 2412 tunc
3035 2357 3200 2412 vincit
3223 2358 3484 2427 quispiam
3515 2359 3696 2414 inimi-

2107 2462 2253 2512 cum,
2281 2447 2497 2517 quando
2517 2448 2790 2517 acceperit
2814 2448 3007 2516 spolia,
3038 2463 3148 2510 non
3173 2449 3390 2518 quando
3412 2450 3523 2519 ipsa
3553 2451 3695 2506 sive-

2107 2538 2180 2594 rit
2223 2538 2364 2609 apud
2392 2554 2513 2594 eum
2543 2554 2762 2594 manere
2791 2557 2805 2593 :
2833 2539 2879 2594 si
2909 2555 3071 2594 nemo
3123 2549 3301 2596 autem
3343 2542 3536 2598 audeat
3573 2555 3695 2611 quas

2107 2640 2235 2686 sunt
2261 2631 2378 2700 ejus
2405 2632 2670 2700 accipere,
2695 2631 2968 2700 quomodo
2989 2631 3286 2687 dixerimus
3309 2647 3430 2688 esse
3457 2633 3694 2689 victum?

2183 2723 2235 2776 7.
2270 2723 2382 2778 lloc
2407 2723 2568 2777 etiam
2599 2721 2760 2777 modo
2789 2724 3025 2778 victoriae
3045 2722 3291 2778 Christus
3313 2723 3364 2778 in
3389 2723 3694 2795 Evangeliis

2103 2815 2240 2870 dicit
2267 2831 2326 2869 se
2352 2815 2548 2870 vicisse
2576 2815 2662 2870 his
2686 2817 2868 2870 verbis
2892 2834 2907 2869 :
2934 2816 3154 2882 Quando
3178 2817 3462 2886 alligaverit
3487 2817 3690 2886 fortem,

2108 2918 2228 2962 tunc
2270 2917 2315 2961 et
2354 2921 2476 2960 uasa
2519 2908 2630 2976 ejus
2659 2907 2863 2977 diripiet
2902 2907 3116 2978 (Matth.
3150 2907 3238 2962 12.
3267 2907 3382 2979 29).
3412 2909 3624 2979 Alioqui
3649 2909 3698 2964 si

2109 2998 2213 3054 hoc
2234 3014 2344 3052 non
2375 2998 2592 3062 factum,
2618 3015 2686 3053 ne
2709 2999 2989 3055 manifesta
3017 2999 3232 3070 quidem
3265 3000 3426 3056 fuerit
3448 3001 3694 3056 victoria.

2105 3091 2238 3146 Nam
2259 3091 2398 3145 sicut
2418 3090 2463 3146 si
2485 3090 2553 3145 de
2577 3101 2754 3146 morte
2775 3091 2970 3146 anima:
2989 3101 3200 3162 agatur,
3219 3091 3306 3162 qui
3329 3101 3411 3147 est
3428 3102 3692 3159 mortuus,

2105 3184 2206 3239 fuit
2229 3183 2552 3253 justiﬁcatus
2577 3198 2606 3237 a
2638 3193 2876 3252 peccato,
2912 3198 3085 3252 neque
3114 3183 3218 3238 hoc
3246 3183 3540 3240 dixerimus
3565 3198 3690 3240 esse

2107 3275 2419 3338 victoriam;
2451 3274 2541 3328 ille
2569 3274 2712 3329 enim
2737 3283 2821 3328 est
2843 3275 2932 3342 qui
2956 3275 3105 3340 vicit,
3131 3289 3241 3328 non
3263 3274 3354 3344 qui
3379 3274 3536 3329 malis
3559 3274 3693 3331 nihil

2107 3369 2349 3437 addidit,
2383 3368 2477 3422 sed
2507 3369 2596 3438 qui
2626 3382 2744 3422 eam
2789 3383 2908 3438 qua:
2951 3368 3060 3437 jam
3101 3375 3220 3422 erat
3261 3368 3423 3422 animi
3453 3376 3694 3422 motuum

2106 3461 2267 3515 solvit
2295 3459 2657 3529 captivitatem
2684 3477 2697 3512 :
2722 3459 2794 3512 ita
2823 3458 2910 3514 hic
2934 3473 3145 3529 quoque
3173 3475 3278 3512 non
3310 3459 3511 3514 stitisse
3540 3474 3692 3513 mor-

2109 3563 2217 3606 tem
2246 3565 2474 3621 corpora
2518 3550 2898 3620 depascentem
2925 3592 2939 3613 ,
2977 3565 3099 3606 esse
3125 3551 3350 3606 dixerim
3379 3552 3693 3622 praeclaram

2109 3645 2412 3708 victoriam,
2443 3642 2536 3698 sed
2563 3658 2684 3713 qua:
2708 3643 2818 3712 jam
2840 3642 3052 3697 detenta
3074 3653 3226 3697 erant
3245 3657 3472 3713 corpora
3493 3645 3560 3698 ab
3579 3645 3692 3713 ipsa

2106 3737 2286 3791 avelli.
2305 3736 2362 3792 Si
2385 3744 2564 3790 autem
2595 3735 2770 3790 adhuc
2796 3734 3122 3790 contendant
3147 3744 3201 3790 ct
3227 3735 3408 3790 dicant
3431 3736 3500 3792 de
3523 3747 3695 3792 morte

2108 3829 2304 3882 anima:
2329 3829 2443 3880 haec
2465 3840 2585 3881 esse
2608 3825 2746 3879 dicta
2764 3867 2780 3891 ,
2806 3824 3077 3895 quomodo
3101 3827 3187 3880 illa
3209 3826 3455 3882 aboletur
3476 3827 3695 3881 ultima?

2110 3935 2234 3974 nam
2267 3919 2321 3972 in
2353 3932 2676 3987 unoquoque
2701 3919 2791 3987 qui
2822 3917 3142 3986 baptizatur,
3174 3919 3331 3986 plene
3361 3928 3447 3973 est
3472 3919 3691 3973 abolita.

2108 4012 2216 4067 Sed
2247 4012 2290 4066 si
2323 4011 2471 4065 dicas
2511 4010 2579 4065 de
2617 4023 2844 4079 corpore
2867 4050 2883 4076 ,
2931 4009 3105 4064 locum
3139 4010 3298 4065 habet
3325 4013 3464 4080 quod
3495 4011 3694 4065 dictum

2107 4116 2216 4172 est,
2252 4119 2450 4174 nempe
2477 4103 2618 4174 quod
2650 4117 2796 4157 mors
2827 4102 3010 4157 ultima
3039 4102 3336 4158 aboleatur.
3367 4103 3422 4158 Si
3453 4103 3571 4173 quis
3599 4118 3696 4157 au-

2112 4206 2220 4254 tem
2261 4197 2515 4252 dubitans
2541 4204 2745 4266 quaerat
2765 4237 2778 4256 ,
2813 4209 2909 4249 cur
2935 4209 3056 4248 cum
3087 4193 3376 4249 dissereret
3406 4195 3472 4248 de
3511 4207 3694 4249 resur-

2114 4290 2378 4353 rectione,
2410 4290 2463 4343 in
2493 4289 2730 4344 medium
2761 4303 2867 4342 non
2894 4287 3178 4343 adduxerit
3203 4302 3427 4358 corpora
3456 4303 3576 4358 qua:
3604 4303 3695 4342 re-

2112 4392 2466 4440 surrexerunt
2491 4392 2736 4452 tempore
2761 4382 2968 4436 Domini
2992 4423 3006 4448 ,
3039 4381 3169 4436 illud
3195 4381 3490 4436 dixerimus
3508 4421 3525 4448 ,
3553 4382 3694 4451 quod

2111 4477 2216 4531 hoc
2244 4493 2348 4531 non
2378 4476 2568 4532 fuisset
2596 4476 2740 4546 loqui
2771 4475 2838 4529 de
2864 4476 3278 4530 resurrectione.
3314 4475 3417 4531 Eos
3441 4476 3584 4530 enim
3605 4476 3695 4544 qui

2114 4581 2528 4627 resurrexerunt
2556 4569 2843 4625 ostendere
2881 4585 3070 4624 rursus
3100 4570 3232 4624 mori
3256 4611 3271 4635 ,
3310 4585 3417 4625 non
3449 4578 3566 4625 erat
3599 4568 3699 4623 de-

2112 4663 2466 4719 monstrantis
2482 4662 2624 4733 quod
2643 4676 2789 4717 mors
2806 4670 3076 4732 postremo
3096 4662 3388 4717 aboleatur.
3409 4662 3698 4731 Propterea

2115 4762 2258 4817 enim
2289 4760 2423 4816 dixit
2463 4775 2584 4816 eam
2627 4758 2830 4815 aboleri
2875 4759 3138 4822 ultimam,
3172 4773 3240 4812 ne
3277 4757 3549 4813 existimes
3579 4771 3695 4811 eam

2117 4854 2352 4924 amplius
2375 4867 2680 4922 resurgere.
2720 4850 2864 4905 Vitio
2889 4851 3030 4905 enim
3058 4850 3270 4904 sublato
3292 4890 3308 4914 ,
3338 4849 3504 4903 multo
3529 4848 3700 4918 magis

2126 4961 2273 5003 mors
2300 4945 2554 5002 cessabit.
2586 4943 2769 5012 Neque
2803 4943 2946 4996 enim
2976 4941 3136 4996 fuerit
3165 4951 3616 5007 consentaneum,
3644 4950 3704 4995 ut

2123 5040 2168 5095 si
2200 5039 2318 5093 fons
2344 5045 2573 5100 arescat,
2605 5035 2695 5105 qui
2723 5050 2787 5090 ex
2818 5049 2885 5089 eo
2914 5044 3094 5090 manat
3121 5036 3378 5090 consistat
3405 5036 3618 5101 ﬂuvius,
3649 5043 3706 5090 et

2117 5131 2164 5185 si
2189 5136 2476 5185 evanescat
2499 5127 2670 5191 radix,
2705 5135 2921 5181 maneat
2951 5126 3177 5182 fructus.
3209 5127 3468 5196 Quoniam
3495 5142 3622 5198 ergo
3651 5127 3702 5180 in

2123 5220 2210 5276 die
2253 5218 2547 5274 novissimo
2587 5217 2789 5272 inimici
2825 5218 2922 5273 Dei
2968 5217 3252 5275 abolentur
3292 5235 3411 5275 cum
3446 5227 3618 5273 morte
3652 5229 3707 5270 et

2124 5310 2341 5366 diabolo
2365 5318 2423 5364 et
2446 5309 2780 5365 daemonibus
2801 5351 2817 5376 ,
2849 5325 2918 5366 ne
2949 5311 3162 5365 tristitia
3192 5309 3505 5370 afﬁciamur,
3538 5307 3582 5362 si
3613 5305 3706 5360 Dei

2126 5401 2357 5456 inimicis
2377 5414 2466 5454 res
2486 5415 2742 5470 prospere
2759 5400 3066 5455 succedant.
3084 5399 3285 5454 Inimici
3308 5399 3448 5452 enim
3473 5395 3706 5463 Domini,

2125 5490 2284 5546 simul
2305 5488 2758 5560 atquegloriﬁcati
2788 5496 2844 5542 et
2873 5488 2924 5542 in
2957 5489 3122 5542 altum
3153 5487 3278 5541 elati
3310 5485 3539 5552 fuerint,
3571 5485 3708 5540 deti-

2125 5583 2353 5648 cientes,
2387 5591 2659 5652 tamquam
2693 5578 2868 5634 fumus
2897 5579 3229 5634 defecerunt.
3258 5577 3484 5644 Quando
3510 5579 3709 5637 videris

2127 5673 2361 5744 aliquem
2388 5672 2482 5728 Dei
2509 5673 2783 5728 inimicum
2813 5671 3052 5737 divitem,
3081 5671 3331 5740 stipatum
3361 5674 3708 5745 satellitibus,

2131 5764 2421 5822 habentem
2443 5764 2641 5820 multos
2663 5759 3046 5830 assentatores,
3069 5761 3181 5817 noli
3201 5762 3437 5820 animum
3457 5765 3711 5832 abiicere,

2127 5855 2223 5915 sed
2247 5871 2404 5926 geme
2421 5897 2439 5926 ,
2472 5855 2768 5924 lacrymare
2787 5896 2803 5922 ,
2827 5855 2995 5912 Deum
3019 5867 3146 5920 roga
3164 5894 3182 5920 ,
3206 5863 3266 5911 ut
3289 5869 3412 5910 eum
3438 5855 3636 5912 referat
3653 5851 3708 5904 in
