4112 6224
448 357 554 414 353

447 472 693 528 ordinem
731 480 786 526 et
827 482 1106 525 numerum
1145 467 1440 521 amicorum
1467 483 1479 520 :
1505 473 1558 520 et
1582 479 1688 536 quo
1716 463 1884 532 magis
1911 475 2024 516 rem

445 579 596 619 suam
626 565 762 618 bene
797 561 1024 632 gesserit
1047 573 1168 614 cum
1199 559 1268 612 sit
1295 558 1542 613 inimicus
1566 599 1580 623 ,
1621 571 1686 612 eo
1712 555 1880 625 magis
1905 568 2026 608 eum

447 657 588 726 lnge.
611 655 743 709 Nam
767 660 1074 722 peccatores
1095 650 1310 720 quidem
1331 663 1546 719 semper
1565 654 1777 717 oportet
1803 644 2021 710 deﬂere,

448 747 680 801 maxime
705 753 883 799 autem
914 746 1128 814 quando
1155 742 1430 797 abundant
1459 740 1682 806 divitiis,
1715 747 1770 795 et
1797 746 1922 794 sunt
1947 737 2027 792 eis

445 853 534 892 res
564 836 847 900 secundae,
893 835 1031 891 sicut
1057 842 1378 905 aegrotantes
1405 832 1620 904 quando
1644 831 1815 887 ventri
1847 828 2026 884 indul-

443 937 571 995 gent
596 936 651 982 et
680 927 1030 981 inebriantur.
1063 925 1170 980 Sed
1200 933 1327 980 sunt
1350 923 1591 994 quidam,
1616 921 1706 992 qui
1737 920 1822 975 bis
1847 919 2027 974 verbis

441 1018 658 1083 auditis,
691 1019 762 1073 ita
792 1019 988 1073 misere
1013 1018 1338 1082 afficiuntur,
1369 1023 1428 1071 ut
1451 1026 1672 1086 propter
1697 1014 1811 1069 haec
1833 1011 2026 1068 acerbe

442 1112 794 1182 ingemiscant
815 1120 870 1166 et
892 1111 1093 1173 dicant,
1120 1111 1319 1181 Dignus
1341 1125 1460 1165 sum
1485 1108 1755 1180 lacrymis,
1779 1105 1870 1177 qui
1893 1106 2023 1161 nihil

443 1203 636 1257 habeo.
666 1203 831 1257 Recte
857 1202 1073 1268 dixisti,
1116 1201 1216 1269 Qui
1245 1201 1379 1256 nihil
1409 1200 1608 1265 habes;
1637 1215 1744 1254 non
1772 1197 2024 1268 quoniam

445 1309 548 1348 non
577 1293 741 1349 habes
763 1308 826 1348 ea
852 1308 972 1363 qua:
999 1293 1088 1348 ille
1114 1293 1318 1360 habuit,
1346 1291 1441 1348 sed
1463 1291 1711 1360 quoniam
1737 1305 1850 1344 rem
1873 1289 2024 1345 ducis

441 1387 654 1456 dignam
685 1401 806 1457 quae.
834 1387 987 1441 beata
1013 1395 1319 1453 censeatur,
1349 1385 1470 1439 ideo
1496 1384 1690 1452 dignus
1711 1399 1768 1439 es
1787 1383 1876 1452 qui
1899 1382 2024 1437 mil-

441 1478 544 1532 lies
574 1478 825 1546 lugearis.
859 1477 1067 1532 Etenim
1098 1477 1142 1531 si
1174 1477 1292 1546 quis
1322 1476 1459 1530 bona
1489 1475 1791 1530 valetudine
1821 1472 2020 1539 fruens,

397 1567 657 1650 [beatum
681 1566 888 1637 judicet
915 1577 1197 1637 aegrotum,
1227 1567 1388 1621 etiam
1411 1568 1464 1622 in
1489 1567 1633 1620 molli
1657 1565 1818 1621 cubili
1839 1567 2026 1635 jacen-

441 1670 550 1714 tem
571 1699 586 1724 ,
631 1659 732 1714 iste
776 1668 830 1714 et
859 1658 954 1714 illo
983 1659 1152 1713 multo
1195 1659 1443 1714 miserior
1467 1668 1521 1713 et
1550 1658 1848 1722 infelicior,
1879 1655 2022 1727 quod

425 1754 703 1808 Ibonorum
733 1768 951 1806 suorum
983 1752 1188 1806 nullum
1218 1751 1412 1806 habeat
1436 1765 1676 1806 sensum.
1707 1747 1861 1817 Quod
1903 1749 2021 1820 qui-

439 1845 563 1899 dem
593 1844 756 1898 iubis
781 1858 994 1914 quoque
1020 1843 1204 1898 videre
1231 1842 1357 1897 licet
1384 1841 1666 1898 accidere:
1691 1841 1832 1896 unde
1861 1840 2021 1895 etiam

423 1943 549 1989 tota
582 1944 764 1990 nostra
795 1935 898 1988 vita
942 1932 1288 1989 confunditur
1331 1942 1386 1988 et
1432 1932 1692 1987 turbatur.
1725 1931 1848 1986 Haec
1877 1931 2020 1986 enim

441 2026 605 2080 verba
635 2023 1053 2079 innumerabiles
1093 2023 1439 2093 perdiderunt
1465 2031 1520 2077 et
1546 2022 1760 2077 diabolo
1793 2021 2023 2076 tradide-

429 2128 584 2183 runt,
605 2126 660 2172 et
679 2118 745 2172 iis
761 2118 847 2187 qui
869 2118 1006 2172 fame
1027 2117 1307 2172 tabescunt
1323 2115 1565 2172 fecerunt
1585 2114 2015 2170 miserabiliores.

439 2208 568 2263 Nam
611 2207 752 2277 quod
781 2207 872 2277 qui
914 2208 1066 2277 plura
1103 2214 1400 2277 appetunt,
1432 2207 1541 2262 sint
1569 2205 1729 2262 etiam
1762 2205 2020 2261 mendicis

421 2299 879 2363 miserabiliores,
902 2307 960 2354 ut
979 2299 1071 2370 qui
1097 2298 1284 2368 majori
1307 2307 1361 2353 et
1376 2294 1570 2354 acriori
1591 2295 1839 2354 laborent
1857 2298 2020 2354 animi

425 2391 776 2462 aegritudine,
800 2390 927 2445 hinc
952 2398 1036 2446 est
1064 2391 1428 2461 perspicuum.

492 2483 726 2540 Sict-itas
767 2482 1069 2537 Antiochia.
1099 2479 1480 2536 —-~Civitatem
1531 2489 1771 2536 nostram
1827 2479 2021 2536 invasit

425 2574 706 2646 quondam
729 2574 961 2641 siccitas,
981 2582 1035 2628 et
1061 2582 1302 2629 extrema
1320 2573 1804 2637 timebant-omnes,
1819 2572 2018 2628 Deum-

435 2681 542 2736 que
567 2665 844 2735 rogabant,
862 2674 933 2721 ut
956 2665 1099 2721 hunc
1128 2675 1330 2719 metum
1359 2664 1630 2720 solveret:
1655 2673 1711 2720 et
1737 2675 1861 2720 tunc
1892 2666 2018 2721 lice-

435 2762 527 2814 bat
556 2759 738 2814 videre
763 2758 902 2829 quod
930 2758 1130 2814 dictum
1158 2758 1255 2813 fuit
1293 2773 1323 2812 a
1355 2761 1570 2830 Moyse,
1602 2759 1791 2814 caelum
1819 2758 2018 2813 factum

435 2866 644 2907 sericum
672 2851 846 2924 (Deut.
873 2851 963 2907 28.
988 2851 1105 2922 25),
1132 2863 1186 2907 et
1205 2853 1442 2924 quotidie
1467 2854 1762 2922 exSpectari
1789 2862 2017 2907 mortem

438 2946 584 2997 omni
615 2953 789 2999 morte
816 2945 1137 3014 graviorem.
1172 2945 1275 3001 Sed
1308 2959 1428 3000 cum
1462 2954 1644 3014 postea
1677 2945 1846 2999 visum
1877 2953 2020 3000 esset

435 3035 668 3106 licuigno
695 3044 749 3092 et
777 3037 1025 3092 clementi
1052 3038 1183 3101 Deo,
1207 3045 1401 3107 praeter
1420 3053 1568 3106 spem
1589 3051 1826 3101 omnem,
1852 3037 2018 3092 multa

436 3136 598 3196 atque
625 3126 761 3182 adeo
799 3127 1002 3187 infim'ta
1031 3143 1096 3182 ex
1127 3129 1237 3183 alto
1267 3129 1460 3183 cecidit
1490 3129 1666 3198 pluvia
1701 3147 1713 3182 :
1747 3138 1803 3184 et
1829 3143 2018 3184 omnes

429 3221 542 3291 jam
561 3220 753 3275 festum
775 3221 917 3276 diem
939 3221 1186 3290 agebant,
1208 3229 1476 3291 tamquam
1499 3222 1588 3292 qui
1612 3238 1676 3277 ex
1699 3221 1830 3291 ipsis
1852 3223 2020 3292 portis

431 3312 630 3367 mortis
654 3312 1043 3367 ascendissent.
1073 3312 1178 3367 Sed
1211 3313 1261 3366 in
1295 3313 1454 3367 tantis
1485 3313 1637 3368 bonis
1668 3322 1723 3369 et
1750 3315 2018 3368 communi

440 3406 679 3459 omnium
723 3406 907 3459 laetitia
949 3405 1162 3474 quidam
1208 3421 1273 3460 ex
1321 3407 1418 3469 iis,
1460 3405 1547 3475 qui
1589 3405 1744 3460 valde
1783 3405 2020 3474 opulenti

437 3506 611 3563 erant,
636 3497 895 3552 circuibat
925 3505 1148 3552 mestus
1176 3506 1230 3552 et
1259 3497 1444 3563 tristis,
1474 3511 1583 3566 prae
1611 3497 1772 3552 animi
1799 3495 2020 3566 aegritu-

439 3587 568 3642 dine
597 3595 840 3641 mortuus
865 3626 880 3651 ,
926 3597 981 3641 et
1023 3587 1204 3641 multis
1241 3602 1458 3642 causam
1498 3588 1808 3658 rogantibus
1835 3603 1933 3642 cur
1966 3589 2020 3642 in

436 3680 707 3734 communi
733 3681 969 3734 omnium
995 3679 1174 3735 laztitia
1201 3680 1349 3735 solus
1378 3681 1605 3746 doleret,
1637 3696 1705 3736 ne
1732 3681 1872 3735 intus
1898 3681 2019 3750 qui-

431 3772 564 3826 dem
588 3771 864 3827 continerc
883 3773 1055 3842 potuit
1077 3772 1215 3827 hanc
1233 3787 1447 3844 gravem
1470 3773 1633 3828 animi
1663 3774 2020 3843 perturbatio-

437 3879 603 3929 nem,
647 3865 740 3920 sed
786 3880 815 3918 a
864 3866 1035 3920 morbi
1082 3877 1309 3936 punctus
1355 3866 1672 3938 tyrannide,
1700 3882 1917 3922 causam
1967 3867 2020 3920 in

433 3956 676 4012 medium
708 3958 926 4026 protulit
958 3975 971 4012 :
1002 3956 1134 4012 Cum
1175 3959 1397 4014 habeam
1417 3999 1433 4024 ,
1465 3958 1670 4028 inquit,
1715 3958 2024 4013 innumeras

433 4065 726 4106 mensuras
739 4049 1026 4116 frumenti,
1056 4051 1240 4105 nescio
1269 4050 1356 4105 ubi
1385 4049 1502 4105 illas
1524 4050 1812 4120 deponam.
1844 4049 2025 4106 Hunc-

439 4144 602 4209 cine,
632 4143 720 4200 dic
759 4157 961 4213 quaeso,
994 4157 1092 4213 pro
1137 4142 1222 4196 his
1261 4142 1440 4196 verbis
1479 4141 1690 4197 beatum
1730 4143 2020 4207 ducemus,

439 4251 540 4305 pro
566 4235 758 4306 quibus
782 4235 1110 4306 oportuisset
1132 4251 1255 4290 eum
1276 4234 1432 4289 obrui
1458 4234 1744 4304 lapidibus,
1765 4235 1857 4306 qni
1880 4244 2024 4292 esset

439 4328 627 4396 quavis
665 4327 780 4384 fera
827 4328 1126 4394 crudelior,
1175 4327 1267 4399 qui
1295 4336 1442 4384 esset
1467 4329 1769 4384 communis
1809 4328 2024 4386 hostis?

441 4419 578 4487 Quid
610 4419 764 4484 dicis,
795 4433 830 4474 ο
859 4419 1059 4475 homo?
1084 4419 1234 4475 doles
1259 4418 1402 4491 quod
1427 4435 1533 4476 non
1559 4421 1815 4490 perierint
1835 4435 2024 4477 omnes

441 4522 504 4567 nt
523 4527 711 4568 aurum
732 4513 990 4581 cogeres?
1016 4528 1122 4567 non
1145 4513 1392 4569 audivisti
1414 4513 1541 4583 quid
1561 4513 1704 4569 dicat
1727 4513 1980 4570 Salomon
2007 4533 2021 4570 :

435 4605 547 4670 .Qui
585 4605 825 4674 frumenti
862 4614 1013 4677 auget
1050 4605 1264 4674 pretium
1286 4645 1300 4670 ,
1347 4615 1421 4659 est
1459 4607 1649 4674 populo
1686 4607 2025 4662 exsecrandus

443 4697 632 4768 (Prov.
663 4698 751 4753 ll.
782 4695 911 4767 26)?
957 4695 1052 4752 sed
1080 4695 1277 4750 circuis
1303 4697 1616 4751 communis
1661 4696 1904 4753 inimicus
1930 4698 2026 4754 bo-

431 4805 635 4845 norum
658 4789 806 4846 orbis
827 4799 1003 4857 terrae,
1032 4797 1086 4845 et
1112 4786 1605 4844 hostis-liberalitati
1629 4787 1838 4842 Domini
1862 4791 2024 4846 totius

433 4881 652 4945 mundi,
681 4890 734 4935 et
764 4896 1083 4938 mammonae
1109 4881 1335 4947 amicus,
1367 4878 1450 4935 vel
1479 4879 1656 4950 petitis
1687 4881 1916 4936 servus?
1939 4881 2025 4938 An

449 4986 558 5025 non
607 4973 888 5040 oportebat
941 4974 1174 5042 linguam
1227 4973 1376 5028 illam
1425 4971 1735 5043 amputari?
1767 4987 1883 5028 non
1930 4988 2026 5030 cor

435 5061 713 5129 exstingui
741 5062 882 5130 quod
913 5062 1030 5117 haec
1054 5063 1213 5116 verba
1243 5063 1562 5133 pepererat?

516 5154 570 5209 8.
619 5151 860 5207 Vidistin‘
895 5151 1169 5222 quomodo
1210 5167 1399 5207 aurum
1439 5170 1544 5209 non
1591 5157 1731 5212 sinat
1778 5155 2028 5214 homines

429 5245 853 5308 cessehomines,
881 5243 975 5299 sed
1001 5244 1141 5298 feras
1166 5245 1516 5301 et-datmones
1545 5247 1732 5316 iQuid
1755 5251 1898 5304 enim
1927 5250 2028 5304 hoc

433 5339 608 5398 divite
636 5335 797 5392 fuerit
823 5335 1199 5402 miserabilius,
1233 5335 1322 5406 qui
1345 5343 1492 5406 optat
1518 5339 1753 5405 quotidie
1783 5355 1903 5395 esse
1944 5339 2024 5394 fa-

435 5445 611 5498 mem,
632 5438 701 5484 .ut
728 5430 777 5484 ei
809 5430 877 5484 sit
905 5429 1136 5484 aurum?
1175 5427 1254 5482 Ad
1281 5429 1605 5484 contrarium
1636 5433 1779 5486 enim
1806 5432 1855 5487 ei
1878 5433 2024 5486 redit

441 5522 611 5576 animi
653 5519 1023 5590 perturbatio:
1052 5534 1226 5591 neque
1267 5520 1409 5575 enim
1453 5520 2022 5576 lastaturabundantia

450 5610 806 5678 possessionis
825 5610 1096 5666 fructuum
1117 5651 1131 5675 ,
1173 5611 1266 5665 sed
1302 5617 1519 5679 propter
1545 5611 1645 5665 hoc
1675 5611 1846 5679 ipsum
1869 5610 2024 5666 dolet

447 5701 593 5772 quod
622 5702 826 5756 infinita
869 5702 1158 5771 possideat.
1192 5703 1350 5772 Atqui
1381 5717 1502 5756 eum
1533 5701 1624 5770 qui
1655 5703 1822 5756 multa
1849 5703 2021 5772 possi-

416 5795 553 5862 adet,
599 5794 766 5849 laetari
809 5800 1061 5866 oportet:
1095 5793 1193 5850 iste
1233 5800 1410 5848 autem
1450 5800 1668 5862 prepter
1703 5791 1803 5851 hoc
1843 5795 2017 5866 ipsum

1189 353 1245 408 S.
1281 349 1559 407 JOANNIS
1594 344 2062 406 CIIRYSOSTOMI
2099 344 2410 403 ARCillEP.
2452 347 2980 406 CONSTANTINOP.

3615 357 3720 417 5M

2137 461 2320 515 animo
2345 462 2580 532 angitur.
2615 463 2801 519 Videu'
2832 465 3006 535 quod,
3040 465 3175 521 sicut
3202 466 3346 535 dixi,
3379 483 3483 523 non
3516 479 3716 527 tantam

2133 566 2199 605 ex
2233 554 2585 621 praesentibus
2607 555 2875 626 accipiunt
2899 557 3222 628 voluptatem
3245 576 3332 629 qut
3355 571 3480 615 sunt
3500 563 3714 628 divites,

2135 651 2388 712 quantam
2433 646 2600 700 animi
2643 648 2909 702 sustinent
2956 649 3326 720 aegritudinem
3373 669 3438 707 ex
3484 655 3548 709 iis
3594 672 3714 726 quae

2133 735 2369 790 nondum
2418 737 2789 794 advenerunt?
2837 740 2967 795 Nam
3011 743 3102 812 qui
3142 743 3390 798 frumenti
3436 761 3716 802 mensuras

2132 827 2442 898 possidebat
2489 829 2795 886 innumeras
2821 873 2836 897 ,
2869 834 3037 904 magis
3075 834 3292 890 dolebat
3319 845 3373 890 et
3403 836 3715 907 ingemisce-

2130 920 2243 986 bat,
2271 937 2428 992 quam
2455 922 2547 993 qui
2577 924 2846 979 esuriebat
2871 943 2884 979 :
2907 934 2960 980 et
2987 925 3075 995 qui
3105 927 3465 982 necessarium
3497 927 3712 996 quidem

2130 1012 2363 1069 habebat
2385 1015 2721 1082 alimentum,
2745 1018 3103 1073 coronabatur
3126 1029 3180 1074 et
3207 1019 3506 1074 exsultabat
3525 1030 3578 1076 et
3603 1023 3714 1077 Deo

2127 1106 2322 1173 agebat
2340 1106 2569 1176 gratias;
2596 1108 2686 1176 qui
2707 1117 2884 1163 autem
2908 1117 3014 1164 tam
3036 1110 3198 1164 multa
3225 1110 3549 1179 possidebat,
3571 1129 3713 1184 aegre

2129 1194 2357 1261 ferebat,
2379 1204 2434 1250 et
2455 1211 2514 1251 se
2536 1197 2760 1268 periisse
2778 1198 3136 1256 existimabat.
3164 1201 3277 1255 Non
3299 1210 3382 1257 est
3401 1218 3527 1274 ergo
3543 1204 3707 1259 abun-

2128 1287 2311 1342 dantia
2337 1303 2455 1359 qua:
2480 1289 2647 1346 efficit
2673 1291 3023 1363 voluptatem,
3057 1293 3152 1349 sed
3181 1310 3332 1351 mens
3358 1297 3711 1367 philosomiia:

2127 1379 2328 1436 dedita.
2356 1381 2489 1436 Nam
2515 1382 2716 1453 absque
2736 1399 2801 1440 ea
2828 1385 3037 1440 etiamsi
3065 1387 3325 1456 quispiam
3354 1389 3530 1442 omnia
3556 1403 3710 1443 acce-

2127 1470 2289 1541 perit,
2322 1480 2594 1542 tamquam
2619 1476 2868 1531 omnibus
2892 1478 3130 1546 privatus
3151 1478 3412 1534 efficietur
3431 1489 3486 1535 et
3508 1479 3711 1536 lamen-

2129 1563 2349 1618 tabitur.
2383 1564 2480 1620 llic
2508 1565 2672 1632 enim,
2705 1565 2774 1622 de
2798 1583 2905 1637 quo
2935 1584 3076 1624 nunc
3101 1570 3293 1640 agitur,
3321 1571 3526 1626 etiamsi
3561 1582 3709 1627 tanto

2126 1666 2330 1723 quanto
2374 1656 2634 1712 voluisset
2675 1661 2849 1728 pretio
2893 1662 3221 1717 vendidisset
3265 1679 3386 1733 qua:
3434 1664 3706 1732 habebat,

2125 1763 2309 1804 rursus
2350 1749 2612 1806 doluisset
2643 1752 2786 1822 quod
2824 1767 2930 1808 non
2972 1755 3140 1825 pluris
3180 1757 3510 1813 vendidisset
3537 1779 3552 1814 :
3579 1769 3632 1813 et
3660 1760 3706 1813 si

2126 1840 2296 1909 pluris
2323 1842 2622 1910 potuisset,
2653 1858 2837 1899 rursus
2866 1845 3024 1900 aliam
3051 1847 3385 1916 qumsivisset
3413 1863 3705 1919 exsupera-

2127 1932 2326 1986 tionem
2354 1949 2369 1986 :
2395 1941 2450 1988 et
2475 1935 2518 1987 si
2547 1935 2782 1989 modium
2815 1950 2922 1990 uno
2946 1951 3110 1991 aureo
3139 1939 3590 2006 venumdedisset,
3619 1939 3706 1995 hic

2125 2037 2338 2093 quoque
2385 2038 2574 2081 rursus
2620 2027 2783 2080 animi
2830 2028 3145 2098 mgritudine
3192 2028 3379 2085 fuisset
3419 2031 3701 2098 laceratus,

2125 2114 2270 2183 quod
2299 2129 2404 2168 non
2431 2115 2564 2170 tanti
2587 2114 2777 2172 fuisset
2797 2118 3165 2174 semimodius.
3192 2119 3247 2176 Si
3269 2129 3444 2176 autem
3466 2121 3534 2176 ab
3555 2123 3704 2177 initio

2128 2219 2235 2259 non
2271 2206 2402 2260 tanti
2432 2206 2531 2262 fuit
2563 2208 2788 2277 pretium
2813 2250 2828 2274 ,
2861 2224 2928 2263 ne
2956 2209 3185 2264 mireris.
3227 2209 3361 2266 Nam
3387 2222 3439 2267 et
3466 2213 3554 2282 qui
3582 2223 3705 2268 sunt

2123 2297 2282 2364 ebrii,
2312 2314 2419 2354 non
2441 2300 2508 2354 ab
2530 2300 2684 2354 initio
2708 2301 3079 2369 incenduntur,
3103 2303 3197 2358 sed
3216 2319 3338 2358 cum
3362 2306 3528 2359 multo
3556 2322 3703 2362 mero

2123 2388 2327 2444 fuerint
2353 2390 2578 2460 impleti,
2611 2400 2738 2446 tunc
2757 2392 3056 2461 graviorem
3083 2395 3385 2449 accendunt
3411 2395 3694 2451 ﬂammam.

2125 2480 2267 2550 Ergo
2291 2481 2378 2535 isti
2406 2495 2620 2552 quoque
2643 2497 2750 2552 quo
2776 2481 2928 2551 plura
2974 2484 3170 2538 fuerint
3207 2485 3505 2554 complexi,
3545 2502 3610 2542 eo
3649 2489 3700 2541 in

2124 2571 2314 2641 majori
2355 2579 2480 2626 sunt
2514 2572 2691 2643 inopia
2717 2590 2730 2627 :
2753 2583 2806 2628 et
2835 2574 2924 2644 qui
2947 2573 3098 2644 plura
3129 2575 3439 2640 lucramur,
3471 2577 3504 2630 ii
3535 2578 3701 2646 magis

2123 2672 2300 2735 egent.
2331 2663 2456 2720 llaec
2479 2675 2655 2722 autem
2676 2681 2707 2720 a
2729 2680 2815 2721 me
2841 2681 2946 2720 non
2969 2667 3140 2722 solum
3168 2667 3242 2722 illi
3269 2669 3408 2724 dicta
3435 2679 3578 2732 sunt,
3605 2670 3700 2724 sed

2122 2759 2409 2829 unicuique
2436 2773 2623 2815 eorum
2647 2760 2737 2830 qui
2763 2761 2865 2815 hoc
2890 2761 3078 2816 morbo
3106 2761 3364 2828 laborant,
3395 2772 3449 2818 et
3475 2779 3700 2818 annona:

2123 2852 2352 2921 pretium
2383 2862 2595 2923 augent,
2622 2853 2972 2925 proximoque
2999 2866 3286 2926 procurant
3313 2871 3696 2928 paupertatem.

2124 2943 2474 3015 Benignitatis
2499 2945 2643 3000 enim
2673 2953 2726 3000 et
2753 2945 3098 3001 humanitatis
3128 2963 3386 3018 nusquam
3419 2949 3557 3019 apud
3585 2949 3702 3004 illos

2123 3044 2207 3090 est
2227 3037 2397 3102 ratio;
2421 3036 2514 3091 sed
2538 3037 2732 3108 ubique
2755 3039 2993 3107 pecuniae
3007 3054 3161 3094 amor
3177 3041 3441 3095 venalium
3462 3052 3703 3112 tempore

2123 3128 2322 3183 multos
2344 3129 2607 3198 exagitat,
2643 3143 2705 3182 ac
2733 3129 3057 3186 frumentum
3085 3141 3140 3186 et
3164 3133 3343 3187 vinum
3374 3133 3462 3188 ille
3486 3134 3702 3204 quidem

2124 3221 2304 3288 citius,
2327 3219 2414 3274 hic
2432 3235 2561 3276 vero
2576 3221 2756 3275 vendit
2778 3222 2976 3276 tardius
2997 3238 3011 3286 ;
3037 3233 3223 3278 neuter
3238 3235 3414 3279 autem
3434 3224 3502 3278 ob
3521 3238 3701 3278 curam

2124 3327 2284 3382 quam
2312 3311 2541 3382 publica:
2566 3311 2640 3367 rei
2666 3321 2837 3382 gerat,
2864 3313 2959 3367 sed
2990 3313 3081 3367 ille
3107 3313 3321 3384 quidem
3355 3322 3407 3368 ut
3441 3314 3587 3383 plura
3612 3328 3702 3368 ac-

2127 3404 2313 3474 cipiat,
2343 3403 2431 3459 hic
2454 3411 2632 3459 autem
2660 3418 2729 3458 ne
2757 3404 3034 3474 pauciora,
3063 3404 3141 3460 sic
3168 3414 3370 3460 mutato
3400 3403 3594 3460 fructu.

2198 3495 2480 3549 Arat-orum
2515 3494 3020 3549 (sancitum—Nam
3059 3496 3310 3564 quoniam
3351 3496 3530 3566 plures
3570 3495 3703 3563 legis

2126 3588 2222 3643 ﬂei
2264 3602 2513 3657 magnam
2561 3604 2667 3641 non
2701 3587 2955 3642 habentes
2984 3595 3246 3641 rationem
3269 3629 3284 3653 ,
3315 3588 3487 3641 omnia
3520 3595 3703 3640 tenent

2127 3679 2272 3734 intus
2298 3679 2502 3733 inclusa
2528 3695 2543 3744 ;
2591 3679 2748 3733 aliter
2774 3693 2869 3734 eos
2898 3678 3039 3734 Deus
3067 3679 3336 3735 adducens
3364 3678 3433 3733 ad
3459 3678 3702 3747 benigni-

2127 3779 2291 3826 tatem
2333 3780 2389 3824 et
2415 3769 2795 3825 humanitatem
2817 3811 2833 3836 ,
2875 3779 2934 3825 ut
2956 3771 3038 3825 vel
3069 3786 3136 3825 ex
3165 3771 3480 3826 necessitate
3504 3769 3703 3840 aliquid

2129 3861 2254 3917 boni
2275 3861 2491 3928 faciant,
2510 3862 2728 3931 majoris
2749 3855 2929 3916 damni
2952 3861 3123 3931 injicit
3139 3870 3339 3917 metum
3362 3878 3377 3917 :
3399 3877 3502 3917 non
3524 3862 3704 3916 sinens

2123 3953 2181 4007 in
2211 3953 2440 4006 multum
2469 3960 2678 4022 tempus
2704 3951 2899 4008 durare
2920 3954 3123 4007 fructus
3145 3963 3319 4019 terra,
3347 3962 3404 4008 ut
3424 3954 3610 4009 saltent
3635 3967 3704 4006 ex

2125 4060 2314 4102 eorum
2338 4047 2692 4115 corruptione
2735 4045 2987 4100 damnum
3033 4046 3316 4110 timentes,
3347 4061 3408 4101 ea
3441 4047 3526 4102 vel
3558 4047 3703 4100 inviti

2128 4137 2342 4193 tradant
2369 4140 2676 4207 egentibus,
2716 4153 2836 4208 qua:
2874 4137 3021 4193 domi
3060 4139 3256 4193 infossa
3288 4139 3428 4194 male
3471 4148 3701 4194 servant.

2131 4231 2326 4286 Verum
2367 4239 2488 4300 post
2528 4229 2642 4286 baac
2684 4231 2844 4287 etiam
2887 4240 3011 4285 sunt
3047 4232 3260 4302 quidam
3291 4232 3425 4288 adeo
3464 4231 3703 4299 inexple-

2128 4324 2286 4390 biles,
2309 4333 2367 4378 ut
2385 4340 2453 4379 ne
2473 4324 2598 4380 hinc
2617 4323 2828 4394 quidem
2852 4323 3197 4395 castigentur.
3214 4323 3360 4378 Multi
3381 4333 3522 4378 certe
3542 4324 3703 4378 etiam

2129 4416 2333 4487 integra
2371 4415 2512 4470 dolia
2557 4415 2964 4482 exinanierunt,
3004 4425 3062 4470 et
3099 4430 3167 4470 ne
3202 4416 3451 4487 cyathum
3490 4414 3705 4484 quidem

2128 4508 2348 4580 pauperi
2375 4507 2636 4562 dederunt
2657 4547 2672 4569 ,
2703 4521 2802 4563 nec
2827 4508 3068 4577 pecuniae
3099 4507 3364 4562 tantillum
3395 4507 3704 4576 egentibus,

2129 4611 2337 4656 acetum
2370 4610 2547 4654 autem
2577 4617 2644 4655 ex
2669 4602 2794 4656 vino
2824 4599 3021 4656 factum
3051 4610 3217 4657 totum
3250 4600 3393 4655 humi
3419 4601 3668 4670 jecernnt
3689 4639 3706 4664 ,

2129 4692 2378 4762 doliaque
2421 4705 2517 4745 sua
2561 4693 2720 4746 simul
2760 4707 2881 4746 cum
2910 4693 3034 4748 vino
3060 4706 3366 4762 corrupere.
3395 4691 3497 4746 Alii
3529 4700 3706 4746 autem

2129 4802 2316 4842 rursus
2345 4802 2466 4841 cum
2497 4801 2564 4842 ne
2587 4787 2746 4841 offam
2773 4788 2988 4857 quidem
3017 4787 3274 4842 esurienti
3301 4785 3706 4854 impertiissent,

2131 4881 2367 4951 integras
2399 4878 2646 4934 frumenti
2683 4893 2876 4949 capsas
2919 4881 2970 4933 in
3005 4878 3217 4932 fluvium
3246 4877 3589 4947 projererunt
3614 4893 3628 4930 :
3653 4883 3711 4930 et

2130 4973 2381 5044 quoniam
2411 4971 2575 5026 Deum
2603 4985 2709 5024 non
2739 4970 3021 5024 audierunt
3040 4969 3317 5038 jubentem
3345 4969 3473 5022 dare
3500 4969 3705 5038 egenis,

2127 5065 2347 5136 jubente
2372 5064 2513 5118 tinea
2533 5061 2616 5116 vel
2645 5061 2792 5116 inviti
2817 5061 3072 5130 quidquid
3099 5069 3216 5115 erat
3241 5061 3384 5114 intus
3409 5059 3712 5113 effuderunt

2130 5157 2195 5211 ad
2225 5157 2446 5212 exitium
2465 5164 2528 5209 et
2556 5164 2853 5210 extremum
2894 5153 3168 5208 interitum
3195 5193 3210 5217 ,
3244 5152 3468 5206 multum
3494 5149 3708 5220 quidem

2130 5251 2296 5302 risum
2322 5289 2338 5314 ,
2377 5247 2576 5302 mult-as
2621 5256 2798 5300 autem
2845 5246 3244 5300 exsecrationes
3272 5244 3325 5297 in
3355 5257 3511 5297 suum
3553 5233 3737 5314 caputg'

2850 5293 3241 5300 -._-_-__---_--_

2132 5341 2288 5393 simul
2316 5354 2436 5393 cum
2479 5339 2578 5392 hoc
2608 5336 2806 5392 damno
2831 5335 3181 5390 attrahentes.
3215 5333 3282 5388 Et
3309 5348 3429 5404 qua:
3462 5331 3550 5386 hic
3587 5293 3747 5460 (μή-ί

2132 5431 2251 5460 δια-ς
2281 5431 2410 5460 (ιη...
2442 5440 2563 5460 ιιι-..ι
2606 5430 2866 5460 Αζιεοηυιιιξ
2901 5447 2914 5460 ο
2944 5445 3061 5460 num
3087 5438 3261 5460 nntnm
3293 5427 3398 5460 :llin
3463 5438 3705 5460 agamnam

2127 5431 2252 5486 dem
2281 5431 2413 5485 fiunt
2442 5440 2566 5485 sunt
2604 5430 2867 5500 ejusmodi
2901 5447 2914 5485 :
2944 5445 3062 5497 qute
3086 5438 3262 5484 autem
3293 5427 3432 5494 illic,
3463 5438 3707 5496 quaenam

2129 5523 2408 5592 explicarit
2435 5523 2655 5577 oratio?
2702 5522 2852 5579 Sicut
2891 5522 3034 5606 enim
3063 5521 3149 5576 isti
3178 5535 3208 5574 a
3239 5521 3382 5575 tinea
3410 5532 3629 5574 exesum
3655 5527 3711 5571 et

2127 5613 2317 5667 inutile
2362 5611 2626 5666 redditum
2666 5607 2994 5667 frumentum
3035 5612 3089 5666 in
3127 5611 3316 5665 ﬂuvios
3360 5609 3560 5680 iaciunt
3590 5625 3604 5663 :
3631 5607 3710 5661 sic

2128 5717 2224 5758 eos
2245 5703 2331 5773 qui
2357 5703 2472 5758 haec
2499 5703 2761 5772 fecerunt,
2790 5713 3008 5773 propter
3030 5701 3132 5758 hoc
3158 5703 3330 5773 ipsum
3351 5700 3565 5756 inutiles
3591 5698 3715 5753 red-

2128 5796 2292 5867 ditos,
2320 5796 2532 5868 proiicit
2559 5797 2700 5855 Deus
2729 5798 2783 5854 in
2809 5795 3028 5852 ﬂuvium
3059 5797 3216 5868 ignis.
3245 5796 3391 5852 Sicut
3419 5794 3564 5852 enim
3590 5794 3708 5849 fru-
