  <div class='ocr_page' id='page_1' title='image "/cluster/home/n/w/nwhite01/storage/ocr_20150623/61/hvd.32044054166368/348.png"; bbox 0 0 4122 6226; ppageno 0'>
   <div class='ocr_carea' id='block_1_1' title="bbox 563 339 701 404">
    <p class='ocr_par' dir='ltr' id='par_1_1' title="bbox 563 339 701 404">
     <span class='ocr_line' id='line_1_1' title="bbox 563 339 701 404; baseline -0.014 0"><span class='ocrx_word' id='word_1_1' title='bbox 563 339 580 362; x_wconf 75' lang='grc'><em>’</em></span> <span class='ocrx_word' id='word_1_2' title='bbox 594 347 701 404; x_wconf 64' lang='grc'>383</span> 
     </span>
    </p>
   </div>
   <div class='ocr_carea' id='block_1_2' title="bbox 577 455 2149 532">
    <p class='ocr_par' dir='ltr' id='par_1_2' title="bbox 577 455 2149 532">
     <span class='ocr_line' id='line_1_2' title="bbox 577 455 2149 532; baseline 0.003 -23"><span class='ocrx_word' id='word_1_3' title='bbox 577 455 933 522; x_wconf 76' lang='grc' dir='ltr'>πλουτοῦντα,</span> <span class='ocrx_word' id='word_1_4' title='bbox 981 456 1468 532; x_wconf 77' lang='grc' dir='ltr'>δορυφορούμενον,</span> <span class='ocrx_word' id='word_1_5' title='bbox 1519 461 1757 524; x_wconf 83' lang='grc' dir='ltr'>κόλακας</span> <span class='ocrx_word' id='word_1_6' title='bbox 1798 462 1988 532; x_wconf 80' lang='grc' dir='ltr'>ἔχοντα</span> <span class='ocrx_word' id='word_1_7' title='bbox 2020 462 2149 515; x_wconf 86' lang='grc' dir='ltr'>πολ-</span> 
     </span>
    </p>
   </div>
   <div class='ocr_carea' id='block_1_3' title="bbox 581 549 2149 624">
    <p class='ocr_par' dir='ltr' id='par_1_3' title="bbox 581 549 2149 624">
     <span class='ocr_line' id='line_1_3' title="bbox 581 549 2149 624; baseline 0.003 -23"><span class='ocrx_word' id='word_1_8' title='bbox 581 549 726 613; x_wconf 75' lang='grc' dir='ltr'>λοὺς,</span> <span class='ocrx_word' id='word_1_9' title='bbox 785 550 860 620; x_wconf 81' lang='grc' dir='ltr'>μὴ</span> <span class='ocrx_word' id='word_1_10' title='bbox 913 551 1247 622; x_wconf 87' lang='grc' dir='ltr'>καταπέσῃς,</span> <span class='ocrx_word' id='word_1_11' title='bbox 1317 553 1456 606; x_wconf 87' lang='grc' dir='ltr'>ἀλλά</span> <span class='ocrx_word' id='word_1_12' title='bbox 1521 553 1797 620; x_wconf 80' lang='grc' dir='ltr'>στέναξον,</span> <span class='ocrx_word' id='word_1_13' title='bbox 1861 554 2149 624; x_wconf 83' lang='grc' dir='ltr'>δάκρυσον,</span> 
     </span>
    </p>
   </div>
   <div class='ocr_carea' id='block_1_4' title="bbox 577 640 2152 714">
    <p class='ocr_par' dir='ltr' id='par_1_4' title="bbox 577 640 2152 714">
     <span class='ocr_line' id='line_1_4' title="bbox 577 640 2152 714; baseline 0.003 -23"><span class='ocrx_word' id='word_1_14' title='bbox 577 640 960 711; x_wconf 80' lang='grc' dir='ltr'>παρακάλεσον</span> <span class='ocrx_word' id='word_1_15' title='bbox 1003 642 1092 694; x_wconf 88' lang='grc' dir='ltr'>τὸν</span> <span class='ocrx_word' id='word_1_16' title='bbox 1124 642 1277 706; x_wconf 84' lang='grc' dir='ltr'>Θεὸν,</span> <span class='ocrx_word' id='word_1_17' title='bbox 1307 643 1447 698; x_wconf 82' lang='grc' dir='ltr'>ὥστε</span> <span class='ocrx_word' id='word_1_18' title='bbox 1487 644 1651 697; x_wconf 79' lang='grc' dir='ltr'>αὑτὸν</span> <span class='ocrx_word' id='word_1_19' title='bbox 1692 645 1774 706; x_wconf 88' lang='grc' dir='ltr'>εἰς</span> <span class='ocrx_word' id='word_1_20' title='bbox 1805 646 1929 709; x_wconf 82' lang='grc' dir='ltr'>τοὺς</span> <span class='ocrx_word' id='word_1_21' title='bbox 1967 644 2152 714; x_wconf 85' lang='grc' dir='ltr'>φίλους</span> 
     </span>
    </p>
   </div>
   <div class='ocr_carea' id='block_1_5' title="bbox 574 730 2151 808">
    <p class='ocr_par' dir='ltr' id='par_1_5' title="bbox 574 730 2151 808">
     <span class='ocr_line' id='line_1_5' title="bbox 574 730 2151 808; baseline 0.001 -24"><span class='ocrx_word' id='word_1_22' title='bbox 574 732 899 798; x_wconf 82' lang='grc' dir='ltr'>κατατάξαι’</span> <span class='ocrx_word' id='word_1_23' title='bbox 928 733 1021 786; x_wconf 83' lang='grc' dir='ltr'>καὶ</span> <span class='ocrx_word' id='word_1_24' title='bbox 1045 734 1156 804; x_wconf 82' lang='grc' dir='ltr'>ὅσῳ</span> <span class='ocrx_word' id='word_1_25' title='bbox 1177 733 1243 787; x_wconf 80' lang='grc' dir='ltr'>ἂν</span> <span class='ocrx_word' id='word_1_26' title='bbox 1266 730 1327 789; x_wconf 81' lang='grc' dir='ltr'>εὖ</span> <span class='ocrx_word' id='word_1_27' title='bbox 1357 736 1572 808; x_wconf 80' lang='grc' dir='ltr'>πράττῃ</span> <span class='ocrx_word' id='word_1_28' title='bbox 1592 735 1782 805; x_wconf 86' lang='grc' dir='ltr'>ἐχθρὸς</span> <span class='ocrx_word' id='word_1_29' title='bbox 1799 735 1897 797; x_wconf 85' lang='grc' dir='ltr'>ὢν,</span> <span class='ocrx_word' id='word_1_30' title='bbox 1912 734 2151 805; x_wconf 84' lang='grc' dir='ltr'>τοσούτῳ</span> 
     </span>
    </p>
   </div>
   <div class='ocr_carea' id='block_1_6' title="bbox 577 821 2150 896">
    <p class='ocr_par' dir='ltr' id='par_1_6' title="bbox 577 821 2150 896">
     <span class='ocr_line' id='line_1_6' title="bbox 577 821 2150 896; baseline 0.002 -21"><span class='ocrx_word' id='word_1_31' title='bbox 577 823 740 875; x_wconf 83' lang='grc' dir='ltr'>αὑτὸν</span> <span class='ocrx_word' id='word_1_32' title='bbox 769 821 968 892; x_wconf 73' lang='grc' dir='ltr'>μᾶλλον</span> <span class='ocrx_word' id='word_1_33' title='bbox 998 824 1288 894; x_wconf 88' lang='grc' dir='ltr'>πένθησον.</span> <span class='ocrx_word' id='word_1_34' title='bbox 1321 825 1460 888; x_wconf 81' lang='grc' dir='ltr'>Τοὺς</span> <span class='ocrx_word' id='word_1_35' title='bbox 1504 826 1613 895; x_wconf 86' lang='grc' dir='ltr'>γάρ</span> <span class='ocrx_word' id='word_1_36' title='bbox 1667 825 2022 896; x_wconf 81' lang='grc' dir='ltr'>ἁμαρτωλοὺς</span> <span class='ocrx_word' id='word_1_37' title='bbox 2064 826 2150 878; x_wconf 75' lang='grc' dir='ltr'>ἀεὶ</span> 
     </span>
    </p>
   </div>
   <div class='ocr_carea' id='block_1_7' title="bbox 580 913 2150 985">
    <p class='ocr_par' dir='ltr' id='par_1_7' title="bbox 580 913 2150 985">
     <span class='ocr_line' id='line_1_7' title="bbox 580 913 2150 985; baseline 0.003 -20"><span class='ocrx_word' id='word_1_38' title='bbox 580 913 680 984; x_wconf 85' lang='grc' dir='ltr'>μὲν</span> <span class='ocrx_word' id='word_1_39' title='bbox 721 913 939 985; x_wconf 87' lang='grc' dir='ltr'>θρηνεῖν</span> <span class='ocrx_word' id='word_1_40' title='bbox 969 914 1069 979; x_wconf 86' lang='grc' dir='ltr'>δεῖ,</span> <span class='ocrx_word' id='word_1_41' title='bbox 1113 915 1347 985; x_wconf 82' lang='grc' dir='ltr'>μάλιστα</span> <span class='ocrx_word' id='word_1_42' title='bbox 1395 916 1452 970; x_wconf 79' lang='grc' dir='ltr'>δὲ</span> <span class='ocrx_word' id='word_1_43' title='bbox 1488 917 1616 970; x_wconf 82' lang='grc' dir='ltr'>ὅταν</span> <span class='ocrx_word' id='word_1_44' title='bbox 1657 918 1750 970; x_wconf 78' lang='grc' dir='ltr'>καὶ</span> <span class='ocrx_word' id='word_1_45' title='bbox 1785 917 2012 971; x_wconf 87' lang='grc' dir='ltr'>πλούτου</span> <span class='ocrx_word' id='word_1_46' title='bbox 2055 917 2150 969; x_wconf 79' lang='grc' dir='ltr'>καὶ</span> 
     </span>
    </p>
   </div>
   <div class='ocr_carea' id='block_1_8' title="bbox 576 1004 2142 1078">
    <p class='ocr_par' dir='ltr' id='par_1_8' title="bbox 576 1004 2142 1078">
     <span class='ocr_line' id='line_1_8' title="bbox 576 1004 2142 1078; baseline 0.003 -22"><span class='ocrx_word' id='word_1_47' title='bbox 576 1004 781 1074; x_wconf 84' lang='grc' dir='ltr'>πολλῆς</span> <span class='ocrx_word' id='word_1_48' title='bbox 807 1005 1150 1059; x_wconf 77' lang='grc' dir='ltr'>ἀπολαύωσιν</span> <span class='ocrx_word' id='word_1_49' title='bbox 1172 1007 1494 1078; x_wconf 85' lang='grc' dir='ltr'>εύημερίας,</span> <span class='ocrx_word' id='word_1_50' title='bbox 1520 1007 1769 1078; x_wconf 88' lang='grc' dir='ltr'>καθάπερ</span> <span class='ocrx_word' id='word_1_51' title='bbox 1789 1007 1915 1071; x_wconf 83' lang='grc' dir='ltr'>τοὺς</span> <span class='ocrx_word' id='word_1_52' title='bbox 1933 1006 2142 1061; x_wconf 82' lang='grc' dir='ltr'>νοσοῦν·</span> 
     </span>
    </p>
   </div>
   <div class='ocr_carea' id='block_1_9' title="bbox 574 1094 2148 1168">
    <p class='ocr_par' dir='ltr' id='par_1_9' title="bbox 574 1094 2148 1168">
     <span class='ocr_line' id='line_1_9' title="bbox 574 1094 2148 1168; baseline 0.004 -23"><span class='ocrx_word' id='word_1_53' title='bbox 574 1111 693 1161; x_wconf 89' lang='grc' dir='ltr'>τας,</span> <span class='ocrx_word' id='word_1_54' title='bbox 721 1094 850 1147; x_wconf 83' lang='grc' dir='ltr'>ὅταν</span> <span class='ocrx_word' id='word_1_55' title='bbox 876 1095 1276 1166; x_wconf 75' lang='grc' dir='ltr'>γαστρίζωνται</span> <span class='ocrx_word' id='word_1_56' title='bbox 1313 1098 1406 1150; x_wconf 75' lang='grc' dir='ltr'>καὶ</span> <span class='ocrx_word' id='word_1_57' title='bbox 1434 1097 1724 1168; x_wconf 87' lang='grc' dir='ltr'>μεθύωσιν.</span> <span class='ocrx_word' id='word_1_58' title='bbox 1774 1097 1912 1151; x_wconf 82' lang='grc' dir='ltr'>Ἀλλ’</span> <span class='ocrx_word' id='word_1_59' title='bbox 1939 1099 2043 1150; x_wconf 85' lang='grc' dir='ltr'>εἰσί</span> <span class='ocrx_word' id='word_1_60' title='bbox 2068 1115 2148 1151; x_wconf 81' lang='lat'><strong>1:-</strong></span> 
     </span>
    </p>
   </div>
   <div class='ocr_carea' id='block_1_10' title="bbox 572 1189 2147 1261">
    <p class='ocr_par' dir='ltr' id='par_1_10' title="bbox 572 1189 2147 1261">
     <span class='ocr_line' id='line_1_10' title="bbox 572 1189 2147 1261; baseline 0.002 -21"><span class='ocrx_word' id='word_1_61' title='bbox 572 1204 686 1251; x_wconf 86' lang='grc' dir='ltr'>νες,</span> <span class='ocrx_word' id='word_1_62' title='bbox 725 1189 774 1240; x_wconf 78' lang='grc' dir='ltr'>οἱ</span> <span class='ocrx_word' id='word_1_63' title='bbox 813 1191 907 1242; x_wconf 72' lang='grc' dir='ltr'>καὶ</span> <span class='ocrx_word' id='word_1_64' title='bbox 943 1189 1146 1243; x_wconf 90' lang='grc' dir='ltr'>τούτων</span> <span class='ocrx_word' id='word_1_65' title='bbox 1192 1192 1480 1253; x_wconf 87' lang='grc' dir='ltr'>ἀκούοντες</span> <span class='ocrx_word' id='word_1_66' title='bbox 1512 1190 1621 1244; x_wconf 86' lang='grc' dir='ltr'>τῶν</span> <span class='ocrx_word' id='word_1_67' title='bbox 1661 1191 1939 1261; x_wconf 87' lang='grc' dir='ltr'>ρημάτων,</span> <span class='ocrx_word' id='word_1_68' title='bbox 1973 1189 2147 1254; x_wconf 74' lang='grc' dir='ltr'>οὕτως</span> 
     </span>
    </p>
   </div>
   <div class='ocr_carea' id='block_1_11' title="bbox 573 1279 2146 1350">
    <p class='ocr_par' dir='ltr' id='par_1_11' title="bbox 573 1279 2146 1350">
     <span class='ocr_line' id='line_1_11' title="bbox 573 1279 2146 1350; baseline 0.001 -18"><span class='ocrx_word' id='word_1_69' title='bbox 573 1279 774 1342; x_wconf 78' lang='grc' dir='ltr'>ἀθλίως</span> <span class='ocrx_word' id='word_1_70' title='bbox 814 1280 1134 1344; x_wconf 76' lang='grc' dir='ltr'>διάκεινται,</span> <span class='ocrx_word' id='word_1_71' title='bbox 1173 1282 1249 1346; x_wconf 85' lang='grc' dir='ltr'>ὡς</span> <span class='ocrx_word' id='word_1_72' title='bbox 1285 1282 1561 1346; x_wconf 81' lang='grc' dir='ltr'>στενάζειν</span> <span class='ocrx_word' id='word_1_73' title='bbox 1589 1281 1673 1348; x_wconf 85' lang='grc' dir='ltr'>ἐφ’</span> <span class='ocrx_word' id='word_1_74' title='bbox 1705 1284 1919 1346; x_wconf 79' lang='grc' dir='ltr'>ἑαυτοῖς</span> <span class='ocrx_word' id='word_1_75' title='bbox 1952 1281 2146 1350; x_wconf 88' lang='grc' dir='ltr'>πικρὸν</span> 
     </span>
    </p>
   </div>
   <div class='ocr_carea' id='block_1_12' title="bbox 576 1371 2143 1446">
    <p class='ocr_par' dir='ltr' id='par_1_12' title="bbox 576 1371 2143 1446">
     <span class='ocr_line' id='line_1_12' title="bbox 576 1371 2143 1446; baseline 0.004 -22"><span class='ocrx_word' id='word_1_76' title='bbox 576 1373 671 1425; x_wconf 76' lang='grc' dir='ltr'>καὶ</span> <span class='ocrx_word' id='word_1_77' title='bbox 697 1371 899 1442; x_wconf 88' lang='grc' dir='ltr'>λέγειν,</span> <span class='ocrx_word' id='word_1_78' title='bbox 933 1374 1016 1426; x_wconf 83' lang='grc' dir='ltr'>ὅτι</span> <span class='ocrx_word' id='word_1_79' title='bbox 1045 1373 1308 1442; x_wconf 88' lang='grc' dir='ltr'>Δακρύων</span> <span class='ocrx_word' id='word_1_80' title='bbox 1339 1374 1485 1439; x_wconf 80' lang='grc' dir='ltr'>ἄξιος</span> <span class='ocrx_word' id='word_1_81' title='bbox 1532 1374 1644 1442; x_wconf 85' lang='grc' dir='ltr'>ἐγὼ</span> <span class='ocrx_word' id='word_1_82' title='bbox 1691 1377 1721 1428; x_wconf 91' lang='lat'>0</span> <span class='ocrx_word' id='word_1_83' title='bbox 1777 1375 1943 1446; x_wconf 82' lang='grc' dir='ltr'>μηδὲν</span> <span class='ocrx_word' id='word_1_84' title='bbox 1981 1375 2143 1446; x_wconf 74' lang='grc' dir='ltr'>ἔχων.</span> 
     </span>
    </p>
   </div>
   <div class='ocr_carea' id='block_1_13' title="bbox 573 1459 2146 1538">
    <p class='ocr_par' dir='ltr' id='par_1_13' title="bbox 573 1459 2146 1538">
     <span class='ocr_line' id='line_1_13' title="bbox 573 1459 2146 1538; baseline 0.003 -23"><span class='ocrx_word' id='word_1_85' title='bbox 573 1462 772 1528; x_wconf 82' lang='grc' dir='ltr'>Καλῶς</span> <span class='ocrx_word' id='word_1_86' title='bbox 811 1459 986 1528; x_wconf 82' lang='grc' dir='ltr'>εἶπες,</span> <span class='ocrx_word' id='word_1_87' title='bbox 1025 1463 1084 1518; x_wconf 90' lang='lat'>&#39;0</span> <span class='ocrx_word' id='word_1_88' title='bbox 1121 1465 1287 1536; x_wconf 85' lang='grc' dir='ltr'>μηδὲν</span> <span class='ocrx_word' id='word_1_89' title='bbox 1331 1466 1489 1537; x_wconf 75' lang='grc' dir='ltr'>ἔχων,</span> <span class='ocrx_word' id='word_1_90' title='bbox 1524 1469 1624 1520; x_wconf 88' lang='grc' dir='ltr'>ούκ</span> <span class='ocrx_word' id='word_1_91' title='bbox 1657 1467 1843 1538; x_wconf 83' lang='grc' dir='ltr'>ἐπειδὴ</span> <span class='ocrx_word' id='word_1_92' title='bbox 1875 1467 1976 1519; x_wconf 83' lang='grc' dir='ltr'>οὐκ</span> <span class='ocrx_word' id='word_1_93' title='bbox 2001 1466 2146 1537; x_wconf 79' lang='grc' dir='ltr'>ἔχεις</span> 
     </span>
    </p>
   </div>
   <div class='ocr_carea' id='block_1_14' title="bbox 573 1554 2146 1630">
    <p class='ocr_par' dir='ltr' id='par_1_14' title="bbox 573 1554 2146 1630">
     <span class='ocr_line' id='line_1_14' title="bbox 573 1554 2146 1630; baseline 0.003 -23"><span class='ocrx_word' id='word_1_94' title='bbox 573 1554 715 1626; x_wconf 70' lang='grc' dir='ltr'>ἅπερ</span> <span class='ocrx_word' id='word_1_95' title='bbox 738 1557 964 1620; x_wconf 83' lang='grc' dir='ltr'>ἐκεῖνος,</span> <span class='ocrx_word' id='word_1_96' title='bbox 995 1556 1110 1610; x_wconf 82' lang='grc' dir='ltr'>ἀλλ’</span> <span class='ocrx_word' id='word_1_97' title='bbox 1141 1557 1326 1628; x_wconf 80' lang='grc' dir='ltr'>ἐπειδὴ</span> <span class='ocrx_word' id='word_1_98' title='bbox 1353 1559 1688 1630; x_wconf 85' lang='grc' dir='ltr'>μακαριστὸν</span> <span class='ocrx_word' id='word_1_99' title='bbox 1711 1558 1773 1612; x_wconf 89' lang='grc' dir='ltr'>τὸ</span> <span class='ocrx_word' id='word_1_100' title='bbox 1803 1561 2034 1630; x_wconf 80' lang='grc' dir='ltr'>πρᾶγμα</span> <span class='ocrx_word' id='word_1_101' title='bbox 2059 1576 2146 1612; x_wconf 87' lang='grc' dir='ltr'>νο-</span> 
     </span>
    </p>
   </div>
   <div class='ocr_carea' id='block_1_15' title="bbox 574 1647 2144 1720">
    <p class='ocr_par' dir='ltr' id='par_1_15' title="bbox 574 1647 2144 1720">
     <span class='ocr_line' id='line_1_15' title="bbox 574 1647 2144 1720; baseline 0.004 -22"><span class='ocrx_word' id='word_1_102' title='bbox 574 1647 754 1717; x_wconf 82' lang='grc' dir='ltr'>μίζεις</span> <span class='ocrx_word' id='word_1_103' title='bbox 779 1665 792 1678; x_wconf 87' lang='grc'><strong>·</strong></span> <span class='ocrx_word' id='word_1_104' title='bbox 844 1647 925 1701; x_wconf 91' lang='grc' dir='ltr'>διὸ</span> <span class='ocrx_word' id='word_1_105' title='bbox 969 1647 1063 1702; x_wconf 77' lang='grc' dir='ltr'>καὶ</span> <span class='ocrx_word' id='word_1_106' title='bbox 1095 1648 1302 1720; x_wconf 82' lang='grc' dir='ltr'>μυρίων</span> <span class='ocrx_word' id='word_1_107' title='bbox 1329 1649 1478 1716; x_wconf 76' lang='grc' dir='ltr'>ἄξιος</span> <span class='ocrx_word' id='word_1_108' title='bbox 1505 1650 1572 1703; x_wconf 78' lang='grc' dir='ltr'>ἂν</span> <span class='ocrx_word' id='word_1_109' title='bbox 1606 1650 1725 1720; x_wconf 83' lang='grc' dir='ltr'>εἴης</span> <span class='ocrx_word' id='word_1_110' title='bbox 1760 1650 1994 1720; x_wconf 84' lang='grc' dir='ltr'>θρήνων.</span> <span class='ocrx_word' id='word_1_111' title='bbox 2035 1651 2144 1704; x_wconf 78' lang='grc' dir='ltr'>Καὶ</span> 
     </span>
    </p>
   </div>
   <div class='ocr_carea' id='block_1_16' title="bbox 569 1735 2144 1810">
    <p class='ocr_par' dir='ltr' id='par_1_16' title="bbox 569 1735 2144 1810">
     <span class='ocr_line' id='line_1_16' title="bbox 569 1735 2144 1810; baseline 0.003 -22"><span class='ocrx_word' id='word_1_112' title='bbox 569 1735 680 1806; x_wconf 88' lang='grc' dir='ltr'>γὰρ</span> <span class='ocrx_word' id='word_1_113' title='bbox 717 1735 770 1787; x_wconf 86' lang='grc' dir='ltr'>εί</span> <span class='ocrx_word' id='word_1_114' title='bbox 796 1753 879 1800; x_wconf 89' lang='grc' dir='ltr'>τις</span> <span class='ocrx_word' id='word_1_115' title='bbox 908 1736 965 1788; x_wconf 91' lang='grc' dir='ltr'>ἐν</span> <span class='ocrx_word' id='word_1_116' title='bbox 987 1736 1145 1809; x_wconf 80' lang='grc' dir='ltr'>ύγείᾳ</span> <span class='ocrx_word' id='word_1_117' title='bbox 1179 1736 1286 1802; x_wconf 71' lang='grc' dir='ltr'>ζῶν</span> <span class='ocrx_word' id='word_1_118' title='bbox 1311 1737 1606 1809; x_wconf 75' lang='grc' dir='ltr'>μακαρίζοι</span> <span class='ocrx_word' id='word_1_119' title='bbox 1639 1739 1730 1792; x_wconf 92' lang='grc' dir='ltr'>τὸν</span> <span class='ocrx_word' id='word_1_120' title='bbox 1758 1738 2144 1810; x_wconf 75' lang='grc' dir='ltr'>ἀρρωστοῦντα</span> 
     </span>
    </p>
   </div>
   <div class='ocr_carea' id='block_1_17' title="bbox 570 1823 2142 1898">
    <p class='ocr_par' dir='ltr' id='par_1_17' title="bbox 570 1823 2142 1898">
     <span class='ocr_line' id='line_1_17' title="bbox 570 1823 2142 1898; baseline 0.003 -22"><span class='ocrx_word' id='word_1_121' title='bbox 570 1823 666 1877; x_wconf 78' lang='grc' dir='ltr'>καὶ</span> <span class='ocrx_word' id='word_1_122' title='bbox 691 1823 749 1877; x_wconf 89' lang='grc' dir='ltr'>ἐν</span> <span class='ocrx_word' id='word_1_123' title='bbox 771 1823 988 1895; x_wconf 79' lang='grc' dir='ltr'>μαλακῇ</span> <span class='ocrx_word' id='word_1_124' title='bbox 1013 1827 1268 1896; x_wconf 80' lang='grc' dir='ltr'>στρωμνῇ</span> <span class='ocrx_word' id='word_1_125' title='bbox 1297 1827 1711 1897; x_wconf 78' lang='grc' dir='ltr'>κατακείμενον,</span> <span class='ocrx_word' id='word_1_126' title='bbox 1735 1828 1941 1881; x_wconf 88' lang='grc' dir='ltr'>ἐκείνου</span> <span class='ocrx_word' id='word_1_127' title='bbox 1964 1827 2142 1898; x_wconf 88' lang='grc' dir='ltr'>πολλῷ</span> 
     </span>
    </p>
   </div>
   <div class='ocr_carea' id='block_1_18' title="bbox 566 1912 2142 1987">
    <p class='ocr_par' dir='ltr' id='par_1_18' title="bbox 566 1912 2142 1987">
     <span class='ocr_line' id='line_1_18' title="bbox 566 1912 2142 1987; baseline 0.003 -19"><span class='ocrx_word' id='word_1_128' title='bbox 566 1915 942 1986; x_wconf 86' lang='grc' dir='ltr'>ταλαιπωρότε</span> <span class='ocrx_word' id='word_1_129' title='bbox 949 1933 1038 1987; x_wconf 88' lang='grc' dir='ltr'>ρος</span> <span class='ocrx_word' id='word_1_130' title='bbox 1063 1917 1154 1970; x_wconf 76' lang='grc' dir='ltr'>καὶ</span> <span class='ocrx_word' id='word_1_131' title='bbox 1169 1916 1495 1986; x_wconf 86' lang='grc' dir='ltr'>ἀθλιώτερος</span> <span class='ocrx_word' id='word_1_132' title='bbox 1512 1912 1687 1982; x_wconf 74' lang='grc' dir='ltr'>οὗτος,</span> <span class='ocrx_word' id='word_1_133' title='bbox 1704 1921 1785 1973; x_wconf 86' lang='grc' dir='ltr'>ὅτι</span> <span class='ocrx_word' id='word_1_134' title='bbox 1808 1919 1914 1973; x_wconf 82' lang='grc' dir='ltr'>τῶν</span> <span class='ocrx_word' id='word_1_135' title='bbox 1929 1920 2142 1973; x_wconf 80' lang='grc' dir='ltr'>οἰκείων</span> 
     </span>
    </p>
   </div>
   <div class='ocr_carea' id='block_1_19' title="bbox 563 2006 2142 2081">
    <p class='ocr_par' dir='ltr' id='par_1_19' title="bbox 563 2006 2142 2081">
     <span class='ocr_line' id='line_1_19' title="bbox 563 2006 2142 2081; baseline 0.003 -20"><span class='ocrx_word' id='word_1_136' title='bbox 563 2006 791 2076; x_wconf 83' lang='grc' dir='ltr'>ἀγαθῶν</span> <span class='ocrx_word' id='word_1_137' title='bbox 819 2008 1072 2078; x_wconf 81' lang='grc' dir='ltr'>οὐδεμίαν</span> <span class='ocrx_word' id='word_1_138' title='bbox 1111 2009 1363 2081; x_wconf 82' lang='grc' dir='ltr'>αἴσθησιν</span> <span class='ocrx_word' id='word_1_139' title='bbox 1395 2010 1530 2080; x_wconf 73' lang='grc' dir='ltr'>ἔχει.</span> <span class='ocrx_word' id='word_1_140' title='bbox 1571 2012 1634 2064; x_wconf 77' lang='grc' dir='ltr'><strong>Ὀ</strong></span> <span class='ocrx_word' id='word_1_141' title='bbox 1676 2011 1740 2079; x_wconf 80' lang='grc' dir='ltr'>δὴ</span> <span class='ocrx_word' id='word_1_142' title='bbox 1775 2011 1868 2063; x_wconf 73' lang='grc' dir='ltr'>καὶ</span> <span class='ocrx_word' id='word_1_143' title='bbox 1896 2012 1988 2064; x_wconf 76' lang='grc' dir='ltr'>ἐπὶ</span> <span class='ocrx_word' id='word_1_144' title='bbox 2021 2011 2142 2065; x_wconf 80' lang='grc' dir='ltr'>τού-</span> 
     </span>
    </p>
   </div>
   <div class='ocr_carea' id='block_1_20' title="bbox 566 2098 2141 2172">
    <p class='ocr_par' dir='ltr' id='par_1_20' title="bbox 566 2098 2141 2172">
     <span class='ocr_line' id='line_1_20' title="bbox 566 2098 2141 2172; baseline 0.002 -21"><span class='ocrx_word' id='word_1_145' title='bbox 566 2115 677 2152; x_wconf 90' lang='grc' dir='ltr'>των</span> <span class='ocrx_word' id='word_1_146' title='bbox 731 2098 877 2152; x_wconf 84' lang='grc' dir='ltr'>ἐστιν</span> <span class='ocrx_word' id='word_1_147' title='bbox 925 2099 1052 2153; x_wconf 86' lang='grc' dir='ltr'>ἰδεῖν</span> <span class='ocrx_word' id='word_1_148' title='bbox 1100 2099 1432 2170; x_wconf 82' lang='grc' dir='ltr'>συμϐαῖνον·</span> <span class='ocrx_word' id='word_1_149' title='bbox 1462 2101 1584 2154; x_wconf 82' lang='grc' dir='ltr'>ὅθεν</span> <span class='ocrx_word' id='word_1_150' title='bbox 1638 2101 1731 2153; x_wconf 80' lang='grc' dir='ltr'>καὶ</span> <span class='ocrx_word' id='word_1_151' title='bbox 1772 2103 1800 2153; x_wconf 88' lang='lat'>0</span> <span class='ocrx_word' id='word_1_152' title='bbox 1835 2100 1946 2170; x_wconf 90' lang='grc' dir='ltr'>βίος</span> <span class='ocrx_word' id='word_1_153' title='bbox 1985 2102 2141 2172; x_wconf 80' lang='grc' dir='ltr'>ἡμῶν</span> 
     </span>
    </p>
   </div>
   <div class='ocr_carea' id='block_1_21' title="bbox 571 2180 2141 2264">
    <p class='ocr_par' dir='ltr' id='par_1_21' title="bbox 571 2180 2141 2264">
     <span class='ocr_line' id='line_1_21' title="bbox 571 2180 2141 2264; baseline 0.004 -22"><span class='ocrx_word' id='word_1_154' title='bbox 571 2191 717 2254; x_wconf 77' lang='grc' dir='ltr'>ἄπας</span> <span class='ocrx_word' id='word_1_155' title='bbox 747 2192 1075 2261; x_wconf 82' lang='grc' dir='ltr'>συγκέχυται</span> <span class='ocrx_word' id='word_1_156' title='bbox 1104 2193 1197 2245; x_wconf 71' lang='grc' dir='ltr'>καὶ</span> <span class='ocrx_word' id='word_1_157' title='bbox 1223 2193 1574 2262; x_wconf 83' lang='grc' dir='ltr'>τετάρακται.</span> <span class='ocrx_word' id='word_1_158' title='bbox 1606 2191 1791 2245; x_wconf 92' lang='grc' dir='ltr'>Ταῦτα</span> <span class='ocrx_word' id='word_1_159' title='bbox 1820 2192 1927 2261; x_wconf 85' lang='grc' dir='ltr'>γάρ</span> <span class='ocrx_word' id='word_1_160' title='bbox 1953 2194 2019 2246; x_wconf 87' lang='grc' dir='ltr'>τά</span> <span class='ocrx_word' id='word_1_161' title='bbox 2043 2180 2141 2264; x_wconf 26' lang='lat' dir='ltr'><strong>9f}.—</strong></span> 
     </span>
    </p>
   </div>
   <div class='ocr_carea' id='block_1_22' title="bbox 575 2280 2138 2351">
    <p class='ocr_par' dir='ltr' id='par_1_22' title="bbox 575 2280 2138 2351">
     <span class='ocr_line' id='line_1_22' title="bbox 575 2280 2138 2351; baseline 0.001 -19"><span class='ocrx_word' id='word_1_162' title='bbox 575 2296 722 2349; x_wconf 85' lang='grc' dir='ltr'>ματα</span> <span class='ocrx_word' id='word_1_163' title='bbox 771 2281 994 2350; x_wconf 87' lang='grc' dir='ltr'>μυρίους</span> <span class='ocrx_word' id='word_1_164' title='bbox 1037 2280 1308 2345; x_wconf 89' lang='grc' dir='ltr'>ἀπώλεσε,</span> <span class='ocrx_word' id='word_1_165' title='bbox 1340 2283 1434 2334; x_wconf 73' lang='grc' dir='ltr'>καὶ</span> <span class='ocrx_word' id='word_1_166' title='bbox 1470 2280 1548 2351; x_wconf 83' lang='grc' dir='ltr'>τῷ</span> <span class='ocrx_word' id='word_1_167' title='bbox 1577 2280 1806 2350; x_wconf 86' lang='grc' dir='ltr'>διαϐόλῳ</span> <span class='ocrx_word' id='word_1_168' title='bbox 1840 2281 2138 2350; x_wconf 85' lang='grc' dir='ltr'>προέδωκε,</span> 
     </span>
    </p>
   </div>
   <div class='ocr_carea' id='block_1_23' title="bbox 567 2369 2136 2443">
    <p class='ocr_par' dir='ltr' id='par_1_23' title="bbox 567 2369 2136 2443">
     <span class='ocr_line' id='line_1_23' title="bbox 567 2369 2136 2443; baseline 0.002 -21"><span class='ocrx_word' id='word_1_169' title='bbox 567 2370 662 2423; x_wconf 76' lang='grc' dir='ltr'>καὶ</span> <span class='ocrx_word' id='word_1_170' title='bbox 705 2369 812 2423; x_wconf 87' lang='grc' dir='ltr'>τῶν</span> <span class='ocrx_word' id='word_1_171' title='bbox 856 2370 998 2442; x_wconf 84' lang='grc' dir='ltr'>λιμῷ</span> <span class='ocrx_word' id='word_1_172' title='bbox 1041 2371 1371 2442; x_wconf 80' lang='grc' dir='ltr'>τηκομένων</span> <span class='ocrx_word' id='word_1_173' title='bbox 1408 2371 1807 2443; x_wconf 87' lang='grc' dir='ltr'>ἐλεεινοτέρους</span> <span class='ocrx_word' id='word_1_174' title='bbox 1859 2372 2136 2443; x_wconf 82' lang='grc' dir='ltr'>ἐποίησεν.</span> 
     </span>
    </p>
   </div>
   <div class='ocr_carea' id='block_1_24' title="bbox 567 2458 2141 2535">
    <p class='ocr_par' dir='ltr' id='par_1_24' title="bbox 567 2458 2141 2535">
     <span class='ocr_line' id='line_1_24' title="bbox 567 2458 2141 2535; baseline 0.001 -21"><span class='ocrx_word' id='word_1_175' title='bbox 567 2460 689 2514; x_wconf 84' lang='lat'><strong>&#39;01:</strong></span> <span class='ocrx_word' id='word_1_176' title='bbox 711 2460 820 2532; x_wconf 82' lang='grc' dir='ltr'>γάρ</span> <span class='ocrx_word' id='word_1_177' title='bbox 841 2462 992 2516; x_wconf 84' lang='grc' dir='ltr'>οἰτοῦ</span> <span class='ocrx_word' id='word_1_178' title='bbox 1017 2463 1258 2528; x_wconf 86' lang='grc' dir='ltr'>πλείονος</span> <span class='ocrx_word' id='word_1_179' title='bbox 1287 2463 1584 2534; x_wconf 78' lang='grc' dir='ltr'>ἐφιέμενοι,</span> <span class='ocrx_word' id='word_1_180' title='bbox 1603 2458 1748 2517; x_wconf 79' lang='grc' dir='ltr'>οῦτοι</span> <span class='ocrx_word' id='word_1_181' title='bbox 1768 2463 1860 2517; x_wconf 77' lang='grc' dir='ltr'>καὶ</span> <span class='ocrx_word' id='word_1_182' title='bbox 1875 2463 1986 2516; x_wconf 84' lang='grc' dir='ltr'>τῶν</span> <span class='ocrx_word' id='word_1_183' title='bbox 2011 2480 2141 2535; x_wconf 84' lang='grc' dir='ltr'>προ·</span> 
     </span>
    </p>
   </div>
   <div class='ocr_carea' id='block_1_25' title="bbox 566 2553 2139 2627">
    <p class='ocr_par' dir='ltr' id='par_1_25' title="bbox 566 2553 2139 2627">
     <span class='ocr_line' id='line_1_25' title="bbox 566 2553 2139 2627; baseline 0.001 -20"><span class='ocrx_word' id='word_1_184' title='bbox 566 2553 894 2608; x_wconf 88' lang='grc' dir='ltr'>σαιτούντων</span> <span class='ocrx_word' id='word_1_185' title='bbox 910 2555 1046 2609; x_wconf 74' lang='grc' dir='ltr'>εἰσὶν</span> <span class='ocrx_word' id='word_1_186' title='bbox 1062 2555 1402 2627; x_wconf 84' lang='grc' dir='ltr'>ἀθλιώτεροι,</span> <span class='ocrx_word' id='word_1_187' title='bbox 1428 2557 1523 2609; x_wconf 81' lang='grc' dir='ltr'>ἆτε</span> <span class='ocrx_word' id='word_1_188' title='bbox 1541 2555 1636 2608; x_wconf 75' lang='grc' dir='ltr'>καὶ</span> <span class='ocrx_word' id='word_1_189' title='bbox 1659 2555 1864 2626; x_wconf 78' lang='grc' dir='ltr'>μείζονι</span> <span class='ocrx_word' id='word_1_190' title='bbox 1891 2557 1987 2609; x_wconf 78' lang='grc' dir='ltr'>καὶ</span> <span class='ocrx_word' id='word_1_191' title='bbox 2023 2556 2139 2625; x_wconf 90' lang='grc' dir='ltr'>δρι-</span> 
     </span>
    </p>
   </div>
   <div class='ocr_carea' id='block_1_26' title="bbox 567 2645 2134 2720">
    <p class='ocr_par' dir='ltr' id='par_1_26' title="bbox 567 2645 2134 2720">
     <span class='ocr_line' id='line_1_26' title="bbox 567 2645 2134 2720; baseline 0.003 -21"><span class='ocrx_word' id='word_1_192' title='bbox 567 2645 780 2717; x_wconf 81' lang='grc' dir='ltr'>μυτέρᾳ</span> <span class='ocrx_word' id='word_1_193' title='bbox 802 2646 1009 2718; x_wconf 90' lang='grc' dir='ltr'>ἀθυμίᾳ</span> <span class='ocrx_word' id='word_1_194' title='bbox 1042 2647 1246 2701; x_wconf 86' lang='grc' dir='ltr'>τούτων</span> <span class='ocrx_word' id='word_1_195' title='bbox 1273 2649 1647 2720; x_wconf 85' lang='grc' dir='ltr'>κατεχόμενοι,</span> <span class='ocrx_word' id='word_1_196' title='bbox 1678 2649 1836 2719; x_wconf 85' lang='grc' dir='ltr'>δῆλον</span> <span class='ocrx_word' id='word_1_197' title='bbox 1862 2649 2134 2705; x_wconf 87' lang='grc' dir='ltr'>ἐντεῦθεν.</span> 
     </span>
    </p>
   </div>
   <div class='ocr_carea' id='block_1_27' title="bbox 634 2738 2136 2814">
    <p class='ocr_par' dir='ltr' id='par_1_27' title="bbox 634 2738 2136 2814">
     <span class='ocr_line' id='line_1_27' title="bbox 634 2738 2136 2814; baseline 0.002 -23"><span class='ocrx_word' id='word_1_198' title='bbox 634 2739 855 2808; x_wconf 81' lang='grc' dir='ltr'>Δύχμὸς</span> <span class='ocrx_word' id='word_1_199' title='bbox 888 2738 1155 2793; x_wconf 87' lang='grc' dir='ltr'>κατέλαϐέ</span> <span class='ocrx_word' id='word_1_200' title='bbox 1195 2756 1326 2793; x_wconf 90' lang='grc' dir='ltr'>ποτε</span> <span class='ocrx_word' id='word_1_201' title='bbox 1367 2741 1467 2812; x_wconf 82' lang='grc' dir='ltr'>τὴν</span> <span class='ocrx_word' id='word_1_202' title='bbox 1506 2741 1658 2795; x_wconf 86' lang='grc' dir='ltr'>πόλιν</span> <span class='ocrx_word' id='word_1_203' title='bbox 1696 2741 1796 2812; x_wconf 81' lang='grc' dir='ltr'>τὴν</span> <span class='ocrx_word' id='word_1_204' title='bbox 1839 2742 2136 2814; x_wconf 77' lang='grc' dir='ltr'>ἡμετέραν,</span> 
     </span>
    </p>
   </div>
   <div class='ocr_carea' id='block_1_28' title="bbox 563 2831 2138 2904">
    <p class='ocr_par' dir='ltr' id='par_1_28' title="bbox 563 2831 2138 2904">
     <span class='ocr_line' id='line_1_28' title="bbox 563 2831 2138 2904; baseline 0.003 -20"><span class='ocrx_word' id='word_1_205' title='bbox 563 2831 661 2885; x_wconf 76' lang='grc' dir='ltr'>καὶ</span> <span class='ocrx_word' id='word_1_206' title='bbox 686 2831 891 2894; x_wconf 87' lang='grc' dir='ltr'>πάντες</span> <span class='ocrx_word' id='word_1_207' title='bbox 920 2831 1148 2903; x_wconf 79' lang='grc' dir='ltr'>ἔτρεμον</span> <span class='ocrx_word' id='word_1_208' title='bbox 1182 2832 1322 2904; x_wconf 81' lang='grc' dir='ltr'>ὑπὲρ</span> <span class='ocrx_word' id='word_1_209' title='bbox 1341 2832 1450 2886; x_wconf 86' lang='grc' dir='ltr'>τῶν</span> <span class='ocrx_word' id='word_1_210' title='bbox 1477 2833 1736 2903; x_wconf 77' lang='grc' dir='ltr'>ἐσχάτων,</span> <span class='ocrx_word' id='word_1_211' title='bbox 1763 2833 1856 2888; x_wconf 69' lang='grc' dir='ltr'>καὶ</span> <span class='ocrx_word' id='word_1_212' title='bbox 1888 2835 1978 2888; x_wconf 89' lang='grc' dir='ltr'>τὸν</span> <span class='ocrx_word' id='word_1_213' title='bbox 2005 2836 2138 2889; x_wconf 86' lang='grc' dir='ltr'>Θεὸν</span> 
     </span>
    </p>
   </div>
   <div class='ocr_carea' id='block_1_29' title="bbox 564 2920 2138 2997">
    <p class='ocr_par' dir='ltr' id='par_1_29' title="bbox 564 2920 2138 2997">
     <span class='ocr_line' id='line_1_29' title="bbox 564 2920 2138 2997; baseline 0.003 -21"><span class='ocrx_word' id='word_1_214' title='bbox 564 2922 907 2994; x_wconf 84' lang='grc' dir='ltr'>παρεκάλουν</span> <span class='ocrx_word' id='word_1_215' title='bbox 938 2923 1096 2977; x_wconf 91' lang='grc' dir='ltr'>λῦσαι</span> <span class='ocrx_word' id='word_1_216' title='bbox 1117 2924 1264 2977; x_wconf 87' lang='grc' dir='ltr'>τουτί</span> <span class='ocrx_word' id='word_1_217' title='bbox 1282 2924 1342 2977; x_wconf 87' lang='grc' dir='ltr'>τὸ</span> <span class='ocrx_word' id='word_1_218' title='bbox 1374 2924 1510 2989; x_wconf 83' lang='grc' dir='ltr'>δέος·</span> <span class='ocrx_word' id='word_1_219' title='bbox 1543 2925 1637 2978; x_wconf 76' lang='grc' dir='ltr'>καὶ</span> <span class='ocrx_word' id='word_1_220' title='bbox 1663 2920 1732 2997; x_wconf 78' lang='grc' dir='ltr'>ἦν</span> <span class='ocrx_word' id='word_1_221' title='bbox 1761 2926 1887 2980; x_wconf 85' lang='grc' dir='ltr'>ίδεῖν</span> <span class='ocrx_word' id='word_1_222' title='bbox 1924 2927 2044 2980; x_wconf 89' lang='grc' dir='ltr'>τότε</span> <span class='ocrx_word' id='word_1_223' title='bbox 2075 2927 2138 2980; x_wconf 88' lang='grc' dir='ltr'>τὸ</span> 
     </span>
    </p>
   </div>
   <div class='ocr_carea' id='block_1_30' title="bbox 565 3013 2138 3087">
    <p class='ocr_par' dir='ltr' id='par_1_30' title="bbox 565 3013 2138 3087">
     <span class='ocr_line' id='line_1_30' title="bbox 565 3013 2138 3087; baseline 0.001 -19"><span class='ocrx_word' id='word_1_224' title='bbox 565 3015 670 3068; x_wconf 81' lang='grc' dir='ltr'>ὑπὸ</span> <span class='ocrx_word' id='word_1_225' title='bbox 696 3015 976 3078; x_wconf 76' lang='grc' dir='ltr'>Μωῦσέως</span> <span class='ocrx_word' id='word_1_226' title='bbox 1003 3013 1308 3086; x_wconf 87' lang='grc' dir='ltr'>εἰρημένον,</span> <span class='ocrx_word' id='word_1_227' title='bbox 1338 3013 1574 3085; x_wconf 78' lang='grc' dir='ltr'>χαλκοῦν</span> <span class='ocrx_word' id='word_1_228' title='bbox 1601 3016 1694 3070; x_wconf 92' lang='grc' dir='ltr'>τὸν</span> <span class='ocrx_word' id='word_1_229' title='bbox 1725 3017 1953 3087; x_wconf 82' lang='grc' dir='ltr'>οὐρανὸν</span> <span class='ocrx_word' id='word_1_230' title='bbox 1979 3035 2138 3087; x_wconf 79' lang='grc' dir='ltr'>γεγε·</span> 
     </span>
    </p>
   </div>
   <div class='ocr_carea' id='block_1_31' title="bbox 563 3107 2138 3180">
    <p class='ocr_par' dir='ltr' id='par_1_31' title="bbox 563 3107 2138 3180">
     <span class='ocr_line' id='line_1_31' title="bbox 563 3107 2138 3180; baseline 0.003 -20"><span class='ocrx_word' id='word_1_231' title='bbox 563 3109 815 3177; x_wconf 80' lang='grc' dir='ltr'>νημένον,</span> <span class='ocrx_word' id='word_1_232' title='bbox 857 3111 950 3162; x_wconf 80' lang='grc' dir='ltr'>καὶ</span> <span class='ocrx_word' id='word_1_233' title='bbox 990 3107 1219 3162; x_wconf 85' lang='grc' dir='ltr'>θάνατον</span> <span class='ocrx_word' id='word_1_234' title='bbox 1252 3107 1357 3160; x_wconf 85' lang='grc' dir='ltr'>τῶν</span> <span class='ocrx_word' id='word_1_235' title='bbox 1399 3108 1653 3162; x_wconf 84' lang='grc' dir='ltr'>ἁπάντων</span> <span class='ocrx_word' id='word_1_236' title='bbox 1693 3108 1939 3164; x_wconf 85' lang='grc' dir='ltr'>θανάτων</span> <span class='ocrx_word' id='word_1_237' title='bbox 1981 3111 2138 3180; x_wconf 85' lang='grc' dir='ltr'>χαλε-</span> 
     </span>
    </p>
   </div>
   <div class='ocr_carea' id='block_1_32' title="bbox 564 3195 2132 3272">
    <p class='ocr_par' dir='ltr' id='par_1_32' title="bbox 564 3195 2132 3272">
     <span class='ocr_line' id='line_1_32' title="bbox 564 3195 2132 3272; baseline 0.002 -22"><span class='ocrx_word' id='word_1_238' title='bbox 564 3195 811 3268; x_wconf 88' lang='grc' dir='ltr'>πώτερον</span> <span class='ocrx_word' id='word_1_239' title='bbox 851 3197 974 3251; x_wconf 89' lang='grc' dir='ltr'>καθ’</span> <span class='ocrx_word' id='word_1_240' title='bbox 1002 3197 1240 3267; x_wconf 78' lang='grc' dir='ltr'>ἑκάστην</span> <span class='ocrx_word' id='word_1_241' title='bbox 1275 3195 1723 3268; x_wconf 88' lang='grc' dir='ltr'>προσδοκώμενον</span> <span class='ocrx_word' id='word_1_242' title='bbox 1758 3198 1855 3270; x_wconf 74' lang='grc' dir='ltr'>τὴν</span> <span class='ocrx_word' id='word_1_243' title='bbox 1900 3201 2132 3272; x_wconf 84' lang='grc' dir='ltr'>ἡμέραν.</span> 
     </span>
    </p>
   </div>
   <div class='ocr_carea' id='block_1_33' title="bbox 575 3285 2139 3362">
    <p class='ocr_par' dir='ltr' id='par_1_33' title="bbox 575 3285 2139 3362">
     <span class='ocr_line' id='line_1_33' title="bbox 575 3285 2139 3362; baseline 0.003 -23"><span class='ocrx_word' id='word_1_244' title='bbox 575 3285 716 3339; x_wconf 77' lang='grc' dir='ltr'>Ἀλλ’</span> <span class='ocrx_word' id='word_1_245' title='bbox 741 3285 984 3359; x_wconf 79' lang='grc' dir='ltr'>ὕστερον,</span> <span class='ocrx_word' id='word_1_246' title='bbox 1011 3286 1170 3351; x_wconf 80' lang='grc' dir='ltr'>δόξαν</span> <span class='ocrx_word' id='word_1_247' title='bbox 1204 3286 1281 3358; x_wconf 83' lang='grc' dir='ltr'>τῷ</span> <span class='ocrx_word' id='word_1_248' title='bbox 1310 3287 1676 3359; x_wconf 83' lang='grc' dir='ltr'>φιλανθρώπῳ</span> <span class='ocrx_word' id='word_1_249' title='bbox 1715 3289 1854 3359; x_wconf 83' lang='grc' dir='ltr'>Θεῷ,</span> <span class='ocrx_word' id='word_1_250' title='bbox 1893 3292 2023 3362; x_wconf 84' lang='grc' dir='ltr'>παρ’</span> <span class='ocrx_word' id='word_1_251' title='bbox 2051 3292 2139 3345; x_wconf 85' lang='grc' dir='ltr'>ἐλ-</span> 
     </span>
    </p>
   </div>
   <div class='ocr_carea' id='block_1_34' title="bbox 561 3380 2138 3455">
    <p class='ocr_par' dir='ltr' id='par_1_34' title="bbox 561 3380 2138 3455">
     <span class='ocr_line' id='line_1_34' title="bbox 561 3380 2138 3455; baseline 0.005 -21"><span class='ocrx_word' id='word_1_252' title='bbox 561 3381 691 3434; x_wconf 90' lang='grc' dir='ltr'>πίδα</span> <span class='ocrx_word' id='word_1_253' title='bbox 715 3380 932 3434; x_wconf 75' lang='grc' dir='ltr'>ἅπασαν</span> <span class='ocrx_word' id='word_1_254' title='bbox 967 3381 1135 3445; x_wconf 79' lang='grc' dir='ltr'>πολὺς</span> <span class='ocrx_word' id='word_1_255' title='bbox 1169 3381 1501 3452; x_wconf 76' lang='grc' dir='ltr'>κατεφέρετο</span> <span class='ocrx_word' id='word_1_256' title='bbox 1539 3381 1634 3436; x_wconf 76' lang='grc' dir='ltr'>καὶ</span> <span class='ocrx_word' id='word_1_257' title='bbox 1675 3383 1900 3455; x_wconf 77' lang='grc' dir='ltr'>ἄπειρος</span> <span class='ocrx_word' id='word_1_258' title='bbox 1931 3387 2138 3442; x_wconf 75' lang='grc' dir='ltr'>ἀνωθεν</span> 
     </span>
    </p>
   </div>
   <div class='ocr_carea' id='block_1_35' title="bbox 560 3473 2136 3550">
    <p class='ocr_par' dir='ltr' id='par_1_35' title="bbox 560 3473 2136 3550">
     <span class='ocr_line' id='line_1_35' title="bbox 560 3473 2136 3550; baseline 0.004 -24"><span class='ocrx_word' id='word_1_259' title='bbox 560 3473 735 3541; x_wconf 82' lang='grc' dir='ltr'>ὑετὸς,</span> <span class='ocrx_word' id='word_1_260' title='bbox 781 3474 875 3526; x_wconf 79' lang='grc' dir='ltr'>καὶ</span> <span class='ocrx_word' id='word_1_261' title='bbox 915 3474 1116 3539; x_wconf 88' lang='grc' dir='ltr'>πάντες</span> <span class='ocrx_word' id='word_1_262' title='bbox 1154 3475 1213 3528; x_wconf 90' lang='grc' dir='ltr'>ἐν</span> <span class='ocrx_word' id='word_1_263' title='bbox 1249 3473 1550 3545; x_wconf 79' lang='grc' dir='ltr'>πανηγύρει</span> <span class='ocrx_word' id='word_1_264' title='bbox 1586 3476 1679 3530; x_wconf 75' lang='grc' dir='ltr'>καὶ</span> <span class='ocrx_word' id='word_1_265' title='bbox 1725 3478 1885 3550; x_wconf 84' lang='grc' dir='ltr'>ἐορτῇ</span> <span class='ocrx_word' id='word_1_266' title='bbox 1931 3479 2136 3545; x_wconf 85' lang='grc' dir='ltr'>λοιπὸν,</span> 
     </span>
    </p>
   </div>
   <div class='ocr_carea' id='block_1_36' title="bbox 561 3563 2133 3628">
    <p class='ocr_par' dir='ltr' id='par_1_36' title="bbox 561 3563 2133 3628">
     <span class='ocr_line' id='line_1_36' title="bbox 561 3563 2133 3628; baseline 0.004 -10"><span class='ocrx_word' id='word_1_267' title='bbox 561 3563 656 3618; x_wconf 78' lang='grc' dir='ltr'>ἅτε</span> <span class='ocrx_word' id='word_1_268' title='bbox 696 3563 756 3628; x_wconf 84' lang='grc' dir='ltr'>ἐξ</span> <span class='ocrx_word' id='word_1_269' title='bbox 799 3563 977 3617; x_wconf 83' lang='grc' dir='ltr'>αὐτῶν</span> <span class='ocrx_word' id='word_1_270' title='bbox 1014 3563 1312 3626; x_wconf 88' lang='grc' dir='ltr'>ἀναϐάντες</span> <span class='ocrx_word' id='word_1_271' title='bbox 1355 3563 1466 3617; x_wconf 84' lang='grc' dir='ltr'>τῶν</span> <span class='ocrx_word' id='word_1_272' title='bbox 1511 3564 1604 3618; x_wconf 90' lang='grc' dir='ltr'>τοῦ</span> <span class='ocrx_word' id='word_1_273' title='bbox 1645 3565 1876 3621; x_wconf 88' lang='grc' dir='ltr'>θανάτου</span> <span class='ocrx_word' id='word_1_274' title='bbox 1931 3569 2133 3625; x_wconf 81' lang='grc' dir='ltr'>πυλῶν.</span> 
     </span>
    </p>
   </div>
   <div class='ocr_carea' id='block_1_37' title="bbox 561 3651 2136 3730">
    <p class='ocr_par' dir='ltr' id='par_1_37' title="bbox 561 3651 2136 3730">
     <span class='ocr_line' id='line_1_37' title="bbox 561 3651 2136 3730; baseline 0.004 -20"><span class='ocrx_word' id='word_1_275' title='bbox 561 3651 715 3728; x_wconf 74' lang='grc'>[574]</span> <span class='ocrx_word' id='word_1_276' title='bbox 750 3654 887 3708; x_wconf 83' lang='grc' dir='ltr'>Ἀλλ’</span> <span class='ocrx_word' id='word_1_277' title='bbox 908 3656 965 3708; x_wconf 88' lang='grc' dir='ltr'>ἐν</span> <span class='ocrx_word' id='word_1_278' title='bbox 982 3654 1254 3719; x_wconf 81' lang='grc' dir='ltr'>τοσούτοις</span> <span class='ocrx_word' id='word_1_279' title='bbox 1277 3654 1502 3722; x_wconf 82' lang='grc' dir='ltr'>ἀγαθοῖς</span> <span class='ocrx_word' id='word_1_280' title='bbox 1531 3656 1624 3710; x_wconf 77' lang='grc' dir='ltr'>καὶ</span> <span class='ocrx_word' id='word_1_281' title='bbox 1644 3659 1709 3728; x_wconf 80' lang='grc' dir='ltr'>τῇ</span> <span class='ocrx_word' id='word_1_282' title='bbox 1733 3661 1884 3730; x_wconf 79' lang='grc' dir='ltr'>κοινῇ</span> <span class='ocrx_word' id='word_1_283' title='bbox 1917 3661 2136 3716; x_wconf 89' lang='grc' dir='ltr'>πάντων</span> 
     </span>
    </p>
   </div>
   <div class='ocr_carea' id='block_1_38' title="bbox 561 3743 2135 3820">
    <p class='ocr_par' dir='ltr' id='par_1_38' title="bbox 561 3743 2135 3820">
     <span class='ocr_line' id='line_1_38' title="bbox 561 3743 2135 3820; baseline 0.006 -24"><span class='ocrx_word' id='word_1_284' title='bbox 561 3743 890 3815; x_wconf 83' lang='grc' dir='ltr'>εὐφροσύνῃ,</span> <span class='ocrx_word' id='word_1_285' title='bbox 919 3743 1026 3797; x_wconf 85' lang='grc' dir='ltr'>τῶν</span> <span class='ocrx_word' id='word_1_286' title='bbox 1065 3744 1511 3809; x_wconf 84' lang='grc' dir='ltr'>ζαπλουτούντων</span> <span class='ocrx_word' id='word_1_287' title='bbox 1541 3765 1624 3812; x_wconf 90' lang='grc' dir='ltr'>τις</span> <span class='ocrx_word' id='word_1_288' title='bbox 1658 3748 1866 3804; x_wconf 89' lang='grc' dir='ltr'>τούτων</span> <span class='ocrx_word' id='word_1_289' title='bbox 1909 3752 2135 3820; x_wconf 85' lang='grc' dir='ltr'>στυγνὸς</span> 
     </span>
    </p>
   </div>
   <div class='ocr_carea' id='block_1_39' title="bbox 560 3835 2132 3917">
    <p class='ocr_par' dir='ltr' id='par_1_39' title="bbox 560 3835 2132 3917">
     <span class='ocr_line' id='line_1_39' title="bbox 560 3835 2132 3917; baseline 0.006 -28"><span class='ocrx_word' id='word_1_290' title='bbox 560 3837 656 3890; x_wconf 67' lang='grc' dir='ltr'>καὶ</span> <span class='ocrx_word' id='word_1_291' title='bbox 678 3837 946 3907; x_wconf 79' lang='grc' dir='ltr'>κατηφὴς,</span> <span class='ocrx_word' id='word_1_292' title='bbox 977 3835 1364 3908; x_wconf 85' lang='grc' dir='ltr'>ἀποτεθνηκὼς</span> <span class='ocrx_word' id='word_1_293' title='bbox 1391 3837 1497 3892; x_wconf 83' lang='grc' dir='ltr'>ὑπὸ</span> <span class='ocrx_word' id='word_1_294' title='bbox 1519 3840 1617 3911; x_wconf 84' lang='grc' dir='ltr'>τῆς</span> <span class='ocrx_word' id='word_1_295' title='bbox 1638 3840 1876 3914; x_wconf 89' lang='grc' dir='ltr'>ἀθυμίας</span> <span class='ocrx_word' id='word_1_296' title='bbox 1897 3845 2132 3917; x_wconf 79' lang='grc' dir='ltr'>περιῄει,</span> 
     </span>
    </p>
   </div>
   <div class='ocr_carea' id='block_1_40' title="bbox 562 3926 2131 4007">
    <p class='ocr_par' dir='ltr' id='par_1_40' title="bbox 562 3926 2131 4007">
     <span class='ocr_line' id='line_1_40' title="bbox 562 3926 2131 4007; baseline 0.005 -27"><span class='ocrx_word' id='word_1_297' title='bbox 562 3928 658 3982; x_wconf 77' lang='grc' dir='ltr'>καὶ</span> <span class='ocrx_word' id='word_1_298' title='bbox 688 3926 896 3980; x_wconf 82' lang='grc' dir='ltr'>πολλῶν</span> <span class='ocrx_word' id='word_1_299' title='bbox 925 3927 1024 3998; x_wconf 79' lang='grc' dir='ltr'>τὴν</span> <span class='ocrx_word' id='word_1_300' title='bbox 1050 3927 1228 3983; x_wconf 88' lang='grc' dir='ltr'>αἰτίαν</span> <span class='ocrx_word' id='word_1_301' title='bbox 1262 3930 1702 4003; x_wconf 86' lang='grc' dir='ltr'>πυνθανομένων,</span> <span class='ocrx_word' id='word_1_302' title='bbox 1735 3931 1803 3986; x_wconf 87' lang='grc' dir='ltr'>δι’</span> <span class='ocrx_word' id='word_1_303' title='bbox 1858 3935 1924 4006; x_wconf 81' lang='grc' dir='ltr'>ἢν</span> <span class='ocrx_word' id='word_1_304' title='bbox 1965 3936 2024 3989; x_wconf 84' lang='grc' dir='ltr'>ἐν</span> <span class='ocrx_word' id='word_1_305' title='bbox 2065 3938 2131 4007; x_wconf 81' lang='grc' dir='ltr'>τῇ</span> 
     </span>
    </p>
   </div>
   <div class='ocr_carea' id='block_1_41' title="bbox 563 4019 2133 4095">
    <p class='ocr_par' dir='ltr' id='par_1_41' title="bbox 563 4019 2133 4095">
     <span class='ocr_line' id='line_1_41' title="bbox 563 4019 2133 4095; baseline 0.007 -23"><span class='ocrx_word' id='word_1_306' title='bbox 563 4023 714 4091; x_wconf 84' lang='grc' dir='ltr'>κοινῇ</span> <span class='ocrx_word' id='word_1_307' title='bbox 758 4019 974 4074; x_wconf 87' lang='grc' dir='ltr'>πάντων</span> <span class='ocrx_word' id='word_1_308' title='bbox 1020 4020 1324 4092; x_wconf 87' lang='grc' dir='ltr'>ἀνθρώπων</span> <span class='ocrx_word' id='word_1_309' title='bbox 1367 4024 1529 4094; x_wconf 76' lang='grc' dir='ltr'>ἡδονῇ</span> <span class='ocrx_word' id='word_1_310' title='bbox 1576 4025 1736 4095; x_wconf 84' lang='grc' dir='ltr'>μόνος</span> <span class='ocrx_word' id='word_1_311' title='bbox 1789 4026 1964 4095; x_wconf 86' lang='grc' dir='ltr'>ἀλγεῖ,</span> <span class='ocrx_word' id='word_1_312' title='bbox 2015 4029 2133 4082; x_wconf 84' lang='grc' dir='ltr'>οὐδὲ</span> 
     </span>
    </p>
   </div>
   <div class='ocr_carea' id='block_1_42' title="bbox 566 4112 2133 4185">
    <p class='ocr_par' dir='ltr' id='par_1_42' title="bbox 566 4112 2133 4185">
     <span class='ocr_line' id='line_1_42' title="bbox 566 4112 2133 4185; baseline 0.004 -19"><span class='ocrx_word' id='word_1_313' title='bbox 566 4115 855 4183; x_wconf 81' lang='grc' dir='ltr'>κατασχεῖν</span> <span class='ocrx_word' id='word_1_314' title='bbox 883 4112 1030 4166; x_wconf 76' lang='grc' dir='ltr'>ἔνδον</span> <span class='ocrx_word' id='word_1_315' title='bbox 1061 4114 1246 4182; x_wconf 84' lang='grc' dir='ltr'>ίσχυσε</span> <span class='ocrx_word' id='word_1_316' title='bbox 1273 4113 1334 4166; x_wconf 86' lang='grc' dir='ltr'>τὸ</span> <span class='ocrx_word' id='word_1_317' title='bbox 1360 4113 1591 4184; x_wconf 89' lang='grc' dir='ltr'>χαλεπὸν</span> <span class='ocrx_word' id='word_1_318' title='bbox 1616 4116 1773 4170; x_wconf 84' lang='grc' dir='ltr'>τοῦτο</span> <span class='ocrx_word' id='word_1_319' title='bbox 1802 4118 1993 4185; x_wconf 82' lang='grc' dir='ltr'>πάθος,</span> <span class='ocrx_word' id='word_1_320' title='bbox 2017 4121 2133 4174; x_wconf 85' lang='grc' dir='ltr'>ἀλλ’</span> 
     </span>
    </p>
   </div>
   <div class='ocr_carea' id='block_1_43' title="bbox 567 4203 2133 4278">
    <p class='ocr_par' dir='ltr' id='par_1_43' title="bbox 567 4203 2133 4278">
     <span class='ocr_line' id='line_1_43' title="bbox 567 4203 2133 4278; baseline 0.005 -22"><span class='ocrx_word' id='word_1_321' title='bbox 567 4203 672 4256; x_wconf 80' lang='grc' dir='ltr'>ὑπὸ</span> <span class='ocrx_word' id='word_1_322' title='bbox 701 4205 796 4274; x_wconf 84' lang='grc' dir='ltr'>τῆς</span> <span class='ocrx_word' id='word_1_323' title='bbox 823 4203 1133 4275; x_wconf 82' lang='grc' dir='ltr'>τυραννίδος</span> <span class='ocrx_word' id='word_1_324' title='bbox 1164 4203 1260 4257; x_wconf 90' lang='grc' dir='ltr'>τοῦ</span> <span class='ocrx_word' id='word_1_325' title='bbox 1292 4206 1594 4275; x_wconf 83' lang='grc' dir='ltr'>νοσήματος</span> <span class='ocrx_word' id='word_1_326' title='bbox 1639 4208 2015 4278; x_wconf 80' lang='grc' dir='ltr'>κεντούμενος,</span> <span class='ocrx_word' id='word_1_327' title='bbox 2053 4215 2133 4276; x_wconf 87' lang='grc' dir='ltr'>εἰς</span> 
     </span>
    </p>
   </div>
   <div class='ocr_carea' id='block_1_44' title="bbox 564 4294 2130 4372">
    <p class='ocr_par' dir='ltr' id='par_1_44' title="bbox 564 4294 2130 4372">
     <span class='ocr_line' id='line_1_44' title="bbox 564 4294 2130 4372; baseline 0.004 -24"><span class='ocrx_word' id='word_1_328' title='bbox 564 4294 728 4364; x_wconf 83' lang='grc' dir='ltr'>μέσον</span> <span class='ocrx_word' id='word_1_329' title='bbox 757 4296 1017 4365; x_wconf 79' lang='grc' dir='ltr'>ἐξήνεγκε</span> <span class='ocrx_word' id='word_1_330' title='bbox 1047 4295 1143 4367; x_wconf 81' lang='grc' dir='ltr'>τὴν</span> <span class='ocrx_word' id='word_1_331' title='bbox 1170 4295 1367 4350; x_wconf 87' lang='grc' dir='ltr'>αίτίαν’</span> <span class='ocrx_word' id='word_1_332' title='bbox 1400 4296 1584 4367; x_wconf 87' lang='grc' dir='ltr'>Μυρία</span> <span class='ocrx_word' id='word_1_333' title='bbox 1618 4298 1726 4368; x_wconf 79' lang='grc' dir='ltr'>γάρ</span> <span class='ocrx_word' id='word_1_334' title='bbox 1765 4300 1937 4372; x_wconf 88' lang='grc' dir='ltr'>μέτρα</span> <span class='ocrx_word' id='word_1_335' title='bbox 1983 4303 2130 4356; x_wconf 89' lang='grc' dir='ltr'>σίτου</span> 
     </span>
    </p>
   </div>
   <div class='ocr_carea' id='block_1_45' title="bbox 560 4388 2132 4464">
    <p class='ocr_par' dir='ltr' id='par_1_45' title="bbox 560 4388 2132 4464">
     <span class='ocr_line' id='line_1_45' title="bbox 560 4388 2132 4464; baseline 0.004 -21"><span class='ocrx_word' id='word_1_336' title='bbox 560 4391 916 4460; x_wconf 84' lang='grc' dir='ltr'>κεκτημένος,</span> <span class='ocrx_word' id='word_1_337' title='bbox 958 4390 1142 4461; x_wconf 75' lang='grc' dir='ltr'>φησὶν,</span> <span class='ocrx_word' id='word_1_338' title='bbox 1179 4391 1278 4443; x_wconf 83' lang='grc' dir='ltr'>οὐκ</span> <span class='ocrx_word' id='word_1_339' title='bbox 1320 4388 1424 4459; x_wconf 81' lang='grc' dir='ltr'>ἔχω</span> <span class='ocrx_word' id='word_1_340' title='bbox 1477 4389 1596 4454; x_wconf 82' lang='grc' dir='ltr'>πῶς</span> <span class='ocrx_word' id='word_1_341' title='bbox 1649 4391 1918 4464; x_wconf 88' lang='grc' dir='ltr'>διάθωμαι</span> <span class='ocrx_word' id='word_1_342' title='bbox 1959 4393 2132 4449; x_wconf 91' lang='grc' dir='ltr'>ταῦτα</span> 
     </span>
    </p>
   </div>
   <div class='ocr_carea' id='block_1_46' title="bbox 559 4477 2132 4558">
    <p class='ocr_par' dir='ltr' id='par_1_46' title="bbox 559 4477 2132 4558">
     <span class='ocr_line' id='line_1_46' title="bbox 559 4477 2132 4558; baseline 0.004 -25"><span class='ocrx_word' id='word_1_343' title='bbox 559 4477 896 4552; x_wconf 66' lang='grc' dir='ltr'>λοιπόν.τΑρ’</span> <span class='ocrx_word' id='word_1_344' title='bbox 924 4478 1020 4535; x_wconf 78' lang='grc' dir='ltr'>οὖν</span> <span class='ocrx_word' id='word_1_345' title='bbox 1043 4480 1234 4534; x_wconf 90' lang='grc' dir='ltr'>τοῦτον</span> <span class='ocrx_word' id='word_1_346' title='bbox 1264 4479 1663 4554; x_wconf 86' lang='grc' dir='ltr'>μακαριοῦμεν,</span> <span class='ocrx_word' id='word_1_347' title='bbox 1696 4484 1819 4536; x_wconf 85' lang='grc' dir='ltr'>εἰπέ</span> <span class='ocrx_word' id='word_1_348' title='bbox 1849 4501 1960 4554; x_wconf 87' lang='grc' dir='ltr'>μοι,</span> <span class='ocrx_word' id='word_1_349' title='bbox 1992 4487 2132 4558; x_wconf 81' lang='grc' dir='ltr'>ὑπὲρ</span> 
     </span>
    </p>
   </div>
   <div class='ocr_carea' id='block_1_47' title="bbox 556 4568 2132 4644">
    <p class='ocr_par' dir='ltr' id='par_1_47' title="bbox 556 4568 2132 4644">
     <span class='ocr_line' id='line_1_47' title="bbox 556 4568 2132 4644; baseline 0.004 -19"><span class='ocrx_word' id='word_1_350' title='bbox 556 4571 760 4626; x_wconf 88' lang='grc' dir='ltr'>τούτων</span> <span class='ocrx_word' id='word_1_351' title='bbox 800 4573 910 4627; x_wconf 84' lang='grc' dir='ltr'>τῶν</span> <span class='ocrx_word' id='word_1_352' title='bbox 952 4571 1233 4643; x_wconf 79' lang='grc' dir='ltr'>ῥημάτων,</span> <span class='ocrx_word' id='word_1_353' title='bbox 1263 4571 1402 4644; x_wconf 84' lang='grc' dir='ltr'>ὑπὲρ</span> <span class='ocrx_word' id='word_1_354' title='bbox 1431 4568 1507 4628; x_wconf 81' lang='grc' dir='ltr'>ὧν</span> <span class='ocrx_word' id='word_1_355' title='bbox 1540 4573 1932 4630; x_wconf 87' lang='grc' dir='ltr'>καταλεύεσθαι</span> <span class='ocrx_word' id='word_1_356' title='bbox 1968 4578 2132 4632; x_wconf 86' lang='grc' dir='ltr'>αὐτὸν</span> 
     </span>
    </p>
   </div>
   <div class='ocr_carea' id='block_1_48' title="bbox 559 4664 2128 4742">
    <p class='ocr_par' dir='ltr' id='par_1_48' title="bbox 559 4664 2128 4742">
     <span class='ocr_line' id='line_1_48' title="bbox 559 4664 2128 4742; baseline 0.004 -24"><span class='ocrx_word' id='word_1_357' title='bbox 559 4665 688 4729; x_wconf 74' lang='grc' dir='ltr'>ἔδει,</span> <span class='ocrx_word' id='word_1_358' title='bbox 709 4664 798 4717; x_wconf 90' lang='grc' dir='ltr'>τὸν</span> <span class='ocrx_word' id='word_1_359' title='bbox 822 4664 1010 4735; x_wconf 90' lang='grc' dir='ltr'>θηρίου</span> <span class='ocrx_word' id='word_1_360' title='bbox 1035 4665 1235 4728; x_wconf 89' lang='grc' dir='ltr'>παντὸς</span> <span class='ocrx_word' id='word_1_361' title='bbox 1258 4664 1555 4738; x_wconf 87' lang='grc' dir='ltr'>ὠμότερον,</span> <span class='ocrx_word' id='word_1_362' title='bbox 1581 4667 1674 4720; x_wconf 91' lang='grc' dir='ltr'>τὸν</span> <span class='ocrx_word' id='word_1_363' title='bbox 1696 4669 1874 4722; x_wconf 85' lang='grc' dir='ltr'>κοινὸν</span> <span class='ocrx_word' id='word_1_364' title='bbox 1905 4669 2128 4742; x_wconf 86' lang='grc' dir='ltr'>ἐχθρόν;</span> 
     </span>
    </p>
   </div>
   <div class='ocr_carea' id='block_1_49' title="bbox 558 4755 2128 4830">
    <p class='ocr_par' dir='ltr' id='par_1_49' title="bbox 558 4755 2128 4830">
     <span class='ocr_line' id='line_1_49' title="bbox 558 4755 2128 4830; baseline 0.004 -20"><span class='ocrx_word' id='word_1_365' title='bbox 558 4757 625 4810; x_wconf 84' lang='grc' dir='ltr'>Τί</span> <span class='ocrx_word' id='word_1_366' title='bbox 657 4756 854 4824; x_wconf 85' lang='grc' dir='ltr'>λέγεις,</span> <span class='ocrx_word' id='word_1_367' title='bbox 879 4755 1130 4826; x_wconf 78' lang='grc' dir='ltr'>ἄνθρωπε</span> <span class='ocrx_word' id='word_1_368' title='bbox 1151 4773 1165 4820; x_wconf 90' lang='grc'>;</span> <span class='ocrx_word' id='word_1_369' title='bbox 1189 4756 1370 4826; x_wconf 76' lang='grc' dir='ltr'>ἀλγεῖς</span> <span class='ocrx_word' id='word_1_370' title='bbox 1398 4759 1478 4812; x_wconf 88' lang='grc' dir='ltr'>ὃτι</span> <span class='ocrx_word' id='word_1_371' title='bbox 1505 4758 1581 4830; x_wconf 76' lang='grc' dir='ltr'>μὴ</span> <span class='ocrx_word' id='word_1_372' title='bbox 1609 4760 1807 4824; x_wconf 88' lang='grc' dir='ltr'>πάντες</span> <span class='ocrx_word' id='word_1_373' title='bbox 1828 4761 2128 4828; x_wconf 85' lang='grc' dir='ltr'>ἀπώλοντο,</span> 
     </span>
    </p>
   </div>
   <div class='ocr_carea' id='block_1_50' title="bbox 559 4846 2130 4923">
    <p class='ocr_par' dir='ltr' id='par_1_50' title="bbox 559 4846 2130 4923">
     <span class='ocr_line' id='line_1_50' title="bbox 559 4846 2130 4923; baseline 0.004 -23"><span class='ocrx_word' id='word_1_374' title='bbox 559 4846 648 4901; x_wconf 72' lang='grc' dir='ltr'>ἶνα</span> <span class='ocrx_word' id='word_1_375' title='bbox 691 4848 754 4902; x_wconf 86' lang='grc' dir='ltr'>σὺ</span> <span class='ocrx_word' id='word_1_376' title='bbox 791 4849 1100 4920; x_wconf 80' lang='grc' dir='ltr'>συναγάγῃς</span> <span class='ocrx_word' id='word_1_377' title='bbox 1132 4848 1386 4919; x_wconf 86' lang='grc' dir='ltr'>χρυσίον;</span> <span class='ocrx_word' id='word_1_378' title='bbox 1422 4850 1521 4904; x_wconf 82' lang='grc' dir='ltr'>οὐκ</span> <span class='ocrx_word' id='word_1_379' title='bbox 1551 4851 1793 4922; x_wconf 70' lang='grc' dir='ltr'>ἤκουσας</span> <span class='ocrx_word' id='word_1_380' title='bbox 1831 4853 1884 4906; x_wconf 92' lang='grc' dir='ltr'>τί</span> <span class='ocrx_word' id='word_1_381' title='bbox 1911 4871 2074 4923; x_wconf 82' lang='grc' dir='ltr'>φησιν</span> <span class='ocrx_word' id='word_1_382' title='bbox 2101 4855 2130 4907; x_wconf 91' lang='lat'>0</span> 
     </span>
    </p>
   </div>
   <div class='ocr_carea' id='block_1_51' title="bbox 560 4929 2129 5012">
    <p class='ocr_par' dir='ltr' id='par_1_51' title="bbox 560 4929 2129 5012">
     <span class='ocr_line' id='line_1_51' title="bbox 560 4929 2129 5012; baseline 0.007 -24"><span class='ocrx_word' id='word_1_383' title='bbox 560 4935 832 5006; x_wconf 83' lang='grc' dir='ltr'>Σολομῶν.</span> <span class='ocrx_word' id='word_1_384' title='bbox 885 4937 938 4988; x_wconf 90' lang='lat'>&#39;0</span> <span class='ocrx_word' id='word_1_385' title='bbox 987 4929 1344 5006; x_wconf 75' lang='grc' dir='ltr'>τιμιὸυλκῶν</span> <span class='ocrx_word' id='word_1_386' title='bbox 1375 4938 1569 5006; x_wconf 81' lang='grc' dir='ltr'>σῖτον,</span> <span class='ocrx_word' id='word_1_387' title='bbox 1609 4939 2129 5012; x_wconf 82' lang='grc' dir='ltr'>δημοκατάρατος;</span> 
     </span>
    </p>
   </div>
   <div class='ocr_carea' id='block_1_52' title="bbox 559 5023 2132 5107">
    <p class='ocr_par' dir='ltr' id='par_1_52' title="bbox 559 5023 2132 5107">
     <span class='ocr_line' id='line_1_52' title="bbox 559 5023 2132 5107; baseline 0.008 -29"><span class='ocrx_word' id='word_1_388' title='bbox 559 5026 692 5079; x_wconf 84' lang='grc' dir='ltr'>ἀλλὰ</span> <span class='ocrx_word' id='word_1_389' title='bbox 742 5026 1008 5098; x_wconf 79' lang='grc' dir='ltr'>περιέρχῃ</span> <span class='ocrx_word' id='word_1_390' title='bbox 1058 5027 1234 5090; x_wconf 89' lang='grc' dir='ltr'>κοινὸς</span> <span class='ocrx_word' id='word_1_391' title='bbox 1277 5029 1470 5100; x_wconf 86' lang='grc' dir='ltr'>ἐχθρὸς</span> <span class='ocrx_word' id='word_1_392' title='bbox 1511 5029 1620 5083; x_wconf 87' lang='grc' dir='ltr'>τῶν</span> <span class='ocrx_word' id='word_1_393' title='bbox 1661 5023 1756 5103; x_wconf 81' lang='grc' dir='ltr'>τῆς</span> <span class='ocrx_word' id='word_1_394' title='bbox 1806 5035 2132 5107; x_wconf 86' lang='grc' dir='ltr'>οἰκουμένης</span> 
     </span>
    </p>
   </div>
   <div class='ocr_carea' id='block_1_53' title="bbox 560 5121 2130 5198">
    <p class='ocr_par' dir='ltr' id='par_1_53' title="bbox 560 5121 2130 5198">
     <span class='ocr_line' id='line_1_53' title="bbox 560 5121 2130 5198; baseline 0.005 -25"><span class='ocrx_word' id='word_1_395' title='bbox 560 5121 797 5188; x_wconf 82' lang='grc' dir='ltr'>ἀγαθῶν,</span> <span class='ocrx_word' id='word_1_396' title='bbox 825 5123 916 5175; x_wconf 72' lang='grc' dir='ltr'>καὶ</span> <span class='ocrx_word' id='word_1_397' title='bbox 945 5124 1010 5193; x_wconf 80' lang='grc' dir='ltr'>τῇ</span> <span class='ocrx_word' id='word_1_398' title='bbox 1040 5122 1317 5193; x_wconf 83' lang='grc' dir='ltr'>φιλοτιμίᾳ</span> <span class='ocrx_word' id='word_1_399' title='bbox 1337 5123 1428 5176; x_wconf 86' lang='grc' dir='ltr'>τοῦ</span> <span class='ocrx_word' id='word_1_400' title='bbox 1453 5125 1723 5179; x_wconf 89' lang='grc' dir='ltr'>Δεσπότου</span> <span class='ocrx_word' id='word_1_401' title='bbox 1749 5127 1846 5198; x_wconf 80' lang='grc' dir='ltr'>τῆς</span> <span class='ocrx_word' id='word_1_402' title='bbox 1877 5129 2130 5198; x_wconf 84' lang='grc' dir='ltr'>οἰκουμέ-</span> 
     </span>
    </p>
   </div>
   <div class='ocr_carea' id='block_1_54' title="bbox 559 5211 2130 5288">
    <p class='ocr_par' dir='ltr' id='par_1_54' title="bbox 559 5211 2130 5288">
     <span class='ocr_line' id='line_1_54' title="bbox 559 5211 2130 5288; baseline 0.006 -28"><span class='ocrx_word' id='word_1_403' title='bbox 559 5227 656 5280; x_wconf 91' lang='grc' dir='ltr'>νης</span> <span class='ocrx_word' id='word_1_404' title='bbox 681 5211 956 5283; x_wconf 88' lang='grc' dir='ltr'>πολέμιος,</span> <span class='ocrx_word' id='word_1_405' title='bbox 986 5213 1079 5266; x_wconf 77' lang='grc' dir='ltr'>καὶ</span> <span class='ocrx_word' id='word_1_406' title='bbox 1106 5212 1200 5267; x_wconf 86' lang='grc' dir='ltr'>τοῦ</span> <span class='ocrx_word' id='word_1_407' title='bbox 1234 5217 1472 5284; x_wconf 87' lang='grc' dir='ltr'>μαμωνᾶ</span> <span class='ocrx_word' id='word_1_408' title='bbox 1502 5215 1674 5284; x_wconf 84' lang='grc' dir='ltr'>φίλος,</span> <span class='ocrx_word' id='word_1_409' title='bbox 1699 5217 1899 5288; x_wconf 81' lang='grc' dir='ltr'>μᾶλλον</span> <span class='ocrx_word' id='word_1_410' title='bbox 1927 5219 1983 5272; x_wconf 86' lang='grc' dir='ltr'>δε</span> <span class='ocrx_word' id='word_1_411' title='bbox 2007 5219 2130 5273; x_wconf 86' lang='grc' dir='ltr'>δοῦ-</span> 
     </span>
    </p>
   </div>
   <div class='ocr_carea' id='block_1_55' title="bbox 559 5301 2128 5378">
    <p class='ocr_par' dir='ltr' id='par_1_55' title="bbox 559 5301 2128 5378">
     <span class='ocr_line' id='line_1_55' title="bbox 559 5301 2128 5378; baseline 0.005 -23"><span class='ocrx_word' id='word_1_412' title='bbox 559 5301 681 5368; x_wconf 86' lang='grc' dir='ltr'>λος;</span> <span class='ocrx_word' id='word_1_413' title='bbox 706 5304 780 5357; x_wconf 88' lang='lat'>00</span> <span class='ocrx_word' id='word_1_414' title='bbox 804 5303 911 5376; x_wconf 83' lang='grc' dir='ltr'>γὰρ</span> <span class='ocrx_word' id='word_1_415' title='bbox 939 5305 1238 5375; x_wconf 77' lang='grc' dir='ltr'>ἐκκοπῆναι</span> <span class='ocrx_word' id='word_1_416' title='bbox 1266 5305 1364 5376; x_wconf 82' lang='grc' dir='ltr'>τὴν</span> <span class='ocrx_word' id='word_1_417' title='bbox 1392 5306 1636 5375; x_wconf 82' lang='grc' dir='ltr'>γλῶτταν</span> <span class='ocrx_word' id='word_1_418' title='bbox 1663 5309 1878 5378; x_wconf 86' lang='grc' dir='ltr'>ἐκείνην</span> <span class='ocrx_word' id='word_1_419' title='bbox 1901 5309 2036 5374; x_wconf 82' lang='grc' dir='ltr'>ἐδει;</span> <span class='ocrx_word' id='word_1_420' title='bbox 2067 5312 2128 5363; x_wconf 86' lang='lat'>00</span> 
     </span>
    </p>
   </div>
   <div class='ocr_carea' id='block_1_56' title="bbox 560 5393 2130 5471">
    <p class='ocr_par' dir='ltr' id='par_1_56' title="bbox 560 5393 2130 5471">
     <span class='ocr_line' id='line_1_56' title="bbox 560 5393 2130 5471; baseline 0.005 -25"><span class='ocrx_word' id='word_1_421' title='bbox 560 5397 668 5465; x_wconf 75' lang='grc' dir='ltr'>γὰρ</span> <span class='ocrx_word' id='word_1_422' title='bbox 703 5393 994 5466; x_wconf 79' lang='grc' dir='ltr'>σϐεσθῆναι</span> <span class='ocrx_word' id='word_1_423' title='bbox 1030 5395 1131 5467; x_wconf 82' lang='grc' dir='ltr'>τὴν</span> <span class='ocrx_word' id='word_1_424' title='bbox 1165 5397 1390 5469; x_wconf 88' lang='grc' dir='ltr'>καρδίαν</span> <span class='ocrx_word' id='word_1_425' title='bbox 1422 5397 1519 5471; x_wconf 74' lang='grc' dir='ltr'>τὴν</span> <span class='ocrx_word' id='word_1_426' title='bbox 1557 5401 1728 5454; x_wconf 91' lang='grc' dir='ltr'>ταῦτα</span> <span class='ocrx_word' id='word_1_427' title='bbox 1766 5400 2030 5454; x_wconf 78' lang='grc' dir='ltr'>τεκοῦσαν</span> <span class='ocrx_word' id='word_1_428' title='bbox 2063 5401 2130 5454; x_wconf 90' lang='grc' dir='ltr'>τά</span> 
     </span>
    </p>
   </div>
   <div class='ocr_carea' id='block_1_57' title="bbox 564 5485 815 5554">
    <p class='ocr_par' dir='ltr' id='par_1_57' title="bbox 564 5485 815 5554">
     <span class='ocr_line' id='line_1_57' title="bbox 564 5485 815 5554; baseline 0.008 -1"><span class='ocrx_word' id='word_1_429' title='bbox 564 5485 815 5554; x_wconf 61' lang='lat' dir='ltr'><strong>mm:</strong></span> 
     </span>
    </p>
   </div>
   <div class='ocr_carea' id='block_1_58' title="bbox 632 5573 2130 5652">
    <p class='ocr_par' dir='ltr' id='par_1_58' title="bbox 632 5573 2130 5652">
     <span class='ocr_line' id='line_1_58' title="bbox 632 5573 2130 5652; baseline 0.005 -23"><span class='ocrx_word' id='word_1_430' title='bbox 632 5584 703 5646; x_wconf 81' lang='grc' dir='ltr'>η’.</span> <span class='ocrx_word' id='word_1_431' title='bbox 741 5573 892 5643; x_wconf 80' lang='grc' dir='ltr'>Εἶδες</span> <span class='ocrx_word' id='word_1_432' title='bbox 918 5579 1034 5644; x_wconf 83' lang='grc' dir='ltr'>πῶς</span> <span class='ocrx_word' id='word_1_433' title='bbox 1064 5579 1164 5633; x_wconf 82' lang='grc' dir='ltr'>οὐκ</span> <span class='ocrx_word' id='word_1_434' title='bbox 1196 5580 1420 5651; x_wconf 81' lang='grc' dir='ltr'>ἀφίησιν</span> <span class='ocrx_word' id='word_1_435' title='bbox 1466 5579 1786 5652; x_wconf 86' lang='grc' dir='ltr'>ἀνθρώπους</span> <span class='ocrx_word' id='word_1_436' title='bbox 1821 5579 1960 5637; x_wconf 74' lang='grc' dir='ltr'>εἶναι</span> <span class='ocrx_word' id='word_1_437' title='bbox 2004 5584 2130 5648; x_wconf 79' lang='grc' dir='ltr'>τοὺς</span> 
     </span>
    </p>
   </div>
   <div class='ocr_carea' id='block_1_59' title="bbox 561 5669 2129 5746">
    <p class='ocr_par' dir='ltr' id='par_1_59' title="bbox 561 5669 2129 5746">
     <span class='ocr_line' id='line_1_59' title="bbox 561 5669 2129 5746; baseline 0.004 -24"><span class='ocrx_word' id='word_1_438' title='bbox 561 5669 883 5742; x_wconf 85' lang='grc' dir='ltr'>ἀνθρώπους</span> <span class='ocrx_word' id='word_1_439' title='bbox 923 5673 984 5725; x_wconf 82' lang='grc' dir='ltr'>τὸ</span> <span class='ocrx_word' id='word_1_440' title='bbox 1012 5672 1256 5746; x_wconf 84' lang='grc' dir='ltr'>χρυσίον,</span> <span class='ocrx_word' id='word_1_441' title='bbox 1283 5673 1419 5727; x_wconf 88' lang='grc' dir='ltr'>ἀλλά</span> <span class='ocrx_word' id='word_1_442' title='bbox 1445 5673 1606 5745; x_wconf 84' lang='grc' dir='ltr'>θηρία</span> <span class='ocrx_word' id='word_1_443' title='bbox 1636 5675 1728 5728; x_wconf 76' lang='grc' dir='ltr'>καὶ</span> <span class='ocrx_word' id='word_1_444' title='bbox 1748 5673 2033 5746; x_wconf 87' lang='grc' dir='ltr'>δαίμονας;</span> <span class='ocrx_word' id='word_1_445' title='bbox 2064 5676 2129 5729; x_wconf 87' lang='grc' dir='ltr'>Τί</span> 
     </span>
    </p>
   </div>
   <div class='ocr_carea' id='block_1_60' title="bbox 566 5759 2124 5838">
    <p class='ocr_par' dir='ltr' id='par_1_60' title="bbox 566 5759 2124 5838">
     <span class='ocr_line' id='line_1_60' title="bbox 566 5759 2124 5838; baseline 0.006 -27"><span class='ocrx_word' id='word_1_446' title='bbox 566 5759 675 5830; x_wconf 74' lang='grc' dir='ltr'>γὰρ</span> <span class='ocrx_word' id='word_1_447' title='bbox 705 5760 769 5815; x_wconf 82' lang='grc' dir='ltr'>ἂν</span> <span class='ocrx_word' id='word_1_448' title='bbox 799 5760 986 5815; x_wconf 87' lang='grc' dir='ltr'>τούτου</span> <span class='ocrx_word' id='word_1_449' title='bbox 1028 5764 1223 5828; x_wconf 78' lang='grc' dir='ltr'>γένοιτ’</span> <span class='ocrx_word' id='word_1_450' title='bbox 1244 5763 1310 5818; x_wconf 83' lang='grc' dir='ltr'>ἂν</span> <span class='ocrx_word' id='word_1_451' title='bbox 1343 5762 1698 5835; x_wconf 73' lang='grc' dir='ltr'>ἐλεεινότερον</span> <span class='ocrx_word' id='word_1_452' title='bbox 1726 5765 1819 5819; x_wconf 90' lang='grc' dir='ltr'>τοῦ</span> <span class='ocrx_word' id='word_1_453' title='bbox 1852 5759 2124 5838; x_wconf 85' lang='grc' dir='ltr'>πλουσίου,</span> 
     </span>
    </p>
   </div>
   <div class='ocr_carea' id='block_1_61' title="bbox 1585 343 2876 406">
    <p class='ocr_par' dir='ltr' id='par_1_61' title="bbox 1585 343 2876 406">
     <span class='ocr_line' id='line_1_61' title="bbox 1585 343 2876 406; baseline 0.005 -7"><span class='ocrx_word' id='word_1_454' title='bbox 1585 344 1652 400; x_wconf 82' lang='grc' dir='ltr'>ΙΝ</span> <span class='ocrx_word' id='word_1_455' title='bbox 1690 343 1956 402; x_wconf 71' lang='lat' dir='ltr'>EPISTJ</span> <span class='ocrx_word' id='word_1_456' title='bbox 2017 344 2108 402; x_wconf 78' lang='lat' dir='ltr'>AD</span> <span class='ocrx_word' id='word_1_457' title='bbox 2143 343 2302 401; x_wconf 78' lang='lat' dir='ltr'>COR.</span> <span class='ocrx_word' id='word_1_458' title='bbox 2354 345 2594 403; x_wconf 74' lang='lat' dir='ltr'>HOMIL.</span> <span class='ocrx_word' id='word_1_459' title='bbox 2637 346 2876 406; x_wconf 73' lang='lat' dir='ltr'>XXXIX.</span> 
     </span>
    </p>
   </div>
   <div class='ocr_carea' id='block_1_62' title="bbox 3731 362 3836 419">
    <p class='ocr_par' dir='ltr' id='par_1_62' title="bbox 3731 362 3836 419">
     <span class='ocr_line' id='line_1_62' title="bbox 3731 362 3836 419; baseline 0.048 -5"><span class='ocrx_word' id='word_1_460' title='bbox 3731 362 3836 419; x_wconf 70' lang='grc' dir='ltr'>ειι</span> 
     </span>
    </p>
   </div>
   <div class='ocr_carea' id='block_1_63' title="bbox 2264 460 3818 544">
    <p class='ocr_par' dir='ltr' id='par_1_63' title="bbox 2264 460 3818 544">
     <span class='ocr_line' id='line_1_63' title="bbox 2264 460 3818 544; baseline 0.01 -31"><span class='ocrx_word' id='word_1_461' title='bbox 2264 460 2362 515; x_wconf 91' lang='grc' dir='ltr'>τοῦ</span> <span class='ocrx_word' id='word_1_462' title='bbox 2393 463 2515 516; x_wconf 83' lang='grc' dir='ltr'>καθ’</span> <span class='ocrx_word' id='word_1_463' title='bbox 2545 465 2782 544; x_wconf 77' lang='grc' dir='ltr'>ἑκάστην</span> <span class='ocrx_word' id='word_1_464' title='bbox 2811 466 3024 537; x_wconf 74' lang='grc' dir='ltr'>ἡμέραν</span> <span class='ocrx_word' id='word_1_465' title='bbox 3048 466 3343 538; x_wconf 72' lang='grc' dir='ltr'>εὐχομένου</span> <span class='ocrx_word' id='word_1_466' title='bbox 3379 471 3630 538; x_wconf 81' lang='grc' dir='ltr'>γενέσθαι</span> <span class='ocrx_word' id='word_1_467' title='bbox 3661 474 3818 544; x_wconf 87' lang='grc' dir='ltr'>λιμὸν</span> 
     </span>
    </p>
   </div>
   <div class='ocr_carea' id='block_1_64' title="bbox 2268 536 3841 634">
    <p class='ocr_par' dir='ltr' id='par_1_64' title="bbox 2268 536 3841 634">
     <span class='ocr_line' id='line_1_64' title="bbox 2268 536 3841 634; baseline 0.008 -27"><span class='ocrx_word' id='word_1_468' title='bbox 2268 555 2355 607; x_wconf 81' lang='grc' dir='ltr'>ἵνα</span> <span class='ocrx_word' id='word_1_469' title='bbox 2383 555 2532 626; x_wconf 83' lang='grc' dir='ltr'>αύτῴ</span> <span class='ocrx_word' id='word_1_470' title='bbox 2561 536 2789 627; x_wconf 75' lang='grc' dir='ltr'>γένηται</span> <span class='ocrx_word' id='word_1_471' title='bbox 2832 536 3241 628; x_wconf 16' lang='grc' dir='ltr'>χρυσίονςήίίαὶ</span> <span class='ocrx_word' id='word_1_472' title='bbox 3278 536 3496 634; x_wconf 16' lang='grc' dir='ltr'>γάρήείς</span> <span class='ocrx_word' id='word_1_473' title='bbox 3536 536 3841 620; x_wconf 73' lang='grc' dir='ltr'>τούναντίον</span> 
     </span>
    </p>
   </div>
   <div class='ocr_carea' id='block_1_65' title="bbox 2263 645 3843 727">
    <p class='ocr_par' dir='ltr' id='par_1_65' title="bbox 2263 645 3843 727">
     <span class='ocr_line' id='line_1_65' title="bbox 2263 645 3843 727; baseline 0.009 -30"><span class='ocrx_word' id='word_1_474' title='bbox 2263 645 2413 716; x_wconf 81' lang='grc' dir='ltr'>αὐτῷ</span> <span class='ocrx_word' id='word_1_475' title='bbox 2449 645 2510 698; x_wconf 91' lang='grc' dir='ltr'>τὸ</span> <span class='ocrx_word' id='word_1_476' title='bbox 2545 646 2717 710; x_wconf 87' lang='grc' dir='ltr'>πάθος</span> <span class='ocrx_word' id='word_1_477' title='bbox 2764 649 3111 718; x_wconf 85' lang='grc' dir='ltr'>περιίσταται</span> <span class='ocrx_word' id='word_1_478' title='bbox 3131 649 3336 705; x_wconf 82' lang='grc' dir='ltr'>λοιπόν·</span> <span class='ocrx_word' id='word_1_479' title='bbox 3365 653 3484 707; x_wconf 83' lang='grc' dir='ltr'>ούδέ</span> <span class='ocrx_word' id='word_1_480' title='bbox 3521 655 3628 726; x_wconf 88' lang='grc' dir='ltr'>γάρ</span> <span class='ocrx_word' id='word_1_481' title='bbox 3660 657 3843 727; x_wconf 87' lang='grc' dir='ltr'>χαίρει</span> 
     </span>
    </p>
   </div>
   <div class='ocr_carea' id='block_1_66' title="bbox 2261 735 3845 813">
    <p class='ocr_par' dir='ltr' id='par_1_66' title="bbox 2261 735 3845 813">
     <span class='ocr_line' id='line_1_66' title="bbox 2261 735 3845 813; baseline 0.009 -25"><span class='ocrx_word' id='word_1_482' title='bbox 2261 739 2327 806; x_wconf 86' lang='grc' dir='ltr'>τῇ</span> <span class='ocrx_word' id='word_1_483' title='bbox 2355 735 2591 809; x_wconf 80' lang='grc' dir='ltr'>ἀφθονίᾳ</span> <span class='ocrx_word' id='word_1_484' title='bbox 2633 739 2732 808; x_wconf 83' lang='grc' dir='ltr'>τῆς</span> <span class='ocrx_word' id='word_1_485' title='bbox 2757 739 2864 791; x_wconf 85' lang='grc' dir='ltr'>τῶν</span> <span class='ocrx_word' id='word_1_486' title='bbox 2894 737 3122 810; x_wconf 85' lang='grc' dir='ltr'>καρπῶν</span> <span class='ocrx_word' id='word_1_487' title='bbox 3151 744 3417 813; x_wconf 82' lang='grc' dir='ltr'>κτήσεως,</span> <span class='ocrx_word' id='word_1_488' title='bbox 3450 745 3586 798; x_wconf 82' lang='grc' dir='ltr'>ἀλλά</span> <span class='ocrx_word' id='word_1_489' title='bbox 3613 746 3685 800; x_wconf 76' lang='grc' dir='ltr'>δι’</span> <span class='ocrx_word' id='word_1_490' title='bbox 3712 749 3845 802; x_wconf 78' lang='grc' dir='ltr'>αὐτὸ</span> 
     </span>
    </p>
   </div>
   <div class='ocr_carea' id='block_1_67' title="bbox 2260 824 3839 907">
    <p class='ocr_par' dir='ltr' id='par_1_67' title="bbox 2260 824 3839 907">
     <span class='ocr_line' id='line_1_67' title="bbox 2260 824 3839 907; baseline 0.007 -27"><span class='ocrx_word' id='word_1_491' title='bbox 2260 828 2361 896; x_wconf 85' lang='grc' dir='ltr'>μὲν</span> <span class='ocrx_word' id='word_1_492' title='bbox 2410 824 2503 882; x_wconf 81' lang='grc' dir='ltr'>οὖν</span> <span class='ocrx_word' id='word_1_493' title='bbox 2552 829 2712 882; x_wconf 85' lang='grc' dir='ltr'>τοῦτο</span> <span class='ocrx_word' id='word_1_494' title='bbox 2759 830 2914 898; x_wconf 86' lang='grc' dir='ltr'>ἀλγεῖ</span> <span class='ocrx_word' id='word_1_495' title='bbox 2944 830 3147 896; x_wconf 85' lang='grc' dir='ltr'>λοιπὸν,</span> <span class='ocrx_word' id='word_1_496' title='bbox 3180 832 3262 885; x_wconf 80' lang='lat'>01:</span> <span class='ocrx_word' id='word_1_497' title='bbox 3305 833 3507 904; x_wconf 78' lang='grc' dir='ltr'>ἄπειρα</span> <span class='ocrx_word' id='word_1_498' title='bbox 3553 837 3839 907; x_wconf 85' lang='grc' dir='ltr'>κέκτηται.</span> 
     </span>
    </p>
   </div>
   <div class='ocr_carea' id='block_1_68' title="bbox 2258 917 3839 994">
    <p class='ocr_par' dir='ltr' id='par_1_68' title="bbox 2258 917 3839 994">
     <span class='ocr_line' id='line_1_68' title="bbox 2258 917 3839 994; baseline 0.008 -24"><span class='ocrx_word' id='word_1_499' title='bbox 2258 917 2451 971; x_wconf 79' lang='grc' dir='ltr'>Καίτοι</span> <span class='ocrx_word' id='word_1_500' title='bbox 2477 919 2568 972; x_wconf 84' lang='grc' dir='ltr'>τὸν</span> <span class='ocrx_word' id='word_1_501' title='bbox 2601 919 2771 973; x_wconf 86' lang='grc' dir='ltr'>πολλά</span> <span class='ocrx_word' id='word_1_502' title='bbox 2809 922 3145 991; x_wconf 86' lang='grc' dir='ltr'>κεκτημένον</span> <span class='ocrx_word' id='word_1_503' title='bbox 3183 924 3394 994; x_wconf 88' lang='grc' dir='ltr'>χαίρειν</span> <span class='ocrx_word' id='word_1_504' title='bbox 3433 924 3568 980; x_wconf 72' lang='grc' dir='ltr'>ἔδειο</span> <span class='ocrx_word' id='word_1_505' title='bbox 3597 919 3752 992; x_wconf 74' lang='grc' dir='ltr'>οὗτος</span> <span class='ocrx_word' id='word_1_506' title='bbox 3782 931 3839 983; x_wconf 78' lang='grc' dir='ltr'>δέ</span> 
     </span>
    </p>
   </div>
   <div class='ocr_carea' id='block_1_69' title="bbox 2255 1008 3837 1086">
    <p class='ocr_par' dir='ltr' id='par_1_69' title="bbox 2255 1008 3837 1086">
     <span class='ocr_line' id='line_1_69' title="bbox 2255 1008 3837 1086; baseline 0.006 -26"><span class='ocrx_word' id='word_1_507' title='bbox 2255 1008 2324 1061; x_wconf 88' lang='grc' dir='ltr'>δι’</span> <span class='ocrx_word' id='word_1_508' title='bbox 2368 1009 2499 1063; x_wconf 82' lang='grc' dir='ltr'>αὐτὸ</span> <span class='ocrx_word' id='word_1_509' title='bbox 2542 1009 2701 1064; x_wconf 88' lang='grc' dir='ltr'>τοῦτο</span> <span class='ocrx_word' id='word_1_510' title='bbox 2755 1011 2974 1082; x_wconf 87' lang='grc' dir='ltr'>ἀθυμεῖ.</span> <span class='ocrx_word' id='word_1_511' title='bbox 3017 1013 3179 1083; x_wconf 78' lang='grc' dir='ltr'>Ὁρᾷς</span> <span class='ocrx_word' id='word_1_512' title='bbox 3218 1014 3317 1078; x_wconf 83' lang='lat'><strong>01:,</strong></span> <span class='ocrx_word' id='word_1_513' title='bbox 3355 1015 3494 1086; x_wconf 84' lang='grc' dir='ltr'>ὅπερ</span> <span class='ocrx_word' id='word_1_514' title='bbox 3531 1015 3735 1084; x_wconf 79' lang='grc' dir='ltr'>ἔλεγον,</span> <span class='ocrx_word' id='word_1_515' title='bbox 3775 1019 3837 1071; x_wconf 92' lang='lat'>00</span> 
     </span>
    </p>
   </div>
   <div class='ocr_carea' id='block_1_70' title="bbox 2255 1099 3838 1177">
    <p class='ocr_par' dir='ltr' id='par_1_70' title="bbox 2255 1099 3838 1177">
     <span class='ocr_line' id='line_1_70' title="bbox 2255 1099 3838 1177; baseline 0.006 -26"><span class='ocrx_word' id='word_1_516' title='bbox 2255 1099 2526 1170; x_wconf 86' lang='grc' dir='ltr'>τοσαύτην</span> <span class='ocrx_word' id='word_1_517' title='bbox 2552 1100 2661 1154; x_wconf 87' lang='grc' dir='ltr'>ἀπὸ</span> <span class='ocrx_word' id='word_1_518' title='bbox 2685 1100 2792 1155; x_wconf 84' lang='grc' dir='ltr'>τῶν</span> <span class='ocrx_word' id='word_1_519' title='bbox 2817 1101 3102 1172; x_wconf 87' lang='grc' dir='ltr'>παρόντων</span> <span class='ocrx_word' id='word_1_520' title='bbox 3137 1103 3472 1171; x_wconf 77' lang='grc' dir='ltr'>καρποῦνται</span> <span class='ocrx_word' id='word_1_521' title='bbox 3511 1105 3610 1176; x_wconf 86' lang='grc' dir='ltr'>τὴν</span> <span class='ocrx_word' id='word_1_522' title='bbox 3641 1106 3838 1177; x_wconf 71' lang='grc' dir='ltr'>ἡδονὴν</span> 
     </span>
    </p>
   </div>
   <div class='ocr_carea' id='block_1_71' title="bbox 2253 1190 3833 1269">
    <p class='ocr_par' dir='ltr' id='par_1_71' title="bbox 2253 1190 3833 1269">
     <span class='ocr_line' id='line_1_71' title="bbox 2253 1190 3833 1269; baseline 0.006 -27"><span class='ocrx_word' id='word_1_523' title='bbox 2253 1190 2304 1243; x_wconf 85' lang='grc' dir='ltr'>οἱ</span> <span class='ocrx_word' id='word_1_524' title='bbox 2332 1190 2712 1256; x_wconf 87' lang='grc' dir='ltr'>πλουτοῦντες,</span> <span class='ocrx_word' id='word_1_525' title='bbox 2745 1193 2877 1263; x_wconf 79' lang='grc' dir='ltr'>ὅσην</span> <span class='ocrx_word' id='word_1_526' title='bbox 2917 1193 3026 1246; x_wconf 90' lang='grc' dir='ltr'>ἀπὸ</span> <span class='ocrx_word' id='word_1_527' title='bbox 3062 1193 3171 1246; x_wconf 81' lang='grc' dir='ltr'>τῶν</span> <span class='ocrx_word' id='word_1_528' title='bbox 3212 1195 3437 1264; x_wconf 79' lang='grc' dir='ltr'>μηδέπω</span> <span class='ocrx_word' id='word_1_529' title='bbox 3465 1210 3833 1269; x_wconf 77' lang='grc' dir='ltr'>προσγεγενη·</span> 
     </span>
    </p>
   </div>
   <div class='ocr_carea' id='block_1_72' title="bbox 2259 1281 3832 1360">
    <p class='ocr_par' dir='ltr' id='par_1_72' title="bbox 2259 1281 3832 1360">
     <span class='ocr_line' id='line_1_72' title="bbox 2259 1281 3832 1360; baseline 0.006 -26"><span class='ocrx_word' id='word_1_530' title='bbox 2259 1281 2437 1352; x_wconf 83' lang='grc' dir='ltr'>μένων</span> <span class='ocrx_word' id='word_1_531' title='bbox 2466 1282 2798 1353; x_wconf 79' lang='grc' dir='ltr'>ὑπομένουσι</span> <span class='ocrx_word' id='word_1_532' title='bbox 2821 1284 2922 1354; x_wconf 80' lang='grc' dir='ltr'>τὴν</span> <span class='ocrx_word' id='word_1_533' title='bbox 2942 1283 3212 1354; x_wconf 87' lang='grc' dir='ltr'>άθυμίαν;</span> <span class='ocrx_word' id='word_1_534' title='bbox 3249 1285 3306 1336; x_wconf 87' lang='grc' dir='ltr'>Ὀ</span> <span class='ocrx_word' id='word_1_535' title='bbox 3333 1285 3442 1356; x_wconf 85' lang='grc' dir='ltr'>γὰρ</span> <span class='ocrx_word' id='word_1_536' title='bbox 3465 1287 3612 1339; x_wconf 86' lang='grc' dir='ltr'>σίτου</span> <span class='ocrx_word' id='word_1_537' title='bbox 3639 1291 3832 1360; x_wconf 86' lang='grc' dir='ltr'>μυριά-</span> 
     </span>
    </p>
   </div>
   <div class='ocr_carea' id='block_1_73' title="bbox 2251 1373 3835 1450">
    <p class='ocr_par' dir='ltr' id='par_1_73' title="bbox 2251 1373 3835 1450">
     <span class='ocr_line' id='line_1_73' title="bbox 2251 1373 3835 1450; baseline 0.004 -23"><span class='ocrx_word' id='word_1_538' title='bbox 2251 1373 2351 1438; x_wconf 88' lang='grc' dir='ltr'>δας</span> <span class='ocrx_word' id='word_1_539' title='bbox 2377 1375 2642 1444; x_wconf 86' lang='grc' dir='ltr'>ἀπείρους</span> <span class='ocrx_word' id='word_1_540' title='bbox 2674 1376 3015 1446; x_wconf 85' lang='grc' dir='ltr'>κεκτημένος</span> <span class='ocrx_word' id='word_1_541' title='bbox 3044 1375 3139 1429; x_wconf 90' lang='grc' dir='ltr'>τοῦ</span> <span class='ocrx_word' id='word_1_542' title='bbox 3168 1378 3460 1440; x_wconf 83' lang='grc' dir='ltr'>πεινῶντος</span> <span class='ocrx_word' id='word_1_543' title='bbox 3495 1377 3695 1448; x_wconf 79' lang='grc' dir='ltr'>μᾶλλον</span> <span class='ocrx_word' id='word_1_544' title='bbox 3731 1379 3835 1450; x_wconf 77' lang='grc' dir='ltr'>ἥλ-</span> 
     </span>
    </p>
   </div>
   <div class='ocr_carea' id='block_1_74' title="bbox 2253 1463 3836 1540">
    <p class='ocr_par' dir='ltr' id='par_1_74' title="bbox 2253 1463 3836 1540">
     <span class='ocr_line' id='line_1_74' title="bbox 2253 1463 3836 1540; baseline 0.005 -26"><span class='ocrx_word' id='word_1_545' title='bbox 2253 1477 2341 1530; x_wconf 89' lang='grc' dir='ltr'>γει</span> <span class='ocrx_word' id='word_1_546' title='bbox 2383 1464 2477 1515; x_wconf 73' lang='grc' dir='ltr'>καὶ</span> <span class='ocrx_word' id='word_1_547' title='bbox 2515 1463 2722 1517; x_wconf 82' lang='grc' dir='ltr'>ἐστενε’</span> <span class='ocrx_word' id='word_1_548' title='bbox 2751 1464 2848 1517; x_wconf 59' lang='grc' dir='ltr'>καὶ⁵</span> <span class='ocrx_word' id='word_1_549' title='bbox 2872 1465 2900 1516; x_wconf 97' lang='lat'>0</span> <span class='ocrx_word' id='word_1_550' title='bbox 2929 1464 3030 1535; x_wconf 86' lang='grc' dir='ltr'>μὲν</span> <span class='ocrx_word' id='word_1_551' title='bbox 3055 1463 3153 1535; x_wconf 81' lang='grc' dir='ltr'>τὴν</span> <span class='ocrx_word' id='word_1_552' title='bbox 3189 1465 3498 1534; x_wconf 86' lang='grc' dir='ltr'>ἀναγκαίαν</span> <span class='ocrx_word' id='word_1_553' title='bbox 3531 1467 3668 1537; x_wconf 78' lang='grc' dir='ltr'>ἔχων</span> <span class='ocrx_word' id='word_1_554' title='bbox 3706 1486 3836 1540; x_wconf 84' lang='grc' dir='ltr'>τρο-</span> 
     </span>
    </p>
   </div>
   <div class='ocr_carea' id='block_1_75' title="bbox 2255 1553 3836 1629">
    <p class='ocr_par' dir='ltr' id='par_1_75' title="bbox 2255 1553 3836 1629">
     <span class='ocr_line' id='line_1_75' title="bbox 2255 1553 3836 1629; baseline 0.004 -24"><span class='ocrx_word' id='word_1_555' title='bbox 2255 1555 2364 1625; x_wconf 80' lang='grc' dir='ltr'>φὴν</span> <span class='ocrx_word' id='word_1_556' title='bbox 2431 1553 2794 1624; x_wconf 81' lang='grc' dir='ltr'>ἐστεφανοῦτο</span> <span class='ocrx_word' id='word_1_557' title='bbox 2835 1555 2930 1608; x_wconf 75' lang='grc' dir='ltr'>καὶ</span> <span class='ocrx_word' id='word_1_558' title='bbox 2976 1556 3203 1626; x_wconf 75' lang='grc' dir='ltr'>ἐσκίρτα</span> <span class='ocrx_word' id='word_1_559' title='bbox 3255 1556 3349 1609; x_wconf 73' lang='grc' dir='ltr'>καὶ</span> <span class='ocrx_word' id='word_1_560' title='bbox 3387 1557 3709 1628; x_wconf 79' lang='grc' dir='ltr'>ηύχαρίστει</span> <span class='ocrx_word' id='word_1_561' title='bbox 3758 1561 3836 1629; x_wconf 78' lang='grc' dir='ltr'>τῷ</span> 
     </span>
    </p>
   </div>
   <div class='ocr_carea' id='block_1_76' title="bbox 2252 1645 3836 1719">
    <p class='ocr_par' dir='ltr' id='par_1_76' title="bbox 2252 1645 3836 1719">
     <span class='ocr_line' id='line_1_76' title="bbox 2252 1645 3836 1719; baseline 0.004 -21"><span class='ocrx_word' id='word_1_562' title='bbox 2252 1645 2392 1716; x_wconf 74' lang='grc' dir='ltr'>Θεῷο</span> <span class='ocrx_word' id='word_1_563' title='bbox 2423 1648 2450 1699; x_wconf 90' lang='lat'>0</span> <span class='ocrx_word' id='word_1_564' title='bbox 2477 1645 2534 1699; x_wconf 85' lang='grc' dir='ltr'>δὲ</span> <span class='ocrx_word' id='word_1_565' title='bbox 2567 1645 2820 1700; x_wconf 89' lang='grc' dir='ltr'>τοσοῦτον</span> <span class='ocrx_word' id='word_1_566' title='bbox 2847 1647 3182 1717; x_wconf 87' lang='grc' dir='ltr'>κεκτημένος</span> <span class='ocrx_word' id='word_1_567' title='bbox 3221 1648 3570 1719; x_wconf 85' lang='grc' dir='ltr'>ἐδυσχέραινε</span> <span class='ocrx_word' id='word_1_568' title='bbox 3607 1651 3698 1704; x_wconf 79' lang='grc' dir='ltr'>καὶ</span> <span class='ocrx_word' id='word_1_569' title='bbox 3729 1651 3836 1705; x_wconf 84' lang='grc' dir='ltr'>άπ-</span> 
     </span>
    </p>
   </div>
   <div class='ocr_carea' id='block_1_77' title="bbox 2252 1731 3835 1813">
    <p class='ocr_par' dir='ltr' id='par_1_77' title="bbox 2252 1731 3835 1813">
     <span class='ocr_line' id='line_1_77' title="bbox 2252 1731 3835 1813; baseline 0.007 -29"><span class='ocrx_word' id='word_1_570' title='bbox 2252 1732 2509 1787; x_wconf 89' lang='grc' dir='ltr'>ολωλέναι</span> <span class='ocrx_word' id='word_1_571' title='bbox 2541 1734 2808 1805; x_wconf 83' lang='grc' dir='ltr'>ἐνόμιζεν.</span> <span class='ocrx_word' id='word_1_572' title='bbox 2843 1736 2959 1789; x_wconf 74' lang='grc' dir='ltr'>οὐκ</span> <span class='ocrx_word' id='word_1_573' title='bbox 3003 1731 3113 1806; x_wconf 82' lang='grc' dir='ltr'>ἄρα</span> <span class='ocrx_word' id='word_1_574' title='bbox 3161 1738 3450 1808; x_wconf 86' lang='grc' dir='ltr'>περιουσία</span> <span class='ocrx_word' id='word_1_575' title='bbox 3485 1741 3632 1796; x_wconf 73' lang='grc' dir='ltr'>ἐστὶν</span> <span class='ocrx_word' id='word_1_576' title='bbox 3668 1742 3700 1812; x_wconf 89' lang='grc' dir='ltr'><strong>ή</strong></span> <span class='ocrx_word' id='word_1_577' title='bbox 3733 1741 3835 1813; x_wconf 78' lang='grc' dir='ltr'>τὴν</span> 
     </span>
    </p>
   </div>
   <div class='ocr_carea' id='block_1_78' title="bbox 2252 1826 3834 1904">
    <p class='ocr_par' dir='ltr' id='par_1_78' title="bbox 2252 1826 3834 1904">
     <span class='ocr_line' id='line_1_78' title="bbox 2252 1826 3834 1904; baseline 0.005 -26"><span class='ocrx_word' id='word_1_578' title='bbox 2252 1826 2448 1897; x_wconf 80' lang='grc' dir='ltr'>ἡδονὴν</span> <span class='ocrx_word' id='word_1_579' title='bbox 2482 1826 2733 1892; x_wconf 89' lang='grc' dir='ltr'>ποιοῦσα,</span> <span class='ocrx_word' id='word_1_580' title='bbox 2775 1826 2911 1882; x_wconf 85' lang='grc' dir='ltr'>ἀλλά</span> <span class='ocrx_word' id='word_1_581' title='bbox 2949 1827 3145 1899; x_wconf 89' lang='grc' dir='ltr'>γνώμη</span> <span class='ocrx_word' id='word_1_582' title='bbox 3183 1830 3497 1899; x_wconf 87' lang='grc' dir='ltr'>φιλόσοφος·</span> <span class='ocrx_word' id='word_1_583' title='bbox 3526 1832 3603 1895; x_wconf 84' lang='grc' dir='ltr'>ὼς</span> <span class='ocrx_word' id='word_1_584' title='bbox 3629 1833 3834 1904; x_wconf 80' lang='grc' dir='ltr'>ταύτης</span> 
     </span>
    </p>
   </div>
   <div class='ocr_carea' id='block_1_79' title="bbox 2251 1916 3835 1991">
    <p class='ocr_par' dir='ltr' id='par_1_79' title="bbox 2251 1916 3835 1991">
     <span class='ocr_line' id='line_1_79' title="bbox 2251 1916 3835 1991; baseline 0.004 -21"><span class='ocrx_word' id='word_1_585' title='bbox 2251 1916 2402 1982; x_wconf 76' lang='grc' dir='ltr'>ἄνευ,</span> <span class='ocrx_word' id='word_1_586' title='bbox 2434 1916 2540 1972; x_wconf 81' lang='grc' dir='ltr'>κᾶν</span> <span class='ocrx_word' id='word_1_587' title='bbox 2564 1918 2634 1972; x_wconf 84' lang='grc' dir='ltr'>τά</span> <span class='ocrx_word' id='word_1_588' title='bbox 2661 1918 2840 1972; x_wconf 88' lang='grc' dir='ltr'>πάντα</span> <span class='ocrx_word' id='word_1_589' title='bbox 2873 1935 2958 1982; x_wconf 91' lang='grc' dir='ltr'>τις</span> <span class='ocrx_word' id='word_1_590' title='bbox 2977 1917 3158 1972; x_wconf 86' lang='grc' dir='ltr'>λαϐὼν</span> <span class='ocrx_word' id='word_1_591' title='bbox 3190 1920 3309 1991; x_wconf 75' lang='grc' dir='ltr'>ἔχῃ,</span> <span class='ocrx_word' id='word_1_592' title='bbox 3337 1921 3412 1984; x_wconf 88' lang='grc' dir='ltr'>ώς</span> <span class='ocrx_word' id='word_1_593' title='bbox 3441 1923 3655 1976; x_wconf 88' lang='grc' dir='ltr'>πάντων</span> <span class='ocrx_word' id='word_1_594' title='bbox 3683 1922 3835 1977; x_wconf 85' lang='grc' dir='ltr'>ἐστε-</span> 
     </span>
    </p>
   </div>
   <div class='ocr_carea' id='block_1_80' title="bbox 2253 2008 3832 2082">
    <p class='ocr_par' dir='ltr' id='par_1_80' title="bbox 2253 2008 3832 2082">
     <span class='ocr_line' id='line_1_80' title="bbox 2253 2008 3832 2082; baseline 0.004 -21"><span class='ocrx_word' id='word_1_595' title='bbox 2253 2009 2488 2079; x_wconf 88' lang='grc' dir='ltr'>ρημένος</span> <span class='ocrx_word' id='word_1_596' title='bbox 2535 2008 2679 2063; x_wconf 74' lang='grc' dir='ltr'>οὕτω</span> <span class='ocrx_word' id='word_1_597' title='bbox 2711 2009 3048 2065; x_wconf 88' lang='grc' dir='ltr'>διακείσεται</span> <span class='ocrx_word' id='word_1_598' title='bbox 3091 2012 3186 2064; x_wconf 75' lang='grc' dir='ltr'>καὶ</span> <span class='ocrx_word' id='word_1_599' title='bbox 3223 2011 3503 2082; x_wconf 80' lang='grc' dir='ltr'>θρηνήσει.</span> <span class='ocrx_word' id='word_1_600' title='bbox 3547 2012 3702 2067; x_wconf 70' lang='grc' dir='ltr'>Ἐπεὶ</span> <span class='ocrx_word' id='word_1_601' title='bbox 3735 2015 3832 2067; x_wconf 72' lang='grc' dir='ltr'>καὶ</span> 
     </span>
    </p>
   </div>
   <div class='ocr_carea' id='block_1_81' title="bbox 2249 2091 3832 2174">
    <p class='ocr_par' dir='ltr' id='par_1_81' title="bbox 2249 2091 3832 2174">
     <span class='ocr_line' id='line_1_81' title="bbox 2249 2091 3832 2174; baseline 0.005 -24"><span class='ocrx_word' id='word_1_602' title='bbox 2249 2093 2423 2162; x_wconf 74' lang='grc' dir='ltr'>οὗτος,</span> <span class='ocrx_word' id='word_1_603' title='bbox 2477 2099 2606 2170; x_wconf 73' lang='grc' dir='ltr'>περὶ</span> <span class='ocrx_word' id='word_1_604' title='bbox 2625 2091 2686 2152; x_wconf 74' lang='grc' dir='ltr'>οῦ</span> <span class='ocrx_word' id='word_1_605' title='bbox 2711 2098 2806 2152; x_wconf 85' lang='grc' dir='ltr'>νῦν</span> <span class='ocrx_word' id='word_1_606' title='bbox 2828 2100 2958 2169; x_wconf 79' lang='grc' dir='ltr'>ἡμῖν</span> <span class='ocrx_word' id='word_1_607' title='bbox 2979 2101 3009 2152; x_wconf 91' lang='lat'>0</span> <span class='ocrx_word' id='word_1_608' title='bbox 3032 2099 3212 2168; x_wconf 90' lang='grc' dir='ltr'>λόγος,</span> <span class='ocrx_word' id='word_1_609' title='bbox 3237 2101 3286 2153; x_wconf 78' lang='grc' dir='ltr'>εί</span> <span class='ocrx_word' id='word_1_610' title='bbox 3317 2101 3412 2154; x_wconf 74' lang='grc' dir='ltr'>καὶ</span> <span class='ocrx_word' id='word_1_611' title='bbox 3435 2102 3704 2174; x_wconf 84' lang='grc' dir='ltr'>τοσαύτης</span> <span class='ocrx_word' id='word_1_612' title='bbox 3728 2106 3832 2158; x_wconf 83' lang='grc' dir='ltr'>ἀπ-</span> 
     </span>
    </p>
   </div>
   <div class='ocr_carea' id='block_1_82' title="bbox 2249 2186 3822 2268">
    <p class='ocr_par' dir='ltr' id='par_1_82' title="bbox 2249 2186 3822 2268">
     <span class='ocr_line' id='line_1_82' title="bbox 2249 2186 3822 2268; baseline 0.004 -25"><span class='ocrx_word' id='word_1_613' title='bbox 2249 2189 2400 2243; x_wconf 88' lang='grc' dir='ltr'>έδοτο</span> <span class='ocrx_word' id='word_1_614' title='bbox 2432 2190 2597 2261; x_wconf 83' lang='grc' dir='ltr'>τιμῆς</span> <span class='ocrx_word' id='word_1_615' title='bbox 2630 2190 2772 2261; x_wconf 82' lang='grc' dir='ltr'>ἀπερ</span> <span class='ocrx_word' id='word_1_616' title='bbox 2795 2186 2962 2261; x_wconf 75' lang='grc' dir='ltr'>εἶχεν,</span> <span class='ocrx_word' id='word_1_617' title='bbox 2988 2192 3120 2262; x_wconf 84' lang='grc' dir='ltr'>ὅσης</span> <span class='ocrx_word' id='word_1_618' title='bbox 3153 2190 3423 2256; x_wconf 88' lang='grc' dir='ltr'>ἐϐούλετο,</span> <span class='ocrx_word' id='word_1_619' title='bbox 3453 2193 3611 2248; x_wconf 89' lang='grc' dir='ltr'>πάλιν</span> <span class='ocrx_word' id='word_1_620' title='bbox 3636 2193 3701 2249; x_wconf 81' lang='grc' dir='ltr'>ἂν</span> <span class='ocrx_word' id='word_1_621' title='bbox 3733 2197 3822 2268; x_wconf 75' lang='grc' dir='ltr'>ἧλ-</span> 
     </span>
    </p>
   </div>
   <div class='ocr_carea' id='block_1_83' title="bbox 2249 2282 3830 2355">
    <p class='ocr_par' dir='ltr' id='par_1_83' title="bbox 2249 2282 3830 2355">
     <span class='ocr_line' id='line_1_83' title="bbox 2249 2282 3830 2355; baseline 0.004 -20"><span class='ocrx_word' id='word_1_622' title='bbox 2249 2299 2420 2353; x_wconf 87' lang='grc' dir='ltr'>γησεν</span> <span class='ocrx_word' id='word_1_623' title='bbox 2445 2283 2528 2336; x_wconf 83' lang='grc' dir='ltr'>ὅτι</span> <span class='ocrx_word' id='word_1_624' title='bbox 2555 2282 2631 2353; x_wconf 81' lang='grc' dir='ltr'>μὴ</span> <span class='ocrx_word' id='word_1_625' title='bbox 2657 2283 2924 2348; x_wconf 83' lang='grc' dir='ltr'>πλείονος,</span> <span class='ocrx_word' id='word_1_626' title='bbox 2955 2284 3047 2337; x_wconf 68' lang='grc' dir='ltr'>καὶ</span> <span class='ocrx_word' id='word_1_627' title='bbox 3074 2285 3122 2336; x_wconf 85' lang='grc' dir='ltr'>εἰ</span> <span class='ocrx_word' id='word_1_628' title='bbox 3159 2284 3403 2348; x_wconf 86' lang='grc' dir='ltr'>πλείονος</span> <span class='ocrx_word' id='word_1_629' title='bbox 3433 2285 3639 2355; x_wconf 78' lang='grc' dir='ltr'>ἴσχυσε,</span> <span class='ocrx_word' id='word_1_630' title='bbox 3667 2288 3830 2341; x_wconf 89' lang='grc' dir='ltr'>πάλιν</span> 
     </span>
    </p>
   </div>
   <div class='ocr_carea' id='block_1_84' title="bbox 2250 2373 3831 2449">
    <p class='ocr_par' dir='ltr' id='par_1_84' title="bbox 2250 2373 3831 2449">
     <span class='ocr_line' id='line_1_84' title="bbox 2250 2373 3831 2449; baseline 0.004 -23"><span class='ocrx_word' id='word_1_631' title='bbox 2250 2375 2317 2427; x_wconf 89' lang='grc' dir='ltr'>ἂν</span> <span class='ocrx_word' id='word_1_632' title='bbox 2351 2373 2544 2445; x_wconf 79' lang='grc' dir='ltr'>ἑτέραν</span> <span class='ocrx_word' id='word_1_633' title='bbox 2586 2375 2852 2444; x_wconf 79' lang='grc' dir='ltr'>ἐζήτησεν</span> <span class='ocrx_word' id='word_1_634' title='bbox 2899 2374 3231 2446; x_wconf 75' lang='grc' dir='ltr'>ὑπερϐολὴν,</span> <span class='ocrx_word' id='word_1_635' title='bbox 3270 2376 3364 2428; x_wconf 77' lang='grc' dir='ltr'>καὶ</span> <span class='ocrx_word' id='word_1_636' title='bbox 3395 2378 3443 2428; x_wconf 87' lang='grc' dir='ltr'>εἰ</span> <span class='ocrx_word' id='word_1_637' title='bbox 3482 2377 3544 2430; x_wconf 83' lang='grc' dir='ltr'>τὸ</span> <span class='ocrx_word' id='word_1_638' title='bbox 3571 2377 3831 2449; x_wconf 88' lang='grc' dir='ltr'>μέδιμνον</span> 
     </span>
    </p>
   </div>
   <div class='ocr_carea' id='block_1_85' title="bbox 2249 2463 3831 2534">
    <p class='ocr_par' dir='ltr' id='par_1_85' title="bbox 2249 2463 3831 2534">
     <span class='ocr_line' id='line_1_85' title="bbox 2249 2463 3831 2534; baseline 0.004 -18"><span class='ocrx_word' id='word_1_639' title='bbox 2249 2465 2367 2527; x_wconf 88' lang='grc' dir='ltr'>ἐνὸς</span> <span class='ocrx_word' id='word_1_640' title='bbox 2387 2463 2611 2534; x_wconf 91' lang='grc' dir='ltr'>χρυσίου</span> <span class='ocrx_word' id='word_1_641' title='bbox 2642 2464 2868 2529; x_wconf 89' lang='grc' dir='ltr'>διέθετο,</span> <span class='ocrx_word' id='word_1_642' title='bbox 2893 2464 3170 2518; x_wconf 86' lang='grc' dir='ltr'>κάνταῦθα</span> <span class='ocrx_word' id='word_1_643' title='bbox 3200 2465 3512 2518; x_wconf 83' lang='grc' dir='ltr'>διεκόπτετο</span> <span class='ocrx_word' id='word_1_644' title='bbox 3539 2468 3702 2521; x_wconf 87' lang='grc' dir='ltr'>πάλιν</span> <span class='ocrx_word' id='word_1_645' title='bbox 3724 2470 3831 2523; x_wconf 87' lang='grc' dir='ltr'>ὑπὸ</span> 
     </span>
    </p>
   </div>
   <div class='ocr_carea' id='block_1_86' title="bbox 2247 2555 3870 2631">
    <p class='ocr_par' dir='ltr' id='par_1_86' title="bbox 2247 2555 3870 2631">
     <span class='ocr_line' id='line_1_86' title="bbox 2247 2555 3870 2631; baseline 0.005 -23"><span class='ocrx_word' id='word_1_646' title='bbox 2247 2555 2348 2624; x_wconf 77' lang='lat'><strong>1?};</strong></span> <span class='ocrx_word' id='word_1_647' title='bbox 2385 2555 2646 2626; x_wconf 89' lang='grc' dir='ltr'>ἀθυμίας,</span> <span class='ocrx_word' id='word_1_648' title='bbox 2681 2557 2763 2609; x_wconf 79' lang='grc' dir='ltr'>ὅτι</span> <span class='ocrx_word' id='word_1_649' title='bbox 2801 2557 2876 2626; x_wconf 78' lang='grc' dir='ltr'>μὴ</span> <span class='ocrx_word' id='word_1_650' title='bbox 2907 2557 2966 2609; x_wconf 87' lang='grc' dir='ltr'>τὸ</span> <span class='ocrx_word' id='word_1_651' title='bbox 2988 2556 3347 2628; x_wconf 77' lang='grc' dir='ltr'>ἡμιμέδιμνον</span> <span class='ocrx_word' id='word_1_652' title='bbox 3367 2557 3623 2613; x_wconf 85' lang='grc' dir='ltr'>τοσούτου</span> <span class='ocrx_word' id='word_1_653' title='bbox 3649 2555 3736 2631; x_wconf 78' lang='grc' dir='ltr'>ἦν.</span> <span class='ocrx_word' id='word_1_654' title='bbox 3765 2563 3832 2616; x_wconf 74' lang='lat' dir='ltr'>El</span> <span class='ocrx_word' id='word_1_655' title='bbox 3866 2620 3870 2624; x_wconf 91' lang='lat'><strong>_</strong></span> 
     </span>
    </p>
   </div>
   <div class='ocr_carea' id='block_1_87' title="bbox 2247 2646 3828 2722">
    <p class='ocr_par' dir='ltr' id='par_1_87' title="bbox 2247 2646 3828 2722">
     <span class='ocr_line' id='line_1_87' title="bbox 2247 2646 3828 2722; baseline -0.004 -22"><span class='ocrx_word' id='word_1_656' title='bbox 2247 2647 2304 2700; x_wconf 79' lang='grc' dir='ltr'>δέ</span> <span class='ocrx_word' id='word_1_657' title='bbox 2326 2647 2401 2718; x_wconf 83' lang='grc' dir='ltr'>μὴ</span> <span class='ocrx_word' id='word_1_658' title='bbox 2437 2648 2587 2718; x_wconf 87' lang='grc' dir='ltr'>παρά</span> <span class='ocrx_word' id='word_1_659' title='bbox 2611 2648 2710 2717; x_wconf 78' lang='grc' dir='ltr'>τὴν</span> <span class='ocrx_word' id='word_1_660' title='bbox 2746 2646 2921 2718; x_wconf 86' lang='grc' dir='ltr'>ἀρχὴν</span> <span class='ocrx_word' id='word_1_661' title='bbox 2952 2647 3208 2700; x_wconf 85' lang='grc' dir='ltr'>τοσούτου</span> <span class='ocrx_word' id='word_1_662' title='bbox 3242 2649 3274 2718; x_wconf 81' lang='grc' dir='ltr'><strong>ή</strong></span> <span class='ocrx_word' id='word_1_663' title='bbox 3305 2649 3460 2720; x_wconf 87' lang='grc' dir='ltr'>τιμὴ,</span> <span class='ocrx_word' id='word_1_664' title='bbox 3500 2651 3575 2722; x_wconf 81' lang='grc' dir='ltr'>μὴ</span> <span class='ocrx_word' id='word_1_665' title='bbox 3612 2650 3828 2722; x_wconf 82' lang='grc' dir='ltr'>Θαυμά-</span> 
     </span>
    </p>
   </div>
   <div class='ocr_carea' id='block_1_88' title="bbox 2249 2737 3829 2816">
    <p class='ocr_par' dir='ltr' id='par_1_88' title="bbox 2249 2737 3829 2816">
     <span class='ocr_line' id='line_1_88' title="bbox 2249 2737 3829 2816; baseline 0.003 -25"><span class='ocrx_word' id='word_1_666' title='bbox 2249 2754 2369 2812; x_wconf 78' lang='grc' dir='ltr'>σῃς⁶</span> <span class='ocrx_word' id='word_1_667' title='bbox 2405 2739 2527 2792; x_wconf 74' lang='grc' dir='ltr'>ἐπεὶ</span> <span class='ocrx_word' id='word_1_668' title='bbox 2562 2738 2656 2792; x_wconf 78' lang='grc' dir='ltr'>καὶ</span> <span class='ocrx_word' id='word_1_669' title='bbox 2682 2739 2733 2790; x_wconf 82' lang='grc' dir='ltr'>οἱ</span> <span class='ocrx_word' id='word_1_670' title='bbox 2765 2737 3055 2808; x_wconf 86' lang='grc' dir='ltr'>μεθύοντες</span> <span class='ocrx_word' id='word_1_671' title='bbox 3085 2739 3186 2791; x_wconf 85' lang='grc' dir='ltr'>οὐκ</span> <span class='ocrx_word' id='word_1_672' title='bbox 3216 2739 3274 2805; x_wconf 84' lang='grc' dir='ltr'>ἐξ</span> <span class='ocrx_word' id='word_1_673' title='bbox 3309 2740 3482 2812; x_wconf 82' lang='grc' dir='ltr'>ἀρχῆς</span> <span class='ocrx_word' id='word_1_674' title='bbox 3514 2742 3829 2816; x_wconf 83' lang='grc' dir='ltr'>ἐμπίπραν-</span> 
     </span>
    </p>
   </div>
   <div class='ocr_carea' id='block_1_89' title="bbox 2245 2827 3829 2904">
    <p class='ocr_par' dir='ltr' id='par_1_89' title="bbox 2245 2827 3829 2904">
     <span class='ocr_line' id='line_1_89' title="bbox 2245 2827 3829 2904; baseline 0.003 -20"><span class='ocrx_word' id='word_1_675' title='bbox 2245 2848 2358 2896; x_wconf 89' lang='grc' dir='ltr'>ται,</span> <span class='ocrx_word' id='word_1_676' title='bbox 2389 2829 2506 2883; x_wconf 89' lang='grc' dir='ltr'>ἀλλ’</span> <span class='ocrx_word' id='word_1_677' title='bbox 2535 2830 2664 2884; x_wconf 84' lang='grc' dir='ltr'>ὅταν</span> <span class='ocrx_word' id='word_1_678' title='bbox 2687 2827 2883 2882; x_wconf 88' lang='grc' dir='ltr'>πολλοῦ</span> <span class='ocrx_word' id='word_1_679' title='bbox 2907 2829 3002 2882; x_wconf 91' lang='grc' dir='ltr'>τοῦ</span> <span class='ocrx_word' id='word_1_680' title='bbox 3023 2829 3262 2900; x_wconf 85' lang='grc' dir='ltr'>ἀκράτου</span> <span class='ocrx_word' id='word_1_681' title='bbox 3289 2831 3312 2882; x_wconf 90' lang='grc' dir='ltr'>ἐ</span> <span class='ocrx_word' id='word_1_682' title='bbox 3321 2832 3666 2904; x_wconf 81' lang='grc' dir='ltr'>μφορηθῶσι,</span> <span class='ocrx_word' id='word_1_683' title='bbox 3706 2835 3829 2889; x_wconf 81' lang='grc' dir='ltr'>τότε</span> 
     </span>
    </p>
   </div>
   <div class='ocr_carea' id='block_1_90' title="bbox 2246 2915 3828 2991">
    <p class='ocr_par' dir='ltr' id='par_1_90' title="bbox 2246 2915 3828 2991">
     <span class='ocr_line' id='line_1_90' title="bbox 2246 2915 3828 2991; baseline 0.003 -19"><span class='ocrx_word' id='word_1_684' title='bbox 2246 2919 2635 2991; x_wconf 85' lang='grc' dir='ltr'>χαλεπωτέραν</span> <span class='ocrx_word' id='word_1_685' title='bbox 2662 2919 2962 2974; x_wconf 82' lang='grc' dir='ltr'>ἀνάπτουσι</span> <span class='ocrx_word' id='word_1_686' title='bbox 2985 2917 3082 2988; x_wconf 80' lang='grc' dir='ltr'>τὴν</span> <span class='ocrx_word' id='word_1_687' title='bbox 3110 2917 3305 2987; x_wconf 88' lang='grc' dir='ltr'>φλόγα.</span> <span class='ocrx_word' id='word_1_688' title='bbox 3335 2920 3445 2973; x_wconf 74' lang='grc' dir='ltr'>Καὶ</span> <span class='ocrx_word' id='word_1_689' title='bbox 3475 2915 3617 2976; x_wconf 76' lang='grc' dir='ltr'>οὗτοι</span> <span class='ocrx_word' id='word_1_690' title='bbox 3645 2923 3828 2976; x_wconf 83' lang='grc' dir='ltr'>τοίνυν</span> 
     </span>
    </p>
   </div>
   <div class='ocr_carea' id='block_1_91' title="bbox 2246 3011 3827 3086">
    <p class='ocr_par' dir='ltr' id='par_1_91' title="bbox 2246 3011 3827 3086">
     <span class='ocr_line' id='line_1_91' title="bbox 2246 3011 3827 3086; baseline 0.001 -19"><span class='ocrx_word' id='word_1_691' title='bbox 2246 3015 2356 3083; x_wconf 76' lang='grc' dir='ltr'>ὅσῳ</span> <span class='ocrx_word' id='word_1_692' title='bbox 2399 3013 2466 3066; x_wconf 83' lang='grc' dir='ltr'>ἂν</span> <span class='ocrx_word' id='word_1_693' title='bbox 2506 3012 2728 3065; x_wconf 89' lang='grc' dir='ltr'>πλείονα</span> <span class='ocrx_word' id='word_1_694' title='bbox 2759 3011 3187 3082; x_wconf 88' lang='grc' dir='ltr'>περιϐάλωνται,</span> <span class='ocrx_word' id='word_1_695' title='bbox 3237 3011 3475 3084; x_wconf 79' lang='grc' dir='ltr'>τοσούτῳ</span> <span class='ocrx_word' id='word_1_696' title='bbox 3519 3016 3575 3069; x_wconf 84' lang='grc' dir='ltr'>ἐν</span> <span class='ocrx_word' id='word_1_697' title='bbox 3618 3016 3827 3086; x_wconf 78' lang='grc' dir='ltr'>μείζονι</span> 
     </span>
    </p>
   </div>
   <div class='ocr_carea' id='block_1_92' title="bbox 2248 3103 3827 3176">
    <p class='ocr_par' dir='ltr' id='par_1_92' title="bbox 2248 3103 3827 3176">
     <span class='ocr_line' id='line_1_92' title="bbox 2248 3103 3827 3176; baseline 0.003 -18"><span class='ocrx_word' id='word_1_698' title='bbox 2248 3105 2424 3176; x_wconf 85' lang='grc' dir='ltr'>ἐνδείᾳ</span> <span class='ocrx_word' id='word_1_699' title='bbox 2449 3103 2828 3168; x_wconf 89' lang='grc' dir='ltr'>καθίστανται,</span> <span class='ocrx_word' id='word_1_700' title='bbox 2853 3105 2946 3156; x_wconf 83' lang='grc' dir='ltr'>καί</span> <span class='ocrx_word' id='word_1_701' title='bbox 2972 3105 3019 3156; x_wconf 82' lang='grc' dir='ltr'>οἰ</span> <span class='ocrx_word' id='word_1_702' title='bbox 3043 3104 3265 3159; x_wconf 86' lang='grc' dir='ltr'>πλείονα</span> <span class='ocrx_word' id='word_1_703' title='bbox 3298 3105 3693 3176; x_wconf 84' lang='grc' dir='ltr'>κερδαίνοντες,</span> <span class='ocrx_word' id='word_1_704' title='bbox 3731 3110 3827 3162; x_wconf 85' lang='grc' dir='ltr'>αύ-</span> 
     </span>
    </p>
   </div>
   <div class='ocr_carea' id='block_1_93' title="bbox 2246 3193 3825 3269">
    <p class='ocr_par' dir='ltr' id='par_1_93' title="bbox 2246 3193 3825 3269">
     <span class='ocr_line' id='line_1_93' title="bbox 2246 3193 3825 3269; baseline 0.004 -22"><span class='ocrx_word' id='word_1_705' title='bbox 2246 3196 2328 3247; x_wconf 75' lang='grc' dir='ltr'>τοὶ</span> <span class='ocrx_word' id='word_1_706' title='bbox 2364 3193 2599 3265; x_wconf 87' lang='grc' dir='ltr'>μάλιστά</span> <span class='ocrx_word' id='word_1_707' title='bbox 2646 3194 2783 3246; x_wconf 87' lang='grc' dir='ltr'>εἰσιν</span> <span class='ocrx_word' id='word_1_708' title='bbox 2813 3194 2862 3245; x_wconf 86' lang='grc' dir='ltr'>οί</span> <span class='ocrx_word' id='word_1_709' title='bbox 2895 3193 3206 3261; x_wconf 86' lang='grc' dir='ltr'>πενόμενοι.</span> <span class='ocrx_word' id='word_1_710' title='bbox 3242 3194 3392 3267; x_wconf 74' lang='lat'><strong>[375]</strong></span> <span class='ocrx_word' id='word_1_711' title='bbox 3424 3195 3608 3250; x_wconf 83' lang='lat' dir='ltr'><strong>T0010</strong></span> <span class='ocrx_word' id='word_1_712' title='bbox 3646 3197 3704 3251; x_wconf 86' lang='grc' dir='ltr'><em>δέ</em></span> <span class='ocrx_word' id='word_1_713' title='bbox 3734 3217 3825 3269; x_wconf 86' lang='grc' dir='ltr'>μοι</span> 
     </span>
    </p>
   </div>
   <div class='ocr_carea' id='block_1_94' title="bbox 2245 3284 3825 3361">
    <p class='ocr_par' dir='ltr' id='par_1_94' title="bbox 2245 3284 3825 3361">
     <span class='ocr_line' id='line_1_94' title="bbox 2245 3284 3825 3361; baseline 0.004 -22"><span class='ocrx_word' id='word_1_714' title='bbox 2245 3288 2304 3339; x_wconf 80' lang='lat'>00</span> <span class='ocrx_word' id='word_1_715' title='bbox 2336 3285 2474 3357; x_wconf 83' lang='grc' dir='ltr'>πρὸς</span> <span class='ocrx_word' id='word_1_716' title='bbox 2497 3284 2682 3338; x_wconf 89' lang='grc' dir='ltr'>τοῦτον</span> <span class='ocrx_word' id='word_1_717' title='bbox 2708 3286 2922 3356; x_wconf 73' lang='grc' dir='ltr'>εἴρηται</span> <span class='ocrx_word' id='word_1_718' title='bbox 2951 3284 3128 3354; x_wconf 90' lang='grc' dir='ltr'>μόνον,</span> <span class='ocrx_word' id='word_1_719' title='bbox 3162 3285 3297 3340; x_wconf 89' lang='grc' dir='ltr'>ἀλλά</span> <span class='ocrx_word' id='word_1_720' title='bbox 3321 3289 3414 3341; x_wconf 75' lang='grc' dir='ltr'>καὶ</span> <span class='ocrx_word' id='word_1_721' title='bbox 3441 3288 3575 3361; x_wconf 87' lang='grc' dir='ltr'>πρὸς</span> <span class='ocrx_word' id='word_1_722' title='bbox 3595 3290 3825 3346; x_wconf 74' lang='grc' dir='ltr'>ἕκαστον</span> 
     </span>
    </p>
   </div>
   <div class='ocr_carea' id='block_1_95' title="bbox 2246 3377 3824 3456">
    <p class='ocr_par' dir='ltr' id='par_1_95' title="bbox 2246 3377 3824 3456">
     <span class='ocr_line' id='line_1_95' title="bbox 2246 3377 3824 3456; baseline 0.004 -25"><span class='ocrx_word' id='word_1_723' title='bbox 2246 3379 2352 3432; x_wconf 82' lang='grc' dir='ltr'>τῶν</span> <span class='ocrx_word' id='word_1_724' title='bbox 2381 3378 2450 3432; x_wconf 82' lang='grc' dir='ltr'>τὰ</span> <span class='ocrx_word' id='word_1_725' title='bbox 2483 3377 2712 3431; x_wconf 86' lang='grc' dir='ltr'>τοιαῦτα</span> <span class='ocrx_word' id='word_1_726' title='bbox 2737 3377 3058 3443; x_wconf 88' lang='grc' dir='ltr'>νοσούντων,</span> <span class='ocrx_word' id='word_1_727' title='bbox 3084 3378 3178 3430; x_wconf 73' lang='grc' dir='ltr'>καὶ</span> <span class='ocrx_word' id='word_1_728' title='bbox 3203 3377 3299 3447; x_wconf 84' lang='grc' dir='ltr'>τὴν</span> <span class='ocrx_word' id='word_1_729' title='bbox 3322 3381 3429 3434; x_wconf 82' lang='grc' dir='ltr'>τῶν</span> <span class='ocrx_word' id='word_1_730' title='bbox 3451 3380 3628 3436; x_wconf 89' lang='grc' dir='ltr'>ώνίων</span> <span class='ocrx_word' id='word_1_731' title='bbox 3658 3385 3824 3456; x_wconf 78' lang='grc' dir='ltr'>τιμὴν</span> 
     </span>
    </p>
   </div>
   <div class='ocr_carea' id='block_1_96' title="bbox 2246 3467 3827 3546">
    <p class='ocr_par' dir='ltr' id='par_1_96' title="bbox 2246 3467 3827 3546">
     <span class='ocr_line' id='line_1_96' title="bbox 2246 3467 3827 3546; baseline 0.005 -26"><span class='ocrx_word' id='word_1_732' title='bbox 2246 3469 2644 3532; x_wconf 81' lang='grc' dir='ltr'>ἐπιτεινόντων,</span> <span class='ocrx_word' id='word_1_733' title='bbox 2676 3468 2771 3521; x_wconf 68' lang='grc' dir='ltr'>καὶ</span> <span class='ocrx_word' id='word_1_734' title='bbox 2805 3468 2912 3520; x_wconf 84' lang='grc' dir='ltr'>τῶν</span> <span class='ocrx_word' id='word_1_735' title='bbox 2947 3467 3173 3538; x_wconf 78' lang='grc' dir='ltr'>πλησίον</span> <span class='ocrx_word' id='word_1_736' title='bbox 3204 3470 3304 3541; x_wconf 76' lang='grc' dir='ltr'>τὴν</span> <span class='ocrx_word' id='word_1_737' title='bbox 3337 3471 3526 3527; x_wconf 90' lang='grc' dir='ltr'>πενίαν</span> <span class='ocrx_word' id='word_1_738' title='bbox 3562 3490 3827 3546; x_wconf 72' lang='lat'><strong>119079.0-</strong></span> 
     </span>
    </p>
   </div>
   <div class='ocr_carea' id='block_1_97' title="bbox 2244 3559 3824 3638">
    <p class='ocr_par' dir='ltr' id='par_1_97' title="bbox 2244 3559 3824 3638">
     <span class='ocr_line' id='line_1_97' title="bbox 2244 3559 3824 3638; baseline 0.005 -25"><span class='ocrx_word' id='word_1_739' title='bbox 2244 3559 3026 3631; x_wconf 78' lang='grc' dir='ltr'>τευομένων.’ψιλανθρωπίας</span> <span class='ocrx_word' id='word_1_740' title='bbox 3076 3563 3177 3632; x_wconf 81' lang='grc' dir='ltr'>μὲν</span> <span class='ocrx_word' id='word_1_741' title='bbox 3221 3565 3328 3635; x_wconf 78' lang='grc' dir='ltr'>γὰρ</span> <span class='ocrx_word' id='word_1_742' title='bbox 3367 3564 3542 3628; x_wconf 70' lang='grc' dir='ltr'>οὐδεὶς</span> <span class='ocrx_word' id='word_1_743' title='bbox 3585 3567 3824 3638; x_wconf 77' lang='grc' dir='ltr'>οὐδαμοῦ</span> 
     </span>
    </p>
   </div>
   <div class='ocr_carea' id='block_1_98' title="bbox 2245 3651 3821 3728">
    <p class='ocr_par' dir='ltr' id='par_1_98' title="bbox 2245 3651 3821 3728">
     <span class='ocr_line' id='line_1_98' title="bbox 2245 3651 3821 3728; baseline 0.005 -23"><span class='ocrx_word' id='word_1_744' title='bbox 2245 3653 2419 3722; x_wconf 82' lang='grc' dir='ltr'>λόγος’</span> <span class='ocrx_word' id='word_1_745' title='bbox 2452 3651 2725 3724; x_wconf 86' lang='grc' dir='ltr'>πανταχοῦ</span> <span class='ocrx_word' id='word_1_746' title='bbox 2773 3651 2829 3706; x_wconf 85' lang='grc' dir='ltr'>δὲ</span> <span class='ocrx_word' id='word_1_747' title='bbox 2867 3653 2896 3705; x_wconf 90' lang='lat'>0</span> <span class='ocrx_word' id='word_1_748' title='bbox 2938 3654 3037 3724; x_wconf 86' lang='grc' dir='ltr'>τῆς</span> <span class='ocrx_word' id='word_1_749' title='bbox 3065 3653 3379 3720; x_wconf 80' lang='grc' dir='ltr'>πλεονεξίας</span> <span class='ocrx_word' id='word_1_750' title='bbox 3417 3655 3558 3728; x_wconf 77' lang='grc' dir='ltr'>ἔρως</span> <span class='ocrx_word' id='word_1_751' title='bbox 3599 3657 3693 3712; x_wconf 77' lang='grc' dir='ltr'>ἐπὶ</span> <span class='ocrx_word' id='word_1_752' title='bbox 3727 3659 3821 3714; x_wconf 89' lang='grc' dir='ltr'>τοῦ</span> 
     </span>
    </p>
   </div>
   <div class='ocr_carea' id='block_1_99' title="bbox 2245 3743 3825 3815">
    <p class='ocr_par' dir='ltr' id='par_1_99' title="bbox 2245 3743 3825 3815">
     <span class='ocr_line' id='line_1_99' title="bbox 2245 3743 3825 3815; baseline 0.006 -20"><span class='ocrx_word' id='word_1_753' title='bbox 2245 3743 2437 3815; x_wconf 89' lang='grc' dir='ltr'>καιροῦ</span> <span class='ocrx_word' id='word_1_754' title='bbox 2470 3745 2572 3813; x_wconf 82' lang='grc' dir='ltr'>τῆς</span> <span class='ocrx_word' id='word_1_755' title='bbox 2617 3745 2873 3814; x_wconf 88' lang='grc' dir='ltr'>πράσεως</span> <span class='ocrx_word' id='word_1_756' title='bbox 2914 3743 3144 3808; x_wconf 80' lang='grc' dir='ltr'>πολλοὺς</span> <span class='ocrx_word' id='word_1_757' title='bbox 3178 3746 3385 3815; x_wconf 82' lang='grc' dir='ltr'>ἐξάγει,</span> <span class='ocrx_word' id='word_1_758' title='bbox 3415 3750 3510 3802; x_wconf 77' lang='grc' dir='ltr'>καὶ</span> <span class='ocrx_word' id='word_1_759' title='bbox 3554 3750 3699 3803; x_wconf 90' lang='grc' dir='ltr'>σῖτον</span> <span class='ocrx_word' id='word_1_760' title='bbox 3730 3753 3825 3805; x_wconf 80' lang='grc' dir='ltr'>καὶ</span> 
     </span>
    </p>
   </div>
   <div class='ocr_carea' id='block_1_100' title="bbox 2244 3831 3826 3908">
    <p class='ocr_par' dir='ltr' id='par_1_100' title="bbox 2244 3831 3826 3908">
     <span class='ocr_line' id='line_1_100' title="bbox 2244 3831 3826 3908; baseline 0.005 -21"><span class='ocrx_word' id='word_1_761' title='bbox 2244 3831 2388 3889; x_wconf 77' lang='grc' dir='ltr'>οἶνον</span> <span class='ocrx_word' id='word_1_762' title='bbox 2411 3837 2438 3888; x_wconf 91' lang='lat'>0</span> <span class='ocrx_word' id='word_1_763' title='bbox 2465 3837 2563 3906; x_wconf 88' lang='grc' dir='ltr'>μέν</span> <span class='ocrx_word' id='word_1_764' title='bbox 2599 3835 2812 3899; x_wconf 77' lang='grc' dir='ltr'>θᾶττον,</span> <span class='ocrx_word' id='word_1_765' title='bbox 2837 3837 2864 3888; x_wconf 90' lang='lat'>0</span> <span class='ocrx_word' id='word_1_766' title='bbox 2887 3835 2945 3888; x_wconf 82' lang='grc' dir='ltr'>δὲ</span> <span class='ocrx_word' id='word_1_767' title='bbox 2980 3837 3308 3908; x_wconf 88' lang='grc' dir='ltr'>βραδύτερον</span> <span class='ocrx_word' id='word_1_768' title='bbox 3337 3839 3585 3903; x_wconf 87' lang='grc' dir='ltr'>ἀπέδοτο,</span> <span class='ocrx_word' id='word_1_769' title='bbox 3614 3841 3826 3895; x_wconf 73' lang='grc' dir='ltr'>οὐδέτεοο</span> 
     </span>
    </p>
   </div>
   <div class='ocr_carea' id='block_1_101' title="bbox 2247 3922 3824 4000">
    <p class='ocr_par' dir='ltr' id='par_1_101' title="bbox 2247 3922 3824 4000">
     <span class='ocr_line' id='line_1_101' title="bbox 2247 3922 3824 4000; baseline 0.004 -20"><span class='ocrx_word' id='word_1_770' title='bbox 2247 3944 2338 3997; x_wconf 88' lang='grc' dir='ltr'>ρος</span> <span class='ocrx_word' id='word_1_771' title='bbox 2384 3922 2570 3997; x_wconf 83' lang='grc' dir='ltr'>μέντοι</span> <span class='ocrx_word' id='word_1_772' title='bbox 2601 3926 2710 3981; x_wconf 91' lang='grc' dir='ltr'>ἀπὸ</span> <span class='ocrx_word' id='word_1_773' title='bbox 2748 3925 3095 3998; x_wconf 84' lang='grc' dir='ltr'>κηδεμονίας,</span> <span class='ocrx_word' id='word_1_774' title='bbox 3124 3927 3239 3980; x_wconf 82' lang='grc' dir='ltr'>ἀλλ’</span> <span class='ocrx_word' id='word_1_775' title='bbox 3271 3931 3300 3982; x_wconf 92' lang='lat'>0</span> <span class='ocrx_word' id='word_1_776' title='bbox 3329 3929 3448 4000; x_wconf 82' lang='grc' dir='ltr'>μὲν,</span> <span class='ocrx_word' id='word_1_777' title='bbox 3483 3932 3569 3985; x_wconf 83' lang='grc' dir='ltr'>ἵνα</span> <span class='ocrx_word' id='word_1_778' title='bbox 3602 3933 3824 3987; x_wconf 89' lang='grc' dir='ltr'>πλείονα</span> 
     </span>
    </p>
   </div>
   <div class='ocr_carea' id='block_1_102' title="bbox 2243 4017 3817 4092">
    <p class='ocr_par' dir='ltr' id='par_1_102' title="bbox 2243 4017 3817 4092">
     <span class='ocr_line' id='line_1_102' title="bbox 2243 4017 3817 4092; baseline 0.005 -22"><span class='ocrx_word' id='word_1_779' title='bbox 2243 4017 2402 4092; x_wconf 87' lang='grc' dir='ltr'>λάϐῃ,</span> <span class='ocrx_word' id='word_1_780' title='bbox 2416 4021 2445 4072; x_wconf 86' lang='lat'>0</span> <span class='ocrx_word' id='word_1_781' title='bbox 2463 4017 2518 4070; x_wconf 79' lang='grc' dir='ltr'>δέ</span> <span class='ocrx_word' id='word_1_782' title='bbox 2541 4018 2630 4072; x_wconf 80' lang='grc' dir='ltr'>ἴνα</span> <span class='ocrx_word' id='word_1_783' title='bbox 2647 4018 2722 4090; x_wconf 81' lang='grc' dir='ltr'>μὴ</span> <span class='ocrx_word' id='word_1_784' title='bbox 2735 4018 2959 4085; x_wconf 89' lang='grc' dir='ltr'>ἐλάττω,</span> <span class='ocrx_word' id='word_1_785' title='bbox 2975 4019 3273 4088; x_wconf 86' lang='grc' dir='ltr'>τραπέντος</span> <span class='ocrx_word' id='word_1_786' title='bbox 3290 4021 3561 4076; x_wconf 81' lang='grc' dir='ltr'>αὐτοῦτοῦ</span> <span class='ocrx_word' id='word_1_787' title='bbox 3579 4023 3817 4091; x_wconf 88' lang='grc' dir='ltr'>καρποῦ.</span> 
     </span>
    </p>
   </div>
   <div class='ocr_carea' id='block_1_103' title="bbox 2327 4109 3821 4182">
    <p class='ocr_par' dir='ltr' id='par_1_103' title="bbox 2327 4109 3821 4182">
     <span class='ocr_line' id='line_1_103' title="bbox 2327 4109 3821 4182; baseline 0.002 -18"><span class='ocrx_word' id='word_1_788' title='bbox 2327 4109 2544 4182; x_wconf 79' lang='grc' dir='ltr'>Ἐπειδὴ</span> <span class='ocrx_word' id='word_1_789' title='bbox 2565 4110 2675 4182; x_wconf 84' lang='grc' dir='ltr'>γὰρ</span> <span class='ocrx_word' id='word_1_790' title='bbox 2699 4112 2746 4162; x_wconf 83' lang='grc' dir='ltr'>οἱ</span> <span class='ocrx_word' id='word_1_791' title='bbox 2776 4109 2992 4173; x_wconf 90' lang='grc' dir='ltr'>πλείους</span> <span class='ocrx_word' id='word_1_792' title='bbox 3025 4112 3085 4163; x_wconf 89' lang='lat'>00</span> <span class='ocrx_word' id='word_1_793' title='bbox 3117 4111 3287 4165; x_wconf 75' lang='grc' dir='ltr'>πολὺν</span> <span class='ocrx_word' id='word_1_794' title='bbox 3310 4112 3418 4166; x_wconf 83' lang='grc' dir='ltr'>τῶν</span> <span class='ocrx_word' id='word_1_795' title='bbox 3451 4113 3544 4166; x_wconf 89' lang='grc' dir='ltr'>τοῦ</span> <span class='ocrx_word' id='word_1_796' title='bbox 3576 4113 3710 4166; x_wconf 83' lang='grc' dir='ltr'>Θεοῦ</span> <span class='ocrx_word' id='word_1_797' title='bbox 3737 4115 3821 4168; x_wconf 86' lang='grc' dir='ltr'>νό-</span> 
     </span>
    </p>
   </div>
   <div class='ocr_carea' id='block_1_104' title="bbox 2249 4199 3822 4272">
    <p class='ocr_par' dir='ltr' id='par_1_104' title="bbox 2249 4199 3822 4272">
     <span class='ocr_line' id='line_1_104' title="bbox 2249 4199 3822 4272; baseline 0.003 -17"><span class='ocrx_word' id='word_1_798' title='bbox 2249 4217 2364 4272; x_wconf 90' lang='grc' dir='ltr'>μων</span> <span class='ocrx_word' id='word_1_799' title='bbox 2399 4201 2710 4272; x_wconf 81' lang='grc' dir='ltr'>ποιούμενοι</span> <span class='ocrx_word' id='word_1_800' title='bbox 2743 4199 2922 4269; x_wconf 89' lang='grc' dir='ltr'>λόγον.</span> <span class='ocrx_word' id='word_1_801' title='bbox 2964 4201 3143 4256; x_wconf 86' lang='grc' dir='ltr'>πάντα</span> <span class='ocrx_word' id='word_1_802' title='bbox 3177 4202 3326 4256; x_wconf 82' lang='grc' dir='ltr'>ἐνδον</span> <span class='ocrx_word' id='word_1_803' title='bbox 3361 4205 3822 4270; x_wconf 86' lang='grc' dir='ltr'>κατακλείσαντες</span> 
     </span>
    </p>
   </div>
   <div class='ocr_carea' id='block_1_105' title="bbox 2244 4293 3821 4366">
    <p class='ocr_par' dir='ltr' id='par_1_105' title="bbox 2244 4293 3821 4366">
     <span class='ocr_line' id='line_1_105' title="bbox 2244 4293 3821 4366; baseline 0.005 -20"><span class='ocrx_word' id='word_1_804' title='bbox 2244 4294 2481 4365; x_wconf 73' lang='grc' dir='ltr'>ἔχουσιν,</span> <span class='ocrx_word' id='word_1_805' title='bbox 2512 4294 2712 4364; x_wconf 81' lang='grc' dir='ltr'>ἐτέρως</span> <span class='ocrx_word' id='word_1_806' title='bbox 2756 4293 2955 4356; x_wconf 78' lang='lat'><strong>00100;</strong></span> <span class='ocrx_word' id='word_1_807' title='bbox 2993 4296 3073 4358; x_wconf 86' lang='grc' dir='ltr'>εἰς</span> <span class='ocrx_word' id='word_1_808' title='bbox 3113 4294 3521 4366; x_wconf 87' lang='grc' dir='ltr'>φιλανθρωπίαν</span> <span class='ocrx_word' id='word_1_809' title='bbox 3555 4297 3763 4366; x_wconf 81' lang='grc' dir='ltr'>ἐξάγων</span> <span class='ocrx_word' id='word_1_810' title='bbox 3791 4301 3821 4353; x_wconf 88' lang='lat'>0</span> 
     </span>
    </p>
   </div>
   <div class='ocr_carea' id='block_1_106' title="bbox 2243 4385 3821 4460">
    <p class='ocr_par' dir='ltr' id='par_1_106' title="bbox 2243 4385 3821 4460">
     <span class='ocr_line' id='line_1_106' title="bbox 2243 4385 3821 4460; baseline 0.003 -22"><span class='ocrx_word' id='word_1_811' title='bbox 2243 4385 2395 4449; x_wconf 84' lang='grc' dir='ltr'>Θεὸς,</span> <span class='ocrx_word' id='word_1_812' title='bbox 2438 4385 2525 4439; x_wconf 81' lang='grc' dir='ltr'>ἵνα</span> <span class='ocrx_word' id='word_1_813' title='bbox 2547 4385 2651 4439; x_wconf 81' lang='grc' dir='ltr'>κᾶν</span> <span class='ocrx_word' id='word_1_814' title='bbox 2681 4385 2898 4459; x_wconf 82' lang='grc' dir='ltr'>ἀνάγκῃ</span> <span class='ocrx_word' id='word_1_815' title='bbox 2925 4403 2978 4438; x_wconf 91' lang='grc' dir='ltr'>τι</span> <span class='ocrx_word' id='word_1_816' title='bbox 3004 4389 3271 4458; x_wconf 81' lang='grc' dir='ltr'>ποιήσωσι</span> <span class='ocrx_word' id='word_1_817' title='bbox 3291 4388 3549 4459; x_wconf 88' lang='grc' dir='ltr'>χρηστὸν,</span> <span class='ocrx_word' id='word_1_818' title='bbox 3576 4388 3821 4460; x_wconf 71' lang='grc' dir='ltr'>μείζονος</span> 
     </span>
    </p>
   </div>
   <div class='ocr_carea' id='block_1_107' title="bbox 2244 4478 3818 4549">
    <p class='ocr_par' dir='ltr' id='par_1_107' title="bbox 2244 4478 3818 4549">
     <span class='ocr_line' id='line_1_107' title="bbox 2244 4478 3818 4549; baseline 0.003 -19"><span class='ocrx_word' id='word_1_819' title='bbox 2244 4479 2447 4549; x_wconf 80' lang='grc' dir='ltr'>ζημίας</span> <span class='ocrx_word' id='word_1_820' title='bbox 2489 4478 2710 4532; x_wconf 85' lang='grc' dir='ltr'>ἐνέϐαλε</span> <span class='ocrx_word' id='word_1_821' title='bbox 2752 4478 2889 4544; x_wconf 90' lang='grc' dir='ltr'>δέος,</span> <span class='ocrx_word' id='word_1_822' title='bbox 2921 4479 3021 4532; x_wconf 81' lang='grc' dir='ltr'>οὐκ</span> <span class='ocrx_word' id='word_1_823' title='bbox 3055 4480 3236 4548; x_wconf 72' lang='grc' dir='ltr'>ἀφιεὶς</span> <span class='ocrx_word' id='word_1_824' title='bbox 3270 4481 3350 4544; x_wconf 86' lang='grc' dir='ltr'>εἰς</span> <span class='ocrx_word' id='word_1_825' title='bbox 3381 4481 3548 4534; x_wconf 77' lang='grc' dir='ltr'>πολὺν</span> <span class='ocrx_word' id='word_1_826' title='bbox 3577 4481 3818 4549; x_wconf 87' lang='grc' dir='ltr'>διαρκεῖν</span> 
     </span>
    </p>
   </div>
   <div class='ocr_carea' id='block_1_108' title="bbox 2243 4571 3877 4644">
    <p class='ocr_par' dir='ltr' id='par_1_108' title="bbox 2243 4571 3877 4644">
     <span class='ocr_line' id='line_1_108' title="bbox 2243 4571 3877 4644; baseline 0.003 -20"><span class='ocrx_word' id='word_1_827' title='bbox 2243 4573 2434 4642; x_wconf 88' lang='grc' dir='ltr'>χρόνον</span> <span class='ocrx_word' id='word_1_828' title='bbox 2475 4572 2573 4640; x_wconf 86' lang='lat'><strong>1?};</strong></span> <span class='ocrx_word' id='word_1_829' title='bbox 2612 4571 2716 4640; x_wconf 86' lang='lat'><strong>7?};</strong></span> <span class='ocrx_word' id='word_1_830' title='bbox 2751 4573 2878 4635; x_wconf 85' lang='lat'><strong>100;</strong></span> <span class='ocrx_word' id='word_1_831' title='bbox 2901 4573 3168 4644; x_wconf 83' lang='grc' dir='ltr'>καρποὺς,</span> <span class='ocrx_word' id='word_1_832' title='bbox 3195 4573 3284 4626; x_wconf 89' lang='grc' dir='ltr'>’ίνα</span> <span class='ocrx_word' id='word_1_833' title='bbox 3319 4573 3424 4626; x_wconf 79' lang='grc' dir='ltr'>κᾶν</span> <span class='ocrx_word' id='word_1_834' title='bbox 3457 4572 3552 4644; x_wconf 76' lang='grc' dir='ltr'>τὴν</span> <span class='ocrx_word' id='word_1_835' title='bbox 3586 4573 3692 4626; x_wconf 87' lang='grc' dir='ltr'>ἀπὸ</span> <span class='ocrx_word' id='word_1_836' title='bbox 3717 4574 3820 4638; x_wconf 83' lang='grc' dir='ltr'>τῆς</span> <span class='ocrx_word' id='word_1_837' title='bbox 3865 4625 3877 4644; x_wconf 37' lang='grc' dir='ltr'>ι,</span> 
     </span>
    </p>
   </div>
   <div class='ocr_carea' id='block_1_109' title="bbox 2243 4632 3872 4734">
    <p class='ocr_par' dir='ltr' id='par_1_109' title="bbox 2243 4632 3872 4734">
     <span class='ocr_line' id='line_1_109' title="bbox 2243 4632 3872 4734; baseline 0.001 -20"><span class='ocrx_word' id='word_1_838' title='bbox 2243 4632 2449 4732; x_wconf 64' lang='grc' dir='ltr'>φθορᾶς</span> <span class='ocrx_word' id='word_1_839' title='bbox 2467 4632 2762 4725; x_wconf 69' lang='grc' dir='ltr'>δεδοικότες</span> <span class='ocrx_word' id='word_1_840' title='bbox 2783 4632 3006 4734; x_wconf 69' lang='grc' dir='ltr'>βλάϐην,</span> <span class='ocrx_word' id='word_1_841' title='bbox 3035 4632 3279 4733; x_wconf 83' lang='grc' dir='ltr'>προθῶσι</span> <span class='ocrx_word' id='word_1_842' title='bbox 3298 4664 3410 4726; x_wconf 86' lang='grc' dir='ltr'>τοῖς</span> <span class='ocrx_word' id='word_1_843' title='bbox 3429 4632 3702 4732; x_wconf 70' lang='grc' dir='ltr'>δεομένοις</span> 
     </span>
    </p>
   </div>
   <div class='ocr_carea' id='block_1_110' title="bbox 2241 4735 3871 4825">
    <p class='ocr_par' dir='ltr' id='par_1_110' title="bbox 2241 4735 3871 4825">
     <span class='ocr_line' id='line_1_110' title="bbox 2241 4735 3871 4825; baseline 0 -18"><span class='ocrx_word' id='word_1_844' title='bbox 2241 4753 2485 4818; x_wconf 78' lang='grc' dir='ltr'>ἄκοντες,</span> <span class='ocrx_word' id='word_1_845' title='bbox 2534 4753 2676 4825; x_wconf 77' lang='grc' dir='ltr'>ἅπερ</span> <span class='ocrx_word' id='word_1_846' title='bbox 2718 4754 2859 4808; x_wconf 88' lang='grc' dir='ltr'>οίκοι</span> <span class='ocrx_word' id='word_1_847' title='bbox 2904 4753 3296 4824; x_wconf 83' lang='grc' dir='ltr'>κατορύξαντες</span> <span class='ocrx_word' id='word_1_848' title='bbox 3336 4753 3563 4823; x_wconf 88' lang='grc' dir='ltr'>τηροῦσι</span> <span class='ocrx_word' id='word_1_849' title='bbox 3607 4754 3813 4816; x_wconf 83' lang='grc' dir='ltr'>κακῶς.</span> <span class='ocrx_word' id='word_1_850' title='bbox 3860 4735 3871 4798; x_wconf 65' lang='grc' dir='ltr'><strong><em>ἶ</em></strong></span> 
     </span>
    </p>
   </div>
   <div class='ocr_carea' id='block_1_111' title="bbox 2253 4843 3814 4915">
    <p class='ocr_par' dir='ltr' id='par_1_111' title="bbox 2253 4843 3814 4915">
     <span class='ocr_line' id='line_1_111' title="bbox 2253 4843 3814 4915; baseline -0.002 -17"><span class='ocrx_word' id='word_1_851' title='bbox 2253 4844 2414 4900; x_wconf 80' lang='grc' dir='ltr'>Ἀλλά</span> <span class='ocrx_word' id='word_1_852' title='bbox 2449 4847 2558 4915; x_wconf 80' lang='grc' dir='ltr'>γὰρ</span> <span class='ocrx_word' id='word_1_853' title='bbox 2590 4847 2684 4898; x_wconf 77' lang='grc' dir='ltr'>καὶ</span> <span class='ocrx_word' id='word_1_854' title='bbox 2725 4845 2864 4914; x_wconf 84' lang='grc' dir='ltr'>μετά</span> <span class='ocrx_word' id='word_1_855' title='bbox 2902 4844 3072 4898; x_wconf 88' lang='grc' dir='ltr'>ταῦτα</span> <span class='ocrx_word' id='word_1_856' title='bbox 3101 4843 3244 4898; x_wconf 73' lang='grc' dir='ltr'>οὕτω</span> <span class='ocrx_word' id='word_1_857' title='bbox 3280 4844 3422 4906; x_wconf 83' lang='grc' dir='ltr'>τινές</span> <span class='ocrx_word' id='word_1_858' title='bbox 3460 4845 3598 4896; x_wconf 86' lang='grc' dir='ltr'>εἰσιν</span> <span class='ocrx_word' id='word_1_859' title='bbox 3638 4843 3814 4913; x_wconf 78' lang='grc' dir='ltr'>ἄπλη-</span> 
     </span>
    </p>
   </div>
   <div class='ocr_carea' id='block_1_112' title="bbox 2242 4934 3816 5007">
    <p class='ocr_par' dir='ltr' id='par_1_112' title="bbox 2242 4934 3816 5007">
     <span class='ocr_line' id='line_1_112' title="bbox 2242 4934 3816 5007; baseline -0.001 -17"><span class='ocrx_word' id='word_1_860' title='bbox 2242 4954 2378 5001; x_wconf 88' lang='grc' dir='ltr'>στοι,</span> <span class='ocrx_word' id='word_1_861' title='bbox 2411 4937 2486 5000; x_wconf 86' lang='grc' dir='ltr'>ὡς</span> <span class='ocrx_word' id='word_1_862' title='bbox 2518 4937 2651 5007; x_wconf 85' lang='grc' dir='ltr'>μηδὲ</span> <span class='ocrx_word' id='word_1_863' title='bbox 2681 4934 2929 4988; x_wconf 87' lang='grc' dir='ltr'>ἐντεῦθεν</span> <span class='ocrx_word' id='word_1_864' title='bbox 2955 4935 3320 4989; x_wconf 86' lang='grc' dir='ltr'>παιδεύεσθαι.</span> <span class='ocrx_word' id='word_1_865' title='bbox 3346 4935 3538 4989; x_wconf 76' lang='grc' dir='ltr'>Πολλοὶ</span> <span class='ocrx_word' id='word_1_866' title='bbox 3570 4935 3697 5004; x_wconf 90' lang='grc' dir='ltr'>γοῦν</span> <span class='ocrx_word' id='word_1_867' title='bbox 3723 4938 3816 4990; x_wconf 82' lang='grc' dir='ltr'>καὶ</span> 
     </span>
    </p>
   </div>
   <div class='ocr_carea' id='block_1_113' title="bbox 2242 5027 3812 5099">
    <p class='ocr_par' dir='ltr' id='par_1_113' title="bbox 2242 5027 3812 5099">
     <span class='ocr_line' id='line_1_113' title="bbox 2242 5027 3812 5099; baseline -0.001 -17"><span class='ocrx_word' id='word_1_868' title='bbox 2242 5029 2434 5092; x_wconf 88' lang='grc' dir='ltr'>πίθους</span> <span class='ocrx_word' id='word_1_869' title='bbox 2499 5027 2825 5098; x_wconf 82' lang='grc' dir='ltr'>ὁλοκλήρους</span> <span class='ocrx_word' id='word_1_870' title='bbox 2897 5027 3204 5091; x_wconf 82' lang='grc' dir='ltr'>ἐκένωσαν,</span> <span class='ocrx_word' id='word_1_871' title='bbox 3268 5028 3460 5099; x_wconf 86' lang='grc' dir='ltr'>πένητι</span> <span class='ocrx_word' id='word_1_872' title='bbox 3529 5030 3627 5098; x_wconf 82' lang='grc' dir='ltr'>μὲν</span> <span class='ocrx_word' id='word_1_873' title='bbox 3690 5029 3812 5082; x_wconf 82' lang='grc' dir='ltr'>οὐδὲ</span> 
     </span>
    </p>
   </div>
   <div class='ocr_carea' id='block_1_114' title="bbox 2242 5117 3810 5190">
    <p class='ocr_par' dir='ltr' id='par_1_114' title="bbox 2242 5117 3810 5190">
     <span class='ocr_line' id='line_1_114' title="bbox 2242 5117 3810 5190; baseline -0.003 -16"><span class='ocrx_word' id='word_1_874' title='bbox 2242 5121 2444 5174; x_wconf 88' lang='grc' dir='ltr'>κύαθον</span> <span class='ocrx_word' id='word_1_875' title='bbox 2475 5119 2676 5183; x_wconf 88' lang='grc' dir='ltr'>δόντες,</span> <span class='ocrx_word' id='word_1_876' title='bbox 2704 5117 2825 5172; x_wconf 79' lang='grc' dir='ltr'>οὐδὲ</span> <span class='ocrx_word' id='word_1_877' title='bbox 2850 5119 3110 5190; x_wconf 86' lang='grc' dir='ltr'>ἀργυρίου</span> <span class='ocrx_word' id='word_1_878' title='bbox 3153 5122 3266 5183; x_wconf 90' lang='grc' dir='ltr'>τοῖς</span> <span class='ocrx_word' id='word_1_879' title='bbox 3307 5119 3601 5190; x_wconf 91' lang='grc' dir='ltr'>δεομένοις,</span> <span class='ocrx_word' id='word_1_880' title='bbox 3628 5119 3810 5190; x_wconf 81' lang='grc' dir='ltr'>ὀξίνην</span> 
     </span>
    </p>
   </div>
   <div class='ocr_carea' id='block_1_115' title="bbox 2239 5211 3810 5284">
    <p class='ocr_par' dir='ltr' id='par_1_115' title="bbox 2239 5211 3810 5284">
     <span class='ocr_line' id='line_1_115' title="bbox 2239 5211 3810 5284; baseline -0.013 -1"><span class='ocrx_word' id='word_1_881' title='bbox 2239 5212 2298 5264; x_wconf 60' lang='grc' dir='ltr'>δὲ</span> <span class='ocrx_word' id='word_1_882' title='bbox 2333 5211 2614 5281; x_wconf 83' lang='grc' dir='ltr'>γινόμενον</span> <span class='ocrx_word' id='word_1_883' title='bbox 2653 5213 2732 5274; x_wconf 79' lang='grc' dir='ltr'>εἰς</span> <span class='ocrx_word' id='word_1_884' title='bbox 2753 5213 2852 5284; x_wconf 84' lang='grc' dir='ltr'>τὴν</span> <span class='ocrx_word' id='word_1_885' title='bbox 2880 5214 2984 5284; x_wconf 77' lang='grc' dir='ltr'>γῆν</span> <span class='ocrx_word' id='word_1_886' title='bbox 3014 5212 3272 5283; x_wconf 77' lang='grc' dir='ltr'>ῥίψαντες</span> <span class='ocrx_word' id='word_1_887' title='bbox 3301 5211 3533 5275; x_wconf 75' lang='grc' dir='ltr'>ἅπαντα,</span> <span class='ocrx_word' id='word_1_888' title='bbox 3565 5213 3659 5264; x_wconf 76' lang='grc' dir='ltr'>καὶ</span> <span class='ocrx_word' id='word_1_889' title='bbox 3684 5213 3810 5276; x_wconf 79' lang='grc' dir='ltr'>τοὺς</span> 
     </span>
    </p>
   </div>
   <div class='ocr_carea' id='block_1_116' title="bbox 2241 5299 3809 5374">
    <p class='ocr_par' dir='ltr' id='par_1_116' title="bbox 2241 5299 3809 5374">
     <span class='ocr_line' id='line_1_116' title="bbox 2241 5299 3809 5374; baseline 0.001 -20"><span class='ocrx_word' id='word_1_890' title='bbox 2241 5300 2431 5366; x_wconf 88' lang='grc' dir='ltr'>πίθους</span> <span class='ocrx_word' id='word_1_891' title='bbox 2454 5302 2635 5355; x_wconf 84' lang='grc' dir='ltr'>αὐτῶν</span> <span class='ocrx_word' id='word_1_892' title='bbox 2665 5303 3212 5374; x_wconf 75' lang='grc' dir='ltr'>προσδιαφθείραντες</span> <span class='ocrx_word' id='word_1_893' title='bbox 3245 5302 3322 5372; x_wconf 84' lang='grc' dir='ltr'>τῷ</span> <span class='ocrx_word' id='word_1_894' title='bbox 3351 5299 3565 5371; x_wconf 84' lang='grc' dir='ltr'>καρπῷ.</span> <span class='ocrx_word' id='word_1_895' title='bbox 3592 5303 3809 5374; x_wconf 82' lang='grc' dir='ltr'>Ἕτεροι</span> 
     </span>
    </p>
   </div>
   <div class='ocr_carea' id='block_1_117' title="bbox 2239 5378 3805 5464">
    <p class='ocr_par' dir='ltr' id='par_1_117' title="bbox 2239 5378 3805 5464">
     <span class='ocr_line' id='line_1_117' title="bbox 2239 5378 3805 5464; baseline 0.002 -21"><span class='ocrx_word' id='word_1_896' title='bbox 2239 5393 2296 5446; x_wconf 82' lang='grc' dir='ltr'>δὲ</span> <span class='ocrx_word' id='word_1_897' title='bbox 2335 5393 2496 5448; x_wconf 86' lang='grc' dir='ltr'>πάλιν</span> <span class='ocrx_word' id='word_1_898' title='bbox 2537 5393 2656 5446; x_wconf 85' lang='grc' dir='ltr'>οὐδὲ</span> <span class='ocrx_word' id='word_1_899' title='bbox 2698 5393 2874 5464; x_wconf 75' lang='grc' dir='ltr'>μάζης</span> <span class='ocrx_word' id='word_1_900' title='bbox 2914 5378 3042 5462; x_wconf 75' lang='grc' dir='ltr'>μιᾶς</span> <span class='ocrx_word' id='word_1_901' title='bbox 3070 5391 3149 5460; x_wconf 82' lang='grc' dir='ltr'>τῷ</span> <span class='ocrx_word' id='word_1_902' title='bbox 3175 5391 3425 5445; x_wconf 84' lang='grc' dir='ltr'>πεινῶντι</span> <span class='ocrx_word' id='word_1_903' title='bbox 3461 5392 3805 5462; x_wconf 89' lang='grc' dir='ltr'>μεταδόντες,</span> 
     </span>
    </p>
   </div>
   <div class='ocr_carea' id='block_1_118' title="bbox 2243 5483 3808 5557">
    <p class='ocr_par' dir='ltr' id='par_1_118' title="bbox 2243 5483 3808 5557">
     <span class='ocr_line' id='line_1_118' title="bbox 2243 5483 3808 5557; baseline 0 -18"><span class='ocrx_word' id='word_1_904' title='bbox 2243 5486 2511 5557; x_wconf 83' lang='grc' dir='ltr'>ὁλόκληρα</span> <span class='ocrx_word' id='word_1_905' title='bbox 2539 5487 2832 5554; x_wconf 86' lang='grc' dir='ltr'>σιτοδοχεῖα</span> <span class='ocrx_word' id='word_1_906' title='bbox 2866 5486 2946 5547; x_wconf 89' lang='grc' dir='ltr'>είς</span> <span class='ocrx_word' id='word_1_907' title='bbox 2978 5483 3222 5554; x_wconf 84' lang='grc' dir='ltr'>ποταμὸν</span> <span class='ocrx_word' id='word_1_908' title='bbox 3254 5483 3504 5556; x_wconf 76' lang='grc' dir='ltr'>ἔρριψαν·</span> <span class='ocrx_word' id='word_1_909' title='bbox 3539 5485 3635 5539; x_wconf 73' lang='grc' dir='ltr'>καὶ</span> <span class='ocrx_word' id='word_1_910' title='bbox 3659 5485 3808 5539; x_wconf 84' lang='grc' dir='ltr'>ἐπει-</span> 
     </span>
    </p>
   </div>
   <div class='ocr_carea' id='block_1_119' title="bbox 2240 5573 3808 5650">
    <p class='ocr_par' dir='ltr' id='par_1_119' title="bbox 2240 5573 3808 5650">
     <span class='ocr_line' id='line_1_119' title="bbox 2240 5573 3808 5650; baseline 0 -20"><span class='ocrx_word' id='word_1_911' title='bbox 2240 5578 2305 5650; x_wconf 79' lang='grc' dir='ltr'>δὴ</span> <span class='ocrx_word' id='word_1_912' title='bbox 2353 5576 2446 5630; x_wconf 89' lang='grc' dir='ltr'>τοῦ</span> <span class='ocrx_word' id='word_1_913' title='bbox 2494 5575 2630 5629; x_wconf 84' lang='grc' dir='ltr'>Θεοῦ</span> <span class='ocrx_word' id='word_1_914' title='bbox 2671 5574 2982 5637; x_wconf 86' lang='grc' dir='ltr'>κελεύοντος</span> <span class='ocrx_word' id='word_1_915' title='bbox 3017 5573 3212 5626; x_wconf 91' lang='grc' dir='ltr'>διδόναι</span> <span class='ocrx_word' id='word_1_916' title='bbox 3255 5576 3370 5638; x_wconf 79' lang='grc' dir='ltr'>τοῖς</span> <span class='ocrx_word' id='word_1_917' title='bbox 3404 5573 3678 5644; x_wconf 80' lang='grc' dir='ltr'>δεομένοις</span> <span class='ocrx_word' id='word_1_918' title='bbox 3708 5577 3808 5630; x_wconf 83' lang='grc' dir='ltr'>οὐκ</span> 
     </span>
    </p>
   </div>
   <div class='ocr_carea' id='block_1_120' title="bbox 2241 5664 3806 5741">
    <p class='ocr_par' dir='ltr' id='par_1_120' title="bbox 2241 5664 3806 5741">
     <span class='ocr_line' id='line_1_120' title="bbox 2241 5664 3806 5741; baseline -0.003 -18"><span class='ocrx_word' id='word_1_919' title='bbox 2241 5671 2501 5741; x_wconf 70' lang='grc' dir='ltr'>ἥκουσαν,</span> <span class='ocrx_word' id='word_1_920' title='bbox 2545 5666 2640 5720; x_wconf 90' lang='grc' dir='ltr'>τοῦ</span> <span class='ocrx_word' id='word_1_921' title='bbox 2692 5666 2852 5737; x_wconf 85' lang='grc' dir='ltr'>οητὸς</span> <span class='ocrx_word' id='word_1_922' title='bbox 2903 5664 3281 5729; x_wconf 84' lang='grc' dir='ltr'>ἐπιτάττοντος</span> <span class='ocrx_word' id='word_1_923' title='bbox 3328 5665 3424 5720; x_wconf 76' lang='grc' dir='ltr'>καὶ</span> <span class='ocrx_word' id='word_1_924' title='bbox 3472 5666 3693 5730; x_wconf 64' lang='grc' dir='ltr'>ἄκοντες</span> <span class='ocrx_word' id='word_1_925' title='bbox 3746 5666 3806 5719; x_wconf 85' lang='grc' dir='ltr'>τὸ</span> 
     </span>
    </p>
   </div>
   <div class='ocr_carea' id='block_1_121' title="bbox 2223 5748 3806 5832">
    <p class='ocr_par' dir='ltr' id='par_1_121' title="bbox 2223 5748 3806 5832">
     <span class='ocr_line' id='line_1_121' title="bbox 2223 5748 3806 5832; baseline -0.008 -12"><span class='ocrx_word' id='word_1_926' title='bbox 2223 5748 2389 5820; x_wconf 74' lang='grc' dir='ltr'>’ἔνδον</span> <span class='ocrx_word' id='word_1_927' title='bbox 2434 5765 2579 5821; x_wconf 81' lang='grc' dir='ltr'>ἀπαν</span> <span class='ocrx_word' id='word_1_928' title='bbox 2626 5762 2955 5832; x_wconf 74' lang='grc' dir='ltr'>ἐξήντλησαν</span> <span class='ocrx_word' id='word_1_929' title='bbox 3005 5761 3083 5823; x_wconf 87' lang='grc' dir='ltr'>είς</span> <span class='ocrx_word' id='word_1_930' title='bbox 3136 5761 3412 5817; x_wconf 84' lang='grc' dir='ltr'>ἀπώλειαν</span> <span class='ocrx_word' id='word_1_931' title='bbox 3464 5761 3557 5816; x_wconf 69' lang='grc' dir='ltr'>καὶ</span> <span class='ocrx_word' id='word_1_932' title='bbox 3603 5755 3806 5828; x_wconf 74' lang='grc' dir='ltr'>φθορὰν</span> 
     </span>
    </p>
   </div>
  </div>
