4138 6220
333 343 443 401 365

333 455 588 526 ἐσχάτην,
625 457 791 508 πολὺν
827 455 925 526 μὲν
951 455 1040 508 τὸν
1068 455 1301 523 γέλωτα,
1330 456 1528 520 πολλάς
1553 457 1607 510 δὲ
1635 459 1732 521 τὰς
1761 455 1898 526 ἀρὰς

334 547 473 600 κατά
501 547 597 616 τῆς
626 547 832 601 ἑαυτῶν
862 545 1100 614 κεφαλῆς
1129 546 1267 614 μετά
1301 547 1398 617 τῆς
1430 547 1630 618 ζημίας
1663 549 1897 602 ἐπισπα-

335 639 559 708 σάμενοι
587 637 810 706 ταύτης.
843 637 951 687 Kal
975 637 1042 688 τά
1070 637 1168 706 μὲν
1191 636 1444 701 ἐνταῦθα,
1474 638 1716 692 τοιαῦτα’
1753 639 1822 692 τά
1844 638 1900 690 δέ

333 729 451 782 ἐκεῖ
491 730 576 791 τίς
617 728 961 797 παραστήσει
1017 728 1208 796 λόγος;
1243 730 1452 801 Ὠσπερ
1484 729 1592 800 γάρ
1629 724 1774 784 οὗτοι
1809 729 1898 782 τὸν

286 881 292 900 ⁸
333 819 673 889 σητόϐρωτον
705 816 938 870 ἐνταῦθα
981 819 1124 871 σῖτον
1171 819 1442 889 ἄχρηστον
1486 820 1775 890 γενόμενον
1820 823 1899 884 εἰς

287 917 296 982 ξ
331 910 608 978 ποταμοὺς
632 909 935 980 ῥίπτουσιν,
967 907 1109 962 οὕτω
1142 912 1268 972 τοὺς
1295 910 1464 964 ταῦτα
1496 912 1900 982 ἐργασαμένους

331 999 399 1052 δι’
419 998 551 1052 αὐτὸ
575 998 731 1051 τοῦτο
759 1000 1067 1071 ἀχρήστους
1095 1001 1416 1069 γενομένους
1448 1003 1528 1066 εἰς
1563 1003 1654 1056 τὸν
1680 1003 1772 1056 τοῦ
1799 1022 1900 1056 πυ-

335 1092 425 1162 ρὸς
448 1090 627 1160 ῥίπτει
659 1092 900 1160 ποταμὸν
931 1093 959 1143 6
978 1091 1127 1153 Θεός.
1160 1092 1426 1165 Καθάπερ
1453 1094 1560 1165 γὰρ
1588 1094 1678 1147 τὸν
1707 1097 1849 1148 σῖτον
1871 1097 1901 1148 6

333 1179 430 1248 σὴς
457 1180 549 1232 καί
576 1181 603 1231 6
633 1178 866 1248 σκώληξ,
897 1179 1038 1232 οῦτω
1072 1181 1169 1244 τὰς
1189 1182 1393 1236 τούτων
1426 1185 1602 1254 ψυχὰς
1627 1187 1658 1254 ἡ
1683 1185 1901 1256 ὠμότης

333 1268 425 1320 καὶ
457 1270 490 1338 ἡ
513 1268 876 1339 ἀπανθρωπία
912 1268 1154 1336 διέφαγε.
1178 1271 1394 1324 Τούτων
1421 1273 1476 1324 δὲ
1505 1272 1678 1326 αἴτιον
1711 1273 1772 1326 τὸ
1790 1276 1901 1335 τοῖς

333 1357 567 1426 παροῦσι
611 1359 1011 1429 προσηλῶσθαι,
1046 1362 1138 1412 καὶ
1189 1362 1326 1432 πρὸς
1375 1364 1473 1433 τὴν
1510 1364 1655 1434 ζωὴν
1698 1364 1899 1434 ταύτην

331 1448 619 1518 κεχηνέναι
654 1450 841 1518 μόνον·
889 1450 1009 1503 ὅθεν
1052 1454 1144 1506 καὶ
1187 1455 1389 1524 μυρίας
1445 1458 1682 1529 ἀθυμίας
1715 1461 1900 1530 μεστοὶ

328 1537 569 1605 γίνονται
619 1541 668 1592 οἰ
732 1542 981 1622 τοιοῦτοι.
1051 1545 1167 1599 Κᾶν
1218 1548 1328 1618 γὰρ
1369 1548 1546 1603 ὁτιοῦν
1584 1552 1744 1621 εἴπῃς
1775 1551 1893 1622 ἡδὺ,

331 1629 509 1682 πάντα
548 1631 727 1694 ἱκανός
769 1634 917 1686 ἐστιν
947 1637 1206 1703 ἀφανίσαι
1231 1638 1331 1708 τῆς
1356 1640 1610 1710 τελευτῆς
1657 1644 1684 1694 6
1713 1643 1894 1710 φόϐος,

329 1723 422 1774 καὶ
460 1722 724 1793 τέθνηκεν
765 1725 794 1777 6
831 1727 1070 1792 τοιοῦτος
1108 1729 1188 1784 ἔτι
1225 1730 1354 1793 ζῶν.
1392 1731 1499 1784 Καὶ
1542 1731 1602 1786 τὸ
1641 1733 1740 1802 μὲν
1772 1734 1899 1797 τοὺς

331 1812 593 1876 ἀπίστους
621 1814 790 1869 ταῦτα
823 1818 1072 1889 πάσχειν,
1110 1820 1421 1890 θαυμαστὸν
1465 1824 1639 1878 οὐδέν·
1686 1825 1816 1879 ὅταν
1844 1825 1901 1878 δὲ

329 1905 378 1956 οἱ
415 1904 684 1959 τοσούτων
717 1911 1032 1982 μυστηρίων
1065 1913 1518 1979 ἀπολελαυκότες,
1548 1916 1641 1968 καὶ
1665 1916 1901 1970 τοσαῦτα

328 2001 458 2068 περ)⁵
489 1998 597 2051 τῶν
633 2000 934 2069 μελλόντων
970 2003 1454 2074 φιλοσοφήσαντες,
1486 2010 1604 2070 τοῖς
1635 2007 1901 2080 παροῦσιν

327 2086 765 2157 ἐμφιλοχωρῶσι,
787 2090 930 2157 τίνος
951 2091 1014 2145 ἂν
1045 2089 1154 2146 εἶεν
1179 2093 1318 2160 ἄξιοι
1344 2095 1700 2166 συγγνώμης;
1732 2097 1900 2151 Πόθεν

319 2172 422 2230 οῦν
443 2178 651 2245 γίνεται
680 2179 741 2232 τὸ
763 2182 876 2243 τοῖς
897 2182 1164 2251 παροῦσιν
1189 2184 1615 2257 ἐμφιλοχωρεῖν;
1649 2187 1782 2240 Ἀπὸ
1805 2187 1909 2240 τοῦ·

325 2272 504 2342 τρυφῇ
532 2271 842 2342 προσέχειν,
876 2274 972 2332 καὶ
997 2275 1265 2330 λιπαίνειν
1295 2276 1391 2348 τὴν
1420 2277 1619 2350 σάρκα,
1650 2277 1744 2331 καὶ
1769 2278 1900 2350 θρύ-

327 2379 484 2414 πτειν
530 2362 628 2433 τὴν
656 2364 853 2435 ψυχὴν,
887 2365 982 2418 καὶ
1025 2365 1166 2436 βαρὺ
1210 2367 1271 2420 τὸ
1303 2368 1523 2439 φορτίον
1573 2367 1900 2436 ἐργάζεσθαι

326 2454 422 2505 καὶ
465 2453 599 2507 πολύ
629 2453 689 2506 τὸ
723 2455 914 2518 σκότος
952 2455 1049 2508 καὶ
1074 2457 1220 2525 παχὺ
1249 2457 1309 2514 τὸ
1338 2459 1767 2530 παραπέτασμα.
1813 2459 1901 2510 Ἐν

327 2545 438 2614 γὰρ
493 2547 558 2615 τῇ
606 2549 785 2617 τρυφῇ
825 2546 885 2600 τὸ
928 2547 1026 2615 μὲν
1078 2549 1326 2617 κρεῖττον
1381 2547 1680 2613 δουλοῦται,
1732 2550 1794 2601 τὸ
1843 2548 1901 2600 δὲ

328 2639 510 2707 χεῖρον
560 2641 772 2709 κρατεῖο
831 2640 926 2693 καὶ
989 2640 1052 2693 τὸ
1118 2641 1216 2711 μὲν
1279 2640 1577 2708 τυφλοῦται
1640 2642 1902 2696 πάντοθεν

328 2724 428 2778 καὶ
486 2725 712 2796 σύρεται
761 2728 1184 2799 πεπηρωμένον,
1236 2728 1296 2782 τὸ
1344 2730 1401 2782 δὲ
1447 2729 1569 2798 ἄγει
1612 2731 1704 2784 καὶ
1749 2749 1904 2802 περι-

332 2815 456 2882 άγει
499 2816 798 2886 πανταχοῦ,
846 2819 903 2870 ὲν
937 2818 1086 2890 [576]
1122 2822 1186 2889 τῇ
1221 2820 1331 2873 τῶν
1372 2820 1655 2891 ἀγομένων
1692 2823 1903 2892 ὀφεῖλον

331 2905 548 2960 κεῖσθαι
579 2905 750 2970 τάξει.
790 2909 897 2961 Καὶ
924 2908 1034 2978 γάρ
1063 2910 1230 2974 πολὺς
1274 2912 1304 2964 6
1343 2910 1636 2980 σύνδεσμος
1665 2913 1764 2985 τῆς
1799 2915 1904 2984 ψυ-

330 2996 435 3066 χῆς
471 2995 606 3066 πρὸς
634 2995 697 3049 τὸ
723 2995 903 3066 σῶμα,
923 2997 1082 3052 τοῦτο
1104 2998 1199 3052 τοῦ
1223 3002 1296 3072 Δη
1308 3000 1570 3071 μιουργοῦ
1595 3019 1906 3072 μηχανησα-

336 3085 523 3155 μένου,
555 3085 640 3139 ἵνα
660 3086 736 3157 μὴ
749 3085 824 3150 ὼς
841 3086 1122 3159 ἀλλότριον
1140 3089 1274 3142 αὐτὸ
1295 3090 1525 3144 πείθωσί
1541 3108 1686 3155 τινες
1702 3095 1900 3160 μισεῖν.

403 3175 470 3230 θ’.
497 3177 555 3230 '0
574 3177 673 3246 μὲν
694 3176 800 3250 γὰρ
817 3177 948 3240 Θεὸς
980 3179 1106 3242 τοὺς
1131 3179 1359 3249 ἐχθροὺς
1384 3181 1635 3233 ἐκέλευσε
1661 3182 1853 3248 φιλεῖν·
1873 3183 1902 3234 6

331 3267 390 3322 δὲ
412 3267 656 3331 διάϐολος
678 3268 930 3322 τοσοῦτον
955 3269 1189 3339 ἴσχυσεν,
1219 3271 1293 3334 ὼς
1321 3272 1417 3324 καὶ
1437 3272 1499 3326 τὸ
1523 3273 1720 3324 οἰκεῖον
1743 3271 1902 3342 σῶμα

331 3355 517 3410 πεῖσαί
542 3374 696 3422 τινας
727 3360 926 3427 μισεῖν.
961 3358 1132 3412 Ὅταν
1159 3358 1268 3429 γὰρ
1296 3360 1447 3431 εἴπῃ,
1487 3361 1568 3413 ὅτι
1599 3361 1692 3413 τοῦ
1721 3360 1903 3414 διαϐό-

331 3447 424 3499 λου
455 3447 623 3512 ἐστὶν,
665 3448 817 3501 οὐδὲν
848 3448 977 3502 ἄλλο
1004 3451 1424 3515 κατασκευάζει,
1479 3451 1510 3521 ἢ
1550 3452 1736 3505 τοῦτο·
1765 3453 1900 3523 ὅπερ

330 3538 566 3608 ἐσχάτης
614 3539 883 3610 ληρωδίας
927 3540 1093 3593 ἐστίν.
1126 3543 1188 3595 Εἰ
1221 3541 1330 3613 γὰρ
1360 3542 1454 3595 τοῦ
1487 3543 1733 3596 διαϐόλου
1761 3546 1900 3609 ἐστὶ,

329 3629 415 3691 τίς
452 3631 486 3698 ἡ
513 3630 747 3700 τοσαύτη
775 3632 1080 3700 συμφωνία,
1111 3633 1186 3697 ὡς
1215 3635 1519 3705 ἐπιτήδειον
1543 3636 1676 3689 αὐτὸ
1703 3637 1902 3690 πάντο-

331 3719 425 3772 θεν
454 3721 533 3782 είς
569 3721 669 3784 τὰς
705 3722 805 3791 τῆς
848 3723 1137 3792 φιλοσόφου
1183 3724 1360 3796 ψυχῆς
1408 3728 1688 3797 ἐνεργείας
1736 3745 1904 3783 κατα-

334 3811 636 3874 σκευάσαι;
679 3813 788 3866 Καὶ
827 3815 873 3866 εἰ
901 3815 1221 3885 ἐπιτήδειον,
1256 3820 1408 3888 φησὶ,
1437 3817 1556 3881 πῶς
1601 3819 1771 3890 αὐτὴν
1812 3837 1905 3872 τυ·

333 3901 489 3970 φλοῖ;
543 3901 677 3972 Οὐχὶ
709 3901 771 3956 τὸ
819 3903 979 3973 σῶμά
1015 3906 1130 3958 ἐστι
1179 3906 1239 3960 τὸ
1275 3907 1508 3977 τυφλοῦν
1558 3909 1656 3980 τὴν
1702 3909 1901 3979 ψυχὴν,

332 3993 531 4062 ἄπαγε,
555 3993 827 4065 ἄνθρωπε,
855 3995 967 4048 ἀλλ’
999 3997 1034 4066 ἡ
1060 4000 1260 4068 τρυφή.
1286 3999 1396 4070 Τῆς
1421 3999 1478 4052 δὲ
1505 4000 1717 4070 τρυφῆς
1743 4000 1905 4054 πόθεν

334 4085 634 4157 ἐφιέμεθα;
669 4087 742 4140 Οὐ
775 4087 934 4160 ’παρά
963 4088 1026 4141 τὸ
1069 4087 1228 4159 σῶμα
1259 4089 1424 4158 ἐχειν,
1463 4091 1735 4161 οὐδαμῶς,
1767 4091 1905 4146 ἀλλὰ

332 4179 488 4250 παρά
520 4178 838 4251 προαίρεσιν
888 4179 1150 4251 πονηράν.
1204 4178 1277 4232 Τὸ
1333 4179 1440 4252 γὰρ
1493 4180 1652 4251 σῶμα
1699 4182 1905 4252 τροφῆς

331 4272 523 4340 δεῖται,
558 4273 621 4325 οὐ
662 4272 910 4342 τρυφῆς,
943 4272 1006 4324 τὸ
1033 4269 1195 4341 σῶμα
1223 4268 1315 4323 τοῦ
1357 4272 1652 4341 τρέφεσθαι
1693 4271 1900 4344 χρῄζει,

332 4363 454 4434 οὐχὶ
476 4363 571 4416 τοῦ
601 4363 989 4417 διακόπτεσθαι
1013 4363 1107 4416 καὶ
1146 4363 1409 4434 διαρρεῖν.
1443 4364 1578 4417 Οὐδὲ
1619 4365 1728 4437 γὰρ
1759 4367 1902 4438 ψυχῇ

337 4452 520 4522 μόνον,
563 4452 700 4506 ἀλλά
749 4453 844 4508 καὶ
896 4453 1043 4524 αὐτῷ
1095 4452 1173 4524 τῷ
1216 4455 1428 4524 σώματι
1463 4456 1542 4528 τῷ
1588 4460 1907 4530 τρεφομένῳ

335 4538 597 4610 πολέμιον
626 4541 660 4610 ὴ
687 4541 887 4611 τρυφή.
931 4542 1038 4593 Kal
1062 4542 1169 4614 γὰρ
1197 4543 1586 4616 ἀσθενέστερον
1611 4547 1732 4600 ἀντὶ
1760 4549 1907 4618 ἰσχυ-

339 4629 435 4697 ροῦ
474 4629 704 4698 γίνεται,
756 4631 850 4683 καὶ
901 4629 1286 4701 μαλακώτερον
1333 4633 1454 4688 ἀντὶ
1506 4636 1757 4706 στερροῦ,
1813 4637 1906 4691 καὶ

338 4720 588 4776 ἐπίνοσον
618 4724 738 4776 ἀντὶ
766 4721 1024 4790 ὑγιεινοῦ,
1053 4722 1148 4775 καὶ
1187 4720 1481 4793 βαρύτερον
1511 4726 1635 4780 ἀντὶ
1677 4727 1903 4796 κούφου,

341 4810 435 4863 καὶ
449 4813 766 4885 ἀραιότερον
787 4815 907 4868 ἀντὶ
928 4813 1154 4877 πυκνοῦ,
1184 4815 1278 4868 καὶ
1296 4813 1518 4885 αἰσχρὸν
1540 4816 1661 4869 ἀντὶ
1681 4817 1904 4889 ὡραίου,

343 4901 436 4954 καὶ
463 4902 857 4974 δυσωδέστερον
889 4907 1010 4964 ἀντὶ
1041 4906 1296 4971 εὐώδους,
1326 4905 1421 4960 καὶ
1455 4905 1760 4978 ἀκάθαρτον
1788 4910 1908 4964 ἀντὶ

342 4991 610 5062 καθαροῦ,
640 4995 732 5045 καὶ
759 4995 1090 5063 περιώδυνον
1122 4998 1243 5052 ἀντὶ
1271 4997 1576 5069 ἀνειμένου,
1612 4999 1706 5053 καὶ
1733 4998 1907 5071 ἄχρη-

346 5099 468 5136 στον
521 5082 642 5135 ἀντὶ
693 5084 984 5152 χρησίμου,
1037 5088 1131 5139 καὶ
1177 5090 1407 5145 παλαιὸν
1459 5091 1578 5146 ἀντὶ
1616 5091 1758 5160 νέου,
1815 5094 1908 5148 καὶ

349 5175 547 5247 σαθρὸν
596 5173 716 5228 ἀντὶ
759 5174 1000 5244 ἰσχυροῦ,
1049 5179 1144 5230 καὶ
1197 5177 1360 5248 βραδύ
1397 5185 1490 5235 καὶ
1541 5184 1743 5254 νωθρὸν
1789 5185 1909 5240 ἀντὶ

349 5268 556 5339 ταχέος,
591 5268 683 5321 καὶ
707 5267 879 5338 χωλὸν
909 5267 1030 5320 ἀντὶ
1060 5269 1270 5337 ἀρτίου.
1302 5272 1494 5325 Καίτοι
1525 5276 1572 5326 εί
1603 5276 1696 5329 τοῦ
1729 5278 1911 5333 διαϐό-

345 5357 439 5412 λου
476 5356 565 5431 ἦν,
612 5362 711 5414 οὐκ
737 5361 902 5433 ἐχρῆν
931 5360 1034 5414 ὑπὸ
1071 5360 1178 5414 τῶν
1201 5361 1365 5415 αὐτοῦ
1401 5365 1908 5438 παραϐλάπτεσθαι,

345 5449 444 5519 τῆς
469 5454 664 5518 κακίας
690 5453 850 5523 λέγω.
895 5453 1032 5508 Ἀλλ’
1058 5453 1180 5515 οὐτε
1205 5455 1265 5508 τὸ
1291 5454 1474 5527 σῶμα,
1496 5455 1619 5511 οὔτε
1646 5461 1715 5514 τὰ
1744 5463 1910 5529 σιτία,

1051 340 1108 396 S.
1152 339 1440 396 JOANNIS
1471 336 1972 402 .CIIRYSOSTOMI
2012 338 2332 396 ARCIIIEP.
2371 341 2924 401 CONSTANTINOP.

3449 331 3566 402 316

2001 456 2126 526 γὰρ,
2183 458 2336 528 φησὶ,
2370 457 2467 511 καὶ
2521 459 2850 527 ἐπαχύνθη,
2904 459 3002 513 καί
3041 459 3407 526 ἐπλατύνθη,
3467 461 3564 514 καὶ

1999 547 2405 601 ἀπελάκτισεν
2449 551 2482 601 ὁ
2513 550 2914 618 ἠγαπημένος.
2953 552 3063 605 Kal
3092 552 3343 621 Σοδόμοις
3374 550 3430 602 δὲ
3480 552 3564 602 ἐν-

1998 638 2189 691 τεῦθεν
2217 641 2250 708 ή
2287 640 2428 710 ἀρχὴ
2469 640 2575 693 τῶν
2618 642 2898 711 κεραυνῶν
2941 643 3164 695 ἐκείνων
3193 642 3427 710 ἐγένετο.
3457 642 3566 694 Kal

1997 729 2157 783 τοῦτο
2201 731 2376 800 δηλῶν
2431 733 2460 784 6
2518 732 2775 803 Ἰεζεκιὴλ
2820 732 3011 802 ἔλεγε·
3059 733 3234 801 Πλὴν
3289 734 3464 788 τοῦτο
3499 735 3566 786 τὸ

1997 821 2274 890 ἀνόμημα
2309 822 2616 891 Σοδόμων,
2647 822 2716 876 ὲν
2755 826 3133 893 ὑπερηφανίᾳ
3165 825 3264 878 καὶ
3302 825 3372 878 ἐν
3416 827 3570 891 πλη-

1997 911 2198 980 σμονῂ
2227 911 2420 980 ἄρτων
2451 914 2548 967 καὶ
2581 915 2650 968 ἐν
2673 915 2978 982 εὐθηνίαις
3000 913 3380 982 ὲσπατάλων,

2067 1004 2167 1055 Διὰ
2190 1003 2348 1059 τοῦτο
2371 1005 2464 1058 καὶ
2492 1007 2520 1058 6
2539 1005 2746 1069 Παῦλος
2767 1007 2969 1075 ἔλεγεν·
3001 1007 3070 1060 Ἠ
3085 1007 3141 1060 δὲ
3172 1003 3564 1069 σπαταλῶσα,

2000 1091 2160 1154 ζῶσα
2195 1093 2470 1162 τέθνηκε.
2501 1095 2567 1147 Τί
2624 1096 2854 1165 δήποτε;
2895 1098 3015 1150 Ὅτι
3067 1095 3256 1167 ὥσπερ
3289 1096 3456 1164 τάφον
3507 1096 3569 1149 τὸ

2001 1185 2160 1254 σῶμα
2195 1186 2481 1258 περιφέρει
2513 1186 2729 1257 μυρίοις
2774 1187 3152 1258 συνδεδεμένον
3183 1189 3395 1248 κακοῖς.
3427 1186 3567 1252 Είδὶ

1997 1271 2058 1324 τὸ
2089 1273 2249 1342 σῶμα
2280 1273 2452 1337 οὕτως
2479 1275 2796 1336 ἀπόλλυται,
2829 1276 2946 1339 πῶς
2981 1279 3014 1346 ἡ
3043 1275 3188 1347 ψυχὴ
3214 1276 3564 1339 διακείσεται,

1999 1364 2166 1416 πόσου
2197 1364 2444 1435 θορύϐου,
2481 1366 2662 1419 πόσων
2706 1366 2982 1436 κυμάτων,
3017 1368 3191 1436 πόσης
3231 1366 3399 1436 ζάλης
3435 1369 3568 1421 ἀνά-

1998 1452 2178 1515 πλεως
2224 1452 2408 1515 ἔσταις
2451 1455 2550 1508 Διά
2577 1472 2659 1507 τοι
2702 1455 2859 1508 τοῦτο
2905 1455 3041 1525 πρὸς
3084 1456 3260 1512 πάντα
3297 1455 3569 1525 ἄχρηστος

1985 1543 2208 1611 ,γίνεται
2250 1544 2342 1596 καὶ
2374 1544 2497 1598 οὔτε
2525 1546 2719 1606 είπεῖν,
2758 1545 2880 1599 οὔτε
2911 1547 3164 1611 ἀκοῦσαι,
3195 1546 3318 1600 οὔτε
3352 1546 3569 1618 βουλεύο

1999 1633 2216 1698 σασθαι,
2263 1633 2388 1688 οὑτε
2434 1652 2488 1687 τι
2539 1634 2742 1705 πρᾶξαι
2770 1635 2880 1689 τῶν
2921 1636 3146 1689 δεόντων
3177 1636 3377 1708 ῥᾳδίως
3405 1636 3567 1706 δυνή-

2001 1741 2181 1777 σεται·
2240 1725 2356 1780 ἀλλ’
2404 1725 2592 1797 ὥσπερ
2640 1726 2996 1797 κυϐερνήτης,
3055 1728 3322 1797 χειμῶνος
3359 1729 3567 1798 κρατή-

2002 1831 2192 1877 σαντος
2242 1815 2341 1884 τῆς
2386 1815 2600 1887 τέχνης,
2663 1816 2812 1886 αὐτῷ
2841 1815 2919 1886 τῷ
2953 1814 3121 1886 πλοίῳ
3162 1817 3257 1869 καὶ
3294 1819 3408 1879 τοῖς
3445 1819 3568 1871 ἐπι-

1999 1903 2193 1967 ϐάταις
2238 1904 2567 1976 ὑποϐρύχιος
2608 1906 2853 1974 γίνεται·
2892 1905 3034 1959 οῦτω
3065 1905 3158 1959 καὶ
3185 1908 3218 1976 ἡ
3248 1905 3394 1977 ψυχὴ
3429 1908 3570 1978 μετά

2001 1995 2097 2048 τοῦ
2151 1993 2402 2066 σώματος
2442 1999 2522 2060 είς
2556 1997 2656 2067 τὴν
2687 1996 2928 2068 χαλεπὴν
2955 1997 3055 2067 τῆς
3081 1998 3436 2068 ἀναισθησίας
3467 2015 3570 2052 κα-

1997 2087 2382 2151 ταποντίζεται
2412 2072 2667 2142 ἄϐυσσονξ
2705 2090 2815 2141 Καὶ
2842 2089 2950 2157 γὰρ
2979 2087 3230 2158 καθάπερ
3255 2087 3428 2158 μύλην
3449 2088 3571 2142 τινὰ

1997 2178 2098 2249 τὴν
2128 2178 2370 2250 γαστέρα
2399 2181 2532 2249 ἡμῖν
2557 2179 2810 2250 ἐνέθηκεν
2834 2181 2863 2232 6
2901 2180 3057 2244 Θεὸς,
3090 2178 3402 2252 σύμμετρον
3430 2181 3568 2249 αὐτῇ

1999 2268 2225 2338 δύναμιν
2261 2269 2404 2332 δοὺς,
2453 2269 2548 2323 καὶ
2575 2269 2740 2336 τάξας
2773 2268 2968 2340 μέτρον
3001 2269 3183 2340 ῥητὸν,
3231 2269 3368 2339 ὅπερ
3403 2269 3571 2339 αὐτὴν

2002 2360 2150 2414 ἀλεῖν
2188 2361 2272 2413 δεῖ
2300 2361 2420 2414 καθ’
2453 2360 2690 2430 ἑκάστην
2711 2358 2944 2429 ἡμέραν.
2979 2360 3075 2412 Ἂν
3105 2355 3198 2413 οὖν
3224 2375 3308 2422 τις
3337 2358 3571 2432 ἐπιϐάλῃ

2001 2451 2246 2515 πλείονα,
2275 2451 2656 2522 ἀκατέργαστα
2696 2449 2846 2522 [577]
2875 2449 3140 2520 γενόμενα
3183 2451 3262 2521 τῷ
3291 2451 3453 2504 παντὶ
3478 2449 3571 2504 λυ-

2003 2543 2277 2614 μαίνεται.
2334 2541 2610 2596 Ἐντεῦθεν
2664 2542 2809 2594 νόσοι
2842 2542 2936 2594 καὶ
2973 2539 3252 2595 ἀσθένειαι
3283 2541 3376 2594 καὶ
3400 2542 3571 2611 ἀμορ-

2001 2628 2119 2696 φίαι
2139 2643 2153 2658 ’
2179 2628 2273 2680 καὶ
2303 2628 2411 2698 γὰρ
2436 2627 2537 2680 οὐκ
2553 2626 2801 2679 ἐπίνοσον
2832 2625 3011 2697 μόνον,
3043 2625 3180 2680 ἀλλὰ
3209 2627 3302 2680 καὶ
3335 2627 3572 2697 αἰσχρὰν

2002 2720 2149 2771 ποιεῖ
2199 2719 2232 2787 η
2283 2717 2462 2788 τρυφὴ
2505 2716 2603 2787 τὴν
2646 2717 2841 2788 καλήν.
2897 2717 3066 2770 Ὅταν
3115 2715 3224 2788 γὰρ
3280 2715 3572 2788 ἐρεύγηται

2004 2808 2242 2877 συνεχῶς
2274 2807 2435 2878 ἀηδῆ,
2471 2807 2566 2860 καὶ
2599 2807 2898 2878 σεσηπότας
2930 2808 3074 2861 οἴνου
3099 2809 3254 2879 πνέῃ,
3285 2811 3381 2861 καὶ
3412 2808 3571 2862 πλέον

1999 2895 2094 2949 τοῦ
2118 2896 2326 2958 δέοντος
2357 2896 2727 2967 ἐρυθαίνηται,
2758 2897 2960 2951 καὶτὸν
2986 2899 3331 2969 προσήκοντα
3355 2900 3572 2968 γυναικὶ

2004 2989 2209 3061 ῥυθμὸν
2237 2987 2544 3060 διαφθείρῃ,
2586 2989 2679 3042 καὶ
2721 2988 2820 3060 τὴν
2862 2989 3159 3060 εὐκοσμίαν
3203 2991 3442 3063 ἀπολέσῃ
3469 2993 3573 3045 πᾶν

2004 3096 2123 3142 σαν,
2170 3080 2265 3131 καὶ
2308 3078 2557 3150 πλαδαρὰ
2593 3079 2692 3149 μὲν
2734 3078 2936 3151 ήσάρξ
2977 3082 3214 3153 γίνηται,
3247 3081 3474 3153 ὕφαιμοι
3515 3082 3573 3136 δὲ

2002 3170 2097 3222 καὶ
2133 3169 2517 3240 διατεταμέναι
2563 3172 2620 3223 αἱ
2659 3170 2996 3242 βλεφαρίδες,
3047 3173 3143 3227 καὶ
3190 3173 3364 3244 πάχος
3412 3174 3572 3227 πλέον

2002 3260 2095 3316 τοῦ
2157 3260 2390 3326 δέοντος,
2447 3261 2544 3314 καὶ
2600 3261 2939 3330 πολυσαρκία
2996 3265 3256 3334 περιττὴο
3319 3263 3572 3334 ἐννόησον

2003 3354 2142 3423 πόση
2180 3352 2388 3421 γίνεται
2429 3351 2676 3406 ἐντεῦθεν
2722 3353 2904 3424 ἀηδία.
2962 3353 3103 3422 Ἐγὼ
3133 3354 3191 3406 δὲ
3237 3354 3330 3407 καὶ
3377 3353 3574 3423 ἰατρῶν

2001 3446 2211 3515 ῆκουσα
2235 3445 2521 3514 λεγόντων,
2550 3445 2631 3498 ὅτι
2661 3444 2888 3507 πολλοὺς
2911 3444 3003 3498 καὶ
3029 3445 3162 3514 πρὸς
3186 3444 3317 3514 ὕψος
3343 3445 3574 3516 ἀναδρα-

2007 3537 2125 3605 μεῖν
2157 3537 2189 3606 ή
2218 3534 2401 3606 τρυφὴ
2442 3535 2678 3605 μάλιστα
2705 3533 2964 3588 ἐκώλυσε.
3001 3533 3108 3586 Τοῦ
3136 3533 3243 3602 γὰρ
3268 3533 3572 3603 πνεύματος

2003 3626 2404 3694 ἐγκοπτομένου
2451 3624 2528 3694 τῷ
2575 3623 2768 3694 πλήθει
2807 3623 2912 3677 τῶν
2960 3623 3439 3694 καταϐαλλομένων
3477 3623 3570 3676 καὶ

2003 3717 2132 3788 περὶ
2166 3716 2263 3788 τὴν
2304 3716 2508 3770 τούτων
2547 3716 2810 3787 ἐργασίαν
2859 3716 3284 3787 ἀσχολουμένου,
3327 3717 3460 3786 ὅπερ
3492 3716 3570 3778 είς

2004 3806 2231 3876 αῦξησιν
2277 3807 2385 3860 ἔδει
2432 3808 2758 3878 προχωρεῖν,
2807 3807 2965 3860 τοῦτο
2999 3807 3302 3862 δαπανᾶται
3350 3809 3432 3869 είς
3476 3805 3574 3875 τὴν

2002 3897 2112 3950 τῶν
2162 3896 2429 3967 περιττῶν
2478 3897 2756 3968 ἐργασίαν.
2791 3897 2856 3950 Τί
2888 3898 2952 3959 ἄν
2974 3916 3058 3962 τις
3097 3899 3238 3952 εἴποι
3265 3898 3363 3961 τὰς
3383 3897 3575 3951 ποδαλο

2004 3988 2150 4057 γίας,
2187 3988 2249 4042 τὸ
2282 3989 2458 4060 ῥεῦμα
2491 3990 2553 4042 τὸ
2578 3988 2854 4060 πανταχοῦ
2882 3989 3251 4060 πλανώμενον,
3278 3989 3377 4045 τὰς
3409 3989 3576 4054 ἄλλας

2005 4082 2192 4145 νόσους
2227 4082 2324 4143 τάς
2362 4080 2631 4145 ἐντεῦθεν,
2677 4083 2774 4152 τὴν
2818 4080 3103 4152 βδελυρίαν
3131 4083 3377 4149 ἆπασαν;
3411 4082 3576 4135 Οὐδὲν

2004 4172 2114 4245 γὰρ
2157 4173 2330 4236 οῦτως
2384 4173 2569 4244 ἀηδὲς,
2611 4173 2687 4236 ὼς
2731 4174 2868 4243 γυνὴ
2917 4173 3087 4227 πολλὰ
3117 4174 3430 4244 σιτουμένη.
3477 4175 3574 4227 Διά

2003 4263 2162 4317 τοῦτο
2205 4265 2261 4318 ἐν
2307 4267 2427 4328 ταῖς
2481 4265 2804 4334 πενομέναις
2849 4264 3068 4318 πλείονα
3113 4265 3212 4336 τὴν
3268 4265 3570 4337 εὐμορφίαν

2007 4356 2106 4408 ίδοι
2144 4373 2228 4419 τις
2273 4355 2360 4420 ἂν,
2395 4355 2503 4409 τῶν
2550 4355 2976 4426 περιττωμάτων
3008 4355 3442 4427 ἀναλισκομένων
3476 4357 3571 4409 καὶ

2005 4445 2126 4515 οὐχὶ
2155 4445 2700 4516 προσπεπλασμένων
2721 4447 2932 4511 αὐταῖς,
2963 4446 3134 4518 πηλοῦ
3155 4465 3296 4512 τινος
3321 4447 3572 4518 περιττοῦ

2005 4536 2180 4606 δίκην,
2203 4537 2327 4607 εἰκῆ
2351 4537 2445 4590 καὶ
2479 4537 2677 4608 μάτην.
2712 4537 2775 4589 Ἦ
2804 4537 2911 4610 γὰρ
2935 4538 3274 4610 καθημερινῇ
3299 4539 3576 4609 γυμνασία

2005 4625 2102 4686 καὶ
2145 4627 2194 4678 οἱ
2239 4626 2390 4680 πόνοι
2418 4628 2513 4680 καὶ
2554 4630 2610 4680 αί
2653 4629 3022 4699 ταλαιπωρίαι
3066 4631 3159 4683 καὶ
3195 4632 3227 4699 ἡ
3263 4629 3576 4700 σύμμετρος

2006 4716 2252 4789 τράπεζα
2291 4718 2383 4772 καὶ
2422 4719 2457 4790 ἡ
2495 4719 2614 4790 λιτὴ
2651 4720 2832 4774 δίαιτα
2875 4721 3074 4792 πολλὴν
3108 4722 3206 4791 μὲν
3247 4721 3437 4784 αὐταῖς
3473 4722 3574 4792 τὴν

2007 4808 2239 4874 εὐεξίαν,
2267 4809 2464 4882 πολλὴν
2490 4810 2546 4863 δὲ
2588 4811 2840 4866 ἐντεῦθεν
2866 4815 2961 4867 καὶ
2990 4814 3090 4884 τὴν
3124 4813 3273 4882 ῶραν
3304 4813 3575 4885 παρέχου-

2008 4919 2112 4966 σιν,
2140 4901 2204 4956 Εἰ
2237 4901 2294 4955 δέ
2323 4900 2421 4972 τὴν
2453 4901 2644 4973 ἡδονὴν
2673 4903 2772 4972 τῆς
2800 4905 3013 4975 τρυφῆς
3039 4903 3242 4973 λέγοις,
3285 4903 3445 4975 μέχρι
3475 4906 3573 4973 τῆς

2007 4993 2286 5065 φάρυγγος
2324 4993 2494 5064 αὐτὴν
2525 4993 2780 5063 εὑρήσεις
2816 4995 2996 5064 μόνον.
3044 4995 3209 5065 Ὁμοῦ
3238 5012 3296 5048 τε
3340 5011 3448 5064 γαρ
3473 4995 3574 5064 τὴν

2006 5085 2255 5156 γλῶτταν
2283 5085 2528 5157 παρῆλθε
2553 5086 2645 5138 καὶ
2667 5085 2912 5156 ἀπέπτη,
2942 5085 3143 5149 πολλὰς
3167 5088 3448 5156 ἐναφιεῖσα
3478 5086 3577 5149 τὰς

2008 5177 2219 5246 ἀηδίας.
2255 5177 2346 5245 Μὴ
2376 5177 2483 5246 γάρ
2510 5191 2601 5246 μοι
2642 5177 3072 5244 κατακειμένους
3101 5177 3262 5247 μόνον
3290 5179 3414 5242 τούς
3442 5193 3577 5246 τρυ-

2011 5270 2227 5340 φῶντας
2265 5268 2397 5339 ἴδῃς,
2421 5268 2533 5320 ἀλλ’
2558 5269 2690 5321 ὅταν
2710 5269 2906 5332 αὐτοὺς
2932 5269 3266 5332 ἀναστάντας
3293 5268 3428 5340 ἴδῃς,
3453 5269 3573 5320 τότε

2011 5360 2512 5433 παρακολούθησον,
2549 5362 2641 5413 καὶ
2674 5359 2796 5428 ὄψει
2828 5359 3032 5431 θηρίων
3087 5360 3287 5430 μᾶλλον
3335 5360 3426 5412 καὶ
3453 5358 3577 5412 ἀλόα-

2009 5471 2143 5522 γων,
2206 5453 2239 5522 ἢ
2301 5452 2604 5522 ἀνθρώπων
2659 5453 2908 5522 σώματα.
2970 5453 3131 5522 Ὄψει
3180 5453 3289 5524 γὰρ
3336 5452 3579 5524 καρηϐα-

346 5537 442 5590 τοῦ
470 5539 735 5607 διαϐόλου,
782 5543 896 5596 ἀλλ’
943 5546 978 5615 η
1010 5545 1187 5615 τρυφὴ
1224 5545 1379 5616 μόνη.
1421 5546 1519 5600 Διά
1565 5548 1674 5619 γὰρ
1709 5551 1914 5620 ταύτης
1991 5544 2262 5614 ἀροῦντας,
2291 5543 2744 5612 διατεινομένους,
2781 5542 3212 5610 συνδεδεμένους,
3249 5541 3436 5610 κλίνης
3461 5539 3579 5591 δεο-

349 5627 417 5681 τά
452 5631 616 5700 μυρία
667 5635 696 5684 6
739 5634 971 5705 πονηρὸς
1022 5638 1230 5704 δαίμων
1277 5640 1486 5701 ἐκεῖνος
1531 5639 1684 5693 ἀνύει
1731 5643 1909 5696 κακά’

2016 5634 2207 5702 μένους
2239 5633 2328 5685 καὶ
2362 5633 2649 5703 στρωμνῆς
2693 5631 2789 5686 καὶ
2817 5631 3044 5702 ἡσυχίας
3070 5629 3290 5699 πολλῆς,
3321 5629 3413 5681 καὶ
3444 5625 3578 5680 καθ-

349 5719 490 5776 οῦτω
537 5721 706 5793 δῆμον
757 5723 1046 5796 ὁλόκληρον
1079 5728 1521 5800 ἐξετραχήλισεν·
1584 5730 1919 5802 Ἐλιπάνθη
2016 5729 2158 5801 άπερ
2206 5729 2262 5781 ἐν
2307 5725 2583 5810 κλυδωνίῳ
2644 5725 2822 5796 πολλῷ
2857 5726 3312 5797 ταραττομένους,
3341 5721 3572 5778 καὶτῶν
