2061 3113
293 161 347 192 365

293 222 416 247 mentum
428 216 503 245 tinea
512 221 539 244 et
551 214 650 243 vermis
662 233 670 247 ,
693 212 729 241 ita
743 212 855 239 istorum
876 210 979 237 animas
992 207 1082 235 exedit

291 263 438 292 crudelitas
451 266 481 290 et
495 260 683 289 inhumanitas.
705 258 807 286 Horum
821 261 910 285 autem
924 262 1004 283 causa
1018 257 1060 281 est
1071 273 1080 286 ,

292 308 364 344 quod
378 308 433 336 sint
444 307 518 335 affixi
533 304 721 342 prasentibus,
732 308 760 331 et
772 303 805 330 ad
819 302 900 330 vitam
913 301 999 329 solum
1013 307 1083 335 pra:-

291 359 397 383 scntem
414 353 536 381 inhient:
548 351 620 380 unde
638 351 720 379 etiam
741 349 771 377 ﬁt
785 353 815 376 ut
828 347 929 384 ingenti
943 347 1014 382 pleni
1027 345 1082 373 sint

290 400 375 428 animi
389 389 558 434 agritndiue.
572 397 638 425 Nam
654 396 761 425 etiamsi
773 395 879 431 quidvis
896 393 1043 430 jucundum
1055 397 1083 420 et

291 454 375 480 suave
387 445 487 473 dixeris
498 465 505 476 ,
520 444 553 472 ad
566 443 655 471 omnia
668 442 782 470 delenda
795 441 894 469 sufﬁcit
908 444 995 469 metus
1008 447 1081 467 mor-

292 492 350 519 tis:
365 491 410 526 qui
429 495 520 519 autem
541 493 584 518 est
604 488 771 524 huiusmodi,
793 492 834 515 est
854 490 976 514 mortuus
994 485 1082 513 adhuc

292 538 394 565 vivens.
410 537 443 564 Et
462 536 533 572 quod
557 535 710 563 inﬁdelibus
732 534 840 570 quidem
863 534 920 561 haec
938 532 1080 565 accidant,

292 592 346 610 non
367 588 408 610 est
428 583 524 609 mirum
539 591 545 609 :
560 581 667 616 quando
689 585 778 607 autem
798 580 826 611 ii,
848 580 892 614 qui
916 584 954 606 tot
969 583 993 605 et
1009 581 1080 605 tanta

293 633 471 664 perceperunt
491 628 617 663 mysteria
641 632 667 655 et
692 627 726 654 de
746 626 841 654 futuris
856 631 908 652 tant
923 624 1005 651 multa
1019 628 1081 652 sunt

292 675 486 711 philosophati,
501 674 581 701 rebus
595 674 769 708 prmscntibus
781 672 878 699 addicti
895 672 919 698 in
934 672 972 698 eis
985 671 1080 698 luben-

293 727 333 748 ter
354 725 512 751 versentur.
526 727 640 754 quanam
664 719 761 746 fuerint
775 718 847 752 digni
861 717 960 745 venia?
980 717 1030 750 Qui
1052 716 1081 743 ﬁt

292 771 393 796 autem.
409 765 480 800 quod
496 766 621 792 lubenter
635 770 775 792 versentur
790 764 816 790 in
833 762 1026 798 prmseutibus?
1041 762 1078 789 Ex

291 819 324 839 eo
336 811 406 846 quod
418 811 572 838 incumbant
582 810 694 842 deliciis,
705 818 810 837 carnem
823 810 953 845 sagineut,
962 809 1077 836 animam

292 858 415 892 frangant
427 865 458 884 ac
472 857 603 888 molliant,
619 861 646 883 et
658 864 739 891 grave
751 864 818 883 onus
832 855 954 887 reddant,
969 855 1078 881 multas-

291 911 342 937 que
359 903 483 930 tenebras
496 907 523 930 et
537 910 658 930 crassum
680 902 767 929 velum
788 902 944 929 obtendant.
964 900 1030 928 Nam
1051 900 1078 928 in

291 948 396 976 deliciis
411 948 517 983 quidem
532 947 570 979 id,
583 947 653 982 quod
665 952 706 975 est
719 947 825 979 melius,
840 947 969 981 redigitur
981 946 1005 973 in
1019 954 1079 973 ser—

290 994 420 1026 vitutem;
436 993 506 1027 quod
520 997 561 1020 est
574 997 663 1020 autem
678 993 763 1027 pejus,
776 992 939 1019 dominatum
955 992 1080 1018 obtinet:

291 1043 318 1065 ct
339 1038 402 1065 illud
422 1038 529 1073 quidem
546 1038 663 1073 undique
676 1041 838 1070 excmcatur,
855 1045 1032 1072 mancnmque
1047 1044 1079 1064 ac

292 1084 411 1111 mutilum
426 1083 553 1116 trahitur;
564 1083 615 1110 hoc
629 1088 717 1110 autem
732 1084 757 1110 in
772 1091 867 1110 omnes
879 1087 970 1119 partes
984 1083 1037 1117 agit
1052 1088 1079 1110 et

293 1130 456 1164 circumagit,
467 1137 527 1156 cum
538 1129 650 1156 deberet
662 1136 722 1156 esse
734 1130 759 1156 in
772 1129 831 1156 loco
843 1134 869 1156 et
880 1129 975 1156 ordine
985 1136 1078 1156 eorum

293 1183 354 1210 quae
366 1179 485 1209 aguntur.
497 1174 623 1202 Estenim
635 1182 758 1209 magnum
767 1175 862 1201 anima:
873 1175 1006 1201 vinculum
1019 1182 1078 1201 cum

291 1229 415 1256 corpore,
428 1221 507 1256 idque
518 1221 635 1256 providit
647 1226 673 1249 et
687 1221 836 1256 procurarit
848 1221 952 1255 Opifcx,
965 1228 998 1248 ne
1010 1226 1079 1248 tam-

291 1275 370 1302 quam
385 1267 502 1294 alienum
519 1267 543 1294 id
557 1267 648 1294 odisse
660 1267 741 1302 aliqui
756 1267 957 1301 persuaderent.

324 1313 351 1340 9.
367 1313 432 1340 Nam
446 1313 515 1340 Deus
529 1313 636 1348 quidem
646 1313 725 1348 jussit
737 1314 847 1348 diligere
862 1314 985 1340 inimicos
999 1321 1006 1340 ε
1023 1313 1080 1340 (lia-

289 1359 365 1386 bolus
377 1364 465 1386 autem
480 1364 581 1386 tantum
595 1360 694 1394 potuit,
719 1365 748 1387 ut
768 1360 932 1394 persuaserit
944 1360 1079 1394 aliquibus

289 1407 369 1433 etiam
385 1412 462 1432 suum
476 1412 573 1439 corpus
588 1405 685 1432 odisse.
699 1405 764 1432 Nam
780 1406 888 1440 quando
900 1405 964 1432 dicit
977 1406 1002 1433 id
1019 1413 1079 1433 esse

289 1450 406 1483 diaboli,
423 1451 488 1478 nihil
504 1451 575 1478 aliud
591 1459 668 1486 quam
684 1451 734 1478 huc
757 1451 872 1485 probat:
888 1451 959 1485 quod
973 1456 1014 1478 est
1028 1458 1078 1478 ex-

289 1497 367 1526 tremi
381 1496 479 1523 delirii.
494 1496 521 1524 Si
536 1498 607 1524 enim
621 1502 660 1524 est
672 1497 786 1529 diaboli,
799 1497 858 1531 quis
873 1501 914 1524 est
925 1496 1077 1531 huiusmodi

290 1549 437 1571 consensus
451 1546 479 1569 et
491 1542 633 1569 concordia
643 1563 650 1574 ,
665 1547 694 1569 ut
712 1542 737 1569 id
753 1542 847 1569 reddat
862 1542 935 1569 omni
957 1550 988 1570 ex
1003 1545 1079 1576 parte

290 1593 381 1624 aptum
403 1588 437 1615 ad
461 1588 632 1622 operationes
656 1588 767 1620 animat,
784 1596 843 1623 qua:
859 1593 965 1616 tenetur
986 1588 1076 1615 studio

291 1635 486 1670 philosophias?
505 1636 540 1662 At
563 1635 585 1662 si
609 1638 665 1666 est,
691 1634 789 1669 inquit,
815 1640 921 1669 aptum,
945 1635 1080 1669 quomodo

290 1681 363 1708 illam
374 1680 511 1708 exciecat?
522 1680 578 1707 Non
587 1685 627 1707 est
638 1687 735 1714 corpus
745 1680 815 1714 quod
824 1685 941 1708 excmcat
949 1680 1078 1714 animam,

291 1727 379 1760 absit,
392 1727 439 1754 sed
454 1726 567 1754 deliciae.
587 1726 702 1752 Delicias
723 1731 811 1753 autem
827 1726 961 1753 undenam
977 1727 1080 1762 appeti-

291 1772 369 1799 mus?
392 1771 450 1799 Non
466 1772 559 1805 utique
573 1779 607 1798 ex
631 1779 679 1804 eo.
703 1771 773 1806 quod
797 1779 894 1806 corpus
917 1771 1078 1805 habeamus,

291 1816 337 1844 sed
353 1825 385 1844 ex
400 1823 483 1851 prava
505 1816 582 1843 liberi
605 1816 707 1843 arbitrii
731 1816 873 1843 electione.
888 1817 992 1851 Corpus
1007 1817 1077 1843 enim

291 1866 351 1897 eget
364 1861 492 1888 alimento
503 1882 510 1894 ,
534 1869 586 1887 non
613 1861 730 1894 deliciis;
756 1869 853 1896 corpus
868 1869 936 1896 opus
952 1862 1032 1890 habet
1050 1867 1079 1890 ut

291 1907 394 1939 alatur,
409 1914 463 1934 non
482 1912 511 1934 ut
534 1906 696 1941 infringatur
710 1911 736 1934 et
756 1907 868 1934 difﬂuat.
892 1907 984 1942 Neque
1007 1908 1078 1935 enim

291 1953 386 1980 anima:
400 1956 503 1979 tantum
514 1972 522 1984 ,
543 1952 589 1980 sed
604 1952 684 1980 etiam
706 1952 754 1987 ipsi
769 1953 874 1987 corpori
890 1953 961 1987 quod
976 1953 1056 1980 alitur
1070 1973 1077 1986 ,

293 1998 382 2026 hostes
396 2002 459 2025 sunt
471 1997 585 2025 delicizc.
593 1997 658 2024 Nam
672 2005 721 2032 pro
735 1997 845 2024 robusto
861 1997 890 2023 ﬁt
903 1997 1074 2031 imbecillius,

294 2052 342 2078 pro
356 2044 433 2071 ﬁrmo
448 2043 571 2076 mollius,
593 2050 643 2077 pro
657 2042 757 2070 salubri
774 2043 996 2070 valetudinarium
1006 2064 1014 2077 ,
1032 2051 1079 2078 pro

295 2089 346 2117 levi
358 2089 474 2124 gravius,
486 2097 534 2125 pro
545 2089 630 2116 denso
644 2089 740 2122 rarius,
754 2093 781 2116 et
793 2093 870 2123 turpe
883 2097 932 2124 pro
946 2090 1078 2124 formoso,

294 2141 321 2164 et
333 2144 382 2171 pro
396 2136 462 2165 bene
481 2137 571 2164 olente
595 2135 673 2171 pejus
695 2136 772 2163 olens
785 2143 818 2163 ac
832 2136 971 2169 foetidum,
985 2141 1012 2163 et
1032 2143 1080 2171 pro

294 2183 392 2210 mundo
405 2183 571 2210 immundum
582 2203 590 2215 ,
604 2187 632 2211 et
643 2183 737 2211 dolore
749 2183 877 2218 agitatum
890 2190 938 2218 pro
949 2184 1062 2211 remisso
1071 2204 1079 2216 .

293 2228 387 2256 inutile
402 2236 452 2263 pro
463 2229 539 2262 utili,
556 2234 632 2256 vetus
644 2236 692 2264 pro
707 2236 777 2256 novo
788 2250 795 2262 ,
811 2229 947 2264 putridnm
961 2237 1010 2264 pro
1025 2229 1080 2256 for-

295 2275 332 2307 ti,
349 2274 507 2309 tardumque
519 2280 546 2302 et
562 2275 643 2302 hebes
669 2283 717 2310 pro
731 2275 813 2303 celeri
827 2296 835 2308 ,
850 2281 877 2303 et
891 2276 1017 2303 claudum
1033 2283 1081 2310 pro

293 2323 367 2347 recto
378 2324 406 2347 et
420 2319 536 2354 integro.
551 2320 630 2355 Atqui
645 2321 667 2347 si
678 2325 750 2348 esset
765 2320 881 2355 diaboli,
898 2329 951 2349 non
972 2327 1080 2358 oporte-

293 2369 335 2392 ret
353 2365 441 2399 ipsum
456 2365 490 2391 ab
504 2372 536 2392 eo
560 2365 637 2398 lardi,
655 2374 668 2392 a
687 2366 753 2392 vitio
777 2366 894 2401 inquam.
918 2366 971 2394 Sed
995 2375 1082 2402 neque

293 2417 408 2444 corpus,
424 2416 510 2444 neque
531 2410 583 2437 cibi
607 2415 669 2438 sunt.
683 2411 799 2444 diaboli,
815 2411 863 2439 sed
878 2411 943 2439 sola:
967 2412 1081 2440 delicim.‘

293 2454 360 2481 Nam
376 2462 423 2488 per
437 2462 483 2481 eas
505 2455 650 2482 sceleratus
664 2455 708 2482 ille
730 2455 834 2483 daemon
850 2457 919 2483 mala
943 2457 1027 2485 efﬁcit
1042 2458 1083 2484 in-

294 2499 467 2526 numerabilia
485 2507 492 2525 :
517 2500 557 2526 sic
582 2500 708 2534 populum
725 2501 857 2535 integrum
874 2509 980 2536 pessum
997 2502 1081 2530 dedit.

294 2543 472 2579 fmpinguntus
486 2549 522 2571 est
534 2545 616 2577 enim,
628 2545 730 2580 inquit,
744 2551 767 2573 et
796 2547 927 2579 dilatatus,
939 2553 963 2575 et
975 2549 1082 2575 recalci-

295 2590 369 2617 travit
380 2590 486 2617 dilectus
500 2590 590 2626 (Deut.
602 2591 647 2618 52.
662 2592 718 2626 15).
731 2591 816 2619 Porro
831 2593 893 2620 hinc
908 2602 1014 2629 quoque
1033 2595 1083 2622 So-

295 2635 382 2663 domis
398 2635 446 2663 fuit
466 2636 574 2664 illorum
589 2636 727 2664 fulminum
752 2638 866 2665 initimn.
883 2640 958 2672 Quod
974 2641 1082 2675 quidem

295 2681 449 2716 signiﬁcans
489 2682 611 2710 Ezechiel
627 2682 749 2710 dicebat:
765 2683 818 2711 Sed
833 2684 886 2712 Iuvc
900 2686 1019 2720 iniquitas
1033 2687 1083 2714 So-

296 2729 429 2754 domorum
441 2735 451 2754 :
472 2728 499 2754 in
519 2728 651 2763 superbia,
666 2733 689 2755 et
703 2729 730 2756 in
743 2729 901 2757 abundantia
915 2733 988 2765 panis
1000 2753 1006 2763 ,
1021 2738 1043 2758 et
1057 2733 1084 2759 in

296 2772 370 2799 rebus
389 2773 507 2800 secundis
519 2782 546 2801 se
559 2774 691 2809 cupiebant
711 2774 809 2802 deliciis
829 2775 942 2811 (liceo/1.
958 2778 1000 2804 l6.
1017 2778 1050 2805 48
1063 2779 1082 2812 ).

334 2817 438 2851 Quanta
449 2820 518 2847 mala
532 2828 564 2847 ea:
580 2821 641 2855 gula
653 2821 965 2857 oriantur.-—Proptcrca
987 2824 1083 2852 Paulus

297 2871 404 2899 quoque
425 2865 552 2894 dicebat:
576 2866 639 2900 Quae
660 2871 748 2895 autent
770 2869 795 2896 in
819 2868 914 2896 deliciis
928 2870 1016 2905 drgit,
1043 2871 1078 2899 vi-

789 153 822 182 IN
840 151 949 181 EPIST.
967 151 979 178 ι
1010 149 1056 178 AD
1074 147 1152 178 COR.
1174 148 1287 177 llOMlL.
1310 148 1428 177 XXXIX.

1874 149 1926 177 516
1937 149 1941 153 ’

1136 213 1196 233 oens
1218 212 1255 234 est
1275 213 1374 235 mortua
1392 208 1438 242 (l.
1459 207 1528 235 Tim.
1548 208 1575 236 5.
1595 208 1642 243 6).
1671 209 1777 242 Quare?
1791 210 1924 243 Quoniam

1135 253 1290 281 circumfert
1312 261 1412 289 corpus
1438 259 1572 290 tamquam
1594 255 1758 290 sepulcrum,
1772 256 1925 291 colligatum

1135 298 1213 325 malis
1227 298 1477 327 innumerabilibus.
1497 300 1526 327 Si
1549 305 1640 328 autem
1664 308 1763 335 corpus
1780 301 1818 328 ita
1838 302 1925 335 perit,

1135 345 1271 378 quomodo
1284 344 1419 373 afﬁcietur
1431 345 1520 373 a‘nimn
1531 366 1538 378 ,
1554 350 1655 380 quanto
1667 346 1783 374 tumultu
1792 366 1802 379 ,
1818 347 1937 381 quantis

1135 389 1261 417 ﬂuctibus
1271 410 1279 423 ,
1295 395 1394 425 quanta
1408 395 1568 425 tempestate
1582 392 1634 418 erit
1648 392 1766 419 referta?
1780 392 1924 427 Propterea

1136 436 1244 471 quidem
1257 441 1330 464 certe
1340 436 1373 464 ad
1388 437 1477 464 omnia
1488 437 1523 464 sit
1537 437 1649 467 inutilis.
1660 442 1687 464 et
1702 444 1752 464 nec
1764 437 1867 470 dicere,
1875 445 1925 464 inec

1135 482 1240 516 audire,
1253 490 1341 518 neque
1350 484 1505 511 consultare
1523 491 1610 518 neque
1622 484 1723 519 aliquid
1736 491 1816 519 agere
1827 492 1922 512 eorum

1135 536 1194 563 quae
1208 528 1286 556 decet
1308 528 1386 557 facile
1410 529 1525 564 poterit:
1541 528 1589 557 sed
1609 530 1680 557 sicut
1698 530 1879 565 gubernatur,
1897 530 1923 557 si

1136 578 1281 609 tempestas
1294 574 1390 602 vicerit
1401 580 1485 602 artem
1498 595 1505 607 ,
1521 583 1581 602 cum
1599 575 1656 609 ipsa
1670 583 1737 603 nave
1758 580 1784 602 et
1807 576 1923 602 vectori-

1134 620 1184 648 bus
1199 621 1396 655 submergitur:
1412 621 1447 648 ita
1461 622 1544 648 etiam
1559 622 1647 648 anima
1662 629 1722 648 cum
1743 629 1856 656 corpore
1870 622 1919 649 de-

1134 667 1265 702 mergitur
1286 668 1312 694 in
1336 675 1443 702 gravem
1470 668 1597 703 abyssum
1620 668 1842 695 insensibilitatis.
1856 668 1922 695 Nam

1134 713 1203 739 sicut
1216 712 1358 747 quamdam
1373 714 1472 740 molam
1489 714 1558 741 Deus
1579 714 1658 741 nobis
1681 719 1802 741 ventrem
1817 714 1920 746 indidit,

1133 759 1193 786 data
1208 760 1367 794 congruenti
1381 763 1409 787 ct
1422 756 1559 787 moderata
1576 760 1711 793 facultate,
1727 766 1754 788 et
1769 766 1842 788 certa
1855 768 1922 788 con-

1133 805 1223 831 stituta
1244 812 1370 832 mensura
1381 825 1388 838 ,
1405 813 1484 840 quam
1501 806 1587 840 ipsum
1611 811 1717 841 oportet
1731 807 1849 841 quotidie
1866 814 1923 833 mo-

1132 850 1198 878 lere.
1212 850 1240 877 Si
1253 851 1312 885 quis
1325 858 1389 885 crgo
1404 851 1479 885 plura
1493 852 1604 886 injiciat,
1618 860 1647 880 ea
1662 860 1715 880 non
1728 852 1850 880 confecta
1864 853 1924 879 uni.

1132 903 1210 923 verso
1225 896 1334 923 exitium
1349 896 1474 924 afferunt.
1498 897 1566 925 llinc
1580 899 1667 926 morbi
1683 904 1710 926 et
1727 899 1923 927 imbecillitates

1132 946 1160 968 et
1174 941 1358 969 deformitates
1371 951 1379 969 :
1395 950 1448 969 nou
1465 944 1537 970 enim
1552 944 1637 972 solum
1653 945 1818 978 morbidum,
1833 946 1879 973 scd
1895 951 1924 973 et

1132 993 1236 1024 turpem
1251 988 1352 1016 faciunt
1364 989 1466 1017 delicia:
1480 997 1538 1017 eam
1554 998 1614 1026 qua:
1628 992 1737 1025 pulchra
1750 996 1818 1020 erat.
1833 992 1923 1026 Quan-

1131 1034 1167 1062 do
1189 1035 1260 1063 enim
1275 1035 1417 1070 injucunda
1434 1036 1540 1063 assidue
1556 1041 1673 1068 eructat,
1688 1042 1715 1064 et
1731 1038 1864 1072 putridum
1879 1037 1920 1064 vi-

1132 1086 1195 1107 num
1209 1081 1311 1115 spirat,
1327 1085 1354 1108 et
1373 1081 1432 1115 plus
1445 1088 1523 1116 quam
1545 1090 1594 1116 par
1614 1082 1649 1109 sit
1668 1082 1799 1116 rubescit,
1814 1088 1842 1110 et
1856 1090 1920 1110 eum

1132 1126 1177 1160 qni
1192 1126 1297 1153 mulieri
1312 1127 1436 1154 convenit
1451 1132 1573 1154 ornatum
1586 1129 1744 1163 corrumpit,
1760 1136 1922 1164 omnemque

1132 1171 1219 1206 perdit
1234 1172 1358 1199 decorem
1379 1177 1406 1199 et
1430 1172 1616 1205 honestatem;
1642 1178 1668 1201 et
1694 1174 1801 1201 ﬂaccida
1814 1174 1920 1208 quidem

1133 1216 1161 1242 fit
1176 1223 1255 1247 caro,
1275 1217 1419 1251 sanguinea
1439 1222 1528 1244 autem
1547 1223 1574 1245 ct
1595 1218 1698 1245 intensa
1715 1219 1858 1252 supercilia
1871 1239 1878 1251 ,
1895 1224 1922 1246 et

1133 1262 1218 1296 major
1232 1270 1310 1297 quam
1324 1270 1371 1297 par
1386 1265 1421 1290 sit
1435 1264 1594 1298 crassitudo,
1604 1269 1631 1292 et
1645 1272 1842 1300 supervacanea
1858 1274 1918 1293 car-

1133 1306 1175 1335 nis
1187 1310 1368 1336 cxcreseeutia
1379 1318 1385 1335 :
1397 1309 1483 1344 cogita
1496 1315 1594 1344 quanta
1607 1311 1669 1338 hinc
1684 1311 1719 1338 sit
1732 1311 1880 1339 insuavitas
1893 1316 1921 1339 et

1132 1355 1263 1383 molestia.
1286 1356 1381 1383 Audivi
1405 1364 1511 1391 quoque
1535 1357 1653 1384 medicos
1673 1358 1809 1390 dicentes,
1830 1358 1921 1384 multis

1132 1400 1322 1435 impedimento
1335 1400 1418 1428 fuisse
1431 1401 1541 1429 delicias
1555 1410 1588 1429 ne
1604 1403 1757 1436 proceriore
1767 1407 1857 1429 essent
1867 1407 1921 1429 sta-

1132 1451 1200 1473 tura.
1218 1445 1284 1473 Nam
1295 1454 1356 1474 cum
1368 1446 1544 1474 intersecetur
1558 1447 1667 1481 spiritus
1689 1448 1857 1478 multitudine
1872 1456 1920 1476 eo-

1131 1499 1190 1518 rum
1212 1499 1271 1526 qua:
1286 1492 1455 1526 dejicnmtur,
1472 1498 1499 1520 et
1513 1498 1657 1528 occupetur
1672 1494 1698 1521 in
1720 1494 1752 1521 iis
1770 1494 1916 1522 conﬁcien-

1131 1537 1189 1570 dis,
1204 1537 1275 1572 quod
1291 1538 1432 1572 oportebat
1454 1538 1487 1565 ad
1512 1544 1684 1573 augmentum
1712 1539 1878 1575 procedere,
1894 1539 1921 1567 id

1131 1582 1158 1610 in
1174 1584 1430 1618 supervacaneorum
1445 1584 1587 1611 insumitur
1599 1585 1778 1612 confectione.
1793 1585 1861 1618 Quid
1876 1585 1919 1612 dio

1131 1630 1203 1657 xeris
1218 1629 1252 1657 de
1267 1630 1363 1664 pedum
1378 1630 1515 1658 doloribus
1526 1651 1533 1663 ,
1550 1631 1584 1658 de
1606 1631 1744 1658 rheumate
1759 1631 1830 1666 quod
1845 1630 1922 1658 ober-

1131 1681 1172 1704 rat
1187 1677 1212 1703 in
1236 1684 1330 1704 omnes
1353 1682 1457 1712 partes.
1473 1677 1536 1712 quid
1551 1677 1584 1705 de
1606 1676 1665 1705 aliis
1680 1678 1780 1705 morbis
1792 1677 1836 1712 qui
1860 1677 1922 1704 hinc

1131 1726 1254 1753 oriuntur
1265 1747 1272 1759 ,
1287 1730 1313 1753 et
1329 1726 1389 1753 aliis
1402 1726 1605 1754 abominandis?
1623 1726 1693 1754 Nihil
1708 1731 1749 1754 est
1761 1727 1831 1754 enim
1845 1734 1922 1761 mque

1132 1772 1303 1805 injucundum
1319 1776 1346 1799 et
1360 1771 1470 1799 insuave
1484 1777 1513 1799 ut
1526 1772 1622 1799 mulier
1635 1792 1643 1804 ,
1660 1780 1718 1806 qua:
1733 1773 1815 1799 multa
1829 1779 1921 1800 come-

1132 1817 1181 1844 dit.
1199 1810 1343 1852 Propterea
1358 1818 1383 1844 iu
1399 1818 1567 1853 pauperculis
1578 1817 1676 1845 videris
1689 1818 1817 1853 majorem
1830 1818 1922 1846 formze

1132 1862 1357 1898 pulchritudinem
1369 1884 1377 1897 ,
1391 1863 1454 1890 dum
1477 1868 1671 1890 consumuntur
1692 1869 1863 1891 excrementa
1873 1884 1880 1896 ,
1894 1869 1922 1891 et

1132 1916 1185 1934 non
1206 1907 1346 1935 adltmrent
1361 1916 1446 1943 neque
1469 1907 1566 1935 frustra
1581 1908 1744 1942 adjiciuntur
1758 1909 1824 1943 ipsis
1838 1909 1922 1936 instar

1132 1953 1180 1980 luti
1192 1954 1394 1987 supervacanei.
1410 1953 1474 1980 Nam
1491 1953 1646 1988 quotidiana
1659 1955 1815 1981 exercitatio
1828 1975 1835 1987 ,
1847 1954 1921 1981 labo-

1132 2007 1187 2032 res,
1201 1999 1361 2026 afﬂictiones
1371 2020 1379 2031 ,
1396 2007 1487 2026 mensa
1503 1999 1638 2027 moderata
1655 2004 1682 2026 ct
1701 2000 1787 2027 tenuis
1800 2000 1860 2027 vitm
1875 2008 1919 2027 ra-

1133 2047 1181 2079 tio,
1197 2046 1310 2073 multam
1321 2046 1359 2074 eis
1373 2047 1493 2081 prmbeut
1508 2046 1603 2083 lponaiu
1616 2046 1807 2079 habitudinem,
1822 2051 1849 2074 ct
1860 2046 1923 2075 hinc

1131 2099 1239 2127 quoque
1254 2100 1377 2127 magnam
1392 2091 1628 2128 pulchritudinem.
1644 2092 1672 2120 Si
1686 2097 1776 2120 autem
1791 2093 1923 2120 obtendas

1132 2138 1289 2165 deliciarum
1301 2138 1476 2172 voluptatem,
1490 2146 1550 2165 eam
1564 2138 1682 2166 invenies
1693 2138 1781 2165 solum
1794 2145 1879 2172 usque
1889 2137 1921 2165 ad

1132 2183 1220 2218 gulam
1235 2193 1241 2211 :
1256 2191 1317 2211 nam
1338 2185 1417 2211 simul
1430 2188 1509 2219 atque
1524 2184 1640 2218 linguam
1656 2184 1800 2219 praeteriit.
1817 2185 1920 2218 avolat,

1133 2230 1231 2258 multas
1247 2230 1394 2258 immittens
1408 2230 1554 2257 molestias.
1568 2229 1606 2257 Ne
1617 2230 1681 2257 mihi
1695 2231 1765 2258 cnim
1781 2230 1867 2258 solum
1879 2237 1923 2257 ac-

1133 2277 1292 2305 cumbentes
1301 2276 1391 2303 videas
1403 2284 1450 2304 cos
1459 2277 1503 2311 qui
1514 2277 1605 2303 vivunt
1616 2276 1642 2303 in
1653 2276 1767 2308 deliciis,
1781 2277 1827 2304 sed
1839 2284 1922 2311 quan-

1133 2323 1168 2350 do
1184 2323 1280 2349 videris
1302 2330 1348 2350 eos
1370 2323 1537 2354 surrexisse.
1555 2326 1616 2349 tunc
1637 2329 1766 2357 sequere.
1780 2327 1806 2349 et
1820 2321 1923 2349 videbis

1133 2368 1217 2404 magis
1232 2376 1294 2396 csse
1310 2368 1424 2395 ferarum
1437 2372 1464 2396 et
1476 2368 1615 2395 brutorum
1627 2375 1738 2403 corpora
1748 2388 1756 2401 ,
1777 2375 1856 2402 quam
1872 2367 1922 2394 ho-

1134 2415 1247 2442 minum.
1259 2413 1370 2442 Videbis
1381 2414 1452 2441 cuitu
1463 2414 1549 2449 capite
1560 2418 1695 2449 gravatos,
1708 2413 1921 2448 pandiculantes,

1134 2461 1294 2495 colligatos,
1309 2460 1378 2487 lecto
1400 2467 1468 2494 opus
1482 2459 1629 2493 habentes,
1652 2459 1777 2495 stragulis
1797 2464 1823 2487 et
1839 2460 1922 2486 multa

1134 2507 1223 2542 quiete
1234 2526 1242 2539 ,
1258 2511 1285 2532 et
1299 2510 1434 2540 tamquam
1451 2505 1476 2533 in
1493 2505 1584 2533 multis
1600 2505 1678 2533 undis
1691 2505 1867 2541 fluctibusque
1879 2506 1922 2540 ja-

1134 2556 1221 2579 ctatos
1233 2556 1259 2579 et
1274 2551 1461 2586 perturbatos,
1475 2556 1501 2579 et
1514 2551 1546 2578 iis
1561 2551 1607 2587 qui
1618 2556 1727 2579 servent
1738 2559 1805 2586 opus
1820 2551 1921 2579 haben-

1135 2603 1193 2631 tes,
1208 2597 1400 2632 cupientesque
1417 2597 1442 2624 in
1464 2597 1510 2625 illo
1529 2605 1589 2625 esse
1611 2603 1699 2630 statu,
1723 2598 1748 2625 in
1772 2605 1826 2633 quo
1847 2603 1924 2624 erant

1134 2644 1289 2679 priusquam
1304 2644 1545 2679 disrumpercntur.
1562 2644 1708 2679 Tamquam
1720 2645 1791 2672 enim
1803 2644 1923 2679 gravida:

1135 2690 1278 2723 mulieres,
1294 2691 1328 2718 ita
1339 2692 1441 2726 gravati
1456 2696 1562 2718 ventres
1576 2689 1776 2723 circumferunt,
1789 2693 1816 2717 ct
1825 2690 1868 2717 vix
1883 2690 1923 2717 in-

1135 2736 1308 2770 grediuntur,
1337 2739 1380 2764 vix
1406 2737 1554 2770 aspiciunt,
1570 2737 1614 2763 vix
1641 2737 1799 2770 loquuntur,
1827 2741 1854 2764 et
1876 2737 1923 2763 vix

1136 2783 1236 2809 omnia.
1251 2782 1329 2816 Quod
1343 2782 1365 2809 si
1380 2787 1522 2817 contigerit
1542 2789 1589 2810 eos
1609 2789 1702 2817 parum
1723 2781 1857 2815 dormire,
1874 2782 1921 2809 ab-

1137 2829 1217 2856 surda
1234 2835 1327 2856 rursus
1343 2827 1432 2854 vident
1441 2828 1542 2855 somnia
1552 2848 1559 2861 ,
1573 2833 1600 2855 ct
1613 2828 1710 2855 referta
1721 2828 1784 2856 visis
1798 2828 1922 2856 innume-

1136 2874 1275 2902 rabilibus.
1287 2873 1356 2907 Quid
1370 2879 1462 2901 rursus
1471 2872 1570 2901 dixeris
1582 2873 1615 2902 de
1630 2875 1680 2901 alia
1692 2875 1796 2903 illorum
1808 2875 1920 2906 insania.
