4138 6220
283 246 393 318 557

289 373 358 428 de
386 387 478 440 re,
526 372 774 442 inquam,
818 373 1089 428 venerea?
1137 371 1268 426 Nam
1297 387 1359 426 ea
1403 384 1616 440 quoque
1656 384 1721 423 ex
1768 367 1871 423 hoc

297 464 445 520 fonte
469 473 682 519 manat:
705 472 761 520 et
788 463 925 519 sicut
952 462 1076 533 equi
1106 463 1161 516 in
1192 462 1418 517 feminas
1444 459 1625 516 furore
1650 460 1869 530 perciti,

295 557 368 610 ita
397 555 672 611 ebrietatis
700 563 868 612 (nstro
907 552 1196 619 stimulati,
1227 567 1414 607 omnes
1457 551 1696 607 insiliunt
1717 593 1730 618 ,
1759 560 1872 606 sto-

296 647 455 702 lidius
492 655 548 703 et
596 647 849 702 furiosius
896 659 1055 714 quam
1089 643 1164 698 illi
1211 643 1579 708 exsultantes,
1610 652 1665 698 et
1707 641 1873 696 multa

293 739 397 794 alia
425 739 674 794 indecore
702 737 976 802 facientes,
1000 751 1119 806 qua:
1143 735 1294 791 nefas
1321 735 1537 806 quidem
1566 743 1646 789 est
1673 734 1874 788 dicere.

299 831 482 900 Neque
509 829 652 883 enim
697 828 875 882 sciunt
901 843 963 882 ea
985 869 1000 893 ,
1033 843 1153 898 qua:
1185 828 1463 897 patiuntur
1483 867 1499 892 ,
1545 839 1719 894 neque
1759 839 1879 894 qua:

296 929 484 991 agunt.
510 918 614 975 Sed
644 933 752 974 nou
776 928 860 974 est
898 918 1161 988 ejusmodi
1189 919 1236 973 is
1273 918 1363 992 qui
1395 931 1502 970 non
1535 916 1628 970 dat
1657 929 1878 982 operam

298 1013 538 1076 deliciis;
565 1011 662 1067 sed
699 1011 854 1067 sedet
880 1012 932 1066 in
962 1022 1116 1082 portu
1138 1052 1153 1074 ,
1185 1011 1414 1064 aliorum
1441 1008 1630 1062 videns
1662 1004 1884 1060 naufra-

297 1104 410 1172 gia,
439 1111 494 1158 et
517 1118 646 1174 pura
679 1112 1042 1174 perpetuaque
1067 1103 1261 1158 fruitur
1287 1102 1591 1171 voluptate,
1619 1115 1738 1155 eam
1764 1114 1884 1170 quae

1041 255 1099 316 S.
1126 257 1400 316 JOANNIS
1434 243 1906 312 CilRYSOS'l‘OMl
1944 243 2257 311 A‘RCl-IIEP.
2285 247 2814 314 CONSTANTINOP.

1978 370 2149 426 libero
2176 370 2376 426 homini
2403 371 2654 426 convenit
2681 371 2844 424 vitam
2873 382 3057 439 agens.
3083 366 3211 425 Haec
3231 382 3361 439 ergo
3380 369 3558 425 scien-

1977 472 2094 528 tes,
2123 464 2385 535 fugiamus
2427 464 2566 518 mala
2607 463 2850 518 convivia
2878 460 3190 516 deliciarum
3219 470 3274 516 et
3316 476 3562 520 mensam

1980 566 2260 612 teneamus
2288 564 2546 612 tenuem:
2577 567 2636 611 ut
2673 566 2728 611 et
2753 557 2931 611 anima
2970 565 3026 611 et
3052 570 3279 627 corpore
3317 556 3456 610 bene
3485 554 3565 609 af-

1981 647 2126 714 fecti,
2154 662 2368 702 omnem
2397 662 2686 717 operemur
2712 649 2959 704 virtutem
2977 687 2994 710 ,
3025 655 3081 702 et
3105 647 3244 701 bona
3275 646 3448 700 futura
3478 659 3568 700 as-

1981 752 2303 807 sequamur,
2334 737 2501 808 gratia
2533 746 2588 792 et
2617 737 2944 808 benignitate
2975 737 3182 790 Domini
3225 736 3395 792 nostri
3435 736 3565 791 Jesu

1982 828 2217 894 Christi,
2248 828 2464 899 quicum
2494 827 2637 882 Patri
2669 842 2882 898 unaque
2899 827 3119 897 Spiritui
3151 835 3339 882 sancto
3361 827 3562 897 gloria,

1985 920 2300 989 imperium,
2335 923 2542 985 honor,
2592 935 2736 976 nunc
2784 931 2838 975 et
2885 935 3137 991 semper,
3185 928 3242 976 et
3284 920 3340 974 in
3370 918 3566 982 secula

1986 1012 2326 1067 saeculorum.
2357 1011 2551 1068 Amen.

299 1199 3570 1231 __________________________________________.

1685 1286 2033 1348 HOMILIA
2076 1287 2215 1348 XL.

301 1433 427 1487 CAP.
473 1432 562 1487 15.
602 1448 654 1487 v.
684 1431 776 1488 29.
818 1432 1018 1502 Alioqui
1047 1431 1168 1502 quid
1213 1431 1397 1502 facient
1436 1429 1521 1496 qui
1567 1428 1888 1497 baptizantur

375 1542 468 1596 pro
496 1526 736 1591 mortuis,
771 1527 814 1580 si
843 1526 1048 1579 omnino
1078 1525 1262 1579 mortui
1291 1540 1392 1578 non
1419 1522 1728 1593 resurgunt?
1764 1521 1886 1592 quid

375 1627 422 1670 et
450 1617 770 1686 baptizantur
796 1633 888 1685 pro
914 1617 1060 1671 illis?

378 1711 430 1762 1.
475 1707 922 1764 Marcionistarum
965 1709 1112 1762 ritus.
1157 1736 1231 1748 -
1275 1704 1435 1761 Aliud
1476 1719 1687 1760 rursum
1731 1713 1892 1774 caput

305 1800 608 1873 aggreditur
626 1841 640 1865 ,
669 1801 954 1872 aliquando
982 1800 1195 1872 quidem
1222 1815 1289 1856 ex
1318 1800 1382 1855 iis
1405 1813 1526 1870 qua:
1553 1798 1694 1854 Deus
1724 1795 1849 1852 facit
1869 1836 1899 1861 ,.

305 1893 592 1967 aliquando
621 1905 802 1950 autem
829 1910 897 1950 ex
939 1894 1005 1948 iis
1044 1908 1164 1964 quae
1194 1892 1294 1963 ipsi
1330 1899 1532 1962 agunt,
1569 1890 1799 1960 probans
1828 1903 1893 1943 ea

309 2003 428 2058 qua:
469 1987 737 2044 dicuntur.
779 1987 876 2042 Est
915 1995 1094 2042 autem
1135 1985 1236 2040 hoc
1275 1985 1343 2040 ad
1385 1983 1754 2040 defensionem
1784 1995 1894 2036 non

309 2094 533 2151 parvum
561 2087 932 2150 argumentum
960 2119 972 2141 ,
1005 2077 1219 2148 quando
1243 2091 1337 2132 eos
1365 2075 1455 2146 qui
1482 2073 1891 2138 contradicunt,

311 2162 528 2218 adducit
566 2170 728 2217 testes
768 2177 956 2217 eorum
994 2177 1116 2232 qua:
1143 2161 1392 2215 dicuntur
1415 2201 1431 2228 ,
1461 2174 1556 2230 per
1583 2173 1646 2214 ea
1673 2172 1792 2227 quae
1816 2154 1896 2210 fa-

310 2257 480 2310 ciunt.
517 2255 653 2322 Quid
693 2263 775 2309 est
812 2269 940 2324 ergo
968 2253 1112 2324 quod
1153 2252 1323 2308 dicit?
1366 2267 1436 2306 an
1466 2251 1628 2308 vultis
1665 2250 1894 2321 primum

313 2347 512 2412 dicam,
542 2345 810 2416 quomodo
838 2347 974 2402 lianc
999 2346 1284 2401 dictionem
1311 2345 1614 2400 adulterant
1639 2344 1729 2414 qui
1754 2331 1899 2398 mor-

316 2440 387 2494 bo
429 2439 672 2494 laborant
711 2437 1036 2493 Marcionis?
1076 2438 1250 2507 Atque
1292 2437 1405 2492 scio
1443 2436 1658 2506 quidem
1698 2434 1814 2490 fore
1844 2443 1902 2489 ut

316 2532 484 2586 risum
515 2531 736 2585 multum
764 2545 1047 2595 moveam;
1076 2545 1260 2585 verum
1288 2529 1448 2584 etiam
1479 2538 1760 2598 propterea
1789 2542 1902 2582 ma-

319 2624 463 2678 xime
491 2623 662 2677 dicam
681 2663 697 2690 ,
722 2629 781 2678 ut
810 2622 1022 2676 illorum
1051 2622 1292 2676 morbum
1317 2619 1484 2689 magis
1510 2617 1742 2689 fugiatis.
1771 2616 1903 2672 Nam

319 2725 601 2786 postquam
617 2715 1029 2770 cateeltuincnus
1044 2714 1305 2785 quispiam
1322 2711 1461 2783 apud
1477 2727 1571 2768 eos
1586 2712 1903 2777 excesserit,

321 2809 424 2862 sub
441 2807 580 2861 lecto
601 2807 795 2860 mortui
817 2806 1080 2860 absconso
1101 2805 1278 2875 aliquo
1299 2805 1533 2870 vivente,
1559 2803 1820 2858 accedunt
1838 2801 1907 2856 ad

323 2906 592 2952 mortuum
633 2905 689 2951 et
731 2897 1070 2966 alloquuntur
1106 2904 1398 2965 rogantque
1433 2897 1632 2951 velitne
1667 2895 1909 2964 accipere

324 2988 644 3058 baptismum
675 3003 692 3042 :
718 2986 911 3042 deinde
956 2985 1049 3042 illo
1086 2985 1220 3041 nihil
1260 2987 1660 3057 reSpondente,
1699 2986 1789 3055 qui
1827 2992 1911 3039 est

325 3081 621 3136 absconsus
651 3081 857 3136 inferne
879 3121 897 3146 ,
939 3094 1036 3148 pro
1076 3079 1169 3134 illo
1198 3077 1328 3133 dicit
1355 3093 1415 3134 se
1445 3079 1581 3134 velle
1614 3075 1866 3146 baptizari
1891 3091 1907 3141 ;

326 3183 382 3228 et
411 3175 488 3230 sic
515 3190 636 3229 eum
668 3174 941 3243 baptizaut
971 3187 1067 3242 pro
1092 3187 1160 3228 eo
1186 3172 1275 3242 qui
1303 3170 1572 3233 excessit,
1601 3169 1820 3238 perinde
1848 3181 1912 3223 ac

327 3267 374 3320 si
403 3265 459 3320 in
486 3281 646 3320 scena
674 3265 917 3320 luderent
948 3281 960 3318 :
989 3273 1192 3318 tantum
1221 3264 1385 3317 valuit
1412 3261 1660 3317 diabolus
1686 3260 1739 3313 in
1765 3260 1913 3329 igna-

327 3374 515 3413 vorum
542 3359 754 3413 animis.
783 3356 982 3413 Deinde
1005 3372 1126 3411 cum
1155 3365 1495 3418 accusantur,
1519 3354 1789 3409 adducunt
1813 3354 1913 3408 hoc

328 3450 588 3515 verbum,
615 3450 856 3504 dicentes
877 3451 1188 3520 Apostolum
1216 3447 1437 3513 dixisse,
1473 3446 1571 3513 Qui
1599 3445 1916 3514 baptizautur

332 3560 426 3613 pro
449 3544 680 3598 mortuis.
709 3543 949 3597 Vidistiu'
970 3558 1212 3610 magnam
1236 3539 1576 3595 irrisionetu?
1596 3537 1915 3592 couvenitne

332 3635 590 3690 adVersus
621 3649 680 3688 ea
718 3634 1056 3702 disceptare?
1096 3632 1210 3702 Ego
1247 3632 1460 3702 quidem
1500 3645 1606 3685 non
1645 3629 1914 3685 arbitror:

334 3728 438 3783 nisi
464 3727 729 3782 disserere
751 3734 996 3796 oporteat
1017 3741 1138 3780 cum
1167 3724 1466 3780 furentibus
1488 3739 1587 3794 pro
1609 3724 1673 3777 iis
1692 3738 1810 3792 qua:
1835 3723 1917 3775 lo-

337 3829 571 3890 quuntur
593 3819 904 3874 delirantes.
948 3817 1017 3873 Ut
1046 3833 1202 3873 nemo
1229 3828 1406 3873 autem
1436 3819 1676 3887 capiatur
1700 3831 1766 3870 ex
1793 3815 1921 3870 sim-

337 3914 672 3986 plicioribus,
692 3927 911 3968 necesse
928 3921 1009 3967 est
1028 3923 1084 3967 ut
1100 3912 1236 3966 lianc
1252 3926 1465 3982 quoque
1481 3909 1920 3979 disceptationem

340 4007 601 4062 adversus
620 4019 714 4060 eos
740 4004 1100 4060 instituamus.
1128 4003 1260 4057 Nam
1282 4003 1324 4057 si
1355 4002 1457 4056 hoc
1481 4001 1683 4056 diceret
1705 3999 1922 4065 Paulus,

341 4115 440 4152 cur
467 4099 699 4153 minatus
728 4107 811 4152 est
837 4096 976 4151 Deus
1001 4096 1050 4150 ei
1078 4095 1166 4166 qui
1200 4109 1304 4148 non
1335 4093 1670 4160 baptizatur?
1697 4106 1800 4145 non
1827 4105 1925 4160 po-

344 4199 450 4246 test
478 4189 620 4245 enim
651 4189 763 4242 fieri
795 4197 852 4241 ut
881 4187 1142 4258 quispiam
1173 4185 1426 4254 deinceps
1453 4200 1558 4238 non
1587 4182 1882 4252 baptizetur
1903 4223 1923 4249 ,

341 4282 443 4336 hoc
468 4279 790 4350 excogitato.
837 4278 1046 4347 Alioqui
1077 4291 1206 4331 vero
1244 4290 1348 4329 non
1389 4284 1468 4329 est
1506 4273 1658 4344 culpa
1689 4274 1803 4344 ejus
1832 4274 1923 4344 qui

343 4375 596 4439 excessit,
624 4371 718 4428 sed
743 4373 858 4443 ejus
886 4373 975 4442 qui
1003 4371 1157 4426 vivit.
1187 4369 1517 4438 Quibusnam
1544 4378 1722 4423 autem
1749 4367 1925 4435 dixit,

343 4463 465 4518 Nisi
493 4463 805 4518 comederitis
829 4479 1034 4516 carnem
1060 4477 1252 4528 meam,
1284 4472 1329 4515 et
1360 4461 1581 4516 biberitis
1609 4477 1776 4516 meum
1803 4476 1926 4514 san-

343 4555 542 4627 guinem
565 4595 580 4620 ,
611 4570 714 4610 non
753 4553 993 4608 habebitis
1021 4553 1174 4606 vitam
1213 4553 1265 4606 in
1291 4551 1427 4607 vobis
1456 4550 1476 4623 (
1499 4551 1656 4607 Joau.
1685 4551 1738 4606 6.
1769 4552 1837 4607 54
1863 4549 1928 4622 )?

346 4647 554 4703 vivisne
581 4661 647 4702 an
678 4645 905 4700 mortuis
923 4685 938 4709 ,
971 4643 1058 4699 dic
1084 4643 1305 4712 quaeso?
1334 4651 1388 4698 et
1415 4657 1601 4698 rursus
1624 4684 1640 4708 ,
1674 4641 1792 4695 Nisi
1817 4642 1928 4711 quis

341 4749 665 4810 regeneratus
689 4738 841 4809 fuerit
870 4751 933 4791 ex
957 4750 1088 4806 aqua
1115 4743 1162 4787 et
1193 4732 1392 4802 Spiritu
1414 4774 1428 4799 ,
1455 4747 1554 4785 non
1583 4741 1740 4801 potest
1765 4733 1931 4788 uidere

342 4847 554 4901 regnum
583 4830 680 4885 Dei
708 4831 726 4898 (
757 4829 845 4884 Id.
871 4831 925 4885 3.
955 4828 1076 4900 5)?
1103 4827 1156 4884 Si
1212 4825 1354 4882 enim
1408 4825 1511 4880 hoc
1565 4824 1888 4895 permittitur
1908 4863 1926 4891 ,

346 4937 446 4976 nec
473 4934 610 4989 Opus
645 4932 727 4975 est
756 4921 1031 4974 voluntate
1060 4929 1114 4974 et
1157 4919 1398 4973 instituto
1423 4916 1540 4987 ejus
1565 4916 1652 4985 qui
1693 4915 1926 4984 accipit,

351 5027 452 5066 nec
479 5025 702 5064 assensu
730 5010 847 5078 ejus
870 5011 962 5079 qui
988 5019 1068 5064 est
1095 5011 1146 5064 iu
1170 5011 1312 5074 vita;
1341 5009 1465 5080 quid
1491 5017 1630 5064 vetat
1650 5007 1932 5079 quominus

349 5112 404 5154 et
432 5099 630 5155 etltuiei
659 5108 712 5152 et
739 5097 907 5151 Judazi
935 5097 1012 5151 sic
1037 5098 1164 5150 fiant
1191 5100 1402 5161 fideles,
1432 5099 1550 5155 aliis
1579 5107 1696 5169 post
1721 5098 1931 5154 illorutn

350 5193 630 5246 decessum
658 5205 750 5260 pro
774 5188 878 5242 illis
900 5187 1015 5242 lucc
1037 5186 1385 5241 facientibus?
1404 5188 1507 5244 Sed
1532 5207 1598 5246 ne
1616 5206 1931 5246 aranearum

355 5285 489 5337 telas
513 5283 741 5352 amplius
764 5279 1192 5342 conscindentes,
1221 5280 1449 5334 inaniter
1477 5281 1776 5338 laboremus
1794 5325 1808 5350 ,
1836 5300 1935 5354 age

354 5376 514 5442 hujus
536 5373 784 5430 dictionis
812 5373 916 5428 vim
942 5372 1286 5442 explicemus.
1316 5372 1451 5438 Quid
1482 5387 1608 5443 ergo
1637 5375 1765 5429 dicit
1793 5375 1932 5428 Pau-

349 5464 480 5522 ius?
509 5466 671 5524 Vobis
701 5468 951 5538 primum,
983 5467 1069 5537 qui
1101 5466 1368 5538 mysteriis
1395 5465 1524 5522 estis
1555 5465 1742 5521 initiati
1765 5507 1779 5532 ,
1813 5466 1933 5520 volo

353 5559 410 5615 in
442 5562 750 5616 memoriam
781 5574 1038 5615 revocare
1063 5572 1180 5612 eam
1211 5557 1499 5612 dictionem
1526 5599 1541 5623 ,
1573 5572 1729 5627 quem
1759 5557 1810 5609 in
1843 5557 1932 5610 illa

353 5667 572 5725 vespera
605 5653 795 5724 jubent
828 5666 924 5706 vos
961 5649 1138 5706 dicere
1178 5651 1269 5720 qui
1312 5651 1566 5719 mysterio
1605 5649 1846 5712 initiant,
1878 5656 1933 5701 et

1997 1436 2122 1483 tunc
2147 1429 2272 1499 quid
2296 1429 2438 1484 dicat
2467 1429 2664 1486 Paulus
2691 1431 2968 1502 esplicabo
2996 1453 3010 1490 :
3038 1436 3116 1494 sic
3144 1441 3284 1496 enim
3313 1442 3416 1501 hoc
3442 1460 3577 1516 quo.

1994 1533 2100 1588 que
2129 1521 2281 1574 vobis
2307 1520 2410 1575 erit
2450 1520 2756 1578 dilucidius.
2791 1524 2922 1579 Nam
2970 1537 3089 1597 post
3127 1532 3226 1584 alia
3255 1537 3430 1590 omnia
3472 1538 3576 1594 hoc

1995 1612 2240 1668 addimus
2265 1654 2280 1678 ,
2308 1614 2450 1685 quod
2494 1631 2637 1672 nunc
2675 1617 2806 1673 dicit
2851 1620 3063 1676 Paulus.
3106 1623 3176 1679 Et
3209 1628 3333 1682 volo
3360 1630 3574 1700 quidem

1996 1715 2180 1776 aperte
2211 1706 2312 1760 hoc
2334 1707 2512 1764 dicere
2541 1726 2556 1762 :
2586 1725 2690 1764 non
2721 1711 2893 1778 audeo
2918 1723 3094 1770 autem
3128 1729 3343 1788 propter
3367 1737 3460 1776 eos
3487 1723 3575 1792 qui

1999 1813 2105 1851 non
2134 1807 2256 1853 sunt
2284 1798 2475 1854 initiati
2508 1819 2521 1856 :
2550 1801 2586 1856 ii
2613 1803 2755 1857 enim
2785 1807 3171 1874 expositionem
3201 1812 3354 1866 nobis
3380 1813 3579 1871 faciunt

1997 1886 2377 1956 difﬁciliorem,
2401 1891 2572 1961 utqui
2597 1907 2695 1948 nos
2719 1905 2910 1964 cogant
2931 1897 3013 1950 vel
3041 1914 3144 1953 non
3171 1910 3355 1970 aperte
3377 1904 3576 1969 dicere,

2000 1989 2093 2036 aut
2130 1981 2208 2036 eis
2251 1997 2445 2037 arcana
2483 1985 2785 2041 enuntiare.
2827 1987 2931 2042 Sed
2963 1999 3136 2044 tamen
3167 1993 3338 2048 dicam
3362 2037 3378 2062 ,
3406 1998 3579 2066 quoad

2001 2072 2119 2142 ejus
2143 2088 2173 2127 a
2202 2088 2288 2129 me
2314 2073 2427 2128 fieri
2459 2075 2671 2144 poterit,
2701 2085 2841 2134 tecte
2867 2091 2921 2134 et
2943 2081 3274 2139 adumbrate.
3304 2085 3435 2141 Nam
3465 2101 3584 2157 post

2002 2166 2349 2238 mysticorum
2378 2167 2589 2223 illorum
2617 2178 2672 2224 et
2699 2172 3012 2228 terribilium
3035 2176 3318 2236 verborum
3343 2183 3584 2236 enuntia-

2005 2259 2226 2324 tionem,
2255 2269 2309 2315 et
2337 2261 2633 2318 horrendas
2663 2266 2872 2334 regulas
2901 2267 3230 2336 dogmalum,
3257 2288 3377 2342 qua:
3398 2289 3429 2328 e
3453 2276 3587 2330 caelo

2005 2361 2130 2405 sunt
2157 2350 2412 2414 demissa,
2456 2353 2562 2409 hoc
2596 2369 2807 2424 quoque
2845 2356 2898 2411 in
2930 2357 3034 2414 line
3057 2361 3301 2416 addimus
3325 2403 3340 2425 ,
3374 2366 3587 2433 quando

2005 2456 2193 2498 sumus
2233 2444 2530 2515 baptizandi
2555 2488 2570 2510 ,
2593 2446 2844 2515 jubentes
2873 2448 3053 2506 dicere
3075 2493 3090 2516 ,
3119 2453 3294 2508 Credo
3324 2458 3376 2509 in
3407 2471 3587 2511 resur-

2007 2537 2298 2590 rectionem
2349 2547 2678 2592 mortuorum
2710 2555 2724 2592 :
2752 2549 2806 2594 et
2848 2541 2900 2595 in
2949 2541 3049 2598 hac
3096 2543 3200 2618 fide
3238 2545 3586 2616 baptizainur.

2011 2627 2294 2697 Postquam
2325 2630 2466 2684 enim
2499 2628 2600 2684 hoc
2626 2631 2854 2687 confessi
2897 2649 3080 2690 sumus
3115 2651 3236 2690 cum
3277 2639 3394 2692 aliis
3417 2681 3432 2705 ,
3467 2650 3592 2695 tunc

2010 2717 2342 2773 demittiinur
2373 2721 2422 2774 in
2453 2721 2655 2776 fontem
2689 2737 2964 2777 sacrorum
2996 2724 3208 2781 illorum
3248 2727 3587 2784 fluentorum.

2012 2808 2126 2864 lloc
2152 2825 2280 2880 ergo
2310 2811 2362 2864 in
2391 2811 2703 2866 memoriam
2739 2829 3001 2870 revocans
3029 2815 3240 2873 dicebat
3269 2819 3465 2874 Paulus
3484 2861 3500 2884 ,
3533 2821 3594 2876 Si

2012 2916 2115 2954 non
2143 2910 2216 2955 est
2241 2902 2562 2967 resurrectio,
2589 2919 2679 2957 cur
2707 2904 2980 2976 baptizaris
3010 2923 3101 2976 pro
3131 2912 3382 2965 mortuis!
3409 2911 3460 2966 id
3489 2921 3594 2977 est,

2014 3007 2115 3062 pro
2139 2993 2474 3062 corporibus.
2507 2994 2734 3064 Propter
2761 2997 2863 3052 hoc
2887 2999 3030 3052 enim
3059 3001 3374 3070 baptizaris,
3402 3004 3596 3058 mortui

2015 3084 2259 3153 corporis
2299 3084 2525 3139 credens
2569 3088 3014 3144 resurrectionem
3040 3131 3055 3156 ,
3087 3107 3280 3162 nempe
3306 3094 3448 3163 quod
3493 3111 3597 3150 non

2017 3184 2231 3230 maneat
2256 3185 2544 3230 mortuum.
2576 3177 2641 3231 Et
2669 3187 2723 3231 tu
2748 3179 2963 3248 quidem
2992 3197 3086 3250 per
3112 3184 3270 3237 verba
3298 3184 3432 3239 dicis
3458 3201 3601 3239 mor-

2021 3275 2231 3323 tuorum
2259 3269 2703 3323 resurrectionem
2733 3288 2746 3324 :
2775 3271 3026 3326 sacerdos
3051 3283 3225 3328 autem
3256 3287 3520 3345 tamquam
3548 3279 3602 3332 in

2021 3359 2247 3427 quadam
2279 3358 2528 3428 imagine,
2557 3375 2676 3428 qua:
2705 3361 2976 3416 credidisti
3005 3371 3059 3417 et
3088 3379 3180 3432 per
3209 3366 3366 3420 verba
3392 3381 3453 3420 es
3476 3381 3606 3420 con-

2022 3447 2197 3503 fessus
2221 3490 2235 3514 ,
2269 3449 2426 3504 etiam
2463 3465 2556 3518 per
2587 3466 2674 3504 res
2704 3452 2844 3520 ipsas
2873 3453 3126 3508 ostendit.
3157 3456 3380 3523 Quando
3405 3459 3606 3527 absque

2023 3539 2175 3610 signo
2199 3540 2402 3604 credis,
2432 3549 2558 3596 tunc
2586 3543 2680 3596 tibi
2708 3545 2866 3598 etiam
2896 3544 3097 3613 prazbet
3123 3547 3331 3617 signum
3359 3549 3605 3618 :quando

2023 3648 2145 3702 quae
2189 3641 2274 3687 tua
2318 3642 2444 3687 sunt
2486 3633 2715 3698 feceris,
2759 3644 2884 3692 tunc
2928 3638 3068 3693 Deus
3104 3655 3317 3711 quoque
3346 3650 3395 3696 te
3430 3641 3604 3697 reddit

2025 3723 2334 3778 certiorem.
2380 3723 2705 3789 Quomodo?
2753 3726 2856 3781 Per
2898 3742 3110 3798 aquam.
3161 3731 3418 3800 Baptisari
3463 3733 3608 3788 enim

2027 3824 2083 3869 et
2104 3815 2363 3886 demergi,
2395 3816 2588 3872 deinde
2615 3834 2828 3873 sursum
2861 3836 3101 3877 remeare
3129 3832 3180 3877 et
3210 3840 3501 3896 emergere,
3527 3835 3612 3881 est

2027 3907 2328 3978 symbolum
2363 3922 2458 3963 seu
2495 3910 2703 3978 signum
2735 3911 3025 3967 descensus
3068 3913 3133 3968 ad
3179 3914 3376 3971 inferos
3405 3926 3460 3970 et
3488 3917 3612 3971 inde

2028 4013 2302 4055 ascensus.
2331 4000 2689 4066 Quamobrem
2722 4001 2914 4057 Paulus
2940 4019 3150 4075 quoque
3178 4006 3499 4076 baptismum
3527 4023 3612 4062 se-

2031 4091 2270 4160 pulcrum
2307 4101 2496 4156 vocat,
2533 4092 2762 4148 dicens:
2791 4093 3082 4167 Conseputti
3117 4098 3249 4150 enim
3289 4115 3462 4153 sumus
3499 4116 3615 4153 cum

2030 4184 2120 4238 illo
2141 4201 2230 4255 per
2247 4183 2550 4256 baptismum
2569 4187 2622 4240 in
2642 4196 2850 4241 mortem
2867 4187 3043 4256 (Rom.
3066 4191 3224 4260 (Μ).
3247 4191 3325 4246 Ex
3351 4207 3418 4247 eo
3437 4203 3613 4248 autem

2031 4290 2145 4329 rem
2173 4273 2406 4331 futuram
2436 4291 2647 4347 quoque
2675 4277 2802 4333 facit
2829 4279 3170 4347 credibilem,
3201 4297 3502 4350 corporum,
3531 4284 3613 4337 in-

2031 4382 2216 4437 quam,
2239 4370 2706 4424 resurrectionem.
2737 4369 2830 4425 Est
2856 4372 2997 4425 enim
3026 4373 3180 4442 longe
3205 4374 3375 4444 majus
3400 4385 3612 4444 peccata

2032 4459 2255 4526 delere,
2300 4475 2457 4530 quam
2506 4475 2702 4528 corpus
2749 4461 3030 4516 suscitare.
3079 4463 3145 4517 Et
3187 4463 3291 4519 hoc
3331 4466 3616 4520 enuntiaus

2032 4550 2278 4607 Christus
2297 4551 2508 4607 dicebat
2532 4569 2544 4603 :
2573 4552 2707 4618 Quid
2728 4553 2869 4607 enim
2891 4564 2961 4607 est
2990 4554 3193 4625 facilius
3218 4556 3402 4620 dicere,
3429 4557 3620 4611 Remit-

2036 4651 2212 4696 tuntur
2240 4641 2326 4696 tibi
2354 4651 2578 4711 peccata,
2604 4655 2670 4696 an
2695 4643 2880 4707 dicere,
2916 4643 3057 4700 Tolle
3081 4645 3378 4715 grabbatum
3402 4657 3541 4699 tuum
3571 4656 3621 4700 et

2035 4734 2238 4788 ambula
2284 4733 2305 4805 (
2327 4733 2512 4789 Matth.
2542 4733 2597 4790 9.
2624 4733 2677 4788 5.
2703 4734 2736 4788 6
2760 4735 2818 4806 )2
2857 4734 2989 4789 Illud
3019 4736 3234 4806 quidem
3255 4778 3271 4801 ,
3299 4737 3507 4807 inquit,
3537 4746 3624 4792 est

2035 4825 2307 4881 difficilius
2331 4842 2346 4878 :
2371 4826 2622 4896 quoniam
2648 4835 2825 4881 autem
2853 4827 2904 4880 id
2935 4829 3109 4882 minus
3132 4829 3372 4895 creditis,
3399 4839 3455 4884 ut
3479 4829 3620 4900 quod

2037 4933 2147 4972 non
2172 4918 2242 4972 sit
2269 4917 2487 4972 evidens
2511 4957 2527 4983 ,
2559 4927 2613 4972 et
2637 4916 2778 4986 quod
2818 4927 2904 4973 est
2933 4919 3139 4974 facilius
3167 4935 3263 4989 pro
3287 4919 3489 4974 difficili
3523 4919 3620 4972 lia-

2037 5009 2212 5076 betis,
2255 5023 2446 5079 nempe
2489 5012 2768 5078 potestatis
2811 5024 2946 5062 mea:
2983 5013 3381 5073 ostensionem;
3423 5025 3492 5064 ne
3521 5011 3624 5064 hoc

2038 5102 2254 5172 quidem
2277 5101 2528 5156 indicium
2557 5098 2815 5154 recusabo
2844 5100 2996 5153 vobis
3023 5100 3301 5156 exhibere.
3333 5099 3476 5154 Tum:
3501 5101 3624 5152 dicit

2041 5193 2342 5264 paralytico,
2369 5193 2554 5263 Surge,
2584 5191 2705 5246 tolle
2728 5192 2909 5245 lectum
2935 5201 3097 5257 tuum,
3119 5203 3168 5246 et
3189 5192 3316 5246 vade
3338 5194 3392 5245 in
3417 5193 3624 5245 domum:

2041 5296 2201 5337 tuam.
3373 5349 3379 5355 '
3650 5319 3654 5323 ι

2110 5374 2164 5426 2.
2208 5373 2275 5426 Et
2310 5373 2581 5441 quomodo
2617 5381 2696 5429 est
2721 5414 2737 5437 ,
2779 5373 3022 5442 inquies,
3063 5373 3320 5440 difﬁcile,
3351 5388 3473 5428 cum
3520 5372 3657 5428 boc'

2040 5464 2246 5533 possint
2267 5461 2441 5516 facere
2461 5472 2515 5516 et
2537 5478 2691 5533 reges
2713 5472 2768 5520 et
2790 5463 3091 5534 principes?
3115 5464 3387 5519 adulteros
3407 5465 3550 5518 enim
3569 5473 3626 5517 et

2041 5553 2336 5609 homicidas
2361 5554 2436 5607 illi
2463 5553 2757 5610 dimittunt.
2785 5555 2970 5623 Ludis,
2993 5571 3028 5610 o
3052 5555 3234 5621 homo,
3259 5556 3380 5610 hinc
3403 5555 3586 5610 dicens
3605 5569 3640 5608 ι’

2043 5663 2164 5702 nam
2213 5662 2358 5702 sonis
2403 5646 2618 5718 quidem
2660 5648 2804 5705 Deus
2837 5657 3015 5720 potest
3052 5657 3271 5720 peccata
3307 5646 3628 5708 remittere;
