4122 6226
535 227 638 286 347

533 337 906 404 διασωζόντων
944 339 1252 412 δεομενους,
1289 341 1384 395 καὶ
1419 341 1821 413 ἐπιθυμοῦντας
1852 343 1949 414 τῆς
1999 359 2101 396 κα-

533 431 848 492 ταστάσεως
881 430 1114 500 ἐκείνης,
1163 433 1220 485 ἐν
1323 431 1451 504 πρὶν
1487 433 1518 504 ἢ
1550 434 1911 505 διαρραγῆναι
1938 429 2099 504 ἦσαν.

531 522 803 592 Καθάπερ
823 521 932 591 γὰρ
959 523 1013 575 αἱ
1041 522 1266 577 κύουσαι
1290 522 1400 576 τῶν
1425 525 1722 593 γυναικῶν,
1747 525 1890 578 οὕτω
1913 522 2104 594 βαρού-

535 631 688 684 μενοι
724 611 826 675 τάς
860 612 1136 682 γαστέρας
1187 613 1594 684 περιφέρονται,
1646 614 1738 668 καὶ
1781 614 1933 684 μόλις
1983 616 2103 667 ἐπι-

429 693 438 696 -
531 704 798 767 σαίνουσι,
826 704 918 756 καὶ
953 702 1105 773 μόλις
1134 703 1410 773 βλέπουσι,
1446 706 1540 759 καὶ
1572 705 1723 776 μόλις
1753 704 2101 774 φθέγγονται,

530 799 628 850 καὶ
662 795 840 849 πάντα
890 795 1062 865 μόλις.
1105 796 1201 847 Ἂν
1230 795 1287 848 δὲ
1328 794 1523 866 μικρὸν
1552 797 1745 858 αὐτοὺς
1772 795 1911 868 τύχῃ
1937 812 2105 849 κατα-

529 887 770 958 δαρθεῖν,
803 885 1061 957 ὀνείρατα
1090 886 1252 940 πάλιν
1295 887 1472 940 ἄτοπα
1502 880 1595 940 καὶ
1624 887 1836 958 μυρίων
1868 887 2105 957 γέμοντα

531 976 846 1049 φαντασιῶν
877 976 1066 1047 ὁρῶσι.
1093 976 1157 1029 Τί
1191 977 1256 1030 ἄν
1279 994 1363 1040 τις
1385 978 1526 1030 εἴποι
1554 977 1653 1048 τὴν
1682 977 1874 1048 ἑτέραν
1899 977 2104 1031 τούτων

537 1065 755 1136 μανίαν,
776 1066 876 1137 τὴν
895 1065 1002 1118 τῶν
1023 1065 1350 1135 ἀφροδισίων
1376 1065 1551 1134 λέγω;
1576 1066 1686 1119 Καὶ
1709 1065 1818 1138 γάρ
1845 1067 1940 1120 καὶ
1966 1063 2104 1137 αὕτη

532 1159 632 1221 τὰς
662 1157 841 1228 πηγὰς
879 1155 1132 1210 ἐντεῦθεν
1177 1156 1291 1229 ἔχει
1310 1174 1325 1190 ο
1361 1157 1455 1210 καὶ
1482 1156 1730 1229 καθάπερ
1759 1158 1914 1211 ἵπποι
1943 1157 2106 1226 θηλυ-

536 1251 746 1318 μανεῖς,
791 1247 935 1301 οὕτω
990 1246 1069 1318 τῷ
1112 1248 1313 1319 οἴστρῳ
1359 1247 1462 1318 τῆς
1519 1246 1690 1318 μέθης
1737 1247 2106 1318 κεντούμενοι,

533 1339 704 1392 πᾶσιν
757 1338 1116 1408 ἐπιπηδῶσιν,
1176 1339 1514 1411 ἀλογώτερον
1576 1338 1672 1393 καὶ
1741 1338 2111 1411 μανικώτερον

531 1429 756 1484 ἐκείνων
779 1429 1132 1502 σκιρτῶντες,
1159 1430 1444 1485 καὶπολλὰ
1465 1430 1629 1502 ἕτερα
1652 1428 2106 1502 ἀσχημονοῦντες,

1621 225 1687 282 IN
1723 225 1944 283 EPIST.
1985 225 2007 281 ι
2079 224 2171 280 AD
2206 224 2364 282 COR.
2405 221 2640 278 HOMIL.
2682 220 2796 274 XL.

3677 215 3785 274 3-18

2207 340 2243 395 ἀ
2274 339 2406 412 μηδέ
2445 340 2618 392 εἰπεῖν
2665 337 2845 405 θέμις.
2877 334 3012 388 Οὐδὲ
3042 334 3150 406 γὰρ
3187 336 3333 387 ῖσασι
3362 330 3550 384 λοιπδν
3579 329 3702 384 οὔτε
3747 330 3784 384 ἀ

2209 433 2534 502 πάσχουσιν,
2567 428 2690 483 οὕτε
2724 429 2759 483 ἃ.
2786 427 3138 500 πράττουσιν.
3185 425 3328 478 Ἀλλ’
3358 424 3457 493 οὐχ
3484 425 3512 475 ό
3554 423 3627 493 μὴ
3652 440 3784 492 τρυ-

2210 523 2347 592 φῶν,
2368 522 2628 584 τοιοῦτος’
2657 520 2770 574 ἀλλ’
2795 521 2853 574 ἐν
2875 520 3053 590 λιμένι
3073 515 3396 589 κάθηταιτά
3422 514 3625 583 ἐτέρων
3645 512 3785 582 δρῶν

2209 616 2465 682 ναυάγια,
2488 614 2583 667 καὶ
2603 612 2797 682 ἡδονῆς
2823 612 3084 666 ἀπολαύει
3111 610 3357 680 καθαρᾶς
3386 607 3482 661 καὶ
3507 601 3783 674 διαρκοῦς,

2207 708 2306 776 τὴν
2336 705 2604 776 ἐλευθέρῳ
2633 706 3020 775 προσήκουσαν
3053 703 3196 772 ζωὴν
3232 697 3452 772 μετιών.
3480 696 3647 750 Ταῦτ’
3693 690 3788 748 οὖν

2213 795 2366 869 [578]
2389 794 2613 860 εἰδότες,
2652 793 2914 863 φύγωμεν
2942 795 3009 846 τὰ
3039 795 3252 864 πονηρά
3276 790 3376 853 τῆς
3407 787 3622 860 τρυφῆς
3645 801 3787 853 συμ-

2211 887 2393 950 πόσια,
2433 886 2528 940 καὶ
2554 885 2708 954 λιτῆς
2735 884 3088 955 ἀντεχώμεθα
3113 881 3414 954 τραπέζης,
3451 879 3538 930 ἵνα
3565 876 3659 928 καὶ
3685 874 3784 944 τὴν

2210 975 2384 1047 ψυχὴν
2415 975 2508 1029 καλ⁵
2539 973 2601 1027 τὸ
2633 973 2790 1044 σῶμα
2817 968 2874 1026 εὗ
2918 972 3271 1042 διακείμενοι,
3307 967 3488 1021 πᾶσάν
3519 981 3578 1018 τε
3619 965 3784 1033 ἐργα-

2214 1066 2436 1136 σώμεθά
2501 1065 2720 1137 ἀρετὴν,
2767 1065 2860 1118 καὶ
2907 1064 3015 1117 τῶν
3079 1062 3382 1133 μελλόντων
3437 1055 3785 1125 ἐπιτύχωμεν

2211 1157 2448 1226 ἀγαθῶν,
2481 1157 2662 1227 χάριτι
2705 1157 2798 1208 καὶ
2829 1155 3209 1225 φιλανθρωπίᾳ
3243 1151 3337 1205 τοῦ
3380 1148 3585 1220 Κυρίου
3624 1144 3788 1215 ἡμῶν

2224 1249 2395 1318 Ἰησοῦ
2446 1247 2704 1317 Χριστοῦ,
2751 1246 2871 1317 μεθ’
2925 1241 2985 1299 οὗ
3040 1245 3118 1313 τῷ
3163 1243 3340 1314 Πατρλ⁵
3374 1243 3490 1312 ἆμα
3539 1238 3618 1308 τῷ
3646 1233 3787 1304 ἁγίῳ

2214 1340 2492 1410 Πνεύματι
2535 1339 2681 1403 δόξα,
2712 1339 2934 1409 κράτος,
2987 1337 3140 1407 τιμὴ.
3171 1337 3264 1389 νῦν
3300 1336 3394 1388 καὶ
3429 1334 3534 1399 ἀεὶ,
3577 1329 3671 1384 καὶ
3705 1328 3786 1390 είς

2212 1431 2340 1493 τοὺς
2366 1429 2566 1492 αἰῶνας
2599 1429 2704 1481 τῶν
2744 1429 2974 1482 αἰώνων.
3025 1427 3214 1498 Ἀμήν.

2020 1663 2266 1718 ΟΜΙΛΙΔ
2302 1664 2392 1718 Μ’.

544 1777 702 1833 Ἐπεὶ
739 1778 799 1848 τί
835 1779 1204 1845 ποιήσουσιν
1249 1781 1304 1834 οἱ
1331 1777 1750 1848 βαπτιζόμενοι
1799 1779 1950 1845 ὑπὲρ
1983 1777 2104 1848 τῶν

598 1846 848 1919 νεκρῶν,
880 1851 932 1902 εί
965 1850 1119 1916 ὅλως
1148 1849 1350 1918 νεκροὶ
1386 1846 1885 1919 οὺκλέγὲείρονταυ
1921 1848 1979 1900 τί
2005 1847 2103 1901 καί

593 1917 983 1982 βαπτίζονται
1007 1921 1162 1988 ὑπὲρ
1187 1917 1306 1974 τῶν
1330 1917 1591 1988 νεκρῶνς

600 2036 667 2082 α’.
701 2031 905 2102 Ἑτέρῳ
935 2032 1097 2086 πάλιν
1127 2033 1396 2104 ἐπιχειρεῖ
1429 2032 1729 2104 κεφαλαίῳ,
1754 2034 1882 2087 ποτέ
1913 2027 2099 2104 μὲνέξ

531 2107 608 2166 ὧν
635 2117 663 2168 ό
686 2115 815 2180 Θεὸς
843 2120 1008 2183 ποιεῖ,
1042 2119 1174 2171 ποτὲ
1202 2119 1259 2171 δὲ
1290 2118 1349 2182 ἐξ
1385 2117 1563 2171 αὐτῶν
1581 2111 1657 2172 ὧν
1676 2119 1997 2188 πράττουσι,
2030 2118 2099 2172 τά

532 2195 802 2266 λεγόμενα
829 2201 1273 2263 κατασκευάζων.
1306 2200 1380 2253 Ού
1412 2200 1607 2270 μικρὸν
1639 2200 1696 2254 δὲ
1725 2201 1998 2255 καὶτοῦτο
2027 2204 2106 2264 είς

539 2281 866 2350 συνηγορίαν
883 2281 1176 2354 δικαίωμα,
1199 2284 1328 2337 ὅταν
1347 2284 1474 2348 τοὺς
1503 2283 1883 2352 ἀντιλέγοντας
1910 2285 2106 2348 αὐτοὺς

538 2363 824 2433 μάρτυρας
853 2366 1168 2438 παραγάγῃ,
1203 2367 1270 2419 δι’
1291 2359 1366 2419 ῶν
1393 2366 1627 2431 ποιοῦσι,
1650 2368 1758 2420 τῶν
1779 2367 2104 2438 λεγομένων.

535 2445 603 2497 Τί
634 2442 726 2499 οὖν
755 2449 902 2501 ἐστιν
930 2450 958 2501 ὃ
989 2466 1188 2517 φησιν;
1222 2449 1253 2518 ἢ
1279 2448 1529 2518 βούλεσθε
1561 2449 1774 2520 πρῶτον
1808 2451 1966 2516 εἴπω,
1991 2449 2110 2514 πῶς

534 2529 900 2597 παραποιοῦσι
931 2530 1030 2600 τὴν
1064 2531 1221 2599 ῥῆσιν
1255 2533 1459 2600 ταύτην
1487 2532 1536 2584 οἱ
1559 2531 1626 2584 τὰ
1667 2532 1989 2604 Μαρκίωνος
2018 2548 2107 2584 νο-

538 2610 787 2678 σοῦντες;
841 2614 949 2666 Καὶ
1001 2608 1118 2666 οἴδα
1157 2613 1255 2684 μὲν
1281 2615 1364 2667 ὃτι
1415 2613 1580 2669 πολὺν
1627 2617 1832 2686 κινήσω
1875 2615 2108 2683 γέλωτα,

537 2690 677 2763 πλὴν
705 2693 841 2746 ἀλλά
869 2696 963 2748 καὶ
996 2695 1083 2748 διά
1108 2694 1265 2748 τοῦτο
1297 2694 1531 2765 μάλιστα
1561 2695 1691 2767 ἐρῶ,
1728 2697 1814 2750 ἵνα
1849 2693 2109 2766 μειζόνως

537 2775 715 2826 αὐτῶν
744 2775 951 2846 φύγητε
982 2779 1080 2846 τὴν
1101 2779 1276 2833 νόσον.
1321 2779 1572 2832 Ἐπειδὰν
1603 2779 1710 2847 γάρ
1736 2797 1817 2843 τις
1840 2778 2109 2850 κατηχού-

541 2873 698 2924 μενος
725 2857 937 2931 ἀπέλθῃ
968 2861 1098 2932 παρ’
1120 2861 1323 2924 αὐτοῖς,
1351 2861 1441 2915 τὸν
1477 2861 1652 2927 ζῶντα
1681 2861 1784 2915 ὑπὸ
1803 2861 1900 2930 τὴν
1921 2859 2110 2931 κλίνην

537 2938 631 2991 τοῦ
670 2941 1119 3012 τετελευτηκότος
1162 2942 1488 3013 κρύψαντες,
1527 2945 1782 3016 προσίασι
1816 2943 1892 3014 τῷ
1932 2943 2110 3013 νεκρῷ

539 3019 630 3070 καὶ
651 3017 992 3088 διαλέγονται
1034 3023 1125 3075 καὶ
1160 3021 1543 3086 πυνθάνονται,
1579 3025 1628 3076 εί
1664 3023 1904 3093 βούλοιτο
1925 3022 2109 3076 λαϐεῖν

537 3100 600 3152 τὸ
631 3100 948 3173 βάπτισμα·
981 3099 1100 3157 εἶτα
1135 3104 1346 3159 ἐκείνου
1393 3105 1562 3176 μηδὲν
1603 3105 2054 3177 ἀποκρινομένου,
2081 3106 2110 3157 ό

538 3187 919 3258 κεκρυμμένος
956 3187 1202 3243 κάτωθεν
1256 3190 1372 3244 ἀντ’
1423 3189 1631 3242 ἐκείνου
1688 3190 1872 3261 φησὶν,
1926 3190 2006 3242 ὃτι
2045 3188 2110 3260 δὴ

540 3268 783 3338 βούλοιτο
816 3271 1208 3342 βαπτισθῆναιο
1244 3273 1337 3326 καὶ
1379 3271 1521 3326 οὕτω
1556 3272 1906 3342 βαπτίζουσιν
1950 3272 2111 3325 αὑτὸν

538 3352 658 3404 ἀντὶ
689 3353 782 3406 τοῦ
833 3354 1179 3420 ἀπελθόντος,
1216 3355 1466 3425 καθάπερ
1494 3355 1587 3408 ἐπὶ
1611 3354 1708 3424 τῆς
1737 3355 1941 3426 σκηνῆς
1981 3354 2109 3406 παί-

540 3432 722 3498 ζοντες
745 3452 758 3465 ·
790 3435 1040 3490 τοσοῦτον
1075 3436 1263 3507 ἴσχυσε
1305 3439 1422 3502 ταῖς
1445 3437 1552 3491 τῶν
1584 3436 1840 3509 ῥᾳθύμων
1866 3435 2064 3506 ψυχαῖς
2083 3436 2111 3488 ό

538 3517 804 3582 διάὸολος.
859 3517 994 3574 Εἶτα
1043 3521 1450 3592 ἐγκαλούμενοι,
1491 3523 1640 3574 τουτί¹
1697 3521 2002 3591 παράγουσι
2050 3518 2111 3572 τὸ

543 3601 694 3671 ῥῆμα
721 3601 996 3669 λέγοντες,
1049 3604 1130 3656 ὃτι
1186 3605 1278 3657 καὶ
1321 3605 1350 3656 ό
1393 3602 1715 3664 Ἀπόστολος
1762 3603 2003 3673 εἴρηκεν’
2046 3603 2111 3654 Ol

534 3683 955 3754 βαπτιζόμενοι
989 3686 1136 3752 ὑπὲρ
1165 3686 1282 3739 τῶν
1301 3685 1548 3756 νεκρῶν.
1583 3683 1730 3750 Εἶδες
1754 3688 1846 3740 τὸν
1871 3686 2109 3755 καταγέ-

539 3767 684 3820 λωτα
712 3768 803 3821 τὸν
826 3768 1021 3834 πολύν;
1041 3766 1128 3839 ἄρ’
1149 3765 1240 3823 οὖν
1266 3770 1402 3841 πρὸς
1424 3771 1596 3823 ταῦτα
1626 3772 1901 3824 ἀντειπεῖν
1925 3768 2072 3834 ἄξιον
2093 3786 2108 3836 ;

540 3853 654 3904 Οὐκ
691 3852 868 3920 ἔγωγε
905 3848 1091 3924 οἶμαιο
1123 3854 1265 3925 πλὴν
1297 3855 1344 3906 εί
1378 3855 1451 3924 μὴ
1486 3856 1578 3907 καὶ
1601 3857 1712 3916 τοῖς
1747 3854 2109 3924 μαινομένοις,

541 3936 683 4006 ὑπὲρ
709 3929 784 3988 ὧν
821 3938 1227 4006 παραπαίοντες
1264 3937 1612 4006 φθέγγονται,
1635 3937 1977 4005 διαλέγεσθαι
2008 3938 2107 3992 δεῖ.

543 4019 662 4072 Ἷνα
693 4020 750 4072 δέ
787 4021 972 4090 μηδεὶς
994 4021 1102 4074 τῶν
1129 4020 1332 4091 σφόδρα
1353 4021 1730 4091 ἀφελεστέρων
1767 4019 1898 4091 ἁλῷ,
1941 4023 2108 4092 ἀναγ-

545 4104 699 4154 καῖον
740 4102 1026 4172 ὑπομεῖναι
1071 4104 1166 4156 καὶ
1209 4103 1308 4174 τὴν
1338 4103 1474 4171 πρὸς
1503 4102 1725 4165 τούτους
1767 4103 2106 4176 ἀντίρρησιν.

547 4183 612 4235 Ei
643 4184 750 4254 7&9
772 4184 928 4238 τοῦτο
969 4185 1122 4253 ἔλεγε
1164 4185 1398 4249 Παῦλος,
1434 4182 1577 4248 τίνος
1603 4185 1790 4240 ἕνεκεν
1817 4186 2110 4257 ἠπείλησεν

543 4267 573 4317 ό
611 4264 742 4328 Θεὸς
779 4266 857 4336 τῷ
907 4267 982 4338 μὴ
1037 4267 1436 4339 βαπτιζομένῳ.
1481 4268 1556 4320 Οὐ
1585 4266 1691 4338 7&9
1738 4267 1852 4321 ἐστι
1889 4268 2011 4322 τινὰ
2032 4269 2108 4339 μὴ

543 4347 904 4418 βαπτισθῆναι
935 4350 1120 4403 λοιπὸν
1154 4350 1530 4421 ἐπινοηθέντος
1585 4349 1801 4404 τούτου⁶
1833 4350 2008 4415 ἄλλως
2053 4352 2112 4405 δὲ

539 4431 602 4483 τὸ
627 4431 792 4501 ἐγκλη
802 4449 876 4502 μα
897 4432 1079 4486 οὐκέτι
1108 4434 1258 4504 παρά
1285 4435 1375 4488 τὸν
1394 4434 1698 4489 ἀπελθόντα
1720 4435 1948 4503 γίνεται,
1976 4433 2113 4488 ἀλλά

541 4514 690 4584 παρά
731 4515 822 4566 τὸν
870 4514 1067 4578 ζῶντα.
1100 4515 1223 4570 Τίσι
1271 4517 1328 4570 δὲ
1362 4517 1566 4586 ἐλεγεν,
1615 4517 1751 4570 Ἐὰν
1765 4517 1852 4586 μὴ
1885 4516 2114 4588 φάγητέ

535 4612 655 4665 μου
680 4595 794 4664 τὴν
821 4598 1038 4665 σάρκα,
1059 4599 1158 4656 καί
1187 4600 1362 4667 πίητέ
1379 4617 1497 4670 μου
1526 4600 1593 4652 τὸ
1620 4596 1782 4669 αἷμα,
1809 4603 1918 4654 οὐκ
1944 4600 2114 4669 ἔχετε

542 4678 695 4747 ζωὴν
716 4681 786 4733 ἐν
803 4681 1076 4748 ἐαυτοῐς;
1102 4685 1215 4748 τοῖς
1242 4683 1428 4748 ζῶσιν,
1456 4683 1488 4754 ἢ
1510 4686 1623 4747 τοῖς
1649 4684 2109 4754 τετελευτηκόσιν,

544 4763 662 4816 είπέ
701 4781 828 4830 μοι,
878 4767 972 4818 καὶ
1013 4765 1199 4830 πάλιν,
1240 4768 1341 4821 Ἂν
1379 4765 1466 4835 μή
1509 4784 1601 4832 τις
1643 4766 2024 4835 ἁναγεννηθῇ
2045 4767 2116 4832 ἐξ

545 4845 761 4912 ὕδατος
781 4846 878 4900 καί
911 4849 1274 4918 Πνεύματος,
1301 4851 1372 4902 οὐ
1398 4849 1648 4903 δύναται
1682 4849 1832 4902 ίδεῖν
1854 4848 1971 4917 τὴν
1995 4851 2112 4914 ,ϐα-

540 4930 783 5006 σιλείαν
817 4930 924 4984 τοῦ
961 4930 1146 4990 Θεοῦ;
1185 4931 1250 4984 Εἰ
1289 4931 1398 5002 γὰρ
1429 4930 1586 4984 τοῦτο
1638 4933 1868 5000 ἐφεῖται,
1917 4933 2012 4986 καὶ
2047 4933 2109 4985 οὑ

539 5016 700 5081 χρεία
735 5012 961 5084 γνώμης
999 5013 1097 5082 τῆς
1123 5012 1216 5065 τοῦ
1246 5011 1632 5084 λαμϐάνοντος,
1681 5015 1802 5067 ούδέ
1832 5031 2109 5083 συγκατα-

542 5096 745 5160 θέσεως
779 5097 876 5167 τῆς
916 5098 976 5148 ἐν
1007 5096 1085 5167 τῷ
1121 5094 1242 5168 ζῇν,
1274 5097 1326 5150 τί
1359 5097 1556 5150 κωλύει
1590 5097 1683 5152 καὶ
1717 5098 1984 5170 Ἕλληνας
2011 5100 2109 5153 καὶ⁵

554 5178 841 5242 Ἰουδαίους
867 5178 1009 5232 οὕτω
1038 5179 1289 5246 γενέσθαι
1324 5181 1568 5244 πιστοὺς,
1605 5180 1806 5252 ἐτέρων
1847 5182 1985 5251 μετά
2015 5182 2112 5254 τὴν

542 5259 797 5331 τελευτὴν
847 5261 1070 5315 ἐκείνων
1120 5263 1258 5334 ὑπὲρ
1304 5263 1528 5318 ἐκείνων
1574 5263 1745 5318 ταῦτα
1780 5263 2111 5332 ποιούντων;

556 5343 695 5396 Ἀλλ’
744 5344 832 5396 ἵνα
871 5343 946 5415 μὴ
991 5345 1246 5398 ἐπιπλέον
1294 5346 1362 5400 τὰ
1406 5346 1694 5417 ἀραχνίδια
1727 5347 2111 5410 διακόπτοντες

546 5427 1016 5496 ματαιοπονῶμεν,
1071 5427 1202 5497 φέρε
1249 5426 1348 5496 τῆς
1384 5429 1594 5500 ρήσεως
1631 5429 1836 5498 ταύτης
1867 5431 1966 5500 τὴν
2015 5428 2109 5482 δύ-

541 5527 708 5578 ναμιν
749 5507 904 5581 [579]
961 5509 1093 5580 ὑμῖν
1138 5507 1559 5578 ἀναπτύξωμεν.
1615 5509 1686 5563 Τί
1737 5506 1831 5563 οὖν
1885 5527 2053 5581 φησιν
2091 5512 2121 5565 ό

543 5600 788 5667 Παῦλος;
815 5601 1039 5671 Πρῶτον
1056 5601 1112 5654 δὲ
1133 5602 1447 5671 ἀναμνῆσαι
1473 5601 1738 5672 βούλομαι
1758 5603 1885 5668 τοὺς
1909 5621 1974 5674 με
1984 5621 2120 5676 μνη-

2209 1777 2259 1829 οί
2297 1776 2785 1847 μυσταγωγοῦντες
2821 1775 2966 1846 ὑμᾶς
3007 1775 3186 1843 λέγειν
3215 1776 3517 1840 κελεύουσι,
3549 1774 3642 1828 καὶ
3665 1773 3786 1825 τότε

2209 1860 2319 1930 ἐρῶ
2357 1860 2451 1913 καὶ
2489 1858 2551 1912 τὸ
2592 1859 2687 1912 τοῦ
2729 1857 2978 1911 Παύλουο
3015 1857 3160 1910 οὕτω
3201 1860 3310 1928 γὰρ
3343 1860 3472 1929 ὑμῖν
3503 1859 3597 1911 καὶ
3628 1855 3787 1908 τοῦτο

2210 1943 2362 1996 ἔσται
2393 1941 2746 2012 σαφέστερον.
2793 1941 2948 1993 Μετά
2996 1940 3105 2010 γὰρ
3151 1941 3220 1992 τὰ
3247 1942 3378 1994 ἄλλα
3414 1942 3589 1994 πάντα
3626 1938 3784 1991 τοῦτο

2211 2027 2596 2098 προστίθεμεν,
2641 2027 2670 2079 ὃ
2702 2025 2796 2078 νῦν
2841 2026 2869 2077 ό
2921 2023 3131 2086 Παῦλος
3175 2024 3344 2092 λέγει.
3379 2025 3489 2076 Καὶ
3525 2021 3784 2092 βούλομαι

2214 2111 2314 2182 μὲν
2341 2110 2527 2179 σαφῶς
2554 2111 2685 2164 αὐτὸ
2717 2113 2911 2174 εἰπεῖν,
2941 2111 3001 2163 ού
3030 2108 3212 2179 τολμῶ
3236 2109 3293 2162 δὲ
3315 2107 3404 2162 διὰ
3429 2109 3552 2169 τοὺς
3608 2104 3786 2174 ἀμυή-

2212 2212 2336 2257 τους
2357 2210 2370 2224 ·
2401 2190 2543 2248 οὗτοι
2570 2194 2678 2264 γὰρ
2703 2193 3114 2264 δυσκολωτέραν
3157 2195 3288 2263 ἡμῖν
3319 2190 3532 2245 ποιοῦσι
3569 2188 3668 2257 τὴν
3697 2188 3783 2252 ἐξ·

2212 2280 2434 2348 ήγησιν,
2464 2279 2866 2345 ἀναγκάζοντες
2896 2277 2928 2348 ἢ
2958 2278 3032 2348 μὴ
3057 2276 3234 2344 λέγειν
3265 2276 3471 2343 σαφῶς,
3502 2273 3534 2343 ἢ
3571 2273 3651 2332 είς
3689 2270 3786 2324 αὖ·

2212 2361 2338 2424 τοὺς
2365 2361 2619 2431 ἐκφέρειν
2642 2361 2711 2413 τὰ
2731 2359 3038 2431 ἀπόρρητα.
3073 2358 3218 2429 Πλὴν
3246 2358 3357 2410 ἀλλ’
3391 2356 3465 2419 ῶς
3493 2356 3556 2409 ἂν
3576 2351 3689 2416 οἷός
3724 2368 3782 2406 τε

2213 2437 2280 2506 ὦ,
2307 2443 2784 2514 συνεσκιασμένως
2819 2433 2950 2513 ἐρῶ.
2997 2442 3152 2495 Μετὰ
3189 2442 3291 2512 7&9
3315 2441 3415 2511 τὴν
3446 2436 3788 2507 ἀπαγγελίαν

2212 2525 2322 2579 τῶν
2355 2525 2634 2596 μυστικῶν
2679 2526 2940 2596 ῥημάτων
2994 2525 3216 2578 ἐκείνων
3257 2525 3352 2577 καὶ
3390 2521 3657 2593 φοϐερῶν,
3693 2521 3787 2572 καὶ

2213 2611 2339 2674 τοὺς
2370 2613 2631 2680 φρικτοὺς
2659 2612 2891 2673 κανόνας
2918 2611 3027 2662 τῶν
3057 2613 3121 2663 ἐκ
3151 2609 3243 2662 τοῦ
3268 2607 3498 2679 ούρανοῦ
3527 2621 3784 2673 κατενεχ-

2215 2693 2416 2747 θέντων
2450 2693 2754 2764 δογμάτων,
2798 2695 2893 2748 καὶ
2931 2693 3090 2747 τοῦτο
3130 2693 3265 2763 πρὸς
3293 2692 3370 2762 τῷ
3395 2691 3539 2744 τέλει
3565 2687 3788 2759 προστί-

2215 2777 2400 2846 θεμεν,
2435 2777 2560 2830 ὅταν
2591 2777 2872 2847 μέλλωμεν
2903 2776 3208 2846 βαπτίζειν,
3236 2775 3547 2834 κελεύοντες
3581 2773 3784 2838 λέγειν,

2214 2861 2297 2914 ὃτι
2324 2860 2572 2914 Πιστεύω
2602 2862 2682 2923 είς
2707 2859 2917 2930 νεκρῶν
2941 2859 3258 2921 ἀνάστασιν,
3285 2858 3379 2911 καὶ
3403 2857 3496 2909 ἐπὶ
3515 2859 3580 2926 τῇ
3609 2854 3789 2906 πίστει

2215 2944 2388 3016 ταύτῃ
2422 2943 2815 3013 βαπτιζόμεθα.
2845 2942 3000 2997 Μετά
3039 2942 3146 3012 γὰρ
3173 2941 3233 2995 τὸ
3271 2940 3602 3010 ὁμολογῆσαι
3629 2937 3788 2991 τοῦτο

2221 3030 2362 3100 μετά
2393 3028 2501 3081 τῶν
2527 3029 2722 3092 ἄλλων,
2757 3028 2876 3081 τότε
2914 3027 3214 3097 καθιέμεθα
3234 3027 3313 3089 εἰς
3340 3025 3438 3096 τὴν
3473 3023 3652 3094 πηγὴν
3680 3021 3788 3074 τῶν

2220 3111 2380 3182 ἱερῶν
2405 3111 2660 3181 ναμάτων
2689 3109 2932 3164 ἐκείνων.
2967 3109 3138 3163 Τοῦτο
3157 3110 3336 3163 τοίνυν
3358 3107 3788 3178 ἀναμιμνήσκων

2215 3196 2246 3246 ὁ
2278 3192 2488 3256 Παῦλος
2532 3193 2750 3260 ἔλεγεν·
2789 3194 2859 3246 El
2884 3191 2970 3261 μὴ
3000 3193 3172 3246 ἐστιν
3199 3190 3550 3254 ἀνάστασις.
3589 3189 3645 3240 τί
3684 3186 3795 3240 καῖ

2210 3276 2468 3346 ,βαπτίζῃ
2497 3275 2648 3344 ὑπὲρ
2667 3275 2784 3328 τῶν
2801 3275 3060 3343 νεκρῶιη
3077 3275 3344 3338 τουτέστι,
3368 3274 3476 3327 τῶν
3496 3272 3784 3340 σωμάτων.

2216 3359 2326 3413 Καὶ
2373 3358 2482 3430 γὰρ
2523 3358 2617 3412 ἐπὶ
2652 3357 2827 3428 τούτῳ
2880 3357 3137 3431 βαπτίζῃ,
3171 3357 3266 3411 τοῦ
3307 3354 3502 3428 νεκροῦ
3538 3353 3788 3424 σώματος

2216 3441 2512 3496 ἀνάστασιν
2553 3440 2841 3502 πιστεύων,
2885 3441 2966 3494 ὅτι
3013 3442 3196 3496 οὐκέτι
3247 3441 3395 3512 μένει
3433 3439 3646 3509 νεκρόν.
3677 3436 3788 3491 Καὶ

2219 3525 2282 3578 σὺ
2319 3525 2418 3595 μὲν
2458 3524 2546 3576 διά
2571 3523 2678 3576 τῶν
2715 3523 2974 3594 ῥημάτων
2998 3522 3179 3592 λέγεις
3219 3522 3428 3590 νεκρῶν
3454 3523 3784 3576 ἀνάστασινο

2217 3608 2246 3659 ό
2272 3608 2328 3661 δέ
2359 3607 2561 3678 ἱερεὺς,
2590 3606 2778 3676 ῶσπερ
2811 3607 2870 3660 ἐν
2903 3607 3072 3660 είκόνι
3106 3607 3232 3670 τινὶ,
3275 3607 3420 3677 άπερ
3461 3605 3790 3664 ἐπίστευσας

2216 3689 2313 3742 καὶ
2352 3689 2440 3742 διὰ
2466 3687 2576 3741 τῶν
2609 3688 2867 3759 ῥημάτων
2895 3687 3271 3758 ὡμολόγησας,
3295 3685 3534 3744 δείκνυσί
3580 3703 3663 3739 σοι
3692 3685 3799 3738 καὶ,

2215 3771 2306 3824 διὰ
2341 3772 2450 3825 τῶν
2493 3771 2834 3841 πραγμάτων
2872 3771 3073 3825 αὐτῶν.
3127 3773 3292 3829 Ὅταν
3337 3769 3506 3841 χωρὶς
3559 3766 3790 3838 σημείου

2216 3852 2498 3924 πιστεύῃς,
2527 3853 2646 3906 τότε
2687 3870 2768 3906 σοι
2799 3854 2893 3907 καὶ
2919 3853 2980 3906 τὸ
3025 3857 3250 3924 σημεῖον
3277 3853 3528 3927 παρέχειε
3566 3852 3692 3904 ὅταν
3720 3848 3788 3903 τὰ

2219 3937 2417 3992 σαυτοῦ
2468 3939 2723 4010 ποιήσῃς,
2765 3937 2886 3991 τότε
2941 3937 3036 3991 καὶ
3084 3939 3112 3990 ό
3145 3937 3276 4000 Θεός
3331 3954 3388 3989 σε
3416 3935 3784 4006 πληροφορεί

2216 4020 2343 4084 Πῶς
2367 4021 2462 4076 καὶ
2487 4021 2594 4074 τίνι
2626 4020 2843 4091 τρόπῳ;
2867 4018 2966 4073 Διά
2989 4018 3082 4072 τοῦ
3116 4018 3323 4082 ὓδατος.
3355 4019 3429 4070 Τὸ
3455 4018 3562 4088 γάρ
3591 4015 3785 4086 βαπτί-

2217 4104 2406 4168 ζεσθαι
2450 4105 2546 4158 καὶ
2599 4103 2986 4168 καταδύεσθαι,
3039 4097 3159 4156 εἶτα
3217 4101 3518 4163 ἀνανεύειν,
3565 4099 3667 4168 τῆς
3706 4099 3786 4160 εἰς

2216 4185 2344 4257 ᾅδου
2389 4185 2744 4249 καταϐάσεώς
2800 4187 2926 4238 ἐστι
2968 4183 3236 4255 σύμϐολον
3290 4183 3380 4236 καὶ
3431 4184 3531 4253 τῆς
3578 4179 3788 4234 ἐκεῖθεν

2216 4268 2428 4323 ἀνόδου.
2475 4269 2566 4322 Διὸ
2611 4269 2704 4322 καὶ
2730 4267 2988 4337 τάφον-τὺ
3023 4267 3304 4338 βάπτισμα
3331 4266 3359 4318 ό
3395 4264 3602 4326 Παῦλος
3635 4262 3790 4316 καλεῖ

2214 4354 2410 4422 λέγων’
2454 4353 2882 4423 Συνετάφημεν
2921 4350 3034 4410 οὖν
3081 4353 3241 4419 αὐτῷ
3278 4351 3375 4406 διὰ
3416 4351 3520 4407 τοῦ
3564 4351 3786 4417 ,ϐαπτί-

2215 4452 2444 4506 σματος
2479 4439 2566 4504 είς
2593 4436 2700 4493 τὸν
2733 4437 3011 4492 θάνατον.
3053 4437 3187 4492 Ἀπὸ
3213 4436 3403 4490 τούτου
3433 4436 3527 4491 καὶ
3565 4435 3626 4488 τὸ
3657 4433 3786 4504 μέλ-

2215 4518 2307 4573 λον
2347 4519 2662 4584 ἀξιόπιστον.
2702 4523 2865 4586 ποιεῖ,
2910 4519 3019 4574 τῶν
3064 4521 3332 4591 σωμάτων
3364 4519 3506 4587 λέγω
3532 4517 3630 4588 τὴν
3654 4517 3787 4570 ἀνά-

2218 4619 2424 4656 στασιν.
2475 4602 2583 4655 Τοῦ
2619 4602 2726 4675 7&9
2762 4604 2919 4674 σῶμα
2950 4604 3250 4675 ἀναστῆσαι
3298 4601 3476 4672 πολλῷ
3511 4602 3691 4672 μεῖζον
3726 4600 3790 4652 τὸ

2217 4687 2590 4760 ἁμαρτήματα
2617 4687 2899 4755 ἀφανίσαι.
2929 4689 3039 4743 Καὶ
3061 4686 3220 4742 τοῦτο
3238 4689 3266 4740 ὁ
3290 4685 3522 4757 Χριστὸς
3547 4687 3788 4752 ἀποφαιο

2210 4769 2454 4842 νόμενος,
2480 4771 2664 4840 ἔλεγεν
2679 4787 2694 4803 ⁸
2734 4774 2795 4826 Τί
2820 4773 2931 4842 γάρ
2949 4772 3120 4826 ἐστιν
3145 4769 3552 4838 εὐκοπώτερον
3574 4767 3789 4831 εἴπεῒν,

2221 4857 2536 4928 Ἀφέωνταί
2575 4873 2676 4914 σοι
2720 4862 2780 4913 αἱ
2826 4858 3125 4927 ἁμαρτίαι,
3152 4857 3190 4925 ἢ
3226 4855 3436 4921 εἰπεῖν,
3467 4848 3648 4922 *Αρον
3679 4853 3788 4906 τὸν

2206 4943 2541 5010 κράϐϐατόν
2588 4959 2725 5008 σου,
2773 4943 2870 4995 καὶ
2910 4940 3253 5010 περιπάτει;
3309 4940 3381 4993 Τὸ
3446 4939 3545 5009 μὲν
3593 4938 3787 4991 δυσκο-

2205 5024 2444 5096 λώτερον
2494 5026 2690 5087 ἐκεῖνο,
2751 5023 2947 5094 φησίνο
3006 5023 3193 5094 ἐπειδὴ
3245 5022 3304 5076 δὲ
3360 5023 3640 5076 ἀπιστεῖτε
3689 5020 3785 5074 ἅτε

2214 5106 2398 5176 ἀδήλῳ
2412 5107 2547 5166 δντι,
2577 5106 2672 5158 καλ⁸
2703 5105 2764 5158 τὸ
2786 5106 3150 5177 εὐκολώτερον
3182 5105 3302 5160 ἀντὶ
3329 5104 3588 5159 δυσκόλου
3619 5105 3787 5156 ποιεῖ-

2217 5188 2312 5241 σθε
2353 5189 2451 5256 τῆς
2493 5189 2632 5259 ἐμῆς
2657 5188 2936 5259 δυνάμεως
2977 5188 3272 5256 ἀπόδειξιν,
3309 5189 3431 5242 οὐδὲ
3461 5187 3620 5241 τοῦτο
3647 5202 3788 5253 παρ-

2213 5272 2510 5340 αιτήσομαι
2583 5275 2885 5342 παρασχεῖν
2937 5273 3066 5343 ύμῖν
3091 5273 3152 5325 τὸ
3183 5272 3403 5342 δεῖγμα.
3440 5271 3578 5325 Τότε
3623 5267 3785 5336 λέγει

2213 5351 2293 5417 τῷ
2315 5354 2721 5421 παραλυτικῷ·
2764 5355 3059 5424 Ἐγερθεὶς
3085 5348 3232 5423 ἆρον
3263 5355 3380 5421 τὴν
3399 5354 3617 5418 κλίνην
3643 5366 3782 5412 σου,

2209 5436 2306 5488 καὶ
2336 5435 2526 5504 ὕπαγε
2560 5439 2646 5503 είς
2672 5439 2778 5492 τὸν
2797 5433 2964 5490 οἶκόν
2983 5453 3120 5490 σου.

2289 5517 2354 5586 β’.
2382 5519 2492 5571 Καὶ
2523 5519 2639 5582 πῶς
2669 5518 2828 5572 τοῦτο
2854 5518 3128 5586 δύσκολον,
3151 5517 3336 5587 φησὶν,
3357 5517 3488 5572 ὅταν
3511 5513 3602 5569 καὶ
3629 5519 3783 5588 βασι-

2215 5600 2366 5654 λεῦσι
2395 5603 2490 5654 καὶ
2526 5601 2752 5673 ἄρχουσι
2792 5600 3015 5655 δυνατὸν
3044 5596 3114 5673 ᾗς
3153 5601 3248 5655 καὶ
3291 5599 3400 5672 γὰρ
3434 5600 3654 5671 μοιχοὺς
3689 5601 3783 5652 καὶ

545 5697 746 5767 μένους
782 5696 928 5765 ὑμᾶς
963 5695 1199 5766 ρήσεως,
1237 5693 1304 5764 ἢν
1332 5691 1472 5748 κατά
1499 5693 1596 5766 τὴν
1629 5695 1869 5765 ἑσπέραν
1903 5694 2122 5768 ἐκείνην
2219 5685 2573 5756 ἀνδροφόνους
2626 5686 2850 5756 ἀφιᾶσιν
2903 5684 3123 5739 ἐκεῖνοιο
3186 5680 3409 5748 Παίζεις
3430 5723 3447 5752 ι
3502 5681 3778 5754 ἄνθρωπε.
