4138 6220
372 186 481 242 589
502 234 503 237 η

366 301 546 355 ταῦτα
575 298 769 368 λέγων·
798 302 1174 375 ἁμαρτήματα
1222 303 1321 373 μὲν
1369 303 1483 373 7&9
1529 302 1747 371 ἀφεῖναι
1796 301 1945 373 μόνῳ

366 393 488 464 Θεῴ
529 394 752 449 δυνατόν
779 411 791 424 ·
826 394 1086 466 ἄρχοντες
1125 393 1185 448 δὲ
1225 394 1323 448 καὶ
1359 394 1624 466 βασιλεῖς,
1670 395 1779 449 κάν
1825 411 1946 465 μοι·

367 487 518 555 χοῦς,
546 484 649 539 κάν
677 486 1037 557 ἀνδροφόνους
1057 487 1262 556 ἀφῶσι,
1285 487 1387 557 τῆς
1413 486 1513 558 μὲν
1541 488 1815 551 κολάσεως
1846 487 1947 558 τῆς

368 574 656 645 παρούσης
675 575 1358 651 ἀπαλλάττουσι,[580]τὴν
1382 579 1441 633 δὲ
1463 580 1743 650 ἁμαρτίαν
1764 578 1946 634 αὑτῶν

369 668 470 720 οὐκ
483 666 893 739 ἐκκαθαίρουσι’
913 668 1015 724 κᾶν
1030 672 1110 735 είς
1124 672 1297 743 ἀρχάς
1312 672 1560 742 ἀγάγωσι
1574 673 1702 736 τοὺς
1715 672 1945 742 ἀφεθέν-

367 776 491 823 τας,
517 760 623 813 κάν
653 760 824 830 αὑτὴν
858 761 1196 834 περιϐάλωσι
1224 764 1323 835 τὴν
1367 765 1683 837 ἁλουργίδα,
1736 765 1841 821 κᾶν
1883 766 1947 820 τὸ

368 849 606 920 διάδημα
654 851 941 919 ἐπιθῶσιν,
971 854 1111 908 ἀλλά
1139 854 1395 925 βασιλέας
1445 856 1545 926 μέν
1586 855 1850 929 ἐποίησαν
1879 856 1951 910 ἀν

368 939 534 1004 οὑτω,
567 940 667 1010 τῆς
696 941 753 994 δὲ
797 941 1076 1015 ἀμαρτίας
1119 946 1220 999 οὑκ
1264 946 1331 1000 ἂν
1381 945 1784 1018 ἠλευθέρωσαν*
1813 946 1949 1012 Θεὸς

368 1030 478 1102 7&9
509 1031 670 1101 μόνος
699 1033 859 1087 τοῦτο
893 1036 1057 1090 ποιεῖ.
1090 1037 1156 1090 Ὃ
1180 1036 1249 1108 δὴ
1277 1037 1374 1091 καὶ
1410 1039 1470 1091 ἐν
1503 1037 1581 1108 τῷ
1609 1035 1818 1108 λουτρῷ
1846 1039 1947 1108 τῆς

369 1123 794 1192 παλιγγενεσίας
844 1126 1163 1197 ἐργάζεται’
1210 1130 1383 1199 αὑτῆς
1426 1131 1537 1201 γὰρ
1581 1130 1814 1185 ἅπτεται
1844 1130 1947 1200 τῆς

368 1212 547 1285 ψυχῆς
595 1217 628 1287 ἡ
683 1216 864 1287 χάρις,
917 1219 1177 1274 κάκεῖθεν.
1226 1219 1524 1292 πρόρριζον
1582 1222 1800 1293 ἀνασπᾷ
1845 1223 1946 1293 τὴν

371 1306 667 1377 ἁμαρτίαν.
702 1310 801 1362 Διά
833 1310 896 1380 δὴ
927 1309 1089 1366 τοῦτο
1114 1310 1207 1365 τοῦ
1248 1312 1346 1381 μὲν
1377 1312 1482 1365 ὑπὸ
1542 1313 1810 1382 βασιλέως
1842 1317 1949 1381 ἀφ·-

372 1396 583 1462 εθέντος
607 1399 866 1469 ρυπῶσαν
891 1400 990 1471 τὴν
1009 1401 1191 1472 ψυχὴν
1238 1403 1388 1456 ἐστιν
1440 1405 1585 1471 ίδεῖν,
1633 1405 1733 1475 τὴν
1754 1405 1810 1458 δὲ
1849 1405 1949 1459 τοῦ

375 1486 763 1558 βαπτισθέντος
795 1491 1003 1558 οὐκέτι,
1033 1493 1148 1545 ἀλλ’
1175 1493 1355 1546 αὑτῶν
1391 1493 1500 1548 τῶν
1524 1495 1766 1567 ἡλιακῶν
1795 1495 1948 1549 ἀκτί-

372 1594 480 1630 νων
506 1578 920 1651 καθαρωτέραν,
956 1583 1051 1634 καὶ
1080 1582 1170 1635 οἵα
1200 1582 1260 1649 ἐξ
1295 1584 1473 1654 ἀρχῆς
1502 1585 1825 1654 γεννηθεῖσα
1853 1581 1944 1656 ἦν,

375 1671 577 1741 μᾶλλον
599 1672 655 1724 δὲ
678 1672 776 1725 καὶ
795 1673 1010 1743 ἐκείνης
1035 1674 1243 1745 ἀμείνω
1267 1675 1471 1746 πολλῷ·
1505 1677 1643 1730 Πνεύ
1651 1695 1821 1747 ματος
1841 1678 1949 1749 γὰρ

372 1762 640 1817 ἀπολαύει
665 1764 759 1818 τοῦ
798 1763 1138 1835 πανταχόθεν
1166 1765 1336 1836 αὐτὴν
1366 1765 1666 1837 πυροῦντος
1713 1769 1810 1822 καὶ
1850 1769 1950 1839 τὴν

372 1855 684 1926 ἀγαοσύνην
752 1857 1139 1919 ἐπιτείνοντος.
1204 1858 1316 1913 Καὶ
1376 1857 1564 1929 ῶσπερ
1631 1858 1850 1932 σίδηρον
1914 1860 1948 1932 ἦ

372 1945 575 2017 χρυσὸν
621 1946 1007 2017 ἀναχωνεύων,
1064 1948 1302 2020 καθαρὸν
1352 1950 1448 2003 καὶ
1498 1950 1689 2006 καινὸν
1741 1953 1950 2008 ἀνωθεν

373 2038 567 2103 ποιεῖς’
596 2037 743 2093 οὓτω
773 2039 837 2111 δὴ
868 2041 963 2094 καὶ
1000 2041 1062 2094 τδ
1097 2042 1322 2113 Πνεῦμα
1362 2044 1424 2097 :6
1468 2044 1622 2114 ἅγιον
1673 2044 1867 2117 ῶσπερ
1893 2046 1950 2100 ἐν

373 2120 733 2203 χωνευτηρίιρ
762 2131 841 2203 τῷ
887 2131 1227 2206 βαπτίσματι
1255 2135 1599 2206 ἀναχωνεῦον
1628 2138 1827 2207 αὐτὴν,
1856 2139 1952 2191 καὶ

372 2222 627 2280 δαπανῶν
655 2225 725 2279 τά
752 2225 1156 2299 ἁμαρτήματα,
1195 2228 1420 2299 χρυσίου
1468 2228 1669 2291 παντὸς
1703 2230 1947 2302 καθαροῦ

372 2313 762 2387 καθαρώτερον
799 2315 1147 2370 ἀποστίλϐειν
1203 2319 1639 2390 παρασκευάζει.
1690 2320 1801 2375 Καὶ
1850 2320 1951 2392 τὴν

373 2404 483 2459 τῶν
517 2405 787 2477 σωμάτιον
834 2405 892 2459 δὲ
944 2406 1242 2461 ἀνάστασιν
1291 2407 1606 2474 ἀξιόπιστον
1653 2411 1950 2465 κάντεῦθέν

376 2511 457 2549 σοι
491 2495 1165 2555 πάλινδείκνυσινοὺσαν.
1208 2499 1426 2573 Ἐπειδὴ
1470 2502 1582 2574 7&9
1623 2504 1659 2574 ὴ
1706 2503 1952 2573 ἁμαρτία

372 2587 466 2641 τὸν
498 2587 732 2643 θάνατον
752 2591 1039 2660 εἰσήγαγε,
1064 2591 1166 2661 τῆς
1193 2592 1350 2664 ῥίζης
1387 2592 1765 2666 ξηρανθείσης,
1796 2594 1952 2647 οὐδὲν

372 2675 455 2730 δεῖ
503 2676 690 2731 λοιπὸν
743 2680 1111 2755 ἀμφιϐάλλειν
1143 2682 1284 2752 ὑπὲρ
1331 2682 1430 2753 τῆς
1468 2682 1563 2737 τοῦ
1593 2682 1810 2756 καρποῦ
1846 2686 1953 2738 ἀπ-

373 2767 591 2832 ωλείας.
608 2762 715 2822 ’Διά
744 2769 902 2824 τοῦτο
930 2772 1199 2844 πρότερον
1227 2772 1400 2827 εἰπὼν
1424 2775 1711 2847 ἁμαρτιῶν
1736 2776 1950 2845 ἄφεσιν,

373 2860 497 2915 τότε
527 2861 811 2932 ὁμολογεῖς
838 2863 936 2916 καὶ
957 2863 1171 2937 νεκρῶν
1199 2867 1516 2934 ἀνάστασιν,
1548 2866 1806 2921 ἐντεῦθεν
1852 2867 1949 2921 καὶ

375 2952 455 3015 είς
488 2953 664 3006 ἐκεῖνο
690 2957 1214 3027 χειραγωγούμενος.
1264 2951 1398 3010 Εἶτα
1425 2957 1611 3028 ἐπειδὴ
1653 2958 1754 3011 οὐκ
1793 2959 1955 3030 ἀρκεῖ

373 3038 438 3096 τὸ
463 3039 637 3112 ὄνομα
665 3041 766 3113 τῆς
796 3043 1145 3109 ἀναστάσεως
1171 3036 1346 3110 δεῖξαι
1375 3044 1438 3099 :6
1462 3048 1571 3099 πᾶν
1609 3046 1816 3117 (πολλοὶ
1843 3046 1954 3118 7&9

378 3134 708 3199 ἀναστάντες
736 3135 905 3189 πάλιν.
942 3136 1210 3208 ἀπῆλθον,
1240 3137 1315 3201 ὡς
1343 3139 1395 3191 οί.
1421 3140 1483 3191 ἐν
1509 3141 1576 3210 τῇ
1607 3139 1844 3211 Παλαιᾷ..
1878 3139 1955 3203 ὡς

373 3222 652 3297 Λάζαρος,
674 3224 749 3290 ὡς
782 3227 834 3280 οί
872 3228 930 3279 ἐν
957 3227 1035 3298 τῷ
1064 3225 1240 3299 καιρῷ
1276 3225 1372 3281 τοῦ
1418 3228 1711 3299 σταυροῦ),
1740 3229 1955 3284 κελεύει

377 3314 587 3386 λέγειν,
617 3318 731 3373 Καὶ
759 3319 841 3381 εἰς
870 3316 1016 3388 ζωὴν
1049 3315 1289 3382 αίώνιον,
1339 3317 1427 3372 ἵνα
1475 3322 1677 3391 μηκέτι
1722 3322 1954 3379 θάνατον

379 3410 701 3482 ὑποπτεύσῃ
724 3428 812 3474 τις
841 3409 979 3479 μετὰ
1006 3408 1108 3479 τὴν
1140 3407 1438 3463 ἀνάστασιν
1469 3410 1709 3481 ἐκείνην.
1736 3411 1957 3466 Τούτων

378 3501 562 3556 τοίνυν
592 3501 703 3555 τῶν
729 3500 990 3572 ῥημάτων
1022 3498 1453 3569 ἀναμιμνήσκων
1487 3499 1516 3551 ὁ
1550 3499 1761 3566 Παῦλός
1799 3518 1952 3572 φησιο

385 3594 450 3648 Τι
473 3594 843 3659 ποιήσουσιν
859 3593 920 3644 ot
936 3576 1357 3659 βαπτιζόμενοι
1385 3589 1539 3659 ὑπὲρ
1556 3590 1676 3645 τῶν
1696 3592 1957 3669 νειιρῶη

382 3684 447 3738 El
474 3683 584 3754 γὰρ
613 3682 688 3753 μὴ
721 3681 868 3735 ἔστιν
896 3681 1211 3744 ἀνάστασις,
1248 3681 1400 3752 φησὶ,
1437 3680 1615 3755 σκηνὴ
1641 3676 1711 3736 τὰ
1735 3686 1959 3757 ῥήματα

381 3774 577 3829 ταῦτα’
605 3775 655 3828 εί
688 3772 765 3845 μὴ
795 3772 940 3827 ἔστιν
965 3772 1286 3838 ἀνάστασις,
1318 3773 1437 3838 πῶς
1470 3776 1670 3841 αὐτοὺς
1700 3776 1962 3847 πείθομεν

384 3866 682 3930 πιστεύειν,
749 3864 895 3937 άπερ
960 3865 1022 3919 οὑ
1091 3866 1380 3937 διδόαμεν;
1435 3866 1626 3938 ὥσπερ
1674 3868 1740 3922 ἂν
1780 3869 1836 3921 ετ
1876 3885 1962 3931 τις

385 3956 623 4012 κελεύων
655 3958 1036 4029 γραμματεῖον
1068 3956 1324 4012 ἐκθέσθαι
1355 3957 1436 4013 6::
1464 3958 1526 4010 τὸ
1556 3959 1650 4012 καὶ
1681 3959 1742 4012 :6
1776 3958 1960 4025 ἔλαϐε,

390 4048 593 4119 μηκέτι
615 4048 725 4119 δῷη
756 4042 826 4102 τά
847 4047 1218 4119 ἐγγραφέντα,
1255 4044 1374 4103 εἶτα
1412 4047 1553 4118 μετά
1589 4048 1688 4116 τὴν
1720 4050 1964 4119 ὑπογρα-

386 4143 496 4215 φὴν
525 4142 783 4215 ἀπαιτοίη
835 4142 904 4197 τά
953 4141 1407 4213 ἐγγεγραμμένα.
1459 4141 1525 4194 Τί
1578 4141 1687 4211 7&9
1742 4143 1962 4212 ποιήσει

385 4234 578 4291 λοιπὸν
601 4235 631 4288 ὁ
662 4235 1007 4306 ὑπογράψας,
1033 4232 1334 4289 ὑπεύθυνον
1367 4232 1468 4303 μὲν
1492 4232 1684 4285 ἑαυτὸν
1708 4232 1960 4304 ποιήσας,

386 4328 449 4381 οὑ
482 4326 664 4381 λαϐὼν
693 4327 751 4380 δὲ
773 4328 917 4398 άπερ
946 4325 1303 4397 ὡμολόγησεν
1319 4325 1630 4395 είληφέναι;
1657 4323 1831 4378 Τοῦτο
1853 4324 1970 4395 γάρ

386 4418 483 4472 καὶ
513 4417 747 4473 ἐνταῦθα
772 4417 922 4486 λέγει
951 4418 1079 4489 περὶ
1103 4416 1211 4471 τῶν
1239 4414 1681 4487 βαπτιζομένων,
1710 4415 1775 4468 Τί
1809 4419 1965 4486 ποιή-

390 4526 575 4562 σουσιν
623 4511 673 4562 οί
722 4509 1134 4580 βαπτιζόμενοι,
1182 4510 1369 4580 φησὶν,
1419 4508 1835 4580 ὑπογράφοντες
1867 4508 1965 4579 μὲν

388 4598 683 4654 ἀνάστασιν
739 4600 1009 4670 σωμάτων
1062 4598 1294 4670 νεκρῶν,
1349 4601 1411 4653 οὑ
1463 4600 1834 4670 λαμϐάνοντες
1883 4600 1962 4660 δὲ,

389 4688 505 4743 ἀλλ’
531 4688 913 4762 ἀπατώμενοις
944 4690 999 4743 τί
1027 4689 1085 4743 δὲ
1113 4690 1252 4754 ὅλως
1277 4691 1370 4743 καὶ
1396 4691 1495 4761 τῆς
1520 4692 1812 4759 ὁμολογίας
1839 4675 1966 4743 ταύ-

390 4796 490 4850 της
520 4782 646 4846 έδει,
673 4784 721 4837 εἰ
740 4783 801 4836 :6
826 4782 987 4855 ἔργον
1013 4781 1090 4855 μὴ
1117 4783 1329 4849 εῖπετο;
1361 4782 1421 4837 Τί
1443 4782 1540 4835 καὶ
1564 4780 1737 4850 ἡμεῖς
1761 4781 1963 4835 κινδυε-

392 4871 646 4940 nam?
679 4872 889 4932 micam
915 4875 1109 4944 c'bpar;
1146 4873 1284 4930 Καθ’
1314 4874 1544 4944 ’ἡμέραν
1573 4872 1963 4941 ἀποθνήσκω,

396 4961 472 5030 νὴ
531 4960 646 5029 τὴν
681 4964 973 5035 ὑμετέραν
1005 4968 1328 5037 καύχησιν,
1362 4965 1443 5034 ἢν
1472 4964 1591 5037 ἔχω
1632 4966 1704 5021 ἐν
1735 4966 1967 5035 Χριστῷ

407 5051 634 5121 Ἰησοῦ.
671 5053 816 5122 Ὅρα
842 5056 1004 5109 πάλιν
1039 5058 1200 5111 πόθεν
1244 5060 1514 5130 ἐπιχειρεῖ
1555 5060 1965 5114 κατασκευάσαι

396 5145 457 5198 τὺ
487 5143 682 5214 δόγμα,
727 5144 835 5199 ἀπὺ
875 5145 973 5214 τῆς
999 5146 1209 5207 οἰκείας
1234 5148 1439 5216 ψήφου,
1473 5148 1675 5217 μᾶλλον
1703 5149 1759 5204 δὲ
1783 5150 1841 5202 ού
1870 5153 1969 5220 τῆς

397 5236 565 5291 αὑτοῦ
600 5236 782 5307 μόνον,
829 5234 965 5290 ἀλλά
1013 5235 1233 5305 καὶτῆς
1274 5236 1380 5289 τῶν
1404 5237 1607 5293 λοιπῶν
1634 5241 1967 5295 ἀποστόλων.

400 5330 477 5383 Οὐ
512 5331 704 5402 μικρὸν
730 5330 788 5385 δέ
816 5330 913 5384 καὶ
941 5327 1099 5384 τοῦτο
1126 5328 1190 5382 τὸ
1210 5329 1334 5392 τοὺς
1354 5328 1707 5395 διδασκάλους
1730 5334 1970 5401 εἰσάγειν

407 5420 612 5492 σφόδρα
643 5421 1252 5495 πεπληροφορημένους,
1304 5420 1398 5475 καὶ
1446 5418 1606 5475 τούτο
1656 5422 1969 5488 δεικνύντας

403 5509 464 5560 ού
496 5508 586 5561 διά
617 5510 790 5580 λόγων
821 5514 1001 5582 μόνον,
1036 5512 1174 5568 ἀλλά
1204 5513 1298 5566 καὶ
1333 5512 1401 5566 δι’
1434 5513 1615 5567 αὐτῶν
1667 5516 1775 5568 τῶν
1830 5532 1970 5584 πρα-

348 5608 359 5614 ’
403 5599 646 5665 γμάτων.
668 5603 764 5657 Διά
788 5604 853 5677 δὴ
873 5606 1030 5659 τοῦτο
1063 5607 1123 5659 οὑ
1157 5605 1303 5674 λέγει
1334 5603 1538 5674 ἁπλῶς,
1570 5607 1650 5659 6::
1672 5605 1780 5660 Καὶ
1810 5605 1971 5675 ἡμεῖς

1101 185 1161 241 s.
1199 184 1486 241 JOANNlS
1522 152 1955 242 οιηιῖεοετοι

2058 182 2379 244 ARCHIEP.
2420 186 2980 249 CONSTANTINOP.

3509 188 3633 244 550‘

2046 306 2409 377 πεπείσμεθαο
2438 309 2560 363 οὐδὲ
2620 309 2769 383 [381]
2821 309 2933 383 γάρ
2992 309 3155 380 ἤρκει
3210 307 3368 362 τοῦτο
3429 307 3617 361 πεῖσαι

2049 395 2229 465 μόνον’
2255 399 2390 455 ἀλλά
2416 401 2511 454 καὶ
2534 401 2634 472 τὴν
2663 400 2755 455 διά
2794 400 2905 453 τῶν
2958 397 3299 471 πραγμάτων
3346 396 3621 463 ἀπόδειξιν

2045 488 2364 559 παρέχεται⁸
2391 492 2466 555 ὡς
2492 491 2559 547 ἀν
2589 493 2639 545 εί
2667 492 3093 563 ἐλεγε,Ῥήμασι
3121 488 3299 544 ταῦτα
3326 490 3614 560 ὁμολογεῖν

2045 581 2197 635 οὐδὲν
2228 582 2357 645 ἴσως
2381 583 2509 653 ὑμῖν
2539 584 2687 637 δοκεῖ
2714 583 3025 657 θαυμαστὸν
3051 579 3212 639 εἶναι*
3241 585 3290 636 εί
3313 582 3369 636 δὲ
3402 584 3501 653 καί
3518 582 3619 654 τὴν

2046 672 2155 726 ἀπὸ
2185 673 2298 726 τῶν
2322 672 2499 745 ἔργων
2524 675 2655 747 ὑμῖν
2687 677 3066 749 παράσχοιμεν
3114 674 3319 746 φωνὴν,
3371 675 3426 728 τί
3479 674 3618 746 πρὸς

2046 762 2203 817 τοῦτο
2227 764 2409 835 ἔχοιτε
2449 767 2758 834 ἀντειπεῖν;
2806 767 3101 822 Ἀκούσατε
3128 767 3330 830 τοίνυν,
3362 766 3484 830 πῶς
3516 766 3617 820 καὶ

2045 852 2134 908 διά
2154 854 2264 907 τῶν
2285 854 2551 909 κινδύνων
2595 856 2770 911 ταῦτα
2808 857 2932 912 καθ’
2979 858 3216 927 ἑκάστην
3243 854 3618 927 ὁμολογοῦμεν

2045 944 2145 1017 τὴν
2170 947 2408 1017 ἡμέραν.
2442 947 2553 1001 Καὶ
2579 948 2680 1001 οὑκ
2707 943 3062 1017 εἷπεν,Ἐγὼ,
3096 946 3234 1013 ἀλλ’,
3262 930 3478 1017 Ἡμὲἷς,
3510 962 3619 999 πα-

2049 1037 2411 1108 ραλαμϐάνων
2461 1038 2672 1104 πάντας
2727 1040 2862 1111 ὁμοῦ
2924 1041 3051 1104 τοὺς
3111 1038 3463 1103 ἀποστόλους,
3522 1037 3619 1091 καὶ

2045 1129 2221 1202 ταύτῃ
2245 1130 2555 1201 μετριάζων
2579 1147 2639 1185 τε
2671 1131 2767 1187 καὶ
2796 1132 3107 1199 ἀξιόπιστον
3130 1131 3299 1187 ποιῶν
3319 1132 3409 1186 τὸν
3435 1131 3614 1198 λόγον.

2047 1216 2115 1269 Τί
2140 1217 2249 1289 γάρ
2278 1218 2345 1271 ἀν
2370 1218 2548 1290 ἔχοιτε
2581 1221 2793 1288 είπεῖν;
2825 1224 2907 1276 ὄτι
2928 1222 3233 1293 ἀπατῶμεν
3263 1223 3410 1294 ὑμᾶς
3438 1220 3618 1276 ταῦτα

2047 1309 2435 1379 κηρύττοντες,
2467 1312 2562 1366 καὶ
2605 1310 2914 1381 κενοδοξίας
2953 1314 3138 1367 ἕνεκεν
3176 1314 3619 1385 δογματίζομεν;

2062 1400 2201 1453 Ἀλλ’
2229 1402 2331 1456 οὐκ
2374 1403 2507 1457 ἐῶσι
2556 1403 2730 1459 ταῦτα
2780 1406 3111 1475 ψηφίζεσθαι
3164 1407 3215 1460 οἱ
3250 1405 3502 1460 κίνδυνοιο
3534 1407 3621 1470 τίς

2049 1490 2159 1563 γάρ
2183 1492 2249 1547 ἂν
2271 1494 2442 1548 ἕλοιτο
2466 1495 2797 1551 κινδυνεύειν
2826 1490 3097 1566 διηνεκῶς
3134 1497 3254 1566 εἰκῆ
3281 1497 3376 1550 καὶ
3408 1497 3617 1568 μάτην;

2049 1582 2142 1635 Διὸ
2168 1585 2266 1636 καὶ
2307 1583 2481 1653 ἐλεγεο
2518 1587 2579 1640 Τί
2612 1587 2707 1640 καί
2745 1588 2917 1655 ἡμεῖς
2954 1587 3384 1656 κινδυνεύομεν
3413 1587 3620 1641 πᾶσαν
3693 1600 3701 1607 ‘

2048 1671 2243 1741 ὥραν;
2276 1674 2340 1727 El
2365 1675 2475 1746 7&9
2504 1677 2598 1729 καὶ
2632 1676 2805 1730 ἓλοιτὸ
2830 1694 2915 1742 τις
2963 1678 3051 1731 διὰ
3104 1678 3431 1746 κενοδοξίαν,
3473 1676 3622 1743 ἆπαξ

2049 1766 2144 1818 καὶ
2171 1762 2419 1838 δεύτερον
2442 1765 2600 1820 τοῦτο
2631 1768 2941 1839 αἱρήσεται,
2971 1769 3090 1840 οὐχὶ
3135 1770 3313 1824 πάντα
3342 1770 3436 1823 τὸν
3482 1770 3619 1840 βίον,

2051 1857 2303 1928 καθάπερ
2352 1859 2535 1928 ἡμεῖς’
2565 1860 2729 1928 ἡμεῖς
2779 1859 2889 1929 γάρ
2937 1860 3035 1932 τὴν
3091 1860 3236 1932 ζωὴν
3287 1861 3506 1915 ἃπασαν
3538 1864 3621 1926 εἰς
3721 1930 3728 1939 .

2049 1947 2210 2001 τοῦτο
2257 1947 2734 2018 κατεστησάμεθα.
2793 1952 2931 2004 Καθ’
2957 1949 3186 2018 ἡμέραν
3236 1950 3625 2018 ἀποθνήσκω,

2048 2037 2129 2108 νὴ
2161 2038 2276 2107 τὴν
2301 2039 2594 2109 ὑμετέραν
2641 2041 2966 2110 καύχησιν,
2999 2040 3078 2109 ἣν
3108 2042 3228 2110 ἔχω
3271 2042 3343 2096 ἐν
3389 2041 3622 2110 Χριστῷ

2064 2131 2289 2199 Ἰησοῦ·
2325 2134 2595 2202 καύχησιν
2626 2132 2860 2185 ἐνταῦθα
2887 2133 2989 2203 τὴν
3009 2132 3190 2186 αὐτῶν
3212 2133 3501 2203 προκοπὴν
3532 2131 3623 2185 λέ-

2049 2238 2184 2290 γων.
2223 2222 2440 2294 Ἐπειδὴ
2475 2222 2586 2292 γὰρ
2638 2222 2868 2285 πολλοὺς
2929 2222 3099 2288 ἔδειξε
3152 2222 3281 2285 τοὺς
3337 2221 3623 2286 κινδύνους
3706 2250 3719 2258 σ

2049 2311 2230 2376 ὂντας,
2255 2311 2341 2365 ἶνα
2373 2312 2449 2384 μὴ
2484 2310 2611 2385 δόξῃ
2638 2311 2714 2375 ὡς
2743 2312 3147 2383 ἀποδυρόμενος
3187 2312 3362 2367 ταῦτα
3416 2313 3623 2382 λέγειν,

2051 2404 2126 2458 Ού
2155 2404 2316 2475 μόνον
2340 2405 2442 2459 οὑκ
2467 2404 2638 2474 ἀλγῶ,
2664 2405 2850 2476 φησὶν,
2880 2404 3017 2458 ἀλλὰ
3064 2405 3160 2458 καὶ
3207 2405 3497 2476 καυχῶμαι
3542 2404 3625 2475 τῷ

2049 2494 2222 2549 ταῦτα
2249 2496 2480 2566 πάσχειν
2506 2496 2647 2567 ὑπὲρ
2681 2496 2858 2566 ὑμῶν.
2910 2495 3082 2567 Διπλῆ
3128 2496 3185 2548 δὲ
3232 2496 3624 2567 ἐναϐρύνεσθαί

2052 2603 2206 2657 φησι,
2241 2589 2336 2641 καὶ
2387 2586 2470 2658 τῷ
2502 2588 2570 2641 δι’
2595 2589 2795 2651 αὑτοὺς
2847 2587 3199 2654 κινδυνεύειν,
3261 2587 3358 2642 καὶ
3383 2588 3462 2660 τῷ
3489 2590 3626 2661 ὁρᾷν

2050 2680 2248 2743 αὐτοὺς
2297 2678 2649 2742 ἐπιδιδόντας.
2685 2676 2818 2734 Εἶτα
2870 2680 2931 2734 :6
2964 2680 3112 2751 αὑτῷ
3168 2680 3396 2753 σύνηθες
3429 2681 3625 2744 ποιῶν,

2051 2769 2241 2842 ἐπειδὴ
2279 2771 2491 2840 μεγάλα
2516 2771 2841 2840 ἐφθέγξατο,
2873 2772 3160 2843 ἀμφότερα
3213 2771 3497 2841 ἀνατίθησι
3548 2770 3628 2838 τῷ

2052 2861 2291 2933 Χριστῷ.
2312 2861 2437 2924 Πῶς
2458 2862 2516 2915 δὲ
2531 2861 2870 2932 ἀποθνήσκει
2892 2862 3015 2916 καθ’
3034 2863 3271 2932 ἑκάστην
3288 2862 3524 2934 ἡμέρως
3545 2863 3626 2932 Τῇ

2053 2950 2331 3022 προθυμία
2348 2950 2534 3021 καὶτῷ
2554 2950 2994 3022 παρεσκευάσθαι
3011 2950 3146 3020 πρὸς
3160 2949 3338 3003 τοῦτο.
3359 2949 3468 3002 Καὶ
3484 2948 3631 3011 τίνος

2052 3046 2237 3099 ἐνεκεν
2265 3043 2440 3099 ταῦτα
2471 3043 2650 3113 λέγεις
2686 3043 2857 3098 Πάλιν
2876 3044 2969 3098 τὸν
3004 3043 3132 3114 περὶ⁸
3158 3042 3258 3112 τῆς
3282 3041 3630 3103 ἀναστάσεως

2054 3141 2150 3194 καὶ
2180 3139 2269 3193 διά
2299 3137 2509 3193 τούτων
2555 3134 2985 3200 κατασκευάζων
3036 3133 3214 3202 λόγον.
3264 3134 3363 3196 Τίς
3404 3133 3514 3204 γὰρ
3562 3132 3631 3186 ἀν

2054 3233 2250 3294 ἕλοιτο,
2275 3231 2429 3302 φησὶ,
2460 3230 2748 3292 τοσούτους
2777 3227 3070 3297 ὑπομένειν
3095 3224 3378 3287 θανάτους,
3399 3223 3632 3277 ἀναστά-

2058 3342 2194 3389 σεως
2245 3325 2346 3378 οὑκ
2376 3322 2545 3393 οὑσης
2590 3321 2712 3375 οὑδέ
2768 3318 2915 3390 ζωῆς
2950 3320 3088 3389 μετά
3115 3317 3321 3385 ταῦτας
3350 3309 3554 3387 Εῖγάρ
3580 3317 3630 3369 οῖ

2057 3417 2406 3481 πιστεύοντες
2434 3418 2500 3488 τῇ
2526 3414 2846 3474 ἀναστάσει,
2884 3412 3038 3483 μόλις
3064 3410 3131 3466 ἀν
3151 3412 3291 3481 ὑπὲρ
3317 3410 3490 3480 αὐτῆς
3518 3426 3633 3464 κιν-

2056 3504 2392 3572 δυνεύσοιεν,
2421 3508 2470 3560 εί
2508 3506 2583 3577 μὴ
2618 3506 2824 3576 σφόδρα
2860 3500 2972 3558 εἷεν
2995 3505 3254 3572 γενναῖοιο
3281 3500 3458 3571 πολλῷ
3493 3499 3632 3568 μᾶλ-

2057 3600 2148 3654 λον
2191 3602 2220 3654 ὁ
2264 3599 2340 3671 μὴ
2369 3598 2663 3662 πιστεύων,
2699 3596 2884 3667 φησὶν,
2915 3596 3016 3649 οὑκ
3048 3595 3113 3648 ἂν
3142 3594 3313 3647 ’έλοιτο
3340 3589 3627 3653 τοσούτους

2058 3688 2352 3759 ὑπομένειν
2394 3686 2678 3750 θανάτους,
2730 3685 2825 3740 καὶ
2874 3684 3018 3738 οὑτω
3058 3682 3348 3754 χαλεπούς.
3377 3680 3489 3735 Καὶ
3518 3679 3629 3752 γὰρ

2059 3782 2201 3837 κατὰ
2226 3780 2418 3852 μικρὸν
2447 3780 2551 3850 ὅρα
2581 3778 2752 3846 πόσην
2777 3779 3009 3831 ποιεῖται
3031 3776 3132 3845 τὴν
3160 3773 3409 3845 αὑξησιν.
3445 3768 3630 3838 Εἶπεν,

2059 3875 2144 3928 ὁτι
2169 3870 2632 3941 Κινδυνεύομεν,
2679 3868 3040 3939 προσέθηκεν,
3073 3867 3155 3920 ὅτι
3195 3863 3412 3920 Πᾶσιν·
3446 3860 3637 3930 ὥραν,

2061 3959 2203 4028 εἶτα,
2227 3965 2311 4019 6::
2335 3963 2477 4019 Καθ’
2530 3961 2782 4031 ἡμέραν,
2833 3956 2975 4023 εἶτα,
3030 3959 3112 4013 ὅτι
3159 3959 3248 4023 οὑ,
3299 3952 3634 4017 Κινδυνεύω,

2064 4056 2246 4127 μόνον,
2287 4053 2477 4123 φησὶν,
2521 4051 2658 4105 ἀλλά
2701 4050 2817 4114 καὶ,
2854 4050 3233 4120 Ἀποθνήσκω.
3280 4046 3534 4100 Δείκνυσι
3570 4043 3645 4116 δὴ

2060 4145 2245 4200 λοιπὸν
2270 4145 2363 4198 καὶ
2391 4144 2669 4205 ποταποὺς
2697 4141 2980 4205 θανάτους,
3003 4139 3146 4194 οὕτω
3168 4139 3366 4206 λέγων’
3390 4139 3458 4191 EI
3486 4136 3637 4191 κατὰ

2062 4238 2377 4305 ἄνθρωπον
2425 4232 2873 4305 ἐθηριομάχησα
2922 4233 2994 4287 ἐν
3040 4232 3292 4301 Ἐφέσῳ,
3323 4230 3383 4285 τι
3420 4247 3522 4301 μοι
3567 4228 3637 4283 τὸ

2063 4329 2285 4401 ὄφελος
2299 4345 2321 4393 ;

2132 4431 2203 4494 γ’.
2246 4423 2313 4477 Τί
2343 4424 2511 4489 ἐστιν,
2553 4422 2625 4477 Et
2660 4418 2811 4475 κατὰ
2855 4418 3207 4485 ἄνθρωπον;
3243 4416 3409 4472 Ὅσον
3443 4413 3503 4468 :6
3555 4413 3637 4477 είς

2064 4514 2385 4586 ἀνθρώπους
2412 4509 2567 4586 ἧκον,
2609 4512 3041 4582 ἐθηριομάχησα.
3072 4506 3139 4562 Τί
3177 4510 3307 4580 γὰρ,
3344 4509 3393 4561 εί
3435 4510 3463 4561 ὁ
3506 4505 3640 4569 Θεὸς

2065 4602 2342 4675 ἐξήρπασέ
2374 4620 2440 4674 με
2471 4601 2581 4655 τῶν
2608 4601 2902 4668 κινδύνων;
2944 4601 3106 4654 Ὥστε
3140 4602 3169 4653 ὁ
3219 4599 3461 4669 μάλιστα
3498 4597 3640 4668 ὑπὲρ

2064 4693 2267 4748 τούτων
2313 4692 2541 4762 ὀφείλων
2591 4694 2886 4765 μεριμνᾷν,
2935 4690 3046 4760 ἐγὼ
3101 4692 3217 4761 είμι
3268 4691 3319 4757 ὁ,
3353 4688 3641 4752 τοσούτους

2067 4784 2343 4848 κινδύνους
2370 4782 2678 4853 ὑπομένων,
2729 4784 2824 4837 καὶ
2878 4781 3150 4853 μηδεμίαν
3201 4780 3428 4851 μηδέπω
3458 4776 3667 4835 λαϐὼν.

2069 5153 2177 5220 γάρ
2207 5152 2501 5214 ἀκινδύνως
2549 5149 2927 5211 ἐπιστεύσατε,
2961 5149 3121 5218 ἡμεῖς
3160 5146 3219 5200 δὲ
3260 5144 3643 5213 καθ’ἑκάστην

2071 5242 2418 5311 σφαττὸμεθα
2448 5241 2547 5312 τὴν
2589 5240 2824 5312 ἡμέραν.
2865 5239 3054 5293 Ταῦτα
3082 5238 3138 5292 δὲ
3170 5239 3389 5292 ἅπαντα
3431 5235 3640 5303 ἔλεγεν.

2069 5330 2385 5401 ούκᾼέπειδὴ
2409 5333 2510 5385 οὐκ
2534 5328 2680 5401 εἶχεν
2700 5332 2890 5401 ὄφελος
2917 5331 3012 5384 καὶ
3033 5332 3091 5384 ὲν
3113 5329 3263 5400 αύτῷ
3288 5327 3364 5399 τῷ
3389 5326 3641 5398 πάσχειν,

2070 5399 2203 5475 ἀλλά
2227 5420 2314 5474 διά
2339 5421 2438 5491 τὴν
2466 5421 2575 5474 τῶν
2603 5422 2813 5476 πολλῶν
2843 5421 3148 5488 ἀσθένειαν,
3172 5421 3265 5475 καὶ
3286 5419 3427 5474 ὥστε
3445 5416 3644 5480 αὐτοὺς

2071 5514 2151 5577 εἰς
2187 5511 2278 5564 τὸν
2306 5514 2432 5580 περὶ
2465 5512 2562 5582 τῆς
2614 5514 2964 5580 ἀναστάσεως
2996 5513 3148 5587 [589.]
3181 5513 3432 5585 στηρίξαι
3459 5511 3636 5580 λόγον’

2074 5604 2173 5658 οὑκ
2192 5604 2379 5678 ἐπειδὴ
2404 5603 2562 5669 αὐτὸς
2586 5605 2677 5659 ἐπὶ
2699 5606 2876 5679 μισθῷ
2908 5606 3145 5679 ἔτρεχενο
3168 5605 3411 5678 ἀρκοῦσα
3441 5602 3550 5674 7&9
3575 5597 3645 5672 ἦν
