4138 6220
404 236 512 297 569

406 350 672 426 principes
697 354 878 403 autem
907 352 964 401 et
988 354 1166 415 reges,
1190 339 1402 397 etiamsi
1425 339 1698 396 dimittant
1725 345 1779 395 ct
1802 339 1987 394 absol-

404 454 530 498 vant
550 440 824 497 adulteros
846 445 903 493 et
928 433 1226 491 homicidas
1242 470 1263 500 ,
1287 447 1317 486 a
1342 431 1592 501 praesenti
1613 430 1827 501 quidem
1857 431 1989 485 libe-

400 543 525 592 rant
548 531 833 603 supplicio,
855 542 1043 585 eorum
1064 534 1242 582 autem
1268 531 1544 596 peccatum
1566 536 1673 578 non
1695 522 1988 577 emundant

399 638 457 682 et
500 625 750 695 expiant;
799 629 856 676 et
895 620 941 674 si
986 618 1237 674 dimissos
1278 615 1493 687 quidem
1536 615 1877 684 provexerint
1918 611 1986 666 ad

398 719 775 789 magistratus,
806 722 862 767 et
885 711 970 767 vel
996 711 1110 781 ipsa
1141 708 1413 763 induerint
1440 720 1670 776 purpura
1696 713 1722 770 ,'
1740 714 1793 760 et
1819 707 1989 774 impo-

399 810 609 866 suerint
643 807 724 862 eis
758 803 1039 866 diadema;
1083 815 1239 871 reges
1275 798 1491 869 quidem
1529 797 1609 853 sic
1646 796 1926 860 fecerunt,
1955 808 1987 849 a

398 898 637 972 peccatis
663 906 842 953 autem
868 909 974 950 non
1005 892 1298 948 liberarunt
1327 911 1341 948 :
1370 891 1518 944 solus
1544 889 1688 944 enim
1718 889 1856 943 Deus
1886 887 1987 942 hoc

398 991 548 1047 facit.
578 988 730 1056 Quod
764 985 979 1057 quidem
1014 990 1267 1051 cperatur
1298 981 1353 1035 in
1393 980 1605 1035 lavacro
1628 978 1989 1048 regeneratio-

400 1084 487 1139 nis
512 1100 527 1137 :
551 1083 723 1152 ipsam
750 1080 893 1133 enim
922 1076 1155 1132 animam
1186 1074 1352 1144 tangit
1378 1073 1547 1142 gratia
1566 1112 1583 1138 ,
1611 1080 1665 1126 et
1689 1071 1836 1126 illinc
1858 1084 1989 1141 pec-

401 1188 580 1231 catum
609 1173 797 1230 evellit
832 1170 1108 1226 radicitus.
1150 1168 1437 1237 Propterea
1465 1166 1584 1236 ejus
1612 1163 1826 1235 quidem
1851 1206 1867 1232 ,
1896 1163 1985 1234 qui

400 1281 485 1325 est
511 1268 765 1323 dimissus
791 1279 821 1318 a
852 1277 980 1334 rege
1003 1304 1019 1327 ,
1047 1261 1318 1316 sordidam
1347 1258 1530 1315 videre
1559 1259 1683 1313 licet
1711 1257 1943 1311 animam
1967 1272 1983 1310 :

401 1362 519 1432 ejus
557 1368 736 1415 autem
772 1356 863 1427 qui
904 1365 987 1410 est
1026 1353 1322 1424 baptizatus
1345 1392 1361 1417 ,
1391 1351 1648 1415 minime,
1677 1349 1773 1405 sed
1811 1350 1985 1418 ipsum

400 1454 534 1509 solis
553 1449 720 1508 radiis
744 1450 1035 1519 puriorem,
1057 1454 1113 1500 et
1132 1444 1302 1515 qualis
1323 1443 1422 1497 fuit
1441 1451 1692 1512 generata
1714 1443 1783 1499 ab
1803 1441 1984 1508 initio;

402 1546 512 1603 imo
541 1556 674 1598 vero
701 1539 790 1596 illa
828 1550 1041 1609 quoque
1078 1535 1237 1605 longe
1276 1534 1551 1588 meliorem
1580 1550 1597 1587 :
1624 1532 1817 1587 fruitur
1842 1531 1983 1586 enim

370 1636 603 1707 ,Spiritu
640 1634 729 1704 qui
770 1646 889 1687 eam
915 1629 1071 1684 omni"
1093 1642 1162 1682 ex
1200 1634 1350 1697 parte
1390 1624 1718 1689 inflammat,
1747 1632 1805 1678 et
1828 1631 1988 1693 auget

402 1727 760 1784 sanctitatem.
787 1725 856 1780 Et
877 1723 1019 1778 sicut
1041 1735 1230 1775 aurum
1255 1726 1349 1774 aut
1370 1728 1649 1789 argentum
1672 1716 1985 1782 refundens,

403 1837 596 1893 purum
622 1828 679 1874 et
700 1832 896 1872 novum
925 1814 1055 1869 facis
1079 1813 1256 1868 denuo
1283 1828 1298 1866 :
1328 1811 1398 1865 ita
1422 1810 1582 1866 etiam
1609 1808 1838 1879 Spiritus
1862 1823 1989 1863 san-

402 1923 520 1969 ctus
542 1914 596 1967 in
623 1910 886 1979 baptismo
913 1916 1179 1975 tamquam
1205 1904 1261 1957 in
1287 1902 1504 1956 fornace
1527 1906 1647 1955 eam
1672 1897 1984 1963 refundens,

401 2020 460 2063 et
498 2014 712 2076 peccata
751 2013 1075 2058 consumens
1098 2039 1114 2063 ,
1155 1995 1320 2052 efficit
1357 2005 1417 2049 ut
1454 1993 1648 2064 quovis
1683 2001 1816 2047 auro
1853 1998 1987 2060 puro

403 2098 593 2168 purius
639 2093 858 2163 fulgeat.
910 2091 1152 2159 itemque
1197 2098 1487 2156 corporum
1535 2082 1986 2138 resurrectionem

404 2188 535 2242 hinc
560 2199 773 2256 quoque
809 2196 995 2237 rursus
1040 2179 1133 2234 tibi
1178 2178 1306 2233 facit
1343 2190 1464 2232 esse
1492 2174 1824 2230 credibilem.
1854 2172 1985 2228 Nam

404 2278 660 2347 quoniam
704 2286 972 2344 peccatum
1012 2280 1238 2327 mortem
1267 2270 1450 2325 intulit
1470 2309 1486 2336 ,
1517 2267 1781 2323 exsiccata
1808 2266 1990 2322 radice

405 2386 516 2425 non
542 2378 626 2424 est
650 2367 876 2436 amplius
896 2362 1244 2418 dubitandum
1271 2361 1339 2415 de
1361 2359 1566 2414 fructus
1590 2358 1828 2413 interitu.
1854 2357 1991 2411 Pro-

404 2471 585 2531 pterea
602 2472 735 2512 cum
764 2457 911 2526 prius
939 2454 1171 2510 dixisses
1199 2452 1571 2506 remissionem
1604 2456 1944 2519 peccatorum
1970 2488 1987 2514 ,

405 2564 534 2606 tunc
552 2546 827 2604 conﬁteris
846 2545 1008 2601 etiam
1031 2555 1363 2598 mortuorum
1382 2539 1849 2602 resurrectionem,
1869 2538 1992 2592 hinc

405 2644 475 2698 ad
502 2641 627 2697 illud
647 2639 931 2696 deductus.
956 2636 1155 2692 Deinde
1174 2636 1425 2705 quoniam
1450 2648 1558 2688 non
1578 2630 1774 2686 sufficit
1794 2644 1992 2684 nomen

405 2731 816 2791 resurrectionis
835 2730 902 2786 ad
924 2730 1233 2784 universum
1246 2725 1634 2782 ostendendum
1653 2724 1825 2795 (multi
1843 2724 1989 2779 enim

406 2827 498 2896 qui
526 2824 930 2879 resurrexeran't
954 2835 1142 2876 rursus
1165 2826 1535 2879 excesserunt.
1559 2826 1615 2871 ut
1639 2817 1727 2886 qui
1757 2830 1992 2871 resurre-

406 2927 603 2977 xerunt
632 2917 684 2970 in
710 2914 913 2978 Veteri,
939 2922 999 2966 ut
1022 2912 1276 2977 Lazarus,
1304 2908 1475 2980 utqui
1507 2919 1747 2979 tempore
1770 2907 1989 2978 crucis),

406 3010 557 3080 jubet
579 3008 759 3063 dicere
782 3042 800 3073 ,
828 3007 895 3061 Et
920 3005 975 3060 in
1002 3005 1164 3059 vitam
1195 3014 1450 3059 aeternam
1475 3042 1490 3066 ,
1524 3016 1591 3056 ne
1618 3002 1737 3072 quis
1765 3001 1995 3070 amplius

408 3103 709 3169 suspicetur
751 3106 979 3155 mortem
1025 3107 1147 3168 post
1193 3096 1657 3151 resurrectionem.
1700 3094 1827 3149 Haec
1864 3109 1995 3163 ergo

409 3195 572 3249 verba
603 3193 655 3247 in
684 3193 998 3246 memoriam
1029 3204 1288 3245 revocans
1317 3188 1512 3243 Paulus
1539 3187 1671 3243 dicit
1702 3205 1716 3241 :
1746 3187 1884 3255 Quid
1914 3192 1995 3257 fa-

412 3288 542 3339 cient
576 3284 663 3354 qui
699 3284 1022 3353 boptimtur
1055 3298 1150 3351 pro
1189 3280 1432 3334 mortuis?
1467 3279 1601 3334 Nam
1639 3278 1684 3333 si
1723 3293 1830 3333 non
1869 3287 1952 3335 est
1974 3319 1992 3346 ,

411 3376 617 3447 inquit,
648 3373 990 3437 resurrectio,
1021 3371 1136 3426 hznc
1162 3371 1323 3426 verba
1354 3372 1508 3440 plane
1536 3380 1663 3424 sunt
1689 3369 1847 3425 ludus
1872 3384 1995 3426 see.

412 3474 582 3527 nicas.
609 3469 669 3525 Si
695 3484 803 3524 nou
827 3476 910 3523 est
933 3465 1286 3530 resurrectio,
1311 3463 1581 3535 quomodo
1605 3463 1684 3517 eis
1709 3461 1997 3517 suademus

413 3572 476 3618 ut
498 3560 725 3615 credant
750 3574 871 3630 qua:
900 3572 1007 3611 non
1035 3555 1262 3610 damus?
1291 3564 1350 3609 ut
1376 3555 1422 3608 si
1456 3554 1578 3625 quis
1610 3554 1806 3624 jubeus
1833 3553 2001 3609 edere

419 3650 729 3709 scbedulatn
779 3649 925 3721 quod
977 3648 1082 3705 hoc
1132 3658 1189 3703 et
1240 3646 1371 3702 illud
1425 3645 1728 3715 acceperit,
1780 3646 1999 3701 minime

417 3745 622 3801 dederit
661 3759 784 3815 qua:
828 3743 889 3798 in
929 3756 994 3796 ea
1018 3740 1236 3811 scripta
1273 3748 1435 3805 sunt;
1481 3738 1674 3795 deinde
1719 3747 1998 3809 postquam

416 3837 717 3907 subscripta
759 3836 922 3891 fuerit
961 3832 1214 3890 schedula
1237 3871 1254 3899 ,
1296 3832 1481 3901 exigat
1521 3846 1641 3901 quae
1683 3830 1735 3884 in
1773 3842 1835 3885 ea
1874 3837 2009 3884 sunt

417 3929 634 3998 scripta.
659 3926 798 3994 Quid
820 3927 963 3981 enim
984 3925 1052 3979 de
1071 3933 1269 3979 czetero
1295 3920 1453 3978 faciet
1476 3922 1522 3976 is
1539 3922 1633 3993 qui
1652 3920 1997 3990 subscripsit,

418 4037 543 4075 eum
568 4034 630 4076 se
651 4019 865 4090 quidem
892 4017 1190 4073 debitorem
1216 4015 1576 4079 constituerit,
1604 4029 1711 4069 non
1738 4013 2007 4083 acceperit

418 4122 601 4167 autem
627 4125 692 4165 ea
712 4124 831 4181 quae
859 4108 1138 4164 confessus
1165 4115 1249 4162 est
1276 4122 1338 4160 se
1362 4104 1674 4174 accepisse?
1717 4103 1830 4158 iioc
1859 4103 2009 4158 enim

420 4204 510 4259 hic
533 4217 745 4272 quoque
766 4202 897 4257 dicit
915 4201 985 4256 de
1006 4200 1074 4254 iis
1096 4198 1185 4270 qui
1210 4198 1547 4268 baptizantur
1569 4212 1585 4250 :
1608 4196 1744 4263 Quid
1771 4195 1999 4261 facient,

420 4296 632 4367 inquies
649 4335 666 4361 ,
693 4294 782 4365 qui
813 4293 1149 4364 baptizautur
1166 4332 1182 4357 ,
1210 4291 1300 4362 qui
1329 4290 1761 4358 subscripserunt
1788 4287 2002 4357 quidem

421 4389 870 4445 restn'rectionem
900 4396 1226 4441 mortuorum
1256 4395 1542 4452 corporum
1563 4416 1579 4446 ,
1606 4394 1714 4435 non
1743 4380 2009 4449 recipiunt

421 4490 600 4537 atatem
619 4520 636 4548 ,
668 4480 765 4537 sed
794 4477 1167 4550 decipiuntur?
1197 4474 1324 4545 quid
1351 4474 1571 4528 omnino
1598 4481 1714 4528 erat
1742 4484 1877 4542 opus
1905 4471 2006 4527 hac

422 4574 761 4632 confessione
780 4608 797 4638 ,
827 4572 874 4628 si
914 4587 1005 4627 res
1030 4585 1138 4625 non
1167 4567 1527 4638 sequebatur?
1555 4565 1645 4621 50.
1682 4564 1815 4630 Quid
1843 4572 1890 4618 et
1914 4578 2009 4618 nos

425 4667 773 4737 periclitamur
798 4663 937 4719 omni
974 4662 1142 4717 hora?
1182 4661 1275 4716 3i.
1305 4657 1544 4725 Quotidie
1579 4657 1770 4710 morior
1804 4664 2009 4724 prapter

424 4772 641 4813 uestram
680 4755 937 4827 gloriam,
962 4769 1115 4824 quam
1156 4751 1315 4806 habeo
1352 4751 1408 4803 iu
1451 4749 1652 4803 Christo
1687 4745 1834 4801 λεια.
1881 4740 2011 4801 Vide

426 4862 621 4905 rut-sue
643 4847 913 4903 undenam
938 4845 1134 4915 dogma
1173 4842 1513 4915 aggrediatur
1551 4840 1780 4910 probare
1803 4877 1818 4903 ,
1850 4855 1880 4893 a
1911 4851 2019 4894 suo

427 4941 712 5012 aufugio;
735 4940 851 4994 imo
871 4942 998 4994 vero
1020 4952 1125 4993 non
1149 4936 1321 4993 solum
1345 4945 1464 5002 suo,
1486 4934 1579 4990 sed
1600 4933 1760 4990 etiam
1784 4940 2012 4988 cateru-

429 5050 547 5089 rum
567 5032 953 5103 apostolorum.
978 5031 1075 5085 Est
1089 5038 1269 5085 autem
1289 5029 1389 5084 hoc
1405 5034 1617 5098 quoque
1639 5034 1741 5080 neu
1768 5034 2009 5094 panum,

430 5125 699 5181 adducere
736 5125 988 5181 doctores
1028 5120 1120 5193 qui
1157 5121 1224 5176 de
1258 5132 1329 5176 eo
1351 5120 1507 5174 valde
1536 5128 1739 5174 certam
1782 5116 2016 5171 habeant

433 5217 833 5287 persuasionem
857 5254 874 5281 ,
905 5221 963 5271 et
994 5212 1097 5269 hoc
1133 5227 1243 5268 non
1280 5211 1453 5266 solum
1483 5210 1665 5264 verbis
1686 5248 1703 5275 ,
1731 5207 1826 5263 sed
1852 5206 2015 5262 etiam

432 5309 597 5364 rebus
631 5309 937 5364 ostendant.
979 5307 1267 5376 Propterea
1296 5318 1402 5358 non
1435 5302 1566 5357 dicit
1598 5301 1842 5357 absolute
1864 5339 1879 5366 ,
1908 5298 2016 5354 Nos

432 5412 651 5471 quoque
690 5399 746 5455 id
793 5399 1053 5455 habemus
1093 5392 1435 5467 persuasum;
1483 5408 1657 5465 neque
1701 5395 1845 5449 enim
1887 5391 2023 5447 satis

432 5502 550 5548 erat
590 5492 694 5549 hoc
719 5493 892 5550 solum
923 5490 1276 5564 persuadere;
1319 5489 1416 5545 sed
1445 5489 1605 5544 etiam
1631 5503 1729 5558 per
1757 5502 1845 5543 res
1874 5490 2020 5556 ipsas

433 5583 1176 5653 exhibetdemonstrationem
1197 5598 1213 5636 :
1236 5580 1459 5651 perinde
1483 5594 1546 5635 ac
1561 5579 1606 5633 si
1633 5580 1861 5635 diceret:
1880 5580 2017 5634 Vero

436 5675 519 5733 bis
556 5676 676 5734 hac
712 5678 957 5735 confiteri
991 5675 1124 5734 nihil
1155 5674 1308 5731 vobis
1345 5673 1483 5728 forte
1516 5672 1724 5729 videtur
1758 5687 1878 5730 esse
1911 5674 2013 5729 mi-

1457 225 1526 282 ω
1563 222 1776 283 EPIST.
1816 220 1838 279 ι
1899 222 1993 280 an
2027 216 2186 280 con.
2227 214 2458 279 noun.
2502 209 2616 280 XL.

3568 233 3674 291 350

2090 337 2348 404 randum;
2388 340 2437 394 si
2475 350 2652 396 autem
2692 341 2851 397 etiam
2885 356 2916 396 a
2954 328 3116 399 rebus
3153 330 3284 413 ipsis
3308 356 3494 403 vocem
3522 349 3677 405 vobis

2089 428 2477 497 exhibeamus,
2517 430 2645 501 quid
2692 430 2759 486 ad
2807 432 2922 497 haec
2967 434 3214 503 poteritis
3266 436 3675 492 centradicere?

2089 519 2285 573 Audite
2304 533 2434 591 ergo
2454 522 2722 591 quomodo
2741 522 2900 577 etiam
2927 530 3021 592 per
3046 525 3279 594 pericula
3302 526 3417 583 inec
3436 527 3675 598 quotidie

2090 609 2462 665 confiteamur.
2488 613 2555 666 Et
2582 624 2688 667 non
2716 612 2885 679 dixit,
2917 614 3052 686 Ego,
3084 616 3179 672 sed
3197 659 3210 681 ,
3237 618 3368 684 Nos,
3397 634 3676 676 assumens

2091 715 2277 757 omnes
2305 702 2465 757 simul
2490 705 2785 773 apostolos,
2816 714 2871 761 et
2898 720 2959 761 ea
2991 709 3197 761 ratione
3222 711 3462 766 modeste
3490 727 3551 766 se
3579 728 3677 781 ge-

2091 806 2218 847 rens
2240 834 2256 859 ,
2287 808 2351 849 ac
2377 793 2483 850 fide
2511 795 2730 866 dignam
2770 799 2968 852 faciens
3004 800 3325 854 orationem.
3365 802 3501 868 Quid
3532 805 3674 858 enim

2089 884 2270 941 dicere
2310 887 2634 957 potueritis?
2661 889 2802 958 quod
2835 903 2932 945 vos
2969 889 3299 962 decipiemus
3334 891 3451 947 haec
3478 895 3673 963 praedi-

2089 987 2311 1045 cantes,
2356 988 2411 1033 et
2465 988 2683 1050 prepter
2735 981 2948 1035 inanem
2990 982 3212 1052 gloriam
3268 982 3385 1038 hare
3424 984 3674 1053 degmata

2089 1071 2425 1127 statuamus?
2471 1071 2578 1128 Sed
2621 1073 2756 1128 hanc
2796 1075 3116 1130 sententiam
3156 1073 3298 1130 ferre
3341 1091 3446 1130 non
3492 1077 3676 1131 sinunt

2089 1163 2325 1231 pericula
2355 1181 2369 1215 :
2399 1164 2521 1234 quis
2558 1166 2700 1219 enim
2741 1180 2833 1220 sua
2879 1176 3070 1237 Sponte
3108 1167 3340 1223 voluerit
3382 1168 3577 1224 frustra
3616 1182 3674 1224 et

2088 1262 2295 1308 temere
2318 1254 2468 1310 adire
2496 1256 2773 1324 pericula?
2804 1257 2872 1311 Et
2911 1258 3032 1314 ideo
3058 1259 3307 1324 dicebat,
3343 1260 3480 1328 Quid
3505 1271 3554 1316 et
3581 1278 3674 1316 nos

2089 1346 2435 1414 periclitamur
2461 1348 2598 1401 omni
2628 1348 2795 1404 hora?
2835 1344 2967 1405 Nam
2995 1358 3050 1407 et
3091 1353 3133 1406 si
3162 1354 3282 1423 quis
3313 1362 3530 1422 propter
3557 1355 3674 1409 ina-

2088 1449 2210 1491 nem
2234 1437 2457 1507 gloriam
2484 1439 2588 1494 hoc
2608 1452 2703 1494 sua
2730 1451 2922 1510 sponte
2946 1443 3186 1512 elegerit,
3213 1445 3379 1499 semel
3401 1455 3455 1499 ct
3481 1445 3673 1500 iterum

2088 1530 2191 1585 hoc
2227 1530 2419 1597 faciet,
2453 1544 2565 1586 non
2604 1535 2750 1588 omni
2791 1542 3031 1605 tempore
3064 1536 3202 1590 sicut
3232 1551 3331 1591 nos
3360 1554 3372 1590 :
3402 1553 3500 1592 nos
3529 1540 3670 1594 enim

2088 1628 2254 1675 totam
2283 1622 2444 1675 vitam
2487 1621 2611 1676 huic
2650 1624 2727 1677 rei
2756 1624 3073 1679 addicimus.
3108 1626 3344 1694 Quotidie
3371 1629 3559 1683 morior
3586 1646 3678 1701 per

2086 1722 2300 1766 uestram
2341 1714 2691 1783 gloriationem
2715 1756 2729 1778 ,
2770 1732 2920 1785 quant
2965 1717 3120 1772 habeo
3163 1719 3217 1773 in
3261 1719 3460 1775 Christo
3502 1721 3673 1789 Iesu;

2087 1803 2457 1873 gioriationem
2490 1806 2577 1859 hic
2600 1806 2785 1861 dicens
2811 1822 2998 1863 eorum
3029 1809 3344 1879 profectum.
3373 1812 3505 1868 Nam
3532 1829 3674 1885 quo-

2087 1896 2230 1950 niam
2257 1898 2420 1952 multa
2447 1897 2681 1954 ostendit
2708 1914 2828 1955 esse
2853 1902 3119 1971 pericula;
3147 1920 3215 1959 ne
3237 1905 3506 1961 videretur
3534 1917 3672 1961 tam-

2087 2002 2247 2057 quam
2288 1986 2494 2044 defiens
2533 1989 2648 2046 haec
2683 1990 2863 2048 dicere
2885 2033 2901 2060 ,
2930 1991 3046 2048 Non
3085 1995 3255 2049 solum
3276 2037 3289 2059 ,
3324 1997 3533 2067 inquit,
3566 2014 3673 2054 non

2088 2077 2283 2143 doleo,
2314 2078 2411 2133 sed
2440 2080 2600 2133 etiam
2628 2080 2828 2150 glorior
2852 2082 2991 2152 quod
3032 2098 3128 2152 pro
3154 2085 3304 2141 vobis
3337 2085 3452 2141 haec
3479 2089 3672 2157 patiar.

2089 2170 2295 2239 Duplict
2325 2176 2502 2226 autem
2535 2174 2740 2228 ratione
2768 2189 2828 2230 se
2853 2175 2983 2230 dicit
3007 2177 3221 2246 gloriari
3241 2220 3256 2245 ,
3289 2188 3343 2235 et
3372 2180 3513 2251 quod
3545 2197 3674 2253 pro-

2089 2271 2209 2331 pter
2237 2263 2380 2332 ipsos
2404 2266 2635 2333 pericula
2664 2266 2841 2329 adeat,
2870 2276 2923 2322 et
2947 2269 3087 2339 quod
3118 2271 3265 2341 ipsos
3293 2273 3470 2329 videat
3500 2275 3676 2331 incre-

2089 2363 2327 2408 mentum
2367 2346 2663 2426 suscipere.
2706 2357 2910 2414 Deinde
2945 2360 3146 2417 faciens
3188 2363 3239 2418 id
3281 2365 3422 2435 quod
3462 2377 3543 2423 est
3573 2367 3675 2422 sibi

2089 2446 2326 2512 solitum,
2344 2447 2596 2516 quoniam
2619 2463 2807 2519 magna
2830 2456 2912 2505 est
2931 2451 3196 2522 loquutus,
3221 2465 3442 2528 utraque
3463 2458 3678 2514 Christo

2090 2537 2293 2591 tribuit.
2323 2537 2601 2605 Quomodo
2624 2550 2802 2594 autem
2828 2544 3051 2598 moritur
3070 2548 3342 2616 quotidie?
3368 2550 3542 2605 Animi
3564 2551 3678 2606 ala-

2089 2630 2300 2696 eritate,
2330 2637 2384 2684 et
2408 2630 2549 2700 quod
2578 2630 2644 2685 ad
2671 2631 2772 2687 hoc
2796 2633 2863 2687 sit
2890 2645 3122 2703 paratus.
3156 2637 3225 2692 Et
3249 2654 3345 2694 cur
3372 2639 3488 2696 haec
3515 2639 3678 2696 dicit?

2090 2723 2297 2780 Rursus
2335 2737 2432 2792 per
2471 2722 2585 2778 haec
2614 2720 2830 2794 quoque
2869 2726 3191 2783 confirmans
3219 2730 3362 2800 quod
3388 2732 3584 2787 dicitur
3610 2731 3679 2786 de

2093 2815 2506 2870 resurrectione.
2536 2814 2665 2881 Quis
2691 2816 2855 2884 enim,
2887 2817 3071 2889 inquit,
3102 2823 3321 2892 elegerit
3350 2834 3454 2879 tam
3484 2825 3680 2878 multas

2092 2908 2275 2964 subire
2317 2916 2555 2976 mortes,
2586 2908 2632 2964 si
2669 2925 2740 2965 ne
2776 2911 2846 2965 sit
2879 2912 3092 2983 quidem
3135 2926 3316 2985 postea
3358 2919 3680 2974 resurrectio

2093 3012 2268 3070 neque
2295 3001 2442 3055 vita?
2481 3001 2613 3056 Nam
2652 3003 2697 3057 si
2741 3004 2833 3073 qui
2876 3004 3105 3061 credunt
3139 3010 3517 3067 resurrectioni
3544 3054 3558 3078 ,
3586 3012 3676 3065 vix

2093 3105 2193 3162 pro
2221 3104 2284 3147 ea
2314 3091 2549 3161 pericula
2577 3093 2807 3148 adierint
2835 3094 2935 3150 uisi
2965 3097 3071 3152 sint
3100 3097 3266 3156 fortes
3298 3116 3361 3158 ac
3387 3102 3633 3172 generosi
3660 3119 3674 3156 :

2094 3185 2264 3239 multo
2288 3185 2455 3255 magis
2481 3185 2526 3240 is
2550 3187 2637 3255 qui
2663 3201 2770 3241 non
2792 3187 2980 3253 credit,
3006 3204 3110 3246 non
3141 3199 3246 3247 tam
3274 3194 3468 3249 multas
3493 3203 3547 3249 ct
3570 3205 3676 3247 tam

2093 3291 2284 3347 graves
2307 3292 2371 3331 ac
2392 3276 2638 3333 difficiles
2660 3289 2860 3334 mortes
2881 3280 3119 3351 elegerit.
3146 3282 3355 3340 Etenim
3378 3285 3497 3341 vide
3518 3300 3683 3355 quan-

2098 3383 2206 3425 tum
2231 3371 2479 3441 paulatim
2497 3371 2654 3427 faciat
2670 3374 3074 3429 incrementum.
3097 3376 3262 3442 Dixit,
3285 3376 3645 3433 Periclitemur
3658 3397 3680 3446 ,-

2096 3465 2336 3533 addidit,
2382 3464 2534 3519 Omni
2574 3466 2739 3530 hora;
2770 3466 3002 3535 deinde,
3040 3468 3320 3537 Quotidie;
3358 3482 3538 3543 postea
3575 3490 3679 3530 non

2096 3559 2268 3614 solum
2309 3557 2475 3622 dicit,
2523 3558 2839 3626 Periclitor,
2882 3558 2976 3614 sed
3021 3562 3444 3633 etiam,Morior.
3483 3567 3684 3623 Deinde

2097 3648 2331 3703 ostendit
2354 3656 2408 3702 et
2434 3658 2562 3717 quot
2587 3661 2807 3712 mortes.
2834 3650 2913 3705 sic
2936 3652 3121 3707 dicens
3150 3672 3164 3709 :
3192 3654 3284 3711 59..
3318 3656 3379 3711 Si
3406 3661 3682 3712 secundum

2100 3740 2350 3795 hominem
2373 3740 2442 3793 ad
2467 3741 2649 3793 bestias
2671 3741 2890 3811 pugnavi
2915 3740 3125 3812 Ephesi,
3149 3746 3273 3815 quid
3297 3744 3421 3802 mihi
3445 3746 3689 3819 prodest!

2169 3833 2223 3888 5.
2261 3831 2399 3901 Quid
2427 3842 2542 3897 est,
2574 3831 2636 3886 Si
2660 3834 2936 3887 secundum
2974 3835 3270 3891 hominem?
3297 3838 3451 3907 Quod
3478 3842 3543 3895 ad
3577 3842 3674 3895 llo-

2100 3927 2273 3981 mines
2299 3925 2511 3989 attinet,
2558 3925 2784 3995 pugnavi
2829 3939 2950 3981 cum
2992 3927 3200 3983 bestiis.
3253 3930 3394 3996 Quid
3448 3935 3591 3988 enim
3640 3934 3688 3990 si

2101 4034 2190 4074 me
2220 4019 2359 4073 Deus
2388 4017 2584 4086 eripuit
2620 4032 2649 4070 a
2678 4017 2971 4085 periculis?
3008 4017 3187 4085 Quare
3213 4021 3301 4091 qui
3330 4038 3427 4091 pro
3454 4023 3536 4078 his
3566 4041 3685 4079 ma-

2101 4112 2246 4166 xime
2274 4109 2445 4165 debeo
2471 4122 2593 4164 esse
2619 4108 2899 4174 sollicitus,
2945 4124 3046 4180 ego
3075 4125 3216 4177 sum,
3250 4113 3341 4182 qui
3376 4120 3480 4168 tam
3521 4115 3687 4171 multa

2103 4203 2343 4258 sustineo
2387 4201 2643 4271 pericula,
2688 4211 2744 4256 et
2781 4202 2955 4257 adhuc
2984 4204 3182 4259 nullam
3208 4207 3392 4276 accepi
3430 4223 3687 4264 remune-

2104 4293 2387 4349 rationem.
2430 4291 2562 4346 Nam
2594 4293 2637 4346 si
2664 4300 2768 4345 non
2799 4291 3021 4347 advenit
3056 4305 3265 4365 tempus
3293 4300 3689 4353 remuneratio-

2105 4387 2212 4451 nis,
2239 4383 2332 4439 scd
2362 4385 2500 4438 intra
2545 4399 2781 4454 przesens
2810 4393 3019 4454 tempus
3051 4396 3139 4440 res
3182 4394 3536 4443 nostrae‘suut
3561 4406 3693 4445 eou-

2105 4479 2288 4542 clusas,
2317 4491 2417 4531 nos
2438 4476 2607 4546 majus
2637 4475 2892 4531 damnum
2919 4479 3167 4548 patimur.
3195 4478 3329 4535 Nam
3352 4497 3450 4536 vos
3476 4483 3690 4552 quidem

2106 4571 2237 4625 citra
2282 4567 2575 4637 periculum
2618 4567 2923 4624 credidistis
2968 4587 2981 4622 :
3026 4585 3125 4625 nos
3166 4580 3342 4626 autem
3397 4585 3693 4631 mactantur

2109 4659 2363 4729 quotidie.
2398 4657 2525 4714 HiBC
2545 4666 2721 4712 autem
2751 4661 2928 4713 omnia
2954 4659 3186 4728 dicebat,
3221 4678 3324 4715 non
3356 4665 3606 4734 quoniam
3636 4668 3690 4724 in

2111 4751 2362 4823 patiendo
2390 4753 2591 4808 nullam
2619 4751 2843 4806 haberet
2867 4751 3172 4819 utilitateut,
3203 4754 3296 4808 sed
3321 4766 3539 4824 propter
3567 4757 3694 4811 mul-

2113 4856 2289 4902 torum
2325 4844 2770 4905 imbecillitatem,
2800 4851 2855 4897 et
2880 4850 2941 4895 ut
2970 4844 3115 4910 ipsos
3152 4845 3500 4901 continuaret
3530 4848 3581 4901 in
3607 4865 3695 4902 ra-

2114 4939 2259 4993 tione
2286 4935 2696 4991 resurrectionis
2728 4953 2740 4985 :
2774 4948 2880 4987 non
2912 4932 3057 5002 quod
3084 4935 3198 5003 ipse
3218 4949 3459 5007 curreret
3483 4953 3699 5012 propter

2115 5028 2416 5084 mercedem
2447 5045 2460 5080 :
2486 5032 2604 5080 erat
2644 5024 2785 5077 enim
2821 5025 3094 5080 sufficiens
3119 5026 3168 5080 ei
3201 5033 3596 5100 remuneratio,
3644 5032 3697 5089 id

2115 5120 2291 5175 facere
2318 5116 2460 5189 quod
2486 5118 2595 5170 Deo
2622 5114 2872 5185 placeret.
2917 5116 3274 5184 Quamobrem
3302 5120 3459 5176 etiam
3485 5126 3699 5194 quando

2117 5208 2265 5276 dicit,
2299 5209 2359 5263 Si
2380 5213 2432 5262 in
2458 5208 2554 5262 hac
2578 5209 2680 5260 vita
2707 5223 2967 5277 speramus
2992 5210 3045 5262 in
3075 5208 3273 5264 Christo
3303 5222 3518 5277 tantum,
3549 5214 3700 5267 mise-

2118 5302 2381 5356 rabiliores
2419 5301 2649 5353 omnibus
2677 5299 2962 5353 hominibus
2988 5316 3187 5353 sumus.
3226 5301 3399 5355 Etiam
3438 5302 3546 5357 illic
3587 5320 3707 5357 rur-

2121 5406 2214 5447 sus
2239 5400 2458 5462 propter
2482 5389 2625 5454 illos,
2673 5396 2732 5444 ut
2775 5400 2918 5443 metu
2955 5388 3114 5459 hujus
3145 5391 3376 5445 miseriae
3405 5407 3593 5447 eorum
3634 5392 3705 5448 de

2122 5486 2517 5543 resurrectione
2559 5481 2792 5552 exagitet
2836 5479 3263 5535 incredulitatem
3284 5523 3298 5547 ,
3331 5490 3386 5537 et
3422 5483 3488 5538 ad
3519 5500 3706 5540 eorum

2123 5577 2537 5636 imbecillitatem
2564 5590 2623 5629 se
2649 5572 2970 5636 demittcus,
3001 5571 3079 5626 sic
3100 5572 3339 5643 loquitur
3367 5591 3382 5627 :
3418 5570 3515 5630 Est
3560 5579 3705 5632 enim

2122 5686 2309 5743 magna
2350 5680 2591 5735 merces,
2638 5664 2855 5720 Christo
2884 5660 3100 5734 placere
3139 5664 3193 5719 in
3220 5666 3472 5722 omnibus
3505 5668 3708 5723 :etiam
