4138 6220
509 213 607 271 351

507 335 711 405 absque
755 329 1218 393 remuneratione,
1261 340 1451 396 magna
1495 334 1579 379 est
1619 338 1826 378 merces
1864 331 2088 392 propter

507 428 680 494 ipsum
714 426 862 482 adire
888 423 1142 496 pericula.
1185 420 1246 476 Si
1272 419 1458 473 mortui
1484 433 1586 471 non
1607 426 1876 488 resurgunt
1895 457 1911 482 ,
1941 434 2088 471 utan-

507 522 751 574 ducemus
786 529 833 574 ct
870 520 1096 573 bibamus
1135 528 1155 568 :
1194 529 1306 567 cras
1334 513 1466 566 enim
1495 512 1784 566 moriemur.
1824 510 1938 567 lloc
1975 511 2085 580 jam

505 611 727 666 verbum
755 618 836 664 est
864 605 1152 662 irridentis.
1181 602 1538 672 Quamobrem
1560 616 1667 654 non
1694 601 1797 656 hoc
1817 617 1880 656 ex
1902 615 1962 656 se
1985 601 2086 654 ad-

508 701 680 768 duxit,
710 699 803 756 sed
831 693 1472 768 magniloquentissimnm
1505 691 1816 761 prephelam
1839 690 2087 762 produxit

509 794 721 857 Isaiam,
747 791 836 861 qui
863 789 932 846 de
976 789 1042 842 iis
1063 829 1077 852 ,
1105 787 1193 857 qui
1219 800 1431 840 omnem
1454 798 1669 839 sensum
1693 782 1894 838 doloris
1922 798 2087 838 exue-

510 892 637 939 runt
663 892 717 939 et
745 889 871 936 sunt
897 878 1180 949 deplorati,
1203 877 1415 932 dicebat
1450 874 1564 930 haec
1600 873 1761 928 verba
1795 891 1807 927 :
1842 873 1942 942 Qui
1970 890 2083 926 ma-

507 986 646 1030 ctant
673 975 858 1030 vitulos
880 981 927 1027 et
951 972 1242 1039 sacriﬁcant
1277 984 1411 1034 oves,
1456 977 1512 1021 ut
1540 981 1716 1021 carnes
1742 967 2006 1021 comedunt
2036 976 2084 1021 et

506 1072 675 1124 uinum
699 1069 866 1123 bibant
895 1084 914 1123 :
938 1067 1023 1138 qui
1043 1065 1235 1130 dicunt,
1259 1062 1594 1119 Comedamus
1619 1070 1664 1115 et
1687 1061 1946 1125 bibamus;
1972 1077 2084 1114 cras

506 1163 642 1216 enim
669 1160 960 1212 moriemur.
998 1157 1124 1211 Ilwc
1163 1165 1281 1210 sunt
1314 1165 1491 1224 aperta
1529 1155 1582 1207 in
1626 1154 1836 1206 auribus
1875 1152 2084 1206 Domini

507 1250 738 1307 Sabaoth
767 1266 785 1303 :
819 1259 864 1303 et
890 1264 990 1302 non
1021 1247 1302 1301 remittetur
1330 1244 1465 1298 vobis
1494 1244 1589 1297 hoc
1618 1254 1893 1313 peccatum,
1925 1242 2084 1296 donec

505 1343 705 1414 [ueritis
751 1339 936 1393 mortui
974 1337 1148 1407 (Isai.
1171 1336 1264 1391 22.
1295 1337 1383 1390 15.
1418 1335 1486 1388 14
1509 1335 1551 1403 ).
1608 1333 1666 1389 Si
1703 1342 1881 1387 autem
1925 1333 2082 1388 venia

505 1445 630 1488 tunc
653 1431 867 1487 fuerunt
895 1429 1082 1500 privati
1109 1429 1198 1496 qui
1241 1428 1354 1480 haec
1391 1425 1674 1490 dicebant,
1706 1425 1875 1478 multo
1908 1425 2082 1494 magis

504 1526 558 1580 in
587 1524 779 1594 gratia.
813 1521 1012 1576 Deinde
1034 1535 1102 1575 ne
1121 1519 1449 1588 asperiorem
1479 1516 1728 1572 redderet
1756 1517 2079 1583 orationem,

504 1632 611 1670 non
634 1614 864 1683 amplius
894 1613 1210 1666 immoratur
1233 1609 1284 1662 in
1305 1607 1626 1662 adductione
1652 1607 1718 1661 ad
1750 1607 2078 1673 absurdum;

502 1709 600 1764 sed
644 1709 942 1762 orationem
983 1717 1172 1759 rursus
1209 1701 1474 1756 convertit
1518 1698 1585 1754 ad
1630 1699 2077 1766 exhortationem,

502 1801 724 1855 dicens:
759 1799 848 1856 55.
898 1797 1073 1851 Nolite
1095 1795 1270 1850 seduci
1299 1809 1318 1847 :
1345 1801 1678 1864 corrumpunt
1716 1792 1874 1846 bonos
1917 1809 2081 1846 mores

502 1892 756 1962 colloquia
795 1905 974 1960 prava.
1023 1887 1147 1942 Hcce
1194 1893 1372 1940 autem
1412 1883 1646 1949 dicebat,
1677 1883 1834 1937 simul
1863 1883 2076 1952 quidem

503 1997 596 2036 eos
623 1982 897 2036 insectans
919 1987 1187 2047 tamquam
1215 1974 1553 2044 insipientes;
1588 1975 1756 2028 bonos
1776 1973 1919 2028 enim
1938 1973 2081 2028 beni-

500 2088 602 2144 gna
647 2087 709 2126 ac
753 2070 868 2125 miti
907 2067 1264 2140 appellatione
1309 2065 1396 2119 hic
1418 2063 1756 2134 significavit,
1803 2064 1894 2134 qui
1924 2064 2078 2119 facile

504 2173 729 2234 possunt
753 2162 929 2231 decipi
955 2177 970 2226 ;
999 2161 1283 2228 simulque,
1309 2165 1566 2227 quantum
1597 2156 1785 2226 potuit,
1817 2171 1912 2226 pro
1939 2171 2080 2226 prae-

502 2257 816 2312 cedentibus
878 2255 1006 2323 ipsis
1046 2251 1258 2306 veniam
1309 2249 1647 2312 concedens,
1693 2256 1748 2303 et
1792 2249 2076 2302 maximam

503 2359 707 2417 partem
735 2345 1018 2402 criminum
1043 2344 1110 2398 ab
1134 2343 1212 2398 eis
1243 2340 1554 2411 propulsans
1578 2347 1633 2393 et
1656 2340 1708 2394 in
1740 2340 1874 2394 alios
1905 2349 2078 2395 trans-

500 2439 704 2505 ferens,
757 2447 814 2493 ut
842 2436 942 2490 hac
962 2449 1174 2506 quoque
1202 2434 1410 2488 ratione
1435 2446 1530 2486 eos
1552 2431 1848 2485 attraheret
1869 2431 1935 2486 ad
1960 2447 2074 2502 poe-

500 2531 798 2586 nitentiam.
827 2528 977 2596 Quod
1021 2527 1182 2583 etiam
1211 2526 1264 2580 in
1307 2524 1543 2593 Epistola
1572 2523 1639 2579 ad
1668 2524 1882 2580 Galatas
1912 2524 2073 2590 facit,

499 2623 686 2678 dicens
720 2639 733 2675 :
766 2621 864 2686 Qui
897 2629 1064 2673 autem
1093 2633 1177 2671 vos
1205 2615 1492 2678 conturbat,
1534 2615 1750 2685 portabit
1781 2615 2072 2686 judicium,

499 2714 726 2783 quisquis
754 2712 840 2765 ille
859 2711 922 2764 sit
943 2707 1086 2779 (Gal.
1109 2706 1296 2775 5.10).
1330 2706 1418 2761 51.
1449 2704 1700 2776 Evigilate
1716 2707 1878 2776 juste,
1910 2717 1958 2760 et
1983 2724 2077 2760 no-

499 2807 588 2860 lite
614 2820 838 2873 peccare.
858 2802 1150 2871 Tamquam
1178 2800 1342 2854 ebriis
1370 2799 1500 2854 dicit
1529 2807 1583 2854 et
1609 2797 1927 2855 furentibus.
1944 2799 2074 2854 Nam

499 2897 680 2950 omnia
710 2893 866 2949 simul
913 2902 967 2948 et
1012 2901 1230 2960 repente
1271 2907 1303 2946 e
1344 2891 1591 2946 manibus
1631 2890 1848 2960 ejicere,
1895 2890 2074 2946 ebrio-

497 3003 616 3043 rum
660 2993 777 3042 erat
814 2994 869 3040 et
901 2984 1210 3050 furentium,
1259 2997 1325 3038 eo
1377 2983 1518 3054 quod
1565 2996 1672 3038 non
1712 2983 1940 3053 amplius
1987 2983 2072 3038 vi-

498 3080 661 3135 deant
694 3094 814 3149 qua:
855 3077 1136 3138 viderunt,
1171 3090 1342 3146 neque
1385 3073 1607 3130 credant
1654 3073 1720 3128 iis
1758 3089 1878 3144 quae
1926 3074 2074 3145 prius

495 3172 728 3228 confessi
760 3179 902 3225 sunt.
955 3169 1092 3235 Quid
1140 3178 1223 3224 est
1268 3175 1473 3225 autem.
1503 3166 1651 3220 Juste
1672 3167 1697 3219 ?
1730 3167 1810 3222 Ad
1848 3167 1899 3221 id
1929 3169 2071 3239 quod

493 3264 746 3320 conducit
783 3271 837 3318 et
879 3270 958 3316 est
995 3261 1142 3316 utile.
1191 3260 1288 3314 Est
1315 3260 1457 3314 enim
1489 3258 1686 3328 injuste
1723 3258 1976 3329 evigilare
2019 3269 2074 3316 et

495 3355 815 3426 expergisci,
860 3352 1070 3424 quando
1109 3352 1372 3421 quispiam
1402 3349 1560 3403 fuerit
1584 3350 1846 3404 excitatus
1872 3350 1937 3404 ad
1981 3351 2073 3406 de-

496 3449 806 3504 trimentum
834 3461 946 3499 suae
971 3445 1186 3499 animae.
1236 3442 1401 3497 Recte
1438 3452 1617 3497 autem
1657 3443 1862 3497 addidit
1900 3444 2027 3499 illud
2052 3487 2068 3512 ,

497 3538 674 3593 Nolite
705 3552 946 3606 peccare,
991 3533 1281 3588 ostendens
1325 3532 1468 3602 quod
1503 3532 1628 3587 hinc
1672 3534 1780 3587 sint
1824 3533 1954 3604 ipsis
1980 3550 2070 3590 se-

495 3629 636 3684 mina
667 3625 1070 3682 incredulitatis.
1108 3623 1217 3677 lloc
1251 3637 1463 3692 quoque
1501 3623 1625 3677 alibi
1667 3623 1825 3679 tacite
1862 3625 2070 3694 signifi-

492 3729 617 3785 cat,
656 3717 796 3788 quod
841 3719 946 3770 vita
985 3725 1234 3783 corrupta
1281 3713 1417 3768 mala
1464 3714 1646 3785 gignat
1689 3715 1938 3787 dogmata
1971 3734 1986 3772 :
2016 3726 2072 3772 ut

491 3809 705 3880 quando
747 3807 911 3873 dicit,
962 3806 1135 3860 Radix
1175 3806 1400 3859 omnium
1426 3808 1675 3860 malorum
1703 3818 1776 3862 est
1808 3809 2022 3862 abaritia
2048 3826 2069 3864 :

491 3919 642 3972 quam
667 3901 873 3972 quidam
901 3908 1187 3970 appetentes
1213 3899 1565 3954 aberraverunt
1599 3918 1630 3954 a
1658 3901 1760 3968 ﬁde
1804 3903 1898 3971 (1.
1934 3901 2063 3956 Tim.

491 3994 546 4049 6.
583 3993 710 4064 10).
758 3993 905 4047 Multi
952 3993 1096 4047 enim
1146 3991 1286 4046 male
1324 3992 1424 4046 sibi
1454 3993 1674 4056 conscii,
1705 4008 1803 4048 nec
1828 3994 2070 4052 volentes

491 4085 622 4142 dare
653 4099 857 4155 poenas,
889 4083 956 4138 ab
997 4082 1099 4136 hoc
1132 4091 1276 4138 metu
1307 4082 1571 4136 lmduntur
1599 4082 1652 4136 in
1691 4083 1794 4139 fide
1821 4100 2068 4142 resurre—

491 4177 721 4242 ctionis;
753 4175 891 4229 sicut
931 4174 966 4228 ii
1002 4173 1214 4242 quidem
1245 4182 1392 4228 certe
1420 4173 1510 4242 qui
1539 4173 1703 4228 multa
1730 4185 1784 4230 et
1811 4179 2068 4245 prmclara

490 4278 637 4325 recte
663 4275 963 4338 gesserunt,
995 4264 1230 4335 quotidie
1255 4265 1479 4335 cupiunt
1513 4265 1696 4322 videre
1725 4268 1870 4323 illum
1901 4269 2065 4325 diem.

491 4359 848 4429 Ignorantiam
874 4357 1006 4410 enim
1041 4354 1140 4409 Dei
1163 4355 1370 4424 quidam
1400 4356 1617 4421 habent;
1651 4358 1721 4411 ad
1746 4360 1991 4429 pudorem
2014 4363 2068 4417 id

488 4451 626 4504 vobis
652 4450 784 4503 dico.
814 4447 946 4504 Vide
974 4449 1240 4518 quomodo
1275 4463 1460 4504 rursus
1483 4450 1705 4506 crimina
1735 4453 1986 4510 transfert
2015 4457 2068 4511 in

487 4541 643 4595 alios.
692 4539 807 4594 Non
853 4540 996 4593 enim
1041 4539 1211 4604 dixit,
1261 4539 1477 4595 Habetis
1526 4541 1903 4612 ignorantiam,
1945 4547 2064 4611 sed,

491 4629 844 4701 Ignorantiam
872 4629 1078 4696 quidam
1105 4628 1308 4681 habent.
1356 4629 1487 4682 Nam
1513 4646 1618 4685 non
1648 4633 1867 4690 credere
1889 4650 2068 4692 resur-

490 4720 717 4775 rectioni
737 4761 753 4786 ,
779 4727 862 4774 est
885 4717 1002 4788 ejus
1026 4718 1116 4788 qui
1158 4733 1264 4772 non
1297 4718 1448 4773 valde
1474 4720 1575 4774 scit
1603 4722 2066 4794 inexpugnabilem

491 4814 586 4868 Dei
620 4814 867 4867 virtutem
899 4821 954 4866 et
989 4811 1054 4867 ad
1094 4811 1273 4866 omnia
1304 4810 1680 4869 sufficientem.
1714 4814 1842 4870 Nam
1872 4818 1918 4871 si
1946 4834 2067 4888 qua:

489 4913 616 4958 sunt
649 4904 774 4960 fecit
797 4922 864 4960 ex
891 4907 954 4960 iis
983 4922 1102 4976 qum
1132 4898 1236 4961 n'on
1268 4916 1439 4971 erant,
1482 4907 1653 4961 multo
1682 4909 1850 4979 magis
1871 4913 2068 4980 poterit

488 4993 725 5046 excitare
749 5003 803 5047 et
829 4995 1108 5052 restituere
1135 5013 1196 5052 ea
1219 5013 1337 5066 qua:
1377 5006 1503 5052 sunt
1529 4997 1807 5054 dissoluta.
1839 5000 1904 5056 Et
1927 5017 2066 5072 quo-

490 5083 634 5137 niam
664 5097 760 5136 eos
781 5083 1124 5140 vehementer
1163 5087 1335 5156 tetigit
1358 5099 1413 5143 et
1439 5105 1781 5161 summopere
1814 5107 1910 5149 eos
1943 5109 2066 5150 car-

488 5175 616 5246 psit,
644 5173 1044 5244 reprehendens
1072 5191 1167 5230 eos
1204 5177 1272 5231 de
1308 5179 1558 5248 ingluvie,
1587 5183 1653 5238 de
1678 5186 1973 5254 ignorantia
2012 5199 2068 5246 et

486 5277 709 5338 stupore
734 5283 749 5328 ;
793 5266 1042 5337 mitigans
1072 5284 1136 5324 ea
1168 5285 1290 5340 quae
1314 5270 1453 5326 dicta
1482 5285 1626 5341 sunt,
1651 5277 1781 5333 dicit
1809 5297 1822 5333 :
1854 5281 1936 5332 Ad
1961 5299 2074 5349 pu-

487 5361 663 5415 dorem
688 5358 826 5415 vobis
854 5358 1066 5430 loquor;
1111 5361 1212 5417 hoc
1241 5371 1345 5428 est,
1397 5371 1453 5416 ut
1481 5367 1769 5438 corrigam,
1820 5379 1878 5424 ut
1907 5370 2067 5425 redu-

486 5466 626 5516 cam,
655 5466 714 5507 ut
743 5467 839 5508 vos
877 5453 1078 5524 pudore
1121 5455 1296 5511 affecti
1347 5456 1646 5514 reddamini
1676 5461 1944 5516 meliores.
1974 5462 2064 5516 Ti-

489 5542 621 5595 Inuit
646 5544 787 5598 enim
827 5560 894 5601 ne
915 5587 930 5613 ,
958 5545 1004 5601 si
1033 5547 1149 5618 plus
1172 5561 1330 5619 quam
1359 5562 1454 5618 par
1480 5559 1626 5606 esset
1648 5564 1742 5607 eos
1765 5550 2028 5606 secuisset
2047 5591 2061 5616 ,

485 5629 772 5689 resilirent.

1179 205 1239 264 S.
1273 204 1548 264 JOANNIS
1572 203 2048 261 CHRYSOSTOMI
2084 203 2397 265 ARCHIEP.
2437 211 2964 272 CONSTANTINOP.

3659 228 3770 288 352

2260 327 2314 381 4.
2359 327 2498 396 Quos
2538 330 2735 387 Paulus
2776 334 3038 404 increpare
3066 336 3352 394 intenderit.
3379 340 3528 397 Dives
3545 359 3614 398 ea:
3629 346 3762 402 alio-

2187 433 2302 471 rum
2319 420 2526 490 jactura
2557 423 2693 477 diues
2713 425 2940 494 efﬁcitur.
2958 426 3167 484 —Ha:c
3193 439 3371 486 autem
3397 435 3786 508 existimemus.

2187 527 2296 566 non
2327 515 2433 570 illis
2454 516 2607 583 solis,
2634 517 2729 572 sed
2759 533 2896 573 nunc
2921 535 3134 590 quoque
3162 521 3304 578 dicta
3333 539 3455 581 esse
3481 517 3788 598 omnibus,’

2186 603 2277 672 qui
2305 605 2495 659 eodem
2536 607 2725 661 morbo
2752 608 2992 664 laborant
3014 652 3028 674 ,
3059 621 3114 666 et
3151 628 3376 682 quorum
3408 618 3510 672 vita
3539 629 3622 675 est
3642 637 3763 676 cor-

2187 703 2362 764 rupta.
2398 695 2515 750 Non
2545 699 2685 752 enim
2731 699 2764 753 ii
2795 701 2968 754 solum
3001 703 3090 772 qui
3132 703 3267 758 mala
3303 705 3501 762 habent
3535 710 3760 781 dogma-

2187 791 2272 846 ta,
2303 784 2397 839 sed
2429 785 2468 839 ii
2493 787 2654 841 etiam
2683 791 2771 859 qui
2796 791 3045 860 gravibus
3073 802 3320 850 tenentur
3344 801 3576 866 peccatis
3595 841 3610 866 ,
3635 813 3761 859 sunt

2184 875 2317 931 ebrii
2365 885 2422 932 et
2463 878 2750 946 desipiunt.
2780 881 3135 950 Quamobrem
3163 885 3269 940 illis
3311 903 3522 960 quoque
3556 891 3756 950 dictum

2185 965 2345 1022 fuerit
2371 968 2524 1035 illud,
2556 969 2814 1041 Evigilate
2840 988 2934 1027 seu
2960 977 3422 1045 expergiscimini;
3449 992 3504 1037 et
3529 986 3757 1043 maxime

2184 1059 2250 1114 iis
2277 1061 2365 1130 qui
2393 1071 2518 1116 sunt
2543 1065 2745 1133 gravati
2772 1075 2994 1121 veterno
3015 1070 3273 1135 avaritiae,
3303 1071 3367 1124 iis
3391 1074 3482 1142 qui
3515 1075 3758 1144 improbe

2185 1151 2420 1219 rapiunt.
2453 1151 2546 1207 Est
2578 1154 2719 1208 enim
2751 1154 2886 1210 bona
2916 1158 3118 1226 rapina,
3153 1175 3346 1230 netnpe
3383 1164 3566 1234 rapina
3594 1169 3756 1221 caelo-

2183 1256 2301 1295 rum
2331 1257 2450 1312 quae
2472 1243 2602 1297 nihil
2634 1245 2796 1299 laedit.
2825 1246 2956 1300 Nam
2985 1248 3036 1301 in
3068 1251 3306 1316 pecuniis
3328 1254 3539 1315 quidem
3574 1260 3756 1326 nequit

2183 1332 2297 1386 fieri
2324 1344 2381 1386 ut
2408 1335 2672 1403 quispiam
2697 1336 2890 1391 evadat
2913 1339 3061 1392 dives
3080 1381 3095 1404 ,
3127 1341 3227 1394 nisi
3257 1343 3393 1397 alius
3414 1346 3559 1413 prius
3586 1345 3754 1404 factus

2184 1421 2252 1476 sit
2282 1437 2514 1492 pauper;
2565 1425 2617 1479 iu
2661 1427 3024 1496 spiritualibus
3070 1439 3248 1486 autem
3295 1449 3401 1488 non
3429 1437 3498 1489 ita
3526 1449 3628 1502 est,
3659 1442 3752 1493 sed

2183 1519 2353 1566 totum
2382 1515 2712 1570 contrarium
2742 1533 2756 1569 :
2791 1516 2906 1572 fieri
2937 1533 3042 1573 non
3072 1530 3249 1590 potest
3279 1533 3336 1577 ut
3373 1528 3632 1596 quispiam
3662 1530 3756 1588 fiat

2180 1600 2371 1668 dives,
2416 1603 2520 1659 nisi
2560 1605 2787 1661 alterum
2831 1607 3022 1664 fecerit
3058 1612 3368 1680 opulentum
3416 1634 3430 1671 :
3479 1619 3678 1675 etenim
3705 1623 3752 1677 si

2180 1693 2376 1747 nemini
2419 1696 2714 1764 profueris,
2757 1713 2861 1752 non
2892 1701 3092 1768 poteris
3115 1701 3254 1757 eftici
3281 1707 3584 1774 opulentus.
3617 1711 3750 1768 Nam

2180 1782 2233 1836 in
2261 1787 2627 1853 corporalibus
2646 1788 2860 1856 quidem
2886 1795 3122 1862 erogatio
3142 1795 3304 1850 efficit
3323 1798 3749 1871 diminutionem;

2180 1875 2234 1929 in
2264 1877 2632 1946 spiritualibus
2671 1891 2848 1936 autem
2891 1886 3128 1955 erogatio
3173 1900 3428 1955 operatur
3473 1893 3751 1949 abundan-

2182 1967 2307 2021 tiam
2329 2009 2345 2035 ,
2373 1977 2430 2024 et
2456 1985 2563 2025 non
2597 1971 2919 2042 impertiisse
2939 2014 2954 2039 ,
3007 1975 3109 2031 hoc
3135 1978 3352 2033 multam
3382 1984 3592 2037 conficit
3624 2001 3756 2054 pau-

2181 2067 2440 2127 pertatem
2480 2070 2534 2117 et
2569 2061 2731 2116 infert
2771 2064 3012 2120 ultimum
3047 2070 3384 2137 supplicium.
3433 2072 3543 2129 Hoc
3572 2087 3748 2132 autem

2179 2151 2412 2205 ostendit
2438 2152 2482 2206 is
2505 2154 2594 2223 qui
2625 2153 2810 2210 infudit
2839 2157 3115 2214 talentum.
3139 2161 3349 2216 Etenim
3375 2166 3464 2234 qui
3490 2169 3748 2224 rationem

2178 2241 2341 2298 habet
2379 2247 2672 2316 sapientiae,
2701 2257 2758 2303 et
2793 2249 2884 2304 alii
2917 2251 3192 2320 impertiit,
3241 2266 3398 2326 auget
3425 2261 3642 2328 c0pias,
3693 2273 3749 2316 ut

2179 2335 2267 2403 qui
2298 2337 2490 2391 multos
2517 2336 2702 2394 fecerit
2727 2342 3031 2410 sapientes:
3057 2345 3144 2414 qui
3169 2357 3345 2402 autem
3371 2348 3513 2404 domi
3533 2353 3743 2409 abscon-

2177 2427 2274 2492 dit,
2298 2432 2531 2499 seipsum
2561 2433 2786 2501 privavit
2813 2437 3004 2506 cepiis,
3040 2447 3096 2491 ut
3124 2440 3213 2508 qui
3248 2456 3353 2495 non
3381 2445 3578 2511 pararit
3609 2449 3748 2502 mul-

2178 2529 2352 2575 torum
2403 2524 2707 2580 utilitatem.
2753 2526 2962 2582 Rursus
3008 2531 3097 2599 qui
3143 2532 3242 2584 alia
3291 2532 3449 2588 habet
3496 2535 3656 2603 dona,
3702 2541 3748 2594 si

2177 2614 2372 2669 multos
2410 2620 2704 2682 curaverit,
2757 2620 3100 2690 amplificavit
3146 2623 3484 2682 donationem
3515 2647 3528 2682 :
3556 2639 3611 2684 et
3652 2647 3750 2688 nec

2176 2709 2485 2778 erogatione
2528 2710 2625 2764 fuit
2667 2711 2781 2781 ipse
2827 2713 3157 2778 exinanitns,
3204 2724 3259 2771 et
3288 2718 3484 2774 multos
3513 2721 3748 2790 implevit

2177 2799 2436 2868 Spirituali
2467 2800 2777 2859 donatione.
2809 2803 2876 2858 Et
2904 2805 2957 2858 in
2990 2807 3238 2860 omnibus
3265 2809 3628 2877 Spiritualibus
3654 2813 3746 2868 fir-

2174 2905 2260 2945 ma
2291 2901 2342 2945 et
2367 2891 2575 2946 stabilis
2606 2905 2881 2962 permanet
2907 2895 3023 2950 haec
3046 2898 3248 2967 regula.
3281 2899 3356 2956 Ita
3391 2902 3550 2957 etiam
3579 2905 3632 2958 in
3658 2920 3747 2962 re-

2175 2999 2302 3053 gno,
2330 2983 2421 3053 qui
2451 2984 2534 3038 sui
2561 2987 2706 3056 regni
2739 2986 2936 3043 multos
2961 2989 3134 3045 reddit
3161 2993 3444 3063 participes
3463 3037 3479 3061 ,
3513 2995 3610 3050 hac
3632 3014 3749 3052 rur-

2174 3089 2265 3130 sus
2286 3075 2491 3130 ratione
2519 3091 2586 3132 eo
2615 3078 2732 3147 ipse
2757 3079 2926 3149 magis
2946 3078 3152 3136 fruetur
3179 3100 3192 3135 :
3220 3085 3310 3154 qui
3337 3097 3512 3141 autem
3540 3089 3745 3146 nullum

2173 3168 2351 3224 studet
2380 3169 2579 3226 habere
2601 3171 2804 3226 socium
2825 3186 2887 3226 ac
2914 3174 3245 3244 participem,
3279 3177 3394 3246 ipse
3421 3194 3631 3250 quoque
3654 3197 3748 3236 ex-

2173 3260 2316 3315 cidet
2340 3275 2371 3315 a
2398 3263 2604 3331 magnis
2634 3261 2740 3318 illis
2763 3263 2937 3318 bonis.
2993 3264 3048 3320 Si
3079 3267 3219 3320 enim
3245 3268 3504 3337 sapientia
3533 3272 3745 3328 seusilis

2173 3364 2279 3405 non
2302 3352 2637 3406 consumitur
2664 3352 3137 3410 innumerabilibus
3162 3357 3495 3428 rapientibus
3512 3403 3528 3426 ,
3572 3379 3749 3434 neque

2172 3439 2362 3495 artifex
2392 3443 2589 3497 multos
2613 3443 2854 3499 efficiens
2879 3445 3112 3501 artifices
3140 3449 3312 3518 perdit
3336 3460 3506 3507 artem
3538 3471 3551 3506 :
3579 3457 3748 3510 multo

2171 3533 2342 3602 magis
2385 3535 2474 3603 qui
2524 3550 2746 3605 regnum
2795 3538 2968 3606 rapit,
3018 3540 3195 3594 minus
3222 3541 3350 3597 illud
3375 3559 3479 3597 non
3507 3543 3740 3612 efficiet,

2171 3623 2267 3678 sed
2297 3634 2421 3679 tunc
2447 3626 2599 3681 nobis
2626 3627 2858 3698 majores
2877 3639 3036 3685 erunt
3057 3631 3277 3700 divitiae,
3307 3634 3519 3705 quando
3541 3637 3743 3695 multos

2171 3715 2238 3770 ad
2268 3715 2321 3771 id
2363 3719 2749 3774 vocaverimus.
2777 3720 3064 3791 Rapiamus
3090 3740 3218 3796 ergo
3243 3742 3304 3784 ea
3329 3742 3446 3797 qua:
3474 3743 3579 3783 non
3608 3744 3744 3785 con-

2171 3815 2453 3862 sumuntur
2471 3849 2486 3874 ,
2528 3808 2622 3863 sed
2648 3808 2774 3864 dum
2803 3813 3082 3881 rapiuntur
3107 3817 3275 3885 magis
3297 3817 3576 3873 abundant
3601 3836 3616 3876 :
3647 3835 3738 3876 ra-

2172 3896 2381 3965 piamus
2404 3912 2467 3953 ea
2492 3914 2612 3968 quae
2637 3899 2841 3956 nullum
2869 3901 3068 3959 habent
3103 3906 3540 3964 calumniatorem
3560 3950 3576 3976 ,
3621 3913 3744 3966 nul-

2171 3989 2282 4045 lum
2320 3991 2410 4060 qui
2447 3991 2704 4047 invideat.
2735 3992 2949 4050 Etenim
2989 3996 3035 4052 si
3080 3997 3200 4052 auri
3249 3997 3398 4053 locus
3447 4009 3590 4055 esset
3616 4016 3743 4070 per-

2170 4097 2364 4137 eunem
2409 4081 2614 4138 habens
2663 4084 2866 4140 fontem
2912 4087 3310 4151 scaturientem,
3365 4097 3421 4144 et
3467 4105 3534 4146 eo
3575 4092 3743 4163 magis

2170 4174 2436 4241 afflueret,
2465 4191 2571 4246 quo
2600 4177 2768 4246 magis
2787 4177 3190 4246 exhauriretnr;
3229 4181 3367 4236 alius
3394 4191 3571 4238 autem
3601 4193 3743 4240 esset

2170 4268 2320 4325 locus
2341 4269 2543 4326 habens
2571 4271 2877 4327 thesaurum
2908 4272 3165 4328 infossum
3191 4291 3206 4326 :
3231 4289 3299 4330 ex
3328 4285 3450 4331 utro
3472 4276 3634 4332 velles
3653 4276 3742 4332 di-

2172 4362 2420 4416 tescere?
2443 4375 2513 4415 an
2542 4377 2648 4416 non
2677 4377 2744 4417 ex
2769 4362 2898 4417 illo?
2935 4363 3031 4419 Est
3055 4374 3202 4420 certe
3231 4367 3587 4436 perspicuum.
3632 4367 3744 4424 Sed

2170 4467 2239 4507 ne
2264 4451 2440 4508 verbis
2471 4451 2571 4507 hoc
2594 4453 2767 4508 solum
2793 4453 3126 4525 effingamus,
3153 4456 3296 4526 quod
3318 4457 3519 4513 dictum
3548 4466 3632 4514 est
3651 4474 3745 4514 co-

2168 4545 2332 4616 gitate
2370 4547 2424 4600 in
2463 4561 2588 4601 aere
2611 4555 2667 4602 et
2687 4546 2742 4601 in
2771 4547 2886 4602 sole
2917 4565 2932 4602 :
2964 4563 3027 4603 ea
3053 4549 3198 4603 enim
3223 4551 3502 4621 rapiuntur
3524 4537 3598 4606 ab
3622 4566 3745 4607 om-

2169 4638 2348 4702 nibus,
2389 4646 2446 4694 et
2473 4653 2660 4694 omnes
2690 4639 2955 4710 implent:
2987 4639 3082 4696 sed
3120 4641 3236 4697 haec
3275 4641 3489 4713 quidem
3527 4651 3748 4699 manent

2169 4728 2386 4795 similia,
2413 4743 2444 4782 a
2471 4728 2768 4784 fruentihus
2793 4739 2850 4786 et
2869 4745 2973 4785 non
2999 4731 3297 4788 fruentihus
3328 4748 3437 4790 non
3463 4733 3746 4790 diminuta.

2170 4821 2323 4891 Quod
2349 4830 2526 4877 autem
2549 4821 2658 4877 dixi
2683 4830 2766 4878 est
2793 4823 2964 4878 multo
2987 4822 3180 4894 majus.
3218 4823 3335 4879 Non
3372 4825 3516 4881 enim
3565 4834 3749 4882 manet

2169 4913 2362 4970 similis
2410 4914 2702 4984 spiritualis
2747 4915 3045 4985 sapientia,
3095 4916 3140 4971 si
3180 4915 3530 4972 distribuatur
3557 4928 3746 4974 etnon

2169 5006 2540 5072 distribuatur,
2584 5005 2680 5061 sed
2727 5008 2898 5078 magis
2925 5014 3148 5078 augetur
3181 5007 3228 5062 si
3266 5008 3634 5066 distribuatur.
3690 5010 3747 5065 Si

2170 5098 2291 5168 quis
2315 5107 2493 5152 autem
2523 5110 2631 5150 non
2659 5095 2799 5151 ferat
2825 5111 2891 5152 ea
2918 5113 3038 5168 quae
3065 5093 3209 5153 dicta
3249 5108 3412 5164 sunt,
3441 5094 3537 5155 Sed
3572 5099 3752 5156 adhuc

2169 5205 2349 5247 rerum
2377 5189 2444 5245 ad
2471 5191 2675 5245 victum
2701 5190 3080 5260 pertinentium
3107 5189 3300 5247 affixus
3323 5191 3396 5246 sit
3420 5191 3638 5262 inopia,
3681 5206 3748 5246 ea

2170 5295 2290 5350 qua:
2314 5279 2576 5334 diminuta
2603 5289 2727 5335 sunt
2752 5280 3001 5351 rapiens;
3032 5279 3088 5335 in
3113 5279 3219 5336 hoc
3246 5294 3461 5352 quoque
3485 5295 3670 5336 rursus
3693 5281 3750 5336 in

2171 5372 2483 5428 memoriam
2530 5380 2748 5428 revocet
2795 5387 3006 5427 manna;
3052 5372 3400 5438 alimentum,
3468 5382 3524 5428 et
3565 5373 3754 5427 timeat

2172 5462 2475 5533 exemplum
2505 5463 2772 5534 supplicii.
2792 5461 2944 5532 Quod
2972 5463 3115 5519 enim
3140 5463 3193 5517 in
3215 5463 3306 5518 illo
3330 5463 3626 5530 accidebat,
3650 5461 3754 5517 hoc

2172 5556 2332 5610 etiam
2378 5554 2558 5611 videre
2605 5556 2728 5612 licet
2771 5555 2823 5612 in
2867 5556 2933 5612 iis
2974 5555 3062 5626 qui
3104 5571 3246 5613 nunc
3291 5555 3748 5628 superabundant.
