2061 3113
170 178 247 214 αὐτῷ
261 177 395 211 ἀντίδοσις
407 178 438 206 τὸ
452 180 564 215 ποιῆσαι
577 180 608 207 τδ
624 180 719 208 δοκοῦν
730 182 769 217 τῷ
787 181 857 217 Θεῷ.
875 182 956 210 Ὥστε

169 226 217 252 καὶ
229 226 295 251 ὅταν
315 224 392 260 λέγῃ,
406 226 440 252 El
468 226 504 253 ἐν
530 225 568 260 τῇ
598 226 654 261 ζ’ωῇ
679 228 772 262 ταύτῃ
798 228 958 262 ἠλπικότες

169 271 264 305 ἐσμὲν
291 270 327 296 ἐν
344 270 458 304 Χριστῷ
483 271 589 306 μόνον,
616 272 809 307 ἐλεεινότεροι
838 273 959 300 πάντων

169 315 334 350 ἀνθρώπων
355 316 466 350 ἐσμέν¹
486 317 568 343 κάκεῖ
592 317 673 345 πάλιν
694 318 728 345 δι’
740 319 870 351 ἐκείνους,
888 318 958 346 ὥστε

169 362 209 397 τῷ
224 361 299 397 φόϐῳ
313 362 364 397 τῆς
384 362 542 397 ἀθλιότητος
557 362 660 399 ταύτης
685 365 844 390 κατασεῖσαι
868 364 958 391 αὐτῶν

169 407 217 442 τὴν
234 407 362 433 ἀπιστίαν
377 407 426 442 τὴν
450 408 575 443 περὶτῆς
604 409 786 442 ἀναστάσεως,
815 409 861 436 καὶ
890 409 958 445 πρὸς

168 454 218 487 τὴν
228 453 371 479 ἀσθένειαν
382 452 470 479 αὐτῶν
485 455 716 488 συγκαταϐαίνων,
730 455 800 481 οὕτω
811 455 888 489 φησί.
904 455 958 481 Καὶ

169 498 224 533 γὰρ
240 499 254 524 6
269 498 356 533 μέγας
371 498 476 532 μισθὸς,
492 498 522 524 τὸ
532 499 660 534 ἀρέσκειν
670 500 816 531 διαπαντὸς
832 499 870 534 τῷ
890 500 958 535 Χρι-

170 544 236 579 στῷ·
253 544 300 570 καὶ
320 544 404 578 χωρὶς
416 545 465 579 τῆς
479 544 649 576 ἀντιδόσεως,
673 545 786 580 μεγίστη
811 544 911 580 ἀμοιϐὴ
925 544 956 571 τὸ

169 589 293 616 διἀὺτὺν
307 589 481 616 κινδυνεύειν.
515 591 548 616 El
574 591 672 623 νεκροί
701 591 756 617 οὐκ
782 590 955 624 ἐγείρονται,

168 635 309 670 φάγωμεν
327 635 376 661 καί
392 635 514 669 πίωμεν·
530 636 634 669 αὔριον
648 636 701 670 γὰρ
713 636 953 671 ἀποθνήσκομεν.

169 681 255 707 Τοῦτο
268 680 361 706 λοιπὸν
376 681 405 706 τὸ
430 681 504 715 ῥῆμα
524 682 569 707 καὶ
593 681 785 716 κωμῳδοῦντός
814 682 882 708 ἐστι.
911 681 956 708 Διδ

169 727 230 753 οὐδὲ
258 726 363 753 οἴκοθεν
391 727 456 752 αὐτὸ
481 728 650 761 παρήγαγεν,
670 727 736 753 ἀλλὰ
751 728 795 753 τὸν
815 728 957 763 προφήτην

170 772 304 807 ἐπέστησε
330 771 377 798 τὸν
406 772 662 806 μεγαλοφωνότατον
685 773 808 805 Ἡσαΐαν,
835 773 863 804 ὃς
892 773 957 809 περί

169 826 251 844 τινων
272 817 472 852 ἁπηλγηκότων
488 818 679 852 διαλεγόμενος
705 820 752 845 καὶ
779 819 957 854 ἀπεγνωσμέ-

170 872 232 893 νων,
243 864 318 897 έλεγε
327 864 405 890 ταυτὶ
416 863 450 889 τὰ
464 865 583 898 ῥήματα’
595 866 625 891 Οἱ
636 865 798 898 σφάζοντες
806 866 954 900 μόσχους,

169 909 219 935 καὶ
232 909 352 941 θύοντες
368 910 508 942 πρόϐατα,
521 909 598 936 ὥστε
610 910 716 944 φαγεῖν
732 910 804 944 κρέα
814 912 861 937 καί
877 911 956 937 πιεῖν

170 953 263 982 οἶνον·
278 956 305 981 οἰ
319 954 470 989 λέγοντες·
488 955 627 990 Φάγωμεν
641 956 689 982 καί
707 957 829 990 πίωμεν·
850 957 956 990 αὔριον

169 1000 225 1034 γὰρ
261 1000 503 1034 ἀποθνήσκομεν.
547 1001 824 1035 ’Λνακεκαλυμμὲνιι
862 1001 956 1029 ταῦτά

167 1047 254 1072 ἐστιν
283 1046 327 1078 εις
357 1046 393 1072 τὰ
424 1043 483 1072 ὦτα
516 1046 627 1079 Κυρίου
647 1046 783 1074 Σαϐαὼθ·
819 1047 868 1073 καὶ
898 1048 955 1074 οὐκ

168 1090 352 1124 ἀφεθήσεται
384 1091 503 1125 ὐμῖν.ή
536 1091 663 1125 ἁμαρτία
694 1092 768 1125 αὕτη
787 1113 794 1124 ,
830 1093 884 1125 ἓως
916 1092 956 1119 ἂν

166 1136 350 1170 ἀποθάνητε.
368 1137 398 1163 Εἰ
409 1137 436 1163 δὲ
453 1137 513 1163 τότε
538 1138 702 1173 συγγνώμης
717 1137 785 1173 ἦσαν
801 1139 954 1174 ἀπεστερη-

169 1182 246 1217 μένοι
259 1183 283 1208 οί
298 1182 383 1208 ταῦτα
398 1183 530 1216 λέγοντες,
548 1184 636 1218 πολλῷ
653 1184 751 1219 μᾶλλον
763 1184 809 1210 ἐπὶ
820 1186 868 1219 τῆς
879 1184 955 1220 χάρι-

166 1236 224 1258 τος.
240 1225 305 1253 Εἶτα
322 1228 364 1253 ἵνα
385 1227 421 1262 μὴ
443 1228 609 1262 τραχύτερον
625 1230 725 1263 ποιήσῃ
740 1228 785 1254 τὸν
802 1229 889 1262 λόγον,
904 1229 955 1256 οὐκ

168 1274 215 1300 ἐπὶ
231 1273 296 1299 πολὺ
309 1275 341 1309 τῇ
354 1274 393 1305 εἰς
407 1274 506 1300 ἄτοπον
520 1274 653 1309 ἀπαγωγῇ
671 1275 802 1309 ἐπιμένει,
818 1275 885 1302 ἀλλὰ
900 1275 954 1302 πά-

168 1320 211 1346 λιν
227 1320 273 1345 έπὶ
300 1319 457 1354 παραίνεσιν
486 1320 580 1355 τρέπει
606 1320 651 1346 τὸν
679 1320 767 1354 λόγον,
794 1320 889 1355 λέγων’
903 1321 953 1355 Μὴ

168 1365 334 1396 πλανᾶσθε,
346 1366 521 1399 φθειξρουσιν
531 1366 588 1400 ἢθη
604 1367 718 1399 χρηστὰ
734 1367 845 1401 ὁμιλίαι
854 1367 952 1394 κακαί.

169 1410 263 1437 Ταῦτα
277 1411 305 1437 δὲ
323 1411 426 1445 ἔλεγεν,
442 1411 507 1446 όμοῦ
523 1412 572 1446 μὲν
587 1412 675 1446 αὐτῶν
692 1412 898 1447 καθαπτόμενος
916 1411 954 1443 ὡς

169 1457 300 1491 ἀνοήτων·
316 1458 422 1491 χρηστὰ
435 1457 489 1492 γὰρ
502 1458 618 1484 ἐνταῦθα
630 1458 759 1492 εὐφήμως
771 1458 804 1484 τὰ
819 1457 954 1490 εὐεξαπά-

168 1510 238 1536 τητα
250 1503 388 1529 ὲκάλεσεψ
403 1503 471 1537 ὁμοῦ
484 1503 511 1529 δὲ
527 1503 564 1534 ὡς
576 1501 630 1529 οἷόν
644 1503 674 1529 τέ.
695 1505 752 1529 ἐστι
770 1504 817 1530 καὶ
832 1503 954 1538 συγγνώ-

171 1557 225 1583 μης
238 1548 309 1583 ὑπὲρ
321 1549 375 1574 τῶν
388 1549 541 1585 ἔμπροσθεν
564 1550 656 1580 αὐτοῖς
681 1550 847 1584 μεταδιδοὺς.
864 1550 910 1576 καὶ
924 1550 954 1577 τὸ

169 1594 251 1620 πλέον
270 1594 323 1620 τῶν
341 1594 521 1629 ἐγκλημάτων
540 1595 795 1629 ἀποσκευαζόμενος
819 1596 865 1621 ἀπ’
880 1596 951 1622 ὲκεί-

169 1649 222 1667 νων
239 1641 285 1667 καὶ
298 1642 337 1672 είς
353 1641 463 1675 ἐτέρους
481 1641 643 1675 μετατιθεὶς,
661 1641 730 1667 ὥστε
746 1642 791 1667 καὶ
811 1641 896 1677 ταύτῃ
914 1642 953 1673 είς

171 1687 315 1720 μετάνοιαν
336 1687 433 1718 αὐτοὺς
448 1686 659 1721 ὲφελκύσασθαι.
678 1688 710 1713 Ὃ
727 1688 772 1715 καὶ
788 1688 816 1713 ὲν
833 1689 864 1722 τῇ
885 1687 953 1722 πρὸς

169 1732 292 1763 Γαλάτας
303 1732 446 1766 Ἐπιστολῇ
473 1733 545 1758 ποιεῖ
571 1732 665 1765 λέγων·
685 1733 714 1759 '0
737 1732 771 1758 δὲ
795 1733 954 1766 ταράσσων

169 1777 247 1810 ὑμᾶς
259 1778 408 1809 ,ϐαστάσει
424 1778 456 1804 τὸ
476 1778 573 1811 κρῖμα,
588 1777 672 1810 ὅστις
688 1777 725 1804 ἂν
738 1775 767 1813 ᾖ.
787 1777 954 1811 Ἑκνήψατε

169 1823 299 1856 δικαίως,
321 1823 370 1850 καὶ
395 1824 437 1857 μὴ
463 1824 654 1857 ἁμαρτάνετε·
669 1824 706 1855 ὡς
720 1824 786 1859 πρὸς
806 1824 953 1858 μεθύοντας

169 1869 217 1894 καὶ
233 1869 421 1904 μαινομένους.
450 1869 487 1894 Τὸ
514 1869 567 1903 γὰρ
589 1868 686 1903 ἀθρόον
702 1869 789 1894 πάντα
819 1869 872 1895 ἀπὸ
899 1868 954 1894 τῶν

168 1915 268 1949 χειρῶν
286 1915 371 1950 ῥῖψαι,
394 1915 548 1949 μεθυόντων
575 1916 622 1941 καὶ
651 1915 819 1949 μαινομένων
842 1912 887 1949 ἦν,
914 1913 953 1949 τῷ

170 1961 270 1995 μηκέτι
286 1962 350 1996 όρᾷν
364 1960 381 1987 ἃ.
394 1960 496 1995 ἐώρων,
511 1961 577 1995 μηδὲ
602 1961 738 1987 πιστεύειν
750 1958 790 1991 οἷς
801 1960 953 1995 ἔμπροσθεν

123 2032 129 2038 ,
167 2006 358 2041 ὡμολόγησαν.
374 2007 406 2032 Τί
422 2006 451 2032 δέ
466 2007 534 2036 ἐστι.
551 2006 691 2038 Δικίιίως;
715 2005 775 2031 Ἐπὶ
789 2006 953 2040 συμφέροντι

167 2051 217 2077 καὶ
233 2052 369 2086 χρησίμῳ.
388 2052 465 2077 Ἐστι
486 2052 540 2087 γὰρ
566 2051 665 2082 ἀδίκως
690 2052 795 2086 νήφειν,
822 2051 887 2077 ὃταν
907 2050 954 2077 ἐπὶ

168 2097 257 2132 βλάϐῃ
272 2097 322 2132 τῆς
333 2097 429 2124 ἑαυτοῦ
440 2098 528 2132 ψυχῆς
540 2097 749 2131 διεγηγερμένος
758 2105 800 2128 τις
856 2096 954 2128 Καλῶς

166 2143 197 2169 δὲ
212 2143 259 2169 καὶ
272 2143 313 2172 τὸ,
331 2142 378 2175 Μὴ
394 2142 585 2176 ἁμαρτάνετε,
606 2142 769 2177 προσέθηκε,
792 2142 899 2173 δεικνὺς
912 2142 954 2167 ὄτι

167 2187 293 2214 ἐντεῦθεν
308 2187 398 2219 αὐτοῖς
425 2188 459 2213 τὰ
485 2188 631 2223 σπέρματα
656 2188 704 2221 τῆς
731 2187 869 2218 ἀπιστίας.
898 2187 954 2214 Καὶ

167 2232 304 2267 πολλαχοῦ
316 2233 396 2259 τοῦτο
425 2233 583 2263 αἰνίττεται,
608 2233 648 2259 ὅτι
676 2233 730 2267 βίος
758 2232 955 2267 διεφθαρμένος

167 2279 276 2313 πονηρὰ
289 2279 375 2305 τίκτει
390 2279 521 2313 δόγματα·
536 2279 573 2310 ὡς
584 2279 645 2305 ὅταν
660 2279 736 2313 λέγῃ,
745 2278 821 2308 Ῥίζα
834 2278 955 2304 πάντων

167 2324 228 2356 τῶν
240 2325 341 2352 κακῶν
365 2326 384 2359 ἡ
407 2327 593 2360 φιλαργυρία,
618 2323 655 2358 ἧς
678 2333 756 2356 τινες
775 2324 951 2358 ὀρεγόμενοι,

166 2370 430 2403 ἀπεπλανήθησαν
443 2370 497 2404 τῆς
514 2371 650 2402 πίστεως.
663 2370 717 2395 Καὶ
729 2369 782 2403 γὰρ
795 2369 887 2395 πολλοὶ
899 2368 954 2395 τῶν

167 2415 277 2451 πονηρὰ
306 2416 465 2442 συνειδότων
496 2417 612 2447 ἑαυτοῖς,
647 2415 694 2441 καὶ
723 2415 753 2441 οὐ
785 2415 954 2449 βουλομένων

166 2461 261 2488 δοῦναι
275 2461 364 2497 δίκην,
379 2462 433 2488 ἀπὸ
443 2462 489 2488 τοῦ
504 2462 587 2496 φόϐου
605 2462 699 2487 τούτου
713 2461 760 2486 καὶ
775 2461 815 2491 είς
827 2460 876 2495 τὴν
889 2460 954 2494 περὶ

165 2509 218 2541 τῆς
237 2508 412 2539 ἀναστάσεως
426 2508 667 2543 παραϐλὰπτονται
684 2507 784 2532 πίστιν·
799 2506 893 2540 ῶσπερ
907 2503 954 2531 οὖν

165 2552 192 2578 οἱ
223 2552 328 2586 μεγάλα
357 2553 549 2588 κατορθοῦντες
578 2552 626 2578 καὶ
654 2551 714 2578 καθ’
730 2551 846 2586 ἑκάστην
869 2550 954 2585 αὐτὴν

166 2597 332 2632 ἐπιθυμοῦσι
345 2599 394 2633 τὴν
409 2599 514 2634 ἡμέραν
529 2598 601 2624 ἰδεῖν.
626 2597 788 2630 Ἀγνωονίαν
804 2597 859 2630 γὰρ
879 2595 953 2623 Θεοῦ

166 2651 250 2675 τινες
265 2643 372 2677 ἔχουσι
387 2653 393 2659 ·
412 2644 487 2677 πρὸς
513 2642 661 2677 ἐντροπὴν
687 2642 758 2676 ὑμῖν
779 2643 865 2676 λέγω,
883 2642 954 2677 Ὅρα

167 2687 320 2718 πῶςπὰλιν
337 2689 496 2724 μετατίθησι
521 2689 555 2714 τὰ
581 2688 742 2723 ἐγκλήματα
767 2688 806 2718 είς
832 2688 952 2722 ἐτέρους.

166 2733 208 2759 Οὐ
239 2732 295 2768 γὰρ
322 2732 408 2765 εἷπεν,
431 2735 471 2761 ὅτι
492 2734 640 2768 Ἀγνωσίαν
671 2734 756 2768 ἔχετε,
783 2733 853 2768 [585]
884 2732 952 2765 ἀλλ’,

173 2777 337 2812 Ἆγνωσίαν
363 2780 443 2813 τινὲς
466 2781 582 2815 ἔχουσι.
598 2780 634 2806 Τὸ
661 2780 716 2814 γὰρ
746 2781 779 2814 τῇ
807 2779 953 2806 ἀναστάσει

201 2829 215 2844 ¹
227 2828 361 2860 legebatur
372 2829 455 2855 ταῦτα.

678 124 713 152 IN
731 124 839 152 EPIST.
859 124 870 151 1
897 123 944 151 AD
962 123 1041 153 0οῆ.
1064 124 1184 153 HOMIL.
1205 122 1262 153 ΧΙ..

1738 136 1791 164 352

1010 184 1172 215 διαπιστεῖν,
1185 184 1215 210 οὐ
1229 184 1331 219 σφόδρα
1344 184 1446 218 εἰδότος
1465 186 1523 213 ἐστὶ
1537 187 1587 224 τὴν
1602 190 1649 215 τοῦ
1665 189 1732 217 Θεοῦ
1745 192 1792 219 δύο

1007 239 1089 265 ναμιν
1111 230 1161 265 τὴν
1173 230 1278 265 ἄμαχον
1305 231 1352 258 καὶ
1369 232 1438 268 πρὸς
1466 234 1555 261 πάντα
1567 241 1581 256 ι
1596 236 1743 271 ἀρκοῦσαν.
1760 238 1792 265 El

1007 277 1062 312 γὰρ
1075 277 1105 310 ἐξ
1117 277 1166 304 οὐκ
1180 278 1265 304 ὄντων
1279 277 1314 304 τὰ
1327 278 1391 306 ὅντα
1402 280 1523 315 ἐποίησε,
1540 281 1630 317 πολλῷ
1644 283 1743 317 μᾶλλον
1758 284 1793 311 τὰ

1007 322 1165 350 διαλυθέντα
1177 324 1321 359 δυνήσεται
1337 325 1499 360 ἀναστῆσαι.
1513 327 1568 353 Καὶ
1578 328 1671 364 ἐπειδὴ
1689 330 1792 365 σφόδρα

1007 368 1096 396 αὐτῶν
1116 369 1269 405 καθήψατο,
1285 370 1333 397 καὶ
1351 370 1410 406 μεθ’
1424 371 1577 408 ὑπερϐολῆς
1597 374 1790 410 ὲκωμῴδησεν,

1008 413 1048 445 είς
1072 414 1309 450 γαστριμαργίαν,
1337 415 1377 446 είς
1406 416 1507 449 ἄνοιαν,
1532 418 1571 449 εἱς
1600 419 1791 454 παραπληξίαν

1006 457 1175 491 διαϐάλλων,
1204 459 1451 495 παραμυθούμενος
1478 462 1512 489 τὰ
1538 463 1683 498 είρημένα,
1712 464 1789 499 φησί·

1006 503 1085 536 Πρὸς
1100 503 1250 538 ἐντροπὴν
1264 505 1336 539 ὑμῖν
1352 505 1439 540 λέγιι),
1463 507 1616 539 τουτέστινῖ
1626 508 1696 534 ὥστε
1718 508 1790 544 διορ-

1007 547 1104 580 θῶσαι,
1132 548 1202 575 ὥστε
1219 550 1414 584 ἐπαναγαγεῖν,
1426 550 1496 577 ὥστε
1513 552 1706 586 αἰσχυνθέντας
1719 553 1790 587 ὑμᾶς

1007 591 1133 626 γενέσθαι
1148 592 1278 627 βελτίους.
1294 594 1402 621 Δέδοικε
1419 595 1472 631 γὰρ
1489 596 1527 631 μὴ
1543 597 1614 631 πέρα
1625 596 1671 623 τοῦ
1686 596 1791 629 δέοντος

1006 636 1108 672 τεμὼν,
1122 637 1324 674 ἀποπιρτῆσαι
1341 641 1452 676 ποιήσῃ.

1041 683 1072 710 δ’.
1089 683 1181 710 Ταῦτα
1194 684 1222 711 δὲ
1236 685 1273 721 μὴ
1283 685 1351 721 πρὸς
1363 686 1484 718 ἐκείνους
1497 687 1621 722 εἰρῆσθαι
1635 689 1790 725 νομίζωμεν

1008 729 1098 765 μόνον,
1114 729 1181 756 ἀλλὰ
1194 730 1242 756 καὶ
1259 730 1306 757 νῦν
1320 731 1446 766 ειρῆσθαι
1461 732 1530 767 πρὸς
1543 732 1666 763 ἅπαντας
1680 735 1742 766 τοὺς
1757 735 1790 762 τὰ

1006 775 1075 801 αὐτὰ
1090 775 1244 807 νοσοῦντας,
1256 776 1303 803 καὶ
1318 776 1380 808 τοὺς
1391 776 1447 811 βίον
1462 777 1656 813 διεφθαρμένον
1669 779 1788 815 ἔχοντας.

1006 821 1061 847 Καὶ
1079 821 1132 857 γὰρ
1148 822 1195 857 οὐχ
1219 823 1243 848 οί
1266 822 1299 848 τὰ
1316 823 1421 858 πονηρὰ
1439 823 1560 858 δόγματα
1577 824 1683 860 ἔχοντες
1699 826 1789 861 μόνον,

1006 866 1073 893 ἀλλὰ
1109 867 1156 894 καὶ
1192 868 1217 893 οί
1257 867 1403 902 ἁμαρτίαις
1436 869 1611 904 κατεχόμενοι
1645 871 1789 906 χαλεπαῖς,

1007 911 1135 946 μεθύουσι
1147 920 1176 938 τε
1192 912 1239 938 καὶ
1257 913 1454 947 παραπαίουσι.
1478 915 1524 941 Διὸ
1537 916 1584 941 καὶ
1605 916 1673 951 πρὸς
1690 918 1790 949 αὐτοὺς

1006 956 1040 983 ἂν
1050 956 1157 992 λεχθείη
1169 957 1279 989 δικαίως
1287 958 1327 991 τὸ,
1346 959 1520 993 Ἐκνήψατε,
1532 961 1579 987 καὶ
1595 962 1711 995 μάλιστα
1721 964 1789 998 πρὸς

1005 1003 1067 1034 τοὺς
1094 1002 1132 1038 τῷ
1150 1003 1227 1039 κάρῳ
1244 1004 1294 1039 τῆς
1317 1004 1470 1037 πλεονεξίας
1490 1005 1702 1041 βεϐαρημένους,
1726 1009 1790 1040 τοὺς

1005 1048 1098 1080 κακῶς
1116 1049 1299 1085 ἁρπάζοντας.
1322 1051 1399 1076 Ἐστι
1413 1050 1467 1085 γὰρ
1482 1051 1594 1087 ἁρπαγὴ
1614 1052 1683 1088 καλὴ
1698 1054 1714 1088 ἡ
1733 1053 1789 1080 τῶν

1004 1093 1126 1129 οὐρανῶν
1138 1094 1260 1130 ἁρπαγὴ,
1284 1096 1300 1129 ἡ
1319 1094 1401 1130 μηδὲν
1415 1095 1579 1129 βλάπτουσα.
1601 1098 1646 1125 Ἐν
1666 1099 1715 1133 μὲν
1733 1100 1788 1135 γὰρ

1003 1140 1061 1169 τοῖς
1074 1139 1212 1174 χρήμασιν
1231 1140 1280 1166 οὐκ
1299 1140 1372 1166 ἔστιν
1387 1140 1480 1175 ἓτερον
1498 1142 1623 1175 γενέσθαι
1649 1144 1786 1176 πλούσιον,

1006 1184 1043 1218 μὴ
1059 1184 1152 1219 ἐτέρου
1171 1185 1300 1220 πρότερον
1318 1185 1463 1220 γενομένου
1484 1187 1614 1221 πένητος’
1631 1189 1677 1215 ἐπὶ
1695 1190 1722 1215 δὲ
1733 1190 1789 1216 τῶν

1005 1229 1197 1263 πνευματικῶν
1215 1230 1266 1256 οὐκ
1283 1230 1321 1256 ἐνι
1339 1230 1427 1264 τοῦτο,
1445 1231 1512 1259 ἀλλὰ
1532 1233 1684 1261 τούναντίον
1704 1235 1787 1268 ἆπαν,

1004 1273 1053 1299 οὐκ
1065 1272 1121 1300 ἔστι
1133 1273 1194 1300 τινὰ
1204 1274 1328 1308 γενέσθαι
1337 1274 1474 1307 πλούσιον,
1489 1276 1525 1312 μὴ
1535 1277 1627 1312 ἕτερον
1638 1279 1788 1314 ποιήσαντα

1003 1317 1133 1353 εὔπορον·
1149 1318 1182 1344 ἂν
1199 1318 1253 1354 γὰρ
1274 1318 1374 1354 μηδένα
1395 1319 1551 1356 ὡφελήσῃς,
1574 1321 1604 1346 οὺ
1623 1321 1726 1357 δυνήσῃ
1742 1330 1789 1355 γε-

1003 1363 1095 1390 νέσθαι
1109 1362 1234 1400 εὔπορος.
1253 1364 1296 1391 Ἐν
1315 1365 1363 1399 μὲν
1377 1365 1430 1401 γὰρ
1447 1367 1503 1397 τοῖς
1519 1367 1685 1401 σωματικοῖς
1701 1368 1718 1401 ὴ
1741 1375 1790 1401 με-

1004 1410 1109 1441 τάδοσις
1129 1410 1243 1445 μείωσιν
1262 1412 1335 1437 ποιεῖ
1355 1419 1362 1427 ο
1379 1412 1409 1437 ὲν
1426 1411 1454 1438 δὲ
1473 1413 1529 1443 τοῖς
1556 1414 1751 1447 πνευματικοῖς
1770 1414 1787 1448 ἠ

1005 1457 1147 1492 μετάδοσις
1168 1457 1336 1491 πλεονασμὸν
1357 1457 1517 1493 ἐργάζεται,
1538 1458 1586 1484 καὶ
1602 1458 1632 1485 τὸ
1651 1458 1687 1493 μὴ
1705 1467 1789 1493 μετα-

1003 1503 1104 1535 δοῦναι,
1118 1502 1195 1529 τοῦτο
1215 1502 1315 1537 πολλὴν
1328 1502 1425 1529 πενίαν
1449 1503 1660 1535 κατασκευάζει.
1680 1503 1728 1529 καὶ
1742 1504 1790 1530 κόο

1003 1548 1080 1575 λασιν
1095 1547 1212 1582 ἐσχάτην
1226 1547 1333 1582 ἐπάγει.
1357 1549 1413 1575 Καὶ
1431 1548 1549 1575 δείκνυσι
1571 1549 1650 1575 τοῦτο
1664 1550 1678 1576 6
1693 1549 1723 1576 τὸ
1739 1550 1788 1577 τά-

1003 1593 1098 1620 λαντον
1110 1593 1270 1628 κατορύξας.
1286 1594 1341 1620 Καὶ
1355 1594 1409 1629 γὰρ
1420 1595 1434 1620 ὸ
1446 1595 1523 1629 λόγον
1535 1595 1605 1630 ἔχων
1618 1596 1724 1630 σοφίας,
1737 1604 1787 1631 με-

1003 1638 1099 1668 ταδοὺς
1130 1637 1227 1673 ἑτέρῳ,
1256 1637 1358 1674 ηὔξησε
1395 1639 1444 1674 τὴν
1477 1640 1645 1674 περιουσίαν,
1674 1640 1789 1671 πολλοὺς

1004 1684 1120 1718 ποιήσας
1133 1684 1196 1715 τοὺς
1210 1684 1307 1718 σοφούς
1319 1692 1326 1700 ’
1342 1685 1409 1711 οίκοι
1422 1685 1451 1711 δὲ
1466 1685 1654 1720 κατακρύψας,
1671 1686 1788 1712 ἀπεστέ-

1004 1737 1086 1764 ρησεν
1108 1728 1204 1755 ἑαυτὸν
1227 1728 1278 1763 τῆς
1301 1730 1470 1763 περιουσίας,
1496 1729 1526 1755 οὐ
1548 1730 1718 1764 κτησάμενος
1738 1730 1788 1766 τὴν

1002 1774 1056 1800 τῶν
1072 1773 1176 1800 πολλῶν
1186 1774 1329 1808 ὠφέλειαν.
1350 1774 1434 1801 Πάλιν
1449 1775 1462 1801 6
1475 1774 1631 1810 χαρίσματα
1645 1775 1715 1810 έχων
1730 1775 1788 1802 ἐτε-

1004 1828 1049 1855 ρα,
1076 1820 1189 1852 πολλοὺς
1214 1820 1360 1854 ἰασάμενος
1380 1820 1495 1852 ἐξέτεινε
1522 1820 1571 1855 τὴν
1594 1820 1714 1855 δωρεάν·
1740 1822 1789 1847 καὶ

1003 1864 1064 1891 οὔτε
1086 1865 1167 1896 αὐτὸς
1196 1864 1347 1900 ἑξεκενώθη
1368 1866 1400 1901 τῇ
1426 1865 1584 1900 μεταδόσει,
1604 1866 1649 1892 καὶ
1674 1865 1788 1897 πολλοὺς

1003 1911 1111 1945 ἑτέρους
1126 1911 1257 1945 ἐνέπλησε
1274 1910 1324 1945 τῆς
1338 1911 1526 1946 πνευματικῆς
1538 1911 1651 1946 δωρεᾶς.
1671 1912 1727 1938 Καὶ
1740 1912 1788 1938 ἐπὶ

1003 1955 1112 1982 πάντων
1139 1954 1193 1981 τῶν
1215 1955 1407 1989 πνευματικῶν
1420 1955 1546 1990 ἀκίνητος
1560 1953 1637 1987 οὗτος
1654 1957 1668 1982 6
1697 1956 1787 1983 κανὼν

1003 2001 1133 2035 διαμένει.
1152 2000 1231 2027 Οὕτω
1245 2001 1292 2027 καὶ
1305 2000 1350 2026 ἐπὶ
1364 2000 1414 2035 τῆς
1433 2000 1580 2034 βασιλείας,
1595 2002 1610 2027 6
1623 2002 1671 2036 μὲν
1689 2010 1787 2029 κοινω-

1003 2047 1065 2078 νοὺς
1086 2046 1199 2078 πολλοὺς
1219 2045 1429 2078 κατασκευάζων
1453 2046 1541 2081 ἑαυτῷ
1557 2047 1606 2082 τῆς
1631 2047 1786 2082 βασιλείας,

1004 2092 1090 2128 ταύτῃ
1110 2091 1240 2128 μειζόνως
1255 2092 1339 2127 αὐτῆς
1351 2092 1532 2119 ἀπολαύσεται
1550 2092 1630 2119 πάλιν
1640 2101 1647 2108 ·
1659 2094 1674 2119 6
1686 2093 1714 2119 δὲ
1733 2102 1786 2128 μη-

1003 2139 1065 2165 δένα
1080 2138 1236 2170 σπουδάζων
1248 2138 1340 2165 λαϐεῖν
1357 2138 1493 2170 κοινωνὸν,
1508 2139 1554 2165 καὶ
1570 2138 1650 2170 αὐτὸς
1662 2139 1788 2165 ἐκπεσεῖ-

1004 2193 1048 2211 ται
1061 2184 1115 2211 τῶν
1132 2184 1236 2211 πολλῶν
1251 2184 1361 2218 ἀγαθῶν
1383 2184 1503 2211 ἐκείνων.
1526 2185 1557 2211 Εἰ
1574 2184 1628 2219 γὰρ
1641 2185 1657 2218 ἡ
1676 2185 1755 2219 σοφία
1771 2186 1788 2220 ἡ

1004 2231 1119 2266 αἰσθητὴ
1134 2231 1164 2257 οὺ
1181 2230 1343 2263 δαπανᾶται,
1360 2230 1464 2266 μυρίων
1483 2231 1668 2266 ἁρπαζόντων,
1692 2230 1752 2257 οὔτε
1775 2232 1789 2257 6

1004 2278 1128 2312 τεχνίτης
1141 2276 1255 2308 πολλοὺς
1269 2277 1331 2309 τοὺς
1348 2277 1472 2311 τεχνίτας
1492 2276 1575 2303 ποιῶν
1594 2276 1725 2303 ἀπόλλυσι
1739 2277 1790 2312 τὴν

1004 2321 1111 2357 τέχνην,
1128 2322 1217 2357 πολλῷ
1227 2322 1328 2357 μᾶλλον
1342 2323 1356 2349 6
1366 2322 1414 2357 τὴν
1427 2321 1563 2357 βασιλείαν
1576 2323 1706 2358 ἁρπάζων
1716 2322 1791 2349 ἐλάτ-

1004 2376 1070 2395 τονα
1095 2368 1145 2394 οὐκ
1173 2368 1318 2403 ἐργάζεται
1332 2388 1340 2401 ,
1368 2368 1437 2395 ἀλλὰ
1463 2368 1523 2394 τότε
1550 2368 1648 2394 πλείων
1675 2368 1751 2394 ἔσται
1775 2368 1790 2394 6

1004 2414 1117 2446 πλοῦτος
1127 2415 1204 2450 ἡμῖν,
1218 2415 1282 2441 ὅταν
1293 2414 1405 2445 πολλοὺς
1414 2414 1461 2440 ἐπὶ
1476 2413 1554 2440 τοῦτο
1567 2413 1703 2448 καλῶμεν.
1725 2414 1790 2449 Ἀρ-

1004 2461 1136 2496 πάσωμεν
1152 2461 1240 2487 τοίνυν
1256 2460 1291 2486 τὰ
1309 2459 1346 2494 μὴ
1362 2459 1574 2494 ἀναλισκόμενα,
1589 2459 1657 2486 ἀλλὰ
1673 2458 1790 2486 πλεονά-

1004 2504 1085 2538 ζοντα
1096 2507 1125 2532 ὲν
1135 2506 1173 2541 τῷ
1186 2504 1366 2539 ἁρπάζεσθαισ
1380 2504 1455 2541 [584]
1465 2505 1633 2540 ἁρπάσωμεν
1643 2506 1678 2531 τὰ
1689 2505 1791 2540 μηδένα

1004 2552 1100 2586 ἔχοντα
1120 2550 1301 2583 συκοφάντην,
1327 2549 1429 2583 μηδένα
1450 2549 1593 2584 βάσκανον.
1616 2549 1671 2576 Καὶ
1689 2549 1744 2583 γὰρ
1766 2549 1791 2575 εἰ

1004 2593 1116 2629 χρυσίου
1131 2593 1213 2624 τόπος
1235 2590 1269 2627 ἧν
1292 2591 1384 2627 πηγὴν
1405 2592 1475 2627 έχων
1496 2592 1701 2625 ἀναϐλύζουσαν
1727 2593 1790 2618 ἀέν-

1004 2648 1077 2671 ναον,
1096 2638 1143 2665 καὶ
1157 2638 1275 2673 τοσούτῳ
1289 2638 1369 2665 πλέον
1387 2638 1509 2674 ὲπέρῤει,
1530 2639 1585 2674 ὅσῳ
1606 2638 1687 2665 πλέον
1710 2637 1789 2670 ἐξην-

1006 2685 1103 2717 τλεῖτο,
1120 2685 1212 2720 ἔτερος
1235 2684 1263 2711 δὲ
1285 2684 1367 2716 τόπος
1382 2682 1417 2719 ἦν
1432 2685 1568 2719 θησαυρὸν
1587 2684 1655 2718 ἔχων
1670 2691 1790 2717 κατορω-

1007 2730 1149 2767 ρυγμένον,
1171 2730 1253 2756 πόθεν
1271 2730 1304 2756 ἂν
1324 2729 1459 2764 ἠθέλησας
1473 2730 1614 2761 πλουτεῖν;
1637 2728 1697 2762 οὐχὶ
1719 2728 1790 2753 ἐκεῖ-

1005 2776 1069 2809 θεν;
1089 2776 1182 2811 Δῆλον.
1209 2776 1288 2807 ’Λλλ’,
1313 2776 1356 2802 ῐνα
1374 2776 1410 2811 μὴ
1428 2775 1499 2809 λόγῳ
1515 2773 1594 2800 τοῦτο
1619 2773 1699 2808 μόνον
1721 2772 1787 2798 ἀνα-

1007 2822 1163 2857 πλάσωμεν,
1177 2822 1317 2856 λογίσασθε
1332 2822 1376 2848 ἐπὶ
1388 2821 1434 2848 τοῦ
1449 2821 1528 2857 ἀέρος
1543 2820 1573 2846 τὸ
1585 2819 1729 2856 εἰρημένον
1742 2818 1789 2845 καὶ
