2069 3110
279 125 333 151 355

277 180 325 206 ἐπὶ
338 179 385 207 τοῦ
399 181 490 216 ἡλίου·
506 179 593 207 ταῦτα
610 179 664 213 γὰρ
683 177 835 212 ἀρπάζεται
852 176 928 214 παρὰ
941 176 1062 208 πάντων,

275 234 325 252 και
339 225 442 257 πάντας
457 226 556 260 πληροῖ
568 223 658 250 ἰἀλλὰ
672 222 757 249 ταῦτα
773 222 833 257 μὲν,
853 222 901 249 καὶ
914 222 1064 248 ἀπολαυόν-

275 280 331 299 των
346 273 393 299 καὶ
411 271 448 307 μὴ
471 269 674 300 ἀπολαυόντων,
691 269 772 303 ὃμοια
791 268 866 303 μένει
885 267 922 303 μὴ
939 267 1065 294 ἐλαττού-

277 326 356 352 μενοι.
375 318 407 343 Ὃ
421 317 450 343 δὲ
464 315 519 350 ἐγὼ
534 313 621 346 εἷπον,
644 314 734 349 πολλῷ
751 314 844 349 μεῖζόν
858 314 942 341 ἐστιν.
957 314 994 340 Οὐ
1009 313 1064 349 γὰρ

274 363 355 396 ὁμοία
370 362 445 396 μένει
460 363 476 397 ή
493 361 665 395 πνευματικὴ
682 360 760 394 σοφία
776 360 946 394 διαδιδομένη
961 360 1009 385 καὶ
1025 359 1063 394 μὴ

275 407 457 441 διαδιδομένη,
473 406 530 432 ἀλλ’
547 405 658 438 αὔξεται
673 406 772 440 μᾶλλον
784 405 965 439 διαδιδομένη.
988 403 1021 430 Εί
1033 404 1062 430 δέ

274 462 319 485 τις
334 453 384 479 οὐκ
401 453 527 487 ἀνέχεται
553 453 607 478 τῶν
630 452 792 487 εἰρημένων,
815 451 873 478 ἀλλ’
888 451 928 478 ἔτι
952 452 985 486 τῇ
1009 451 1065 477 τῶν

275 498 410 533 βιωτικῶν
424 498 593 533 προστέτηκε
609 498 689 533 πενίᾳ
703 498 834 533 ἁρπάζων
849 497 883 523 τὰ
898 497 1063 531 ἐλαττούμε-

274 552 318 573 να,
336 544 387 570 κάν
416 544 503 578 τούτῳ
520 543 601 570 πάλιν
621 543 869 578 ἀναμιμνησκέσθω
889 543 941 577 τῆς
961 543 1064 577 τροφῆς

274 589 322 615 τοῦ
346 589 443 624 μάννα,
464 589 512 615 καὶ
531 589 666 623 φοϐείσθω
679 590 710 615 τὸ
725 588 900 622 παράδειγμα
918 588 968 623 τῆς
989 588 1065 614 κολά-

274 642 354 664 σεως.
373 634 462 668 Ὅπερ
486 633 540 668 γὰρ
562 633 605 659 ἐπ’
621 633 729 667 ἐκείνης
754 633 904 664 συνέῦαινε,
919 633 998 659 τοῦτο
1017 633 1065 659 καὶ

274 677 383 703 ἐπὶτῶν
393 677 627 704 πλεονεκτούντων
635 677 682 704 νῦν
693 677 817 703 ἐκϐαῖνον
829 677 902 703 ἔστιν
912 677 1021 703 ἰδεῖν.Τί
1035 678 1063 703 δὲ

272 718 334 744 τότε
346 718 484 744 συνέϐαινε
492 727 499 750 ;
507 718 652 752 Σκώληκες
662 718 758 753 ἔϐρυον
769 719 822 745 ἀπὸ
830 719 879 753 τῆς
895 718 1063 751 πλεονεξίας.

308 773 393 799 Τοῦτο
416 772 463 798 καὶ
484 772 532 798 νῦν
553 772 659 806 γίνεται
679 772 725 798 ἐπὶ
744 771 857 798 τούτων.
874 772 917 804 ,Τὸ
940 773 989 806 μὲν
1009 772 1063 807 7&9

274 818 373 854 μέτρον
385 818 436 852 τῆς
460 816 565 852 τροφῆς
582 817 613 842 τὸ
627 816 693 842 αὐτὸ
713 816 815 842 ἀπασι’
834 815 899 849 μίαν
921 815 975 849 γὰρ
993 815 1069 853 πλη--¹

274 864 375 900 ροῦμεν
384 863 525 898 γαστέρα·
541 863 558 897 ἡ
579 862 607 888 δέ
630 862 732 897 κόπρος
746 862 821 896 παρά
839 862 880 887 σοὶ
905 861 1006 887 πλείων
1023 861 1063 896 τῷ

271 909 420 945 τρυφῶντι.
439 909 494 935 Καὶ
519 908 645 943 καθάπερ
666 909 724 934 ἐκεῖ
744 909 772 934 ἐν
787 909 847 939 ταῖς
867 907 968 939 οἰκίαις
987 908 1012 934 οἰ
1032 908 1062 934 τὸ

272 955 354 980 πλέον
367 954 414 980 τοῦ
434 954 627 988 νενομισμένου
642 953 825 987 συλλέγοντες,
840 953 870 979 οὺ
892 953 981 988 μάννα
997 961 1062 978 συν-

271 1000 349 1034 ῆγον,
369 999 437 1026 ἀλλά
459 999 602 1034 σκώληκας
625 999 733 1030 πλείους
756 999 801 1025 καὶ
820 999 969 1033 σηπεδόνα·
990 998 1062 1025 οὕτω

273 1044 307 1078 δὴ
321 1044 369 1070 καὶ
379 1044 408 1069 ἐν
421 1044 454 1078 τῇ
467 1044 557 1078 τρυφῇ
578 1043 625 1069 καὶ
643 1044 671 1069 ὲν
694 1044 727 1077 τῇ
746 1043 896 1078 πλεονεξίᾳ.
911 1043 941 1069 οὺ
955 1042 1060 1078 τροφὴν

271 1090 392 1122 πλείονα,
404 1089 473 1116 ἀλλὰ
486 1090 590 1125 φθορὰν
605 1090 714 1116 πλείονα
730 1090 891 1123 συνάγουσιν
906 1089 932 1115 οἰ
945 1097 1061 1124 γαστρι-

271 1135 380 1170 ζόμενοι
393 1136 439 1162 καὶ
453 1136 608 1170 μεθύοντες,
636 1135 704 1162 Ἀλλ’
719 1136 794 1170 ὅμως
815 1135 937 1170 τοσούτῳ
952 1135 1060 1170 χείρους

270 1179 382 1206 ἐκείνων
395 1180 419 1206 οἱ
429 1179 487 1212 νῦν,
496 1181 550 1215 ὅσῳ
561 1181 659 1206 ἐκεῖνοι
676 1180 725 1215 μὲν
740 1179 813 1211 ἅπαξ
823 1179 953 1210 παθόντες
968 1179 1058 1211 τοῦτο,

270 1223 527 1258 ἐσωφρονίσθησαν·
545 1222 616 1250 οὗτοι
630 1223 658 1250 δέ
672 1222 733 1249 καθ’
751 1223 870 1258 ἑκάστην
889 1223 996 1257 ἡμέραν
1014 1223 1060 1248 τὸν

270 1269 400 1304 σκώληκα
413 1268 507 1295 τοῦτον
522 1269 626 1296 ἐκείνου
644 1267 733 1303 πολλῷ
746 1268 935 1303 χαλεπώτερον
955 1269 996 1299 εἰς
1009 1268 1059 1300 τὰς

269 1315 359 1345 οἰκίας
372 1314 422 1345 τὰς
432 1314 536 1341 ἑαυτῶν
549 1314 714 1348 εἰσάγοντες,
727 1314 788 1341 οὕτε
802 1314 984 1347 αἰσθάνονται,
997 1314 1059 1340 οὔτε

269 1359 455 1394 κορέννυνται.
475 1360 536 1385 ’Ὁτι
552 1360 606 1394 γὰρ
624 1359 710 1385 ταῦτα
721 1359 836 1391 ἐκείνοις
846 1359 918 1386 ἔοικε
934 1360 1004 1386 κατά
1014 1359 1059 1386 τὸν

269 1405 319 1439 τῆς
340 1404 533 1439 ματαιοπονίας
558 1405 636 1438 λόγον
677 1405 719 1440 (τῇ
745 1405 800 1440 γὰρ
823 1405 944 1441 τιμωρίᾳ.
968 1405 1058 1439 πολλῷ

268 1451 354 1478 ταῦτα
372 1451 570 1487 χαλεπώτερα),
590 1452 715 1479 ἐντεῦθεν
732 1452 838 1479 σκόπει.
851 1453 910 1479 Τίνι
925 1452 980 1488 γὰρ
998 1452 1058 1479 δια-

269 1497 348 1532 φέρει
364 1498 379 1524 ὀ
395 1497 522 1529 πλούσιος
545 1498 591 1523 τοῦ
611 1499 740 1533 πένητος;
763 1499 810 1533 οὐχ
831 1498 860 1524 ἓν
883 1498 962 1533 σῶμα
979 1506 1058 1533 περι-

268 1542 377 1575 6ἀλλει;
401 1543 431 1569 οὐ
454 1543 519 1578 μίαν
539 1543 633 1578 τρέφει
656 1544 797 1579 γαστέρα;
822 1544 876 1570 τίνι
897 1542 944 1571 οὖν
961 1544 1057 1571 πλεον-

268 1590 369 1621 εκτεῖς
395 1589 460 1620 Ταῖς
484 1589 616 1624 φροντίσι,
644 1589 682 1624 τῷ
708 1589 888 1622 δαπανᾶσθαι,
921 1590 960 1624 τῷ
988 1599 1059 1626 παρ-

268 1634 379 1661 ακούειν
393 1634 470 1667 Θεοῦ,
484 1634 522 1669 τῷ
541 1634 709 1671 διαφθείρειν
725 1636 774 1671 τὴν
789 1636 887 1671 σάρκα,
905 1636 943 1670 τῷ
959 1637 1058 1671 λυμαί-

268 1680 363 1706 νεσθαι
375 1680 424 1715 τὴν
439 1680 539 1715 ψυχήν,
556 1680 648 1706 Ταῦτα
669 1681 723 1716 γάρ
744 1682 826 1712 ἐστιν,
844 1679 885 1712 οἷς
899 1681 1058 1710 ’πλεονεκτεῖ

267 1725 314 1751 τὸν
328 1725 449 1760 πένητα·
476 1726 512 1757 ὡς
530 1726 556 1752 εἰ
573 1734 605 1760 γε
626 1726 740 1757 πολλοὺς
761 1726 881 1762 ἐπλήρου
907 1728 1057 1763 γαστέρας,

267 1771 336 1804 τάχα
353 1779 378 1797 τι
394 1771 441 1797 καὶ
461 1770 551 1805 λέγειν
573 1770 655 1806 εἶχεν,
679 1769 734 1798 οἷον
748 1772 789 1798 ὃτι
807 1772 907 1799 πλείων
932 1774 948 1808 ὴ
966 1774 1055 1808 χρεία,

268 1817 316 1843 καὶ
331 1816 431 1851 μείζων
447 1817 464 1851 ἡ
484 1817 533 1851 τῆς
555 1818 679 1852 δαπάνης
697 1818 814 1852 ἀνάγκη.
841 1818 923 1845 Ἀλλά
941 1821 987 1845 καὶ
1009 1820 1058 1846 νῦν

267 1861 370 1896 έχουσι,
384 1863 477 1897 φησὶν,
492 1864 589 1896 εἰπεῖν,
607 1864 648 1889 ὅτι
661 1863 761 1895 πολλὰς
777 1864 922 1900 πληροῦσι,
934 1865 983 1897 τὰς
1001 1865 1057 1892 τῶν

267 1907 391 1939 οἰκετῶν,
405 1908 454 1939 τὰς
465 1908 518 1935 τῶν
536 1909 749 1944 Θεραπαινίδων-
765 1910 835 1936 Ἀλλ’
850 1912 881 1936 οὑ
895 1911 990 1946 χρείας
1004 1912 1058 1938 ἐνε-

266 1947 325 1985 κεν,
341 1953 403 1980 οὐδὲ
425 1953 630 1989 φιλανθρωπίας
647 1955 725 1982 τοῦτο
745 1956 848 1989 γίνεται
862 1977 869 1988 ,
889 1957 956 1983 ἀλλὰ
971 1957 1056 1991 τύφου

269 1998 359 2033 μόνον.
370 1997 431 2024 ὅθεν
437 1998 492 2025 οὐδ’
501 1998 534 2025 ἂν
542 1999 685 2034 ἀνάσχοιτο
693 2008 733 2031 τις
740 2000 790 2035 τῆς
801 2001 949 2035 ἀπολογίας
955 2002 1055 2040 αὐτῶν.

303 2079 334 2103 ε’.
349 2075 399 2102 Διὰ
412 2076 438 2101 τί
453 2074 507 2111 γὰρ
519 2075 632 2107 πολλοὺς
644 2075 699 2110 ἔχει
709 2076 817 2108 οἰκέτας
826 2085 834 2109 ;
843 2077 948 2113 Ὥσπερ
959 2078 1013 2113 γὰρ
1027 2079 1056 2106 ἐν

269 2122 386 2156 ἱματίοις
398 2121 447 2156 τὴν
459 2122 553 2157 χρείαν
566 2120 675 2147 διώκειν
690 2121 731 2147 δεῖ
745 2122 834 2156 μόνον,
848 2124 893 2149 καὶ
909 2124 938 2150 ἐν
953 2125 1056 2158 τραπέ-

267 2167 312 2204 ζῃ,
328 2167 399 2193 οὕτω
413 2167 460 2193 καὶ
470 2168 498 2193 ἐν
513 2166 642 2198 οἰκέταις.
659 2168 706 2199 Τίς
722 2166 768 2195 οὖν
787 2169 805 2203 ἡ
820 2169 918 2204 χρείας
934 2171 990 2196 Οὐκ
1010 2170 1055 2196 ἕσ-

266 2223 308 2240 τιν
322 2213 447 2249 οὐδεμία.
464 2213 519 2240 Καὶ
532 2213 586 2250 γάρ
605 2215 646 2240 ἐνὶ
661 2215 705 2241 τὸν
723 2215 771 2242 ἕνα
785 2216 905 2251 χρῆσθαι
922 2216 1055 2253 δεσπότην

265 2261 358 2295 οἰκέτῃ
373 2260 452 2295 μόνον
467 2260 564 2295 ἐχρῆν·
582 2261 682 2295 μᾶλλον
693 2261 721 2288 δὲ
736 2262 839 2289 καὶδύο
857 2264 906 2290 καί¹
922 2265 994 2300 τρεῖς
1012 2265 1056 2291 δε-

268 2306 369 2337 σπότας
386 2306 425 2331 ἐνὶ
439 2305 542 2340 οἰκέτῃ.
560 2306 593 2332 Εἰ
609 2306 637 2332 δὲ
660 2306 729 2342 βαρὺ
746 2307 835 2341 τοῦτο,
851 2309 976 2344 ἐννόησον
992 2311 1055 2342 τοὺς

265 2352 326 2378 οὐδὲ
342 2351 390 2377 ἕνα
402 2350 523 2386 ἔχοντας,
535 2351 582 2377 καὶ
600 2351 786 2388 εὐκολωτὲρας
799 2354 986 2387 ἀπολαύοντας
1012 2356 1056 2382 Θε-

266 2397 381 2432 ραπείας
398 2405 404 2411 ·
420 2397 467 2424 καὶ
481 2397 535 2432 γὰρ
546 2396 695 2432 αὐτάρκεις
709 2399 742 2434 τῇ
757 2398 880 2435 διακονίᾳ
900 2402 933 2436 τῇ
949 2402 1054 2428 ἑαυτῶν

266 2442 393 2476 ἐποίησεν
412 2442 427 2468 ὁ
447 2442 525 2475 Θεδς,
546 2442 646 2478 μᾶλλον
660 2442 689 2469 δὲ
706 2443 754 2470 καὶ
767 2444 799 2479 τῇ
814 2445 860 2470 τοῦ
881 2445 1004 2480 πλησίον.
1022 2447 1054 2474 El

265 2484 295 2510 δὲ
304 2485 438 2517 ἀπιστεῖς.
455 2487 537 2513 ἄκουε
551 2488 657 2514 Παύλου
681 2488 805 2523 λέγοντος
824 2497 831 2503 ·
860 2490 925 2522 Ταῖς
941 2492 1055 2525 χρείαις

263 2538 334 2564 μου,
355 2530 404 2556 καὶ
420 2531 495 2566 [585]
516 2532 576 2564 τοῖς
590 2531 661 2560 οὖσι
677 2535 741 2568 μετ’
766 2535 839 2570 ἐμοῦ
859 2537 1055 2571 ὑπηρέτησαν

265 2576 296 2601 αἱ
310 2574 408 2609 κεᾷὶες
424 2574 523 2604 αὗται.
550 2576 617 2604 Εἶτα
638 2580 652 2604 ὁ
671 2579 720 2613 μὲν
735 2581 784 2615 τῆς
800 2582 962 2619 οἰκουμένης
982 2585 1055 2612 διδάο

266 2622 365 2653 σκαλος
378 2622 423 2648 καὶ
437 2621 490 2648 τῶν
503 2623 624 2658 οὐρανῶν
638 2624 712 2657 ἄξιος
729 2626 779 2653 οὐκ
804 2629 934 2663 ᾐσχύνετο
948 2631 1055 2666 μυρίοις

265 2668 409 2704 ὑπηρετῶν
424 2676 430 2684 ·
449 2668 481 2695 σὺ
496 2669 535 2702 δέ,
556 2670 580 2695 εἰ
599 2670 636 2705 μὴ
651 2670 752 2703 πολλὰς
772 2674 930 2709 περιφέρεις
954 2676 1054 2711 ἀνδρα-

265 2715 354 2741 πόδων
366 2715 477 2749 ἀγέλας,
490 2716 602 2751 αἰσχρὸν
617 2715 685 2743 εἶναι
702 2717 831 2753 νομίζεις,
852 2721 901 2746 οὐκ
920 2720 997 2751 εἰδὼς
1011 2722 1053 2748 ὅτι

264 2760 343 2787 τοῦτο
356 2760 405 2795 μὲν
418 2759 464 2788 οὖν
477 2762 595 2796 μάλιστὰ
613 2764 671 2789 ἐστι
689 2763 719 2790 τὸ
740 2765 918 2799 καταισχῦνόν
931 2774 975 2798 aa;
998 2767 1053 2792 Καὶ

267 2805 320 2840 γὰρ
331 2805 374 2832 διά
394 2806 473 2833 τοῦτο
493 2808 538 2833 καὶ
560 2809 655 2843 χεῖρας
678 2809 744 2843 ἡμῖν
767 2810 866 2836 ἔδωκεν
887 2811 901 2836 6
921 2810 986 2841 θεὸς
1006 2812 1051 2838 καὶ

635 121 663 149 S.
681 118 823 148 JOANNIS
841 115 1085 145 CHRYSOSTOMI
1105 116 1265 145 ARCHIEP.
1286 118 1562 147 CONSTANTINOP.

1847 121 1901 150 εει

1117 175 1212 207 πόδας,
1237 176 1279 203 ἵνα
1302 175 1339 212 μὴ
1362 175 1486 212 δεώμεθα
1506 176 1627 204 οἰκετῶν.
1643 177 1709 203 Οὐδὲ
1732 178 1785 214 γὰρ
1808 179 1902 214 χρείας

1114 219 1207 246 ἕνεκεν
1220 220 1251 247 τὸ
1273 221 1328 248 τῶν
1349 221 1451 248 δούλων
1471 222 1621 258 ἐπεισήχθη
1647 223 1742 256 γένος,
1760 225 1820 250 ἐπεὶ
1834 226 1905 260 μετά

1114 265 1161 293 τοῦ
1184 266 1269 302 ’Δδάμ
1286 267 1409 303 ἐπλάσθη
1428 267 1462 294 ἂν
1482 268 1530 295 καὶ
1548 268 1640 301 δοῦλος
1660 277 1667 284 ·
1685 269 1743 296 ἀλλ’
1763 271 1904 306 ἁμαρτίας

1115 312 1173 338 ἐστὶ
1184 312 1215 338 τὸ
1229 313 1376 347 ἐπιτίμιον,
1394 313 1443 341 καὶ
1463 314 1513 349 τῆς
1533 314 1677 349 παρακοῆς
1692 316 1709 350 ὴ
1727 315 1847 349 κόλασις.
1873 317 1903 343 '0

1115 357 1143 384 δὲ
1158 359 1275 393 Χριστὸς
1295 360 1526 395 παραγενόμενος,
1542 360 1590 386 καὶ¹
1610 359 1688 387 τοῦτο
1709 360 1823 388 ἔλυσεν·
1851 362 1903 389 Ἐν

1115 402 1171 437 τὰρ
1185 404 1299 437 Χριστῷ
1319 404 1421 438 Ἰησοῦ
1435 406 1491 432 οὐκ
1502 404 1568 432 ἐστι
1580 405 1691 438 δοῦλος
1705 405 1777 433 οὐδὲ
1786 407 1903 434 ἐλεύθε-

1111 456 1177 481 ρος.
1190 449 1271 475 Ὥστε
1282 449 1331 476 οὐκ
1343 450 1490 484 ἀναγκαῖον
1504 450 1535 477 τὸ
1548 450 1640 477 δοῦλον
1656 451 1727 486 ἔχειν
1738 460 1747 467 ·
1765 453 1790 478 ει
1811 453 1840 479 δὲ
1855 453 1902 480 καὶ

1114 493 1274 527 ἀναγκαῖον,
1290 494 1338 521 ἐνα
1350 503 1401 521 που
1420 495 1509 529 μόνον,
1527 495 1543 530 ἢ
1567 495 1598 521 τδ
1617 495 1684 522 πολὺ
1708 496 1846 532 δεύτερον.
1869 498 1902 523 Τί

1116 538 1288 573 βούλεταιτά
1309 541 1399 575 σμήνη
1418 540 1473 566 τῶν
1496 540 1625 572 οἰκετῶν;
1648 540 1781 576 Καθάπερ
1802 541 1856 577 γὰρ
1877 543 1902 568 οἰ

1116 584 1324 619 προῦατοπῶλαι
1343 586 1391 612 καὶ
1402 586 1426 612 οι
1448 584 1686 621 σωμαωκάπηλοι,
1701 586 1787 619 οὕτως
1808 588 1838 613 ἐν
1852 587 1903 621 βα-

1115 629 1221 664 λανείῳ,
1246 630 1333 661 οὕτως
1352 631 1382 657 ἐν
1402 631 1489 666 ἀγορᾷ
1507 631 1645 667 περιίασιν
1663 632 1688 657 οί
1711 632 1901 664 πλουτοῦντες.

1115 673 1188 709 Πλὴν
1202 674 1259 700 ἀλλ’
1269 675 1345 702 οὐδὲν
1364 675 1596 711 ἀκριϐολογοῦμαι
1609 683 1616 691 ·
1633 676 1702 703 ἔστω
1719 685 1761 704 σοι
1779 678 1825 704 καὶ
1844 678 1902 704 δεύ-

1115 727 1191 753 τερος
1206 720 1313 753 οἰκέτης
1329 729 1335 735 ·
1350 721 1373 746 εἰ
1387 721 1415 746 δὲ
1429 721 1540 752 πολλοὺς
1553 723 1689 755 συνάγεις.
1704 722 1733 748 οὐ
1749 723 1901 758 φιλανθρω-

1115 765 1180 796 πίας
1193 766 1284 792 ἓνεκεν
1303 767 1380 792 τοῦτο
1401 769 1498 799 ποιεῖς,
1523 768 1589 793 ἀλλά
1608 768 1812 803 Θρυπτόμενος·
1828 770 1899 799 ἐπεὶ,

1115 812 1139 836 εἰ
1158 812 1315 845 κηδόμενος,
1333 813 1433 846 μηδένα
1443 814 1481 843 εἰς
1496 813 1633 840 διακονίαν
1648 815 1840 850 ἀπασχολήσῃς
1852 816 1900 850 τὴν

1116 856 1175 890 σὴν,
1193 856 1249 882 ἀλλ’
1261 857 1408 891 ἀγοράσας,
1428 858 1475 883 καί
1485 858 1582 892 τέχνας
1598 859 1707 891 διδάξας
1719 859 1788 885 ὥστε
1804 861 1900 894 ἀρκεῖν

1115 903 1230 933 ἑαυτοῖς,
1245 902 1311 936 ἄφες
1331 902 1498 937 ἐλευθέρους.
1520 904 1603 929 ’Όταν
1626 904 1653 930 δὲ
1671 905 1814 940 μαστίξῃς,
1836 906 1899 931 ὅταν

1113 946 1256 981 δεσμεύῃς,
1281 947 1371 972 οὐκέτι
1392 947 1593 982 φιλανθρωπίας
1610 948 1638 974 τὸ
1658 948 1746 983 ἔργον.
1766 950 1819 975 Καὶ
1842 947 1899 975 οἶδα

1115 991 1162 1024 μὲν
1176 991 1215 1016 ὅτι
1234 992 1360 1025 φορτικός
1371 993 1429 1026 εἰμι
1441 994 1496 1023 τοῖς
1512 993 1656 1019 ἀκούουσιν
1668 1002 1675 1008 ·
1687 994 1754 1019 ἀλλὰ
1764 994 1790 1019 τί
1803 994 1899 1026 ﬁdem;

1113 1037 1158 1067 Εἰς
1174 1037 1250 1062 τοῦτο
1264 1039 1365 1071 κεῖμαι,
1387 1038 1433 1063 καὶ
1454 1039 1483 1064 οὐ
1499 1039 1637 1073 παύσομαι
1657 1039 1742 1065 ταῦτα
1755 1040 1849 1072 λέγων,
1867 1041 1900 1066 ἄν

1111 1092 1141 1109 τε
1155 1083 1265 1117 γένηταί
1275 1092 1300 1108 τι
1314 1083 1405 1113 πλέον,
1417 1084 1448 1109 ἂν
1461 1092 1490 1109 τε
1505 1084 1597 1119 μηδέν.
1613 1085 1645 1110 Τί
1656 1085 1709 1119 γάρ
1722 1093 1761 1110 σοι
1775 1085 1899 1119 βούλεται

1111 1130 1141 1154 τὸ
1161 1130 1249 1155 σοϐεῖν
1272 1130 1317 1155 ἐπὶ
1335 1130 1385 1165 τῆς
1411 1130 1528 1165 ἀγορᾶς;
1551 1131 1586 1165 μὴ
1609 1131 1662 1165 γὰρ
1680 1132 1781 1165 μεταξὺ
1797 1131 1898 1165 θηρίων

1112 1177 1283 1210 περιπατεῖς,
1299 1176 1338 1201 ὅτι
1357 1176 1518 1207 ἀπελαύνεις
1531 1178 1593 1207 τοὺς
1611 1177 1838 1211 ἐντυγχάνοντας;
1852 1177 1898 1211 Μὴ

1112 1222 1231 1256 φοϐηθῇς
1242 1230 1248 1235 ·
1263 1222 1350 1253 οὐδεὶς
1360 1222 1451 1248 δάκνει
1464 1222 1516 1248 τῶν
1530 1223 1707 1257 προσιόντων,
1724 1223 1770 1248 καὶ
1786 1222 1899 1257 πλησίον

1112 1275 1152 1292 σοι
1179 1267 1348 1300 βαδιζόντων.
1378 1268 1447 1293 Ἀλλ’
1469 1267 1546 1303 ὓϐριν
1648 1268 1677 1294 τὺ
1697 1269 1763 1302 μετὰ
1790 1268 1898 1294 πάντων
1931 1271 1944 1277 ⁸

1112 1312 1302 1347 συμϐαδίζεινι
1322 1313 1377 1338 Καὶ
1396 1313 1480 1347 πόσης
1493 1314 1579 1339 ταῦτα
1599 1314 1705 1348 μανίας,
1721 1314 1804 1347 πόσης
1821 1322 1898 1348 τερα-

1110 1358 1234 1389 τωδείας,
1250 1358 1295 1383 τὸν
1320 1358 1368 1392 μὲν
1384 1359 1465 1384 ἱππον
1487 1359 1599 1393 πλησίον
1615 1360 1747 1394 ἑπόμενον
1763 1361 1800 1394 μὴ
1822 1361 1897 1394 νομί-

1111 1404 1167 1435 ζειν
1180 1404 1271 1439 φέρειν
1294 1404 1381 1439 ὓϐριν,
1398 1405 1539 1438 ἄνθρωπον
1562 1406 1601 1438 δὲ,
1620 1406 1644 1431 εἰ
1662 1406 1698 1440 μὴ
1720 1406 1771 1432 ἀπὸ
1794 1407 1898 1441 μυρίων

1111 1449 1250 1475 ἐλαύνοιτο
1264 1450 1389 1484 σταδίων,
1403 1451 1592 1485 καταισχύνειν
1607 1452 1746 1486 ήγεῖσθαι;
1767 1452 1798 1478 Τί
1812 1453 1839 1478 δὲ
1850 1453 1898 1478 καὶ

1110 1496 1207 1525 παῖδας
1225 1495 1388 1530 ῥαϐδούχους
1406 1496 1487 1530 ἔχεις,
1503 1497 1539 1527 ὼς
1549 1497 1651 1528 δούλοις
1664 1497 1832 1532 κεχρημένος
1841 1499 1897 1528 τοῖς

1110 1540 1273 1574 ἐλευθέροις,
1289 1542 1389 1575 μᾶλλον
1404 1542 1431 1567 δὲ
1444 1542 1524 1573 αὐτὸς
1539 1542 1637 1574 παντὸς
1652 1543 1812 1578 ἀτιμότερον
1825 1544 1896 1569 οἰκέ-

1110 1596 1156 1613 του
1168 1587 1221 1618 ζῶν
1234 1596 1240 1619 ;
1256 1588 1365 1622 καὶγὰρ
1377 1588 1475 1619 παντὸς
1485 1588 1674 1623 εὐτελέστερος
1689 1589 1793 1615 οἰκέτου
1809 1590 1822 1614 6
1833 1597 1897 1614 τοσ-

1110 1633 1188 1659 οῦτον
1217 1635 1372 1668 περιφέρων
1388 1633 1480 1668 τῦφον.
1498 1634 1546 1660 Δια
1562 1635 1640 1660 τοῦτο
1655 1635 1714 1661 οὐδὲ
1726 1635 1834 1669 ὄψονται
1849 1635 1897 1669 τὴν

1109 1678 1194 1708 ὅντως
1213 1678 1368 1711 ἐλευθερίαν
1387 1679 1411 1704 οἱ
1428 1678 1467 1712 τῷ
1490 1678 1600 1712 χαλεπῴ
1616 1679 1704 1713 τούτῳ
1728 1679 1897 1704 καταδουλώ-

1111 1732 1205 1753 σαντες
1223 1723 1334 1754 ἑαυτοὺς
1350 1723 1439 1749 πάθει.
1458 1724 1489 1749 Εἰ
1501 1724 1554 1757 γὰρ
1571 1723 1731 1750 ἀπελαύνειν
1744 1723 1833 1757 βούλει
1849 1724 1897 1750 καὶ

1110 1770 1210 1800 σοϐεῖν,
1233 1770 1269 1803 μὴ
1280 1770 1343 1799 τοὺς
1360 1769 1529 1804 προσιόντας,
1548 1769 1614 1795 ἀλλά
1627 1769 1672 1795 τὸν
1692 1768 1774 1802 τῦφον
1789 1769 1880 1794 ἀπέλα
1893 1784 1897 1788 -

1110 1824 1155 1840 σον
1167 1824 1173 1830 ·
1192 1815 1229 1849 μὴ
1247 1814 1290 1840 διὰ
1312 1814 1358 1840 τοῦ
1380 1814 1485 1846 παιδὸς,
1504 1814 1571 1841 ἀλλὰ
1586 1814 1629 1841 διὰ
1646 1814 1757 1841 σεαυτοῦ
1771 1822 1778 1828 ·
1797 1814 1835 1849 μὴ
1859 1816 1894 1849 τῇ

1111 1860 1223 1894 μάστιγι
1238 1859 1333 1894 ταύτῃ,
1360 1860 1428 1886 ἀλλά
1443 1861 1475 1895 τῇ
1493 1861 1675 1894 πνευματικῇ.
1692 1859 1749 1886 Νῦν
1770 1860 1818 1895 μέν
1840 1861 1895 1895 γάρ

1110 1914 1156 1932 σου
1180 1907 1194 1931 6
1221 1907 1284 1936 παῖς
1310 1906 1456 1932 ἀπελαύνει
1479 1908 1541 1937 τοὺς
1564 1907 1787 1940 συμϐαδίζοντας,
1812 1908 1842 1933 σὲ
1865 1907 1894 1933 δὲ

1109 1949 1210 1975 ἄνωθεν
1232 1951 1247 1984 ἡ
1269 1950 1381 1976 ἀπόνοια
1398 1950 1582 1985 αἰσχρότερον,
1602 1951 1616 1985 ἢ
1637 1951 1747 1986 οἰκέτης
1765 1952 1809 1978 τὸν
1826 1952 1895 1986 πλη·

1110 1996 1177 2021 σίον.
1197 1996 1244 2021 Ἂν
1257 1996 1285 2021 δὲ
1303 1996 1356 2022 ἀπὸ
1369 1996 1415 2022 τοῦ
1434 1997 1516 2022 ἵππου
1536 1997 1667 2028 καταϐὰς,
1692 1997 1790 2033 ἐλάσῃς
1809 1998 1894 2033 αὐτὴν

1108 2041 1152 2067 διὰ
1168 2041 1216 2075 τῆς
1229 2042 1490 2076 ταπεινοφροσύνης,
1507 2042 1671 2077 ὑψηλότερον
1690 2043 1789 2078 καθεὸῇ
1806 2043 1852 2069 καὶ
1865 2043 1895 2068 ἐν

1110 2086 1213 2120 μείζονι
1230 2087 1327 2113 σαυτὸν
1348 2087 1528 2121 καταστήσεις
1549 2088 1626 2121 τιμῇ,
1647 2087 1723 2113 οὐδὲν
1738 2087 1784 2113 τοῦ
1800 2087 1894 2118 παιδὸς

1108 2132 1148 2162 εἰς
1164 2131 1243 2157 τοῦτο
1259 2132 1394 2166 δεόμενος.
1411 2133 1492 2158 Ὅταν
1504 2132 1557 2167 γὰρ
1570 2133 1678 2167 μέτριος
1689 2133 1833 2167 γενόμενος
1844 2141 1894 2167 χα-

1110 2177 1159 2211 μαὶ
1177 2177 1299 2211 βαδίζῃς,
1312 2177 1357 2202 ἐπὶ
1370 2177 1416 2202 τοῦ
1434 2177 1569 2211 ὀχήματος
1587 2178 1685 2213 καθεδῇ
1698 2179 1747 2212 τῆς
1767 2185 1895 2203 ταπεινο-

1109 2223 1245 2257 φροσύνης
1258 2223 1304 2249 τοῦ
1319 2223 1399 2257 μέχρι
1414 2223 1468 2249 τῶν
1483 2224 1605 2258 οὐρανῶν
1622 2232 1652 2250 σε
1669 2224 1824 2257 ἀνάγοντος,
1844 2224 1893 2250 τοῦ

1108 2270 1225 2302 πτηνοὺς
1239 2269 1347 2303 ἔχοντος
1372 2270 1470 2301 ἵππους
1482 2277 1488 2284 ⁸
1508 2270 1540 2296 ἂν
1555 2270 1583 2296 δὲ
1605 2269 1749 2296 ἀποπεσὼν
1776 2270 1891 2302 ἐκείνου,

1108 2314 1146 2345 εἰς
1160 2314 1189 2339 τὸ
1205 2315 1252 2349 τῆς
1267 2315 1340 2350 [586]
1353 2315 1512 2347 ἀλαζονείας
1529 2316 1659 2350 μεταϐῇς,
1673 2316 1726 2342 τῶν
1739 2316 1826 2350 χαμαὶ
1844 2324 1892 2341 συ-

1109 2359 1229 2393 ρομένων
1245 2361 1370 2395 ἑρπετῶν
1381 2361 1457 2387 οὐδὲν
1472 2361 1582 2395 ἄμεινον
1601 2361 1746 2392 διάκεισαι,
1763 2360 1829 2387 ἀλλά
1845 2361 1893 2387 καὶ

1107 2404 1270 2440 ἀθλιώτερον
1285 2406 1374 2441 πολλῷ
1387 2406 1433 2433 καὶ
1445 2406 1634 2441 ἐλεεινότερον.
1655 2407 1724 2437 Τοὺς
1736 2406 1785 2441 μὲν
1799 2406 1854 2441 γὰρ
1875 2407 1891 2441 ἡ

1107 2450 1154 2477 τοῦ
1171 2451 1296 2486 σώματος
1309 2453 1433 2487 πήρωσις
1448 2451 1519 2478 οὕτω
1534 2451 1734 2485 καταναγκάζει
1751 2451 1891 2486 σύρεσθαι,

1108 2497 1137 2523 σε
1151 2497 1179 2523 δὲ
1197 2498 1212 2531 ἡ
1229 2497 1278 2531 τῆς
1290 2497 1449 2529 ἀλαζονείας
1460 2497 1545 2529 νόσος.
1559 2498 1614 2523 Καὶ
1628 2497 1681 2532 7&9
1699 2497 1762 2530 Πᾶς
1775 2499 1792 2524 ὀ
1804 2497 1894 2531 ὑψῶν

1105 2542 1224 2574 ἑαυτὸν,
1243 2543 1319 2577 φησί,
1336 2544 1600 2575 ταπεινωθήσεται.
1622 2544 1670 2569 Ἵν¹
1681 2541 1728 2570 οὖν
1742 2544 1781 2577 μὴ
1797 2551 1894 2569 ταπει-

1106 2588 1246 2623 νωϐὦμεν,
1258 2588 1326 2615 ἀλλὰ
1335 2588 1496 2624 ὑψωοῶμεν,
1511 2590 1556 2615 ἐπὶ
1569 2589 1598 2615 τὸ
1610 2589 1673 2623 ὕψος
1689 2588 1809 2623 ἔλθωμεν
1821 2589 1893 2614 ἐκεῖ·

1106 2643 1144 2660 νο.
1159 2634 1236 2661 Οὕτω
1248 2636 1302 2670 γὰρ
1317 2636 1363 2661 καὶ
1386 2636 1539 2662 ἀνάπαυσιν
1553 2635 1706 2670 εὑρήσομεν
1720 2635 1780 2666 ταῖς
1793 2634 1893 2668 ψυχαῖς

1106 2680 1183 2713 ἡμῶν
1198 2681 1267 2706 κατὰ
1277 2681 1321 2706 τὸν
1336 2680 1406 2707 θεῖον
1420 2681 1554 2716 χρησμὸν,
1577 2681 1624 2707 καὶ
1637 2681 1688 2715 τῆς
1704 2679 1822 2714 ἀληθοῦς
1845 2678 1892 2704 καὶ

1105 2724 1274 2759 ὑψηλοτάτης
1291 2725 1487 2760 ἐπιτευξόμεθα
1499 2726 1598 2760 τιμῆς¹
1613 2723 1647 2760 ἧς
1664 2725 1767 2758 γένοιτο
1786 2725 1893 2754 πάντας

1105 2770 1177 2803 ἡμᾶς
1206 2771 1354 2806 ἐπιτυχεῖν,
1382 2772 1472 2807 χάριτι
1490 2772 1538 2798 καὶ
1565 2770 1767 2806 φιλανθρωπία,
1789 2769 1838 2796 καὶ
1858 2768 1892 2795 τὰ

1105 2814 1177 2848 ἑξῆς-
