2061 3113
147 158 204 189 353

148 215 220 250 Quid
234 218 324 244 autem
337 215 400 243 tunc
413 207 569 239 accidebat!
589 207 631 236 Ex
643 214 676 235 eo
686 206 759 241 quod
771 204 940 240 superabun-

150 262 241 292 dabat,
257 258 395 287 scatebunt
409 263 524 284 vermes.

189 305 346 333 Deliciarum
373 305 470 338 {ructus
492 300 620 334 corruptio
645 302 694 326 est.
708 311 746 318 —
759 297 815 325 Hoc
837 303 943 332 quoque

149 351 258 380 nuncin
269 350 311 378 his
319 349 481 384 experimur.
494 344 620 373 Alimenti
631 345 703 371 enim
714 350 840 370 mensura
848 342 943 369 eadem

147 403 194 426 cst
208 397 350 427 omnibus;
363 401 447 422 unum
460 392 533 420 enim
547 395 668 418 ventrem
691 389 834 423 implemus
850 396 857 415 :
873 387 943 422 apud

154 449 180 472 te
194 447 295 474 autem,
309 441 354 475 qui
369 438 486 474 expleris
499 437 612 469 deliciis,
628 439 668 463 est
684 434 743 469 plus
753 433 892 461 stercoris.
909 432 943 459 Et

153 488 223 515 sicut
235 487 289 514 illic
297 486 328 513 in
342 484 468 514 domibus
480 483 525 518 qui
539 482 598 517 plus
609 480 779 515 colligebant,
794 486 873 514 quam
886 482 945 506 erat

153 533 341 565 censtitutu,
363 538 419 559 non
438 536 535 557 manna
555 526 761 562 eongregabant,
787 525 834 553 sed
856 525 946 560 plures

154 587 262 608 vermes
274 584 302 606 et
315 575 483 613 putrédinem
499 584 506 602 :
519 575 554 602 ita
569 574 650 601 etiam
665 573 692 600 in
705 571 808 600 deliciis
821 575 849 599 et
860 571 885 598 iu
900 579 946 598 su-

154 623 368 660 perabundautia
381 630 434 650 non
446 621 505 656 plus
517 619 648 651 alimenti,
658 617 707 646 sed
721 618 781 652 plus
793 618 946 651 corruptio-

155 673 197 698 nis
212 674 373 705 congregaut
393 668 437 703 qui
452 666 538 694 ventri
556 665 693 698 indulgent
718 668 744 690 et
768 663 944 690 inebriantur.

154 718 210 746 Sed
224 722 311 745 tamen
327 716 370 750 qui
394 722 464 742 nunc
487 718 559 745 sunt,
583 716 656 739 tanto
678 714 740 737 sunt
761 710 813 737 illis
829 710 946 744 pejores.

156 764 226 797 quod
249 763 285 790 illi
301 761 408 797 quidem
430 761 480 786 hoc
500 758 583 786 semel
599 757 680 792 passi,
704 756 825 792 castigati
846 756 901 782 sint
919 759 947 783 ct

157 810 207 836 sibi
230 808 417 842 temperarint;
438 806 481 832 isti
495 810 583 832 autem
597 803 715 838 quotidie
737 802 807 830 hunc
827 809 947 829 vermem

157 856 202 882 illo
218 856 301 881 mullo
315 853 476 888 graviorem,
501 851 527 877 in
547 850 641 877 domos
656 857 717 876 suos
734 848 945 881 introducentes,

157 908 243 935 neque
255 899 373 927 sentiunt
385 904 471 931 neque
485 896 624 923 satiantur.
641 895 706 921 Nam
722 894 793 929 quod
811 889 868 921 haec
893 893 947 921 illis

156 947 210 972 sint
223 945 329 977 similia,
347 943 418 978 quod
432 943 464 969 ad
479 942 565 969 inanis
581 941 682 967 laboris
704 940 799 967 attinet
815 940 947 967 rationem

157 991 301 1025 (supplicio
315 990 385 1017 enim
400 988 456 1015 brec
469 992 530 1014 sunt
546 986 631 1013 multo
646 985 792 1020 graviora),
808 985 870 1012 hinc
882 993 949 1012 con-

154 1037 255 1063 sidera.
271 1036 298 1062 ln
314 1042 367 1070 quo
388 1035 460 1061 enim
475 1032 563 1060 differt
577 1032 652 1059 dives
666 1039 682 1058 a
699 1031 834 1066 paupere?
858 1038 948 1059 nonne

157 1089 240 1108 υιιιιιιι
254 1080 340 1108 induit
354 1087 462 1114 corpus,
488 1085 578 1105 nonne
601 1085 682 1104 unum
697 1077 743 1103 alit
757 1076 897 1104 ventrem?
920 1077 948 1103 in

155 1135 212 1162 quo
227 1135 290 1162 ergo
304 1127 361 1161 plus
372 1125 503 1153 abundat?
517 1124 543 1151 ln
560 1122 795 1154 sollicitudinibus,
806 1122 831 1148 in
848 1129 948 1149 consu-

157 1174 266 1205 mendo,
282 1174 307 1199 iu
321 1180 354 1200 eo
367 1171 436 1206 quod
449 1172 504 1198 Deo
518 1178 571 1197 non
588 1172 680 1204 pareat
697 1173 723 1196 et
736 1167 856 1200 obediat,
873 1168 900 1194 in
915 1174 949 1195 eo

157 1219 230 1253 quod
244 1226 352 1245 carnem
368 1220 532 1251 corrumpat,
555 1216 581 1242 in
595 1222 628 1242 eo
641 1215 711 1249 quod
724 1214 821 1241 anima;
835 1213 948 1240 exitium

158 1264 261 1291 afferat.
275 1263 337 1290 lla-c
347 1263 417 1290 enim
429 1266 490 1289 sunt
505 1269 545 1293 ea,
559 1262 584 1287 in
598 1260 694 1295 quibus
706 1260 764 1293 plus
777 1259 858 1287 habet
868 1267 948 1294 quam

158 1319 269 1345 pauper.
288 1309 353 1336 Nam
378 1309 400 1335 si
427 1307 525 1334 multos
547 1306 669 1340 impleret
693 1310 813 1336 ventres,
837 1305 950 1332 haberet

158 1357 275 1383 fortasse
295 1355 395 1388 aliquid
410 1354 481 1389 quod
502 1353 612 1386 diceret,
635 1360 729 1386 nempe
750 1351 872 1385 pluribus
888 1358 950 1379 eSse

159 1410 238 1437 opus,
262 1407 289 1430 et
313 1406 433 1435 sumptus
455 1399 583 1434 majorem
608 1406 669 1426 esse
689 1398 889 1426 necessitatem.
915 1399 950 1424 At

161 1456 231 1474 nunc
246 1455 361 1482 quoque,
375 1447 469 1481 inquit,
485 1445 585 1473 habent
598 1444 668 1479 quod
690 1444 789 1476 dicant,
804 1443 875 1478 quod
889 1443 949 1478 plu-

160 1500 204 1519 res
220 1493 346 1527 impleant
363 1497 482 1524 ventres,
499 1498 596 1524 nempe
609 1490 768 1517 lanmiorum
791 1493 818 1517 et
839 1489 950 1516 ancilla-

162 1547 231 1565 rum.
246 1538 297 1566 Sed
313 1546 365 1565 non
380 1545 413 1565 ex
428 1537 589 1564 necessitate
602 1544 688 1570 neque
700 1540 810 1571 propter
829 1535 951 1569 benigni-

162 1590 243 1611 tatem
267 1589 294 1611 et
318 1584 508 1611 humanitatem
532 1582 584 1610 hoc
604 1583 642 1614 lit,
666 1582 713 1609 sed
735 1581 821 1608 solum
843 1585 951 1616 propter

161 1630 257 1657 fastum
273 1635 299 1657 et
311 1630 464 1664 superbiam
481 1638 487 1655 :
504 1629 574 1656 unde
590 1636 639 1654 nec
659 1627 763 1654 admitti
780 1632 877 1662 potest.

244 1677 380 1704 Servorum
401 1676 534 1702 multitudo
549 1676 711 1709 vituperatur.
735 1673 830 1701 Contra
848 1681 891 1700 eos
905 1674 949 1709 qui

162 1731 220 1748 rum
230 1722 384 1756 famulorum
399 1721 498 1756 agmine
511 1720 638 1747 incedunt.
651 1733 688 1740 —
700 1719 756 1746 Cur
769 1719 840 1747 enim
853 1721 951 1746 multos

162 1767 243 1795 habet
251 1767 406 1794 ministros?
420 1767 494 1794 Sicut
506 1766 578 1793 enim
593 1766 621 1792 in
635 1766 753 1792 vestibus
766 1769 794 1792 et
807 1765 834 1791 in
858 1772 950 1792 mensa

163 1815 237 1840 Solus
258 1821 322 1840 usus
343 1818 384 1840 est
397 1811 587 1845 attendendus,
612 1812 646 1838 ita
665 1812 745 1838 etiam
760 1810 787 1837 in
808 1810 947 1837 ministris.

163 1859 229 1891 Quis
251 1863 291 1885 est
310 1866 374 1892 ergo
396 1858 477 1884 usus?
492 1857 585 1884 Nullus
599 1857 725 1892 penitus:
741 1863 794 1884 uno
816 1856 887 1883 enim
910 1857 951 1883 fa-

163 1906 236 1932 mulo
247 1913 327 1932 unum
341 1905 478 1932 dominum
493 1905 580 1932 solum
595 1905 630 1931 uti
646 1908 793 1938 oporteret,
806 1903 849 1930 vel
863 1903 951 1938 potius

162 1951 232 1978 duos
244 1956 272 1977 et
285 1955 338 1978 tres
353 1951 474 1978 dominos
495 1957 548 1977 uno
563 1949 671 1976 famulo.
686 1948 713 1975 Si
735 1953 824 1976 autem
839 1949 890 1975 hoc
910 1953 952 1976 est

162 2004 254 2030 grave,
269 1997 354 2031 cogita
369 2004 415 2023 eos
433 1996 477 2030 qui
492 1995 593 2022 nullum
611 1994 719 2025 habent.
736 1993 848 2021 faciliori
859 1997 950 2020 autem

162 2047 192 2070 et
213 2042 371 2076 expeditiori
386 2042 510 2069 fruuntur
524 2041 672 2068 ministerio
688 2049 694 2066 :
709 2040 780 2068 Deus
801 2040 872 2067 enim
888 2039 952 2067 fecit

161 2097 212 2116 eos
226 2089 271 2124 qui
285 2088 436 2116 sullicerent
450 2096 508 2120 suo,
522 2088 575 2115 imo
587 2095 650 2114 vero
663 2091 690 2114 et
702 2086 817 2121 proximi
832 2086 952 2114 ministe-

162 2136 215 2162 rio.
236 2136 263 2163 Si
285 2139 373 2162 autem
393 2143 446 2162 non
466 2134 564 2166 credis,
587 2132 648 2159 audi
671 2133 779 2159 Paulum
798 2131 950 2159 dicentem:

163 2180 193 2208 Ν
196 2181 364 2207 eceasitatibus
374 2180 446 2213 meis,
458 2185 480 2206 et
493 2179 524 2206 iis
537 2179 578 2213 qui
591 2186 685 2205 mecum
696 2181 765 2210 aunt,
776 2177 951 2204 ntiuistrarunt

164 2227 206 2253 Im:
222 2234 312 2253 manus
327 2226 395 2261 (Act.
410 2225 454 2252 20.
469 2225 524 2259 54).
540 2224 646 2252 Siccine
663 2223 743 2250 totius
757 2222 864 2258 quidem
877 2222 952 2249 orbis

164 2274 260 2299 doctor
279 2277 307 2300 et
320 2272 415 2306 dignus
433 2272 505 2299 caelis
525 2278 578 2298 non
601 2269 778 2297 erubescebat
797 2268 953 2296 ministrare

166 2318 423 2350 innumerabilibus;
444 2321 472 2344 tu
487 2321 576 2345 autem
590 2320 665 2350 turpe
677 2322 739 2343 esse
752 2314 838 2348 ducis,
860 2315 883 2342 si
898 2322 952 2342 non

166 2364 340 2391 circumferas
364 2363 461 2390 multos
483 2370 579 2398 greges
601 2361 807 2396 mancipiorum,
828 2361 953 2388 nesciens

166 2409 273 2443 quidem
294 2409 345 2436 hoc
357 2416 416 2436 esse
435 2408 506 2443 quod
526 2412 553 2436 te
566 2409 682 2435 maximo
703 2406 787 2434 allicit
800 2406 955 2434 dedecore?

168 2455 310 2489 Propterea
324 2455 395 2482 enim
408 2454 482 2483 dedit
497 2454 573 2482 nobis
585 2454 654 2482 Deus
666 2458 694 2481 et
708 2460 802 2482 manus
821 2457 849 2480 et
861 2452 954 2487 pedes,

168 2508 201 2527 ne
215 2508 282 2535 opus
296 2501 456 2528 haberemus
470 2500 585 2527 famulis.
606 2499 698 2535 Neque
720 2499 793 2527 enim
816 2505 860 2531 eo,
881 2499 952 2533 quod

168 2552 240 2573 esset
254 2554 331 2582 opus,
346 2547 527 2575 introductum
540 2546 588 2574 fuit
601 2554 683 2581 genus
697 2545 873 2577 famulorum;
891 2552 952 2571 nam

168 2593 267 2626 alioqui
282 2600 342 2620 cum
358 2594 459 2621 Adamo
474 2596 580 2620 creatus
597 2592 690 2619 fuisset
704 2591 837 2623 famulus;
853 2589 901 2618 sed
914 2594 955 2618 est

167 2646 248 2676 paena
261 2640 363 2675 peccati
373 2644 402 2668 et
414 2639 515 2669 mulcta
523 2637 720 2668 inobedientiae.
733 2636 855 2667 Christus
866 2640 955 2665 autem

675 147 710 175 IN
729 146 838 175 EPIST.
858 146 869 173 Ι
902 145 949 173 AD
968 144 1045 174 (ΞΟΠ.
1066 145 1183 173 ΙιοΜιι.
1204 145 1261 173 XL.

1731 150 1786 179 δςι

994 211 1056 230 cum
1070 203 1233 236 advenisset,
1249 204 1300 232 hoc
1313 211 1421 239 quoque
1438 203 1519 232 solvit
1535 213 1542 231 :
1556 203 1624 231 Nam
1639 204 1666 232 in
1686 205 1788 234 Clntrto

995 248 1059 276 Iesu
1070 257 1119 276 non
1135 255 1171 276 est
1190 258 1277 277 semis
1291 259 1369 284 neque
1382 250 1444 278 liber
1458 250 1558 286 (Cultu.
1573 252 1600 279 5.
1615 251 1675 287 28).
1690 252 1790 285 Quam»

996 294 1089 321 obrem
1105 302 1158 321 non
1172 299 1213 321 est
1225 302 1335 322 necesse
1349 295 1446 323 habere
1458 303 1566 324 servum
1579 305 1586 324 :
1599 297 1622 324 si
1637 301 1726 324 autem
1739 304 1789 324 ne-

996 346 1073 367 cesse
1080 344 1132 372 est,
1143 348 1237 372 unum,
1251 345 1298 367 aut
1310 341 1453 375 plurimum
1462 341 1539 370 duos.
1551 342 1620 376 Quid
1633 342 1684 370 sibi
1695 343 1787 371 volunt

996 386 1118 413 examina
1129 386 1331 413 ministrorum?
1340 386 1407 413 Nam
1420 387 1490 414 sicut
1502 388 1545 422 qui
1557 388 1675 415 vendunt
1684 395 1749 416 oves
1760 392 1789 416 et

997 432 1041 465 qui
1055 438 1166 466 corpora
1188 437 1387 467 cauponantur;
1404 433 1439 462 ita
1461 433 1488 460 in
1510 434 1618 466 balneo,
1634 434 1670 461 ita
1687 434 1713 461 in
1727 434 1788 462 foro

997 478 1145 512 procedunt
1167 483 1194 506 ct
1216 478 1317 506 obeunt
1330 479 1437 507 divites.
1458 479 1512 507 Sed
1532 487 1638 507 summo
1649 480 1710 514 jure
1732 488 1788 508 non

997 530 1047 558 ago
1060 532 1068 552 :
1082 524 1118 551 sit
1129 523 1175 551 tibi
1187 524 1265 551 etiam
1276 524 1410 552 secundus
1423 525 1564 552 minister:
1578 525 1600 552 si
1613 529 1702 553 autem
1714 526 1786 553 mul-

998 575 1040 597 tos
1053 577 1211 605 congregas,
1228 578 1280 597 non
1295 570 1346 598 hoc
1355 570 1421 598 facis
1434 571 1604 606 benignitatis
1619 575 1646 598 et
1660 571 1787 598 humani-

999 618 1059 644 tatis
1078 624 1169 650 causa,
1192 617 1239 644 sed
1260 618 1313 645 tuis
1334 618 1455 645 serviens
1475 617 1588 645 deliciis.
1604 617 1670 644 Nam
1693 618 1715 645 si
1736 618 1788 645 hoc

997 663 1063 691 facis
1073 671 1166 690 eorum
1177 670 1268 690 curam
1279 670 1387 698 gerens,
1399 664 1425 691 in
1437 668 1483 691 tuo
1495 663 1644 691 ministerio
1655 663 1789 691 neminem

998 717 1124 745 occupes,
1139 711 1187 738 sed
1211 719 1272 738 cum
1296 711 1396 739 emeris
1414 714 1441 738 et
1461 714 1533 738 artes
1549 710 1673 738 docueris
1688 715 1717 737 ut
1739 710 1790 738 sibi

998 756 1133 783 sufficiant
1147 756 1181 784 ad
1195 757 1293 784 victum
1310 756 1468 791 parandum,
1482 763 1530 783 eos
1542 756 1710 783 manumitte.
1724 755 1790 783 Cum

998 806 1086 830 autem
1101 802 1192 838 ﬂagris
1212 803 1311 834 caedas,
1336 810 1397 830 cum
1420 803 1447 829 in
1461 802 1566 830 vincula
1581 802 1720 837 coniicias,
1736 810 1791 830 non

998 853 1040 876 est
1054 849 1145 884 utique
1158 856 1225 884 opus
1237 848 1288 876 hoc
1308 848 1492 875 humanitatis.
1508 848 1542 875 Et
1556 848 1614 875 scio
1626 848 1733 883 quidem
1748 856 1792 876 me

998 902 1058 922 esse
1071 896 1213 922 molestum
1231 895 1398 922 auditoribus
1415 903 1422 921 :
1436 894 1482 922 sed
1497 894 1562 929 quid
1583 895 1680 929 agam?
1696 894 1723 922 In
1740 895 1792 923 hoc

999 941 1100 976 positus
1120 948 1191 975 sum,
1215 949 1302 977 neque
1325 941 1437 969 cessabo
1453 941 1511 968 haec
1529 940 1631 974 dicere,
1654 941 1711 968 sive
1726 942 1790 975 quid

999 988 1142 1023 proiecero
1163 989 1221 1016 sive
1236 996 1301 1015 non.
1317 987 1386 1021 Quid
1400 988 1472 1015 enim
1487 987 1538 1015 sibi
1554 987 1610 1014 vult
1624 987 1650 1014 in
1666 987 1724 1014 foro
1744 995 1791 1014 su.

999 1034 1082 1071 perbe
1096 1035 1239 1062 incedere?
1250 1042 1314 1061 num
1328 1034 1397 1061 inter
1410 1034 1481 1061 feras
1503 1033 1635 1065 ambulas,
1650 1033 1721 1068 quod
1741 1033 1792 1060 ob-

999 1082 1059 1109 vios
1072 1082 1210 1116 expcllas?
1231 1081 1270 1109 Ne
1292 1081 1403 1113 timeas;
1428 1080 1516 1107 nullus
1533 1084 1559 1106 te
1574 1079 1678 1107 mordet
1698 1087 1792 1107 eorum

1000 1128 1044 1163 qui
1063 1127 1204 1159 accedunt,
1226 1131 1253 1154 et
1266 1134 1350 1162 prope
1371 1131 1396 1154 te
1417 1126 1587 1161 gradiuntur.
1610 1126 1645 1152 At
1668 1126 1792 1160 injuriam

1000 1173 1138 1201 existimas
1151 1173 1231 1200 simul
1244 1172 1370 1200 incedere
1381 1180 1441 1199 cum
1456 1171 1599 1199 munibus?
1613 1171 1647 1199 Et
1659 1179 1739 1207 quam
1753 1177 1794 1200 est

1001 1221 1052 1249 hoc
1081 1222 1215 1253 insanum,
1243 1229 1322 1257 quam
1346 1220 1539 1257 prodigiosum,
1561 1228 1657 1255 equum
1682 1219 1791 1255 quidem

1000 1274 1084 1301 prope
1104 1272 1262 1302 sequentem
1277 1274 1330 1293 non
1344 1267 1500 1294 existimare
1522 1265 1618 1293 aﬂ'erre
1643 1265 1791 1301 injuriam;

1002 1311 1136 1338 hominem
1151 1317 1251 1344 autem,
1266 1312 1318 1339 nisi
1333 1312 1423 1338 multis
1438 1312 1559 1346 abigatur
1573 1310 1678 1343 stadiis,
1695 1316 1791 1345 putare

1001 1358 1135 1385 dedecore
1147 1358 1272 1386 afficere?
1285 1358 1354 1391 Quid
1368 1365 1431 1385 vero
1445 1357 1558 1384 famulos
1573 1356 1656 1384 habes
1671 1357 1792 1389 lictores,

1002 1403 1093 1430 liberis
1109 1408 1187 1430 utens
1210 1407 1347 1437 tamquam
1364 1403 1466 1434 servis;
1483 1403 1536 1429 imo
1547 1409 1612 1429 vero
1627 1402 1685 1437 ipse
1699 1401 1795 1437 quovis

1001 1456 1081 1476 servo
1094 1449 1186 1476 vivens
1208 1447 1429 1483 ignominiosins?
1451 1452 1493 1475 est
1513 1448 1584 1475 enim
1600 1447 1695 1482 quovis
1714 1455 1795 1475 servo

1001 1494 1081 1521 vilior
1100 1497 1128 1521 et
1153 1494 1356 1528 ignominiosior
1381 1494 1425 1528 qui
1452 1498 1553 1520 tantum
1578 1493 1732 1520 circumfert
1751 1493 1792 1520 fa-

1002 1545 1084 1567 stum.
1097 1540 1244 1575 Propterea
1258 1548 1308 1567 nec
1323 1547 1412 1566 veram
1424 1539 1552 1568 videbunt
1570 1538 1731 1570 libertatem,
1746 1540 1792 1574 qui

1001 1593 1032 1614 εδ
1053 1586 1114 1613 huic
1133 1586 1206 1620 gravi
1230 1586 1311 1613 animi
1326 1586 1392 1613 vitio
1406 1585 1599 1620 manciparunt.
1622 1584 1651 1613 Si
1665 1585 1736 1612 enim
1754 1585 1794 1612 vis

1002 1632 1147 1667 expellere,
1169 1631 1338 1667 superbeque
1358 1635 1385 1658 et
1405 1630 1544 1664 magnifice
1570 1630 1705 1663 incedere,
1736 1638 1790 1657 non

1002 1678 1172 1711 accedentes,
1193 1677 1240 1705 sed
1257 1677 1354 1704 fastum
1377 1677 1497 1711 expelle;
1517 1683 1569 1703 non
1584 1684 1632 1711 per
1652 1675 1791 1710 famulum,

1002 1723 1049 1750 sed
1061 1731 1109 1758 per
1119 1724 1247 1760 teipsum;
1260 1730 1312 1749 non
1323 1722 1373 1749 hoc
1383 1722 1498 1756 ﬂagello.
1515 1721 1562 1749 sed
1574 1722 1716 1756 spirituali.
1728 1722 1794 1749 Nam

1003 1776 1075 1795 nunc
1090 1769 1198 1803 quidem
1213 1767 1328 1795 famulus
1350 1772 1411 1794 tuus
1432 1767 1546 1801 expellit
1569 1774 1616 1794 eos
1638 1767 1684 1802 qui
1705 1772 1793 1795 tecum

1002 1815 1150 1847 incedunt;
1168 1819 1194 1841 te
1207 1818 1296 1841 autem
1311 1813 1345 1840 ab
1358 1813 1413 1840 alto
1426 1814 1576 1848 arrogantia
1591 1813 1667 1848 pellit
1681 1814 1793 1849 turpius.

1002 1868 1082 1896 quam
1098 1860 1211 1887 famulus
1224 1860 1387 1894 proximum.
1402 1859 1430 1886 Si
1445 1864 1534 1886 autem
1548 1860 1581 1887 ab
1597 1868 1666 1894 equo
1680 1860 1794 1887 descen-

1002 1907 1070 1934 dens
1082 1914 1140 1933 eam
1151 1905 1274 1940 abegeris
1288 1913 1336 1940 per
1351 1905 1539 1937 humilitatem,
1555 1906 1634 1932 altius
1647 1906 1753 1933 sedebis
1766 1912 1794 1934 et

1003 1954 1030 1981 in
1053 1952 1148 1987 majori
1171 1951 1274 1980 honore
1296 1952 1409 1985 teipsum
1432 1951 1590 1983 consumes,
1615 1951 1648 1978 ad
1669 1951 1720 1979 hoc
1740 1960 1794 1980 non

1002 2006 1071 2034 opus
1091 1998 1194 2026 habens
1212 1997 1320 2026 famulo.
1336 1996 1449 2031 Quando
1470 1996 1541 2024 enim
1563 1997 1699 2024 modestus
1719 1997 1793 2024 humi

1003 2044 1123 2077 incedes,
1135 2043 1243 2072 sedebis
1252 2043 1279 2071 in
1292 2050 1373 2071 curru
1387 2042 1553 2075 humilitatis,
1563 2042 1608 2077 qui
1622 2047 1648 2069 te
1663 2043 1688 2070 in
1700 2044 1794 2071 ctutum

1003 2091 1084 2123 tollit,
1098 2091 1142 2126 qui
1158 2097 1241 2125 equos
1256 2088 1336 2116 habet
1349 2088 1435 2116 alatos
1452 2097 1459 2114 :
1475 2088 1516 2115 sin
1531 2093 1620 2115 autem
1642 2088 1676 2116 ab
1689 2089 1735 2116 illo
1748 2097 1793 2116 ce-

1003 2137 1111 2170 cideris,
1133 2141 1161 2164 et
1182 2137 1207 2164 in
1227 2136 1387 2171 arrogantiae
1408 2142 1516 2162 currum
1538 2135 1686 2168 transieris,
1709 2135 1796 2163 nihilo

1004 2183 1100 2210 melius
1114 2182 1238 2210 afficieris
1251 2189 1331 2217 quam
1344 2185 1482 2215 serpentes
1500 2180 1573 2207 humi
1588 2186 1723 2215 repentes,
1741 2181 1797 2208 imo

1005 2236 1070 2256 vero
1093 2229 1178 2256 multo
1191 2228 1271 2255 vilius
1285 2231 1312 2255 et
1327 2226 1515 2254 miserabilius.
1529 2225 1595 2254 Nam
1614 2226 1674 2253 illos
1688 2226 1795 2261 quidem

1005 2277 1044 2304 sic
1058 2280 1164 2312 reptare
1178 2275 1249 2310 cogit
1258 2274 1391 2302 mutilatio
1402 2273 1533 2307 corporis,
1546 2276 1571 2300 te
1584 2276 1672 2299 autem
1686 2273 1797 2300 morbus

1006 2322 1175 2355 arrogantia.
1193 2320 1283 2348 Omnis
1295 2320 1367 2348 enim
1381 2320 1424 2355 qui
1437 2328 1464 2347 se
1476 2319 1583 2351 extollit,
1599 2319 1695 2353 inquit,
1711 2319 1796 2345 Immi-

1006 2367 1109 2393 lialiitur
1131 2365 1238 2401 (Matth.
1252 2364 1372 2401 25.19.).
1396 2365 1435 2393 Ne
1459 2372 1523 2399 ergo
1543 2364 1725 2397 humiliemur,
1746 2364 1794 2391 sed

1007 2413 1177 2448 extollamur,
1191 2413 1329 2441 veniamus
1341 2412 1374 2439 ad
1388 2412 1460 2439 illam
1473 2410 1650 2438 altitudinem.
1664 2411 1708 2438 Sic
1722 2411 1795 2438 enim

1008 2460 1173 2487 inveniemus
1200 2459 1298 2487 nustris
1325 2458 1421 2485 animis
1451 2458 1578 2492 quietem,
1604 2458 1799 2485 convenienter

1008 2506 1098 2533 divino
1117 2505 1237 2539 oraculo,
1260 2511 1408 2539 verumque
1433 2508 1460 2531 et
1484 2503 1643 2531 altissimum
1666 2503 1797 2531 honorem

1008 2559 1223 2587 consequemur:
1238 2558 1318 2586 quem
1340 2550 1417 2577 detur
1437 2549 1516 2577 nobis
1536 2550 1660 2578 omnibus
1679 2551 1798 2586 assequi,

1008 2598 1092 2634 gratia
1105 2602 1132 2625 et
1144 2597 1317 2633 benignitate,
1331 2600 1384 2624 etc.
1814 2622 1824 2654 Κ
