4138 6220
529 317 532 319 λ
561 293 671 351 355

1263 284 1324 341 S.
1364 276 1642 339 JOANNIS
1671 269 2145 333 CHRYSOSTOMI
2181 265 2498 326 ARCHIEP.
2536 265 3072 326 CONSTANTINOP.

3727 275 3827 332 5'58

560 423 2544 470 _______________________.___

1875 499 2224 564 HOMILIA
2265 496 2428 558 XLI.

566 670 693 726 Car.
723 668 810 724 l5.
841 683 894 721 v.
923 667 1012 722 35.
1036 662 1143 722 Sed
1165 662 1298 719 dicet
1334 659 1517 731 aliquis
1547 673 1564 712 :
1588 654 1853 725 Quomodo
1877 655 2146 722 resurgunt

638 761 864 815 mortui?
887 759 1024 830 quali
1053 765 1220 811 autem
1245 769 1456 822 corpore
1479 747 1724 805 veniunt?
1747 748 1836 803 36.
1871 744 1895 799 Ι
1901 745 2145 814 nsipiens,

639 863 692 907 tu
721 853 856 920 quod
880 851 1118 914 seminus,
1145 864 1245 904 non
1267 846 1567 914 uiviﬁcutur,
1592 841 1690 896 nisi
1714 840 1854 906 prius
1882 837 2148 890 moriatur.

643 945 695 1001 i.
739 945 869 999 Cum
899 943 1092 1013 ubique
1129 941 1273 995 mitis
1297 949 1352 994 et
1378 937 1594 990 humilis
1630 933 1700 989 sit
1723 931 2032 1002 Apostolus,
2063 928 2150 983 hic

569 1034 763 1092 acriori
794 1035 958 1088 utitur
982 1034 1244 1096 oratione,
1273 1037 1492 1100 propter
1539 1023 1923 1080 absurditatem
1953 1034 2145 1076 eorum

570 1127 660 1196 qui
687 1122 1145 1180 conlradicebant.
1172 1120 1358 1190 Neque
1385 1129 1561 1172 tamen
1602 1124 1687 1170 est
1711 1113 1812 1168 hoc
1840 1119 2150 1177 contentus,

573 1216 667 1271 sed
689 1224 744 1270 et
778 1218 1014 1270 rationes
1040 1212 1257 1268 adducit
1279 1219 1334 1266 et
1363 1208 1628 1277 exempla,
1656 1221 1719 1261 ea
1752 1205 1961 1259 ratione
1988 1203 2151 1258 etiam

572 1322 835 1378 quemque
860 1305 1016 1359 valde
1041 1301 1432 1358 contentiosum
1461 1299 1782 1368 reprimens.
1809 1295 1879 1350 Et
1905 1292 2153 1362 superius

573 1398 790 1467 quidem
819 1397 946 1450 dicit
978 1413 991 1449 :
1027 1393 1280 1462 Quoniam
1305 1408 1393 1462 per
1417 1390 1671 1444 hominem
1690 1402 1846 1449 mors,
1873 1394 1919 1439 et
1949 1400 2040 1454 per
2064 1383 2156 1437 Ito-

573 1489 762 1541 minem
798 1485 1096 1540 resurrectio
1123 1499 1142 1537 :
1172 1484 1257 1537 hic
1284 1496 1412 1536 vero
1456 1479 1619 1534 solvit
1645 1476 2004 1548 objectionem
2033 1488 2156 1544 quae

576 1581 736 1635 fiebat
761 1595 789 1632 a
813 1577 1081 1648 gentibus.
1116 1575 1245 1629 Vide
1270 1582 1450 1627 autem
1478 1575 1665 1625 rursus
1696 1566 1969 1639 quomodo
1996 1564 2158 1621 dimi-

575 1680 706 1725 nuat
731 1668 1122 1724 vehementiam
1175 1661 1632 1734 reprehensionis.
1664 1659 1779 1714 Non
1805 1657 1941 1712 dixit
1985 1655 2151 1721 enim,

582 1762 690 1818 Sed
719 1760 948 1816 fortasse
985 1757 1207 1821 dicetis;
1240 1754 1334 1810 sed
1361 1768 1482 1809 eum
1509 1752 1598 1822 qui
1629 1748 1951 1805 contradicit
1980 1745 2158 1817 posuit

581 1854 878 1920 indeﬁnite,
911 1866 976 1905 ne
1007 1851 1176 1904 libere
1200 1857 1254 1902 et
1280 1848 1488 1901 acriore
1515 1854 1673 1900 utens
1699 1842 1962 1906 oratione,
1997 1838 2153 1894 audi-

583 1952 730 2000 tores
759 1942 917 1997 valde
944 1941 1281 2011 percelleret.
1315 1937 1472 1992 Ponit
1494 1945 1675 1990 autem
1696 1935 1831 1990 duas
1856 1931 2151 1988 dubitatio-

581 2050 698 2101 nes,
732 2034 874 2089 modi
913 2030 1324 2088 resurrectionis
1367 2036 1424 2084 et
1449 2026 1720 2098 qualitatis
1743 2039 2052 2095 corporum.
2083 2022 2161 2078 De

580 2128 826 2194 utrisque
851 2124 992 2180 enim
1029 2122 1342 2178 dubitabant
1368 2119 1610 2175 dicentes
1636 2133 1656 2174 :
1685 2116 1966 2184 Quomodo
1990 2114 2163 2171 susci-

582 2227 724 2274 tatur
746 2216 797 2270 id
814 2215 954 2286 quod
973 2222 1055 2270 est
1080 2212 1434 2269 dissolutum?
1462 2219 1539 2278 et,
1566 2209 1678 2278 Quo
1697 2224 1908 2279 corpore
1923 2206 2164 2262 veniunt?

581 2310 720 2381 Quid
743 2321 825 2364 est
852 2316 1054 2374 autem,
1087 2305 1201 2374 Quo
1229 2303 1478 2376 corpore?
1499 2302 1700 2372 Nempe
1730 2300 1834 2356 hoc
1857 2299 1997 2371 quod
2026 2298 2166 2353 inte-

583 2403 694 2468 riit,
721 2400 862 2470 quod
890 2398 1066 2468 periit,
1108 2411 1176 2451 an
1218 2395 1399 2466 aliquo
1436 2393 1585 2449 alio?
1616 2393 1823 2448 Deinde
1867 2389 2164 2446 ostendens

585 2493 728 2565 quod
769 2505 874 2546 non
904 2494 1149 2559 quaerant
1174 2501 1258 2552 ea,
1292 2484 1362 2540 de
1390 2485 1582 2555 quibus
1619 2483 1911 2548 dubitatur,
1958 2480 2056 2537 sed
2100 2493 2164 2534 ea

587 2600 704 2656 qua:
733 2583 786 2637 in
827 2581 1075 2636 confesso
1103 2584 1248 2644 sunt,
1292 2575 1468 2630 acrius
1496 2573 1733 2629 occurrit
1759 2572 1946 2628 dicens
1980 2589 1995 2625 :
2023 2568 2166 2623 Insi-

588 2678 752 2747 piens,
780 2682 834 2727 tu
861 2671 996 2743 quod
1023 2670 1265 2736 seminus,
1307 2683 1409 2722 non
1436 2666 1740 2734 viviﬁcutur,
1769 2664 1869 2719 nisi
1909 2670 2168 2716 mortuum

591 2768 764 2840 fuerit.
794 2763 947 2832 Quod
978 2778 1076 2818 nos
1101 2775 1314 2832 quoque
1338 2759 1573 2815 solemus
1603 2758 1778 2814 facere
1801 2771 1928 2827 erga
1954 2771 2052 2812 eos
2077 2755 2168 2824 qui

591 2857 967 2914 contradicunt
993 2856 1060 2910 iis
1084 2854 1150 2909 de
1178 2853 1372 2923 quibus
1415 2859 1646 2908 constat.
1679 2851 1746 2905 Et
1782 2865 1879 2905 cur
1917 2863 2024 2903 non
2056 2855 2171 2903 sta-

595 2952 694 3006 tim
742 2949 982 3020 confugit
1026 2945 1093 3002 ad
1136 2947 1228 3002 Dei
1271 2943 1624 3016 potestatem?
1666 2942 1929 3012 Quoniam
1958 2940 2174 2997 disserit

595 3059 720 3099 cum
749 3039 1054 3096 infidelibus
1084 3057 1097 3093 :
1129 3053 1249 3094 nam
1280 3036 1494 3108 quando
1519 3036 1682 3092 verba
1710 3035 1838 3090 facit
1863 3033 2005 3105 apud
2034 3032 2170 3090 fide-

595 3138 696 3204 les,
747 3150 854 3190 non
897 3131 1186 3189 admodum
1235 3144 1369 3201 Opus
1417 3129 1579 3184 habet
1620 3128 1935 3184 ratiociniis.
1979 3127 2175 3194 Quam-

596 3231 780 3286 obrem
801 3242 925 3283 cum
951 3226 1073 3281 alibi
1095 3224 1340 3289 dixisset,
1366 3222 1771 3293 Trans/igurubit
1795 3236 1980 3291 corpus
2006 3219 2176 3274 humi-

597 3324 756 3379 litatis
793 3330 989 3387 uestrte,
1019 3328 1075 3372 ut
1099 3319 1166 3372 sit
1190 3317 1512 3388 conﬁgurutu
1546 3313 1748 3385 corpori
1791 3312 2037 3368 claritatis
2071 3326 2179 3366 sua:

598 3415 864 3486 (Philipp.
894 3414 950 3469 3.
978 3409 1095 3481 2i),
1117 3417 1174 3465 et
1190 3407 1516 3464 ostendisset
1544 3405 1746 3476 aliquid
1766 3405 2000 3474 amplius
2016 3418 2181 3474 quam

598 3507 671 3562 sit
715 3502 1073 3566 resurrectio;
1107 3515 1212 3556 non
1245 3498 1422 3570 posuit
1446 3496 1715 3567 exempla,
1761 3495 1858 3552 sed
1885 3510 1983 3566 pro
2027 3493 2177 3550 omni

598 3595 1056 3654 demonstratione
1080 3593 1173 3649 Dei
1199 3600 1520 3662 potestatem
1568 3588 1796 3644 adduxit
1822 3588 1875 3642 in
1920 3586 2177 3653 medium,

605 3689 810 3745 addens
853 3696 910 3743 et
953 3686 1180 3741 dicens:
1210 3684 1505 3740 Secundum
1551 3681 1897 3750 operationem
1940 3681 2052 3752 ejus
2095 3680 2183 3751 qui

606 3780 763 3852 possit
786 3777 1030 3849 subjicere
1050 3776 1146 3831 sibi
1171 3774 1362 3829 omnia.
1386 3773 1484 3828 llic
1504 3782 1682 3828 autem
1710 3771 1987 3826 ratiocinia
2011 3770 2180 3840 ponit.

603 3871 738 3928 Nam
783 3869 1034 3941 quoniam
1084 3866 1187 3921 hoc
1223 3863 1559 3920 conﬁrmavit
1603 3879 1669 3918 ex
1715 3862 2025 3933 Scripturis,
2069 3860 2186 3917 haec

609 3979 820 4036 quoque
844 3960 993 4017 addit
1018 3975 1083 4016 ex
1109 3957 1434 4014 abundantia
1461 3972 1588 4028 erga
1618 3972 1712 4012 eos
1737 3957 1827 4027 qui
1860 3972 1964 4012 non
1991 3964 2186 4026 parent

611 4054 920 4126 Scripturis,
966 4061 1020 4108 et
1041 4051 1170 4107 dicit
1201 4069 1214 4105 :
1251 4048 1522 4120 Insipiens,
1547 4057 1600 4102 tu
1627 4048 1763 4118 quod
1803 4047 2045 4102 seminus.
2074 4047 2188 4103 Hoc

609 4158 710 4215 est,
741 4146 893 4216 Apud
918 4145 1144 4215 teipsum
1171 4143 1360 4196 horum
1389 4141 1554 4196 habes
1581 4139 1971 4210 probationem,
2002 4154 2099 4210 per
2125 4154 2188 4195 ea

538 4261 546 4267 ’
613 4258 736 4314 qua:
770 4241 901 4296 lacis
925 4237 1183 4310 quotidie,
1225 4243 1279 4290 et
1307 4233 1485 4289 adhuc
1528 4233 1790 4304 ambigis?
1815 4232 2108 4304 Propterea
2138 4242 2190 4289 te

615 4349 750 4391 voco
795 4330 1158 4401 insipientem,
1190 4325 1332 4396 quod
1377 4325 1591 4396 ignores
1640 4339 1705 4381 ea
1742 4339 1863 4396 quae
1907 4331 2022 4379 ate
2059 4323 2194 4378 fiunt

617 4424 889 4498 quotidie;
935 4429 1136 4476 etcum
1182 4417 1299 4490 ipse
1334 4417 1410 4473 sis
1436 4417 1616 4488 cpifex
1657 4414 2094 4481 resurrectionis,
2123 4412 2191 4469 de

619 4519 732 4573 Deo
767 4514 999 4570 dubitas.
1036 4511 1325 4582 Propterea
1371 4524 1491 4564 cum
1521 4523 1713 4580 magna
1741 4507 1877 4562 dixit
1923 4504 2188 4577 emphasi,

622 4608 700 4664 Tu
721 4604 856 4678 quod
881 4603 1098 4658 seminus
1124 4617 1143 4654 :
1170 4609 1224 4654 tu
1255 4601 1345 4670 qui
1371 4615 1431 4655 es
1457 4600 1700 4655 mortalis
1725 4608 1780 4654 et
1800 4599 1961 4668 peris.
1987 4598 2054 4654 Et
2075 4597 2197 4654 vide

623 4697 891 4772 quomodo
922 4703 1101 4750 utatur
1126 4690 1445 4748 dictionibus
1470 4691 1708 4760 subjecto
1733 4700 2048 4762 argumento
2068 4705 2199 4746 con-

623 4789 959 4862 gruentibus.
1001 4783 1123 4839 Non
1161 4782 1444 4852 viviﬁcutur
1487 4780 1654 4847 enim,
1687 4782 1876 4852 inquit,
1921 4781 2020 4836 nisi
2057 4797 2199 4836 mor-

625 4893 768 4934 tuum
795 4882 967 4952 fuerit.
1001 4877 1238 4948 Propriis
1285 4874 1430 4930 enim
1458 4874 1722 4930 seminum
1767 4874 1974 4930 relictis
2003 4875 2199 4932 dictio-

625 4971 804 5036 nibus,
836 4983 1027 5038 nempe
1047 4968 1334 5038 germinat,
1362 4967 1601 5036 pullulat,
1633 4967 1896 5037 putrescit
1921 4976 1975 5022 et
2002 4967 2201 5024 dissol—

632 5062 812 5128 vitur;
857 5061 1127 5128 adaptavit
1155 5077 1247 5115 eas
1273 5077 1394 5130 quae
1420 5063 1568 5117 carni
1616 5073 1812 5116 nostra:
1857 5062 2200 5128 conveniunt,

629 5165 826 5220 nempe
860 5148 1158 5217 Viviﬁcatur
1205 5158 1261 5203 et
1305 5148 1566 5204 Mortuuin
1592 5152 1764 5221 fuerit,
1803 5151 1944 5222 quod
1987 5151 2204 5222 quidem

633 5260 740 5302 non
769 5251 853 5298 est
878 5241 1149 5313 proprium
1190 5241 1475 5306 seminum,
1519 5241 1612 5296 sed
1651 5259 1959 5314 corporum.
1992 5245 2059 5299 Et
2099 5258 2206 5299 non

631 5336 813 5394 dixil:
849 5336 1136 5404 Postquam
1179 5340 1448 5386 mortuum
1495 5333 1674 5398 fuerit.
1707 5337 1870 5400 vivit;
1904 5335 2020 5402 sed,
2065 5334 2206 5404 quod

633 5439 717 5487 cst
758 5429 952 5499 majus,
981 5436 1263 5498 propterea
1290 5425 1438 5493 vivit,
1469 5427 1722 5498 quoniam
1767 5428 2011 5482 moritur.
2046 5425 2210 5481 Vides

634 5524 798 5592 quod,
836 5525 974 5578 sicut
1017 5521 1326 5592 frequenter
1352 5520 1493 5588 dico,
1527 5522 1822 5578 orationem
1853 5534 2067 5588 semper
2091 5534 2213 5574 ver-

637 5626 715 5669 tat
759 5616 810 5668 in
859 5617 1206 5670 contrarium.
1255 5613 1408 5683 Quod
1436 5615 1580 5670 enim
1624 5615 1702 5669 illi
1749 5628 1856 5669 non
1895 5613 2214 5683 resurgendi

639 5704 944 5761 sumebant
969 5719 1090 5761 esse
1127 5705 1408 5774 indicium,
1453 5704 1556 5761 hoc
1581 5704 1707 5762 facit
1747 5717 1866 5762 esse
1895 5711 2096 5761 certam
2128 5720 2216 5763 re-

2255 645 2507 717 sorgendi
2533 647 3041 707 demonstrationem
3070 665 3088 706 :
3120 650 3370 708 dicebant
3415 649 3558 708 enim
3593 666 3702 710 non
3741 667 3833 709 re-

2257 749 2498 806 surgere,
2528 740 2781 808 quoniam
2807 750 2891 797 est
2919 751 3211 797 mortuum.
3239 741 3379 811 Quid
3404 752 3586 799 autem
3612 745 3835 816 opponit

2257 826 2348 882 ille
2367 827 2390 880 i
2413 829 2573 898 Atqui
2595 830 2640 884 si
2659 845 2766 886 non
2785 842 2929 888 esset
2950 843 3244 901 mortuum,
3275 848 3382 890 non
3412 837 3829 892 resurrexisset:

2255 928 2313 974 et
2339 930 2618 990 propterea
2648 925 2895 994 resurgit,
2941 927 3194 995 quoniam
3237 934 3322 982 est
3362 938 3652 983 mortuum.
3685 928 3835 984 Sicut

2257 1013 2401 1068 enim
2440 1014 2688 1071 Christus
2731 1018 2969 1087 apertius
3015 1020 3069 1074 id
3111 1020 3288 1090 ipsum
3331 1022 3588 1084 ostendit.
3621 1024 3830 1091 dicens,

2260 1101 2492 1159 Granum
2517 1109 2780 1177 frumenti,
2819 1111 2861 1163 si
2900 1111 3086 1165 cadens
3121 1113 3176 1165 in
3208 1121 3394 1166 terram
3433 1128 3534 1167 non
3578 1124 3836 1169 mortuum

2259 1197 2432 1267 fuerit,
2458 1198 2626 1266 ipsum
2655 1200 2818 1254 solum
2838 1212 3002 1256 manet
3029 1217 3050 1256 :
3077 1203 3158 1256 sin
3178 1212 3347 1257 autem
3370 1212 3627 1276 mortuum
3655 1206 3832 1273 fuerit.

2259 1288 2475 1342 multum
2513 1289 2736 1360 fructum
2773 1290 2923 1358 σίγα-ε
2969 1290 3149 1362 (lauri.
3193 1292 3284 1348 12.
3313 1294 3408 1361 24)
3437 1311 3452 1346 :
3477 1293 3627 1350 illinc
3669 1298 3834 1351 etiam

2260 1379 2458 1436 Paulus
2504 1382 2725 1438 trahens
2769 1384 3112 1454 exemplum,
3159 1399 3266 1440 non
3313 1386 3632 1443 dixit:Non
3679 1387 3832 1452 vivit,

2257 1472 2378 1538 sed,
2408 1473 2530 1528 Non
2571 1475 2892 1543 viviﬁcutur;
2937 1490 3125 1532 rursus
3151 1476 3249 1532 Dei
3294 1492 3572 1533 assumens
3598 1487 3836 1549 potesta-

2261 1572 2390 1628 tem,
2418 1572 2476 1620 et
2501 1565 2793 1622 ostendens
2816 1567 2962 1637 quod
3002 1583 3113 1623 non
3157 1576 3348 1624 natura
3380 1579 3558 1636 terrm,
3589 1572 3690 1626 sed
3720 1572 3836 1641 ipse

2261 1656 2574 1712 universum
2601 1665 2875 1726 operatur.
2907 1659 2975 1714 Et
3011 1673 3109 1714 cur
3133 1676 3238 1715 non
3267 1661 3487 1716 adduxit
3519 1663 3573 1716 in
3599 1662 3834 1717 medium

2261 1745 2317 1801 id
2339 1746 2482 1817 quo’d
2509 1756 2626 1802 erat
2653 1748 3058 1805 convenientius
3100 1759 3156 1807 et
3200 1753 3368 1822 magis
3398 1753 3695 1823 proprium,
3744 1770 3834 1810 see

2261 1852 2406 1902 men,
2449 1837 2686 1908 inquam,
2720 1839 3051 1896 humanum?
3079 1856 3202 1897 nam
3231 1852 3382 1898 ortus
3407 1859 3621 1914 quoque
3657 1855 3841 1901 noster

2264 1927 2454 1998 incipit
2474 1945 2506 1984 a
2534 1932 2881 2001 corruptione
2899 1933 3036 1988 sicut
3059 1943 3114 1990 et
3140 1933 3412 1990 frumenti.
3440 1935 3705 2006 Quoniam
3727 1953 3836 1993 non

2264 2028 2390 2076 sunt
2411 2020 2528 2077 haec
2555 2024 2725 2092 paria,
2765 2025 2862 2080 sed
2889 2025 2991 2081 hoc
3015 2035 3100 2082 est
3121 2027 3316 2098 majus.
3345 2029 3550 2096 Quaerit
3573 2031 3714 2085 enim
3739 2033 3842 2085 ali-

2263 2112 2394 2182 quid
2425 2113 2706 2184 integrum,
2740 2117 2882 2186 quod
2907 2129 3316 2190 corrumpatur;
3347 2121 3478 2178 illud
3503 2133 3681 2178 autem
3711 2138 3833 2194 pars

2267 2211 2384 2258 erat
2415 2220 2428 2256 :
2456 2205 2804 2274 quamobrem
2845 2207 2948 2263 hoc
2995 2208 3147 2265 ali‘ert
3192 2211 3247 2265 in
3293 2212 3554 2270 medium.
3596 2214 3843 2284 Alioquin

2265 2303 2446 2350 autem
2487 2295 2615 2351 illud
2652 2297 2865 2367 quidem
2893 2300 3136 2369 procedit
3179 2315 3209 2354 a
3241 2302 3478 2370 vivente,
3523 2313 3578 2360 et
3630 2306 3684 2360 in
3710 2321 3846 2362 ven-

2269 2395 2406 2444 trem
2426 2388 2612 2445 incidit
2634 2391 2931 2448 viventem:
2960 2393 3046 2448 hic
3074 2402 3252 2451 autem
3273 2411 3380 2450 non
3408 2397 3462 2452 in
3483 2411 3720 2466 carnem,
3749 2400 3846 2455 sed

2269 2482 2325 2538 in
2353 2489 2550 2538 terram
2577 2485 2835 2540 sementis
2860 2484 3126 2556 dejicitur,
3171 2497 3226 2543 et
3271 2489 3324 2543 in
3368 2504 3488 2546 eam
3515 2491 3844 2558 dissolvitur,

2270 2573 2412 2628 sicut
2437 2589 2631 2645 corpus
2661 2587 2952 2632 mortuum.
2993 2579 3352 2644 Quamobrem
3394 2581 3492 2637 hac
3521 2599 3731 2653 quoque
3759 2601 3848 2640 ra-

2273 2667 2418 2723 tione
2441 2676 2560 2724 erat
2579 2669 2883 2740 exemplum
2919 2672 3345 2730 convenientius.
3374 2674 3464 2730 57.
3495 2675 3562 2730 Et
3584 2678 3670 2745 qui
3691 2678 3847 2732 semi-

2273 2769 2383 2826 nat,
2411 2777 2513 2814 non
2547 2776 2735 2831 corpus
2771 2760 2908 2832 quod
2934 2765 3163 2833 futurum
3191 2773 3264 2818 est
3305 2766 3537 2820 seminat.
3569 2766 3700 2822 Nam
3726 2783 3850 2838 quae

2276 2851 2424 2921 prius
2454 2850 2672 2920 quidem
2699 2851 2841 2906 dicta
2870 2861 3015 2920 sunt,
3044 2863 3289 2924 spectant
3311 2855 3379 2910 ad
3405 2856 3687 2913 dicendum
3711 2873 3849 2928 quo-

2275 2941 2436 2998 modo
2487 2953 2809 3013 resurgant;
2856 2943 2960 3000 hoc
2998 2953 3176 3001 autem
3217 2947 3286 3002 ad
3325 2947 3674 3004 dubitandum
3725 2963 3850 3005 cum

2276 3034 2417 3105 quali
2441 3048 2668 3106 corpore
2690 3037 2930 3093 veniant.
2958 3037 3097 3105 Quid
3141 3046 3223 3094 est
3268 3048 3469 3108 autem,
3501 3040 3622 3097 Non
3665 3057 3849 3112 corpus

2276 3125 2411 3192 quod
2429 3126 2657 3194 futurum
2682 3137 2754 3182 est
2773 3128 3026 3184 seminus?
3051 3128 3169 3186 Non
3194 3130 3398 3202 spicam
3427 3134 3710 3204 integram,
3744 3148 3851 3188 non

2280 3217 2605 3274 frumentum
2633 3233 2844 3275 recens.
2872 3219 2972 3276 Hic
3007 3221 3151 3276 enim
3183 3236 3288 3278 non
3314 3224 3545 3294 amplius
3582 3224 3650 3280 ad
3676 3239 3856 3280 resur-

2281 3309 2579 3365 rectionem
2604 3319 2812 3381 spectat
2837 3312 3030 3379 oratio,
3052 3313 3148 3368 sed
3176 3313 3244 3369 ad
3264 3314 3478 3370 modum
3507 3317 3858 3372 resurrectio-

2283 3401 2390 3468 nis,
2413 3401 2712 3472 cujusmodi
2753 3412 2838 3459 est
2864 3417 3060 3474 corpus
3087 3405 3230 3476 quod
3269 3414 3352 3461 est
3389 3415 3854 3462 resurrecturum:

2284 3508 2478 3564 nempe
2499 3494 2742 3562 .an‘tale,
2777 3509 2848 3550 an
2874 3495 3068 3552 melius
3115 3505 3171 3552 et
3197 3496 3427 3564 clarius;
3475 3506 3529 3551 et
3556 3497 3626 3552 ab
3663 3499 3858 3554 eodem

2284 3586 2531 3656 exemplo
2563 3587 2725 3641 sumit
2752 3594 3059 3658 utrumque,
3086 3587 3376 3646 ostendens
3401 3587 3543 3659 quod
3585 3587 3639 3644 id
3666 3588 3740 3644 sit
3765 3603 3861 3645 re-

2285 3687 2648 3733 surrecturum
2674 3677 2841 3733 multo
2866 3678 3075 3734 melius.

2355 3770 2411 3824 2.
2445 3769 2633 3824 Contra
2660 3770 2919 3825 hmeticos
2940 3772 3026 3843 qui
3053 3771 3284 3827 dicebant
3317 3772 3462 3827 aliud
3486 3788 3670 3842 corpus
3693 3788 3868 3828 resur-

2289 3877 2424 3934 gere.
2448 3891 2521 3902 —
2545 3861 2652 3918 Sed
2677 3862 2915 3918 haeretici
2936 3862 3068 3918 nihil
3094 3862 3285 3919 horum
3311 3865 3670 3935 intelligentes
3698 3865 3866 3919 insul-

2291 3961 2436 4020 tant,
2483 3960 2539 4008 et
2580 3953 2762 4009 dicunt
2799 3967 2815 4006 :
2855 3955 3096 4010 Alterum
3124 3970 3318 4025 corpus
3345 3955 3524 4023 cadit,
3552 3965 3608 4012 et
3634 3955 3861 4011 alterum

2291 4043 2544 4116 resurgit.
2574 4043 2857 4112 Quomodo
2881 4059 3011 4116 ergo
3036 4047 3400 4103 resurrectio?
3420 4046 3537 4117 ejus
3559 4047 3703 4103 enim
3722 4046 3865 4117 quod

2293 4137 2487 4193 cecidit
2513 4143 2621 4202 (est
2658 4138 3001 4193 resurrectio.
3047 4136 3147 4193 Ubi
3194 4147 3278 4194 est
3317 4147 3496 4194 autem
3539 4137 3867 4194 admirabilis

2295 4230 2386 4286 illa
2405 4238 2461 4286 et
2483 4245 2602 4300 quae
2629 4229 2940 4299 opinionem
2965 4223 3184 4301 superat
3228 4230 3487 4287 adversus
3525 4239 3754 4285 mortem
3792 4231 3871 4284 vi-

2296 4323 2464 4379 ctoria
2491 4361 2507 4388 ,
2535 4323 2580 4376 si
2611 4321 2754 4378 aliud
2785 4322 2927 4378 cadit
2966 4330 3021 4378 et
3061 4322 3202 4378 aliud
3231 4322 3500 4393 resurgit?
3526 4337 3700 4390 neque
3727 4323 3870 4377 enim

2297 4413 2388 4470 illa
2409 4414 2589 4484 utique
2607 4422 2857 4471 cernetur
2875 4413 3171 4470 reddidisse
3189 4414 3456 4484 captivum
3479 4412 3620 4485 quod
3646 4413 3869 4482 accepit.

2299 4505 2576 4573 Quomodo
2601 4515 2780 4563 autem
2810 4507 2875 4562 iis
2897 4521 3018 4576 quae
3040 4505 3180 4562 dicta
3207 4513 3332 4561 sunt
3356 4505 3671 4562 convenerit
3686 4519 3871 4560 exem-

2306 4606 2491 4678 plum?
2519 4621 2625 4662 non
2648 4605 2792 4661 enim
2814 4606 2914 4661 alia
2935 4605 3153 4677 quidem
3181 4605 3477 4660 seminatur
3494 4604 3746 4665 essentia.
3774 4603 3874 4657 alia

2303 4707 2480 4755 autem
2509 4698 2760 4769 resurgit,
2791 4697 2887 4754 sed
2927 4697 3113 4754 eadem
3140 4697 3344 4753 melior.
3388 4696 3496 4752 Sed
3523 4711 3697 4766 neque
3721 4692 3876 4751 Chri-

2304 4799 2420 4845 stus
2447 4787 2588 4844 idem
2616 4803 2810 4859 corpus
2837 4789 3150 4858 susceperit,
3176 4788 3268 4859 qui
3294 4787 3392 4843 fuit
3428 4787 3672 4858 primitiae
3696 4799 3878 4840 resur-

2304 4882 2542 4954 gentium
2568 4897 2584 4948 ;
2611 4882 2706 4938 sed
2727 4923 2744 4947 ,
2770 4881 3061 4938 secundum
3085 4895 3182 4938 vos
3205 4922 3220 4948 ,
3253 4879 3385 4937 illud
3407 4879 3621 4952 quidem
3649 4878 3843 4948 abjecit
3859 4916 3876 4944 ,

2308 4975 2517 5032 etiamsi
2546 4973 2680 5029 nihil
2706 4982 3020 5044 peccasset,
3052 4973 3259 5045 accepit
3302 4981 3480 5028 autem
3519 4971 3685 5026 aliud.
3729 4968 3881 5025 Unde

2311 5082 2438 5138 ergo
2462 5065 2644 5121 aliud?
2669 5079 2792 5120 nam
2821 5064 2922 5120 hoc
2945 5063 3158 5135 quidem
3187 5079 3255 5120 ex
3292 5064 3518 5134 virgine,
3552 5060 3677 5117 illud
3704 5068 3881 5114 autem

2312 5157 2486 5213 unde?
2517 5155 2698 5211 Viden‘
2722 5155 2787 5210 ad
2822 5165 3073 5224 quantam
3101 5154 3483 5209 absurditatem
3519 5151 3766 5207 devoluta
3803 5157 3885 5205 est

2312 5247 2524 5304 oratio?
2552 5247 2658 5302 Cur
2682 5247 2827 5302 enim
2867 5246 3101 5301 ostendit
3129 5247 3326 5317 liguras
3349 5254 3403 5301 et
3443 5244 3664 5314 vestigia
3704 5242 3884 5296 clavo-

2316 5338 2474 5394 rum?
2501 5353 2678 5392 annon
2718 5338 2820 5392 hoc
2841 5338 3024 5392 volens
3050 5337 3338 5392 ostendere
3360 5376 3375 5401 ,
3407 5335 3537 5390 illud
3565 5335 3737 5404 ipsum
3768 5347 3886 5387 esse

2319 5431 2460 5501 quod
2488 5431 2630 5486 cruci
2657 5431 2755 5486 fttit
2777 5431 3024 5494 afﬁxam,
3050 5438 3109 5487 et
3133 5432 3307 5502 ipsum
3334 5428 3730 5486 resurrexisse?
3753 5427 3888 5496 Quid

2319 5525 2418 5580 sibi
2447 5524 2560 5579 vult
2579 5539 2792 5594 quoque
2818 5524 2983 5594 figura
3007 5523 3192 5579 Jonas?
3221 5540 3328 5580 non
3354 5523 3496 5580 enim
3518 5522 3652 5578 alius
3679 5520 3890 5592 quidem

2322 5617 2422 5673 fuit
2450 5616 2733 5686 absorptus
2755 5658 2770 5684 ,
2797 5617 2936 5672 alius
2969 5625 3148 5672 autem
3178 5616 3230 5671 in
3263 5625 3457 5672 terram
3479 5615 3684 5684 ejectus
3708 5613 3888 5669 Jonas.

2322 5708 2457 5778 Quid
2487 5707 2645 5766 etiam
2671 5706 2916 5775 dicebat,
2945 5704 3138 5767 Solvite
3167 5705 3410 5779 templum
3441 5707 3554 5772 hoc,
3593 5716 3637 5761 et
3665 5706 3718 5760 in
3737 5701 3893 5760 tribus
