4122 6226
362 374 474 433 855

1407 355 1479 414 ῐΝ
1515 352 1740 413 EPIST.
1780 352 1804 413 Ι
1864 350 1957 411 ΔΙ)
1996 348 2156 407 COR.
2202 345 2442 404 IIOMIL.
2479 344 2624 403 XLI.

3498 346 3614 405 366

363 477 3605 526 Μ

1805 570 2055 627 ΟΜΙΔΙΔ
2093 565 2230 619 MA'.

378 678 541 735 Ἀλλ’
566 677 695 748 ἐρεῖ
706 670 816 743 τις,
850 673 982 740 Πῶς
1014 671 1338 748 ἐγείρονται
1365 666 1643 748 οί-νςκροί
1660 664 1848 748 ςιποίῳ
1877 661 1947 748 δέ

435 733 666 820 σῶμᾶτι
695 733 1000 820 Αέῥχοῃτᾶι
1017 733 1064 820 ξ’
1090 733 1337 820 ’Ᾰςρροη
1366 739 1450 794 σὺ
1482 738 1514 792 ὃ
1541 733 1829 806 σπείρεις,
1872 733 1946 786 οὐ

446 811 829 884 ζωὸποιεῖτὶιᾶξ
849 815 959 869 ἐὰν
977 811 1065 885 μὴ
1092 811 1389 878 ἀποθάνῃ.

311 875 369 1016 Ὗ
546 922 793 991 Ἥμερος
816 875 900 968 ’ὢν
924 875 1128 983 σφόδρα
1159 912 1256 964 καὶ
1288 875 1613 1016 τοιπεινὺςηὸκ
1623 900 1948 1016 ἒᾹπόστολος

366 992 670 1082 πανταχοῦ,
686 1003 919 1062 ἐνταῦθα
938 1002 1030 1055 καὶ
1052 997 1487 1072 πληκτικώτερον
1502 994 1580 1066 τῷ
1593 995 1737 1064 λόγῳ
1755 992 1949 1063 κέχρη-

368 1123 464 1160 ται
493 1101 583 1156 διὰ
604 1097 706 1171 τὴν
731 1093 961 1150 ἀτοπίαν
1009 1090 1118 1145 τῶν
1145 1089 1557 1157 ἀντιλεγόντων.
1589 1086 1665 1139 Οὐ
1700 1085 1808 1155 μὴν
1840 1084 1945 1153 ἀρ-

369 1198 553 1251 κεῖται
578 1189 776 1259 τούτῳ,
800 1184 934 1239 ἀλλά
975 1182 1071 1238 καὶ
1096 1181 1390 1251 λογισμοὺς
1417 1179 1512 1232 καὶ
1529 1176 1949 1249 παραδείγματα

372 1286 579 1357 τίθησι,
611 1280 708 1336 καὶ
748 1276 844 1331 τὸν
867 1275 1075 1346 σφόδρα
1115 1272 1417 1343 φιλόνεικον
1453 1269 1626 1357 ταύτῃ
1656 1266 1950 1357 χειρούμε-

374 1353 499 1438 νοςξ
520 1370 630 1425 Kal
649 1365 911 1435 ἀνωτέρω
942 1363 1042 1434 μέν
1070 1376 1256 1432 φησιν·
1273 1357 1514 1426 Ἐπειδὴ
1533 1356 1607 1411 δι’
1632 1353 1949 1424 ἀνθρώπου

375 1462 706 1525 ἀθάνατος,
732 1456 833 1511 καί
849 1454 925 1509 δι’
940 1450 1256 1520 ἀνθρώπου
1280 1449 1319 1517 ἡ
1341 1446 1697 1513 ἀνάστασιςο
1715 1443 1950 1499 ἐνταῦθα

373 1555 436 1610 ἃ
462 1551 737 1610 ἀντίθεσιν
759 1547 884 1601 λύει
910 1546 1043 1616 παρ’
1094 1542 1362 1614 Ἐλλήνων
1387 1539 1776 1610 εἰσαγομένην.
1838 1536 1951 1589 Kal

375 1647 481 1719 ὅρα
504 1642 623 1706 πῶς
641 1640 804 1696 πάλιν
832 1635 1203 1705 ὑποτέμνεται
1219 1632 1281 1685 τὺ
1311 1629 1538 1702 σφοδρὸν
1559 1631 1656 1700 τῆς
1671 1626 1946 1696 διαϐολῆς.

381 1738 456 1791 Ού
489 1737 600 1806 7&9
649 1728 825 1794 εἶπεν,
887 1727 1026 1780 Ἀλλ’
1059 1724 1189 1787 ἴσως
1235 1724 1431 1793 ἐρεῖτε,
1500 1720 1615 1774 ἀλλ’
1648 1719 1951 1787 ἀδιόριστον

378 1826 593 1881 τέθεικε
634 1823 726 1877 τὸν
754 1818 1120 1887 ἀντιλέγοντα,
1179 1814 1266 1868 ἵνα
1319 1814 1460 1884 μετά
1495 1810 1682 1874 ἀδείας
1710 1824 1951 1876 καταφο-

378 1916 522 1990 ρικῷ
542 1913 829 1987 χρώμενος
867 1908 948 1981 τῷ
991 1908 1156 1976 λόγφν
1204 1904 1286 1975 μὴ
1339 1903 1543 1975 σφόδρα
1602 1901 1786 1973 πλήξῃ
1824 1901 1952 1963 τοὺς

381 2008 700 2071 ἀκούοντας·
735 2003 827 2059 καὶ
848 2001 1032 2073 τίθησι
1055 1999 1149 2053 δύο
1179 1995 1279 2059 τάς
1308 1996 1702 2067 ἐπαπορήσεις,
1720 1991 1813 2047 τοῦ
1830 1992 1955 2063 τρό-

383 2119 491 2158 που
541 2087 645 2167 ’τῆς
675 2094 1023 2157 ἀναστάσεως
1039 2132 1054 2158 ,
1084 2091 1180 2145 καὶ
1207 2092 1310 2163 τῆς
1334 2090 1619 2159 ποιότητος
1643 2085 1754 2139 τῶν
1775 2085 1957 2156 σωμά-

382 2208 519 2245 των’
574 2190 688 2243 Καὶ
735 2185 844 2256 γὰρ
888 2183 1018 2255 περὶ
1052 2182 1381 2253 ἀμφυτέρων
1407 2177 1650 2251 ἠπόρουν
1683 2175 1952 2245 λέγοντες*

387 2280 516 2345 Πῶς
548 2278 818 2347 ἐγείρεται
852 2276 913 2329 τὸ
942 2273 1224 2339 διαλυθέν;
1253 2273 1372 2336 καὶ,
1405 2271 1561 2337 Ποίῳ
1606 2266 1833 2337 σώματι
1858 2264 1954 2333 ἕρ-

386 2384 595 2441 χονται
621 2383 641 2430 ;
678 2364 815 2419 Τίδέ
846 2365 982 2428 ἐστι,
1008 2364 1167 2430 Ποίφ
1199 2361 1466 2431 σώματις
1525 2353 1651 2413 Οἴον
1679 2356 1856 2427 τούτῳ
1879 2353 1959 2426 τῷ

386 2460 670 2533 φθαρέντι,
700 2455 779 2528 τῷ
807 2453 1128 2518 ἀπολωλότι,
1159 2452 1193 2524 ἢ
1221 2453 1394 2524 ἑτέρῳ
1413 2450 1557 2518 τινί;
1585 2447 1719 2519 Εἶτα
1745 2447 1960 2511 δεικνὺς

386 2553 472 2609 ὅτι
491 2551 552 2605 οὐ
583 2547 657 2605 τά
683 2544 1132 2620 ἀμφιϐαλλόμενα
1176 2542 1451 2615 ζητοῦσιν,
1496 2539 1637 2595 ἀλλά
1660 2540 1730 2594 τά
1753 2538 1962 2610 ὡμολο-

388 2641 606 2713 γημένα
623 2680 641 2706 ,
717 2636 922 2700 εὐθέως
973 2635 1417 2706 πληκτικιὲηερον
1476 2633 1695 2704 ἀπαντᾷ
1761 2631 1957 2699 λέγων’

396 2732 647 2799 Ἀφρονν
709 2726 793 2781 σὺ
841 2724 876 2779 δ
928 2726 1197 2794 σπείρεις
1242 2725 1317 2779 οὐ
1339 2720 1715 2787 ᾰυοποιεῖται,
1748 2721 1859 2775 ἐὰν
1872 2719 1960 2789 μὴ

384 2816 684 2885 ἀποθάνῃ.
713 2815 891 2887 Ὅπερ
920 2816 1011 2868 καὶ
1031 2816 1194 2885 ἡμεῖς
1225 2812 1499 2884 εἰώθαμεν
1538 2812 1714 2866 ποιεῖν
1738 2809 1964 2864 ἐπὶτῶν

391 2912 505 2973 τοῖς
533 2907 971 2979 ὡμολογημένοις
1002 2905 1407 2974 ἀντιλεγόντων.
1448 2904 1560 2958 Kal
1585 2902 1732 2967 τίνος
1776 2900 1965 2957 ἕνεκεν

392 3000 494 3054 οὐκ
525 2998 728 3062 εὐθέως
781 2998 876 3051 ἐπὶ
906 2996 1006 3066 τὴν
1042 2995 1272 3066 δύναμιν
1306 2992 1402 3048 τοῦ
1433 2992 1569 3047 Θεοῦ
1607 2992 1917 3062 κατέφυγεν
1944 3008 1962 3059 ;

395 3092 520 3144 Ὀτι
548 3089 799 3152 ἀπίστοις
828 3088 1152 3155 διαλέγεται.
1191 3087 1360 3140 Ὅταν
1390 3085 1491 3156 μὲν
1537 3082 1648 3156 7&9
1679 3082 1816 3154 πρὸς
1871 3101 1965 3137 πι-

395 3181 557 3246 στοὺς
587 3179 738 3252 αύτῷ
768 3182 796 3233 6
819 3179 977 3248 λόγος
1001 3175 1059 3252 ᾖ,
1105 3177 1167 3231 ού
1192 3177 1396 3248 σφόδρα
1444 3176 1617 3230 δεῖται
1663 3174 1963 3245 λογισμῶν.

395 3272 598 3344 Διόπερ
657 3269 827 3325 εἰπὼν
865 3253 1143 3340 ἀλλαχοῦ,
1198 3269 1281 3323 ὅτι
1331 3266 1857 3336 Μετασκηματίσει
1900 3267 1969 3320 τὸ

397 3362 570 3434 σῶμα
586 3360 695 3432 τῆς
716 3361 1125 3426 ταπεινώσεως
1144 3358 1313 3429 ὑμῶν
1331 3361 1420 3425 εἰς
1439 3357 1506 3412 τὸ
1525 3356 1804 3429 γενέσθαι
1818 3357 1969 3426 σύμ-

391 3472 628 3528 μορφον
646 3456 730 3521 τῷ
758 3454 983 3524 σώματι
1003 3452 1117 3521 τῆς
1138 3450 1327 3521 δόξης
1348 3450 1557 3513 αὐτοῦ,
1600 3450 1695 3504 καὶ
1728 3448 1892 3503 πλέον
1914 3465 1970 3502 τι

398 3553 498 3620 τῆς
518 3547 877 3610 ἀναστάσεως
900 3543 1294 3614 ἐνδειξάμενος,
1328 3542 1391 3596 ού
1443 3541 1655 3596 τέθεικε
1707 3540 1970 3613 παραδεί-

401 3655 606 3709 γματα,
636 3634 754 3691 ἀλλ’
775 3634 900 3688 ἀντὶ
947 3632 1129 3703 πάσης
1164 3631 1495 3696 ἀποδείξεως
1547 3628 1642 3685 τοῦ
1695 3629 1833 3684 Θεοῦ
1870 3630 1971 3700 τὴν

398 3727 629 3798 δύναμιν
653 3727 734 3789 εἰς
782 3722 947 3796 μέσον
971 3724 1149 3794 ήγαγε
1175 3722 1437 3794 προσθεὶς
1464 3721 1560 3776 καὶ
1589 3719 1783 3786 εἰπὼν,
1811 3721 1973 3776 Κατά

401 3816 520 3884 τὴν
535 3816 845 3886 ἐνέργειαν
870 3815 975 3869 τοῦ
1001 3813 1299 3869 δύνασθαι
1329 3810 1520 3866 αὐτὸν
1546 3810 1647 3866 καί
1672 3810 1972 3875 ὑποτάξαι

403 3906 566 3974 αὐτῷ
594 3908 667 3961 τὰ
686 3906 904 3960 πάντα.
950 3903 1218 3960 Ἐνταῦθα
1260 3904 1319 3957 δὲ
1351 3904 1446 3958 καὶ
1464 3902 1757 3973 λογισμοὺς
1810 3905 1972 3959 κινεῖ.

418 4000 638 4071 Ἐπειδὴ
668 3999 778 4070 7&9
819 3998 930 4053 ἀπὸ
975 3997 1085 4051 τῶν
1136 3996 1374 4068 Γραφῶν
1410 3996 1542 4051 αὐτὸ
1578 3993 1973 4058 κατεσκεύασε,

406 4090 698 4146 καὶταῦτα
731 4088 1091 4160 προστίθησιν
1142 4090 1211 4144 ἐκ
1254 4086 1578 4158 περιουσίας
1606 4085 1799 4138 λοιπὸν
1834 4084 1975 4155 πρὸς

406 4181 537 4244 τοὺς
561 4179 622 4232 ού
642 4178 988 4249 πειθομένους
1026 4174 1177 4249 [387]
1213 4177 1335 4239 ταῖς
1364 4175 1631 4245 Γραφαῖς,
1663 4173 1756 4227 καί
1787 4188 1969 4244 φησιν·

412 4272 660 4340 'Agopor,
688 4269 770 4325 σὺ
808 4267 841 4322 6
884 4268 1175 4336 σπείρεις.
1223 4264 1505 4329 Τουτέστι,
1560 4264 1718 4333 Παρά
1772 4263 1974 4319 σαυτοῦ

406 4360 508 4432 τὴν
567 4360 842 4427 ἀπόδειξιν
887 4360 1031 4429 ἔχεις
1066 4357 1297 4420 τούτων,
1329 4357 1399 4411 δι’
1441 4350 1516 4411 ὧν
1545 4355 1804 4428 πράττεις
1853 4356 1974 4411 καθ’

409 4453 648 4522 ἐκάστην
696 4451 930 4523 ἡμέραν,
987 4450 1084 4503 καὶ
1115 4446 1479 4519 ἀμφιϐάλλεις
1513 4446 1630 4514 Erl;
1668 4448 1766 4502 Διά
1802 4447 1977 4502 ταῦτά

413 4563 475 4600 σε
499 4546 707 4617 ἄφρονα
747 4542 919 4608 καλῶ,
946 4542 1027 4596 ὅτι
1059 4543 1128 4596 τά
1158 4540 1280 4595 καθ’
1310 4540 1526 4613 ἡμέραν
1580 4539 1685 4594 ὑπὸ
1714 4539 1808 4594 σοῦ
1829 4540 1975 4608 γινό-

415 4653 553 4707 μενα
576 4636 809 4703 ἀγνοεῖς,
828 4634 922 4688 καὶ
944 4633 1106 4696 αὐτὸς
1144 4632 1477 4704 δημιουργὸς
1527 4631 1878 4696 ἀναστάσεως
1898 4630 1977 4686 ὣν

413 4724 688 4799 περὶΘεοῦ
716 4724 1094 4796 ἀμφιϐάλλεις.
1130 4724 1222 4777 Διὸ
1246 4724 1450 4796 σφόδρα
1471 4724 1816 4795 ἐμφαντικῶς
1839 4721 1980 4791 εἰπε,

412 4818 501 4873 Σὺ
529 4816 561 4870 6
580 4815 870 4883 σπείρεις,
902 4816 966 4869 σὺ
1003 4817 1032 4867 6
1063 4813 1255 4885 θνητὸς
1312 4814 1409 4868 καὶ
1434 4813 1826 4885 ἀπολλύμενος.
1872 4815 1986 4870 Kal

413 4909 517 4979 69a
547 4906 661 4971 πῶς
690 4909 811 4971 ταῖς
839 4905 1046 4972 λέξεσιν
1078 4905 1294 4969 οἰκείως
1321 4907 1387 4975 τῇ
1421 4905 1757 4980 ὑποκειμένῃ
1787 4906 1987 4978 κέχρη-

412 5016 506 5053 ται
526 4997 801 5052 ὑποθέσει.
821 4997 905 5050 Οὐ
932 4992 1291 5056 ζωοποιεῖται
1350 4994 1481 5067 γὰρ,
1511 4996 1698 5066 φησὶν,
1745 4996 1856 5053 ἐὰν
1896 4997 1985 5067 μὴ

414 5089 711 5158 ἀποθάνῃ.
746 5089 860 5153 Τὰς
913 5088 1022 5160 7&9
1049 5086 1255 5152 οἰκείας
1287 5085 1465 5152 λέξεις
1495 5087 1604 5142 τῶν
1657 5088 1988 5159 σπερμάτων

415 5182 602 5252 ἀφεὶς,
627 5176 738 5234 οἷον
768 5179 831 5232 τὸ
869 5179 1180 5249 βλαστάνει,
1218 5180 1315 5233 καὶ
1348 5179 1565 5248 φύεται,
1597 5180 1693 5233 καὶ
1728 5180 1986 5250 σήπεται,

418 5275 518 5329 καὶ
539 5272 832 5335 διαλύεται,
859 5272 959 5336 τάς
991 5272 1354 5342 καταλλήλους
1385 5273 1595 5343 ἥρμοσε
1652 5275 1716 5343 τῇ
1738 5273 1902 5343 σαρκὶ
1922 5275 1987 5344 τῇ

420 5367 690 5439 ἡμετέρᾳ,
723 5365 786 5420 τὸ
812 5364 1187 5420 Ζωοποιεῖται
1249 5366 1342 5419 καὶ
1379 5365 1697 5435 Ἀποθὰνῃ,
1731 5365 1869 5437 ὅπερ
1928 5365 1990 5418 ού

421 5458 753 5530 σπερμάτων
781 5456 983 5527 κυρίως
1008 5455 1176 5518 ἐστὶν,
1204 5455 1341 5509 ἀλλά
1385 5455 1676 5525 σωμάτων.
1729 5455 1841 5508 Kal
1892 5455 1994 5510 οὐκ

423 5545 601 5616 εἴπεν,
617 5549 697 5602 ὅτι
725 5547 882 5602 Μετά
895 5546 957 5600 τὸ
972 5546 1264 5600 ἀποθανεῖν
1285 5545 1377 5618 ζῇ,
1398 5546 1534 5612 ἀλλ’,
1562 5545 1592 5599 6
1615 5547 1798 5617 μεῖζόν
1823 5548 1993 5615 ἐστιν,

424 5640 507 5695 ὄτι
532 5638 631 5693 Διά
660 5638 821 5693 τοῦτο
870 5636 936 5709 ζῇ
964 5677 981 5703 ,
1037 5637 1226 5707 ἐπειδὴ
1279 5636 1636 5709 ἀποθνήσκει.
1674 5638 1837 5710 Ὁρᾷς
1889 5640 1994 5706 ὅτι,

423 5732 563 5800 ὅπερ
600 5728 691 5783 ἀεὶ
718 5727 879 5797 λέγω,
922 5728 1003 5791 εἰς
1036 5726 1345 5782 τούναντίον
1392 5726 1478 5781 ἀεὶ
1509 5728 1828 5802 περιτρέπει
1853 5741 1878 5771 ι
1903 5730 1996 5784 τὸν

489 5837 519 5867 ⁸
546 5832 805 5899 Ιιοώαωτ
822 5832 1090 5896 προτρέπει.

2045 656 2226 724 λόγον.
2261 652 2331 709 ⁸0
2363 652 2473 725 7&9
2531 649 2811 706 ἐποιοῦντο
2842 651 3039 705 ἐκεῖνοι
3072 650 3377 722 τεκμήριον
3408 650 3504 705 τοῦ
3543 653 3621 724 μὴ

2044 744 2386 808 ἀνίστασθαι,
2418 743 2573 797 τοῦτο
2596 742 2692 797 τοῦ
2722 741 3041 796 ἀνίστασθαι
3058 745 3293 795 ποιεῖται
3320 742 3618 807 ἀπόδειξιν·

2045 839 2140 892 καὶ
2166 836 2275 908 7&9
2305 836 2491 903 ελεγον
2518 833 2617 888 οὐκ
2655 834 2992 898 ἀνίστασθαι,
3025 831 3213 902 ἐπειδὴ
3245 831 3508 886 ἀπέθανε.
3556 831 3623 885 Τί

2044 924 2137 983 οὖν
2171 928 2333 992 αὐτὸς
2363 925 2724 997 ἀντιστρέψας
2779 924 2947 996 φησί;
2992 924 3103 977 Kal
3148 923 3254 992 μὴν
3282 924 3330 975 εἰ
3370 921 3445 993 μὴ
3512 924 3623 976 ἀπ-

2047 1017 2258 1083 έθανεν,
2309 1016 2412 1071 οὐκ
2454 1015 2521 1071 ἀν
2551 1017 2749 1086 ἀνέστη
2774 1031 2789 1046 δ
2841 1014 2937 1068 καὶ
2991 1012 3081 1066 διὰ
3111 1011 3271 1066 τοῦτο
3317 1013 3624 1073 ἀνίσταται,

2047 1110 2235 1181 ἐπειδὴ
2262 1108 2521 1163 ἀπέθανε.
2559 1105 2945 1177 Καθάπεργάρ
2964 1108 2992 1159 ὀ
3024 1103 3255 1174 Χριστὸς
3285 1102 3625 1174 σαφέστερον

2048 1200 2178 1254 αὐτὸ
2218 1201 2375 1254 τοῦτο
2407 1199 2737 1253 ἐνδείκνυται
2766 1197 2960 1268 λέγων⁹
3006 1197 3072 1250 '0
3129 1196 3351 1261 κόκκος
3381 1195 3489 1251 τοῦ
3529 1196 3627 1249 σί-

2057 1307 2188 1357 του,
2221 1290 2330 1345 ἐὰν
2353 1290 2560 1344 πεσὼν
2586 1291 2672 1355 εἰς
2696 1289 2811 1355 τὴν
2831 1288 2950 1358 γῆν
2986 1286 3073 1358 μὴ
3122 1284 3416 1355 ἀποθάνῃ,
3446 1287 3629 1352 αὐτὸς

2050 1380 2235 1449 μόνος
2255 1379 2445 1448 μένει·
2479 1376 2590 1431 ἐὰν
2633 1376 2702 1429 δὲ
2721 1374 3231 1443 ἀποθάνῃ,πολὺν
3272 1374 3506 1443 καρπὸν
3524 1373 3630 1442 φέ-

2051 1485 2175 1537 ρει·
2229 1469 2438 1523 ἐκεῖθεν
2490 1469 2583 1523 xal
2607 1470 2636 1521 6
2677 1466 2888 1531 Παῦλος
2942 1466 3006 1520 τὸ
3060 1466 3415 1538 παράδειγμα
3467 1466 3630 1519 τοῦτο
3736 1460 3743 1467 ’

2048 1561 2301 1627 ἑλκύσας,
2330 1561 2430 1616 οὐκ
2453 1556 2629 1626 εἶπεν,
2659 1560 2740 1613 ὅτι
2765 1559 2840 1612 υύ
2862 1558 2951 1630 ζῇ,
2984 1558 3120 1620 ἀλλ’,
3138 1559 3222 1612 Οὐ
3247 1556 3628 1623 ζωοποιεῖται,

2050 1651 2215 1706 πάλιν
2247 1651 2343 1704 τοῦ
2395 1649 2531 1704 Θεοῦ
2572 1648 2670 1721 τὴν
2727 1648 2957 1719 δύναμιν
3005 1648 3475 1720 παραλαμϐάνων,
3532 1649 3631 1703 καὶ

2047 1742 2259 1805 δεικνὺς
2288 1743 2369 1796 ὅτι
2403 1741 2502 1810 οὐχ
2521 1742 2555 1812 ἡ
2578 1740 2672 1811 τῆς
2695 1739 2797 1809 γῆς
2824 1738 3007 1808 φύσις,
3063 1738 3180 1791 ἀλλ’
3213 1738 3375 1803 αὐτὸ,
3407 1739 3468 1793 τὸ
3522 1741 3633 1795 πᾶν

2051 1830 2366 1901 ἐργάζεται.
2410 1828 2523 1883 Kal
2550 1827 2603 1879 τί
2633 1826 2833 1897 δήποτε
2881 1828 2981 1896 οὐχ
3006 1828 3143 1897 ὅπερ
3181 1827 3508 1898 οἰκειότερον
3541 1824 3632 1899 ἦν,

2055 1920 2217 1974 τοῦτο
2266 1919 2474 1989 ἢγαγεν
2502 1919 2583 1981 εἰς
2609 1918 2794 1988 μέσον,
2823 1916 2885 1969 τὸ
2913 1918 3134 1991 σπέρμα
3158 1915 3301 1984 λέγω
3333 1917 3394 1971 τὸ
3420 1917 3634 1988 ἀνθρώ..

2058 2027 2246 2075 πινον;
2274 2010 2385 2064 Kal
2412 2010 2520 2080 7&9
2546 2008 2641 2062 καί
2713 2007 2961 2078 ἡμετέρα
2990 2008 3245 2077 γέννησις
3281 2009 3390 2063 ἀπὸ
3428 2008 3634 2079 φθορᾶς

2058 2102 2306 2173 ἄρχεται,
2325 2098 2515 2170 ὥσπερ
2550 2100 2585 2168 ἡ
2616 2097 2710 2152 τοῦ
2737 2098 2906 2154 σίτου.
2943 2099 3065 2151 Ὀτι
3096 2098 3197 2150 οὐκ
3226 2094 3299 2169 ἦν
3332 2098 3466 2162 ἴσον,
3496 2099 3635 2152 ἀλλά

2058 2191 2217 2246 τοῦτο
2240 2191 2424 2245 πλέον.
2468 2189 2793 2262 Ὀλόκληρον
2847 2189 2956 2261 γάρ
2986 2208 3037 2243 τι
3067 2187 3222 2260 ζητεῖ
3252 2190 3631 2262 φθειρόμενον,

2061 2283 2239 2335 ἐκεῖνο
2268 2281 2326 2335 δὲ
2351 2279 2517 2352 μέρος
2536 2276 2628 2353 ἦν·
2646 2279 2834 2351 διόπερ
2851 2278 3012 2333 τοῦτο
3031 2280 3112 2343 εἰς
3138 2279 3303 2350 μέσον
3331 2280 3477 2349 ἀγει.
3510 2282 3638 2335 Ἀλ-

2062 2371 2171 2436 λως
2195 2371 2275 2436 δὲ,
2315 2374 2494 2426 ἐκεῖνο
2527 2372 2627 2443 μὲν
2655 2373 2747 2425 καὶ
2776 2373 2883 2426 ἀπὸ
2909 2370 3111 2436 ζῶντος
3135 2372 3371 2443 πρόεισι,
3425 2374 3521 2428 καὶ
3555 2377 3637 2437 εἰς

2065 2462 2244 2528 ζῶσαν
2266 2462 2529 2533 ἐμπίπτει
2553 2463 2819 2533 γαστέρα*
2845 2462 3079 2518 ἐνταῦθα
3112 2463 3168 2517 δὲ
3202 2465 3303 2518 οὐκ
3329 2467 3409 2529 εἰς
3434 2465 3636 2536 σάρκα,

2065 2551 2182 2606 ἀλλ’
2212 2553 2293 2615 εἰς
2317 2552 2417 2624 τὴν
2444 2552 2549 2623 γῆν
2569 2555 2598 2606 6
2620 2554 2819 2625 σπόρος
2846 2553 3267 2620 καταϐάλλεται,
3309 2556 3403 2609 καὶ
3431 2557 3509 2620 εἰς
3535 2557 3639 2611 αύ-

2065 2642 2167 2713 τὴν
2192 2642 2484 2708 διαλύεται,
2514 2643 2764 2717 καθάπερ
2817 2644 2879 2698 τὸ
2908 2644 3066 2716 σῶμα
3095 2646 3157 2701 τδ
3205 2648 3486 2720 τεθνηκός.
3548 2650 3642 2702 Διὸ

2066 2733 2161 2788 καὶ
2188 2733 2358 2806 ταύτῃ
2390 2734 2713 2807 οἰκειότερον
2743 2731 2813 2806 ἦν
2842 2735 2903 2789 τὸ
2927 2735 3252 2807 ὑπόδειγμα.
3285 2740 3439 2792 Καίό
3468 2738 3642 2792 σπεί-

2060 2842 2209 2894 ρων,
2237 2827 2309 2880 οὐ
2334 2825 2402 2880 τὸ
2420 2826 2593 2896 σῶμα
2624 2825 2690 2879 τὸ
2722 2827 3134 2896 γενησόμενον
3156 2829 3408 2898 σπείρει.
3433 2828 3517 2881 Τά
3541 2829 3641 2900 μὲν

2068 2917 2178 2987 7&9
2213 2916 2521 2987 ἔμπροσθεν
2547 2917 2832 2988 εἰρημένα,
2894 2919 3029 2989 πρὸς
3063 2918 3124 2971 τὸ
3144 2918 3323 2988 λέγειν
3347 2920 3466 2983 πῶς
3495 2920 3643 2988 ἐγεί-

2075 3024 2277 3079 ρονται·
2304 3006 2464 3061 τοῦτο
2498 3008 2577 3072 δὲ,
2633 3007 2770 3080 πρὸς
2817 3009 2880 3063 τὸ
2934 3009 3214 3081 διαπορεῖν
3237 3009 3375 3082 ποίῳ
3427 3012 3644 3082 σώματι

2071 3097 2339 3172 ἔρχονται.
2373 3100 2438 3152 Τί
2466 3100 2523 3152 δέ
2555 3102 2723 3167 ἐστιν,
2771 3101 2854 3155 Οὐ
2900 3101 2968 3155 τὸ
2996 3099 3168 3170 σῶμα
3206 3102 3271 3155 τὸ
3321 3105 3648 3172 γενησόμε-

2072 3206 2186 3244 νον
2221 3190 2490 3258 σπείρεις
2504 3205 2524 3254 ;
2576 3190 2649 3243 Οὐ
2712 3191 2913 3261 στάχυν
2959 3191 3273 3262 ὁλόκληρον,
3326 3194 3447 3247 οὐδὲ
3498 3196 3647 3249 σῖτον

2072 3280 2214 3335 νέον.
2258 3280 2522 3337 Ἐνταῦθα
2543 3282 2653 3353 7&9
2680 3283 2865 3337 ούκέτι
2895 3282 3028 3354 πρὸς
3052 3284 3151 3355 τὴν
3191 3285 3488 3340 ἀνάστασιν
3511 3287 3541 3339 6
3563 3286 3651 3340 λό-

2073 3389 2188 3443 γος,
2216 3372 2353 3427 ἀλλά
2388 3373 2524 3445 πρὸς
2551 3375 2642 3427 τὸν
2673 3375 2872 3446 τρόπον
2897 3375 2997 3444 τῆς
3009 3376 3381 3444 ἀναστάσεως,
3399 3379 3646 3434 ποταπὸν

2071 3463 2135 3517 τὸ
2165 3463 2325 3535 σῶμα
2345 3463 2407 3517 τὸ
2438 3464 2629 3535 μέλλον
2652 3466 2995 3532 ἀνίστασθαι,
3059 3461 3172 3520 οἷον
3201 3471 3251 3522 εἰ
3301 3468 3561 3536 τοιοῦτον,
3612 3472 3651 3543 ἢ

2078 3555 2287 3627 βέλτιον
2341 3556 2435 3627 καὶ
2458 3556 2856 3629 λαμπρότερον
2908 3559 3006 3612 καὶ
3061 3560 3348 3633 ἀμφότερα
3396 3562 3508 3615 ἀπὸ
3550 3563 3650 3616 τοῦ

2076 3644 2242 3701 αὐτοῦ
2300 3646 2697 3718 ύποδείγματος
2738 3647 3026 3719 λαμϐάνει,
3081 3649 3296 3714 δεικνὺς
3336 3651 3422 3704 ὅτι
3467 3653 3652 3727 πολλῷ

2078 3736 2310 3807 βέλτιον.

2148 3825 2215 3896 β’.
2232 3825 2371 3880 Ἀλλ’
2395 3826 2447 3881 οἰ
2468 3827 2738 3899 αἱρετικοί
2759 3829 2924 3901 μηδὲν
2936 3830 3144 3885 τούτων
3161 3832 3432 3898 συνιέντες
3452 3836 3656 3906 ἐπιπηο

2076 3918 2227 3986 δῶσι,
2258 3919 2353 3973 καὶ
2378 3918 2651 3988 λέγουσιν,
2699 3920 2783 3973 δτι
2811 3920 3043 3991 Ἕτερον
3088 3922 3246 3992 σῶμα
3285 3922 3512 3992 πίπτει,
3555 3928 3652 3978 καὶ

2077 4010 2264 4082 ἕτερον
2289 4010 2449 4083 σῶμα
2476 4011 2781 4065 ἀνίσταται.
2826 4012 2951 4076 Πῶς
3005 4007 3100 4066 οὖν
3156 4014 3491 4081 ἀνάστασις;
3555 4016 3651 4069 τοῦ

2077 4102 2188 4173 7&9
2218 4100 2367 4174 [588]
2425 4102 2683 4166 πεσόντος
2741 4103 2947 4175 ἐστὶ.νὴ
2979 4104 3295 4168 ἀνάστασις.
3347 4107 3459 4161 Ποῦ
3488 4106 3545 4159 δὲ
3588 4109 3649 4160 τὸ

2080 4192 2389 4265 θαυμαστὸν
2408 4196 2504 4248 καί
2535 4194 2840 4268 παράδοξον
2874 4196 3016 4250 κατά
3039 4196 3134 4251 τοῦ
3159 4196 3391 4253 θανάτου
3418 4199 3649 4271 νικητή⁶

2083 4287 2278 4357 ριον,εἰ
2313 4285 2440 4340 ἀλλο
2464 4286 2675 4351 πίπτει,
2705 4289 2801 4341 καὶ
2828 4287 2959 4342 ἀλλο
2989 4288 3303 4355 ἀνίσταταις
3339 4289 3521 4343 ούκέτι
3545 4289 3656 4361 7&9

2083 4376 2381 4448 φανήσεται
2405 4379 2612 4439 ἐκεῖνος
2638 4378 2872 4441 ἀποδοὺς
2897 4379 3035 4450 ὅπερ
3060 4378 3253 4433 ἔλαϐεν
3280 4378 3651 4450 αἰχμάλωτον.

2081 4467 2208 4532 Πῶς
2235 4468 2292 4522 δέ
2322 4469 2386 4521 τὸ
2407 4468 2710 4541 ὑπόδειγμα
2728 4469 3019 4540 ἀρμόσειεν
3051 4470 3119 4524 ἀν
3140 4472 3250 4534 τοῖς
3303 4470 3614 4541 εἰρημένοις
3639 4489 3654 4536 ;

2078 4560 2142 4615 ού
2169 4560 2280 4632 7&9
2306 4560 2442 4631 άλλη
2479 4561 2579 4632 μὲν
2599 4562 2757 4616 οὐσία
2789 4563 3091 4632 σπείρεται,
3114 4562 3248 4633 άλλη
3274 4561 3331 4615 δὲ
3351 4562 3656 4631 ἐγείρεται,

2079 4643 2195 4698 ἀλλ’
2235 4645 2269 4714 ἡ
2297 4643 2437 4715 αὐτὴ
2467 4642 2711 4713 βελτίων.
2774 4644 2967 4699 Ἔσται
3012 4645 3071 4698 δὲ
3099 4645 3220 4698 οὐδὲ
3260 4645 3288 4697 6
3312 4643 3546 4716 Χριστὸς
3598 4646 3661 4698 τὸ
3710 4688 3715 4697 .

2081 4725 2213 4780 αὐτὸ
2236 4724 2398 4797 σῶμα
2422 4725 2753 4799 ἀνειληφὼς,
2789 4727 3011 4800 ἀπαρχὴ
3031 4727 3139 4782 τῶν
3161 4728 3537 4798 ἀνισταμένων
3568 4744 3663 4795 γε-

2081 4818 2327 4885 νόμενος·
2356 4818 2493 4873 ἀλλά
2511 4818 2634 4873 καθ’
2667 4818 2810 4891 ὑμᾶς
2832 4822 3009 4872 ἐκεῖνο
3040 4819 3138 4888 μὲν
3160 4818 3373 4890 ἔρριψε,
3399 4820 3574 4874 καίτοι
3595 4836 3661 4888 γε

2081 4909 2237 4964 οὐδὲν
2272 4911 2621 4982 ἡμαρτηκὸς,
2663 4912 2849 4981 ἕτερον
2883 4911 2941 4963 δὲ
2987 4910 3200 4965 ἐλαϐεν.
3254 4911 3427 4965 Πόθεν
3463 4913 3571 4982 ἀρα
3599 4914 3661 4967 τὸ

2084 5002 2269 5072 ἕτερον
2294 5020 2309 5068 ;
2339 5001 2498 5055 τοῦτο
2528 5002 2628 5072 μὲν
2659 5001 2769 5072 7&9
2793 5003 2858 5055 ὲκ
2882 5002 3363 5073 παρθένου,ἐκεῖνο
3376 5003 3437 5057 δέ
3467 5003 3660 5069 πόθενς

2096 5090 2261 5162 Ὁρᾷς
2290 5092 2370 5155 εἰς
2394 5091 2527 5162 ὅσην
2559 5091 2793 5145 ἀτοπίαν
2817 5095 2848 5147 6
2876 5092 3033 5161 λόγος
3061 5093 3378 5165 ἐξεκυλίσθη
3406 5110 3422 5160 ;
3475 5096 3574 5149 Διά
3606 5095 3661 5148 τί

2087 5182 2198 5253 γὰρ
2227 5181 2320 5235 καὶ
2347 5181 2477 5245 τοὺς
2504 5180 2708 5246 τύπους
2748 5182 2990 5237 δείκνυσι
3018 5184 3129 5237 τῶν
3157 5185 3339 5257 ἦλωνς
3367 5185 3489 5255 οὐχὶ
3504 5184 3662 5237 τοῦτο
3688 5175 3721 5243 ἱ.

2087 5274 2365 5339 ἀποδεῖξαι
2391 5272 2559 5329 θέλων
2580 5315 2595 5340 ,
2623 5275 2706 5329 ὅτι
2731 5276 2863 5330 αὐτὸ
2892 5276 3066 5330 ἐκεῖνό
3092 5279 3208 5331 ἐστι
3260 5279 3323 5331 τὸ
3368 5274 3664 5331 ἀνασκολο-

2092 5366 2301 5434 πισθέν,
2336 5366 2427 5419 καί⁵
2456 5366 2589 5420 αὐτὸ
2640 5367 2802 5421 πάλιν
2856 5368 3090 5439 ἀνέστη;
3148 5369 3212 5421 Τί
3243 5369 3298 5420 δὲ
3328 5368 3420 5420 καὶ
3445 5368 3662 5430 ότύπος

2094 5459 2342 5532 βούλεται
2373 5457 2520 5528 αύτῴ
2547 5461 2576 5511 6
2597 5458 2692 5512 τοῦ
2736 5460 2890 5512 Ἰωνᾶ
2910 5476 2924 5523 ;
2948 5461 3007 5512 οὐ
3039 5461 3150 5530 7&9
3174 5460 3346 5529 δήπου
3377 5458 3534 5521 ἄλλος
3561 5458 3664 5530 μέν

2094 5548 2391 5619 κατεπόθη,
2421 5547 2578 5612 ἄλλος
2614 5548 2671 5602 δὲ
2701 5549 2781 5612 εἰς
2812 5550 2913 5620 τὴν
2944 5551 3049 5620 γῆν
3073 5548 3332 5620 ἐξηνέχθη
3370 5551 3572 5614 Ἰωνᾶς.
3596 5551 3663 5605 Τί

2095 5644 2152 5698 δέ
2173 5642 2266 5697 καὶ
2296 5641 2469 5708 ἔλεγε,
2504 5640 2742 5695 Λύσατε
2771 5641 2878 5695 τὸν
2892 5641 3044 5695 ναὸν
3066 5640 3303 5704 τοῦτον,
3335 5641 3431 5695 καί
3455 5641 3525 5695 ἐν
3547 5660 3667 5711 τρι-

2098 5737 2205 5791 σὶν
2225 5734 2471 5805 ἡμέραις
2497 5732 2915 5808 ἐγερῶ.αὑτόν;
2933 5732 3024 5786 τὸν
3051 5733 3157 5805 γὰρ
3184 5732 3445 5806 λυὸμενον
3473 5734 3665 5801 δηλον-

2100 5828 2182 5881 ότι
2214 5827 2400 5882 τοῦτον
2434 5829 2530 5883 xal
2563 5826 2777 5896 ἀνίστη.
2825 5825 2916 5879 Διὸ
2946 5826 3041 5880 καὶ
3078 5826 3414 5899 προσέθηκεν
3435 5824 3463 5877 6
3497 5824 3665 5895 εὐαγ-
