4138 6220
532 323 642 382 35-7

533 440 808 512 γελιστὴς,
848 438 930 494 ὅτι
971 436 1228 502 Ἐκεῖνος
1248 435 1319 489 δὲ
1344 436 1518 507 ἔλεγε
1539 435 1674 507 περὶ
1692 437 1801 492 τοῦ
1825 437 1977 491 ναοῦ
1996 434 2103 490 τοῦ

526 533 808 602 σώματος
866 530 1076 585 αὐτοῦ.
1135 528 1201 581 Τί
1245 523 1339 581 οῦν
1378 545 1564 599 φησιν,
1620 532 1704 584 Οὐ
1738 529 1807 584 τὸ
1840 528 2010 598 σῶμα
2038 528 2104 582 τὸ

531 623 943 694 γενησόμενον
963 620 1261 688 σπείρεις;
1290 620 1604 686 Τουτέστιν,
1630 620 1693 673 ού
1721 620 1812 674 τὸν
1839 619 2101 690 ἄσταχυν·

529 716 627 769 καὶ
654 714 764 782 γάρ
796 712 961 773 αὑτός
980 712 1120 775 ἐστι,
1148 711 1243 764 καὶ
1273 712 1373 765 οὑκ
1425 711 1607 775 αὐτός·
1631 710 1796 774 αὐτὸς
1846 710 1966 780 μὲν,
2022 711 2104 773 ὅτι

527 805 667 874 αὐτὴ
694 805 728 873 ἡ
755 802 934 855 ούσία·
969 801 1070 855 οὐκ
1098 802 1257 865 αὐτὸς
1286 802 1366 865 δὲ,
1400 802 1482 855 ὅτι
1509 801 1732 871 βελτίων
1768 793 1947 864 οὗτος.
2006 801 2105 871 τῆς

530 899 630 968 μὲν
658 895 829 962 αὐτῆς
866 895 1053 958 ούσίας
1089 894 1380 963 μενούσης,
1407 894 1653 965 μείζονος
1681 893 1739 947 δὲ
1774 893 1873 962 τῆς
1910 891 2104 963 εὐπρε-

528 987 689 1050 πείας
720 986 1035 1055 γινομένης,
1061 985 1155 1038 καὶ
1185 985 1372 1039 καινοῦ
1396 985 1489 1040 τοῦ
1515 984 1682 1039 αὐτοῦ
1710 984 2093 1055 ἀνισταμένου·

526 1078 716 1147 ἐπειδὴ
738 1078 789 1130 εί
817 1077 891 1147 μὴ
918 1077 1074 1130 τοῦτο
1092 1073 1182 1147 ἦν,
1217 1077 1338 1132 οὐδὲ
1366 1076 1720 1141 ἀναστάσεως
1766 1075 1894 1140 ἔδει,
1928 1077 1978 1130 εἰ
2025 1077 2099 1147 μὴ

528 1169 738 1240 βέλτιον
773 1169 1095 1222 ἀνίστασθαι
1122 1168 1336 1238 ἔμελλε.
1378 1169 1443 1221 Τί
1467 1168 1574 1239 γὰρ
1601 1169 1695 1222 καὶ
1721 1169 1949 1240 καθῄρει
2001 1167 2100 1238 τὴν

522 1260 722 1322 οίκίαν,
750 1261 798 1311 εἰ
841 1259 914 1331 μὴ
938 1259 1324 1330 λαμπροτέραν
1352 1257 1546 1330 ἔμελλε
1571 1258 1905 1327 οἱκοδομείν;
1932 1257 2101 1310 Τοῦτο

524 1350 704 1404 τοίνυν
733 1350 869 1421 πρὸς
894 1352 1022 1413 τοὺς
1050 1350 1368 1421 νομίζοντας
1392 1350 1492 1420 τὴν
1514 1349 1682 1419 αὐτὴν
1723 1346 1860 1403 εἶναι
1895 1349 2100 1419 φθορὰν

523 1438 698 1496 εἶπεν.
725 1440 880 1505 Εἶτα,
906 1442 993 1496 ἵνα
1021 1444 1095 1515 μὴ
1123 1442 1251 1496 ἀλλο
1281 1461 1366 1506 τις
1400 1443 1563 1498 πάλιν
1588 1442 1908 1514 ὑποπτεύσῃ
1937 1441 2099 1511 σῶμα

521 1533 770 1587 ἐντεῦθεν
787 1533 1058 1606 εἰρῆσθαι.
1083 1532 1489 1604 παραμυθεῖται
1514 1533 1574 1587 τδ
1602 1535 1851 1605 αἴνιγμα,
1876 1533 1971 1588 καὶ
1999 1533 2099 1587 αύ-

520 1624 613 1688 τὸς
629 1623 920 1694 ὲρμηνεύει
942 1624 1004 1677 τὸ
1025 1625 1335 1695 εἰρημένον,
1355 1625 1429 1695 μὴ
1448 1626 1745 1696 συγχωρῶν
1766 1625 1844 1696 τῷ
1858 1626 2095 1694 ἀκροατῇ

520 1713 758 1786 ἀλλαχοῦ
789 1714 1072 1786 περιάγειν
1109 1715 1209 1786 τὴν
1239 1714 1452 1768 ἔννοιαν
1472 1716 1579 1785 ,τὴν
1602 1716 1871 1768 ἐντεῦθεν.
1898 1715 1963 1781 Τί
1991 1714 2100 1767 τοί·-

521 1819 618 1857 νυν
634 1802 718 1855 δεῖ
739 1802 849 1855 τῶν
874 1803 1157 1872 ἡμετέρων
1188 1804 1399 1872 λόγων;
1478 1804 1742 1858 Ἄκουσον
1784 1803 1949 1857 αὑτοῦ
2009 1804 2099 1858 λέ-

521 1909 711 1962 γοντος
736 1894 830 1947 καὶ
854 1893 1251 1964 ἐρμηνεύοντος
1295 1893 1350 1947 τί
1398 1894 1562 1948 ἔστιν·
1595 1896 1679 1948 Οὐ
1708 1895 1777 1949 τὸ
1809 1894 1981 1964 σῶμα
2030 1895 2098 1951 τὸ

521 1985 933 2054 γενησόμενον
992 1984 1284 2051 σπείρεις.
1344 1984 1562 2048 Εὐθέως
1618 1986 1729 2058 γὰρ
1796 1987 2097 2058 ἐπήγαγεν,

535 2075 715 2129 Ἀλλὰ
729 2074 960 2144 γυμνὸν
988 2076 1216 2129 κόκκον
1231 2078 1285 2130 εί
1317 2076 1488 2145 τύχοι
1507 2075 1703 2143 σίτου,
1737 2076 1776 2145 ἦ
1799 2094 1961 2143 τινος
1981 2076 2099 2131 τῶν

521 2167 809 2221 τοιούτων
834 2166 1208 2236 σπερμάτων.
1245 2166 1558 2233 Τουτέστιν,
1593 2168 1669 2219 Ού
1726 2167 1788 2220 τὸ
1832 2166 1993 2238 σῶμα
2035 2166 2099 2219 τὸ

522 2255 907 2327 γενησόμενον·
937 2252 1048 2310 οἷον
1068 2257 1165 2327 οὐχ
1193 2257 1337 2311 οὕτω
1354 2255 1835 2329 περιϐεϐλημένον,
1857 2257 1977 2311 οὐδὲ
1998 2274 2098 2315 κα-

522 2348 704 2418 λάμην
746 2346 938 2417 ἔχοντα
975 2348 1069 2402 καὶ
1098 2347 1412 2419 ἀνθέρικας,
1457 2347 1632 2402 Ἀλλά
1678 2348 1911 2417 γυμνὸν
1959 2348 2098 2402 κόκ-

521 2456 655 2505 κον,
682 2440 736 2493 εί
764 2440 937 2509 τύχοι
968 2440 1164 2504 σίτου,
1197 2439 1235 2509 ἦ
1284 2456 1450 2506 τινος
1503 2438 1623 2493 τῶν
1650 2441 1956 2496 τοιούτων.
1987 2440 2097 2495 Καὶ

522 2533 557 2585 ὁ
587 2531 734 2597 Θεὸς
762 2531 926 2597 αὐτῷ
954 2531 1164 2586 δίδωσι
1194 2530 1387 2601 σῶμα,
1406 2530 1603 2598 καθὼς
1630 2532 1919 2600 ἠθέλησε.
1965 2533 2094 2595 Ναὶ,

521 2625 707 2694 φησὶν,
739 2623 853 2678 ἀλλ’
887 2625 1005 2679 ἐκεῖ
1030 2627 1130 2696 τῆς
1160 2624 1376 2693 φύσεως
1421 2624 1484 2676 τὸ
1536 2623 1695 2695 ἔργον
1730 2624 1865 2680 ὲστί.
1928 2624 2096 2688 Ποίας

521 2715 738 2785 φύσεως
756 2756 771 2780 ,
805 2716 928 2770 είπέ
953 2733 1076 2786 μοις
1130 2719 1225 2771 καὶ
1247 2717 1358 2787 γὰρ
1391 2720 1485 2772 καὶ
1510 2721 1625 2772 ἐκεῖ
1660 2717 1722 2771 τὺ
1773 2718 1883 2771 πᾶν
1907 2718 1937 2770 ὁ
1964 2716 2097 2780 Θεὸς

522 2805 836 2876 ἐργάζεται,
871 2805 968 2875 ούχ
1015 2807 1048 2875 ἡ
1079 2806 1240 2875 φύσις
1268 2808 1445 2880 οὐδὲὴ
1475 2809 1544 2880 γῆ
1571 2809 1693 2862 οὐδὲ
1714 2811 1744 2862 ὁ
1775 2808 1948 2872 ύετός.
1981 2807 2100 2860 Διό-

522 2914 630 2967 περ
666 2897 761 2950 καὶ
786 2896 949 2959 αὐτὸς
972 2897 1143 2951 ταῦτα
1170 2898 1366 2967 δηλιῖιν,
1400 2900 1495 2953 καὶ
1528 2899 1636 2969 γῆν
1674 2900 1769 2954 καὶ
1792 2899 1947 2953 ὑετὸν
2000 2899 2099 2962 καὶ

522 2989 661 3060 ἀέρα
684 2990 776 3043 καὶ
805 2989 954 3060 ἥλιον
984 2991 1077 3044 καὶ
1110 2994 1298 3062 χεῖρας
1347 2992 1658 3061 γεωργικὰς
1677 2993 1857 3062 ἀφεὶς,
1888 2993 2099 3063 ἐπήγα-

522 3097 638 3149 γεν,
653 3080 736 3133 ὅτι
757 3080 819 3133 '0
833 3080 978 3146 Θεὸς
993 3079 1154 3146 αὐτῷ
1168 3081 1373 3136 δίδωσι
1392 3082 1584 3153 σῶμα,
1602 3083 1794 3150 καθὼς
1809 3082 2094 3152 ἠθέλησε.

521 3168 616 3241 Μὴ
665 3169 842 3223 τοίνυν
897 3167 1267 3240 περιεργάζου
1298 3170 1433 3241 μηδὲ
1482 3171 1952 3243 πολυπραγμόνει,
1979 3168 2097 3235 πῶς

524 3261 621 3314 καὶ
640 3259 748 3313 τίνι
767 3258 973 3331 τρόπῳ,
998 3260 1127 3312 ὅταν
1147 3258 1281 3312 Θεοῦ
1310 3260 1543 3332 δύναμιν
1571 3263 1667 3317 καὶ
1699 3262 1911 3334 θέλημα
1928 3262 2096 3316 ἀκού-

526 3369 645 3427 σῃς.
678 3353 786 3409 Καὶ
815 3352 1051 3420 ἑκάστῳ
1068 3352 1189 3409 τῶν
1208 3354 1566 3425 σπερμάτων
1605 3355 1674 3409 τὸ
1698 3355 1856 3409 ιδιον
1902 3355 2093 3425 σῶμα.

523 3445 638 3501 Ποῦ
675 3445 853 3498 τοίνυν
874 3443 936 3497 τὸ
960 3444 1274 3515 ἀλλότριον;
1311 3446 1373 3499 τὸ
1397 3446 1506 3517 γὰρ
1530 3445 1659 3501 ἴδιον
1687 3446 2097 3501 δίδωσιν.”Ωστε

523 3536 651 3589 ὅταν
675 3534 932 3606 λέγῃ.οὑ
965 3534 1033 3589 τὸ
1066 3538 1475 3605 γενησόμενον
1516 3537 1806 3606 σπείρεις,
1846 3537 1909 3591 ού
1937 3536 2096 3591 τοῦτο

524 3624 696 3692 λέγει,
731 3624 813 3676 ὅτι
837 3623 971 3694 άλλη
993 3626 1114 3681 am
1136 3626 1301 3697 ἄλλης
1318 3628 1505 3690 οὐσίας
1531 3628 1838 3691 ἀνίσταται,
1875 3628 1990 3681 ἀλλ’
2011 3629 2096 3682 ὅτι

527 3714 675 3786 [589]
694 3714 937 3784 βελτίων,
961 3716 1042 3768 ὅτι
1066 3716 1444 3789 λαμπροτέρα.
1481 3716 1752 3786 Ἐκάστῳ
1781 3719 1912 3788 γὰρ,
1937 3717 2094 3789 φησὶ,

522 3805 643 3861 τῶν
666 3806 1021 3875 σπερμάτων
1036 3807 1104 3862 τὸ
1130 3808 1284 3862 ἴδιον
1299 3807 1490 3878 σῶμα.
1506 3808 1784 3864 Ἐντεῦθεν
1799 3810 1985 3864 λοιπὸν
2000 3811 2094 3864 καὶ

520 3899 621 3970 τὴν
647 3899 908 3973 διαφοράν
935 3900 1143 3970 εἰσάγει
1168 3901 1269 3971 τῆς
1291 3901 1413 3955 τότε
1433 3901 1699 3974 ἐσομένης
1721 3902 2089 3967 ἀναστάσεως.

520 3989 614 4061 Μὴ
646 3988 774 4060 γὰρ,
806 3990 992 4062 ἐπειδὴ
1024 3993 1171 4054 σῖτος
1195 3992 1479 4062 σπείρεται
1510 3993 1608 4047 καὶ
1638 3993 1840 4057 πάντες
1857 3994 2093 4064 στάχυες

520 4080 861 4153 ἀνέρχονται,
893 4081 982 4135 διὰ
1011 4081 1169 4136 τοῦτο
1221 4084 1450 4157 νομίσῃς
1479 4084 1574 4139 καὶ
1599 4085 1659 4138 ὲν
1680 4088 1748 4157 τῇ
1796 4086 2090 4140 ἀναστάσει

524 4173 792 4242 ίσοτιμίαν
814 4169 973 4228 εἷναι.
999 4175 1246 4253 Μάλιστα
1273 4176 1372 4246 μὲν
1400 4176 1509 4247 γάρ
1535 4176 1658 4230 οὐδὲ
1687 4179 1745 4230 ὲν
1774 4180 1891 4240 τοῖς
1923 4178 2091 4249 σπέρ-

523 4281 658 4334 μασι
676 4266 776 4335 μία
797 4266 973 4332 τάξις,
1002 4266 1139 4322 ἀλλά
1164 4267 1232 4320 τά
1262 4268 1360 4338 μὲν
1389 4268 1712 4341 τιμιώτερα,
1738 4272 1808 4325 τά
1836 4271 1894 4325 δὲ
1924 4289 2092 4327 κατα⁴

516 4352 793 4425 δεέστερα.
819 4355 911 4408 Διὸ
931 4357 1025 4409 καὶ
1058 4357 1359 4428 ἐπήγαγεν,
1399 4358 1667 4426 Ἑκάστῳ
1689 4359 1757 4413 τὸ
1797 4360 1953 4416 ἴδιον
1973 4361 2092 4417 σῶ-

512 4460 619 4514 μα.
643 4446 789 4516 Πλὴν
815 4447 930 4499 ἀλλ’
955 4448 1054 4501 οὐκ
1084 4450 1336 4519 ἀρκεῖται
1364 4450 1560 4523 τούτῳ,
1609 4452 1725 4505 ἀλλ’
1754 4452 1949 4525 ἑτέραν
1986 4452 2089 4526 ζη-

516 4535 876 4608 τεῖδιαφοράν
915 4538 1137 4605 μείζονα
1189 4541 1283 4594 καὶ
1326 4543 1686 4615 σαφεστέραν.
1714 4544 1831 4598 Ἵνα
1877 4546 1988 4616 γάρ
2013 4545 2088 4618 μὴ

516 4624 775 4692 ἀκούσας,
809 4627 944 4698 ὅπερ
981 4626 1139 4699 ἔφην,
1171 4630 1255 4681 ὅτι
1279 4630 1478 4694 πάντες
1512 4634 1848 4698 ἀνίστανται,
1877 4637 2087 4701 πάντας

515 4716 626 4769 τῶν
645 4717 824 4771 αὐτῶν
869 4717 1163 4772 ἀπολαύειν
1200 4720 1446 4791 νομίσῃς,
1493 4725 1929 4792 προκατεσάλετο
1985 4727 2086 4798 μὲν

518 4806 614 4861 καὶ
649 4808 708 4861 ὲν
736 4810 847 4873 τοῖς
866 4809 1177 4882 ἔμπροσθεν
1201 4811 1302 4879 τῆς
1333 4812 1540 4877 ἑννοίας
1566 4814 1769 4885 ταύτης
1802 4817 1871 4869 τὰ
1921 4818 2088 4888 σπέρ-

522 4912 688 4965 ματα,
724 4898 913 4952 εἰπών·
937 4900 1236 4968 Ἕκαστος
1260 4901 1330 4957 δὲ
1345 4902 1416 4957 ἐν
1432 4900 1511 4968 τῷ
1535 4902 1663 4969 ίδίῳ
1684 4904 1952 4974 τάγματι.
1971 4906 2087 4978 Ἐρ-

518 4984 744 5052 γάζεται
763 4987 822 5039 δὲ
843 4991 973 5044 αὐτὸ
999 4995 1328 5066 σαφέστερον
1358 4997 1450 5051 καὶ
1463 4996 1697 5052 ἐνταῦθα
1715 4997 1874 5052 πάλιν
1889 4998 2085 5069 λέγων·

512 5077 598 5129 Οὐ
629 5073 800 5129 πᾶσα
825 5080 984 5147 σὰρξ
1015 5083 1053 5148 ἢ
1082 5085 1236 5149 αὑτὴ
1262 5087 1441 5154 σάρξ.
1469 5088 1534 5141 Τί
1555 5089 1699 5159 λέγω
1728 5089 1859 5162 γάρ,
1897 5093 2082 5165 φησὶν,

517 5166 610 5220 ὲπὶ
630 5165 739 5221 τῶν
769 5170 1131 5240 σπερμάτων;
1165 5174 1384 5229 ἐπὶτῶν
1423 5182 1689 5250 σωμάτων
1719 5185 2086 5255 γυμνάσωμεν

517 5258 651 5313 αὐτὸ
680 5258 859 5322 τοῦτο,
878 5261 1008 5332 περὶ
1035 5255 1111 5316 ὧν
1138 5263 1167 5315 ὁ
1194 5263 1348 5331 λόγος
1369 5267 1499 5337 ἡμῖν
1520 5270 1635 5324 νῦν.
1666 5274 1755 5326 Διὸ
1772 5274 1865 5328 καὶ
1893 5277 2086 5344 ἐπάγει

515 5349 716 5419 λέγων·
748 5350 940 5418 ’Ἄλλη
962 5352 1080 5420 μὲν
1101 5350 1260 5422 σὰρξ
1292 5354 1634 5425 ἀνθρώπων,
1658 5359 1816 5430 ἄλλη
1849 5364 1918 5417 δὲ
1947 5382 2086 5431 κτη-

515 5437 660 5500 νῶν,
707 5438 806 5492 καί
840 5438 998 5508 άλλη
1032 5440 1307 5508 πτηνῶν,
1366 5442 1465 5496 καί
1515 5443 1675 5513 ἄλλη
1705 5448 1945 5516 ίχθύων.
1972 5450 2082 5501 Καὶ

514 5524 760 5594 σώματα
808 5526 1151 5598 ἐπουράνια,
1202 5530 1300 5585 καὶ
1350 5531 1593 5602 σώματα
1636 5534 1883 5603 ἐπίγεια·
1943 5539 2082 5591 ἀλλ’

514 5610 685 5678 ἑτέρα
706 5614 821 5681 μὲν
837 5617 874 5684 ἠ
899 5617 1018 5669 τῶν
1034 5618 1409 5687 ἐπουρανίων
1437 5622 1606 5687 δόξα,
1632 5623 1801 5692 ἑτέρα
1823 5624 1890 5676 δὲ
1909 5625 1946 5690 ἡ
1968 5626 2085 5680 τῶν

514 5698 808 5772 ἐπιγείων·
837 5704 996 5773 ἄλλη
1021 5707 1169 5772 δόξα
1188 5712 1498 5790 ήλίου,καί
1535 5713 1693 5782 ἄλλη
1720 5714 1870 5779 δόξα
1895 5719 2079 5785 σελή-

1195 318 1256 373 8.
1291 316 1582 377 JOANNIS
1615 312 2103 375 CHRYSOSTOIII
2143 312 2463 373 ARCHIEP.
2502 318 3057 381 CONSTANTINOP.

3670 331 3776 388 358

2207 451 2344 503 νης,
2376 438 2477 492 καὶ
2531 440 2691 507 ἄλλη
2725 442 2879 509 δόξα
2908 444 3198 515 ἀστέρων·
3236 445 3435 516 ἀστὴρ
3596 450 3776 508 ἀστέ-

2197 541 2310 591 ρος
2325 525 2592 598 διαφέρει
2612 530 2682 585 ἐν
2705 531 2874 603 δόξῃ.

2276 622 2345 684 γ’.
2362 617 2472 672 Καὶ
2486 618 2540 672 τί
2552 618 2800 689 βούλεται
2822 622 2972 692 αύτῷ
2987 624 3142 678 ταυτὶ
3156 626 3224 679 τὰ
3242 626 3463 699 ῥήματα
3478 630 3649 696 ςτίνος
3659 632 3778 687 ἔνευε

2205 721 2301 760 κεν
2315 707 2380 760 ὲκ
2402 708 2503 778 τῆς
2526 711 2874 777 ἀναστάσεως
2894 715 2998 783 τῆς
3024 715 3130 773 τῶν
3161 718 3429 789 σωμάτων
3445 721 3525 785 είς
3536 722 3626 776 τὸν
3648 725 3777 796 περὶ

2203 796 2447 870 ἀστέρων
2500 801 2595 853 καὶ
2626 803 2779 873 ἡλίου
2823 804 2978 872 λόγον
3027 804 3316 874 έξέπεσεν;
3345 811 3461 864 Οὐκ
3493 812 3772 881 ἐξέπεσεν,

2201 886 2326 941 οὐδὲ
2353 891 2641 963 ἀπερράγη
2663 892 2764 964 τῆς
2789 896 3115 962 ὑποθέσεως,
3132 900 3332 969 άπαγε,
3359 902 3474 956 ἀλλ’
3497 903 3578 958 ἔτι
3606 905 3776 978 αὐτῆς

2200 979 2404 1050 ἔχεται.
2453 984 2670 1055 Ἐπειδὴ
2693 987 2802 1059 γὰρ
2829 988 2920 1042 τὸν
2950 992 3078 1061 περὶ
3096 991 3198 1061 τῆς
3234 995 3585 1061 ἀναστάσεως
3636 1015 3775 1052 κατ-

2201 1074 2467 1128 εσκεύασε
2489 1076 2664 1146 λόγον,
2694 1079 2933 1133 δείκνυσι
2965 1081 3149 1136 λοιπὸν
3170 1085 3251 1138 ὄτι
3279 1085 3447 1158 πολλὴ
3470 1088 3571 1159 τῆς
3614 1089 3772 1160 δόξης

2198 1166 2321 1219 τότε
2344 1166 2645 1238 ήδιαφορὰ,
2665 1173 2712 1222 εί
2727 1171 2865 1242 καὶὴ
2894 1174 3187 1239 ἀνάστασις
3212 1176 3331 1245 μία·
3365 1179 3461 1231 καὶ
3476 1179 3677 1251 διαιρσῖ
3692 1185 3772 1247 είς

2199 1255 2297 1311 δύο
2322 1259 2383 1311 τὸ
2405 1259 2514 1313 πᾶν
2538 1260 2700 1325 τέως,
2723 1264 2805 1326 είς
2824 1264 2893 1318 τὰ
2939 1266 3241 1338 ἐπουράνια
3299 1269 3395 1322 καὶ
3432 1270 3499 1325 τά
3529 1273 3767 1341 ἐπίγεια.

2198 1348 2324 1402 Ὅτι
2351 1349 2450 1420 μὲν
2488 1350 2597 1424 γὰρ
2620 1353 2688 1407 τά
2722 1353 2953 1425 σώματα
2990 1358 3295 1424 ἀνίσταται,
3339 1360 3504 1426 ἔδειξε
3551 1362 3638 1417 διὰ
3672 1364 3769 1418 τοῦ

2203 1440 2371 1494 σίτου·
2397 1442 2480 1496 ὃτι
2511 1443 2568 1499 δὲ
2591 1445 2692 1497 οὐκ
2725 1447 2784 1499 ὲν
2815 1450 2881 1519 τῇ
2913 1449 3050 1520 αὐτῇ
3091 1449 3215 1520 δόξῃ
3242 1451 3421 1505 πάντα
3441 1491 3456 1517 ,
3498 1453 3770 1509 δείκνυσιν

2201 1531 2471 1586 ἐντεῦθεν.
2519 1535 2728 1607 Ὠσπερ
2781 1536 2890 1609 γάρ
2939 1539 3002 1592 τὸ
3056 1541 3305 1595 ἀπιστεῖν
3341 1545 3407 1615 τῇ
3474 1545 3770 1600 ἀναστάσει

2200 1622 2426 1688 ὑπτίους
2449 1627 2611 1691 ποιεῖ,
2631 1627 2773 1681 οὕτω
2794 1629 2957 1683 πάλιν
2977 1630 3258 1703 ῥᾳθύμους
3275 1634 3337 1689 τὸ
3362 1636 3603 1706 νομίζειν
3636 1640 3769 1694 πάνθ

2199 1730 2300 1778 τας
2324 1715 2433 1768 τῶν
2462 1717 2641 1771 αὐτῶν
2657 1718 2956 1784 ἀξιοῦσθαι.
2992 1724 3190 1795 Διόπερ
3220 1726 3506 1800 ἀμφότερα
3523 1729 3769 1802 διορθοῦ-

2199 1822 2309 1858 ται·
2340 1806 2435 1859 καὶ
2452 1807 2520 1860 τά
2549 1809 2649 1878 μὲν
2670 1812 2727 1864 ὲν
2741 1815 2854 1876 τοῖς
2886 1812 3195 1887 ἔμπροσθεν
3231 1820 3523 1891 ἀπήρτισε,
3574 1824 3766 1878 τούτου

2198 1897 2255 1950 δὲ
2270 1899 2495 1969 ἄρχεται
2523 1902 2637 1954 νῦν·
2667 1904 2760 1957 καὶ
2789 1907 3026 1977 ποιήσας
3042 1908 3136 1961 δύο
3163 1910 3418 1981 τάγματα
3456 1912 3680 1969 δικαίων
3703 1933 3767 1969 τε

2199 1990 2295 2043 καὶ
2322 1991 2681 2062 ἁμαρτωλῶν,
2718 1996 2858 2051 αύτά
2883 1997 2954 2051 τά
2974 1999 3070 2053 δύο
3101 2000 3274 2054 ταῦτα
3303 2003 3383 2067 είς
3415 2004 3583 2058 πολλά
3604 2006 3767 2061 πάλιν

2198 2083 2527 2152 κατατέμνει
2547 2086 2709 2158 μέρη,
2740 2088 2953 2154 δεικνὺς
2988 2092 3212 2147 δτιούτε
3229 2094 3426 2149 δίκαιοι
3460 2098 3554 2151 καὶ
3585 2099 3766 2167 ἀμαρ-

2195 2173 2356 2228 τωλοὶ
2381 2174 2491 2229 τῶν
2512 2178 2691 2232 αὐτῶν
2711 2179 3014 2247 τεύξονται,
3047 2182 3176 2238 οὔτε
3228 2185 3425 2241 δίκαιοι
3460 2189 3660 2254 πάντες
3684 2191 3764 2243 δι-

2197 2265 2374 2330 καίοις
2399 2268 2619 2337 ὁμοίως,
2662 2268 2786 2324 οὕτε
2825 2274 3134 2345 ἁμαρτωλοὶ
3194 2278 3558 2350 ἁμαρτωλοῖς.
3613 2281 3767 2337 Ποιεῖ

2195 2355 2377 2410 τοίνυν
2402 2357 2624 2428 πρώτην
2645 2361 2776 2433 μίαν
2815 2364 2987 2436 τομὴν
3005 2366 3231 2422 δικαίων
3278 2369 3375 2424 καὶ
3422 2371 3762 2442 ἁμαρτωλῶν

2197 2445 2390 2515 λέγων·
2414 2447 2662 2518 Σώματα
2706 2451 3050 2522 ἐπουράνια,
3095 2459 3193 2513 καί
3235 2458 3479 2530 σώματα
3508 2462 3758 2532 ἐπίγεια·

2196 2536 2284 2591 διὰ
2314 2538 2413 2609 μὲν
2432 2539 2541 2593 τῶν
2567 2542 2822 2612 ἐπιγείων
2836 2545 3059 2613 τούτους
3075 2552 3457 2623 αἰνιττόμενος,
3472 2552 3560 2608 διὰ
3575 2554 3634 2609 δὲ
3654 2555 3763 2609 τῶν

2198 2628 2537 2701 ἐπουρανίων
2567 2632 2825 2698 ἐκείνους.
2865 2634 2996 2690 Εἶτα
3039 2638 3222 2695 λοιπὸν
3264 2642 3373 2696 τῶν
3423 2645 3760 2716 ἁμαρτωλῶν

2192 2718 2462 2791 διαφορὰν
2495 2723 2629 2794 πρὸς
2658 2726 3012 2797 ἁμαρτωλοὺς
3031 2731 3468 2801 είσάγει,λέγων·
3496 2738 3578 2789 οὐ
3596 2734 3762 2791 πᾶσα

2198 2811 2355 2880 σὰρξ
2369 2814 2407 2882 ἡ
2437 2817 2590 2884 αὐτὴ
2618 2817 2799 2887 σάρξ·
2824 2821 3163 2891 damma
3192 2822 3308 2893 μὲν
3342 2828 3582 2895 ἰχθύων,
3601 2829 3761 2897 άλλη

2196 2900 2267 2955 δὲ
2296 2904 2544 2989 πτηνῶν
2574 2908 2672 2962 καί
2718 2909 2976 2979 κτηνῶν.
3021 2914 3214 2967 Καίτοι
3278 2916 3455 2971 πάντα
3510 2917 3760 2989 σώματα,

2198 2988 2426 3048 amca:
2464 2997 2563 3066 μὲν
2587 3000 2646 3052 ὲν
2678 3000 3000 3068 πλείονι,τά
3025 3004 3084 3058 δὲ
3117 3005 3176 3058 ὲν
3212 3006 3453 3061 ἐλάττονι
3497 2988 3759 3080 εὐτελείᾳ.

2198 3086 2310 3139 Καὶ
2346 3088 2405 3139 ὲν
2427 3086 2538 3160 ζωῇ
2560 3088 2617 3142 δὲ
2664 3091 2881 3162 ὁμοίως,
2923 3095 3018 3148 καὶ
3067 3097 3125 3149 ὲν
3147 3097 3284 3170 αὐτῇ
3316 3102 3384 3172 τῇ
3431 3102 3760 3170 κατασκευῇ.

2199 3179 2309 3232 Καὶ
2327 3178 2497 3233 εἰπὼν
2515 3181 2691 3249 τοῦτο,
2741 3185 3021 3240 ἀναϐαίνει
3067 3189 3227 3244 πάλιν
3279 3192 3361 3254 είς
3407 3191 3501 3247 τὸν
3535 3191 3767 3261 οὐρανὸν

2198 3261 2390 3331 λέγων·
2416 3265 2609 3333 Ἄλλη
2634 3265 2782 3339 [590]
2820 3267 2972 3333 δόξα
3019 3272 3218 3339 ἡλίου,
3271 3275 3372 3328 καί
3415 3274 3576 3344 άλλη
3612 3274 3765 3339 δόξα

2196 3353 2487 3422 σελήνης.
2513 3356 2724 3428 ’Ὥσπερ
2741 3358 2850 3427 γὰρ
2872 3361 2930 3413 ὲν
2959 3364 3073 3425 τοῖς
3105 3363 3372 3431 ἐπιγείοις
3410 3364 3627 3436 σώμασι
3646 3365 3763 3418 δια-

2198 3436 2362 3508 φορὰ,
2390 3437 2533 3492 οῦτω
2557 3441 2650 3493 καὶ
2669 3442 2728 3493 ὲν
2755 3444 2865 3507 τοῖς
2892 3443 3253 3514 ἐπουρανίοις,
3274 3448 3368 3499 καὶ⁸
3388 3446 3640 3519 διαφορά,
3663 3449 3764 3518 οὐχ

2197 3528 2232 3597 ἡ
2264 3528 2522 3600 τυχοῦσα,
2569 3530 2704 3585 ἀλλά
2730 3531 2825 3584 καὶ⁸
2856 3533 3020 3604 μέχρι
3070 3535 3182 3589 τῶν
3218 3537 3475 3607 ἐσχάτων.
3527 3538 3605 3591 Οὐ
3651 3538 3763 3609 γάρ

2198 3620 2336 3692 ἡλίῳ
2359 3622 2495 3693 πρὸς
2522 3621 2775 3694 σελήνην,
2827 3626 2949 3679 οὐδὲ
2987 3626 3182 3699 σελήνῃ
3207 3628 3339 3699 πρὸς
3378 3627 3610 3699 ἀστέρας
3641 3629 3763 3683 δια-

2197 3710 2340 3783 φορά
2363 3711 2544 3782 μόνον,
2574 3711 2710 3766 ἀλλὰ
2729 3713 2822 3766 καὶ
2841 3715 3076 3785 ἀστράσι
3113 3716 3252 3786 πρὸς
3287 3715 3541 3786 ἀστέρας.
3564 3716 3628 3770 Et
3648 3717 3760 3789 γάρ

2195 3803 2289 3856 καὶ
2317 3801 2492 3855 πάντα
2519 3803 2576 3855 ὲν
2600 3803 2833 3873 οὐρανῷ,
2867 3804 3005 3859 ἀλλά
3028 3805 3097 3860 τά
3131 3806 3234 3877 μὲν
3285 3807 3547 3872 πλείονος,
3583 3809 3653 3862 τά
3702 3809 3760 3862 δὲ

2193 3894 2473 3958 ἐλάττονος
2491 3895 2705 3965 μετέχει
2720 3895 2899 3968 δόξης.
2921 3898 2986 3951 Τί
3000 3899 3179 3952 τοίνυν
3206 3900 3456 3954 ἐντεῦθεν
3477 3918 3760 3971 καταμαν-

2195 3987 2425 4057 θάνομεν
2451 4003 2467 4053 ;
2495 3986 2617 4042 Ὀτι
2653 3990 2703 4042 εἰ
2728 3990 2824 4043 καὶ
2849 3990 2908 4045 έν
2936 3990 3182 4062 βασιλείᾳ
3214 3993 3437 4056 πάντες,
3471 3992 3534 4046 ού
3558 3993 3758 4057 πάντες

2192 4079 2302 4132 τῶν
2321 4078 2501 4132 αὐτῶν
2531 4079 2947 4135 ἀπολαύσονται·
2974 4082 3069 4136 καὶ
3094 4084 3144 4135 εί
3165 4084 3365 4146 πάντες
3402 4084 3463 4137 έν
3487 4082 3680 4154 γεέννῃ
3705 4084 3756 4136 οἱ

2193 4171 2528 4243 ἁμαρτωλοὶ,
2557 4172 2620 4226 ού
2646 4172 2847 4236 πάντες
2874 4173 2945 4227 τά
2973 4174 3112 4229 αύτά
3137 4174 3489 4244 ὑπομενοῦσι.
3521 4175 3614 4229 Διὸ
3663 4177 3756 4229 καὶ

2191 4265 2491 4334 ἐπήγαγεν·
2528 4263 2692 4317 Οὕτω
2735 4265 2834 4318 καὶ
2876 4265 2914 4332 ἡ
2957 4265 3294 4333 ἀνάστασις
3328 4266 3450 4321 τῶν
3501 4264 3753 4335 νεκρῶν.

2193 4352 2378 4417 οὕτω,
2408 4352 2554 4419 πῶς;
2613 4354 2702 4406 Ἐν
2721 4354 2956 4425 διαφορᾷ
2994 4353 3185 4426 πολλῇ.
3219 4352 3354 4409 Εἶτα
3379 4356 3536 4423 ἀφεὶς
3565 4354 3756 4408 τοῦτον

2189 4443 2281 4495 τὸν
2306 4442 2462 4511 λόγον
2484 4444 2561 4507 ὡς
2584 4443 2891 4515 ἀρκούντως
2921 4444 3327 4515 ἀποδειχθέντα,
3353 4445 3513 4499 πάλιν
3544 4446 3632 4499 ἐπ’
3654 4445 3755 4499 αύ-

2190 4535 2289 4607 τὴν
2319 4538 2416 4606 τῆς
2463 4537 2811 4598 ἀναστάσεως
2847 4535 2945 4606 τὴν
2975 4536 3251 4601 ἀπόδειξιν
3287 4538 3382 4591 καὶ
3411 4538 3503 4592 τὸν
3554 4536 3758 4608 τρόπον

2190 4628 2427 4703 ἔρχεται,
2453 4629 2644 4698 λέγων·
2665 4630 2970 4699 Σπείρεται
2995 4630 3067 4683 ἐν
3107 4627 3318 4697 φθορᾷ,
3357 4628 3640 4698 ἐγείρεται
3684 4629 3758 4680 ἐν

2150 4780 2153 4784 _
2190 4722 2513 4791 ἀφθαρσίᾳ.
2532 4722 2750 4776 Καὶθέα
2767 4722 3002 4776 σύνεσιν·
3020 4720 3143 4775 Ἐπὶ
3165 4720 3266 4789 μὲν
3285 4719 3397 4773 τῶν
3425 4720 3757 4789 σπερμάτων

2188 4813 2267 4885 τῷ
2288 4813 2395 4867 τῶν
2424 4812 2690 4881 σωμάτων
2717 4815 2986 4885 ἐχρήσατο
3015 4813 3236 4883 ὀνόματι
3264 4811 3454 4880 λέγων·
3502 4813 3583 4866 οὐ
3619 4810 3756 4873 ζωο-

2187 4905 2458 4972 ποιεῖται,
2488 4905 2598 4959 ἐὰν
2621 4906 2710 4975 μὴ
2737 4905 3032 4974 ἀποθάνῃ·
3060 4904 3152 4959 ἐπὶ
3188 4906 3245 4959 δὲ
3259 4905 3367 4959 τῶν
3394 4905 3661 4977 σωμάτων
3683 4907 3752 4975 τῇ

2186 4999 2294 5052 τῶν
2322 5000 2649 5071 σπερμάτων
2678 5000 3048 5070 προσηγορίᾳ,
3094 4998 3270 5067 λέγων
3290 5016 3305 5030 ·
3339 4999 3648 5068 Σπείρεται
3684 4999 3757 5053 ἐν

2187 5089 2397 5161 φθορᾷ,
2425 5090 2707 5160 ἐγείρεται
2735 5091 2805 5144 ἐν
2828 5090 3153 5160 ἀφθαρσίᾳ.
3200 5092 3312 5144 Οὐκ
3361 5085 3507 5155 εἷπε,
3533 5090 3752 5153 Φύεται,

2188 5183 2276 5235 ἵνα
2312 5180 2386 5252 μὴ
2434 5182 2533 5251 τῆς
2576 5181 2678 5251 γῆς
2709 5180 2867 5251 ἔργον
2917 5181 3175 5256 νομίσῃς,
3216 5182 3353 5246 ἀλλ’,
3414 5182 3750 5251 Ἐ’τείρεται.

2186 5270 2404 5340 Σποράν
2432 5270 2489 5324 δὲ
2510 5271 2763 5335 ἐνταῦθα,
2793 5272 2856 5325 ού
2885 5272 2985 5343 τὴν
3039 5273 3252 5341 γένεσιν
3281 5272 3438 5344 ἡμῶν
3468 5272 3615 5340 λέγει
3652 5270 3751 5341 τὴν

2186 5362 2244 5413 ὲν
2270 5363 2468 5434 μήτρᾳ,
2493 5362 2629 5418 ἀλλά
2649 5364 2747 5434 τὴν
2770 5364 2944 5437 ταφὴν
2971 5364 3067 5436 τὴν
3095 5364 3154 5416 ὲν
3182 5368 3248 5437 τῇ
3271 5367 3338 5435 γῇ
3368 5364 3477 5417 τῶν
3505 5364 3754 5418 τετελευ-

2185 5453 2426 5521 τηκότων
2465 5454 2755 5522 σωμάτων,
2806 5455 2908 5526 τὴν
2951 5454 3210 5519 διάλυσιν,
3260 5455 3357 5525 τὴν
3385 5455 3610 5526 τέφραν.
3662 5451 3755 5506 Διὸ

2185 5540 2372 5607 εἰπὼν,
2409 5532 2715 5610 Σπείρεται
2749 5547 2819 5599 ἐν
2842 5544 3053 5615 φθορᾷ,
3100 5546 3388 5615 ἐγείρεται
3435 5547 3506 5600 ἐν
3532 5546 3754 5614 ἀφθαρ-

2183 5632 2310 5700 σίᾳ,
2339 5632 2606 5703 ἐπήγαγε·
2637 5636 2945 5702 Σπείρεται
2975 5636 3046 5689 ἐν
3075 5636 3295 5705 ἀτιμίᾳ.
3315 5636 3379 5688 Τί
3407 5633 3753 5708 γάρείδεχθέ-

2188 5742 2375 5798 στερον
2418 5724 2610 5796 νεκροῦ
2652 5725 3033 5798 διαρρυέντος;
3091 5726 3406 5800 Ἐγείρεται
3451 5727 3521 5780 ἐν
3576 5722 3751 5789 δόξῃ.
