4122 6226
401 322 508 383 3ΰῖ

399 438 572 493 diebus
598 434 828 495 excitabo
865 436 1031 508 ipsum
1063 436 1261 509 (Jama.
1284 437 1339 491 ‘2.
1373 436 1458 491 19.
1486 435 1549 491 21
1580 435 1648 508 )7
1675 450 1796 489 nam
1844 432 1984 503 quod

397 528 815 595 dissolvebatur,
840 528 891 583 id
917 529 1125 584 scilicet
1149 529 1420 584 excitavit.
1449 526 1813 594 Quamobrem
1841 523 1987 579 addi-

398 621 478 676 dit
513 620 876 690 evangelista,
906 619 1006 674 Ille
1030 631 1198 674 autent
1233 619 1428 673 dicebat
1457 620 1520 673 dc
1547 618 1734 687 templo
1761 619 1840 673 sui
1867 632 1987 671 cor-

399 712 558 782 poris.
587 711 724 779 Quid
760 727 888 782 ergo
912 712 1074 777 dicit,
1112 711 1233 765 Non
1258 727 1445 781 corpus
1472 710 1607 782 quod
1643 716 1869 781 futurum
1913 718 1987 764 est

394 802 655 859 seminus?
685 799 797 857 Hoc
834 811 954 867 est,
996 817 1101 856 non
1132 803 1335 871 spicam
1365 817 1379 855 :
1409 811 1493 856 est
1531 803 1672 857 enim
1699 800 1884 856 eadem
1931 809 1987 855 et

399 909 507 947 non
535 892 724 948 eadem
757 913 771 949 :
797 892 985 948 eadem
1007 893 1245 963 quidem,
1272 893 1527 963 quoniam
1556 891 1745 946 eadem
1775 899 1858 948 est
1896 905 1956 945 es

398 982 602 1046 sentin;
630 996 736 1037 non
758 983 972 1044 eadem,
1013 983 1266 1052 quoniam
1290 983 1408 1037 lta-c
1433 992 1513 1036 est
1552 983 1760 1044 melior,
1790 980 1982 1036 eadent

396 1075 611 1144 quidem
636 1083 889 1131 manente
911 1076 1145 1130 essentia
1163 1116 1181 1143 ,
1211 1076 1400 1145 majori
1428 1082 1607 1130 autem
1636 1073 1772 1128 facta
1804 1073 1985 1140 Specie

397 1181 463 1222 ac
486 1167 705 1229 decore.
734 1182 859 1223 cum
885 1184 1023 1222 nova
1050 1168 1122 1223 sit
1156 1187 1169 1224 :
1193 1169 1445 1239 quoniam
1469 1169 1569 1221 nisi
1597 1165 1699 1220 hoc
1724 1173 1886 1225 esset,
1916 1177 1984 1219 ne

395 1269 541 1316 esset
562 1261 779 1331 quidem
804 1264 1149 1328 resurrectio,
1180 1263 1281 1317 nisi
1311 1272 1455 1317 esset
1484 1260 1678 1314 melius
1704 1269 1982 1312 resurrec-

400 1360 539 1406 tura.
586 1353 693 1407 Cur
730 1353 873 1406 enim
904 1352 1122 1408 dountm
1149 1361 1294 1408 esset
1320 1353 1627 1416 diruturns,
1660 1350 1759 1403 nisi
1789 1349 1985 1417 splen-

395 1442 660 1498 didior-em
688 1455 835 1499 esset
872 1443 1281 1499 mdilicaturus?
1317 1445 1427 1498 lloc
1464 1444 1626 1512 igitur
1665 1441 1800 1496 dixit
1840 1440 1982 1506 illis,

396 1536 488 1604 qui
515 1535 892 1589 existimabant
921 1536 1170 1591 eamdem
1196 1550 1322 1590 esse
1351 1534 1626 1588 interitum
1678 1546 1740 1587 ac
1778 1545 1983 1585 curru-

400 1627 656 1695 ptionetn.
682 1626 887 1682 Deinde
915 1642 983 1681 ne
1009 1628 1268 1697 quispiam
1295 1640 1478 1680 rursus
1494 1625 1827 1680 existimaret
1857 1621 1983 1676 hinc

395 1716 597 1771 dictum
622 1732 745 1772 esse
787 1716 932 1772 aliud
975 1732 1169 1785 corpus
1193 1757 1209 1782 ,
1239 1716 1423 1772 datum
1465 1716 1692 1784 aenigma
1731 1714 1899 1779 lenit,
1929 1721 1984 1767 et

399 1811 784 1879 interpretatur
810 1808 954 1880 quod
986 1810 1185 1864 dictant
1226 1820 1329 1871 est,
1361 1822 1470 1863 non
1502 1807 1805 1862 concedens
1831 1804 1985 1858 audi-

395 1904 500 1958 tori
541 1914 601 1958 ut
644 1912 878 1957 mentem
925 1901 1028 1957 alio
1056 1901 1368 1957 transierat.
1417 1900 1554 1968 Quid
1611 1913 1740 1969 ergo
1783 1896 1983 1951 nostris

393 2008 532 2065 opus
561 2002 646 2048 est
670 1992 884 2047 verbis?
905 1992 1040 2047 Audi
1064 1994 1257 2063 ipsum,
1281 1994 1369 2062 qui
1397 1992 1467 2047 dit
1488 1993 1546 2058 it,
1566 1990 1694 2060 quid
1722 1990 1792 2045 sit
1819 1989 1983 2043 inter-

398 2097 695 2154 pretantem
734 2102 749 2138 :
785 2085 906 2140 Non
960 2102 1144 2155 corpus
1187 2086 1322 2154 quod
1353 2086 1580 2154 futurum
1626 2094 1696 2138 est
1740 2082 1976 2137 seminus.

390 2178 587 2234 Statim
612 2181 754 2233 enim
780 2179 1055 2248 subiunxit
1088 2178 1235 2233 περιέ
1271 2178 1466 2232 uadum
1497 2192 1749 2247 granum,
1782 2184 1832 2227 ut
1855 2188 1979 2243 puta

392 2270 574 2336 tritici,
601 2279 691 2323 aut
715 2271 931 2336 alicuius
969 2270 1263 2339 hujusmodi
1301 2269 1549 2323 seminum
1601 2267 1712 2321 Hoc
1740 2274 1843 2330 est,
1873 2279 1978 2319 non

384 2374 591 2429 corpus
618 2358 761 2430 quod
789 2367 875 2416 est
906 2358 1147 2414 futurum
1168 2402 1182 2424 ,
1215 2373 1406 2428 nempe
1445 2375 1551 2413 non
1579 2359 1658 2412 sic
1683 2359 1933 2411 vestitum
1959 2393 1975 2419 ,

390 2466 564 2521 neque
619 2452 854 2507 culunun
890 2450 1099 2506 habens
1134 2458 1189 2505 et
1217 2451 1408 2504 aristas
1441 2466 1455 2503 :
1503 2449 1609 2504 Sed
1642 2448 1830 2502 nudum
1859 2461 1981 2516 gra-

388 2561 530 2610 num,
549 2555 607 2599 ut
627 2554 751 2616 puta
773 2545 964 2613 tritici,
992 2555 1078 2599 aut
1107 2546 1327 2616 alicujus
1351 2560 1414 2598 ex
1432 2544 1494 2597 iis
1520 2549 1767 2615 quaa'sunt
1792 2542 1976 2610 hujus-

382 2637 546 2691 πυρόε.
596 2637 686 2694 58.
733 2636 872 2692 Deus
918 2648 1089 2692 autem
1132 2637 1222 2691 dat
1271 2637 1351 2690 illi
1384 2650 1569 2706 corpus
1626 2635 1756 2689 sicut
1796 2633 1973 2687 uoluit.

380 2727 546 2784 Certe
566 2764 584 2794 ,
617 2730 822 2800 inquit;
855 2728 951 2785 sed
982 2729 1088 2783 illic
1113 2739 1195 2784 est
1231 2743 1366 2799 opus
1395 2739 1622 2781 naturae.
1653 2725 1819 2796 Cujus
1843 2767 1858 2790 ,
1891 2724 1998 2783 dic,

383 2837 595 2893 qumso,
626 2823 869 2878 naturzc?
913 2837 1035 2878 nam
1075 2823 1186 2877 illic
1225 2835 1440 2893 quoque
1487 2821 1626 2874 Deus
1687 2818 1976 2872 fabricatur

382 2913 700 2968 universum
726 2953 741 2979 ,
782 2927 890 2968 non
932 2922 1121 2967 natura
1163 2926 1336 2982 neque
1377 2922 1518 2965 terra
1557 2922 1734 2979 neque
1772 2908 1967 2978 pluvia.

382 3005 745 3072 Quamobrem
792 3005 910 3074 ipse
941 3004 1054 3060 hmc
1100 3005 1411 3075 signiﬁcans
1434 3045 1448 3065 .
1477 3004 1701 3059 dimissa
1729 3011 1868 3057 terra
1920 3011 1972 3058 et

384 3111 512 3152 aere
540 3107 596 3151 et
635 3097 816 3166 pluvia
843 3107 895 3152 et
921 3096 1275 3168 agricolarum
1315 3097 1559 3151 manibus
1588 3138 1602 3159 ,
1635 3096 1908 3166 sulijunxi‘t
1954 3112 1971 3149 :

382 3183 524 3244 Deus
550 3189 640 3243 dat
670 3189 750 3243 illi
781 3202 966 3261 carpas
996 3191 1124 3245 sicut
1159 3190 1336 3245 voluit.
1376 3189 1494 3245 Noli
1536 3204 1665 3261 ergo
1701 3190 1973 3260 inquirere

381 3290 439 3336 et
473 3280 725 3352 indagare
749 3282 1016 3352 quomodo
1038 3291 1095 3337 et
1116 3296 1344 3353 quanam
1371 3285 1600 3350 ratione,
1630 3298 1753 3337 cum
1784 3282 1972 3338 audie-

382 3372 459 3426 ris
500 3370 593 3426 Dei
626 3372 914 3441 potentiam
959 3381 1013 3428 et
1038 3375 1387 3428 voluntatem.
1420 3371 1488 3427 Et
1531 3373 1799 3444 unicuique
1823 3375 1972 3429 semi-

382 3478 504 3517 num
550 3466 812 3533 proprium
856 3481 1061 3534 corpus.
1090 3465 1191 3522 Ubi
1237 3478 1366 3536 ergo
1396 3467 1664 3521 aliemun?
1692 3468 1781 3521 dat
1825 3468 1969 3522 enim

382 3556 678 3627 proprium.
710 3552 1068 3624 Quamobrem
1098 3560 1311 3628 quando
1336 3559 1485 3627 dicit,
1520 3557 1637 3613 Non
1667 3556 1800 3630 quod
1825 3556 1968 3631 futu-

380 3665 497 3701 rum
539 3659 611 3703 est
637 3651 890 3714 seminus,
921 3666 1025 3704 una
1072 3650 1174 3705 hoc
1202 3651 1365 3717 dicit,
1393 3651 1534 3723 quod
1574 3652 1677 3705 alia
1723 3666 1819 3721 pro
1863 3653 1969 3707 alia

382 3750 630 3811 resurgat
653 3743 910 3805 e85entia,
933 3743 1026 3797 sed
1049 3743 1191 3812 quod
1216 3742 1423 3806 melior,
1452 3742 1594 3813 quod
1619 3741 1966 3812 splendidior.

383 3830 670 3901 Unicuique
705 3835 839 3888 enim
875 3836 1122 3888 seminans
1161 3836 1424 3904 praprium
1457 3848 1660 3907 Corpus.
1698 3836 1834 3891 ﬂinc
1856 3837 1970 3905 jam

381 3925 677 3981 introducit
705 3928 863 3982 etiam
894 3918 1249 3983 diﬂ'erenti'ant
1281 3930 1692 3986 resurrectiOnis
1736 3940 1860 3984 tunc
1887 3924 1972 3985 lu-

386 4032 544 4071 mrze.
573 4016 651 4072 Ne
677 4019 816 4073 enim
838 4059 855 4085 ,
884 4020 1135 4090 quoniam
1167 4020 1463 4076 seminatur
1484 4031 1667 4076 semen
1694 4032 1749 4077 et
1783 4037 1972 4078 onmcs

387 4109 683 4164 ascendunt
720 4113 883 4181 Spicze
907 4153 923 4180 ,
958 4122 1240 4183 propterea
1269 4115 1545 4170 existimes
1576 4128 1757 4185 parem
1805 4110 1970 4171 etiam

388 4202 649 4257 honorem
670 4216 795 4259 esse
812 4205 864 4259 in
884 4201 1301 4262 resurrectione.
1329 4203 1543 4262 Etenim
1575 4224 1643 4263 ne
1670 4208 1721 4263 in
1745 4209 1969 4264 seminis-

387 4295 488 4349 bus
507 4294 719 4365 quidem
739 4307 874 4352 unus
896 4306 976 4352 est
1000 4296 1164 4353 ordo:
1185 4296 1318 4353 Nam
1338 4292 1439 4354 alia
1455 4293 1669 4370 quidem
1689 4311 1814 4356 sunt
1835 4316 1972 4371 prae-

383 4389 640 4442 stantiora
654 4396 708 4442 et
723 4389 1049 4455 honestiora,
1063 4390 1164 4445 alia
1178 4406 1305 4446 vero
1322 4392 1586 4446 deteriora
1606 4410 1620 4449 :
1635 4402 1800 4463 quare
1810 4393 1970 4449 etiam

383 4478 705 4547 subiunxit:
739 4481 807 4535 Et
847 4480 1115 4548 unicuique
1154 4484 1421 4555 praprium
1466 4496 1670 4555 corpus.
1703 4483 1969 4542 Caeterum

382 4583 595 4628 nonest
620 4573 723 4627 hoc
747 4584 1052 4642 contentus,
1077 4576 1171 4631 sed
1192 4575 1351 4630 aliam
1373 4576 1565 4647 qumrit
1589 4572 1966 4645 dili'erenliam,

384 4664 642 4734 majorem
672 4674 728 4721 et
757 4662 1199 4722 manifestiorem.
1228 4662 1359 4722 Nam
1389 4685 1457 4724 ne
1485 4683 1605 4724 cum
1634 4670 1930 4728 audivisses
1950 4708 1967 4737 ,

382 4755 524 4809 sicut
542 4754 673 4820 dixi,
705 4756 844 4825 quod
868 4771 1057 4812 omnes
1083 4768 1381 4829 resurgant,
1413 4754 1753 4832 existimares
1780 4777 1968 4817 onmes

382 4845 570 4900 eadem
604 4848 855 4917 consequi
886 4858 939 4902 et
967 4848 1151 4902 iisdem
1190 4846 1321 4916 frui,
1352 4849 1497 4920 prius
1517 4851 1729 4920 quidem
1756 4850 1887 4921 jecit
1918 4853 1969 4906 in

384 4938 811 5007 prmcedcntibns
865 4941 1069 4996 semina
1123 4938 1283 5010 hujus
1333 4943 1655 5007 sementim,
1709 4944 1897 5000 dicens
1951 4961 1967 4999 :

386 5031 741 5103 Unusquisque
767 5043 935 5087 autem
959 5034 1010 5087 in
1031 5034 1239 5105 proprio
1262 5034 1457 5089 ordine.
1486 5026 1631 5090 Facit
1658 5044 1834 5091 autem
1866 5034 1965 5091 hoc

377 5123 619 5192 apertius
645 5123 732 5177 hic
761 5138 976 5195 quoque
1021 5139 1229 5194 rursus,
1255 5122 1480 5181 dicens:
1514 5120 1601 5180 39.
1645 5124 1766 5180 Non
1806 5130 1967 5184 ontnis

379 5228 504 5270 caro
527 5216 701 5270 eadem
729 5229 869 5271 caro.
897 5212 1032 5284 Quid
1060 5219 1202 5273 enim
1223 5258 1240 5284 ,
1284 5220 1489 5289 inquit,
1512 5218 1633 5275 dico
1661 5219 1712 5275 in
1744 5223 1957 5277 semini-

380 5310 521 5363 bus?
549 5310 649 5363 hoc
692 5310 863 5380 ipsum
908 5305 1170 5380 agitemus
1212 5305 1373 5365 etiam
1417 5312 1469 5366 in
1511 5313 1861 5381 corporibus,
1902 5314 1969 5367 de

376 5400 571 5467 quibus
614 5415 642 5452 a
682 5401 837 5453 nobis
872 5416 1013 5454 nunc
1041 5403 1229 5471 agitur.
1265 5400 1622 5467 Quamobrem
1648 5404 1920 5473 subjnngit
1947 5444 1963 5469 ,

376 5492 565 5545 dicens
596 5507 609 5543 :
644 5492 750 5546 Sed
779 5491 883 5544 alia
904 5493 1103 5562 quidem
1131 5509 1249 5546 caro
1275 5502 1346 5547 est
1372 5493 1650 5559 hominum,
1678 5495 1781 5548 alia
1801 5506 1969 5550 autem

377 5598 637 5650 pecorum,
680 5583 790 5636 alia
820 5583 1111 5647 volucrum,
1145 5580 1249 5636 alia
1277 5593 1444 5637 autem
1483 5586 1852 5657 plat’ittm.-$0.
1903 5586 1969 5641 Et

375 5687 595 5741 corpora
624 5672 849 5725 aelcstia
868 5715 882 5738 ,
910 5683 955 5726 et
981 5690 1192 5739 corpora
1213 5676 1466 5727 terrestria
1495 5690 1512 5726 :
1540 5676 1627 5728 sed
1649 5676 1750 5728 alia
1771 5678 1969 5742 quiden

375 5766 650 5820 cwlcstium
688 5765 852 5834 gloria
878 5806 892 5824 ,
937 5765 1039 5817 alia
1078 5774 1242 5818 autent
1271 5766 1579 5819 terrestrium
1609 5781 1627 5820 :
1654 5767 1740 5822 il.
1770 5764 1871 5821 alio
1896 5778 1969 5823 cat

722 5857 991 5917 PATBOL.
1039 5858 1153 5917 Gn.
1204 5860 1356 5921 LXl.

1427 319 1496 381 IN
1534 314 1746 379 EPIST.
1790 318 1810 376 l
1874 317 1966 376 AD
2001 316 2155 379 (30R.
2203 316 2435 383 1101111...
2478 316 2616 381 ιιι.

3570 336 3677 398 358

2093 435 2258 504 gloria
2283 437 2427 502 solis,
2456 447 2504 492 et
2541 439 2645 493 alia
2668 447 2743 494 est
2769 439 2935 512 gloria
2965 440 3100 497 laute
3119 485 3134 511 ,
3164 454 3210 499 rt
3239 446 3343 501 alia
3372 449 3532 521 gloria
3564 460 3680 510 stet-

2093 526 2259 579 larum
2288 540 2308 579 .'
2333 527 2481 581 stella
2510 529 2645 582 enim
2684 546 2715 582 a
2739 530 2886 586 stella
2914 532 3086 600 ili/fert
3114 538 3167 590 iu
3194 535 3381 607 gloria.

2163 616 2218 671 5.
2261 616 2327 671 Et
2387 617 2514 688 quid
2543 619 2643 674 sibi
2692 621 2877 677 volunt
2917 622 3031 680 lucc
3074 627 3283 682 verba?
3327 646 3561 701 quanam
3611 636 3678 692 de

2092 719 2250 760 causa
2277 721 2306 760 a
2334 711 2730 766 resurrectione
2756 726 3043 784 corpormn
3070 718 3270 774 excidit
3296 720 3347 776 in
3375 725 3675 783 orationem
3738 708 3741 713 i

2092 798 2159 853 de
2189 798 2359 856 stetiis
2385 810 2440 856 et
2482 802 2636 859 sole?
2664 803 2779 860 Non
2808 807 3043 875 excidit,
3076 826 3248 882 neque
3283 815 3544 875 abductus
3583 823 3679 879 fuit

2089 891 2158 945 ab
2195 903 2511 962 argumento
2532 935 2548 961 ,
2576 897 2745 965 absit,
2774 901 2867 954 sed
2911 900 2962 957 in
2990 918 3056 958 eo
3085 904 3260 962 adhuc
3301 907 3486 967 lueret.
3541 914 3674 971 Nam

2090 982 2343 1049 quoniam
2370 986 2617 1052 probavit
2644 989 2785 1058 quod
2812 990 3011 1047 dictum
3038 1004 3120 1050 est
3147 996 3216 1053 de
3241 1005 3637 1061 resurrectione
3657 984 3677 1069 ,δ

2089 1074 2323 1127 ostendit
2356 1075 2501 1143 jam,
2550 1079 2690 1148 quod
2742 1089 2866 1136 tunc
2906 1082 3099 1164 futurae
3142 1086 3326 1158 gloria:
3370 1102 3559 1164 magna
3607 1100 3677 1152 sit

2089 1162 2387 1220 diliereutia
2412 1208 2427 1232 ,
2456 1169 2556 1223 etsi
2584 1183 2688 1225 una
2717 1181 2801 1226 est
2827 1163 3198 1233 resurrectio':
3232 1190 3287 1235 et
3315 1182 3366 1236 in
3397 1162 3504 1240 duo
3531 1187 3673 1243 inte-

2090 1253 2190 1308 rim
2224 1256 2415 1311 dividit
2440 1259 2779 1328 universum,
2812 1281 3007 1335 nempe
3031 1268 3087 1323 in
3129 1271 3365 1329 ca‘lestia
3397 1286 3449 1331 et
3476 1287 3674 1336 terres-

2093 1344 2214 1398 tria.
2243 1340 2375 1401 Nam
2405 1348 2547 1419 quod
2594 1364 2819 1422 corpora
2847 1357 3063 1426 quidem
3096 1373 3410 1434 resurgant.
3442 1370 3677 1426 ostendit

2090 1449 2186 1504 per
2218 1436 2541 1495 frumentum
2593 1460 2608 1499 :
2651 1444 2791 1514 quod
2832 1458 3010 1503 autem
3053 1462 3158 1506 non
3189 1458 3366 1511 onmia
3402 1456 3457 1513 in
3486 1463 3673 1518 cadent

2089 1527 2277 1597 gloria,
2298 1528 2421 1584 hinc
2440 1534 2693 1589 ostendit.
2706 1535 2856 1593 Sicut
2872 1540 3012 1594 enim
3039 1557 3144 1596 non
3167 1546 3386 1602 credere
3405 1559 3676 1609 rcsmtrc-

2090 1620 2242 1685 tiOni,
2269 1624 2489 1692 supinos
2510 1624 2634 1680 facit
2657 1641 2670 1680 :
2700 1628 2771 1683 ita
2793 1631 2952 1685 etiam
2977 1633 3307 1706 negligentes
3325 1644 3497 1697 reddit
3520 1655 3573 1698 et
3589 1661 3676 1697 so-

2088 1712 2314 1778 cordes,
2340 1716 2649 1773 existimare
2685 1731 2874 1775 omnes
2898 1724 3085 1778 eadem
3122 1728 3375 1801 consequi
3405 1742 3457 1787 et
3484 1730 3671 1792 iisdem

2090 1800 2595 1894 l‘rttiaQua‘mobrcm
2632 1819 2914 1879 utrumque
2948 1815 3169 1887 corrigit
3195 1835 3208 1871 :
3232 1831 3286 1874 et
3308 1800 3423 1875 alia
3454 1827 3671 1894 quidem

2086 1892 2315 1948 absolvit
2336 1894 2386 1947 io
2409 1897 2851 1967 pra-cedentibus,
2872 1903 2942 1957 ab
2968 1904 3066 1959 hoc
3086 1914 3261 1963 autem
3286 1928 3425 1966 nunc
3448 1892 3627 1986 incipit
3655 1939 3667 1971 :

2086 1997 2139 2043 et
2156 2004 2279 2043 cum
2303 1991 2437 2045 duos
2461 1991 2677 2051 fecisset
2696 1991 2911 2053 ordines
2928 1997 3193 2068 jnstortnn
3212 2014 3265 2058 et
3284 2018 3626 2075 peccatorum
3651 2029 3678 2075 ,-

2085 2076 2184 2133 bos
2202 2081 2345 2149 ipsos
2367 2095 2551 2137 rursus
2570 2095 2717 2140 secat
2732 2087 2781 2140 in
2798 2089 2980 2158 plures
3000 2102 3201 2160 partes:
3222 2098 3512 2154 ostendi-ns
3526 2104 3667 2171 quod

2085 2183 2261 2242 neque
2279 2173 2429 2242 justi,
2452 2188 2623 2246 neque
2640 2189 2946 2246 peccatores
2963 2181 3150 2240 eadem
3172 2201 3545 2261 assequentur;
3575 2212 3669 2251 ne-

2082 2276 2188 2331 que
2209 2262 2332 2332 justi
2358 2276 2547 2322 uiiin‘es
2567 2270 2752 2325 eadem
2772 2269 3029 2343 qumjusti
3052 2278 3343 2350 alii,neque
3356 2296 3669 2354 peccatores

2082 2352 2275 2407 eadem
2292 2369 2410 2424 qua:
2423 2366 2756 2426 peccatores.
2780 2358 3070 2436 Facitcrgo
3090 2368 3319 2438 primum
3358 2352 3515 2430 unam
3542 2392 3665 2433 sec-

2082 2443 2278 2499 tionem
2290 2447 2556 2515 jnstornm
2569 2458 2621 2504 et
2631 2458 3436 2535 pcecalorunt,diceus:Corpora
3447 2468 3667 2523 mlestia

2079 2545 2126 2588 et
2142 2548 2359 2607 corpora
2373 2542 2656 2607 terrestria;
2665 2559 2767 2614 per
2790 2550 3060 2604 terrestria
3078 2553 3298 2623 Quidetn
3316 2556 3416 2614 bos
3426 2560 3667 2618 subintli-

2078 2636 2331 2697 cans,per
2345 2630 2581 2687 cadestia
2597 2643 2775 2692 autem
2796 2634 2935 2695 illos.
2959 2641 3161 2701 Deinde
3182 2646 3249 2703 de
3268 2658 3468 2708 caetero
3493 2653 3664 2713 intro-

2076 2717 2224 2774 ducit
2249 2719 2605 2780 diti‘erentiam
2630 2737 2975 2797 peccatorum
2987 2748 3015 2788 a
3030 2740 3420 2807 peccatoribus,
3436 2742 3622 2801 dicens
3644 2766 3659 2801 :

2081 2807 2132 2862 Ν
2138 2828 2202 2865 ou
2227 2814 2392 2868 omnis
2414 2831 2535 2870 caro
2558 2812 2732 2872 eadem
2758 2836 2877 2875 caro
2891 2862 2907 2889 ,
2930 2825 3022 2878 sed
3036 2827 3147 2881 alia
3176 2830 3378 2898 quidem
3402 2834 3616 2904 piscium
3642 2878 3659 2905 ,

2075 2902 2179 2957 alia
2203 2910 2370 2958 autem
2390 2907 2649 2962 volucrum
2670 2919 2717 2964 et
2738 2928 2997 2982 pecorum.
3021 2919 3180 2988 Atqui
3200 2932 3325 2978 sunt
3343 2902 3519 2981 omnia
3541 2902 3662 2984 cor;

2076 3009 2227 3065 pora,
2250 2998 2344 3054 sed
2366 3000 2470 3055 alia
2498 2996 2712 3072 quidem
2757 3005 2940 3062 viliora
2962 3018 3019 3064 et
3051 3012 3366 3083 abjcctiora,
3404 3012 3510 3073 alia
3534 3036 3663 3077 vero

2075 3088 2270 3142 minus.
2300 3088 2355 3145 in
2381 3089 2485 3146 vita
2510 3107 2725 3165 quoque
2746 3090 2995 3155 similiter
3013 3102 3138 3157 etin
3165 3104 3352 3161 eadem
3384 3111 3661 3164 constitu-

2076 3183 2237 3237 tione.
2265 3182 2329 3237 Et
2349 3195 2470 3239 cum
2499 3186 2602 3243 hoc
2620 3187 2866 3254 dixisset,
2888 3193 3132 3249 ascendit
3153 3210 3341 3253 rursus
3367 3198 3419 3253 in
3439 3200 3656 3267 uelum,

2072 3273 2290 3329 dicens:
2316 3276 2432 3330 Alio
2454 3277 2618 3349 gloria
2630 3280 2773 3347 solis,
2800 3292 2847 3337 et
2869 3283 3154 3356 aliagloria
3174 3289 3328 3345 lance.
3349 3286 3499 3347 Sicut
3514 3295 3657 3350 enim

2074 3366 2124 3420 in
2145 3368 2486 3424 terrestribus
2519 3373 2834 3442 corporibus
2858 3386 2942 3431 est
2966 3377 3291 3449 dili'erentia,
3321 3382 3390 3439 ita
3417 3385 3656 3442 etiamin

2070 3459 2371 3516 callestibns
2385 3470 2470 3516 est
2483 3461 2805 3533 dill‘erentia,
2819 3482 2987 3538 eaque
2999 3484 3105 3525 non
3118 3473 3370 3544 vulgaris,
3384 3478 3478 3533 sed
3496 3479 3657 3536 etiam

2072 3551 2320 3620 usquead
2340 3562 2602 3612 extrema.
2620 3556 2734 3612 Non
2752 3559 2925 3614 solum
2941 3561 3082 3617 enim
3100 3574 3185 3619 est
3200 3564 3499 3625 diti'erentia
3527 3573 3658 3630 solis

2070 3655 2098 3692 a
2117 3640 2260 3708 Ιιιιιη,
2280 3658 2453 3713 neque
2471 3644 2857 3717 lunzcastellis,
2875 3652 2969 3706 sed
2986 3653 3147 3709 etiam
3174 3656 3448 3716 stellarum
3471 3676 3500 3716 a
3526 3665 3660 3721 stel~

2072 3731 2155 3786 lis.
2175 3724 2305 3787 Nam
2322 3734 2532 3793 etiamsi
2553 3739 2731 3792 omnia
2755 3741 2863 3795 sint
2893 3745 2946 3797 in
2969 3745 3123 3812 etelo,
3146 3746 3249 3803 alia
3282 3760 3457 3808 tamen
3487 3756 3658 3826 majo-

2071 3838 2205 3915 rem,
2219 3824 2322 3879 alia
2342 3841 2468 3881 vero
2485 3828 2745 3885 minorem
2761 3830 2959 3888 habent
2973 3836 3218 3906 gloriam.
3234 3840 3368 3908 Quid
3387 3859 3516 3917 ergo
3533 3824 3657 3903 bim:

2070 3915 2364 3974 discimus?
2383 3919 2533 3986 Quod
2550 3922 2757 3978 etiamsi
2780 3939 2968 3980 onmes
2989 3927 3097 3982 sint
3126 3929 3177 3982 in
3208 3945 3392 4001 regno,
3411 3915 3519 3992 non
3541 3953 3658 3994 om-

2074 4023 2167 4063 nes
2193 4018 2369 4065 tamen
2403 4012 2592 4067 eadem
2620 4027 3023 4086 consequentur
3051 4028 3106 4075 et
3129 4020 3318 4078 iisdem
3369 4024 3653 4085 fruentur:

2072 4100 2278 4155 etiamsi
2323 4115 2515 4158 omnes
2558 4115 2868 4176 peccatores
2906 4108 2959 4165 in
3003 4110 3283 4182 gehenna,
3333 4132 3441 4175 non
3467 4134 3658 4178 omnes

2072 4192 2258 4247 eadem
2304 4193 2663 4252 sustinebunt.
2695 4196 2763 4254 Et
2822 4199 2944 4256 ideo
2997 4203 3273 4274 subjunsit
3318 4224 3332 4261 ε
3364 4210 3453 4266 12.
3482 4210 3574 4268 Sic
3608 4225 3657 4269 et

2071 4286 2371 4340 resurrectio
2423 4293 2774 4347 mortuorum.
2836 4292 2955 4363 Sic,
3011 4301 3321 4369 quomodo?
3378 4306 3434 4363 in
3493 4305 3657 4361 multa

2071 4376 2396 4432 ditl‘ercmia.
2445 4378 2647 4436 Deinde
2697 4379 2798 4438 hac
2848 4392 3120 4454 tamquam
3167 4388 3386 4456 probata
3433 4392 3655 4452 dimissa

2072 4469 2333 4535 oratione,
2357 4486 2542 4526 rursus
2563 4473 2708 4528 venit
2731 4473 2797 4529 ad
2824 4474 3335 4537 demonstrationem
3357 4493 3414 4540 et
3437 4486 3655 4543 modum

2074 4558 2240 4631 ipsius
2294 4565 2732 4631 resurrectionis,
2766 4567 2996 4623 dicens:
3031 4568 3329 4627 Seminatur
3373 4576 3425 4630 in
3475 4594 3652 4632 corru-

2072 4654 2266 4721 ptione,
2299 4663 2469 4726 surget
2496 4655 2548 4709 in
2576 4656 2972 4726 incorruptione.
3022 4659 3153 4716 Vide
3190 4673 3366 4720 autem
3413 4669 3654 4738 prudens

2074 4745 2200 4799 tiam
2232 4761 2245 4797 :
2280 4745 2333 4799 in
2365 4746 2662 4801 seminibus
2689 4748 2906 4817 quidem
2942 4765 3071 4806 usus
3094 4762 3179 4807 est
3210 4756 3432 4813 nomine
3457 4774 3655 4830 corpo-

2073 4849 2212 4899 rum,
2242 4834 2427 4892 (licens
2475 4855 2489 4891 :
2541 4836 2661 4891 Non
2690 4839 3008 4905 viviﬁcatur,
3041 4842 3140 4895 nisi
3178 4845 3331 4916 fuerit
3365 4860 3660 4918 mortuum;

2073 4924 2124 4980 in
2152 4928 2469 4997 corporibus
2491 4939 2669 4982 autent
2696 4930 3057 4999 appellatione
3078 4936 3344 4991 seminmn
3371 4980 3388 5006 ,
3417 4940 3607 4998 dicens
3638 4963 3654 4998 :

2077 5019 2366 5073 Semiuatur
2390 5020 2443 5073 in
2465 5021 2818 5087 corruptione,
2846 5024 3006 5095 surgit
3030 5027 3084 5080 in
3111 5028 3508 5101 incorruptione.
3538 5035 3654 5095 Non

2072 5111 2231 5176 dicit,
2262 5110 2527 5175 Nascitur,
2556 5128 2623 5166 ne
2650 5114 2926 5171 existimes
2966 5133 3087 5174 esse
3127 5136 3262 5190 opus
3294 5133 3486 5191 terrm,
3532 5129 3651 5196 sed,

2079 5203 2273 5273 Sin-git.
2303 5201 2725 5261 Seminationem
2746 5217 2928 5264 autem
2966 5207 3051 5264 hic
3077 5211 3240 5278 dicit,
3271 5232 3376 5271 non
3417 5230 3655 5275 nostram

2071 5295 2120 5345 in
2165 5295 2383 5347 matrice
2410 5297 2845 5364 generationem,
2883 5299 2976 5354 sed
3004 5300 3378 5360 defunctorum
3422 5308 3473 5361 in
3513 5318 3654 5366 terra

2071 5386 2420 5455 sepulturam,
2462 5387 2908 5455 dissolutionem,
2966 5390 3223 5446 cinerem.
3295 5395 3652 5462 Quamobrem

2070 5496 2190 5534 cum
2217 5480 2474 5548 dixisset,
2509 5482 2803 5537 Semiuatur
2830 5483 2884 5536 iu
2921 5486 3277 5552 corruptione,
3308 5490 3468 5559 surgit
3498 5491 3550 5547 in
3577 5494 3655 5547 in-

2072 5572 2412 5642 corruptione,
2444 5571 2726 5642 snbjunxit
2756 5591 2769 5626 :
2799 5574 2891 5628 43.
2922 5572 3216 5629 Seminatur
3241 5578 3293 5631 in
3320 5579 3653 5650 ignobilitate.

2072 5666 2209 5736 Quid
2236 5669 2378 5724 enim
2406 5676 2489 5724 est
2518 5666 2634 5723 visu
2658 5668 2863 5738 turpius
2886 5684 3044 5740 quam
3070 5684 3266 5738 corpus
3295 5675 3436 5743 quod
3469 5677 3650 5733 tilSSt).

2078 5768 2240 5818 tutum
2268 5766 2385 5821 ρδιῖ
2416 5767 2593 5838 ὅρι’-ς]ῖέ
2626 5758 2683 5813 in
2707 5761 2872 5830 gloria
2901 5778 2917 5816 :
2951 5762 3229 5815 seminatur
3256 5764 3306 5816 in
3342 5766 3645 5835 inﬁrmitate.

3204 5853 3282 5914 23
