4138 6220
392 272 494 328 559

393 379 798 441 Nondum-enim
818 386 944 433 sunt
967 373 1178 441 triginta
1199 368 1336 427 dies.
1357 374 1408 419 et
1437 363 1592 431 periit
1612 359 1914 413 universum
1942 372 1954 408 :

395 492 496 532 nec
543 482 715 545 potest
752 481 878 524 caro
920 480 979 518 se
1018 460 1330 521 continere,
1391 468 1562 522 neque
1615 464 1776 502 unum
1808 446 1958 545 diem

396 538 609 625 durare.
641 562 816 631 Surgit
840 559 893 612 in
919 557 1114 609 uirtute.
1145 550 1295 604 Tunc
1342 546 1483 603 enim
1530 543 1646 612 ejus
1691 538 1819 593 nihil
1876 552 1964 631 sn-

400 661 600 732 pererit
654 630 937 722 reliquum.
1004 647 1295 714 Propterea
1338 650 1393 695 et
1440 638 1545 691 illis
1596 649 1731 703 opus
1780 630 1963 732 habuit

400 720 680 819 evcmplis,
712 720 785 798 ne
809 739 958 796 multi
992 739 1105 791 lucc
1133 733 1433 794 audientes,
1462 740 1654 819 nempe
1681 720 1820 792 quod
1852 736 1968 772 sur-

401 850 531 913 gum
561 818 613 892 in
640 832 1036 902 incorruptione
1083 834 1138 880 et
1161 823 1329 895 gloria
1370 818 1657 913 et-virtute
1678 855 1693 878 ,
1724 820 1971 881 putarent

404 904 787 998 resurgentium
819 920 1013 976 nullam
1044 931 1163 972 esse
1192 908 1565 968 differentiam.
1612 904 1742 959 Nam
1784 915 1971 955 omth

404 994 614 1088 quidem
644 1023 943 1083 resurgunt,
970 1022 1025 1063 et
1050 1008 1101 1061 in
1130 1008 1321 1061 virtute
1342 1011 1395 1054 rt
1422 1002 1474 1054 in
1501 994 1898 1091 incorruptione
1920 1001 1973 1045 et

407 1113 458 1163 in
490 1106 656 1177 gloria
688 1107 785 1158 hac
811 1097 1221 1165 ineorruptionis
1242 1135 1256 1159 ,
1286 1107 1392 1145 non
1421 1100 1592 1143 tamen
1623 1098 1810 1138 omnes
1830 1096 1975 1147 ejus-

406 1200 527 1253 dem
553 1195 770 1250 honoris
795 1201 849 1246 et
868 1188 1187 1244 securitatis.
1215 1184 1307 1239 44.
1344 1180 1638 1235 Sentinatur
1662 1189 1845 1242 corpus
1865 1180 1976 1223 ani-

408 1288 556 1349 male,
584 1285 742 1355 surgit
774 1298 956 1340 corpus
985 1275 1266 1346 spirituale.
1300 1270 1390 1324 Est
1417 1283 1598 1335 corpus
1634 1265 1887 1324 mtimule,
1931 1269 1978 1313 et

376 1418 389 1429 ι,
406 1389 478 1434 est
504 1392 687 1445 corpus
724 1370 1005 1440 spiritualc.
1051 1365 1187 1435 Quid
1221 1361 1393 1417 dicis?
1424 1359 1525 1412 hoc
1574 1365 1752 1410 autem
1805 1364 1981 1445 nonne

415 1480 495 1527 est
522 1443 838 1538 Spirituale?
881 1459 1166 1531 Spirituaio
1211 1454 1457 1525 quidem,
1500 1448 1594 1503 sed
1635 1445 1763 1538 illud
1812 1443 1977 1538 multo

417 1530 602 1630 magis.
631 1556 762 1611 Nam
793 1530 935 1608 nunc
955 1549 1166 1620 quidem
1194 1559 1336 1611 sirpe
1366 1541 1538 1595 avolat
1565 1537 1790 1605 Spiritus
1810 1530 1980 1586 sancti

415 1627 575 1705 multa
623 1645 788 1715 gratia
824 1640 1087 1712 aliquibus
1119 1649 1308 1704 magna
1346 1627 1694 1702 peccantibus
1714 1666 1730 1692 ,
1759 1634 1812 1715 et
1843 1637 1983 1692 pra:-

416 1748 568 1795 sente
595 1750 805 1807 quoque
832 1732 1021 1801 spiritu
1051 1728 1263 1787 animm,
1302 1721 1479 1775 avolat
1520 1718 1626 1807 vita
1668 1714 1880 1776 carnis;
1928 1720 1985 1765 et

420 1829 559 1899 quod
601 1806 682 1880 est
717 1819 1052 1893 hujnsmodi,
1096 1816 1296 1882 absque
1336 1811 1436 1863 hoc
1480 1816 1563 1862 est
1612 1806 1768 1901 inane
1814 1818 1827 1854 :
1861 1812 1985 1901 tunc

422 1897 596 1973 autem
630 1931 734 1970 non
765 1915 869 1975 sic,
894 1908 986 1964 sed
1029 1912 1287 1976 perpetuo
1335 1906 1612 1970 permanet
1642 1897 1694 1947 in
1720 1907 1880 1947 carne
1901 1897 1989 1960 ju-

407 1994 652 2071 .Slol‘um,
686 2016 738 2059 et
777 2003 892 2073 ejus
918 2001 1020 2056 erit
1050 2006 1285 2068 potestas
1308 2001 1363 2047 et
1402 1991 1680 2058 imperium
1734 1991 1994 2053 praesente

423 2114 633 2170 quoque
660 2097 855 2150 anima.
888 2096 989 2147 Aut
1017 2090 1159 2145 enim
1202 2086 1304 2140 tale
1331 2082 1455 2153 quid
1490 2077 1877 2141 subindicavit,
1915 2074 1994 2170 di-

433 2168 561 2247 cens
589 2187 901 2259 Spirituale;
925 2189 1017 2237 aut
1051 2178 1192 2249 quod
1229 2176 1462 2230 futurum
1491 2172 1559 2224 sit
1587 2171 1756 2225 levius
1783 2176 1836 2222 et
1860 2168 1994 2221 sub-

426 2283 589 2346 tilius,
613 2289 666 2333 et
693 2275 835 2348 quod
867 2274 1029 2343 possit
1065 2270 1225 2326 etiam
1258 2266 1376 2320 vehi
1410 2264 1462 2318 in
1493 2276 1653 2325 acre;
1686 2260 1769 2315 vel
1816 2259 1994 2328 potius

429 2385 727 2441 utrumque.
762 2368 815 2422 Si
847 2378 1021 2420 auzem
1052 2376 1156 2416 non
1183 2358 1358 2414 credis
1383 2356 1431 2410 ei
1462 2354 1601 2425 quod
1628 2352 1845 2413 dicitur,
1876 2348 2000 2403 vide

427 2477 652 2534 corpora
683 2456 915 2514 erlestia
957 2468 1076 2523 qua:
1105 2459 1226 2505 sunt
1250 2459 1353 2503 tam
1386 2444 1664 2516 splendida
1705 2454 1755 2497 et
1787 2441 2002 2495 durabi-

430 2533 534 2617 lia,
560 2562 614 2607 ct
644 2556 952 2620 permanent
1002 2547 1053 2598 in
1091 2540 1395 2597 conditione
1434 2553 1537 2590 non
1565 2533 1912 2595 seuescendi;
1953 2542 2007 2586 et

432 2646 556 2699 hinc
584 2640 772 2701 crede,
804 2636 941 2707 quod
973 2635 1107 2689 Deus
1133 2640 1306 2702 potest
1327 2629 1497 2682 facere
1523 2627 1634 2680 haec
1660 2640 1868 2694 quoque
1889 2638 2008 2677 eor-

416 2732 702 2801 .ruptihilia
750 2723 1167 2796 incorrttptihilia
1222 2721 1375 2783 ﬁeri,
1446 2726 1500 2772 et
1574 2718 1741 2770 multo
1790 2716 2005 2767 meliora

431 2829 500 2879 iis
526 2840 642 2893 qua:
671 2830 978 2876 cernuntur.
1010 2816 1102 2871 45.
1136 2814 1281 2869 Sicut
1306 2812 1547 2881 scriptum
1577 2822 1647 2865 est
1674 2823 1691 2862 :
1728 2808 1917 2861 Factus
1938 2816 2009 2861 est

418 2915 624 2984 ,primus
648 2911 795 2965 homo
818 2912 868 2962 in
895 2907 1116 2960 animant
1142 2903 1380 2957 viventem
1403 2917 1422 2966 ,°
1448 2900 1745 2953 novissimus
1778 2897 1937 2950 Adam
1960 2897 2012 2949 in

441 3003 672 3072 spiritum
714 3000 1064 3066 viviﬁcantem.
1106 2995 1262 3060 Alqui
1316 2989 1445 3045 illud
1490 2989 1702 3058 quidem
1758 2988 2010 3055 scriptum

423 3105 519 3152 est
552 3092 703 3167 (Gen.
729 3090 784 3145 2.
812 3091 901 3160 7),
931 3087 1033 3141 hoc
1057 3093 1235 3139 autem
1264 3098 1370 3136 non
1392 3091 1475 3135 est
1525 3080 1778 3147 scriptum
1824 3094 1838 3130 :
1880 3090 2012 3145 quo-

449 3185 608 3240 modo
630 3195 759 3253 ergo
782 3178 915 3235 dixit
935 3217 951 3243 ,
980 3176 1236 3247 Scriptum
1265 3183 1333 3227 est
1352 3173 1378 3226 ?
1400 3173 1442 3226 A
1472 3186 1650 3229 rerum
1697 3178 1887 3222 eventu
1918 3167 2018 3220 hoc

448 3279 823 3344 interpretatus
855 3289 867 3323 :
894 3267 1032 3338 quod
1067 3265 1204 3319 solet
1238 3261 1453 3317 assidue
1508 3259 1705 3314 facere.
1738 3258 1828 3312 Est
1875 3260 2017 3311 enim

450 3368 536 3420 hic
563 3378 677 3419 mos
708 3361 979 3433 prophetae
1008 3372 1022 3409 :
1052 3355 1249 3411 etenim
1289 3351 1582 3408 Jerusalem
1625 3348 1891 3403 civitatem
1930 3348 2018 3414 jn-

454 3458 614 3513 stitite
650 3453 942 3510 vmatnlam
969 3450 1083 3504 fore
1113 3447 1244 3503 dixit
1276 3447 1529 3516 propheta
1565 3441 1745 3513 (chli.
1777 3443 1829 3497 8.
1858 3442 1935 3511 5),
1969 3452 2023 3495 et

453 3563 557 3604 nan
585 3557 663 3602 est
692 3552 898 3600 vocata.
926 3540 1062 3608 Quid
1089 3538 1248 3609 ergo?
1270 3537 1534 3590 falsumne
1562 3534 1694 3587 dixit
1727 3530 2022 3601 propheta?

444 3641 793 3708 Nequaquam
824 3650 842 3687 :
870 3646 990 3686 nam
1018 3631 1159 3684 illam
1189 3627 1403 3699 quidem
1434 3625 1511 3681 sic
1547 3626 1841 3679 voeaudam
1891 3623 2023 3677 dixit

457 3745 551 3799 per
579 3742 756 3780 rerum
786 3730 1065 3779 eventum.
1094 3720 1362 3774 Christum
1403 3733 1617 3787 quoque
1655 3717 1788 3770 dixit
1829 3729 2013 3769 vocan-

443 3822 582 3875 vdum
612 3815 1012 3872 Emmanuctcm
1045 3809 1196 3879 (lsai.
1224 3810 1275 3863 7.
1310 3805 1432 3878 li);
1460 3819 1514 3862 et
1554 3822 1652 3862 nec
1683 3807 1794 3876 ipse
1818 3821 2028 3876 quoque

454 3914 537 3966 sic
576 3917 661 3964 est
690 3913 929 3966 vocatus,
962 3902 1056 3957 sed
1085 3915 1173 3955 res
1204 3899 1331 3970 ipsie
1362 3897 1500 3952 hanc
1530 3912 1716 3951 vocem
1755 3898 2023 3950 emittunt.

448 4006 533 4060 .lta
550 4002 855 4070 hicquoquc
867 3989 1348 4049 NouissimusAdmn
1367 3989 1416 4041 in
1430 3988 1660 4056 spiritum
1680 3987 2024 4054 viviﬁcantem.

527 4094 580 4146 4.
607 4091 730 4143 llaec
766 4095 941 4142 autem
968 4083 1123 4147 dixit,
1155 4089 1212 4133 ut
1237 4080 1432 4142 discas,
1488 4077 1627 4146 quod
1658 4087 1708 4131 et
1740 4078 1859 4129 vita:
1887 4092 2029 4146 piae-

464 4181 632 4237 sentis
658 4187 712 4233 ct
736 4176 924 4230 futura:
948 4173 1057 4241 jam
1086 4177 1347 4224 venerunt
1372 4166 1525 4236 signa
1551 4175 1603 4219 et
1637 4168 1873 4236 pignora:
1905 4181 2034 4235 pne-

466 4271 633 4326 sentis
662 4267 875 4337 quidem
925 4264 1112 4323 Adam,
1144 4258 1332 4313 futura:
1377 4265 1555 4312 autem
1599 4256 1862 4311 Christus.
1901 4256 2031 4310 Nam

467 4361 717 4433 quoniam
749 4370 868 4426 qua:
913 4361 1038 4407 sunt
1090 4350 1311 4405 meliora
1362 4349 1513 4418 ponit
1546 4348 1597 4401 in
1635 4362 1762 4416 Spe,
1806 4349 2038 4402 ostendit

458 4450 784 4523 principium
812 4447 919 4517 jam
938 4444 1202 4505 evenisse,
1224 4453 1276 4497 et
1299 4443 1529 4496 radicem
1558 4452 1611 4496 et
1645 4441 1844 4497 fontem
1872 4457 2034 4512 appa-

477 4544 666 4597 ruisse.
690 4539 745 4593 Si
768 4545 943 4591 autem
960 4535 1108 4589 radix
1131 4543 1184 4588 et
1201 4532 1319 4587 fons
1340 4542 1422 4586 est
1438 4533 1683 4586 omnibus
1703 4532 2037 4599 manifestus,

476 4632 604 4688 nihil
622 4639 703 4685 est
723 4624 1072 4684 dubitandum
1094 4622 1161 4677 de
1182 4622 1457 4675 fructibus.
1477 4621 1544 4674 Et
1558 4621 1676 4676 idco
1696 4623 1847 4689 dicit,
1867 4621 2043 4675 Novis-

475 4725 630 4776 simus
660 4720 823 4773 Adam
852 4719 904 4770 in
935 4714 1170 4786 spiritum
1216 4712 1547 4779 viviﬁcantem
1566 4723 1655 4766 :et
1675 4714 1797 4766 alibi
1829 4730 2042 4783 quoque

477 4815 627 4878 dicit,
665 4810 948 4880 Viri/icabit
977 4806 1211 4862 mortalia
1228 4820 1440 4875 corpora
1465 4813 1625 4858 vestra
1647 4822 1736 4873 per
1750 4807 2044 4860 inhabitan-

468 4915 578 4957 1cm
604 4900 855 4969 Spiritum
885 4901 939 4952 in
968 4898 1103 4953 vobis
1125 4896 1301 4969 (Rom.
1320 4896 1375 4949 8.
1398 4895 1506 4965 ll).
1539 4894 1635 4949 Est
1662 4910 1790 4965 ergo
1815 4895 2046 4964 Spiritus

470 4990 772 5049 viviﬁcare.
798 4989 998 5044 Deinde
1021 5002 1088 5043 nc
1108 4990 1370 5056 quispiam
1396 4987 1633 5052 diceret,
1664 4987 1773 5042 Cur
1794 5000 1919 5067 sunt
1947 5005 2047 5043 an-

470 5083 711 5154 tiquiora
749 5094 812 5133 ea
852 5094 970 5147 qua:
1014 5087 1137 5130 sunt
1184 5078 1404 5145 pejora;
1441 5088 1496 5132 et
1532 5095 1651 5148 qure
1680 5090 1801 5134 sunt
1834 5083 2048 5151 quidem

480 5172 754 5238 animalia,
771 5179 879 5223 tota
911 5178 1224 5232 evenerunt,
1242 5177 1559 5224 nectantum
1580 5186 1746 5242 usque
1770 5172 1835 5228 ad
1866 5177 2052 5245 primi-

486 5269 611 5329 ιίειε,
632 5281 749 5335 (μνη
772 5270 954 5319 autent
977 5259 1293 5328 Spiritualia,
1323 5272 1427 5312 non
1455 5260 1553 5314 nisi
1583 5277 1749 5333 usque
1776 5265 1841 5318 ad
1872 5269 2054 5334 primi-

487 5358 624 5411 tias?
646 5352 877 5410 ostendit
898 5351 1038 5407 utriu
1070 5365 1174 5421 quc
1193 5349 1448 5421 principia
1464 5349 1534 5404 ita
1562 5350 1726 5408 fuisse
1742 5357 2052 5412 constituta.

483 5448 573 5502 ιϐ.
605 5447 711 5501 Sed
754 5464 853 5500 non
899 5446 1077 5514 prius,
1122 5443 1314 5513 inquit,
1361 5444 1496 5514 quod
1552 5446 1817 5515 spirituale
1842 5458 1934 5507 est.
1965 5448 2054 5502 sed

487 5536 619 5603 quod
647 5536 867 5589 animale
890 5551 909 5589 :
948 5534 1128 5587 deinde
1170 5533 1307 5606 quod
1346 5534 1629 5603 spirituale.
1664 5536 1777 5590 Non
1809 5537 1937 5590 dicit
1961 5554 2052 5592 au-

489 5634 619 5688 tem,
644 5642 831 5695 quare,
874 5626 968 5681 scd
995 5635 1072 5680 est
1115 5635 1399 5680 contentus
1429 5626 1522 5678 Dei
1551 5628 1885 5682 ordinatione
1906 5670 1921 5693 ,
1958 5631 2054 5683 hu-

1094 257 1149 311 S.
1188 251 1458 310 JUANNB
1494 242 1967 315 CHRYSOSTOMI
2010 238 2316 295 ABClllEP.
2360 240 2888 297 (ZONS'I'ANTINOP.

3535 248 3641 302 360

2070 354 2198 407 hens
2244 355 2562 408 sententiam
2594 371 2710 422 qum
2738 356 2978 425 procedit
3002 371 3031 407 a
3055 355 3214 408 rebus
3239 398 3251 421 ,
3280 355 3638 412 testimonium

2069 441 2324 497 ferentem
2365 443 2579 512 optione
2626 446 2718 498 Dei
2764 445 3235 508 administrationi,
3270 456 3323 500 ct
3351 449 3640 503 osteridens

2069 533 2207 601 quod
2228 548 2313 586 res
2330 543 2526 586 nostra:
2547 548 2758 602 semper
2781 534 3074 603 procedunt
3093 535 3160 587 ad
3180 536 3230 589 id
3253 537 3397 605 quod
3422 547 3506 591 est
3526 554 3637 594 me-

2072 624 2173 677 lius
2193 639 2254 678 ae
2272 623 2606 692 praestantius
2639 642 2652 678 :
2676 625 2831 677 simul
2867 626 3033 680 etiam
3060 625 3181 679 hinc
3196 641 3409 695 quoque
3427 628 3476 682 ei
3500 630 3640 697 quod

2071 714 2197 768 dicit
2211 714 2367 768 fidem
2388 713 2605 768 faciens.
2628 714 2757 769 Nam
2770 716 2813 769 si
2836 731 2955 785 qua:
2971 726 3091 769 sunt
3104 716 3309 771 minora
3325 730 3641 787 evenerunt,

2074 806 2418 874 multomagis
2446 821 2564 874 qua:
2590 815 2713 860 sunt
2745 807 2963 863 intellbra
2993 816 3118 862 sunt
3139 808 3514 877 exspectanda.

2148 896 2339 950 Mortui
2358 914 2457 950 non
2480 899 2627 950 nimis
2653 899 2874 969 lugendi,
2896 901 2985 952 sed
3014 899 3241 969 precibus
3278 912 3323 955 ct
3352 902 3493 956 bonis
3521 918 3643 972 ope-

2075 987 2211 1041 ribus
2249 987 2486 1057 jnvundi.
2536 1017 2604 1027 -—
2649 988 2782 1041 Cum
2826 1004 2954 1059 ergo
2990 989 3225 1044 futurum
3262 991 3337 1045 sit
3362 1001 3423 1046 ut
3455 994 3650 1047 talibus

2080 1079 2316 1132 fruamur
2331 1079 2517 1142 .bonis,
2544 1096 2644 1134 nos
2674 1082 2724 1133 in
2752 1080 2858 1136 hoc
2899 1082 3087 1135 ordine
3137 1082 3480 1148 collocemus,
3500 1093 3557 1137 et
3582 1099 3650 1139 ne

2080 1169 2370 1225 defleamus
2392 1186 2486 1223 eos
2511 1172 2598 1239 qui
2626 1171 2908 1233 excedunt,
2936 1172 3029 1226 sed
3071 1186 3166 1226 eos
3200 1173 3289 1240 qui
3321 1173 3481 1226 vitam
3512 1174 3651 1227 inale

2083 1260 2289 1317 finiunt.
2323 1262 2454 1317 Nam
2476 1271 2531 1314 et
2552 1262 2921 1331 agricola-Cum
2952 1262 3146 1316 viderit
3168 1262 3385 1316 dissolvi
3415 1263 3650 1318 frumen-

2086 1362 2221 1419 tum,
2247 1368 2350 1405 uon
2376 1353 2717 1416 lamentatur,
2751 1351 2845 1406 sed
2868 1352 3125 1419 quamdiu
3152 1352 3365 1422 quidem
3397 1353 3654 1408 videtisn-

2072 1442 2247 1501 lidum
2267 1458 2486 1497 manere
2509 1443 2558 1495 in
2585 1454 2746 1503 terra,
2773 1452 2988 1497 veretur
3012 1450 3068 1497 et
3081 1444 3441 1497 contremiscit
3462 1458 3478 1509 ς
3511 1452 3654 1512 post-

2087 1548 2242 1601 quam
2270 1542 2447 1587 autem
2472 1532 2636 1585 fuerit
2658 1531 2997 1597 dissolutum,
3030 1532 3256 1585 la-tatur.
3282 1533 3491 1586 Initium
3513 1533 3653 1586 enim

2092 1623 2279 1677 futura:
2305 1623 2562 1676 sementis
2586 1632 2668 1676 est
2696 1622 2997 1676 dissolutio.
3051 1624 3138 1677 Sic
3167 1637 3266 1677 nos
3292 1639 3502 1692 quoque
3533 1634 3657 1678 tunc

2094 1716 2354 1779 lzetemur,
2382 1729 2502 1768 cum
2524 1714 2784 1768 ceciderit
2819 1713 3009 1767 domus
3030 1713 3082 1766 in
3113 1728 3269 1783 quam
3310 1716 3455 1769 cadit
3482 1717 3662 1770 interi-

2096 1816 2182 1859 tus
2205 1845 2222 1871 ,
2273 1805 2484 1874 quando
2527 1807 2684 1859 homo
2726 1804 2886 1860 fuerit
2915 1807 3226 1860 seminatus.
3270 1805 3376 1861 Nec
3405 1809 3615 1861 mireris
3642 1849 3661 1871 ,

2092 1900 2138 1951 si
2161 1899 2485 1965 sepulturam
2515 1896 2716 1949 vocarit
2741 1906 3036 1951 sementem
3063 1910 3078 1960 ;
3113 1910 3174 1949 ea
3197 1895 3339 1950 enim
3367 1906 3451 1951 est
3477 1898 3664 1951 melior

2097 1989 2371 2042 sementis.
2400 1987 2528 2042 Nam
2552 1989 2624 2041 illi
2656 1988 2870 2057 quidem
2899 1987 3138 2042 succedit
3169 2001 3314 2042 mors
3338 1999 3394 2042 et
3412 1988 3658 2050 labores.

2102 2081 2333 2148 pericula
2360 2089 2415 2134 et
2434 2096 2576 2134 cura:
2611 2098 2624 2132 :
2655 2080 2776 2133 huic
2817 2089 3017 2143 autem,
3038 2079 3086 2133 si
3110 2090 3252 2134 recte
3281 2080 3552 2145 vivamus,
3578 2094 3670 2133 co—

2103 2188 2248 2225 ronae
2276 2181 2331 2225 et
2363 2177 2574 2239 prmmia
2598 2187 2611 2224 :
2646 2181 2700 2224 ct
2722 2171 2798 2224 illi
2821 2170 3032 2240 quidem
3061 2172 3414 2239 corruptione
3431 2172 3674 2229 interitus

2104 2275 2158 2318 et
2188 2278 2363 2323 mors;
2394 2262 2517 2315 huic
2534 2271 2711 2316 autem
2744 2263 2961 2316 interitu
3005 2276 3211 2324 carere,
3258 2262 3585 2332 incorruplio
3617 2273 3674 2317 et

2094 2354 2497 2419 immortalitas,
2519 2363 2575 2408 et
2601 2353 2738 2407 bona
2768 2353 3171 2407 innumerabilia
3203 2371 3217 2408 :
3252 2354 3302 2407 in
3334 2354 3423 2407 illa
3452 2358 3671 2408 semina-

2109 2446 2250 2500 tione
2300 2454 2423 2499 sunt
2453 2443 2767 2514 complexus
2814 2453 2868 2498 et
2906 2444 3203 2512 voluptates
3247 2454 3296 2498 et
3337 2460 3593 2509 suauius;
3620 2447 3674 2498 in

2110 2536 2207 2590 hac
2232 2544 2412 2589 autem
2442 2550 2543 2588 vox
2574 2535 2747 2589 solum
2777 2548 2808 2589 e
2833 2534 2979 2588 cadis
3006 2533 3341 2589 descendens
3361 2576 3376 2600 ,
3407 2546 3462 2591 et
3498 2537 3674 2591 omnia

2110 2626 2263 2680 simul
2294 2636 2514 2694 repnnte
2542 2625 2908 2694 perficiuntur.
2939 2624 3002 2677 Et
3033 2625 3121 2692 qui
3148 2625 3401 2693 resurgit,
3426 2640 3530 2679 non
3561 2641 3672 2678 am-

2113 2718 2250 2786 plius
2274 2716 2524 2784 deinceps
2541 2714 2823 2768 adducitur
2843 2713 2909 2767 ad
2939 2714 3099 2767 vitam
3127 2714 3467 2779 laboriosam,
3494 2715 3586 2769 sed
3609 2716 3677 2768 ad

2112 2823 2231 2862 eam
2262 2806 2402 2861 unde
2434 2806 2615 2874 etl'ugit
2641 2805 2817 2869 dolor,
2852 2804 3025 2859 luctus
3051 2814 3105 2858 et
3133 2804 3382 2874 gemitus.
3417 2805 3471 2859 Si
3500 2815 3678 2863 autem

2116 2898 2481 2953 defensionem
2532 2896 2763 2965 requiris
2783 2904 2838 2949 et
2869 2895 3240 2963 patrocinium,
3292 2906 3348 2949 et
3400 2905 3677 2964 propterea

2117 2990 2285 3042 virum
2311 2988 2498 3053 defles,
2526 2986 2752 3056 confuge
2777 2986 2842 3039 ad
2874 2986 3112 3040 omnium
3136 3001 3481 3043 communem
3508 3000 3688 3058 patro-

2118 3096 2267 3147 num;
2283 3078 2639 3145 defensorem,
2657 3087 2980 3133 servatorem
3007 3086 3062 3132 et
3082 3077 3473 3135 benefactorem
3495 3079 3682 3145 Deum.

2118 3173 2185 3226 ad
2238 3170 2645 3240 inexpugnabile
2693 3169 2945 3223 auxilium
2968 3210 2986 3235 ,
3014 3168 3081 3223 ad
3128 3169 3282 3224 facile
3302 3177 3357 3224 et
3386 3182 3688 3239 promptum

2122 3264 2507 3334 atljumentum,
2539 3260 2605 3313 ad
2638 3270 2944 3330 perpetuam
2999 3276 3118 3330 quae
3171 3276 3387 3332 semper
3415 3270 3471 3317 et
3497 3262 3691 3331 ubique

2121 3355 2273 3410 adest
2302 3353 2708 3425 protectionem.
2738 3367 2836 3414 nos
2860 3352 3091 3427 undique
3113 3352 3454 3411 munientcm.
3475 3357 3537 3405 At
3564 3366 3693 3408 con-

2124 3448 2350 3504 suetudo
2379 3464 2464 3504 res
2491 3460 2571 3503 est
2592 3448 2964 3504 desiderabilis
2983 3459 3035 3503 et
3061 3448 3323 3503 amabilis.
3348 3445 3459 3517 Ego
3476 3459 3693 3515 quoque

2127 3544 2178 3596 id
2199 3542 2346 3606 scio;
2377 3541 2471 3595 sed
2497 3542 2539 3595 si
2570 3541 2760 3596 rationi
2793 3552 2994 3595 motum
3020 3541 3183 3595 animi
3234 3539 3567 3595 commiseris
3589 3580 3606 3603 ,
3633 3547 3692 3593 et

2129 3632 2271 3702 apud
2304 3643 2354 3687 te
2384 3633 2715 3700 reputaveris
2760 3632 2880 3701 quis
2901 3633 2970 3685 sit
2999 3632 3089 3702 qui
3123 3632 3326 3703 accepit
3349 3672 3364 3694 .
3395 3642 3449 3686 et
3470 3630 3615 3700 quod
3644 3631 3695 3685 si

2128 3724 2249 3777 forti
2272 3723 2450 3776 animo
2480 3723 2683 3784 tuleris,
2715 3724 2823 3778 Deo
2854 3735 3085 3779 mentem
3119 3734 3282 3779 totam
3308 3724 3467 3778 offers
3494 3724 3696 3777 sacrili-

2131 3816 2310 3879 cium;
2344 3813 2485 3867 bunc
2511 3829 2721 3884 quoque
2777 3813 2993 3869 fluctuat
3037 3815 3236 3883 poteris
3265 3815 3534 3877 vitare,,et
3557 3813 3697 3883 quod

2134 3914 2344 3975 tempus
2394 3904 2595 3968 efficit,
2627 3906 2730 3960 hoc
2779 3904 2935 3960 faciet
2985 3905 3340 3975 philosiiphia.
3385 3905 3479 3960 Sin
3522 3916 3701 3957 autent

2134 3996 2312 4049 mollis
2354 3995 2516 4049 fueris
2535 4006 2587 4048 et
2610 4008 2917 4059 enervatus,
2972 4005 3212 4063 tempore
3257 3996 3469 4063 quidem
3498 3993 3708 4048 desinet

2137 4087 2299 4140 animi
2333 4086 2691 4155 perturbatio,
2728 4087 2819 4141 tibi
2849 4095 3024 4141 autem
3055 4087 3253 4141 nullam
3279 4086 3468 4140 afferet
3505 4101 3707 4141 merce-

2139 4179 2282 4232 dem.
2314 4179 2446 4231 Cum
2471 4177 2553 4231 his
2582 4177 2876 4232 rationibus
2907 4177 3097 4247 Collige
3123 4178 3283 4231 etiam
3314 4176 3554 4245 exempla
3588 4191 3706 4245 qua:

2142 4281 2263 4325 sunt
2291 4273 2340 4323 in
2366 4270 2611 4340 praesenti
2643 4271 2769 4335 vita,
2796 4285 2913 4340 qum
2940 4280 3061 4323 sunt
3085 4270 3134 4322 in
3164 4268 3357 4324 divinis
3382 4269 3666 4337 Scripturis
3689 4284 3704 4320 :

2143 4363 2315 4431 cogita
2344 4361 2484 4430 quod
2516 4360 2782 4413 Abraham
2811 4374 2965 4414 suum
2985 4359 3245 4427 jugulavit
3266 4359 3512 4423 filium,ct
3540 4372 3712 4428 neque

2146 4453 2294 4506 ﬂevit
2339 4467 2512 4520 neque
2540 4452 2757 4506 verbum
2788 4453 2967 4506 emisit
3011 4451 3305 4520 acerhnm(
3336 4450 3540 4505 Genﬂ
3574 4452 3611 4519 ).
3645 4450 3715 4503 At

2149 4546 2258 4603 ille,
2292 4544 2519 4611 inquies,
2567 4553 2683 4596 erat
2714 4543 3004 4597 Abraham.
3052 4544 3213 4613 Atqui
3241 4553 3296 4596 tu
3323 4553 3545 4596 vocatus
3571 4557 3629 4594 es
3659 4552 3717 4594 ut

2151 4637 2350 4704 majora
2378 4643 2527 4703 septa
2553 4634 2920 4688 transcendas.
2946 4634 3047 4689 Job
3067 4645 3243 4688 autem
3278 4643 3479 4688 tantum
3503 4632 3715 4701 quidem

2151 4728 2341 4791 doluit,
2400 4736 2654 4796 quantum
2683 4737 2765 4781 est
2799 4738 3215 4782 consentaneum
3260 4738 3466 4796 patrem
3524 4726 3719 4779 liberos

2154 4827 2453 4884 amantem,
2482 4827 2533 4872 et
2565 4833 2805 4888 magnam
2851 4833 3032 4873 curam
3070 4828 3345 4888 gerentem
3393 4832 3579 4871 eorum
3632 4817 3723 4885 qui

2160 4917 2521 4964 excesserant.
2552 4908 2682 4962 Nam
2710 4924 2829 4978 qua:
2876 4922 2973 4962 nos
3017 4909 3229 4978 quidem
3276 4923 3415 4962 nunc
3455 4906 3680 4961 facimus
3705 4944 3721 4969 ,

2161 5011 2283 5053 sunt
2315 5001 2648 5055 inimicorum
2672 5010 2725 5054 et
2756 4998 3007 5053 hostium.
3056 4998 3236 5067 Neque
3273 5000 3438 5063 enim,
3471 4999 3514 5053 si
3545 5000 3729 5068 aliquo

2161 5091 2211 5143 in
2236 5093 2433 5160 regiam
2472 5090 2702 5143 abducto
2729 5098 2782 5143 et
2804 5101 3062 5144 coronato
3090 5092 3368 5158 plangi-res
3395 5101 3444 5143 et
3470 5090 3729 5145 lamenta-

2161 5181 2316 5245 reris,
2364 5188 2416 5233 te
2455 5180 2679 5234 dixerim
2706 5196 2822 5233 esse
2852 5180 3091 5235 coronati
3134 5183 3384 5244 amicum,
3441 5181 3532 5235 sed
3582 5180 3731 5235 valde

2163 5274 2433 5328 inimicum
2464 5285 2517 5326 et
2540 5275 2768 5327 hostem.
2816 5276 2884 5328 At
2913 5288 3016 5327 non
3059 5274 3203 5327 illum
3229 5315 3245 5339 ,
3275 5275 3500 5343 inquies,
3538 5274 3692 5343 lugeo
3714 5312 3732 5337 ,

2163 5363 2256 5418 sed
2290 5380 2374 5417 me
2419 5364 2612 5432 ipsum.
2644 5364 2750 5420 Sed
2774 5380 2947 5433 neque
2980 5364 3081 5419 hoc
3108 5375 3192 5419 est
3217 5367 3466 5430 amantis,
3502 5365 3637 5420 velle
3669 5365 3732 5419 il~

2166 5454 2273 5507 lum
2300 5463 2519 5522 propter
2544 5463 2595 5508 te
2615 5456 2735 5524 angi
2766 5467 2820 5511 et
2843 5457 3025 5510 vexati
3052 5464 3105 5510 et
3136 5457 3338 5511 incerto
3371 5456 3547 5511 futuro
3575 5456 3733 5525 subji-

2165 5545 2235 5606 ci,
2263 5560 2383 5598 cum
2415 5544 2554 5600 adsit
2582 5548 2826 5601 coronari
2859 5559 2914 5602 et
2941 5547 3004 5600 ad
3034 5557 3243 5616 portum
3271 5547 3527 5612 tendere;
3571 5556 3662 5600 aut
3685 5548 3736 5601 in

2168 5637 2298 5689 mari
2317 5636 2527 5706 jactari,
2554 5652 2675 5693 cum
2704 5638 2859 5693 liceat
2884 5652 3004 5693 esse
3027 5638 3078 5690 in
3105 5646 3281 5709 portu.
3326 5640 3391 5694 At
3417 5636 3623 5708 nescio,
3656 5636 3741 5689 iu-
