4138 6220
475 372 572 427 ὅθί

424 507 427 509 ’
472 484 647 549 ὀρθῶς
668 483 813 537 ἐϐίου
841 482 1195 575 εῖτσέτέρως,
1219 481 1379 550 δῆλον
1402 479 1504 531 ποῦ
1527 479 1788 549 χωρήσει.
1816 477 1894 528 Δι’
1919 475 2052 528 αὐτὸ

469 576 583 648 γάρ
608 575 773 629 τοῦτο
788 566 1089 643 ·κόπτῖ›μαι,
1120 573 1307 641 φησὶν,
1338 573 1422 625 ὅτι
1460 569 1783 641 ἁμαρτωλὸς
1816 566 2048 637 ἀπῆλθε.

473 669 683 738 Σκῆψις
708 666 879 721 ταῦτα
907 666 1002 719 καὶ
1030 664 1325 735 πρόφασις.
1358 664 1420 717 ΕΞ
1447 663 1556 733 γὰρ
1585 660 1673 714 διὰ
1690 659 1858 712 τοῦτο
1881 658 2050 711 ἀπελ-

475 759 635 812 θόντα
666 756 933 827 ἐθρήνεις,
960 752 1139 819 ζῶντα
1170 755 1512 828 μεταπλάσαι
1540 753 1706 823 ἐχρῆν
1731 751 1825 805 καὶ
1859 748 1956 821 ρυθ
1966 748 2053 820 μί-

476 864 588 901 σαι.
625 844 785 897 Ἀλλὰ
816 845 883 899 τά
916 844 1117 899 σαυτοῦ
1167 846 1232 899 σὺ
1284 842 1558 914 πανταχοῦ
1605 842 1846 904 σκοπεῖς,
1880 839 1940 893 οὐ
1983 838 2053 892 τά

474 933 719 990 ἐκείνων
745 938 808 990 Εί
835 936 892 990 δέ
922 940 1018 991 ικαὶ
1047 936 1370 1008 ἁμαρτωλὸς
1393 934 1622 1005 ἀπῆλθε,
1647 934 1741 987 καὶ
1772 932 1860 985 διὰ
1892 931 2051 985 τοῦτο

469 1030 553 1083 δεῖ
611 1028 843 1099 χαίρειν,
879 1030 961 1082 ὅτι
1007 1029 1244 1099 ἐνεκόπη
1291 1027 1360 1081 τὰ
1401 1027 1794 1097 ἁμαρτήματα,
1844 1023 1937 1076 καὶ
1989 1022 2051 1076 οὐ

471 1213 534 1266 οὐ
556 1211 834 1283 δακρύειν,
864 1212 979 1265 ἀλλ’
1013 1213 1200 1282 εὐχαῖς
1239 1213 1333 1264 καὶ
1370 1208 1672 1281 ἱκετηρίαις
1700 1207 1796 1261 καὶ
1824 1207 2054 1277 ἐλεημοο

474 1305 663 1367 σύναις
700 1304 794 1357 καὶ
828 1307 1186 1375 προσφοραῖς.
1213 1304 1288 1357 Οὐ
1318 1304 1426 1375 γὰρ
1455 1301 1641 1365 ἁπλῶς
1674 1298 1849 1353 ταῦτα
1874 1300 2054 1352 ἐπινε-

473 1398 685 1466 νόηται,
713 1395 834 1449 οὐδὲ
867 1397 990 1466 εἰκῆ
1015 1397 1118 1466 μνή
1128 1412 1235 1466 μην
1259 1392 1559 1465 ποιούμεθα
1579 1391 1689 1445 τῶν
1711 1387 2054 1444 ἀπελθόντων

473 1490 566 1544 ἐπὶ
588 1488 699 1540 τῶν
722 1488 880 1540 θείων
905 1488 1240 1559 μυστηρίων,
1271 1488 1365 1539 καὶ
1395 1486 1534 1557 ὑπὲρ
1559 1483 1738 1539 αὐτῶν
1762 1480 2049 1553 πρόσιμεν,

471 1580 715 1650 δεόμενοι
747 1577 840 1631 τοῦ
883 1578 1084 1648 Ἀμνοῦ
1113 1576 1206 1630 τοῦ
1241 1575 1499 1648 κειμένου
1539 1574 1632 1628 τοῦ
1658 1573 1915 1637 λαϐόντος
1952 1571 2055 1643 τὴν

471 1670 750 1740 ἁμαρτίαν
787 1669 880 1722 τοῦ
902 1669 1147 1738 -κόσμου,
1184 1668 1299 1721 ἀλλ’
1330 1670 1415 1722 ἵνα
1463 1685 1548 1731 τις
1590 1665 1840 1720 ἐντεῦθεν
1869 1665 2055 1728 αὐτοῖς

471 1763 697 1832 γένηται
741 1760 1099 1830 παραμυθίαν·
1116 1761 1238 1813 οὐδὲ
1277 1761 1453 1830 μάτην
1486 1760 1514 1811 6
1535 1756 1829 1829 παρεστὼς
1850 1756 1930 1825 τῷ
1962 1755 2055 1809 θυ-

473 1851 773 1922 σιαστηρίῳ
807 1850 914 1903 τῶν
940 1851 1187 1921 φρικτῶν
1220 1850 1534 1921 μυστηρίων
1555 1850 1896 1919 τελουμένων
1933 1848 2050 1919 βοᾷ·

470 1942 624 2015 [595]
667 1943 1082 2013 ’Υπέριπάντων
1115 1941 1224 1995 τῶν
1257 1943 1315 1996 ἐν
1342 1941 1574 2012 Χριστῷ
1607 1941 2050 2012 κεκοιμημένων,

472 2040 565 2089 καθ⁵
586 2037 695 2089 τῶν
717 2039 814 2101 τὰς
842 2037 1030 2108 μνείας
1056 2037 1194 2107 ὑπὲρ
1213 2035 1393 2089 αὐτῶν
1419 2033 1830 2089 ἐπιτελούντων.
1860 2035 1920 2087 Εἰ
1944 2033 2054 2104 γὰρ

473 2127 549 2198 μὴ
590 2128 732 2199 ὑπὲρ
776 2128 956 2181 αὐτῶν
1008 2128 1065 2180 αί
1115 2129 1297 2196 μνεῖαι
1339 2127 1608 2195 ἐγένοντο,
1634 2125 1743 2178 οὐδ’
1776 2125 1842 2178 ἂν
1880 2124 2056 2178 ταῦτα

471 2220 687 2288 ἐλέχθη.
706 2219 797 2271 ’οὐ
832 2218 941 2288 γάρ
974 2219 1088 2271 ἐστι
1118 2215 1293 2287 σκηνὴ
1323 2216 1391 2270 τὰ
1419 2216 1686 2287 ἡμέτερα,
1720 2214 1796 2286 μὴ
1823 2215 2049 2284 γένοιτο⁶

448 2310 789 2378 »υνεύματος
821 2308 930 2379 γὰρ
962 2308 1206 2374 διατάξει
1236 2307 1414 2360 ταῦτα
1446 2308 1676 2375 γίνεται.

524 2408 601 2453 Δε’.
631 2400 926 2472 Βοηθῶμεν
940 2400 1124 2452 τοίνυν
1151 2400 1357 2463 αὐτοῖς,
1375 2399 1468 2452 καὶ
1497 2397 1689 2467 μνείαν
1715 2396 1853 2468 ὑπὲρ
1874 2395 2054 2450 αὐτῶν

468 2492 823 2563 ἐπιτελῶμεν.
856 2492 917 2544 Εἰ
941 2491 1050 2561 γάρ
1070 2490 1197 2554 τούς
1220 2490 1419 2552 παῖδας
1437 2489 1532 2541 τοῦ
1564 2487 1683 2541 Ἰὼϐ
1706 2487 1998 2557 ἐκάθαιρεν
2017 2488 2050 2557 ἡ

467 2584 563 2637 τοῦ
590 2583 799 2654 πατρὸς
829 2583 1010 2646 θυσία,
1036 2582 1088 2634 τί
1114 2580 1502 2652 ἀμφιϐάλλεις,
1525 2582 1573 2633 εί
1599 2581 1691 2632 καὶ
1722 2582 1754 2650 η
1765 2578 1882 2649 μῶν
1913 2578 2054 2649 ὑπὲρ

468 2676 578 2728 τῶν
617 2674 963 2729 ἀπελθόντων
1015 2674 1437 2746 προσφερόντων
1484 2670 1693 2740 γίνεταί
1733 2687 1817 2734 τις
1870 2669 2053 2733 αὐτοῖς

468 2767 829 2838 παραμυθία;
863 2765 1035 2821 Εῖωθε
1055 2765 1165 2837 γὰρ
1187 2767 1216 2818 6
1241 2764 1374 2828 Θεὸς
1402 2765 1495 2818 καὶ
1528 2765 1738 2834 ἐτέροις
1774 2763 1914 2828 ὑπὲρ
1939 2761 2050 2815 ἐτέ-

473 2877 581 2929 ρων
615 2858 955 2928 χαρίζεσθαι.
987 2857 1098 2911 Καὶ
1122 2856 1281 2911 τοῦτο
1306 2856 1514 2910 ἐδείκνυ
1548 2858 1576 2908 6
1606 2856 1819 2918 Παῦλος
1854 2854 2049 2923 λέγων·

471 2950 605 3003 ’τινα
624 2949 694 3001 ἐν
716 2946 927 3014 πολλῷ
951 2948 1250 3017 προσώπῳ
1276 2948 1341 3001 τὸ
1369 2951 1456 3015 εἰς
1491 2947 1644 3017 ἡμᾶς
1672 2947 1937 3017 χάρισμα
1957 2944 2053 3000 διὰ

469 3038 721 3094 πολλῶν
766 3040 1179 3110 εὐχαριστηθῇ
1218 3039 1375 3108 ὑπὲρ
1416 3038 1600 3109 ὑμῶν.
1633 3040 1724 3111 Μὴ
1749 3037 1812 3110 δὴ
1846 3036 2055 3090 ἀποκά-

470 3147 662 3200 μωμεν
685 3133 797 3193 τοῖς
819 3122 1120 3183 ἀπελθοῦσι
1154 3130 1495 3202 βοηθοῦντες,
1527 3129 1621 3181 καὶ
1652 3128 2056 3199 προσφέροντες

468 3221 612 3293 ὑπὲρ
634 3221 815 3275 αὐτῶν
848 3222 1034 3292 εὐχάςο
1062 3221 1288 3293 καὶγὰρ
1318 3221 1379 3274 τὸ
1401 3220 1579 3274 κοινὸν
1610 3221 1705 3290 τῆς
1732 3219 2058 3289 οἰκουμένης

468 3315 649 3366 κεῖται
683 3314 997 3384 καθάρσιον.
1043 3313 1154 3367 Διά
1198 3313 1356 3365 τοῦτο
1397 3311 1727 3383 θαρροῦντες
1778 3310 1919 3380 ὑπὲρ
1957 3312 2056 3378 τῆς

469 3406 798 3476 οἰκουμένης
817 3404 1052 3475 δεόμεθα
1072 3404 1221 3467 τότε,
1255 3405 1349 3458 καὶ.
1375 3404 1515 3474 μετὰ
1542 3402 1836 3474 μαρτύρων
1858 3401 2056 3463 αὐτοὺς

468 3496 770 3566 καλοῦμεν,
805 3495 944 3566 μετά
968 3495 1349 3566 ·όμολογητῶν,
1385 3494 1521 3565 μετά
1561 3494 1772 3565 ἱερέων.
1806 3492 1915 3546 Καὶ
1946 3490 2052 3563 γὰρ

458 3588 528 3641 ἐν
562 3587 722 3657 σῶμά
760 3588 927 3655 ἐσμεν
954 3585 1217 3652 ἅπαντες,
1255 3586 1362 3640 κᾶν
1400 3585 1754 3657 λαμπρότερα
1788 3583 1922 3655 μέλη
1961 3598 2057 3652 με-

462 3680 600 3733 ηλῶνο
641 3680 735 3734 καὶ
768 3680 993 3733 δυνατὸν
1033 3679 1299 3735 πάντοθεν
1342 3680 1673 3750 συγγνώμην
1699 3679 1891 3741 αὐτοῖς
1928 3694 2055 3729 συν-

470 3772 723 3839 αγαγεῖν,
752 3770 860 3823 ἀπὸ
892 3770 1001 3823 τῶν
1032 3770 1229 3842 εὐχῶν,
1266 3771 1375 3825 ἀπὸ
1411 3771 1519 3824 τῶν
1561 3770 1703 3840 ὑπὲρ
1734 3768 1914 3822 αὐτῶν
1942 3767 2053 3820 δὼ-

473 3880 605 3933 ρων,
627 3862 735 3917 ἀπὸ
765 3861 872 3916 τῶν
904 3863 1021 3934 μετ’
1036 3862 1226 3917 αὐτῶν
1252 3862 1626 3934 καλουμένων.
1656 3862 1723 3914 Τί
1748 3861 1928 3914 τοίνυν
1956 3860 2054 3913 ἀλ-

469 3957 608 4021 γεῖς,
638 3953 769 4008 τίίδέ
797 3954 1035 4027 θρηνεῖς,
1058 3955 1228 4008 όπότε
1259 3955 1531 4025 τοσαύτην
1552 3953 1781 4007 δυνατὴν
1814 3951 2054 4020 συγγνώ-

475 4063 582 4117 μην
608 4048 934 4115 συναγαγεῖν
959 4045 1039 4116 τῷ
1063 4046 1351 4099 ἀπελθόντι
1375 4061 1390 4109 ;
1439 4044 1579 4097 Ἀλλ’
1618 4045 1701 4097 ὅτι
1735 4044 1799 4096 σύ
1823 4043 2055 4112 γέγονας

469 4136 678 4209 ἔρημος
715 4138 809 4190 καὶ
854 4138 1167 4208 προστάτην
1207 4136 1532 4202 ἀπώλεσας;
1570 4134 1734 4188 Ἀλλά
1784 4134 2053 4205 μηδέποτε

467 4226 629 4281 τοῦτο
656 4228 837 4299 εἴπῃς·
872 4228 992 4281 οὐδέ
1016 4229 1125 4299 γάρ
1153 4227 1244 4281 τὸν
1273 4227 1406 4280 Θεὸν
1426 4225 1733 4289 ἀπώλεσας.
1760 4226 1923 4278 ’Ὥστε
1949 4226 2055 4289 ἕως

469 4320 537 4375 ἂν
575 4319 762 4373 τοῦτον
802 4319 953 4391 ἔχῃς,
986 4319 1081 4375 καὶ
1113 4318 1309 4391 ἀνδρὸς
1343 4318 1504 4382 αὐτὸς
1537 4317 1692 4371 ἐσται
1728 4334 1810 4371 σοι
1848 4317 2050 4389 μείζων

469 4412 566 4465 καὶ
596 4412 806 4482 πατρὸς
846 4414 942 4466 καὶ
992 4411 1182 4475 παιδὸς
1226 4412 1322 4466 καί¹
1367 4409 1649 4482 κηδεστοῦ·
1691 4411 1786 4465 καὶ
1820 4409 1927 4481 γάρ
1958 4411 2053 4463 καὶ

469 4502 688 4565 ζώντων
723 4503 968 4567 ἐκείνων,
1000 4496 1155 4566 οὗτος
1183 4498 1252 4574 ἦν
1279 4505 1308 4557 6
1329 4502 1398 4556 τά
1427 4502 1606 4557 πάντα
1642 4502 1830 4557 ποιῶν.
1867 4501 2050 4553 Ταῦτα

466 4592 653 4647 τοίνυν
679 4595 873 4658 ἐννόει,
897 4596 991 4648 καὶ
1014 4596 1144 4663 λέγε
1171 4596 1321 4650 κατὰ
1357 4596 1449 4649 τὸν
1470 4597 1655 4650 Δαυῖδο
1684 4598 1898 4662 Κύριος
1932 4613 2049 4663 φω-

469 4686 680 4754 τισμός
713 4703 834 4754 μου
883 4686 979 4740 καί
1021 4686 1223 4754 σωτήρ
1244 4688 1385 4755 μου,
1425 4687 1560 4740 τινα
1595 4687 2051 4756 φοϐηθήσομαι;

469 4776 611 4839 εἰπὲ,
650 4776 719 4829 Σύ
748 4772 799 4830 εἷ
829 4778 858 4831 6
890 4778 1073 4848 πατὴρ
1109 4776 1218 4831 τῶν
1257 4776 1530 4848 ὀρφανῶν,
1563 4776 1658 4829 καὶ
1701 4776 1897 4846 κριτὴς
1938 4776 2047 4828 τῶν

469 4866 676 4935 χηρῶν·
703 4868 796 4921 καὶ
823 4869 1125 4923 ἐπίσπασαι
1155 4868 1321 4924 αὐτοῦ
1348 4869 1448 4938 τὴν
1474 4866 1750 4938 βοήθειαν,
1784 4866 1875 4919 καὶ
1906 4865 2046 4936 μᾶλ-

462 4958 563 5010 λον
588 4959 748 5013 αὐτὸν
771 4962 913 5027 ἕξεις
949 4963 1045 5016 νῦν
1071 4962 1401 5035 προνοοῦντα
1436 4961 1469 5034 ἢ
1509 4960 1796 5033 πρότερον,
1824 4960 1947 5012 ὅσον
1986 4962 2043 5013 ἐν

1164 364 1220 419 S.
1263 361 1548 418 JOANNIS
1586 352 2083 417 (LIIIWSOSTOMI
2122 350 2438 407 AB'CJIJEP.
2465 346 3029 406 'CONSTAﬁTlNOP.

3620 341 3731 397 362

2162 490 2373 563 μείζονι
2417 488 2684 556 κατέστης
2718 486 2938 556 ἀπορίᾳ.
2978 483 3141 538 ’Λλλά
3176 481 3383 536 παιδίον
3411 478 3732 547 ἁπώλεσας;

2158 585 2272 638 Οὐκ
2298 580 2606 643 ἀπώλεσας,
2638 581 2712 649 μὴ
2739 578 2883 647 λέγε’
2912 577 3078 638 ῦπνος
3111 581 3171 629 τὸ
3201 575 3435 647 πρᾶγμά
3468 575 3636 635 ἐστιν,
3672 573 3730 625 οὐ

2158 675 2411 738 θάνατος,
2465 674 2813 744 μετάστασις,
2851 671 2953 725 οὐκ
2991 669 3257 734 ἀπώλεια,
3303 667 3584 737 ἀποδημία
3629 667 3736 720 ἀπὸ

2157 768 2266 823 τῶν
2303 765 2603 826 ἐλαττόνων
2636 765 2727 817 ἐπὶ
2753 763 2822 817 τά
2859 762 3072 834 βελτίω.
3106 761 3207 830 Μὴ
3227 760 3291 832 δὴ
3329 758 3597 828 παρόξυνε
3644 757 3736 811 τον

2157 857 2312 923 Θεὸν,
2367 856 2483 911 ἀλλ’
2519 856 2648 909 ἵλεω
2680 856 2843 909 ποίει.
2886 855 2983 907 Ἂν
3021 853 3131 924 γὰρ
3182 851 3409 923 ἐνέγκῃς
3451 849 3734 919 γενναίως,

2159 950 2311 1003 ἔσται
2348 967 2432 1012 τις
2472 947 2765 1002 κάντεῦθεν
2899 945 3187 1000 ἀπελθόντι
3233 947 3328 998 καὶ
3368 945 3451 998 σοὶ
3484 961 3738 1015 παραμυ-

2074 1077 2120 1114 ξ,
2158 1043 2279 1096 θία³
2311 1042 2374 1096 ἂν
2407 1041 2466 1094 δὲ
2499 1040 2829 1105 τούναντίον,
2873 1039 3072 1109 μᾶλλον
3120 1037 3374 1101 ἐξάπτεις
3427 1037 3525 1108 τὴν
3568 1037 3737 1110 ὀργὴν

472 1119 785 1190 προσέθηκε
821 1122 888 1191 τῇ
924 1120 1112 1192 κακίᾳ,
1143 1121 1235 1174 καλ⁸
1270 1119 1509 1190 βοηθεῖν,
1545 1117 1620 1181 ὡς
1665 1117 1731 1170 ἂν
1761 1112 1873 1169 οἷόν
1903 1133 1961 1169 τε
1993 1109 2051 1188 ᾗ,
2084 1110 2106 1128 “

2157 1132 2251 1186 τοῦ
2292 1131 2448 1186 Θεοῦ.
2482 1132 2592 1186 Καὶ
2618 1133 2728 1202 γὰρ
2771 1132 2819 1183 εί
2853 1130 3040 1194 παιδος
3072 1129 3460 1201 μαστιχθέντος
3509 1130 3614 1182 ὐπὸ
3649 1129 3738 1181 δε-

2162 1225 2384 1292 σπότου,
2413 1225 2478 1278 σὺ
2503 1222 2792 1296 παρεστὼς
2816 1222 3200 1295 ἐδυσχέρανας,
3224 1221 3485 1293 μειζόνως
3509 1221 3574 1275 ἂν
3599 1239 3741 1293 παρ·

2159 1316 2372 1382 ώξυνας
2424 1315 2569 1369 κατά
2623 1314 2852 1369 σεαυτοῦ
2894 1314 2985 1368 τὸν
3037 1313 3325 1384 δεσπότην.
3360 1312 3452 1383 Μὴ
3488 1311 3554 1382 δὴ
3596 1312 3738 1365 ποίει

2159 1406 2336 1472 τοῦτο,
2366 1407 2481 1461 ἀλλ’
2506 1407 2840 1478 εὐχαρίστει,
2877 1406 2965 1460 ῖνα
3013 1424 3095 1459 σοι
3131 1406 3224 1460 καὶ
3262 1406 3434 1477 ταύτῃ
3471 1405 3737 1476 σκεδασθῇ

2160 1500 2221 1553 τὸ
2252 1498 2414 1570 νέφος
2443 1501 2542 1569 τῆς
2570 1498 2828 1568 ἀθυμίας·
2870 1497 2992 1552 είπέ
3022 1498 3164 1552 κατά
3190 1497 3282 1552 τὸν
3305 1499 3572 1570 μακάριον
3599 1499 3741 1550 ἐκεῖ·

2162 1608 2271 1646 νονο
2313 1592 2380 1645 '0
2411 1592 2629 1661 Κύριος
2651 1590 2896 1657 ἔδωκεν,
2930 1595 2964 1646 d
2987 1593 3202 1660 Κύριος
3232 1592 3536 1661 ἀφείλετο·
3560 1593 3741 1662 ἐννόη-

2163 1703 2254 1739 σον
2283 1686 2397 1739 ὅσοι
2432 1683 2633 1753 μᾶλλόν
2665 1701 2760 1737 σου
2796 1683 3219 1755 εὐαρεστοῦντες
3257 1683 3379 1737 οὐδὲ
3409 1683 3600 1737 ἔλαϐον
3641 1684 3740 1754 τὴν

2159 1777 2335 1849 ἀρχὴν
2388 1775 2604 1840 παῖδας,
2657 1775 2778 1828 οὐδέ
2832 1775 3066 1846 πατέρες
3107 1774 3436 1847 ἐκλήθησαν.
3461 1776 3595 1830 Οὐδέ
3632 1775 3740 1847 γὰρ

2161 1868 2295 1935 ἐγὼ,
2329 1866 2516 1939 φησὶν,
2558 1865 2883 1936 ἐϐουλόμην·
2918 1866 3014 1918 καὶ
3066 1865 3175 1937 γὰρ
3227 1865 3445 1935 βέλτιον
3488 1861 3556 1937 ἦν
3607 1864 3741 1936 μηδὲ

2163 1962 2359 2030 πεῖραν
2388 1960 2557 2028 σχεῖν,
2589 1957 2623 2028 ἢ
2667 1956 2805 2028 μετὰ
2839 1957 2900 2011 τὸ
2937 1958 3239 2026 γεύσασθαι
3266 1958 3367 2029 τῆς
3397 1958 3609 2029 ἡδονῆς,
3638 1959 3740 2010 ἐκ-

2160 2054 2365 2105 πεσεῖν.
2389 2050 2503 2121 Μὴ,
2532 2047 2854 2118 παρακαλῶ,
2892 2048 2967 2120 μὴ
2988 2048 3112 2118 λέγε
3144 2052 3338 2112 ταῦτα,
3372 2049 3448 2121 μὴ
3481 2050 3741 2122 παροργί·

2162 2159 2263 2214 an;
2288 2143 2382 2196 καὶ
2408 2141 2583 2214 ταύτῃ
2609 2141 2701 2193 τὸν
2734 2141 3034 2211 Δεσπότην·
3070 2141 3185 2194 ἀλλ’
3216 2143 3358 2215 ὑπὲρ
3390 2143 3489 2213 μὲν
3514 2137 3588 2196 ὧν
3619 2143 3741 2197 ἐλα-

2162 2235 2274 2298 ϐες,
2302 2234 2721 2304 εὐχαρίστησονο
2742 2232 2988 2304 ὑπὲρδὲ
3022 2226 3097 2288 ὧν
3133 2234 3234 2288 οὐκ
3276 2235 3359 2298 εἰς
3387 2236 3540 2299 τέλος
3574 2236 3739 2306 ἔχεις,

2162 2325 2312 2400 [594]
2342 2325 2552 2393 δόξαζε.
2601 2327 2714 2380 Οὐκ
2752 2319 2906 2378 εἶπεν
2945 2325 2974 2378 6
3012 2326 3151 2391 Ἰὼϐ,
3183 2323 3264 2380 ὅτι
3300 2326 3515 2380 Βέλτιον
3550 2322 3618 2397 ἦν
3664 2329 3742 2396 μὴ

2160 2417 2345 2471 λαϐεῖν
2369 2417 2547 2480 τοῦτο,
2576 2416 2604 2469 ὃ
2630 2418 2696 2470 σύ
2730 2415 2915 2486 λέγεις
2945 2417 3297 2488 ἀγνωμόνως,
3329 2418 3466 2472 ἀλλά
3488 2420 3580 2471 καὶ
3601 2418 3741 2489 ὑπὲρ

2160 2506 2384 2561 ἐκείνων
2422 2508 2744 2580 ηὐχαρίστει
2784 2508 2979 2578 λέγων·
3029 2510 3093 2562 '0
3138 2511 3356 2578 Κύριος
3397 2510 3599 2564 ἔδωκε·
3647 2512 3742 2563 καὶ

2164 2602 2306 2673 ὺπέρ
2330 2601 2535 2656 τούτων
2575 2603 2797 2673 ηὐλόγει
2841 2601 3038 2671 λέγων’
3085 2603 3150 2657 '0
3183 2605 3399 2672 Κύριος
3435 2605 3736 2673 ἀφείλετο*

2159 2694 2252 2759 εἴη
2286 2692 2349 2746 τὸ
2383 2693 2575 2762 ὄνομα
2601 2693 2828 2761 Κυρίου
2864 2694 3277 2764 εὐλοπνυιένον
3310 2697 3395 2761 εις
3428 2694 3568 2760 τοὺς
3599 2693 3736 2748 αἰῶ-

2159 2802 2290 2850 νας.
2339 2785 2447 2838 Καὶ
2474 2785 2573 2854 τὴν
2604 2788 2840 2854 γυναῖκα
2886 2785 3060 2850 οὕτως
3104 2785 3431 2857 ἐπεστόμιζε
3477 2786 3739 2840 δικαιολο-

2159 2875 2258 2942 γού
2269 2892 2427 2945 μενος
2459 2875 2595 2947 πρὸς
2617 2875 2808 2946 αὐτὴν,
2830 2878 2927 2930 καὶ
2954 2877 3025 2931 τὰ
3040 2877 3335 2948 θαυμαστά
3360 2880 3552 2938 ἐκεῖνα⁶
3574 2877 3739 2947 φθεγ-

2158 2967 2387 3036 γόμενος
2419 2969 2659 3037 ῥήματα*
2689 2968 2758 3019 El
2782 2969 2855 3021 τὰ
2875 2968 2993 3038 μὲν
3016 2969 3206 3037 ἀγαθὰ
3233 2968 3562 3038 ἐδεξάμεθα
3581 2969 3740 3036 παρὰ

2156 3058 2400 3124 Κυρίου,
2455 3059 2529 3110 τὰ
2576 3056 2646 3110 δὲ
2692 3058 2851 3111 κακὰ
2894 3060 3008 3128 οὐχ
3045 3061 3417 3129 ὺποίσομεν;
3447 3059 3637 3114 Καίτοι
3675 3075 3741 3126 γε

2159 3148 2298 3219 μετὰ
2328 3148 2499 3202 ταῦτα
2514 3147 2896 3220 χαλεπώτερος
2928 3151 3151 3220 γέγονεν
3185 3154 3214 3206 6
3243 3152 3548 3223 πειρασμὸς
3576 3169 3590 3183 ο
3622 3151 3739 3204 ἀλλ’

2157 3240 2366 3301 ἐκεῖνος
2433 3239 2559 3293 οὐδὲ
2617 3239 2792 3304 οὕτως
2847 3242 3115 3307 ἐξελύετο,
3170 3242 3285 3297 ἀλλ’
3333 3244 3535 3314 ὁμοίιος
3572 3242 3740 3313 ,ἔφερε

2155 3331 2439 3401 γενναίως,
2463 3333 2558 3386 καὶ
2580 3331 2818 3398 ἐδόξαζε.
2846 3334 3022 3388 Τοῦτο
3042 3335 3136 3388 καὶ
3167 3336 3232 3389 σύ
3266 3336 3431 3402 ποίει,
3468 3335 3561 3389 καὶ
3591 3335 3738 3401 λογί-

2157 3422 2249 3486 ζου
2285 3421 2420 3492 προς
2454 3420 2700 3484 σεαυτὸν,
2733 3423 2816 3475 ὃτι
2852 3423 2953 3476 οὐκ
2985 3422 3272 3494 ἄνθρωπος
3300 3425 3519 3488 ἐλαϐεν,
3560 3422 3677 3478 ἀλλ’
3709 3424 3745 3477 6

2155 3512 2288 3573 Θεὸς
2341 3513 2371 3565 6
2427 3514 2682 3583 ποιήσας,
2728 3514 2765 3566 6
2803 3513 3006 3584 μᾶλλόν
3051 3531 3145 3567 σου
3180 3514 3496 3585 κηδόμενος.
3532 3513 3626 3566 καὶ
3676 3512 3740 3565 τὸ

2158 3601 2436 3671 συμφέρον
2496 3600 2671 3668 εἰδὼς,
2728 3601 2790 3655 οὐ
2835 3602 3094 3673 πολέμιός
3127 3621 3216 3667 τις
3264 3603 3380 3656 οὑδέ
3426 3601 3731 3661 ἐπίϐουλος.

2158 3694 2301 3763 Ὅρα
2350 3693 2504 3746 πόσοι
2552 3692 2754 3757 ζῶντες
2805 3694 3038 3749 ἀϐίωτον
3083 3695 3173 3749 τὸν
3208 3696 3319 3767 βίον
3346 3695 3455 3756 τοῖς
3482 3692 3738 3762 γονεῦσιν

2155 3784 2438 3855 ἐποίησαν.
2473 3783 2613 3847 Τοὺς
2651 3784 2708 3837 δέ
2738 3785 3020 3853 γενναίους
3053 3787 3151 3857 οὐχ
3183 3787 3347 3857 ὁρᾷς;
3376 3785 3558 3854 φησίν.
3592 3783 3738 3855 ’0ρῶ

2155 3877 2249 3929 καὶ
2278 3875 2521 3938 τούτους,
2556 3875 2693 3929 ἀλλὰ
2723 3878 2818 3931 καὶ
2845 3878 3050 3932 τούτων
3081 3878 3460 3948 ἀσφαλέστερα
3498 3876 3568 3929 τά
3597 3877 3737 3929 κατὰ

2154 3967 2243 4019 τὸν
2289 3966 2457 4019 παῖδα
2485 3966 2577 4019 τὸν
2610 3968 2720 4021 σόν.
2754 3969 2816 4021 Εἰ
2848 3969 2960 4040 γὰρ
2986 3969 3080 4022 καὶ
3104 3968 3504 4039 εὐδοκιμοῦσιν,
3539 3965 3650 4019 ἀλλ’
3678 3967 3736 4017 ἐν

2155 4058 2336 4127 ἀδήλῳ
2359 4058 2425 4111 τὰ
2459 4057 2554 4111 τοῦ
2579 4059 2775 4123 τέλους
2804 4060 3003 4116 αὐτῶν*
3031 4061 3177 4133 ὑπὲρ
3213 4061 3269 4114 δὲ
3314 4060 3523 4113 ἐκείνου
3550 4058 3735 4111 λοιπὶν

2154 4150 2213 4203 οὐ
2239 4150 2484 4214 δέδοικας
2512 4152 2633 4205 οὐδὲ
2680 4154 2903 4225 τρέμεις
2946 4155 3018 4225 μή
3062 4172 3114 4207 τι
3153 4153 3326 4226 πάθῃ,
3369 4153 3402 4224 ἢ
3434 4153 3738 4223 μεταϐολήν

2153 4259 2273 4294 τινα
2311 4242 2547 4313 δέξηται.
2581 4242 2765 4296 Ταῦτα
2789 4246 2883 4297 καὶ
2917 4245 3008 4298 ἐπὶ
3041 4245 3298 4315 γυναικὸς
3327 4245 3539 4312 λογίζου
3566 4244 3736 4313 καλῆς

2159 4332 2251 4385 καὶ
2276 4331 2549 4402 οἰκουροῦ,
2582 4333 2676 4384 καὶ
2714 4333 2854 4402 ὑπὲρ
2886 4333 3102 4387 πάντων
3135 4332 3446 4406 εὐχαρίστει
3490 4328 3564 4400 τῷ
3590 4327 3731 4397 Θεῷ,

2157 4421 2258 4475 κᾶν
2285 4421 2556 4491 ἀπολέσῃς
2600 4426 2854 4490 γυναῖκα,
2888 4424 3219 4495 εὐχαρίστει.
3248 4424 3408 4485 Ἴσως
3445 4438 3504 4474 σε
3540 4421 3618 4483 εἰς
3642 4421 3733 4487 ἐγ-

2155 4512 2413 4582 κράτειαν
2441 4512 2670 4579 ἀγαγεῖν
2703 4512 2951 4582 βούλεται
2978 4516 3006 4567 ὀ
3031 4514 3184 4577 Θεὸς,
3213 4514 3306 4567 ἐπὶ
3334 4512 3557 4582 μείζονα
3582 4510 3737 4563 καλεῖ

2156 4603 2478 4672 σκαμματα,
2502 4603 2865 4674 ἐλευθερῶσαι
2898 4622 2958 4657 σε
2991 4604 3084 4658 τοῦ
3110 4604 3308 4674 δεσμοῦ
3332 4604 3615 4674 ἠθέλησεν.
3636 4604 3733 4654 ’Λν

2152 4694 2294 4747 οὕτω
2331 4694 2730 4765 φιλοσοφῶμεν.
2761 4697 2854 4749 καὶ
2885 4697 2980 4767 τὴν
3012 4696 3292 4766 παροῦσαν
3318 4695 3584 4765 εὐθυμίαν
3615 4710 3736 4764 κερ-

2151 4782 2439 4853 δανοῦμεν,
2479 4783 2713 4836 καὶτῶν
2749 4784 3050 4854 μελλόντων
3092 4782 3487 4854 ἐπιτευξόμεθα
3533 4780 3733 4850 στεφά-

2153 4894 2281 4939 νων,
2304 4877 2401 4930 καὶ
2424 4876 2492 4930 τὰ
2524 4875 2671 4947 ἑξῆς.

2731 5084 3715 5107 ....—..._.____._———————-

1900 5174 2150 5227 ΟΜΙΛΙΛ
2195 5176 2331 5231 MB’.

478 5258 544 5311 Ὀ
577 5255 806 5325 πρῶτος
835 5255 1146 5323 ἅνθρωπος
1175 5258 1242 5311 ἐκ
1277 5258 1389 5326 γῆς
1421 5261 1650 5328 χοϊκός,
1684 5264 1716 5315 ό
1767 5262 2045 5331 δεύτερος

749 5348 1061 5416 ἅνθρωπος
1086 5352 1117 5402 ό
1141 5350 1356 5417 Κύριος
1379 5350 1449 5412 ἐξ
1480 5352 1760 5419 οὐρανοῦ.

538 5468 606 5515 α’.
648 5460 866 5530 Ἐπειδὴ
895 5459 1128 5530 ψυχικὸν
1157 5456 1277 5514 εἷπε
1302 5461 1518 5533 πρῶτον
1551 5462 1645 5517 καὶ
1677 5462 2046 5533 πνευματικόν

466 5553 736 5621 δεύτερον,
769 5554 927 5606 πάλιν
956 5553 1122 5624 ἄλλην
1149 5554 1329 5622 τίθησι
1347 5554 1634 5626 διαφορὰν,
1662 5554 1844 5624 χοϊκὺν
1871 5554 2045 5620 λέγων

467 5640 562 5692 καὶ
590 5641 930 5710 ἐπουράνιον.
975 5644 1037 5694 ’ΔΙ
1071 5644 1170 5714 μὲν
1202 5644 1308 5715 γὰρ
1339 5643 1530 5714 πρώτη
1564 5644 1657 5697 τοῦ
1692 5644 1957 5712 παρόντος
1976 5638 2044 5713 ἦν

470 5730 585 5798 βίου
608 5730 699 5782 καὶ
727 5730 818 5782 τοῦ
853 5731 1158 5805 μέλλοντος
1187 5733 1327 5802 αὕτη
1354 5733 1410 5785 δὲ
1437 5734 1532 5785 τοῦ
1561 5735 1666 5802 πρὸ
1692 5734 1794 5800 τῆς
1823 5733 2043 5802 χάριτος

468 5822 561 5875 καί
593 5820 685 5871 τοῦ
725 5821 860 5889 μετά
901 5820 997 5889 τὴν
1032 5823 1211 5891 χάριν.
1247 5821 1468 5876 Τέθεικε
1497 5823 1553 5875 δὲ
1584 5823 1752 5893 αὐτὴν
1785 5825 1865 5888 είς
1897 5825 2046 5877 πολι-

464 5911 616 5965 τείαν
641 5909 869 5981 ἀρίστην
893 5909 1088 5977 λέγων.
1121 5924 1147 5951 α
1178 5912 1294 5963 Ἵνα
1326 5911 1468 5981 γὰρ,
1503 5913 1640 5984 ὅπερ
1670 5910 1827 5983 ἔφην,
1865 5912 1939 5985 μὴ
1970 5915 2035 5984 τῇ

2152 5256 2448 5317 ἀναστάσει
2478 5252 2812 5336 θαρροῦντες
2863 5263 3115 5336 ἀμελῶσι
3144 5264 3265 5318 ϐίου
3300 5265 3395 5318 καὶ
3422 5263 3733 5333 ἀκριβείας,

2156 5356 2317 5408 πάλιν
2342 5356 2437 5408 καὶ
2466 5356 2716 5409 ἐντεῦθεν
2744 5356 2944 5420 αὐτοὺς
2972 5358 3300 5424 ἐναγωνίους
3325 5359 3488 5416 ποιεῖ,
3514 5358 3600 5409 καὶ
3628 5373 3735 5407 πα-

2154 5446 2383 5520 ρακαλεῖ
2411 5448 2491 5510 εἰς
2524 5448 2747 5520 ἀρετὴν,
2785 5449 2959 5517 λέγων
2987 5466 3001 5480 ·
3055 5449 3120 5503 ὀ
3153 5449 3384 5520 πρῶτος
3423 5449 3736 5519 ἅνθρωπος

2150 5540 2219 5592 ἐκ
2255 5537 2364 5607 γῆς
2408 5539 2648 5606 κοτκὸς,
2688 5542 2721 5592 ό
2759 5539 3039 5608 δεύτερος
3093 5542 3406 5611 ἄνθρωπος
3440 5544 3486 5595 ό-
3520 5542 3738 5608 Κύριος

2151 5625 2220 5690 ἐξ
2258 5626 2538 5691 οὐρανοῦ·
2578 5629 2639 5681 τὺ
2674 5631 2781 5683 πᾶν
2818 5630 3106 5702 ἄνθρωπον
3140 5630 3345 5696 καλῶν,
3387 5631 3483 5685 καὶ
3513 5632 3603 5683 τὸν
3636 5629 3738 5699 μὲν

2149 5721 2257 5773 ἀπὸ
2292 5719 2385 5772 τοῦ
2427 5720 2758 5792 κρείττονος,
2795 5724 2885 5776 τὸν
2927 5723 2983 5776 δέ
3033 5723 3142 5777 ἀπὸ
3179 5722 3275 5776 τοῦ
3327 5723 3571 5794 χείρονος
3620 5722 3741 5773 ὀνοο
3824 5715 3830 5719 ’

2153 5810 2360 5883 μάζων.
2398 5809 2584 5877 υἷοςό
2618 5813 2847 5881 χοϊκύς,
2871 5812 3129 5868 τοιοῦτοι
3160 5814 3259 5868 καὶ
3298 5817 3352 5868 οὶ
3383 5814 3597 5885 χοϊκοί.
3631 5810 3738 5867 Οὖ-

2207 5925 2232 5954 ⁸
2258 5924 2350 5974 Ιιὶο
2373 5924 2596 5986 qudam
2620 5925 2893 5977 desiderari
2914 5927 3113 5979 omnino
3137 5926 3387 5979 videnlur.
