4138 6220
361 308 460 364 361

367 429 535 495 quies,
589 430 697 492 quo
729 414 844 473 ivit.
900 408 1010 467 Cur
1067 400 1389 463 neseis?dic
1437 397 1604 461 mihi;
1655 408 1780 448 nam
1829 392 1955 444 sive.

364 526 511 573 recte
540 512 692 577 visit,
718 509 833 563 sive
856 518 1034 568 secus,
1063 509 1148 557 est
1168 495 1506 554 manifestum
1538 504 1645 561 quo
1674 488 1743 541 sit
1765 485 1945 540 abitu-

364 625 479 664 rus.
503 607 736 675 Propter
767 600 871 655 hoc
901 597 1100 665 ipsutn,
1130 590 1358 661 inquies,
1392 577 1790 675 plango,uqu‘od
1816 589 1946 675 pec-

365 712 521 757 cator
564 667 819 752 excessit.
864 689 991 744 Haec
1030 693 1155 740 sunt
1184 688 1474 750 praztextus
1497 685 1547 729 et
1569 671 1783 741 eﬁugia.
1816 667 1949 723 Nam

369 793 418 846 si
466 795 749 859 propterea
768 795 894 837 cum
915 771 1211 833 excesserit
1238 773 1422 840 lugeas
1443 807 1459 833 ,
1506 765 1777 819 viventem
1825 771 1949 812 eum

370 879 755 938 transformare
781 881 835 928 et
855 869 1179 927 concinnare
1208 871 1262 919 et
1291 871 1618 930 componere
1644 850 1947 923 oportebat.

368 972 479 1030 Sed
503 978 560 1024 tu
588 982 709 1039 qua:
737 971 825 1017 tua
846 969 971 1016 sunt
997 958 1193 1027 ubique
1211 950 1522 1010 consideras
1549 955 1605 1003 et
1631 944 1722 1000 tibi
1755 956 1953 1013 propo-

375 1065 481 1129 nis,
514 1075 621 1116 non
646 1071 765 1127 qua:
794 1053 957 1107 illius.
987 1049 1043 1105 Si
1074 1057 1252 1102 autem
1283 1043 1444 1099 etiam
1473 1045 1721 1110 peccator
1765 1045 1954 1087 exces-

373 1124 780 1223 sit,qir0pterea
824 1144 985 1199 etiam
1015 1139 1187 1195 [tutari
1215 1140 1443 1207 Oportet,
1477 1128 1618 1201 quod
1646 1124 1954 1182 iuterscissa

375 1216 511 1303 sunt
551 1216 767 1313 poccata
792 1246 847 1292 et
866 1235 997 1289 vitio
1043 1231 1172 1287 nihil
1222 1227 1463 1298 adjecit;
1496 1233 1585 1287 et,
1614 1218 1792 1291 quoad
1839 1216 1959 1286 ejus

379 1340 497 1395 ﬁeri
518 1309 718 1408 potest,
745 1331 795 1387 ei
824 1339 1164 1387 succurrere,
1197 1336 1304 1377 non
1344 1315 1619 1389 lacrymis,
1646 1311 1740 1368 sed
1783 1309 1959 1381 preci.

379 1433 503 1495 bus,
521 1403 538 1408 '
554 1419 1032 1496 supplicationibus
1051 1457 1072 1487 ,
1110 1412 1471 1484 eleemosynis
1495 1418 1550 1465 et
1576 1403 1956 1463 oblationibus.

381 1523 500 1579 Non
524 1495 819 1574 suutenim
852 1511 968 1567 lucc.
997 1519 1198 1565 temere
1217 1503 1538 1574 excogitata,
1561 1512 1737 1567 neque
1765 1495 1962 1549 frustra

388 1628 577 1670 eorum
602 1608 695 1680 qui
724 1608 1075 1661 excesserunt
1101 1600 1154 1653 in
1178 1596 1373 1651 divinis
1406 1589 1681 1665 mysteriis
1718 1585 1977 1643 memini—‘

382 1718 525 1769 mus,
556 1710 611 1756 et
636 1713 731 1770 pro
752 1695 885 1768 ipsis
910 1690 1230 1752 accedimus,
1262 1693 1514 1757 rogantes
1528 1683 1738 1754 Agnum
1764 1691 1967 1749 propo-

385 1797 571 1857 situm,
622 1790 713 1860 qui
766 1784 952 1842 nntudi
1006 1790 1282 1853 peccatum
1332 1777 1486 1841 tulit;
1518 1774 1615 1830 sed
1656 1779 1717 1826 ut
1739 1770 1862 1825 inde
1890 1770 1967 1823 eis

386 1889 564 1957 aliqua
591 1884 664 1938 sit
688 1878 991 1937 cousolatio
1015 1894 1029 1930 :
1062 1888 1236 1943 neque
1265 1871 1364 1925 abs
1393 1883 1453 1924 re
1491 1868 1536 1922 is
1561 1865 1655 1935 qui
1688 1862 1863 1918 adstat
1884 1860 1968 1914 al-

390 1956 493 2035 tari
512 2021 527 2041 ,
556 1977 681 2032 dum
711 1969 1017 2028 veneranda
1060 1971 1390 2037 peraguntur
1412 1959 1687 2032 mysteria,
1715 1956 1917 2011 clamat
1945 1970 1960 2007 :

390 2075 498 2130 Pro
522 2068 772 2127 omnibus
812 2064 904 2134 qui
937 2064 989 2118 in
1019 2060 1231 2117 Christo
1280 2054 1648 2114 dormierunt,
1677 2057 1731 2103 et
1786 2047 1852 2102 iis
1878 2045 1967 2116 qui

390 2179 494 2236 pro
514 2162 646 2232 ipsis
665 2157 947 2214 celebrant.
978 2150 1282 2208 memorias.
1333 2145 1466 2201 Nam
1489 2143 1534 2198 si
1557 2156 1655 2212 pro
1696 2139 1828 2211 ipsis
1864 2152 1970 2193 non

398 2232 597 2311 ﬁerent
621 2245 1181 2309 commemorationes,
1227 2255 1296 2295 ne
1321 2238 1438 2293 haec
1463 2234 1680 2307 quidem
1710 2232 1849 2287 dicta
1888 2243 1977 2285 es-

395 2354 540 2403 sent.
562 2342 679 2399 Non
704 2348 828 2395 sunt
853 2338 994 2394 enim
1024 2351 1113 2391 res
1143 2344 1343 2388 nostrae
1363 2328 1474 2385 ludi
1507 2325 1747 2392 scenici,
1788 2323 1929 2379 absit
1955 2337 1973 2376 :

393 2437 514 2493 haec
538 2434 681 2491 enim
709 2432 839 2486 ﬁunt
863 2426 1201 2484 ordinatione
1225 2422 1478 2493 Spiritus.

470 2531 525 2586 5.
550 2528 643 2582 Eis
667 2540 798 2595 ergo
822 2537 982 2594 opem
1025 2520 1258 2574 feramus
1279 2553 1296 2581 ,
1321 2523 1379 2569 et
1407 2510 1978 2569 commemorationem

397 2635 586 2677 eorum
618 2628 956 2688 peragamus.
984 2610 1039 2667 Si
1062 2608 1204 2665 enim
1221 2605 1342 2662 Jubi
1367 2605 1506 2660 ﬁlios
1527 2602 1779 2673 expiabat
1807 2599 1975 2670 patris

399 2710 720 2766 sacriﬁcium
752 2724 765 2759 :
795 2702 923 2774 quid
963 2701 1176 2755 dubitas
1194 2738 1211 2763 ,
1238 2713 1306 2751 an
1353 2696 1509 2751 nobis
1533 2708 1631 2764 pro
1658 2692 1741 2748 eis
1764 2692 1854 2761 qui
1881 2705 1986 2744 es-

400 2805 684 2858 cesserunt
708 2794 1075 2858 offerentibus,
1105 2790 1234 2861 ipsis
1259 2789 1419 2844 detur
1441 2787 1617 2857 aliqua
1641 2781 1985 2839 consolatio?

401 2892 553 2948 Solet
580 2889 723 2944 enim
779 2887 922 2941 Deus
951 2883 1113 2939 etiam
1142 2880 1265 2935 aliis
1291 2893 1390 2949 pro
1414 2877 1535 2931 aliis
1560 2872 1870 2946 gratiﬁcari.
1918 2870 1988 2926 Et

410 2983 517 3039 hoc
540 2979 860 3037 ostendebat
880 2976 1076 3033 Paulus
1094 2973 1281 3029 dicens
1311 2989 1327 3026 :
1367 2970 1434 3026 Ut
1458 2969 1510 3023 in
1537 2967 1711 3021 multis
1733 2962 1987 3036 personis,

404 3076 518 3145 eius
545 3088 658 3143 qm:
680 3072 733 3125 in
751 3068 893 3123 uobis
917 3076 990 3122 est
1014 3063 1305 3120 donationis
1326 3077 1416 3132 per
1435 3059 1621 3114 multos
1640 3056 1818 3129 gratiae
1838 3070 1992 3124 agan-

408 3176 493 3221 tur
530 3180 623 3234 pro
670 3161 809 3216 vobis
848 3160 869 3231 (
897 3160 952 3213 2.
979 3154 1099 3213 Cor.
1132 3155 1187 3210 2.
1217 3155 1287 3209 id
1315 3156 1357 3224 ).
1386 3152 1467 3207 Ne
1492 3165 1601 3206 nos
1619 3151 1796 3219 pigeat
1832 3161 2009 3216 opem.

408 3259 552 3315 ferre
583 3256 649 3310 iis
674 3253 765 3325 qui
795 3257 1146 3308 excesserunt
1171 3288 1186 3313 ,
1214 3254 1270 3302 et
1297 3244 1500 3316 proeis
1529 3242 1723 3297 offerre
1750 3251 1941 3310 preces
1970 3254 1987 3289 :

410 3359 496 3405 est
520 3348 662 3403 enim
685 3343 1016 3416 prepositum
1038 3341 1197 3396 orbis
1213 3349 1368 3394 terra:
1397 3349 1682 3391 commune
1703 3333 2013 3403 piaculum-

415 3445 704 3511 [Propterea
737 3437 963 3491 ﬁdenter
996 3447 1094 3504 pro
1114 3432 1248 3487 orbe
1281 3439 1439 3485 terra:
1467 3436 1592 3483 tunc
1636 3439 1909 3495 rogamus,
1940 3430 1996 3478 et

413 3551 539 3590 cum
592 3529 917 3602 martyribus
943 3540 1037 3581 eos
1059 3536 1314 3580 vocamus
1339 3563 1355 3586 ,
1382 3535 1507 3576 cum
1551 3515 1953 3574 coniessorihus
1976 3554 1995 3581 ,

416 3643 539 3683 eum
564 3621 951 3679 sacerdotibus.
969 3616 1175 3672 Etenim
1194 3629 1362 3671 unum
1378 3625 1578 3681 corpus
1589 3622 1778 3664 omnes
1788 3619 1995 3669 sumus,

418 3715 631 3773 etiamsi
659 3713 771 3768 sint
811 3709 1049 3766 membra
1078 3705 1334 3761 membris
1375 3701 1742 3773 splendidiora
1766 3717 1781 3755 :
1804 3708 1858 3755 et
1884 3695 2001 3753 ﬁeri

420 3816 600 3878 potest
619 3813 681 3861 ut
708 3803 916 3859 veniam
948 3800 1028 3855 eis
1061 3798 1207 3852 omni
1253 3811 1319 3851 ex
1361 3807 1510 3865 parte
1551 3792 1900 3849 conciliemus
1922 3830 1938 3855 ,
1969 3803 2013 3841 a

422 3877 698 3971 precibus,
726 3909 756 3948 a
783 3892 943 3948 donis
972 3904 1090 3962 quas
1122 3903 1218 3958 pro
1239 3888 1320 3942 eis
1345 3886 1663 3947 oﬁ‘eruntur,
1706 3883 1775 3936 ab
1819 3882 1884 3935 iis
1911 3877 2002 3949 qui

1383 284 1447 342 IN
1487 280 1701 339 EPIST.
1744 278 1761 332 I
1826 275 1917 332 AD
1954 272 2108 328 COR.
2154 267 2383 325 “031"...
2424 265 2585 324 XLII.

3526 266 3631 322 ’δῦ-ἓ

2050 416 2105 461 et
2153 405 2375 460 habebis
2400 419 2526 460 eum
2560 417 2703 460 nunc
2728 404 2898 475 magis
2928 402 3021 459 tibi
3052 404 3421 475 providentem
3471 420 3629 475 quam

2052 501 2217 569 prius,
2262 513 2367 568 quo
2415 499 2467 552 iu
2512 497 2771 566 majorem
2811 495 3025 551 redacta
3054 511 3114 552 es
3144 497 3396 567 inopiam.
3424 498 3487 551 At
3514 513 3634 565 per-

2052 589 2234 643 didisti
2268 587 2434 641 ﬁlium
2459 585 2618 642 iNon
2652 586 2954 657 perdidisti,
2989 603 3059 643 ne
3080 587 3228 642 dicas
3259 605 3272 641 :
3300 604 3388 643 res
3418 586 3531 642 lucc
3553 596 3638 643 est

2054 695 2296 747 somnus,
2328 696 2433 735 non
2467 695 2650 746 mors;
2688 689 2770 735 est
2798 682 3080 751 migratio,
3119 697 3224 735 non
3252 681 3521 752 perditio;
3557 690 3639 737 est

2055 774 2417 844 peregrinatio
2445 788 2474 827 a
2505 773 2865 828 deterioribus
2885 774 2952 829 ad
2977 774 3217 829 meliora.
3265 772 3345 828 Ne
3375 775 3538 829 Deum
3564 776 3636 829 ir-

2058 865 2210 929 rites,
2254 863 2348 919 sed
2394 864 2573 934 places
2599 873 2655 919 et
2683 864 2878 920 reddas
2918 866 3230 936 propitium.
3280 866 3413 921 Nam
3438 867 3482 921 si
3513 867 3639 922 forti

2059 954 2238 1008 animo
2269 954 2476 1019 tuleris,
2507 954 2610 1009 erit
2662 955 2787 1011 hinc
2807 964 2862 1011 et
2897 955 3150 1012 defuncto
3174 966 3229 1012 et
3256 957 3348 1012 tibi
3397 958 3639 1029 quaedam

2059 1047 2356 1104 cousolatio
2392 1066 2406 1102 :
2449 1048 2531 1101 sin
2563 1056 2749 1102 contra
2777 1089 2791 1113 ,
2823 1048 2958 1102 iram
3000 1048 3097 1103 Dei
3150 1048 3319 1118 magis
3368 1050 3637 1104 accendis.

2061 1138 2193 1194 Nam
2225 1140 2269 1193 si
2295 1154 2453 1194 servo
2478 1155 2506 1193 a
2534 1139 2756 1194 domino
2788 1140 2967 1211 ﬂagris
3004 1154 3146 1195 cmso
3173 1151 3227 1194 tu
3255 1139 3476 1196 adstans
3500 1157 3643 1212 aegre

2065 1230 2290 1297 tuleris,
2338 1229 2614 1285 dominmn
2647 1232 2815 1302 magis
2863 1241 3049 1286 contra
3082 1240 3134 1287 te
3156 1231 3475 1288 irritaveris.
3522 1233 3641 1287 Noli

2065 1320 2168 1375 hoc
2193 1321 2389 1388 facere,
2415 1321 2508 1375 sed
2532 1336 2629 1392 age
2650 1317 2872 1391 gratias,
2887 1330 2944 1376 ut
2962 1322 3053 1376 tibi
3079 1338 3292 1392 quoque
3319 1323 3419 1377 hac
3437 1326 3645 1378 ratione

2066 1413 2388 1469 discutiatur
2430 1414 2600 1468 nubes
2639 1415 2806 1468 animi
2859 1415 3191 1485 aegritudinis
3216 1433 3229 1470 :
3259 1416 3347 1470 dic
3372 1416 3509 1472 sicut
3558 1418 3647 1472 ille

2068 1506 2274 1570 beatus,
2296 1504 2545 1559 Dominus
2572 1505 2731 1573 dedit,
2764 1505 3011 1560 Dominus
3036 1506 3275 1565 abstulit:
3298 1507 3470 1576 cogita
3487 1523 3645 1577 quam

2070 1596 2223 1650 multi
2252 1596 2422 1666 magis
2478 1597 2587 1650 Deo
2631 1596 2902 1665 placentes
2929 1613 2996 1652 ne
3021 1599 3240 1651 omnino
3292 1598 3503 1668 quidem
3551 1598 3651 1651 ha-

2070 1688 2243 1743 buere
2266 1688 2424 1753 ﬁlios,
2446 1703 2617 1756 neque
2644 1689 2817 1743 vocati
2840 1699 2965 1743 sunt
2990 1699 3186 1758 patres.
3212 1689 3395 1760 Neque
3416 1706 3535 1762 ego,
3568 1691 3652 1744 in-

2070 1780 2206 1850 quit,
2231 1779 2427 1834 vcllcm
2460 1779 2714 1834 habuisse
2745 1797 2759 1834 :
2816 1781 3007 1835 melius
3037 1782 3182 1835 enim
3208 1781 3398 1836 fuisset
3425 1799 3527 1836 non
3554 1783 3652 1836 ha-

2074 1871 2253 1926 buisse
2275 1871 2681 1939 experientiam,
2710 1887 2870 1941 quam
2897 1880 3174 1942 postquam
3198 1875 3431 1943 gustaris
3460 1876 3653 1945 volup-

2077 1972 2259 2027 tatem,
2292 1964 2359 2019 ab
2386 1979 2447 2018 ea
2469 1961 3027 2035 excidisse.Ne,rogo,
3056 1980 3123 2019 ne
3151 1965 3263 2019 [nec
3288 1965 3453 2030 dicas,
3486 1983 3553 2021 ne
3578 1970 3656 2021 sic

2077 2069 2290 2125 quoque
2341 2054 2621 2109 Dominum
2651 2054 2717 2108 ad
2765 2055 2898 2110 iram
2954 2071 3251 2125 provoces;
3302 2055 3398 2113 sed
3446 2073 3543 2127 pro
3592 2059 3656 2114 iis

2079 2146 2290 2217 quidem
2321 2163 2441 2218 qua:
2462 2148 2715 2218 accepisti
2747 2163 2846 2218 age
2874 2150 3092 2218 gratias,
3118 2166 3213 2220 pro
3239 2150 3303 2204 iis
3333 2159 3507 2207 autem
3535 2167 3656 2221 qua:

2080 2247 2342 2310 perpetuo
2365 2255 2469 2294 non
2494 2240 2679 2306 habes,
2712 2240 2974 2310 gloriﬁca.
2999 2241 3111 2295 Non
3148 2242 3279 2297 dixit
3299 2242 3433 2310 Job,
3467 2242 3657 2298 Melius

2081 2330 2275 2387 fuisset
2304 2346 2407 2385 nou
2439 2330 2751 2399 accepisse;
2781 2331 2923 2402 quod
2953 2341 3005 2387 tu
3037 2334 3353 2403 insipienter
3376 2344 3430 2391 et
3454 2335 3661 2406 ingrato

2084 2427 2266 2479 animo
2295 2423 2470 2479 dicis:
2499 2424 2598 2478 sed
2623 2424 2785 2478 etiam
2816 2439 2911 2493 pro
2945 2424 3046 2480 illis
3081 2424 3270 2496 agebat
3300 2428 3498 2495 gratias
3518 2468 3534 2490 ,
3582 2429 3665 2482 di-

2082 2530 2213 2570 cens
2239 2532 2253 2569 :
2290 2514 2534 2569 Dominus
2555 2514 2729 2581 dedit;
2755 2525 2810 2569 et
2834 2529 2930 2584 pro
2955 2515 3038 2569 his
3067 2516 3420 2573 benedicebat
3438 2498 3622 2574 dicens
3647 2537 3661 2573 :

2088 2604 2338 2659 Dominus
2363 2604 2610 2658 abstulit:
2634 2605 2703 2658 sit
2718 2622 2899 2660 nomen
2918 2605 3127 2660 Domini
3154 2606 3468 2665 benedictum
3488 2610 3542 2663 in
3561 2626 3662 2665 sa:-

2087 2698 2225 2751 cula.
2265 2696 2427 2753 Uxori
2472 2712 2687 2767 quoque
2723 2697 2801 2754 sic
2821 2713 2884 2753 os
2908 2699 3223 2755 obstrucbat
3251 2702 3390 2771 apud
3420 2717 3542 2758 eam
3576 2706 3668 2774 jus

2090 2798 2202 2843 stas
2230 2787 2459 2843 aﬁ’erens
2477 2789 2736 2853 rationes,
2757 2799 2809 2843 et
2838 2789 3171 2846 admirabilia
3195 2791 3282 2846 illa
3306 2793 3464 2849 verba
3496 2809 3674 2850 euun.

2094 2880 2234 2936 tians
2268 2900 2283 2932 :
2316 2879 2377 2936 Si
2397 2879 2529 2934 bona
2547 2879 2749 2951 quidem
2775 2882 3062 2951 accepimus
3089 2899 3121 2936 a
3146 2881 3384 2951 Domino,
3416 2885 3552 2940 mala
3576 2903 3676 2940 au-

2095 2982 2193 3027 tem
2243 2988 2346 3027 non
2389 2971 2790 3027 sustinebimus?
2816 2972 2987 3040 Atqui-
3005 2974 3220 3045 gravior
3249 2983 3368 3044 post
3405 2975 3541 3032 hac.
3563 2975 3693 3033 fuit.

2098 3066 2361 3132 tentatio;
2392 3065 2489 3121 sed
2515 3065 2607 3121 ille
2632 3080 2700 3120 ne
2726 3065 2806 3120 sic
2833 3064 3049 3136 quidem
3092 3064 3293 3121 fractus
3332 3078 3415 3122 est
3439 3078 3495 3123 et
3520 3082 3679 3123 euer-

2096 3169 2272 3226 vatns,
2300 3159 2395 3214 sed
2438 3158 2688 3214 similiter
2713 3158 2919 3214 ferebat
2951 3158 3072 3213 forti
3095 3159 3298 3225 animo,
3324 3168 3381 3216 et
3415 3160 3681 3231 gloriﬁca-

2100 3252 2209 3307 bat.
2251 3250 2331 3307 Th
2361 3265 2574 3322 quoque
2597 3249 2700 3306 hoc
2734 3250 2832 3316 iac,
2865 3259 2918 3305 et
2939 3249 3079 3320 apud
3103 3260 3154 3305 te
3179 3262 3386 3319 reputa,
3407 3252 3547 3322 quod
3572 3267 3677 3308 non

2101 3342 2271 3398 homo
2286 3344 2513 3412 accepit,
2542 3341 2636 3397 sed
2662 3341 2803 3396 Deus
2819 3341 2908 3411 qui
2933 3340 3080 3410 fecit,
3108 3342 3202 3413 qui
3226 3342 3392 3412 magis
3418 3359 3575 3411 quam
3623 3353 3679 3398 tu

2102 3435 2218 3505 ejus
2242 3449 2424 3489 curam
2454 3435 2613 3504 gerit,
2635 3442 2689 3488 et
2714 3434 2816 3489 scit
2850 3434 2972 3503 quid
2997 3435 3046 3489 ei
3088 3435 3351 3500 conferat,
3385 3453 3491 3492 non
3516 3438 3685 3493 hostis

2103 3524 2297 3595 aliquis
2325 3542 2497 3596 neque
2526 3524 2827 3582 insidiator.
2859 3524 2991 3580 Vide
3012 3542 3189 3596 quam.
3215 3527 3364 3582 multi
3395 3530 3637 3593 viventes
3666 3571 3683 3596 ,
3716 3586 3719 3587 ν

2105 3621 2269 3674 vitam
2323 3634 2428 3672 non
2475 3618 2689 3673 vitalem
2746 3616 2985 3672 fecerunt
3014 3620 3344 3688 parentibus.
3378 3621 3687 3677 Generosos

2107 3719 2284 3764 autem
2310 3749 2325 3771 ,
2357 3709 2599 3776 inquies,
2640 3716 2696 3762 et
2728 3707 2937 3778 probos
2955 3725 3062 3762 non
3095 3709 3292 3764 vides?
3336 3710 3444 3767 Eos
3472 3728 3711 3782 quoque.

2110 3802 2266 3856 video
2303 3817 2317 3865 ;
2349 3799 2451 3854 sed
2486 3814 2575 3853 res
2618 3813 2829 3869 quoque
2875 3815 3061 3853 eorum
3108 3803 3286 3857 minus
3327 3812 3453 3858 sunt
3489 3804 3543 3861 in
3576 3815 3719 3860 tuto-

2110 3908 2271 3964 quam
2302 3906 2388 3947 res
2416 3892 2488 3945 tui
2521 3891 2637 3945 lilii.
2698 3889 2831 3945 Nam
2860 3891 2960 3945 etsi
3012 3892 3063 3946 in
3094 3893 3227 3947 bona
3251 3904 3377 3949 sunt
3413 3896 3689 3951 existinm-

422 3969 548 4048 cutn
570 3988 701 4058 ipsis
734 3992 1014 4039 vocantur.
1042 3977 1148 4035 Cur
1166 3993 1295 4049 ergo
1317 3975 1510 4031 doles?
1547 3989 1644 4030 cur
1672 3974 1822 4043 luges
1847 3981 1903 4025 et
1929 3969 2007 4023 la-

425 4082 721 4146 mentaris,
754 4076 969 4150 quando
1006 4074 1259 4131 defuncto
1307 4080 1482 4139 pateat
1530 4078 1673 4124 tanta
1720 4065 2030 4123 conciliari.

426 4175 588 4232 venia
614 4173 638 4227 i
667 4175 735 4226 At
754 4171 925 4241 luges,
956 4165 1209 4238 quoniam
1237 4178 1298 4219 es
1323 4161 1533 4217 deserta
1564 4175 1628 4215 ac
1653 4158 1931 4222 destituta,
1953 4166 2009 4212 et

428 4266 713 4344 perdidisti
743 4274 1122 4335 patronumac
1151 4257 1501 4313 defensorem
1529 4254 1553 4309 ?
1581 4252 1686 4309 Sed
1716 4265 2006 4321 numquam

432 4342 537 4418 hoc
581 4359 821 4421 dixeris;
870 4368 1045 4424 neque
1096 4351 1239 4407 enim
1293 4349 1457 4403 Deum
1516 4344 1814 4418 perdidisti.
1890 4342 2039 4398 Ideo

431 4443 1074 4523 quamdiueumbabes,
1106 4442 1220 4511 ipse
1264 4438 1365 4495 erit
1394 4437 1487 4492 tibi
1535 4435 1710 4507 major
1739 4443 1793 4489 et
1817 4432 2042 4488 marito-

435 4556 489 4601 et
518 4552 676 4614 patre
693 4549 748 4595 et
775 4537 884 4592 ﬁlio
913 4543 1181 4590 etsocero
1202 4549 1220 4588 7:
1261 4545 1386 4586 nam
1414 4539 1467 4583 et
1495 4528 1599 4583 illis
1647 4523 2041 4581 viventibusis.

2114 3986 2280 4048 tione,
2313 3983 2433 4037 ﬁnis
2464 3992 2639 4036 tamen
2660 3997 2847 4037 eorum
2875 3992 2958 4037 est
2985 3984 3256 4039 illCL‘l‘IUS:
3286 3986 3352 4040 de
3380 3986 3477 4041 illo
3509 3998 3688 4043 autem

2121 4078 2186 4133 in.
2208 4076 2470 4145 reliquum
2503 4090 2608 4129 non
2646 4074 2800 4128 times
2827 4089 3001 4145 neque
3034 4076 3433 4144 coutremiscis,
3459 4092 3525 4132 ne
3566 4079 3693 4147 quid

2115 4171 2164 4224 ei
2195 4168 2403 4223 accidat
2429 4209 2443 4231 ,
2477 4176 2572 4219 aut
2596 4165 2831 4234 aliquam
2881 4166 3138 4236 suscipiat
3164 4156 3538 4224 mutationem.
3569 4170 3720 4226 “me.

2118 4261 2278 4315 etiam
2329 4259 2504 4328 cogita
2531 4258 2601 4312 de
2630 4256 2844 4328 pulchra
2874 4273 3041 4313 uxore
3060 4301 3074 4323 ,
3104 4268 3159 4313 et
3202 4259 3347 4315 bona
3381 4260 3586 4317 domus.
3606 4277 3703 4316 cu-

2118 4352 2307 4417 stode;
2340 4360 2395 4405 et
2420 4348 2774 4418 proomnibus
2804 4349 2914 4403 Deo
2933 4364 3029 4420 age
3054 4350 3271 4420 gratias,
3296 4360 3357 4410 et
3384 4354 3702 4423 sipenlide-

2120 4445 2195 4500 ris
2220 4459 2440 4497 uxorem
2467 4482 2483 4507 ,
2511 4441 2712 4513 gratias
2736 4456 2854 4511 age.
2885 4440 3133 4497 Fortasse
3158 4450 3210 4498 te
3230 4444 3510 4501 vultDcus
3532 4447 3702 4502 addu-

2120 4554 2246 4594 cere
2269 4536 2338 4591 ad
2362 4536 2769 4599 continentiam,
2806 4535 2871 4590 ad
2902 4535 3102 4604 majora
3131 4546 3285 4592 vocat
3311 4553 3533 4609 Operum
3566 4555 3693 4610 sep.

438 4613 552 4693 erat
581 4634 671 4704 qui
701 4629 943 4685 faciebat.
975 4625 1177 4682 omnia.
1212 4622 1340 4677 Haec
1366 4635 1497 4691 ergo
1525 4618 1726 4688 cogita,
1756 4626 1811 4671 et
1836 4616 1922 4670 dic
1946 4613 2019 4668 si-

439 4739 531 4785 cut
555 4724 745 4788 David,
774 4721 1024 4777 Dominus
1051 4716 1360 4773 illuminatio
1382 4730 1493 4767 mea
1518 4721 1564 4767 et
1591 4711 1816 4766 salvator
1839 4724 1979 4762 meus
1996 4746 2013 4773 ,

438 4836 584 4890 quem
614 4813 794 4871 timebo
816 4810 988 4887 (Psal.
1014 4809 1108 4864 9.6.
1139 4810 1192 4879 1)
1214 4806 1361 4870 idic,
1393 4806 1434 4860 Τ
1441 4821 1472 4860 ιι
1497 4819 1561 4859 es
1580 4813 1739 4872 pater
1761 4800 2023 4872 orphano-

444 4928 586 4977 rum,
618 4907 855 4979 etjudex
878 4903 1159 4959 viduarum
1183 4917 1198 4966 ;
1218 4910 1277 4958 et
1307 4899 1422 4966 ejus
1464 4897 1685 4952 attrahe
1713 4897 1966 4950 auxilium
2000 4935 2016 4958 ,

2124 4642 2198 4699 ta,
2241 4641 2292 4687 te
2318 4631 2483 4686 voluit
2504 4630 2732 4685 liberare
2754 4644 2786 4683 a
2812 4629 3042 4685 vinculo.
3075 4629 3131 4685 Si
3151 4631 3231 4686 sic
3249 4632 3703 4703 philosophemur,

2129 4735 2185 4781 et
2210 4724 2540 4779 lucrabimur
2564 4732 2885 4793 praesentem
2937 4721 3105 4776 animi
3160 4726 3621 4794 tranquillitatem,
3651 4738 3711 4782 et

2126 4820 2330 4875 futuras
2358 4831 2708 4887 assequemur
2731 4828 2977 4877 coronas,
3004 4823 3110 4871 etc.

442 4969 3714 5021 μκή-,Μ

1757 5038 2097 5101 ΗΟΜΙΙᾸΛ
2146 5030 2346 5096 XLII.

444 5178 577 5236 Car.
620 5176 709 5233 15.
736 5190 790 5229 v.
820 5173 911 5228 47.
957 5167 1346 5224 Primuthomo
1370 5163 1433 5217 de
1458 5171 1616 5228 terra,
1650 5169 1877 5214 terrenus
1902 5173 1921 5224 ,'
1946 5172 2057 5212 αεσ-

781 5264 978 5320 candus
1000 5261 1172 5325 homo,
1198 5257 1447 5312 Dominus
1465 5254 1528 5308 de
1546 5253 1690 5308 cado.

523 5364 549 5417 1
563 5401 578 5416 .
605 5361 894 5429 Postquam
909 5352 1194 5409 animalem
1217 5349 1353 5405 dixit
1371 5347 1605 5418 primum
1626 5353 1681 5398 et
1703 5340 2032 5413 spiritualem

449 5453 768 5516 secundum,
798 5461 982 5504 rursus
1005 5445 1168 5500 aliam
1187 5440 1338 5512 ponit
1357 5435 1736 5501 differentiam,
1764 5442 2061 5488 terrenum.

452 5547 642 5601 dicens
670 5552 725 5598 et
749 5541 1040 5596 caelestem.
1059 5534 1191 5592 Nam
1214 5532 1385 5604 prima
1411 5528 1626 5600 quidem
1647 5533 1732 5581 est
1757 5525 1876 5579 vitae
1898 5538 2038 5593 prm-

456 5638 628 5693 sentis
668 5644 724 5691 et
769 5634 959 5688 futura:
988 5649 1004 5698 ;
1035 5630 1153 5685 lucc
1181 5633 1358 5682 autem
1384 5632 1466 5679 est
1496 5621 1614 5690 ejus
1656 5619 1746 5687 qui
1792 5616 1891 5672 fuit
1919 5626 2043 5670 ante

459 5728 709 5802 gratiam,
742 5736 795 5782 et
830 5725 945 5796 ejus
991 5721 1079 5792 qui
1111 5728 1191 5775 est
1223 5725 1341 5788 post
1365 5711 1612 5784 gratiam.
1644 5708 1826 5763 Posuit
1861 5716 2040 5760 autem

2135 5154 2283 5209 illam
2307 5148 2374 5204 ad
2395 5156 2599 5202 rectum
2625 5144 3070 5201 vitarinstitutum
3094 5147 3301 5204 dicens.
3319 5148 3449 5204 Nam
3468 5167 3554 5219 ne,
3577 5154 3716 5208 sicut

2145 5244 2278 5309 disi,
2322 5239 2546 5294 ﬁdentes
2572 5235 2955 5293 resurrectioni
2980 5278 2996 5304 ,
3021 5237 3184 5294 vitam
3211 5253 3277 5295 ex
3304 5241 3500 5297 virtute
3524 5252 3581 5297 et
3607 5260 3721 5313 per-

2143 5336 2279 5391 fecte
2304 5329 2565 5402 agendam
2607 5327 2943 5399 negligerent
2964 5370 2981 5396 ,
3009 5345 3197 5387 rursus
3235 5347 3330 5386 eos
3357 5348 3570 5404 quoque
3597 5335 3725 5391 hinc

2147 5423 2320 5483 reddit
2360 5430 2575 5493 paratos
2598 5419 2665 5473 ad
2687 5418 3094 5486 decertandum,
3121 5430 3175 5478 et
3199 5419 3445 5477 hortatur
3469 5424 3535 5478 ad
3560 5427 3730 5480 virtu-

2152 5532 2279 5585 tem,
2308 5516 2495 5571 dicens
2520 5530 2534 5564 :
2568 5510 2779 5566 Primus
2803 5511 2955 5565 homo
2993 5513 3055 5567 de
3080 5520 3233 5580 terra,
3259 5522 3487 5570 terrenus
3510 5533 3527 5583 ;
3553 5533 3733 5573 εςσκη.

2152 5612 2250 5667 dus
2296 5610 2485 5672 homo,
2521 5604 2872 5661 Dominusde
2898 5605 3063 5672 creto;
3112 5607 3417 5663 universum
3460 5611 3732 5681 appellans

2153 5705 2426 5760 hominem
2454 5716 2470 5767 ;
2494 5709 2556 5755 et
2587 5698 2725 5753 hunc
2751 5696 2966 5769 quidem
2994 5698 3275 5754 nominans
3304 5701 3371 5755 ab
3393 5718 3458 5756 eo
3488 5704 3627 5773 quod
3651 5709 3760 5757 est
