4138 6220
389 296 496 353 363

397 410 586 470 melius
636 420 700 482 se
731 407 1069 474 [tl‘tt‘SL’tttlttlS
1091 436 1107 458 ,
1141 391 1289 446 illum
1318 396 1495 443 autem
1523 384 1591 438 ab
1619 398 1686 436 co
1727 377 1868 482 quod
1897 386 1980 480 est

396 469 652 559 deterius.
797 490 973 560 Qualis
1004 496 1250 546 terrenus,
1274 481 1398 534 tales
1419 488 1463 531 et
1491 475 1691 529 terreni.
1724 474 1813 527 Sic
1844 469 1982 540 peri-

399 601 531 653 bunt
573 604 627 649 et
658 589 971 646 morientur.
1006 576 1187 649 Qualis
1215 573 1428 629 celestis
1448 612 1467 634 ,
1496 569 1621 622 tales
1662 576 1708 622 et
1739 564 1982 619 ca'lestes.

398 689 488 743 Sic
533 680 820 739 manebunt
848 668 1180 728 immortales
1217 672 1272 719 et
1315 662 1600 730 fulgentes.
1648 654 1785 722 Quid
1829 667 1989 723 vero,

402 792 580 837 annon
612 773 658 826 is
684 780 898 839 quoque
924 771 1005 818 est
1036 768 1279 813 mortuus
1306 754 1330 808 ?
1371 752 1609 807 Mortuus
1636 745 1852 819 quidem
1879 753 1984 811 est,

403 867 495 924 scd
529 864 654 924 inde
685 860 814 915 nihil
866 854 961 910 fuit
1006 852 1206 911 laesus,
1258 844 1351 901 sed
1396 842 1475 897 sic
1521 852 1733 911 quoque
1759 844 1988 890 mortem

405 953 670 1014 ιιίμδοινίι.
700 944 949 1005 Vidistiu’
971 939 1241 1014 qumnodo
1266 936 1390 991 hinc
1410 947 1624 1004 quoque
1647 946 1739 1000 per
1762 935 1987 981 murtem

403 1048 681 1109 constituit
703 1043 894 1114 dogma
925 1038 991 1091 de
1022 1027 1462 1095 resurrectione?
1494 1025 1707 1081 [labens
1734 1020 1903 1114 enim,
1934 1027 1991 1073 ut

406 1143 554 1215 prius
577 1136 709 1199 dixi,
740 1111 1055 1203 principium
1084 1133 1139 1181 et
1165 1129 1347 1194 caput.
1376 1117 1481 1172 noli
1515 1115 1763 1215 dubitare
1782 1111 1848 1166 dc
1876 1119 1990 1163 toto

407 1204 654 1301 corpore.
685 1223 790 1281 Sed
836 1231 891 1278 et
930 1219 1054 1273 hinc
1096 1227 1309 1286 quoque
1354 1217 1570 1264 exercet
1613 1204 1871 1274 Optimam
1928 1214 1990 1254 ac

410 1316 908 1396 praestantissimum
972 1311 1093 1364 νὶιιη
1144 1304 1364 1376 agenda:
1417 1300 1720 1361 rationem,
1785 1305 1995 1363 ponens

409 1391 653 1486 exempla
681 1411 802 1465 vitae
828 1404 1054 1462 excelsa:
1082 1414 1146 1455 ac
1172 1391 1555 1468 philosophiam
1580 1430 1597 1454 ,
1643 1397 1698 1442 et
1724 1391 1839 1488 eius
1867 1396 1986 1486 qua:

413 1525 517 1568 non
548 1483 629 1561 est
658 1497 985 1572 huiusmodi,
1017 1501 1074 1548 et
1103 1491 1381 1557 utriusque
1408 1483 1680 1538 adducens
1713 1483 1995 1572 principia,

413 1605 561 1660 illius
607 1569 822 1668 quidem
869 1591 1163 1652 Christum,
1196 1582 1353 1652 hujus
1382 1592 1511 1633 vero
1539 1575 1825 1668 Athtmum.
1875 1569 2006 1668 Dro-

416 1704 600 1765 pterea
626 1659 725 1744 nec
755 1682 999 1741 absolute
1019 1677 1173 1741 dixit,
1207 1675 1249 1729 E
1286 1683 1448 1736 terra,
1476 1667 1572 1723 sed
1595 1659 2008 1765 Terrenusl-hoc

416 1752 521 1850 est,
552 1794 790 1844 crassus,
817 1775 1007 1831 affixus
1032 1765 1389 1841 przcsentibus
1419 1780 1435 1817 :
1461 1770 1514 1817 et
1544 1770 1729 1814 rursus
1753 1754 1821 1810 de
1848 1752 2008 1850 (Phri-

418 1844 519 1932 sto'
546 1869 873 1928 cmurarimn
899 1908 915 1931 ,
952 1861 1198 1916 Dominus
1226 1874 1252 1911 e
1297 1855 1443 1908 uelo.
1493 1850 1550 1907 Si
1582 1857 1759 1904 autem
1787 1844 2006 1916 quidam

422 1967 544 2023 ideo
567 1964 747 2019 dicant
789 1956 1071 2017 Dominum
1101 1966 1206 2004 non
1251 1947 1450 2001 habere
1487 1955 1705 2013 corpus,
1754 1934 1897 2008 quod
1923 1934 2007 1990 di-

418 2069 562 2115 ctum
589 2056 682 2119 sit,
712 2050 758 2109 Ε
782 2050 928 2113 ccio,
955 2044 1231 2102 sufficiunt
1258 2038 1472 2110 quidem
1515 2050 1635 2105 quae
1664 2032 1771 2104 iam
1800 2028 2010 2102 pridem

420 2148 565 2204 dicta
592 2153 718 2200 sunt
748 2139 814 2196 ad
859 2154 952 2192 ora
997 2148 1185 2190 eorum
1232 2126 1601 2190 obstrueuda;
1652 2122 1783 2179 nihil
1826 2128 2011 2176 autem

422 2247 591 2304 vetat,
616 2232 906 2308 quominus
931 2228 1056 2283 hinc
1074 2238 1287 2297 quoque
1309 2234 1402 2275 ora
1433 2231 1621 2274 eorum
1644 2215 2007 2308 obstruamus.

423 2329 560 2403 αιίά
587 2304 671 2383 est
692 2330 869 2390 enttn,‘
889 2319 1139 2378 Dominus
1160 2331 1187 2372 e
1210 2313 1335 2370 creto
1362 2310 1389 2366 ?
1415 2319 1738 2364 naturamue
1762 2304 1915 2366 dicit,
1945 2318 2012 2356 an

424 2398 682 2494 optimam
709 2417 832 2472 vitm
858 2408 1199 2469 instituendtc
1229 2404 1489 2462 rationem
1520 2401 1544 2456 2
1574 2398 1756 2494 Quiris
1785 2404 1869 2494 est
1895 2410 2016 2467 pcr-

427 2486 713 2584 spicuum,
765 2504 909 2578 quod
956 2501 1217 2573 optimam
1270 2496 1391 2551 vita:
1441 2489 1662 2563 agenda:
1706 2486 2015 2584 rationem:

432 2578 484 2663 et
529 2605 653 2660 ideo
698 2597 1017 2670 subiungit:
1062 2592 1151 2648 49.
1199 2590 1344 2645 Sicut
1397 2584 1706 2657 portavimus
1751 2578 2021 2650 imaginem

432 2695 657 2757 terreni;
703 2691 806 2746 hoc
844 2695 964 2751 est,
1009 2684 1149 2739 sicut
1193 2680 1330 2735 tnala
1374 2677 1631 2740 fecimus;
1679 2681 1938 2742 portemus
1976 2676 2023 2722 et

431 2785 705 2856 Magium
740 2777 953 2835 caelestis
971 2792 989 2841 ;
1020 2775 1122 2830 hoc
1148 2780 1253 2839 est,
1284 2768 1542 2824 faciamus
1571 2765 1793 2835 optima.
1823 2760 2025 2816 Prmter

438 2878 557 2934 lucc
582 2885 762 2929 autem
785 2910 806 2940 ,
831 2884 896 2925 ex
929 2876 982 2923 te
1009 2867 1240 2921 libenter
1264 2860 1574 2917 sciscitarer
1605 2874 1620 2911 :
1666 2857 1739 2911 De
1764 2861 2027 2909 naturane

436 2970 639 3026 dictum
669 2971 752 3019 est
776 3003 791 3027 ,
845 2959 947 3029 Qui
989 2973 1053 3013 ea:
1098 2966 1234 3010 terra
1255 2995 1269 3015 ,
1321 2963 1546 3007 terrenus
1569 2990 1586 3014 ,
1616 2956 1692 3014 et,
1728 2944 1977 2999 Dominus
2001 2958 2029 2996 e

439 3061 566 3118 acto
595 3058 626 3113 ἲ
648 3054 879 3112 Maxime
903 3093 923 3119 ,
966 3050 1154 3123 inquit.
1200 3045 1336 3113 Quid
1368 3046 1536 3115 ergo?
1580 3052 1827 3096 terrenus
1853 3036 2027 3093 solum

441 3159 557 3208 erat
589 3147 756 3204 Adam
783 3187 800 3212 ,
829 3158 896 3198 an
926 3141 1162 3213 aliquam
1189 3139 1351 3194 etiam
1383 3135 1538 3190 aliam
1570 3129 1798 3187 habebat
1840 3141 2030 3183 cssen-
2058 3160 2067 3175 .

444 3241 575 3297 tiam
606 3245 890 3309 cognatam
922 3229 1177 3302 supernis
1203 3238 1258 3284 et
1300 3222 1631 3296 iucorporeis
1654 3262 1668 3287 ,
1698 3236 1858 3292 quam
1883 3218 2030 3276 Scri-

446 3340 603 3401 ptura
626 3334 781 3381 vocat
806 3322 1039 3378 animam
1086 3329 1140 3376 et
1178 3317 1423 3391 spiritum
1450 3314 1473 3368 ?
1506 3313 1600 3369 Est
1628 3311 1798 3368 cuivis
1826 3309 2032 3381 perspi-

443 3436 628 3484 cutnn,
657 3416 801 3488 quod
829 3414 966 3470 hanc
993 3427 1230 3484 quoque.
1260 3408 1403 3479 Ergo
1432 3421 1606 3478 neque
1638 3405 1892 3460 Dominus
1919 3411 2036 3460 erat

445 3511 621 3567 solum
651 3523 720 3563 ex
748 3504 956 3578 superis
981 3545 998 3571 ,
1027 3501 1237 3559 etiamsi
1266 3500 1475 3557 dicatur
1505 3513 1536 3554 e
1562 3497 1716 3563 excto,
1742 3495 1838 3551 sed
1866 3494 2029 3551 etiam

445 3618 662 3662 omnem
685 3607 1013 3670 susceperat.
1036 3595 1191 3663 Quod
1214 3604 1389 3651 autem
1413 3594 1562 3659 dicit,
1591 3604 1673 3649 est
1693 3590 2034 3662 hujuStnodi:

454 3695 601 3750 Sicut
625 3693 937 3765 portavimus
964 3690 1236 3760 imaginem
1276 3686 1543 3752 terrestris,
1576 3685 1744 3742 malas
1769 3686 2036 3750 actiones,

453 3796 711 3858 portemus
757 3794 802 3840 et
846 3783 1116 3855 imaginem
1153 3781 1364 3837 cwlestis
1389 3823 1405 3846 ,
1435 3794 1627 3850 nempe
1665 3781 1789 3834 vita:
1815 3778 2039 3850 agendae

453 3879 714 3934 rationem
758 3892 879 3949 qua:
921 3883 1007 3932 est
1051 3873 1103 3929 in
1140 3873 1308 3930 cmlis.
1344 3872 1398 3928 Si
1428 3883 1607 3926 autem
1640 3871 1948 3942 loqueretur
1973 3870 2044 3926 de

453 3979 664 4035 tmtura,
692 3984 801 4024 non
845 3965 1223 4022 adhortatione
1256 3978 1431 4035 neque
1459 3964 1687 4018 ctmsilio
1714 3978 1802 4018 res
1833 3974 2038 4033 egeret.

452 4060 813 4129 Quamobrem
853 4058 937 4113 vel
982 4057 1109 4112 hinc
1138 4055 1477 4126 pet-Spicuum
1505 4063 1611 4119 est,
1639 4053 1780 4125 quod
1811 4054 1879 4110 de
1920 4055 2044 4111 vitm

455 4149 678 4221 agendae
720 4147 930 4203 ratione
958 4146 1117 4201 estid
1160 4145 1304 4216 quod
1336 4144 1551 4200 dicitur.
1599 4145 1666 4200 Et
1705 4144 1823 4199 ideo
1851 4160 2044 4201 consu-

460 4239 623 4296 tendo
664 4237 867 4293 inducit
912 4235 1233 4300 orationem,
1279 4243 1335 4288 et
1362 4234 1598 4303 appellat
1644 4235 1952 4306 imaginem,
1981 4250 2044 4291 ea

461 4331 673 4387 ratione
697 4343 880 4385 rursus
906 4327 1218 4393 ostendens,
1251 4325 1393 4395 quod
1422 4327 1489 4382 de
1510 4328 1719 4382 actione
1747 4327 1910 4395 dicat,
1940 4344 2045 4383 non

462 4423 532 4479 de
578 4431 787 4477 natura.
842 4418 1133 4491 Propterea
1174 4419 1318 4474 enim
1367 4418 1543 4474 effecti
1593 4435 1778 4475 sumus
1826 4420 2047 4481 terreni,

461 4515 713 4587 quoniam
738 4513 873 4568 mala
902 4511 1126 4568 fecimus
1159 4530 1173 4567 ε
1204 4526 1308 4565 non
1327 4512 1576 4581 quoniam
1602 4514 1670 4564 ab
1700 4512 1849 4566 initio
1870 4510 2046 4567 elfccti

467 4621 655 4663 sumus
702 4604 938 4668 terreni,
977 4602 1071 4658 scd
1123 4603 1375 4673 quoniam
1424 4604 1783 4674 peccavimus.
1842 4604 2049 4661 Etenim

470 4705 747 4771 peceatum
780 4696 1011 4767 primum
1048 4702 1102 4748 ct
1149 4703 1273 4747 tunc
1303 4707 1448 4747 mors
1472 4734 1487 4758 ,
1516 4703 1570 4748 et
1598 4693 1748 4758 illud,
1777 4694 1938 4748 Terra
1974 4710 2049 4762 es,

470 4800 517 4847 et
539 4792 593 4844 in
614 4799 801 4843 terram
829 4788 1087 4843 νευετιιτὶε
1111 4783 1261 4855 (Gen.
1289 4785 1343 4841 5.
1378 4781 1465 4858 l9)
1493 4801 1507 4839 :
1540 4796 1664 4840 tunc
1690 4786 1851 4841 etiam
1883 4785 2050 4842 intra.

471 4878 549 4933 vit
572 4892 799 4933 examen
827 4877 988 4933 animi
1021 4886 1262 4932 tnotuum
1290 4884 1344 4931 et
1366 4875 1846 4947 perturbationum.
1871 4877 2054 4949 Neque

469 4967 614 5022 enim
640 4982 705 5020 cs
734 4977 873 5021 terra
904 4983 1025 5027 esse
1055 4969 1294 5039 genitmn
1324 4969 1449 5024 facit
1474 4969 1716 5026 absolute
1743 4980 2052 5041 terrenum;

467 5075 591 5118 nam
628 5058 884 5113 Dominus
910 5075 1124 5129 quoque
1151 5070 1266 5116 erat
1302 5076 1371 5116 ex
1402 5062 1591 5118 eadem
1632 5076 1807 5119 massa
1834 5072 1889 5120 et
1913 5079 2048 5120 con-

465 5148 746 5220 spersioue
776 5163 792 5213 ;
831 5147 927 5204 sed
957 5157 1166 5213 terrena
1194 5166 1354 5219 agere
1394 5168 1409 5206 :
1439 5153 1578 5210 sicut
1611 5154 1772 5212 etiam
1802 5157 2018 5214 caeleste
2036 5197 2054 5224 ,

472 5256 633 5314 agere
660 5256 781 5312 qua:
808 5248 933 5295 sunt
951 5239 1111 5313 digna
1134 5241 1299 5297 caelis.
1328 5240 1435 5299 Sed
1465 5243 1592 5313 quid
1610 5246 1678 5301 ad
1700 5247 1804 5304 hoc
1824 5249 2057 5318 proban-

474 5337 605 5392 dum
632 5348 768 5406 opus
795 5342 879 5390 est
905 5332 1153 5393 laborare
1170 5336 1604 5404 supervacaneo?
1633 5338 1748 5407 ipse
1767 5340 1910 5395 enim
1935 5356 2057 5411 pro-

474 5427 675 5484 cedens
705 5428 861 5484 nobis
890 5441 1108 5487 sensum
1133 5425 1326 5499 aperit,
1355 5426 1539 5485 dicens
1571 5444 1585 5485 :
1616 5430 1708 5487 50.
1742 5429 1858 5485 Hoc
1886 5443 2058 5486 autem

475 5515 612 5581 dico,
647 5519 851 5587 fratres,
896 5518 1032 5591 quod
1075 5536 1194 5575 cura
1241 5529 1289 5574 et
1323 5521 1531 5591 sanguis
1573 5537 1785 5593 regnum
1817 5520 1915 5577 Dei
1956 5537 2058 5576 non

473 5610 819 5679 possidebunt.
844 5611 1091 5667 Vidistin‘
1117 5611 1387 5682 quomodo
1415 5626 1600 5669 rursus
1622 5612 1859 5681 seipsum
1885 5611 2055 5666 inter-

475 5710 736 5773 pretetur,
769 5717 865 5756 nos
889 5702 1118 5758 liberans
1145 5718 1174 5759 a
1206 5703 1432 5774 negotiis
1460 5707 1483 5758 ‘t
1508 5704 1652 5774 quod
1683 5704 1898 5777 quidem
1929 5704 2055 5761 facit

1113 278 1171 333 S.
1212 272 1488 330 dOANNlS
1526 258 1995 323 CllllYSOSTUMi
2036 257 2354 316 ARCIllEP.
2391 258 2926 324 CONSTANTINOP.

3566 265 3670 322 δα

2090 375 2251 430 etiam
2286 376 2343 431 in
2380 377 2562 431 ntultis
2598 364 2750 432 lucis.
2800 375 3026 431 Carnem
3056 374 3199 431 enim
3237 376 3324 432 hic
3353 392 3504 439 vocat
3533 383 3673 437 mala

2088 481 2274 538 opera,
2297 467 2436 536 quod
2463 478 2518 523 et
2541 467 2665 524 alibi
2688 468 2833 533 fecit,
2861 477 2920 523 ut
2942 466 3155 539 quando
3181 467 3313 524 dicit
3337 487 3350 522 :
3385 468 3484 525 l’os
3509 483 3675 529 autem

2091 575 2191 612 non
2213 559 2331 612 estis
2355 559 2406 612 in
2426 575 2608 621 carne;
2634 570 2687 613 et
2716 573 2924 624 rursus,
2954 558 3054 625 Qui
3075 568 3242 613 autem
3265 571 3383 613 sunt
3410 561 3463 614 in
3489 578 3674 630 carne,

2093 647 2202 705 Deo
2229 655 2428 716 placere
2454 666 2556 702 non
2589 658 2795 717 possunt
2817 648 3003 718 (Rom.
3027 649 3087 703 8.
3110 648 3161 703 9.
3202 650 3235 705 8
3251 649 3293 721 ).
3318 651 3677 717 Quamobrem

2093 741 2308 812 quaudo
2324 741 2473 808 dicit,
2500 740 2614 796 Hoc
2640 751 2808 796 autem
2834 742 2987 806 dico;
3012 742 3142 814 nihil
3173 742 3314 796 aliud
3339 744 3490 811 dicit,
3519 762 3679 816 qtntm

2095 849 2157 890 se
2186 844 2469 904 propterea
2514 833 2616 889 hoc
2665 834 2886 900 dixisse,
2920 844 2978 889 ut
3021 834 3197 891 discas
3243 837 3412 892 malas
3441 839 3682 895 actiones

2098 925 2156 977 in
2187 938 2408 993 regnum
2460 938 2567 977 non
2610 923 2967 979 introducere.
2992 922 3125 978 Nam
3165 936 3283 994 past
3329 929 3683 984 resurrectio-

2100 1029 2221 1069 nem
2266 1015 2448 1071 statim
2490 1014 2558 1069 de
2604 1029 2771 1083 regno
2823 1015 3024 1070 inducit
3069 1030 3416 1085 sermonem;
3459 1029 3513 1074 et
3562 1021 3686 1076 ideo

2100 1107 2369 1176 subiunxit
2422 1126 2438 1162 :
2479 1106 2657 1177 Neque
2682 1109 2941 1178 corruptio
2964 1108 3361 1177 incorruptelam
3391 1112 3680 1179 possidebit.

2103 1199 2216 1256 Hoc
2242 1208 2355 1265 est,
2397 1200 2579 1256 vitium
2623 1218 2727 1255 nun
2757 1202 2991 1271 possidet
3024 1202 3249 1272 gloriam
3294 1202 3441 1258 illam
3473 1212 3529 1259 et
3559 1221 3685 1275 pcr-

2104 1294 2405 1360 eeptionem
2465 1307 2529 1348 ac
2578 1290 2886 1347 fruitionem
2946 1292 3428 1363 incorruptibilitun
3480 1309 3686 1349 rerum.

2111 1382 2324 1439 Etenim
2355 1383 2537 1438 multis
2568 1384 2620 1436 in
2662 1383 2796 1437 locis
2835 1398 3021 1438 rursus
3053 1398 3181 1438 usus
3205 1393 3294 1440 est
3333 1385 3431 1441 bac
3453 1387 3691 1456 appella-

2111 1473 2277 1538 tione,
2302 1472 2489 1528 dicens
2518 1489 2531 1528 :
2563 1472 2663 1541 Qui
2688 1473 2902 1529 seminat
2938 1474 2992 1527 in
3016 1490 3242 1537 cantem,
3269 1490 3334 1530 ea:
3353 1491 3508 1530 carne
3545 1486 3696 1532 metet

2110 1565 2483 1634 correptiones:
2502 1564 2646 1633 (Gut.
2673 1565 2725 1620 6.
2753 1565 2830 1636 8).
2848 1565 2905 1623 Si
2931 1575 3110 1621 autem
3132 1566 3337 1622 diceret
3356 1567 3429 1622 de
3444 1580 3693 1638 corpore,

2112 1671 2220 1711 non
2243 1665 2423 1713 autem
2460 1657 2529 1713 de
2557 1658 2696 1713 mala
2723 1658 2958 1726 actione,
3001 1673 3106 1714 non
3133 1659 3355 1718 dixisset
3380 1661 3690 1731 corruptio-

2114 1763 2283 1816 nem;
2324 1765 2588 1821 nusquam
2630 1751 2774 1806 enim
2819 1764 3018 1821 corpus
3052 1760 3207 1807 vocat
3248 1755 3698 1823 corruptionem;

2114 1857 2287 1913 neque
2313 1844 2457 1899 enim
2484 1844 2760 1915 corruptio
2800 1852 2925 1911 est,
2951 1843 3043 1899 sed
3080 1845 3449 1916 corruptibile.
3495 1847 3694 1914 Quam-

2114 1936 2300 1995 obrem
2343 1936 2667 2008 procedens,
2711 1945 2767 1994 et
2796 1937 2864 1993 de
2897 1937 3299 2006 eodisserens,
3340 1952 3445 1994 non
3477 1939 3528 1994 id
3567 1939 3702 1997 dixit

2115 2031 2535 2101 corruptionem,
2561 2029 2659 2085 sed
2682 2029 3052 2100 corruptibile,
3083 2030 3307 2086 dicens:
3344 2030 3560 2102 Oportet
3589 2048 3703 2086 cor-

2116 2121 2358 2191 ruptibite
2386 2122 2482 2176 hoc
2525 2121 2736 2176 induere
2762 2121 3213 2191 incorruptionem.
3243 2121 3445 2178 Deinde
3483 2137 3606 2178 cum
3634 2123 3705 2180 de

2121 2217 2247 2271 vine
2272 2213 2494 2286 agenda:
2517 2214 2726 2270 ratione
2740 2214 3061 2271 absolvisset
3085 2214 3533 2282 admonitionem;
3560 2216 3703 2286 quod

2120 2321 2336 2377 semper
2352 2306 2490 2364 solet
2504 2304 2705 2373 facere,
2727 2316 3097 2378 argumentum
3122 2318 3434 2379 argumento
3454 2309 3707 2365 continuo

2122 2398 2441 2463 admiscens,
2467 2404 2753 2455 revertitur
2789 2413 2973 2454 rursus
2998 2399 3064 2455 ad
3090 2399 3410 2471 loquendum
3427 2401 3493 2456 de
3519 2417 3706 2458 resur-

2123 2491 2362 2547 rectione
2380 2531 2396 2558 ,
2426 2493 2504 2548 sic
2542 2491 2730 2549 dicens
2760 2510 2776 2547 :
2806 2493 2898 2548 5t.
3094 2493 3385 2563 mysterium
3411 2493 3546 2547 vobis
3570 2495 3705 2547 dico.

2193 2583 2250 2639 2.
2282 2582 2657 2641 Venerandum
2677 2582 2948 2655 quidpiam
2972 2593 3026 2639 et
3049 2598 3324 2647 arcanum,
3355 2593 3408 2639 et
3433 2584 3574 2653 quod
3602 2599 3705 2639 non

2125 2689 2317 2731 omnes
2352 2686 2582 2742 norunt,
2616 2683 2701 2729 est
2737 2675 2978 2730 dicturus
3009 2692 3023 2729 :
3062 2675 3206 2744 quod
3258 2676 3421 2731 etiam
3478 2675 3710 2732 ostendit

2129 2781 2377 2837 magnum
2415 2766 2681 2822 honorem
2709 2783 2816 2837 quo
2843 2782 2941 2822 eos
2967 2766 3153 2832 afficit,
3185 2784 3381 2839 nempe
3410 2769 3490 2824 eis
3515 2784 3709 2824 arcana

2130 2858 2330 2915 dicere.
2370 2859 2507 2927 Quid
2537 2858 2641 2915 hoc
2669 2869 2848 2915 autem
2877 2860 3005 2915 est?
3030 2859 3154 2914 Non
3183 2877 3357 2915 optines
3380 2862 3580 2931 quidem
3607 2877 3714 2914 mo-

2130 2950 2340 3017 riemur,
2372 2960 2418 3005 et
2458 2967 2631 3006 omnes
2672 2951 3071 3006 immutabimur.
3115 2951 3228 3007 Hoc
3255 2963 3335 3008 est
3363 2962 3543 3008 autem
3572 2954 3713 3024 quod

2134 3043 2263 3099 dicit
2289 3061 2304 3098 :
2331 3043 2450 3098 Non
2480 3057 2672 3099 omnes
2708 3042 2922 3114 quidem
2954 3044 3268 3108 moriemur,
3311 3059 3500 3100 omnes
3538 3054 3715 3099 autem

2135 3137 2561 3204 immutabimur,
2603 3137 2764 3192 etiam
2815 3137 2906 3207 qui
2950 3153 3053 3191 non
3105 3138 3406 3192 moriuntur
3437 3154 3451 3191 :
3480 3153 3600 3192 nam
3642 3137 3718 3192 illi

2135 3244 2349 3301 quoque
2395 3237 2524 3284 sunt
2560 3229 2832 3284 mortales.
2877 3228 2954 3285 Ne
2980 3244 3108 3300 ergo
3150 3228 3404 3300 quoniam
3449 3228 3720 3293 morieris,

2138 3330 2417 3390 propterea
2436 3358 2455 3387 ,
2488 3320 2693 3392 inquit,
2723 3321 2911 3375 timeas
2939 3330 3207 3391 tamquam
3244 3334 3350 3375 non
3382 3329 3719 3375 resurrectu-

2139 3427 2232 3469 rus
2265 3428 2279 3465 :
2308 3421 2435 3477 sunt
2458 3412 2624 3477 enim,
2656 3422 2781 3466 sunt
2807 3411 2967 3466 etiam
2998 3411 3162 3482 aliqui
3186 3410 3275 3482 qui
3305 3410 3409 3466 hoc
3433 3409 3719 3478 effugient;

2138 3512 2193 3561 et
2220 3511 2397 3558 tanien
2416 3502 2516 3558 hoc
2540 3504 2620 3559 eis
2646 3519 2754 3558 non
2780 3503 2976 3557 sufﬁcit
2994 3503 3064 3558 ad
3086 3504 3231 3558 illam
3250 3500 3719 3564 resurrectionem,

2139 3596 2236 3655 sed
2263 3605 2473 3666 oportet
2502 3596 2588 3651 illa
2618 3610 2831 3666 quoque
2860 3610 3090 3665 corpora
3114 3610 3236 3667 qua:
3261 3607 3365 3649 non
3393 3591 3719 3659 moriuntur,

2143 3689 2412 3744 immutari
2436 3699 2494 3743 et
2521 3688 2752 3744 transire
2779 3688 2845 3743 ad
2877 3688 3353 3757 incorruptionem.
3382 3683 3472 3742 52.
3504 3683 3574 3739 In
3603 3701 3719 3739 mo-

2143 3790 2333 3847 mento,
2371 3781 2425 3835 in
2451 3781 2555 3835 ictu
2580 3781 2737 3847 oculi,
2761 3782 2812 3835 in
2837 3781 3107 3835 novissima
3134 3779 3277 3835 tuba.
3300 3779 3560 3849 Quoniam
3589 3778 3727 3834 mul-

2145 3883 2255 3928 tum
2299 3874 2601 3944 disputavit.
2634 3875 2702 3929 de
2756 3874 3190 3939 resurreCtione,
3245 3882 3373 3928 tunc
3421 3881 3725 3943 opportune

2144 3965 2382 4022 ostendit
2411 3965 2463 4023 id
2488 3966 2630 4037 quod
2660 3975 2744 4021 est
2788 3968 2841 4020 in
2880 3980 2943 4020 ca
2973 3963 3287 4019 admirabile
3314 3973 3370 4019 et
3399 3974 3591 4034 prwter
3614 3964 3729 4033 opi-

2147 4056 2386 4112 nionem.
2435 4055 2551 4110 Non
2590 4064 2674 4112 cst
2719 4057 2863 4111 enim
2910 4054 3013 4110 hoc
3056 4054 3228 4108 solum
3277 4054 3538 4117 mirabile,
3586 4053 3729 4123 quod

2149 4147 2378 4216 primum
2397 4156 2704 4218 putrescunt
2729 4162 2954 4217 corpora
2981 4156 3039 4202 et
3055 4156 3179 4201 tunc
3197 4155 3501 4217 resurgunt,
3523 4146 3691 4216 inquit
3711 4160 3731 4210 ;

2148 4238 2369 4308 etquod
2399 4239 2483 4302 iis,
2508 4256 2626 4309 qum
2657 4255 2797 4294 llllttc
2822 4247 2974 4305 sunt,
3007 4238 3232 4294 meliora
3263 4251 3327 4292 ac
3358 4237 3729 4309 praestantiora

2148 4345 2270 4401 qua:
2295 4340 2577 4401 resurgunt
2603 4347 2619 4397 ;
2643 4341 2697 4386 et
2719 4330 2860 4401 quod
2881 4330 2947 4385 ad
2971 4331 3126 4401 longe
3152 4329 3428 4386 meliorem
3461 4338 3734 4383 transeant

2150 4421 2548 4485 conditionem,
2593 4437 2766 4491 neque
2819 4420 2963 4490 quod
3009 4421 3371 4493 unusquisque
3418 4420 3560 4490 quod
3614 4434 3736 4489 pro-

2153 4514 2328 4583 prium
2356 4524 2439 4569 est
2460 4514 2707 4584 accipiat,
2735 4523 2791 4569 et
2818 4513 2996 4570 nullus
3022 4513 3162 4585 quod
3189 4513 3412 4569 alterius
3436 4535 3449 4571 :
3472 4512 3565 4568 sed
3593 4513 3735 4583 quod

2155 4615 2262 4660 tam
2293 4605 2458 4660 multa
2481 4648 2496 4672 ,
2542 4616 2686 4661 tanta
2727 4615 2783 4662 et
2822 4607 2944 4662 talia
2964 4647 2980 4674 ,
3010 4615 3065 4662 et
3092 4620 3211 4677 qua:
3236 4621 3451 4662 omnem
3479 4616 3737 4678 superant

2155 4699 2420 4754 rationem
2443 4708 2498 4752 et
2521 4709 2775 4767 mentem,
2796 4699 2994 4754 ﬁantin
3023 4710 3315 4755 momento.
3348 4699 3413 4754 Et
3438 4704 3539 4756 hoc
3567 4700 3734 4770 signi-

2157 4792 2322 4848 ﬁcans
2346 4791 2702 4858 manifestius,
2734 4792 2798 4848 In
2832 4794 2936 4847 ictu
2963 4793 3120 4858 oculi,
3146 4791 3299 4858 dicit,
3327 4792 3378 4846 id
3410 4803 3510 4854 est,
3537 4804 3738 4863 quanto

2158 4892 2401 4952 tempore
2424 4884 2689 4938 clauditur
2713 4883 2917 4940 cilium.
2951 4884 3156 4940 Deinde
3181 4883 3434 4955 quoniam
3462 4883 3596 4938 dixit
3624 4897 3737 4938 rem

2157 4989 2403 5046 magnam
2433 4984 2487 5031 et
2517 4982 2738 5044 stupore
2780 4976 2989 5044 plenam
3010 5017 3026 5042 ,
3054 4976 3099 5030 si
3131 4991 3220 5032 res
3246 4986 3322 5031 tot
3345 4986 3399 5032 et
3429 4984 3590 5030 tanta:
3630 4986 3737 5028 tam

2156 5077 2379 5136 repente
2423 5067 2583 5131 flant,
2623 5065 2895 5137 subiungit
2932 5068 2999 5122 ad
3046 5067 3579 5131 demonstrationem,
3603 5065 3741 5121 rcd—

2158 5157 2293 5213 deus
2322 5159 2577 5215 credibile
2599 5158 2742 5229 quod
2770 5158 2998 5215 dicitur:
3022 5159 3180 5216 Canet
3198 5161 3333 5216 enim
3363 5160 3499 5225 tuba,
3528 5169 3577 5212 et
3601 5175 3743 5213 mor-

2161 5253 2236 5303 tui
2269 5260 2531 5321 resurgent
2578 5251 2884 5321 incorrupti,
2928 5260 2976 5306 et
3019 5269 3112 5307 nos
3155 5253 3551 5307 immutabimur.
3585 5250 3741 5319 Illud,

2163 5337 2297 5405 Nos,
2326 5353 2431 5392 non
2459 5339 2588 5394 dicit
2604 5339 2672 5395 de
2697 5342 2898 5412 seipse,
2920 5341 3014 5398 sed
3038 5341 3106 5399 de
3130 5341 3195 5398 iis
3210 5343 3299 5413 qui
3322 5354 3444 5397 tunc
3468 5341 3744 5398 invenien-

2164 5439 2249 5486 tur
2276 5431 2539 5486 viventes.
2571 5433 2660 5488 55.
2692 5432 2903 5504 Oportet
2919 5435 3052 5488 enim
3076 5434 3400 5505 corruptibile
3417 5435 3512 5489 hoc
3537 5433 3747 5487 induere

2162 5522 2611 5590 incorruptionem.
2652 5524 2731 5580 Ne
2756 5526 2899 5581 enim
2920 5566 2935 5590 ,
2965 5541 3086 5580 cum
3116 5527 3349 5582 audieris
3374 5528 3514 5598 quod
3541 5542 3668 5581 caro
3691 5536 3748 5580 ct

2165 5616 2382 5685 sanguis
2411 5632 2632 5686 regnum
2683 5618 2778 5674 Dei
2819 5634 2927 5675 non
2957 5619 3272 5691 possidebit,
3301 5621 3575 5677 existimes
3627 5636 3749 5676 cor-

2169 5722 2297 5779 pora
2330 5722 2435 5765 non
2468 5725 2784 5782 resurgere,
2829 5711 3106 5784 subiunxit
3134 5728 3148 5769 :
3181 5710 3387 5784 Oportet
3426 5711 3753 5784 corruptitn'te
