4122 6226
432 267 540 324 363
1440 262 1506 318 IN

429 407 541 450 τως
586 384 916 440 ἀπολοῦνται
955 384 1048 437 καὶ
1079 383 1513 453 τελευτήσουσιν.
1567 373 1701 446 Οἶος
1750 386 1782 438 ὁ
1824 384 2006 436 ἐπου-

421 484 636 553 ράνιος
658 526 671 541 ,
708 479 964 534 τοιοῦτοι
1007 476 1103 530 καί
1138 479 1194 530 οἰ
1229 473 1592 542 ἐπουράνιοι.
1629 473 1785 527 Οὕτω
1814 475 2007 545 μενοῦο

430 593 516 629 σιν
550 573 810 627 ἀθάνατοι
840 572 935 624 καὶ
964 569 1292 640 λάμποντες.
1328 566 1394 620 Τί
1428 562 1555 633 οῦν;
1582 567 1704 637 οὐχὶ
1734 569 1829 621 καὶ
1856 564 2011 634 οὗτος

429 666 735 728 ἀπέθανεν;
777 660 1039 715 ’Δπέθανε
1074 659 1194 729 μὲν,
1234 656 1352 710 ἀλλ’
1393 658 1546 710 οὐδὲν
1590 656 1841 711 ἐντεῦθεν
1869 676 2011 731 παρ-

430 756 658 825 εϐλάὸη,
682 754 819 809 ἀλλά
833 751 1119 821 καὶταύτῃ
1142 750 1232 802 τὸν
1253 749 1486 803 θάνατον
1502 750 1827 805 κατέλυσεν.
1857 746 2013 814 Εἶδες

428 847 549 911 πῶς
580 845 873 900 κάντεῦθεν
899 843 980 912 τῷ
1026 841 1240 913 Θανάτῳ
1269 842 1331 895 τὸ
1362 844 1491 913 περί¹
1530 842 1632 912 τῆς
1663 843 2013 908 ἀναστάσεως

428 941 728 1007 συνέστησε
756 936 966 1005 δόγμα;
1000 935 1184 1004 Ἔχων
1223 933 1354 1005 γὰρ,
1383 935 1522 1005 ὅπερ
1548 932 1699 1007 [595]
1739 934 1909 1006 ἔφθην
1937 939 2012 989 εἰ·

430 1029 571 1091 πὼν,
604 1028 705 1097 τὴν
738 1027 915 1096 ἀρχὴν
948 1026 1041 1079 καλ,
1081 1024 1179 1095 τὴν
1218 1026 1497 1095 κεφαλὴν,
1531 1025 1684 1095 φησὶ,
1723 1027 1797 1096 μὴ
1842 1026 2013 1096 ἀμφί-

429 1118 594 1172 ϐαλλε
625 1118 756 1189 περὶ
792 1116 885 1170 τοῦ
914 1113 1172 1186 σώματος
1202 1115 1421 1178 παντός.
1454 1116 1601 1184 Πλὴν
1632 1115 1725 1168 καὶ
1754 1115 1854 1186 τὴν
1882 1116 2012 1185 περὶ

430 1208 708 1273 πολιτείας
759 1207 991 1278 ἀρίστην
1037 1205 1289 1258 ἐντεῦθεν
1338 1205 1609 1277 γυμνάζει
1659 1206 2009 1276 παραίνεσιν,

430 1297 806 1368 ὑποδείγματα
832 1295 1038 1365 ὑψηλοῦ
1068 1296 1165 1348 καὶ
1191 1295 1481 1365 φιλοσόφου
1513 1295 1651 1365 βίου,
1681 1296 1774 1349 καὶ
1809 1296 1869 1349 οὐ
1895 1312 2009 1349 τοι-

429 1387 590 1441 ούτου
620 1387 826 1450 τιθεὶς,
857 1385 953 1438 καὶ
989 1384 1192 1438 τούτων
1235 1383 1562 1455 ἀμφοτέρων
1604 1386 1872 1455 παράγων
1909 1384 2010 1448 τάς

430 1477 626 1549 ἀρχὰς,
653 1475 747 1530 τοῦ
786 1477 885 1547 μὲν
919 1476 1310 1546 τὸν’Χριστδν,
1335 1475 1430 1528 τοῦ
1462 1476 1520 1529 δὲ
1545 1476 1637 1529 τὸν
1677 1476 1866 1547 ’Δδάμ.
1912 1476 2011 1531 Διά

427 1572 591 1626 τοῦτο
612 1571 735 1624 οὐδὲ
763 1568 949 1633 ἁπλῶς
974 1564 1147 1631 εἶπεν,
1167 1569 1260 1622 Ἐκ
1273 1568 1396 1638 γῆς,
1418 1567 1576 1634 ἀλλὰ,
1597 1570 1830 1637 Χοϊκός,
1856 1586 2011 1623 τουτ-

430 1666 582 1731 έστι,
635 1665 849 1734 παχὺς,
878 1665 994 1726 τοῖς
1033 1661 1269 1732 παροῦσι
1302 1662 1749 1733 προσηλωμένος·
1782 1663 1876 1717 καὶ
1906 1663 2011 1718 πά-

429 1759 514 1814 λιν
538 1759 631 1812 ἐπὶ
656 1757 750 1811 τοῦ
785 1754 1026 1827 Χριστοῦ
1064 1755 1397 1819 τούναντίον,
1440 1756 1503 1808 '0
1544 1756 1762 1823 Κύριος
1797 1755 1868 1821 ἐξ
1909 1758 2010 1811 οὺ-

422 1848 636 1919 ρανοῦ.
670 1850 736 1904 Εἰ
781 1848 839 1902 δὲ
880 1846 1090 1916 λέγοιέν
1121 1865 1264 1911 τινες
1291 1845 1381 1901 διά
1418 1845 1576 1900 τοῦτο
1628 1845 1703 1917 μὴ
1733 1846 1879 1917 ἔχειν
1915 1848 2008 1902 τὸν

430 1943 637 2014 Κύριον
659 1941 840 2013 σῶμα,
868 1941 956 1996 διά
978 1940 1061 2003 τὸ,
1106 1940 1207 2006 Ἐξ
1234 1940 1517 2009 οὐρανοῦ,
1547 1940 1820 2009 εἰρῆσθαι,
1847 1940 2009 1995 ἰκανά

434 2036 535 2107 μὲν
564 2036 657 2089 καὶ
680 2033 751 2086 τά
779 2032 1045 2104 εἰρημένα
1077 2031 1245 2086 πάλαι
1284 2028 1560 2101 ἐμφράξαι
1586 2030 1764 2085 αὐτῶν
1788 2033 1856 2085 τά
1884 2032 2006 2086 στό-

435 2143 609 2197 ματα,
638 2123 788 2180 οὐδὲν
812 2123 870 2177 δὲ
902 2121 1104 2176 κωλύει
1140 2123 1234 2176 καὶ
1269 2121 1519 2176 ἐντεῦθεν
1562 2122 1756 2185 αὐτοὺς
1793 2124 2009 2177 ἐπιστο-

437 2218 618 2290 μίσαι.
653 2216 719 2269 Τί
756 2215 865 2285 γάρ
897 2215 1068 2277 ἐστιν,
1113 2213 1177 2267 'O
1219 2214 1433 2281 Κύριος
1468 2212 1538 2276 ἐξ
1576 2211 1869 2280 οὐρανοῦ;
1908 2213 2008 2282 τήν

434 2308 602 2379 φύσιν
620 2305 814 2376 λέγει,
842 2306 877 2377 ἢ
914 2308 1015 2377 τὴν
1055 2305 1285 2376 ἀρίστην
1331 2303 1644 2367 πολιτείανς
1686 2303 1856 2357 Παντί
1904 2321 2007 2358 που

429 2400 614 2472 δῆλον,
656 2401 737 2454 ὅτι
784 2399 883 2470 τὴν
926 2396 1225 2451 πολιτείαν·
1266 2396 1349 2450 διὸ
1381 2396 1477 2449 καὶ
1519 2396 1750 2464 ἐπάγει*
1803 2393 2009 2460 Καθὼς

429 2494 806 2565 ἐφορέσαμεν
856 2491 971 2560 τὴν
1032 2493 1238 2546 εἰκόνα
1284 2490 1393 2544 τοῦ
1444 2488 1657 2558 χοϊκοῦ
1701 2489 2005 2559 (τουτέστι,

433 2583 630 2648 Καθὼς
667 2582 847 2653 φαῦλα
872 2580 1239 2652 ἐπράξαμεν),
1272 2581 1621 2649 φορέσωμεν
1644 2579 1742 2632 καί
1783 2578 1896 2644 τὴν
1926 2580 2006 2631 εἰ-

430 2676 582 2729 κόνα
602 2671 1073 2742 τοῦέπουρανίου
1093 2689 1107 2702 ·
1129 2670 1428 2733 τουτέστιν,
1447 2671 1672 2741 Ἀριστα
1689 2668 2005 2739 πράξωμεν.

429 2764 618 2836 Χωρὶς
656 2764 715 2817 δὲ
757 2762 996 2828 τούτων,
1044 2760 1267 2815 κάκεῖνό
1319 2776 1380 2814 σε
1423 2759 1595 2831 ἡδέως
1642 2758 1709 2814 ἀν
1754 2757 2005 2830 ἐροίμηνο

430 2854 575 2923 Περὶ
605 2852 827 2921 φύσεως
874 2853 1117 2922 είρηται’
1172 2849 1235 2903 '0
1273 2848 1341 2901 ἐκ
1358 2847 1471 2917 τῆς
1500 2847 1726 2916 χοτκὸς,
1759 2847 1888 2911 καὶ,
1952 2845 2006 2900 '0

429 2946 645 3013 Κύριος
686 2944 756 3008 ἐξ
776 2942 1067 3011 οὐρανοῦ;
1097 2942 1225 3003 Ναὶ,
1255 2940 1407 3011 φησί.
1442 2939 1508 2992 Τί
1539 2936 1668 3006 οὗν;
1700 2938 1882 3009 χοῖκὸς
1907 2937 2008 3009 μό·-

429 3052 520 3090 νον
545 3032 615 3107 ἦν
640 3037 671 3089 ό
708 3034 900 3104 Ἀδάμ,
930 3034 963 3106 ἢ
1000 3034 1094 3086 καὶ
1122 3031 1289 3101 ἀλλην
1321 3029 1445 3085 τινά
1474 3025 1620 3100 εἶχεν
1649 3029 1838 3083 οὐσίαν
1872 3046 2006 3098 συγ-

428 3128 567 3198 γενῆ
584 3129 696 3189 τοῖς
714 3127 827 3179 ἀνω
844 3125 939 3178 καὶ
953 3122 1284 3194 ἀσωμάτοις,
1306 3124 1372 3192 ἣν
1388 3122 1566 3192 ψυχὴν
1588 3122 1744 3175 καλεῖ
1760 3124 1794 3194 ή
1816 3122 2006 3193 Γραφὴ

429 3220 529 3275 καὶ
555 3217 805 3289 πνεῦμα;
839 3216 1009 3270 Παντί
1040 3233 1143 3269 που
1172 3216 1352 3285 δῆλον,
1378 3215 1460 3267 ὅτι
1494 3216 1587 3267 καὶ
1606 3215 1832 3285 ταύτην.
1867 3215 2008 3268 οὐκ-

429 3311 526 3367 οὖν
574 3311 700 3365 οὐδὲ
740 3312 770 3364 ὁ
802 3310 1006 3381 Κύριος
1035 3304 1105 3379 ἦν
1144 3306 1352 3362 ἄνωθεν
1383 3306 1563 3376 μόνον,
1598 3307 1649 3358 εἰ
1690 3307 1786 3359 καὶ
1828 3304 1890 3370 ἐξ
1916 3306 2009 3359 οὐ·

434 3400 597 3473 ρανοῦ
627 3400 862 3469 λέγοιτο,
894 3397 1030 3453 ἀλλά
1062 3399 1159 3451 καὶ
1191 3396 1369 3467 σάρκα
1401 3395 1702 3467 ἀνειλήφει.
1740 3398 1805 3451 Ὃ
1835 3396 1890 3449 δὲ
1922 3397 2008 3449 λέ-

428 3511 540 3564 γει,
575 3492 818 3547 τοιοῦτόν
846 3495 981 3545 ἐστι’
1010 3488 1217 3555 Καθὼς
1246 3487 1620 3558 ἐφορέσαμεν
1651 3489 1764 3555 τὴν
1803 3489 2009 3544 εἰκόνα

431 3586 539 3642 τοῦ
577 3586 810 3656 χοϊκοῦ,
845 3585 944 3645 τάς
972 3583 1216 3654 πονηράς
1250 3581 1497 3653 πράξεις,
1534 3579 1884 3650 φορέσωμεν
1909 3581 2007 3635 καί

430 3677 547 3745 τὴν
572 3678 778 3730 εἰκόνα
806 3675 925 3729 τοῦ
954 3672 1337 3742 ἐπουρανίου,
1375 3673 1474 3743 τὴν
1503 3671 1780 3725 πολιτείαν
1811 3672 1911 3742 τὴν
1948 3674 2007 3727 ὲν

429 3772 543 3832 τοῖς
586 3768 859 3836 οὐρανοῖς.
913 3766 976 3818 Εἰ
1019 3764 1077 3818 δὲ
1107 3764 1237 3836 περὶ
1266 3764 1481 3834 φύσεως
1531 3759 1600 3834 ἦν
1642 3765 1670 3817 ὁ
1712 3763 1901 3831 λόγος.
1943 3764 2012 3817 οὐ.

432 3859 830 3930 παρακλήσεως
884 3857 1055 3910 ἐδεῖτο
1100 3856 1164 3909 τὸ
1212 3857 1445 3928 πρᾶγμα
1490 3856 1612 3908 οὐδὲ
1658 3856 2003 3929 συμϐουλῆςα

432 3955 573 4010 ὥστε
596 3952 890 4007 κάντεῦθεν
915 3950 1099 4022 δῆλον,
1123 3950 1207 4002 ὅτι
1244 3949 1372 4019 περί⁵
1398 3948 1671 4013 πολιτείας
1694 3950 1756 4002 τὸ
1779 3951 2007 4021 λεγόμε-

433 4062 547 4100 νον.
580 4044 668 4097 Διὸ
700 4044 793 4096 καὶ
823 4039 1300 4114 συμϐουλευτικῶς
1330 4040 1541 4107 εἰσάγει
1581 4039 1674 4092 τὸν
1700 4040 1880 4108 λόγον,
1913 4042 2008 4095 καὶ

434 4138 623 4192 εἰκόνα
642 4138 817 4200 καλεῖ,
850 4136 942 4190 καὶ
963 4135 1139 4205 ταύτῃ
1169 4135 1333 4188 πάλιν
1373 4132 1549 4203 δηλῶν
1590 4133 1672 4186 ὅτι
1710 4134 1840 4204 περί
1866 4134 2010 4203 πρά-

432 4231 593 4296 ξεως,
616 4229 676 4282 οὐ
694 4227 823 4298 περὶ
844 4226 1058 4296 φύσεως
1080 4225 1249 4295 λέγει.
1268 4225 1378 4278 Καὶ
1402 4223 1510 4294 7&9
1534 4223 1621 4276 διὰ
1648 4223 1803 4276 τοῦτο
1826 4225 2007 4293 ἐγενό-

436 4320 577 4389 μεθα
604 4320 775 4391 χοῖκοὶ
799 4359 814 4383 ,
842 4318 1030 4390 ἐπειδὴ
1064 4317 1275 4389 πονηρά
1301 4316 1638 4388 ἐπράξαμεν·
1669 4317 1771 4370 οὐκ
1818 4317 2011 4389 ἐπειδὴ

432 4413 491 4480 ἐξ
506 4412 681 4483 ἀρχῆς
701 4411 874 4483 χοῖκολ⁸
891 4410 1185 4482 διεπλάσθη
1193 4426 1310 4480 μεν,
1328 4409 1441 4463 ἀλλ’
1463 4408 1649 4481 ἐπειδὴ
1663 4411 1695 4479 ή
1705 4410 2004 4481 μάρτομεν.

432 4505 547 4558 Καὶ
572 4503 682 4575 γὰρ
708 4504 743 4574 ἡ
778 4503 1025 4574 ἁμαρτία
1053 4501 1288 4572 πρῶτον,
1316 4499 1411 4554 καὶ
1440 4499 1558 4552 τότε
1581 4502 1609 4553 ὁ
1637 4499 1884 4565 θάνατος,
1913 4503 2008 4555 καὶ

431 4595 511 4659 τὸ,
544 4593 635 4661 Γῆ
664 4589 740 4659 εἴ,
768 4593 870 4646 καί
902 4595 992 4659 εἰς
1018 4591 1137 4662 γῆν
1171 4592 1504 4658 ἁπελεύσῃ’
1542 4590 1664 4643 τότε
1709 4592 1802 4644 καὶ
1833 4592 1863 4643 ὁ
1896 4591 2006 4645 τῶν

433 4684 622 4740 παθῶν
656 4684 906 4756 εἰσῆλθεν
943 4683 1133 4753 ὲσμός.
1168 4683 1303 4736 Οὐδὲ
1329 4683 1438 4753 γὰρ
1474 4683 1558 4745 τὸ,
1602 4683 1668 4735 ὲκ
1710 4683 1815 4753 γῆς
1842 4700 2005 4752 γεγε-

432 4775 649 4846 νῆσθαι,
682 4777 843 4828 ποιεῖ.
868 4772 1048 4843 χοῖκὺν
1074 4772 1279 4836 ἁπλῶς,
1315 4773 1438 4827 ἐπεὶ
1467 4773 1561 4826 καὶ
1590 4774 1618 4825 ὁ
1654 4772 1856 4843 Κύριος
1895 4774 2008 4827 ἀπὸ

430 4866 531 4933 τῆς
569 4865 747 4936 μάζης
792 4864 888 4917 καὶ
917 4862 1013 4916 τοῦ
1057 4862 1377 4931 φυράματος
1416 4862 1605 4913 τούτου
1646 4855 1736 4930 ἦν,
1769 4860 1907 4913 ἀλλά
1944 4860 2006 4914 τὸ

432 4956 595 5026 γήϊνα
639 4955 931 5026 πράττειν·
962 4952 1151 5021 ὥσπερ
1180 4947 1273 5005 οὖν
1311 4951 1405 5004 καὶ
1444 4950 1767 5021 ἐπουράνιον
1790 4950 1852 5003 τὸ
1879 4950 2005 5014 ἀξια

431 5047 540 5102 τῶν
559 5046 805 5117 οὐρανῶν
833 5042 1218 5108 ἐπιδείξασθαι.
1256 5042 1416 5095 Ἀλλά
1435 5041 1545 5113 7&9
1566 5041 1618 5094 τί
1644 5041 1749 5113 χρὴ
1774 5042 2006 5112 περιττά

432 5140 614 5192 πονεῖν
642 5136 800 5190 τοῦτο
828 5133 1303 5197 κατασκευάζοντα
1326 5150 1340 5197 ;
1372 5131 1580 5205 προῖὼν
1607 5133 1716 5202 7&9
1745 5135 1877 5203 ήμῖν
1907 5133 2005 5187 αὐο

430 5228 522 5292 τὸς
557 5226 890 5281 ἐκκαλύπτει
938 5224 1003 5278 τὸ
1040 5223 1240 5295 νόημα,
1280 5222 1425 5277 οὕτω
1463 5222 1637 5292 λέγων
1657 5238 1672 5253 '
1718 5224 1897 5278 Τοῦτο
1938 5225 2006 5278 δέ

429 5338 601 5392 φημι,
628 5318 904 5389 ἀδελφοί,
927 5317 1017 5372 ὅτι
1045 5316 1203 5384 σὰρξ
1224 5316 1324 5369 καί
1346 5310 1490 5385 αἷμα
1504 5316 1832 5380 ,βασιλείαν
1855 5312 2006 5371 Θεοῦ

431 5416 504 5470 οὐ
535 5411 1134 5482 κληρονομήσουσιν.
1168 5404 1320 5472 Εἶδες
1351 5407 1469 5472 πῶς
1493 5408 1683 5461 ἑαυτὸν
1710 5409 2005 5478 ὲρμηνεύει

430 5508 615 5573 πάλιν,
650 5504 1012 5561 ἀπαλλάττων
1043 5503 1190 5575 ήμᾶς
1238 5500 1609 5571 πραγμάτων;
1656 5499 1687 5553 ὃ
1732 5498 2003 5570 πολλαχοῦ

430 5601 597 5656 ποιεῖ.
653 5599 844 5669 Σάρκα
890 5594 1001 5666 7&9
1050 5591 1286 5648 ἐνταῦθα.
1332 5591 1433 5654 τὰς
1485 5590 1726 5662 πονηράς
1775 5590 2006 5662 πράξεις

434 5692 607 5756 καλεῖ,
638 5691 667 5744 ὃ
695 5691 790 5744 καὶ
817 5687 1053 5759 ἀλλαχοῦ
1096 5683 1415 5753 πεποίηκεν,
1443 5677 1556 5735 οἷον
1588 5682 1662 5744 ὡς
1691 5683 1820 5735 ὅταν
1847 5681 2000 5751 λέγῃ·

443 5783 628 5853 Ὑμεῖς
663 5782 731 5837 δὲ
769 5783 885 5838 οὐκ
927 5777 1068 5834 ἐστὲ
1119 5778 1188 5832 ἐν
1221 5773 1422 5843 σαρκί·
1459 5775 1550 5828 καὶ
1602 5775 1781 5841 πάλιν,
1819 5779 1883 5831 Ol
1935 5776 2004 5829 δὲ

1582 262 1792 319 EPIS'I‘.
1836 265 1851 317 Ι
1888 265 1978 318 AD
2016 264 2175 322 (ΞΟΠ.
2212 266 2448 324 ΠΟΜΠ..
2486 269 2644 326 XLII.

3584 283 3691 338 561

2115 383 2265 457 [596]
2300 385 2372 439 ὲν
2403 387 2582 456 σαρκί
2621 387 2813 454 ὄντες,
2856 388 2978 456 Θεῷ
3018 390 3231 461 ἀρέσαι
3275 397 3345 450 οὐ
3382 397 3687 457 δύνανται.

2117 476 2281 529 Ὥστε
2310 476 2441 530 ὅταν
2469 478 2622 550 λέγῃ,
2664 479 2845 534 Τοῦτο
2877 480 2945 534 δέ
2976 500 3147 553 φημι,
3179 484 3331 539 οὐδὲν
3357 487 3485 541 ἀλλο
3518 489 3688 560 λέγει,

2112 567 2144 639 ή
2178 568 2260 621 ὅτι
2290 568 2391 622 Διά
2413 569 2572 623 τοῦτο
2602 570 2776 625 ταῦτα
2817 567 2998 639 εἶπον,
3028 576 3117 629 ἰνα
3149 577 3328 653 μάθῃς
3352 578 3434 633 ὅτι
3457 583 3690 653 πονηραὶ

2110 658 2341 728 πράξεις
2369 661 2449 724 εἰς
2482 659 2760 730 βασιλείαν
2790 664 2890 716 οὐκ
2919 665 3252 734 εἰσάγουσιν.
3297 669 3430 723 Ἀπὸ
3455 671 3563 742 γάρ
3592 674 3691 744 τῆς

2110 749 2461 815 ἀναστάσεως
2494 753 2697 819 εὐθέως
2728 755 2825 809 καὶ
2854 756 2943 810 τὸν
2983 758 3081 826 τῆς
3120 758 3397 828 βασιλείας
3426 764 3691 833 εἰσήγαγε

2109 843 2267 912 λόγον
2289 861 2303 875 ’
2336 845 2416 899 διδ
2439 847 2534 900 καί
2556 849 2860 919 ἐπήγαγεν·
2883 850 3035 903 Οὐδὲ
3061 851 3099 918 ἡ
3125 853 3315 923 φθορὰ
3339 853 3455 920 τὴν
3474 856 3692 924 ἀφθαρ-

2109 935 2255 988 σίαν
2305 939 2673 1007 κληρονομεῖ
2699 957 2712 971 ·
2750 940 3061 1003 τουτέστιν,
3109 944 3140 1012 ή
3190 943 3358 996 κακία
3400 944 3498 1015 τὴν
3531 944 3691 1010 δόξαν

2108 1026 2326 1096 εκείνην
2358 1028 2451 1079 καὶ
2484 1026 2584 1098 τὴν
2614 1028 2725 1083 τῶν
2757 1029 3052 1102 ἀφθάρτων
3085 1033 3423 1102 πραγμάτων
3453 1034 3691 1090 ἀπόλαυ-

2111 1135 2217 1172 σιν.
2250 1119 2360 1173 Καὶ
2398 1120 2506 1192 7&9
2540 1120 2807 1192 πολλαχοῦ
2848 1123 3008 1176 πάλιν
3040 1126 3105 1195 τῇ
3140 1127 3483 1197 προσηγορίᾳ
3516 1127 3690 1200 ταύτῃ

2106 1210 2208 1279 τὴν
2258 1210 2454 1265 κακίαν
2506 1213 2766 1266 ἐκάλεσεν
2809 1213 3010 1268 εἰπών’
3047 1212 3111 1269 '0
3156 1218 3421 1285 σπείρων
3456 1223 3543 1286 εἰς
3573 1221 3690 1287 τὴν

2109 1302 2329 1371 σάρκα,
2355 1303 2423 1357 ἐκ
2453 1302 2565 1372 τῆς
2601 1308 2829 1374 σαρκὸς
2856 1306 3076 1373 θερίσει
3111 1307 3358 1376 φθοράν.
3386 1310 3446 1362 Εἰ
3472 1311 3526 1363 δὲ
3558 1313 3692 1383 περὶ

2111 1394 2366 1465 σώματος
2390 1396 2598 1463 ἔλεγεν,
2631 1398 2746 1450 ἀλλ’
2768 1398 2829 1450 οὐ
2856 1398 2983 1468 περὶ
3016 1400 3259 1470 πονηρᾶς
3289 1401 3561 1472 πράξεως,
3589 1405 3690 1458 οὐκ

2108 1486 2174 1541 ἃν
2204 1484 2324 1540 εἰπε
2355 1489 2581 1560 φθοράν·
2614 1489 2851 1561 οὐδαμοῦ
2876 1490 2985 1560 γὰρ
3006 1491 3067 1544 τὸ
3091 1491 3248 1564 σῶμα
3275 1493 3483 1564 φθορὰν
3512 1495 3686 1548 καλεῖ’

2108 1582 2232 1635 οὐδὲ
2259 1583 2369 1652 γάρ
2399 1585 2516 1637 ἐστι
2548 1583 2744 1655 φθορά,
2776 1584 2911 1639 ἀλλά
2946 1583 3204 1656 φθαρτόν.
3240 1588 3332 1641 Διὸ
3364 1587 3568 1660 προῖὼν
3598 1592 3691 1645 καὶ

2111 1675 2244 1745 περὶ
2280 1675 2446 1728 αὐτοῦ
2493 1674 2896 1747 διαλεγόμενος,
2947 1679 3046 1731 οὐκ
3089 1674 3240 1731 εἶπεν
3286 1680 3419 1733 αὐτὸ
3462 1681 3687 1753 φθοράν,

2109 1766 2247 1820 ἀλλά
2287 1765 2547 1837 φθαρτὸν,
2578 1767 2752 1836 λέγων
2777 1784 2790 1797 ’
2833 1767 2935 1821 Δεῖ
2964 1768 3075 1839 γὰρ
3118 1769 3185 1823 τὸ
3216 1772 3483 1840 φθαρτὸν
3512 1774 3689 1829 τοῦτο

2106 1855 2481 1911 ἐνδύσασθαι
2522 1857 2884 1924 ἀφθαρσίαν.
2928 1853 3062 1911 Εἶτα
3094 1858 3193 1929 τὴν
3241 1860 3370 1929 περὶ
3415 1860 3689 1927 πολιτείας

2108 1948 2405 2019 πληρώσας
2458 1949 2817 2020 παραίνεσιν,
2871 1950 3009 2022 ὅπερ
3057 1951 3144 2004 ἀεὶ
3198 1955 3378 2019 ποιεῖ,
3428 1953 3689 2009 ὑπόθεσιν

2108 2038 2364 2092 ὑποθέσει
2385 2039 2623 2108 συνεχῶς
2644 2040 2966 2107 ἀναμιγνὺς,
2987 2042 3065 2102 εἰς
3085 2042 3174 2092 τὸν
3194 2058 3258 2093 πε
3268 2042 3319 2113 91
3336 2044 3688 2110 ἀναστάσεως

2108 2128 2273 2182 πάλιν
2314 2128 2424 2182 τῶν
2459 2132 2729 2200 σωμάτων
2778 2130 3017 2185 ἐκϐαίνει
3054 2131 3247 2201 λόγον,
3287 2133 3428 2188 οὕτω
3477 2135 3684 2204 λέγων·

2118 2219 2265 2275 Ἰδοὺ
2292 2219 2632 2289 μυστήριον
2661 2220 2803 2290 ὑμῖν
2832 2222 3006 2292 λέγω.

2180 2310 2244 2382 β’.
2278 2312 2509 2383 Φρικτόν
2541 2329 2593 2365 τι
2638 2313 2733 2366 καὶ
2775 2313 3107 2385 ἀπόρρητον.
3155 2315 3251 2368 καὶ
3290 2315 3319 2369 ὅ
3361 2318 3436 2389 μὴ
3484 2320 3687 2384 πάντες

2113 2402 2281 2468 ίσασι,
2308 2404 2485 2475 μέλλει
2515 2403 2697 2473 λέγειν
2714 2422 2727 2435 ο
2754 2405 2782 2458 ὃ
2802 2407 2894 2459 καὶ
2919 2406 3117 2477 πολλὴν
3140 2407 3473 2464 ἐνδείκνυται
3490 2413 3589 2483 τὴν
3605 2416 3703 2477 εἰς-

2106 2495 2304 2559 αὐτοὺς
2330 2497 2524 2568 τιμὴν,
2550 2497 2610 2550 τὸ
2641 2496 2709 2549 τά
2738 2497 3028 2570 ἀπόρρητα
3061 2496 3241 2567 λέγειν
3282 2502 3487 2563 αὐτοῖς.
3517 2503 3581 2556 Τί
3626 2505 3712 2558 δὲ’

2106 2587 2262 2640 τοῦτό
2281 2590 2429 2652 ὲστις
2453 2589 2677 2654 Πάντες
2693 2588 2811 2657 μὲν
2832 2593 2905 2643 οὐ
2935 2593 3435 2661 κοιμηθησόμεθα,
3462 2594 3705 2663 πάντες,

2105 2676 2175 2732 δὲ
2225 2679 2714 2749 ἀλλαγησόμεθα.
2770 2681 2834 2732 Ὃ
2880 2681 2935 2733 δὲ
2981 2681 3130 2750 λέγει
3176 2681 3335 2736 τοῦτό
3368 2686 3549 2738 ἐστιν·
3606 2690 3683 2740 Οὐ

2106 2769 2309 2833 πάντες
2345 2770 2443 2839 μὲν
2469 2771 2913 2841 ἀποθανούμεθα,
2937 2773 3138 2838 πάντες
3158 2775 3216 2827 δὲ
3241 2775 3683 2849 ἀλλαγησόμεθα,

2105 2863 2200 2915 καὶ
2229 2863 2278 2914 οί
2324 2862 2399 2932 μὴ
2438 2862 2895 2933 ἀποθνήσκοντες·
2927 2863 3111 2934 θνητοὶ
3146 2865 3254 2937 7&9
3290 2868 3551 2924 κάκεῖνοι.
3592 2872 3684 2942 Μὴ

2104 2952 2306 3018 τοίνυν,
2330 2952 2520 3023 ἐπειδὴ
2551 2954 2939 3024 ἀποθνήσκεις,
2967 2954 3056 3008 διά
3079 2954 3238 3009 τοῦτο
3263 2956 3467 3029 δείσῃς,
3497 2962 3689 3029 φησὶν,
3705 3015 3741 3026 ,μ

2105 3043 2180 3107 ὡς
2212 3044 2314 3096 οὐκ
2344 3044 2782 3114 ἀναστησόμενος
2801 3064 2815 3079 ο
2851 3047 2959 3099 εἰσὶ
2986 3046 3095 3117 γάρ
3125 3064 3290 3111 τινες,
3322 3049 3482 3112 εἰσὶν,
3511 3052 3561 3105 οἳ
3591 3053 3685 3106 καὶ

2106 3131 2267 3185 τοῦτο
2291 3132 2691 3202 διαφεύξονται’
2718 3134 2814 3187 καὶ
2834 3135 2984 3204 ὅμως
3010 3135 3111 3188 οὐκ
3134 3135 3296 3205 ἀρκεῖ
3313 3136 3473 3189 τοῦτο
3501 3137 3685 3203 αὐτοῖς
3709 3159 3712 3162 ’

2107 3226 2190 3287 εἰς
2231 3225 2332 3293 τὴν
2361 3226 2659 3279 ἀνάστασιν
2688 3227 2938 3297 ἐκείνην,
2973 3226 3110 3281 ἀλλά
3145 3227 3226 3280 δεῖ
3270 3230 3364 3281 καὶ
3395 3230 3578 3282 ἐκεῖνα
3616 3230 3685 3284 τά

2110 3317 2343 3387 σώματα
2377 3317 2447 3371 τά
2501 3319 2578 3389 μὴ
2627 3318 3044 3390 ἀποθνήσκοντα
3086 3319 3421 3390 ἀλλαγῆναι,
3461 3322 3555 3374 καὶ
3604 3324 3719 3384 εἰς.

2106 3407 2418 3478 ἀφθαρσίαν
2449 3412 2800 3479 μεταπεσεῖν.
2842 3410 2938 3461 Ἐν
2961 3410 3180 3478 ἀτόμῳ,
3198 3409 3434 3479 ὲνριπῇ
3457 3413 3681 3481 ὀφθαλ‹

2100 3497 2244 3569 μοῦ,
2297 3500 2369 3553 ἐν
2400 3500 2475 3569 τῇ
2513 3500 2747 3571 ἐσχάτῃ
2796 3500 3105 3571 σάλπιγγι.
3157 3502 3288 3555 Ὅτε
3334 3503 3505 3556 πολλά
3558 3505 3685 3576 περὶ

2107 3590 2459 3652 ἀναστάσεως
2500 3588 2782 3660 διελέχθη,
2834 3589 2957 3642 τότε
2996 3589 3269 3660 εὐκαίρως
3300 3591 3396 3643 καὶ
3443 3590 3505 3642 τὸ
3553 3592 3683 3645 πολύ

2107 3679 2409 3751 παράδοξον
2433 3680 2602 3750 αὐτῆς
2629 3679 2924 3734 δείκνυσιν.
2951 3680 3026 3734 Οὐ
3055 3678 3346 3751 γάρτοῦτο
3372 3681 3684 3752 θαυμαστὸν
3716 3721 3721 3726 ς

2109 3769 2301 3840 μόνον,
2338 3768 2420 3821 ὅτι
2465 3769 2701 3839 σήπεται
2745 3768 2961 3840 πρῶτον
3006 3769 3077 3821 τά
3120 3770 3369 3840 σώματα,
3420 3771 3514 3823 καὶ
3560 3771 3681 3824 τότε

2107 3858 2415 3921 ἀνίσταται,
2447 3857 2637 3928 φησὶν,
2682 3857 2793 3911 οὐδ’
2823 3858 2907 3910 ὅτι
2944 3857 3193 3928 βελτίονα
3223 3859 3332 3912 τῶν
3366 3860 3461 3913 νῦν
3510 3863 3578 3915 τά
3619 3864 3711 3916 ὲκι

2105 3950 2215 4002 τῶν
2272 3948 2592 4019 σηπομένων
2651 3950 3024 4019 ἀνιστάμενα,
3076 3948 3185 4002 οὐδ’
3229 3951 3312 4003 ὅτι
3365 3951 3458 4004 ἐπὶ
3504 3953 3715 4023 πολλῷ.

2110 4038 2333 4110 μείζονα
2372 4038 2525 4109 λῆξιν
2555 4037 2906 4109 μεταδαίνει,
2944 4038 3056 4091 οὐδ’
3082 4039 3163 4091 ὅτι
3195 4038 3425 4101 ἕκαστος
3462 4041 3523 4093 τὸ
3553 4042 3716 4096 ἰδιονκ

2106 4129 2485 4200 ἀπολαμϐάνει
2533 4129 2629 4183 καὶ
2652 4127 2825 4192 οὐδεὶς
2855 4128 2917 4183 τὸ
2955 4129 3143 4201 ἑτέρου
3161 4171 3178 4196 ,
3209 4129 3327 4183 ἀλλ’
3359 4132 3437 4184 ὅτι
3462 4131 3533 4183 τά
3557 4149 3680 4184 τοσ-

2106 4221 2247 4275 αῦτα
2292 4222 2386 4275 καὶ
2435 4220 2740 4291 τηλικαῦτα
2773 4222 2868 4275 καὶ
2899 4222 3116 4276 πάντων
3142 4221 3402 4291 λογισμὸν
3432 4223 3524 4276 καὶ
3558 4222 3682 4276 νοῦν

2109 4311 2511 4385 ὑπερϐαίνοντα
2542 4312 2601 4365 ὲν
2639 4312 2829 4383 ἀτόμῳ
2864 4313 3096 4380 γίνεται,
3122 4312 3424 4377 τουτέστιν,
3459 4314 3518 4365 ὲν
3544 4314 3682 4368 ἀκαο

2110 4405 2275 4474 ριαίῳ
2325 4402 2523 4474 χρόνῳ.
2570 4401 2684 4454 Καὶ
2730 4400 2906 4471 δηλῶν
2957 4403 3292 4475 σαφέστερον
3340 4400 3517 4462 τοῦτο,
3580 4402 3682 4455 Ἐν

2098 4494 2251 4564 ῥιπῇ
2281 4493 2612 4564 ὀφθαλμοῦ,
2641 4493 2825 4562 φησιν’
2858 4493 2981 4547 ὅσον
3016 4494 3183 4565 μύσαι
3219 4493 3507 4564 βλέφαρον.
3546 4489 3680 4546 Εἶτα

2106 4583 2297 4655 ἐπειδὴ
2329 4583 2472 4654 μέγα
2501 4579 2623 4636 εἷπε
2651 4584 2747 4636 καὶ
2782 4584 3092 4648 ἐκστάσεως
3120 4584 3293 4655 γέμον
3313 4623 3328 4648 ,
3353 4587 3404 4637 εἰ
3440 4584 3681 4638 τοσαῦτα

2108 4676 2203 4731 καὶ
2251 4674 2556 4746 τηλικαῦτα
2612 4676 2916 4747 πράγματα
2974 4676 3119 4730 οὕτω
3169 4677 3386 4748 γίνηται
3439 4676 3677 4747 ταχέως’

2108 4767 2304 4835 ἐπάγει
2333 4768 2415 4830 εἰς
2446 4766 2720 4831 ἀπόδειξιν
2744 4767 2805 4820 τὸ
2828 4767 3139 4832 ἀξιόπιστον
3159 4767 3255 4820 τοῦ
3282 4766 3678 4837 ἐργαζομένου,

2106 4860 2281 4929 λέγων
2299 4876 2313 4890 ’
2343 4860 2637 4914 Σαλα-τίσει
2664 4859 2795 4929 γὰρ,
2826 4860 3002 4913 καἰοί
3029 4859 3229 4928 νεκροί
3256 4858 3682 4930 ἐγερθήσονται

2107 4953 2432 5022 ἄφθαρτοι,
2473 4952 2573 5005 καί
2610 4950 2778 5019 ἡμεῖς
2816 4952 3300 5020 ἀλλαγησόμεθα.
3331 4943 3425 5014 Τδ,
3468 4950 3679 5020 Ἡμεῖς,

2105 5044 2168 5096 οὐ
2209 5041 2338 5113 περὶ
2370 5040 2565 5094 ἑαυτοῦ
2611 5039 2782 5109 λέγει,
2824 5039 2964 5094 ἀλλά
3007 5040 3136 5113 περὶ
3169 5040 3280 5095 τῶν
3313 5040 3532 5106 ζώντων
3574 5042 3683 5094 τῶν

2104 5135 2226 5187 τότε
2268 5134 2690 5205 εὑρισκομένων.
2726 5132 2826 5188 Δεῖ
2850 5133 2959 5203 γὰρ
2993 5135 3060 5188 τὸ
3086 5134 3353 5205 φθαρτὸν
3384 5134 3561 5188 τοῦτο
3592 5135 3682 5185 ἐν·

2105 5225 2407 5279 δύσασθαι
2429 5224 2793 5292 ἀφθαρσίαν.
2820 5224 2938 5278 Ἵνα
2966 5226 3076 5297 7&9
3107 5228 3182 5298 μὴ
3207 5228 3448 5290 ἀκούσας
3470 5244 3576 5294 τις,
3600 5227 3681 5278 ὅτι

2108 5314 2246 5385 σὰρξ
2297 5316 2391 5368 καὶ
2444 5311 2582 5386 αἷμα
2634 5316 2910 5387 βασιλείαν
2956 5315 3093 5370 Θεοῦ
3148 5318 3209 5369 οὐ
3262 5316 3679 5387 κληρονομήσει,

2108 5407 2257 5481 [59η
2289 5408 2491 5480 νομίσῃ
2515 5408 2585 5461 τά
2613 5409 2841 5479 σώματα
2874 5408 2949 5479 μή
2988 5408 3306 5463 ἀνίστασθαι
3331 5447 3347 5471 ,
3376 5408 3707 5476 ἐπήγαγεν..

2105 5501 2188 5567 ὅτι
2214 5499 2394 5554 Δεῖτὸ
2416 5499 2684 5568 φθαρτὸν
2712 5500 2890 5553 τοῦτο
2915 5499 3285 5552 ἐνδύσασθαι
3315 5498 3680 5567 ἀφθαρσίαν,

2108 5590 2207 5645 καί
2262 5589 2331 5644 τὸ
2382 5590 2607 5657 θνητὸν
2656 5589 2832 5644 τοῦτο
2881 5588 3253 5643 ἐνδύσασθαι
3320 5589 3682 5645 ἀθανασίαν.

2107 5683 2350 5755 Φθαρτὸν
2382 5682 2440 5736 δὲ
2471 5680 2532 5735 τὸ
2562 5681 2741 5752 σῶμα,
2768 5681 2864 5735 καὶ
2897 5680 3089 5751 θνητὸν
3119 5680 3181 5733 τὸ
3212 5681 3390 5751 σῶμα.
3427 5682 3592 5735 Ὥστε
3624 5681 3705 5736 τὸν

2108 5773 2273 5846 σῶμα
2300 5771 2485 5844 μένειο
2510 5772 2641 5827 αὐτὸ
2671 5772 2778 5845 γάρ
2807 5774 2924 5827 ἐστι
2953 5771 3013 5825 τὸ
3037 5770 3386 5843 ἐνδυόμενον’
3413 5773 3446 5841 ἡ
3470 5771 3525 5824 δὲ
3558 5772 3687 5839 θνη-
