4138 6220
434 243 541 303 363

431 356 593 428 τὰτης
615 355 766 428 καὶὴ
795 355 970 429 φθορὰ
992 354 1338 424 ἀφανίζεται,
1358 356 1659 420 ἀθανασίας
1681 361 1779 412 καὶ
1796 359 2005 431 ἀφθαρ-

434 449 555 510 σίας
599 447 857 518 ἐπιούσης
902 444 1072 517 αὐτῷ.
1114 446 1206 515 Μὴ
1242 446 1424 501 τοίνυν
1461 446 1770 516 ἀμφίϐαλλε
1820 449 2005 504 λοιπὸν

432 535 549 599 πῶς
576 536 798 608 ἄπειρον
825 536 1045 606 ζήσεται
1070 534 1235 603 ζωὴν,
1258 535 1387 588 ὃταν
1412 536 1669 609 ἀκούσης.
1695 540 1778 592 ὃτι
1802 539 2009 609 ἀφθαρ-

431 644 523 683 τον
549 628 778 697 γίνεται.
811 628 986 678 Ὅταν
1010 624 1079 677 δὲ
1101 624 1169 677 τὸ
1191 627 1457 694 φθαρτὸν
1477 630 1650 683 τοῦτο
1678 628 2008 697 ἐνδύσηται

431 720 790 788 ἀφθαρσίαν,
814 715 909 769 καί
931 716 996 768 τὸ
1021 718 1234 784 θνητὸν
1260 718 1436 774 τοῦτο
1447 720 1775 788 ἐνδύσηται
1790 722 2009 777 ἀθανα-

429 812 596 870 σίαν,
648 811 778 863 τότε
823 806 1142 876 γενήσεται
1188 812 1220 863 o’
1269 812 1453 881 ,λόγος
1499 814 1532 867 ὁ
1587 813 2005 883 γεγραμμένος

430 897 738 963 Κατεπόθη
757 898 789 950 ό
810 894 1065 963 θάνατος
1088 900 1173 965 εὶς
1196 896 1384 965 νῖκος.
1423 899 1642 972 Ἐπειδὴ
1670 902 1779 973 7&9
1799 902 2010 973 μεγάλα

430 986 524 1040 καὶ
548 986 837 1061 ἀπόρρητα
865 982 1011 1056 εἶπε,
1034 988 1199 1044 πάλιν
1219 989 1328 1044 ἀπὸ
1357 991 1695 1064 προφητείας
1719 993 2008 1048 πιστοῦται

427 1079 520 1137 τὸν
556 1078 748 1151 λόγον·
797 1079 1105 1147 Κατεπόθη
1137 1083 1169 1134 ὀ
1210 1079 1467 1150 θάνατος
1493 1085 1580 1150 εὶς
1624 1082 1816 1150 νῖκος,
1853 1101 2008 1141 τουτ-

429 1174 597 1238 έστιν,
646 1173 728 1235 είς
774 1171 964 1236 τέλος,
1009 1173 1132 1226 οὐδὲ
1176 1172 1430 1243 λείψανον
1464 1175 1627 1230 αὐτοῦ
1677 1176 1856 1247 μένει,
1887 1177 2008 1231 οὐδὲ

428 1263 781 1336 ὑποστροφῆς
819 1263 974 1326 ἐλπὶς
995 1304 1011 1330 ,
1041 1263 1140 1334 τῆς
1169 1264 1478 1336 ἀφθαρσίας
1510 1266 1609 1338 τὴν
1637 1267 1844 1338 φθοράν
1873 1268 2007 1322 ἁνα-

427 1354 703 1426 λωσάσης.
737 1354 858 1409 Ποῦ
882 1370 1020 1420 σου,
1051 1355 1289 1420 θάνατε,
1318 1356 1385 1410 τό
1411 1360 1697 1426 κέντρον;
1725 1358 1844 1414 ποῦ
1867 1374 2007 1426 σου,

426 1447 540 1516 ᾷδη
562 1488 578 1510 ,
609 1443 677 1500 τὸ
710 1446 917 1511 νῖκοςς
951 1441 1104 1510 Εἶδες
1131 1446 1311 1518 ψυχὴν
1335 1449 1623 1516 γενναίαν;
1657 1451 1767 1504 Καὶ
1797 1448 1906 1522 7&9
1933 1450 2009 1514 ώς

425 1540 721 1609 νικητήρια
745 1536 911 1601 θύων,
936 1539 1031 1594 καί
1058 1538 1242 1602 ἐνθους
1273 1540 1587 1610 γενόμενος,
1613 1541 1708 1595 καὶ
1734 1541 1879 1613 ὁρῶν
1908 1540 2010 1612 ῆδη

428 1628 503 1694 ὡς
541 1629 893 1703 γεγενημένα
930 1628 1004 1686 τὰ.
1042 1627 1310 1700 μέλλοντα
1333 1670 1350 1695 ,
1383 1630 1665 1685 ἐνάλλεται
1704 1632 1799 1684 καὶ
1836 1633 2007 1700 ἐπεμ-

429 1722 605 1782 σαίνει
624 1722 700 1796 τῷ
723 1722 940 1794 θανάτῳ
961 1722 1224 1797 κειμένῳ,
1244 1724 1338 1779 καὶ
1353 1725 1452 1798 τὴν
1472 1725 1736 1779 ἐπινίκιον
1752 1726 2010 1791 ἀλαλάζει

431 1814 614 1890 φωνὴν
646 1814 787 1871 κατά
820 1814 917 1888 τῆς
962 1813 1154 1868 τούτου
1188 1815 1432 1888 κεφαλῆς
1465 1817 1725 1891 κειμένης
1745 1856 1762 1883 ,
1798 1818 2013 1888 μεγάλα

433 1906 570 1981 βοῶν
613 1908 706 1964 καὶ
739 1904 932 1979 λέγων·
983 1905 1108 1964 Ποῦ
1144 1921 1283 1971 σου,
1322 1906 1578 1974 θάνατε,
1610 1908 1677 1961 τὸ
1726 1908 2009 1978 κέντρονς

430 1988 549 2053 ,ποῦ
581 2015 723 2062 σου,
753 1997 888 2068 ᾷδη,
917 1996 983 2052 τὸ
1016 1996 1228 2067 νῖκος-ς
1264 1999 1485 2069 Οίχεται
1519 2002 1612 2053 καὶ
1640 2000 1887 2054 ἀπόλωλε
1917 2002 2014 2056 καὶ

431 2089 723 2158 ἠφάνισται
743 2088 1045 2151 παντελῶς,
1067 2089 1159 2144 καὶ
1180 2088 1301 2159 εἰκῆ
1322 2089 1499 2143 πάντα
1521 2090 1703 2143 ἐκεῖνα
1727 2089 2009 2161 ἐποίησας.

432 2182 565 2236 Οὐδέ
599 2181 708 2250 γὰρ
736 2179 1021 2249 ἀφώπλισε
1051 2180 1211 2252 μόνον
1238 2180 1402 2236 αὐτὸν
1423 2182 1532 2239 οὐδ’
1563 2182 1816 2254 ἐνίκησεν
1834 2224 1850 2250 ,
1874 2183 2013 2238 ἀλλά

433 2276 527 2326 καὶ
560 2270 809 2325 ἀπώλεσε
829 2311 844 2335 ,
876 2272 971 2325 καὶ
999 2273 1078 2335 είς
1108 2272 1169 2326 τὸ
1196 2272 1330 2344 μηδὲ
1356 2272 1494 2337 ὅλως
1518 2270 1662 2331 εἶναι
1682 2274 2008 2346 κατέστησε.

439 2363 510 2419 Τὸ
542 2364 609 2417 δὲ
638 2364 886 2431 κέντρον
919 2363 1024 2417 τοῦ
1057 2363 1340 2430 θανάτου,
1378 2365 1416 2434 ἡ
1444 2365 1716 2435 ἁμαρτία·
1751 2367 1788 2435 ἡ
1819 2365 1887 2421 δὲ
1906 2366 2011 2421 δύ·

433 2475 608 2527 ιιςιμις
632 2454 738 2524 τῆς
761 2454 1071 2526 ἁμαρτίας,
1095 2459 1127 2510 ό
1152 2456 1357 2525 νόμος.
1375 2456 1537 2529 Ὁρᾷς
1560 2456 1677 2524 πῶς
1701 2458 1830 2535 περὶ
1851 2457 2014 2513 θανά-

433 2565 525 2600 του
554 2546 871 2621 σωματικοῦ
898 2548 927 2600 6
952 2547 1144 2617 λόγοςς
1167 2546 1377 2601 Οὐκοῦν
1402 2548 1644 2620 καὶπερὶ
1663 2548 2017 2613 ἀναστάσεως

435 2638 777 2715 σωματικῆς.
811 2640 876 2692 Ei
906 2638 1015 2708 γάρ
1057 2638 1133 2709 μὴ
1169 2639 1451 2693 ἀνίσταται
1480 2638 1653 2692 ταῦτα
1675 2681 1690 2705 ,
1723 2640 1841 2704 πῶς
1882 2657 2017 2694 κατο

433 2730 601 2800 επὸοη
622 2733 650 2789 ὁ
673 2730 901 2794 θάνατος
923 2747 941 2797 ;
965 2731 1075 2785 Καὶ
1098 2731 1160 2785 οὐ
1177 2730 1334 2784 τοῦτο
1365 2730 1546 2801 μόνον,
1563 2732 1700 2786 ἀλλά
1722 2732 1837 2797 πῶς
1859 2732 2016 2789 δύνα-

439 2841 531 2894 μις
560 2827 659 2893 τῆς
681 2823 957 2897 ἁμαρτίας
976 2826 1004 2877 6
1033 2825 1232 2895 νόμος;
1261 2826 1385 2879 Ὅτι
1414 2826 1511 2897 μὲν
1538 2826 1643 2899 γὰρ
1675 2827 1897 2899 κέντρον
1919 2827 2014 2882 τοῦ

435 2915 668 2968 θανάτου
698 2917 732 2985 ἡ
766 2914 1030 2986 ἁμαρτία,
1059 2915 1157 2973 καὶ
1186 2916 1546 2993 χαλεπωτέρα
1575 2918 1809 2985 ἐκείνου,
1839 2920 1934 2973 καὶ
1957 2920 2015 2973 ἐν

435 3008 571 3078 αὐτῇ
606 3006 704 3078 τὴν
742 3007 893 3077 ίσχύν
928 3000 1083 3070 οὗτος
1125 3007 1261 3078 ἔχει,
1306 3008 1498 3079 δῆλον’
1542 3010 1660 3073 πῶς
1709 3010 1765 3065 δὲ
1809 3010 2016 3081 ταύτης

436 3100 532 3153 καὶ
562 3098 790 3170 δύναμις
823 3100 852 3152 ό
885 3099 1084 3171 νόμος;
1111 3100 1435 3173 ’Ότι-χωρὶς
1462 3101 1631 3157 αὐτοῦ
1661 3102 1895 3175 ἀσθενὴς
1921 3098 2013 3175 ἦν,

436 3191 787 3263 πραττομένη
820 3191 943 3262 μὲν,
975 3194 1035 3246 οὐ
1068 3193 1343 3264 δυναμένη
1375 3195 1433 3249 δὲ
1464 3195 1606 3249 οὕτω
1631 3196 2013 3251 καταδικάσαι.

434 3284 510 3339 Τὸ
544 3283 644 3352 μὲν
672 3282 781 3355 γὰρ
823 3282 992 3336 κακὸν
1028 3283 1257 3352 ἐγίνετο,
1303 3284 1486 3353 σαφῶς
1513 3284 1572 3337 δέ
1604 3286 1706 3339 οὐκ
1742 3286 2017 3344 ἐδείκνυτο

432 3374 626 3438 οὕτως.
678 3374 843 3427 ’Ὥστε
882 3374 943 3427 οὐ
986 3374 1182 3445 μικρὸν
1212 3376 1531 3445 εἰσήνεγκεν
1567 3377 1596 3429 6
1626 3378 1787 3446 νόμος
1828 3376 1887 3431 τὸ
1922 3380 2018 3437 καὶ

436 3469 705 3542 γνωρίσαι
742 3468 844 3537 τὴν
886 3469 1161 3544 ἁμαρτίαν
1213 3468 1413 3539 μᾶλλον
1463 3470 1559 3523 καὶ
1607 3472 1873 3525 ἐπιτεῖναι
1917 3470 2015 3543 τὴν

437 3557 679 3617 κόλασιν.
728 3559 791 3620 Εἰ
833 3559 889 3619 δὲ
953 3558 1275 3634 βουλόμενος
1326 3560 1571 3616 κωλῦσαι
1626 3561 2017 3633 χαλεπωτέραν

435 3650 740 3720 ἀπέφηνεν,
772 3650 833 3704 οὐ
880 3652 1031 3720 παρά
1075 3651 1167 3707 τὸν
1218 3652 1399 3722 ἰατρὸν
1452 3652 1514 3705 τὸ
1564 3651 1836 3724 ἔγκλημα.
1879 3654 2017 3711 ἀλλὰ

438 3741 591 3811 παρὰ
618 3740 708 3800 τὸν
738 3740 923 3804 κακῶς
949 3740 1027 3814 τῷ
1055 3742 1334 3813 φαρμάκῳ
1365 3744 1730 3814 χρησάμενον·
1768 3745 1893 3800 ἐπεὶ
1920 3747 2016 3801 καὶ

437 3835 476 3901 ἡ
503 3832 780 3903 παρουσία
810 3831 901 3887 τοῦ
938 3833 1175 3905 Χριστοῦ
1218 3835 1419 3905 μᾶλλον
1447 3836 1686 3909 ἐϐάρησε
1718 3837 1845 3900 τούς
1888 3837 2017 3893 Ἰου-

435 3924 617 3989 δαίους
639 3941 653 3956 ·
686 3925 807 3985 ἀλλ’
838 3925 900 3979 οὐ
933 3925 1022 3979 διὰ
1058 3925 1218 3979 τοῦτο
1244 3926 1383 3998 αὐτῇ
1421 3928 1791 4000 ἐγκαλέσομεν
1814 3968 1830 3991 ,
1881 3927 2017 3982 ἀλλὰ

438 4017 644 4087 ταύτην
678 4018 777 4088 μὲν
806 4018 901 4074 καὶ
934 4017 1350 4090 θαυμασόμεθα,
1384 4019 1627 4082 ἐκείνους
1650 4018 1708 4072 δὲ
1752 4018 2016 4090 μειζόνως

441 4108 745 4176 μισήσομεν
796 4107 1094 4177 βλαϐέντας
1133 4107 1199 4161 δι’
1238 4101 1316 4161 ὧν
1355 4107 1686 4177 ὡφελεῖσθαι
1715 4109 1846 4163 ἔδει.
1890 4110 2018 4166 Ὀτι

437 4198 547 4267 γὰρ
582 4196 683 4248 οὐκ
708 4196 871 4260 αὐτὸς
892 4197 994 4269 τὴν
1027 4195 1304 4269 ἁμαρτίαν
1334 4196 1698 4267 ἐδυνάμωσεν,
1726 4198 1755 4250 ό
1781 4197 2017 4269 Χριστὸς

437 4287 643 4350 αὐτδςιι
675 4287 998 4359 ἐπλήρωσεν
1032 4287 1273 4355 ἅπαντα,
1300 4289 1395 4341 καὶ
1429 4288 1705 4362 ἁμαρτίας
1742 4290 1898 4354 ἐκτὸς
1923 4285 2013 4362 ἦν.

438 4380 511 4434 Σύ
537 4379 595 4433 δέ
634 4397 724 4450 μοι
760 4379 991 4444 σκόπει,
1026 4380 1143 4445 πῶς
1171 4382 1267 4437 καὶ
1291 4380 1541 4437 ἐντεῦθεν
1582 4382 1683 4452 τὴν
1719 4383 2021 4441 ἀνάστασιν

440 4470 745 4527 πιστοῦται.
792 4474 852 4526 Εἰ
880 4474 989 4544 γὰρ
1014 4473 1173 4527 τοῦτο
1202 4472 1432 4529 θανάτου
1462 4475 1638 4527 αἴτιον
1666 4473 1729 4529 τὸ
1761 4474 2013 4547 ἁμαρτά-

440 4578 573 4627 νειν,
615 4563 644 4615 6
675 4562 732 4616 δέ
766 4563 998 4634 Χριστὸς
1033 4563 1202 4616 ἐλθὼν
1247 4564 1404 4619 ἔλυσε
1437 4566 1536 4636 τὴν
1566 4566 1878 4637 ἁμαρτίαν,
1923 4568 2019 4622 καὶ

438 4654 587 4723 ἡμᾶς
627 4653 797 4724 αὐτῆς
843 4654 933 4707 διὰ
983 4655 1078 4707 τοῦ
1126 4654 1504 4725 βαπτίσματος
1551 4656 1869 4726 ἀπήλλαξε,
1922 4659 2018 4713 καὶ

442 4750 581 4819 μετά
608 4753 707 4820 τῆς
740 4749 1014 4820 ἁμαρτίας
1042 4745 1192 4821 [598]
1232 4749 1328 4801 καὶ
1356 4749 1447 4801 τὸν
1476 4748 1641 4818 νόμον
1666 4749 1923 4816 ἔπαυσεν,
1954 4746 2016 4806 οὗ

438 4841 922 4911 παραϐαινομένου
954 4839 1093 4912 αῦτη
1144 4838 1499 4903 συνίσταται,
1533 4839 1589 4893 τί
1621 4839 1807 4893 λοιπὸν
1846 4842 2016 4910 ἀμφι-

437 4929 659 4992 ϐάλλεις
710 4933 836 5001 περὶ
880 4932 981 5001 τῆς
1018 4932 1396 4997 ἀναστάσεωςς
1432 4929 1595 4984 πόθεν
1630 4930 1740 5002 γὰρ
1774 4930 1958 4985 λοιπὸν
1990 4936 2019 4985 6

436 5019 667 5083 θάνατος
706 5023 1005 5093 κρατήσεις
1032 5024 1163 5080 Ἀπὸ
1199 5023 1293 5077 τοῦ
1326 5023 1525 5094 νόμους
1570 5023 1709 5078 Ἀλλ’
1731 5022 1893 5095 ἐλύθη
1926 5018 2020 5077 οὗ·

436 5128 556 5175 τος.
604 5109 745 5164 Ἀλλ’
778 5111 887 5164 ἀπὸ
914 5115 1011 5181 τῆς
1048 5114 1347 5184 ἀμαρτίας;
1392 5116 1533 5170 Ἀλλ’
1567 5116 1810 5190 ἀνῃρέθη
1855 5116 2014 5189 αῦτη.

443 5202 531 5269 Τῷ
557 5200 626 5255 δὲ
657 5201 779 5265 Θεῷ
812 5201 980 5269 χάρις
1018 5199 1098 5265 τῷ
1132 5203 1302 5256 δόντι
1331 5204 1478 5273 ἡμῖν
1497 5206 1565 5261 τὸ
1592 5207 1760 5277 νῖκος
1785 5206 1886 5263 διὰ
1909 5209 2017 5263 τοῦ

434 5296 659 5371 Kvplov
681 5293 853 5364 ἡμῶν
886 5293 1083 5360 Ἰησοῦ
1113 5295 1390 5365 Χριστοῦ.

504 5395 577 5457 7'.
614 5387 689 5445 τὸ
713 5387 812 5457 μὲν
838 5385 947 5458 7&9
976 5385 1236 5457 τρόπαιον
1266 5385 1431 5449 αὺτῖὸς
1452 5385 1793 5460 ἔστησε,τῶν
1820 5392 1875 5447 δέ
1898 5409 2017 5444 στε-

435 5481 617 5551 φάνων
637 5481 730 5532 καὶ
753 5480 831 5551 ῆμ
856 5481 917 5543 ἃς
936 5478 1245 5535 ἀπολαῦσαι
1274 5480 1525 5553 ἐποίησε,
1542 5482 1635 5539 καὶ
1651 5483 1809 5536 τοῦτο
1822 5484 1920 5535 οὐκ
1954 5483 2011 5549 ἐξ

432 5570 676 5646 ὀφειλῆς,
700 5571 815 5630 ἀλλ’
844 5571 954 5624 ἀπὸ
996 5572 1407 5645 φιλανθρωπίας
1441 5575 1629 5647 μόνης.
1676 5578 1826 5643 Ἀρα
1875 5571 2008 5637 οὖν,

431 5718 832 5835 nebnléclﬁundum
876 5729 949 5773 est
990 5726 1014 5771 ἁ
1051 5727 1251 5790 Χριστὸς
1294 5725 1455 5786 αὐτόν,
1501 5732 1555 5775 ιιι
1591 5726 1709 5788 ιρείι
1742 5722 2011 5774 Genu-auus

558 5797 563 5802 ‘
661 5796 699 5830 5.

558 5796 699 5830 ειυς.

1106 240 1165 297 s.
1215 239 1502 298 JOANNIS
1533 240 2018 298 cnnvsosrom
2054 237 2371 296 ARCIIIEP.
2410 191 2959 295 CONSTANTINOP.

2112 353 2385 424 ἀδελφοί,
2435 353 2657 423 ἑδραῖοι
2693 353 2957 423 γίνεσθε,
3004 350 3451 421 ἀμετακίνητοι.
3500 354 3693 409 Δικαία

2113 444 2297 499 λοιπὸν
2330 446 2425 498 καὶ
2460 444 2714 515 εῦκαιρος
2758 445 2794 514 ἡ
2839 443 3158 515 παραίνεσις
3183 459 3201 474 ·
3228 443 3380 496 οὐδὲν
3413 444 3522 515 γὰρ
3552 444 3697 501 οὕτω

2112 537 2349 600 σαλεύει,
2387 537 2463 601 ὡς
2491 536 2552 590 τὸ
2582 536 2706 606 εἰκῆ
2747 536 2991 607 νομίζειν
3020 536 3320 590 κόπτεσθαι
3364 537 3459 589 καί
3491 538 3688 609 μάτην.

2108 629 2587 700 Περισσεύοντες
2628 629 2702 682 ἐν
2734 627 2813 694 τῷ
2840 629 2990 698 ἔργῳ
3015 627 3123 681 τοῦ
3149 628 3373 697 Κυρίου
3396 628 3692 685 adnate-

2109 721 2406 786 τουτέστιν,
2443 723 2503 774 ἐν
2545 719 2621 791 τῷ
2663 720 2763 791 βίῳ
2799 721 2878 791 τῷ
2925 719 3171 791 καθαρῷ.
3212 720 3322 774 Καὶ
3369 722 3471 775 οὐκ
3515 718 3691 788 εἶπεν,

2122 811 2512 885 Ἐργαζόμενοι
2538 812 2598 866 τὸ
2623 811 2848 881 ἀγαθὸν,
2879 810 3038 877 ἀλλά,
3066 812 3543 880 Περισσεύοντες
3560 852 3575 875 ,
3604 812 3695 868 ἶνα

2111 905 2254 977 μετά
2299 904 2615 977 περιουσίας
2648 904 2782 959 αὐτὸ
2828 903 3092 975 ποιῶμεν,
3134 903 3229 958 καὶ
3269 902 3343 957 τὰ
3394 905 3693 975 σκάμματα

2112 995 2547 1069 ὑπερϐαίνωμεν.
2576 994 2816 1061 Είδότες
2841 995 2930 1050 ὄτι
2950 997 2984 1049 ό
3010 995 3199 1061 κόπος
3214 991 3392 1065 ἴψῶν
3421 996 3534 1050 οὐκ
3561 995 3693 1049 ἔστι

2110 1089 2285 1154 κενὸς
2313 1087 2383 1142 ἐν
2418 1088 2635 1156 Κυρίῳ.
2686 1086 2753 1140 Τί
2786 1086 3007 1155 λέγεις;
3056 1085 3220 1141 πάλιν
3280 1085 3479 1153 κόπος;
3533 1086 3694 1141 ’Δλλά

2113 1178 2412 1248 στεφάνους
2448 1176 2610 1248 ἔχων,
2639 1176 2739 1232 καὶ
2762 1176 2903 1248 ὑπὲρ
2930 1175 3039 1230 τῶν
3062 1175 3328 1248 οὐρανῶν.
3368 1176 3426 1229 '0
3451 1175 3552 1247 μὲν
3583 1176 3692 1247 7&9

2110 1272 2378 1342 πρότερος
2408 1271 2437 1324 6
2468 1270 2607 1341 μετά
2631 1269 2726 1325 τὸν
2757 1268 3111 1340 παράδεισον,
3133 1268 3358 1331 κόλασις
3383 1269 3492 1321 τῶν
3513 1269 3691 1340 ἁμαρ-

2109 1362 2383 1433 τηθέντων
2429 1366 2443 1378 '
2489 1355 2644 1423 οὗτος
2685 1360 2743 1413 δὲ
2781 1358 3038 1422 ὑπόθεσις
3068 1357 3180 1411 τῶν
3220 1358 3523 1428 μελλόντων
3556 1358 3693 1431 βραο

2112 1451 2296 1506 ϐείων.
2347 1452 2509 1504 Ὥστε
2553 1450 2663 1504 οὐδ’
2710 1449 2776 1503 ἂν
2824 1451 2910 1521 είη
2965 1449 3131 1512 κόπος
3174 1448 3350 1519 ταύτῃ
3390 1466 3451 1502 τε
3494 1449 3588 1502 καὶ
3616 1446 3698 1519 τῷ

2114 1545 2317 1615 πολλῆς
2343 1543 2441 1615 τῆς
2474 1542 2681 1598 ἀνωθεν
2706 1541 3002 1596 ἀπολαύειν
3030 1541 3280 1612 βοηθείας
3300 1557 3314 1572 ⁸
3339 1540 3421 1594 διὸ
3449 1541 3545 1594 καὶ
3595 1543 3695 1597 ἐπ-

2114 1638 2344 1707 ήγαγεν.
2393 1635 2496 1688 Ἐν
2520 1633 2737 1701 Κυρίῳ.
2770 1633 2830 1686 Ὀ
2857 1632 2957 1703 μὲν
2986 1630 3095 1703 7&9
3116 1633 3398 1703 πρότερος,
3429 1632 3514 1685 ἵνα
3541 1631 3695 1701 δίκην

2112 1728 2292 1800 δῶμεν
2324 1743 2339 1759 ο
2372 1721 2528 1790 οὗτος
2553 1726 2633 1792 δέ,
2670 1725 2759 1779 ἶνα
2791 1724 2899 1777 τῶν
2946 1723 3245 1796 μελλόντων
3277 1722 3531 1803 τύχωμεν
3554 1723 3694 1792 ἀγα.
3807 1727 3817 1738 ’

2114 1820 2242 1874 θῶν.
2265 1818 2357 1890 Μὴ
2376 1818 2557 1871 τοίνυν
2576 1815 2949 1887 καθεύδωμεν,
2978 1814 3254 1886 ἀγαπητοί
3273 1832 3286 1845 ο
3308 1816 3370 1868 αὐ
3395 1815 3504 1885 γὰρ
3525 1814 3698 1890 ἐστιν,

2114 1915 2215 1969 οὐκ
2256 1912 2372 1969 ἐστι
2424 1908 2774 1983 ῥᾳθυμοῦντα
2808 1907 2913 1979 τῆς
2968 1906 3251 1978 βασιλείας
3295 1906 3404 1960 τῶν
3449 1907 3697 1979 οὐρανῶν

2116 2002 2414 2073 ἐπιτυχεῖν,
2474 1998 2598 2054 οὐδὲ
2657 1996 2980 2069 τρυφῶντας
3037 1995 3131 2049 καὶ
3202 1993 3692 2068 μαλακιζομένους.

2128 2091 2435 2163 ’Δγαπητὺν
2467 2089 2577 2163 γὰρ
2623 2087 3113 2158 κατατεινομένους
3151 2088 3246 2141 καὶ
3277 2087 3697 2152 ὐπωπιάζοντας

2114 2187 2176 2241 τὸ
2202 2186 2382 2256 σῶμα,
2413 2182 2507 2237 καὶ
2533 2179 2703 2253 μυρία
2734 2179 3101 2251 ὑπομένοντας
3128 2178 3381 2243 ἐπίπονα,
3401 2178 3697 2251 δυνηθῆναι

2114 2280 2296 2349 τυχεῖν
2328 2275 2437 2330 τῶν
2466 2272 2690 2342 ἀγαθῶν
2722 2272 2970 2326 ἐκείνων.
3012 2272 3084 2328 Ἢ
3128 2272 3227 2341 οὐχ
3255 2272 3415 2343 ὁρᾶτε
3458 2271 3611 2327 τουτὶ
3635 2269 3698 2326 τὸ

2119 2369 2285 2441 μέσον
2309 2366 2405 2421 τοῦ
2438 2363 2671 2435 οὐρανοῦ
2695 2363 2833 2432 πρὸς
2858 2362 2958 2434 τὴν
2991 2363 3093 2433 γῆν
3121 2362 3244 2416 ὅσον
3273 2362 3415 2427 ἐστὶ,
3445 2362 3538 2416 καὶ
3576 2361 3696 2433 ἠλί-

2116 2477 2211 2524 κος
2244 2461 2272 2513 6
2298 2458 2535 2527 πόλεμος
2559 2456 2849 2527 ἐφέστηκε,
2874 2455 2970 2508 καὶ
2997 2454 3115 2518 πῶς
3153 2454 3453 2527 ὀξύρροπον
3483 2454 3697 2526 ἀνθρωο

2117 2568 2217 2615 πος
2239 2548 2375 2622 πρὸς
2403 2548 2503 2621 τὴν
2530 2546 2751 2610 κακίαν,
2774 2545 2869 2599 καὶ
2896 2543 3012 2609 πῶς
3038 2544 3428 2617 εὐπερίστατον
3458 2546 3696 2616 ήάμαρ-

2114 2644 2225 2708 τία,
2251 2642 2346 2697 καὶ
2379 2642 2499 2695 ὅσαι
2527 2642 2584 2693 ἐν
2615 2639 2766 2710 μέσῳ
2806 2638 3065 2706 παγίδες;
3114 2638 3178 2691 Τί
3212 2638 3391 2692 τοίνυν
3427 2637 3697 2702 τοσαύτας

2116 2732 2492 2807 ἐπισυρόμεθα
2547 2730 2834 2803 φροντίδας
2891 2730 3048 2793 ἐκτὸς
3111 2728 3223 2783 τῶν
3280 2728 3546 2798 φυσικῶν,
3601 2728 3697 2782 καὶ

2117 2830 2340 2885 πλείονα
2369 2828 2685 2900 παρέχομεν
2725 2826 2939 2888 ἑαυτοῖς
2966 2824 3293 2895 πράγματα,
3331 2822 3427 2878 καὶ
3472 2821 3699 2892 μείζονα

2118 2918 2380 2989 ποιοῦμεν
2420 2917 2489 2970 τά
2533 2915 2768 2987 φορτία;
2816 2915 2917 2968 οὐκ
2959 2913 3120 2984 ἀρκεῖ
3160 2913 3222 2967 τὸ
3272 2913 3413 2985 ὑπὲρ
3464 2911 3699 2981 γαστρὸς

2119 3009 2423 3083 φροντίζειν
2449 3008 2541 3061 καὶ
2565 3005 2800 3078 ίματίων
2833 3005 2930 3059 καί⁸
2955 3004 3164 3069 οἰκίας;
3209 3005 3310 3057 οὐκ
3345 3004 3511 3075 ἀρκεῖ
3537 3005 3574 3075 ἡ
3601 3002 3698 3074 μέ-

2122 3120 2289 3177 ριμνα
2326 3101 2436 3155 τῶν
2478 3097 2829 3167 ἀναγκαίων;
2871 3095 3063 3150 Καίτοι
3108 3113 3172 3164 γε
3215 3095 3309 3150 καὶ
3342 3095 3550 3150 τούτων
3587 3097 3697 3149 ἀπ-

2119 3199 2326 3268 ήγαγεν
2341 3197 2371 3249 6
2390 3192 2645 3264 Χριστὸς,
2663 3190 2837 3260 λέγων
2854 3206 2867 3220 ·
2890 3188 2987 3256 Μὴ
3002 3187 3412 3258 μεριμνήσητε
3434 3187 3509 3257 τῆ
3525 3184 3699 3257 Ψυκῦ

2115 3286 2285 3357 ὑμῶν
2304 3287 2363 3339 τί
2393 3284 2641 3354 φάγητε,
2675 3282 2833 3353 μηδὲ
2869 3280 2951 3347 τῷ
2991 3282 3223 3351 σώματι
3251 3280 3420 3350 ὑμῶν
3448 3285 3505 3334 τι
3532 3280 3700 3335 ἐνδύ.

2117 3380 2337 3444 σησθε.
2369 3376 2430 3428 Et
2458 3374 2515 3427 δὲ
2545 3371 2687 3443 ὑπὲρ
2712 3372 2813 3442 τῆς
2834 3370 3139 3440 ἀναγκαίας
3171 3370 3381 3442 τροφῆς
3414 3371 3510 3423 καὶ
3543 3385 3698 3440 περι-

2118 3469 2279 3538 ϐολῆς
2305 3467 2574 3539 μεριμνᾷν
2602 3465 2664 3517 οὐ
2688 3463 2816 3535 χρὴ,
2847 3464 2967 3517 οὐδέ
2990 3464 3130 3533 ὑπὲρ
3160 3464 3260 3533 τῆς
3281 3463 3539 3532 ἐπιούσης
3560 3464 3592 3532 η
3597 3460 3699 3532 μέ-

2122 3577 2244 3632 ρας,
2274 3560 2325 3613 οί
2361 3558 2453 3612 τὸν
2481 3556 2739 3611 τοσοῦτον
2778 3556 3010 3626 φορυτόν
3026 3556 3437 3626 ἐπεισάγοντες,
3470 3556 3563 3608 καὶ
3588 3570 3693 3610 κα-

2116 3651 2485 3723 ταχωννύντες
2519 3650 2768 3713 ἑαυτοὺς,
2817 3648 2946 3701 πότε
2995 3648 3310 3720 δυνήσονται
3359 3646 3695 3713 ἀνανεῦσαι;

2119 3744 2233 3798 Οὐκ
2262 3742 2500 3814 ῆκουσας
2524 3738 2740 3796 Παύλου
2769 3737 3040 3806 λέγοντος,
3070 3737 3281 3805 οὐδεὶς
3300 3737 3701 3806 στρατευόμε-

2118 3853 2225 3902 νος
2241 3832 2597 3903 ἐμπλέκεται
2630 3831 2758 3898 ταῖς
2786 3830 2894 3885 τοῦ
2909 3831 3056 3896 βίον
3070 3831 3383 3900 μερίμναις
3411 3830 3470 3896 b;
3511 3830 3701 3900 Ἡμεῖς

2119 3929 2178 3986 δὲ
2216 3932 2311 3982 καὶ
2330 3926 2629 3998 τρυφῶμεν
2692 3924 2791 3979 καὶ
2822 3922 3227 3994 γαστριζόμεθα
3269 3922 3365 3976 καὶ
3400 3920 3699 3992 μεθύομεν,

2120 4019 2216 4074 καὶ
2244 4018 2389 4089 ὐπέρ
2415 4018 2515 4086 μὲν
2541 4015 2651 4072 τῶν
2676 4014 2783 4081 ἔξω
2811 4015 3125 4083 κοπόμεθα
3154 4014 3520 4085 πραγμάτων,
3562 4015 3620 4065 ἐν
3640 4011 3700 4066 δέ

2118 4111 2231 4173 τοῖς
2262 4108 2357 4162 τοῦ
2385 4107 2617 4181 οὐρανοῦ
2658 4107 3093 4178 μαλακιζόμεθα.
3118 4107 3233 4161 υύκ
3272 4109 3391 4163 ῖστε
3422 4106 3506 4160 ὅτι
3556 4103 3701 4174 ὑπὲρ

2119 4199 2406 4271 ἄνθρωπον
2439 4200 2473 4268 ἡ
2520 4195 2856 4268 ἐπαγγελίας
2897 4197 3013 4252 Οὐκ
3051 4196 3167 4252 ἐστι
3206 4195 3385 4266 χαμαὶ
3413 4193 3698 4265 βαδίζοντα

2118 4290 2227 4345 τῶν
2269 4291 2537 4363 οὐρανίων
2586 4290 2790 4359 ἀψίδων
2834 4288 3091 4360 ἐπιϐῆναι
3110 4308 3125 4322 σ
3169 4290 3332 4359 ⁴ίλμεῖς
3368 4288 3428 4343 δὲ
3464 4289 3527 4342 οὐ
3558 4284 3702 4340 κατά

2118 4386 2405 4456 ἄνθρωπον
2435 4382 2807 4453 σπουδάζομεν
2836 4382 2956 4455 ζῇν,
2984 4383 3122 4436 ἀλλὰ
3155 4382 3251 4435 καὶ
3277 4382 3489 4452 ἀλόγων
3513 4382 3699 4452 ἐγενό-

2124 4477 2265 4549 μεθα
2298 4477 2534 4549 χείρους.
2562 4476 2676 4529 Οὐκ
2705 4474 2818 4527 ἴστε
2846 4474 2986 4545 ποίῳ
3017 4474 3486 4545 παραστησόμεθα
3517 4475 3700 4547 βήμα-

2118 4586 2207 4635 τι;
2234 4571 2335 4622 οὐκ
2362 4570 2593 4625 ἐννοεῖτε
2631 4565 2784 4639 [599]
2811 4568 2892 4621 ὅτι
2934 4568 3029 4620 καὶ
3053 4568 3316 4639 ῥημάτων
3340 4569 3436 4621 καὶ
3464 4568 3703 4640 ἐνθυμη-

2123 4663 2309 4735 μάτων
2362 4658 2742 4730 ἀπαιτούμεθα
2800 4658 2978 4723 δίκας,
3033 4658 3129 4712 καὶ
3176 4658 3298 4714 οὐδὲ
3356 4659 3707 4731 πραγμάτων

2121 4753 2477 4825 φροντίζομεν
2502 4769 2516 4817 ;
2552 4753 2614 4805 ὀ
2637 4750 2746 4821 γὰρ
2763 4750 3069 4820 ἐμϐλέψας
3087 4750 3344 4820 γυναικὶ.
3369 4753 3524 4822 φησιν
3551 4752 3705 4819 πρὸς

2119 4847 2188 4900 τὸ
2238 4844 2603 4914 ἐπιθυμῆσαι
2640 4842 2854 4912 αὐτῆς,
2903 4842 3019 4911 ἤδη
3066 4843 3426 4914 ἐμοίχευσεν
3479 4843 3699 4910 αὐτήν.

2132 4940 2269 4994 Ἀλλ’
2292 4941 2441 5010 ὅμως
2471 4939 2519 4990 οί
2554 4938 2645 4990 καὶ
2670 4936 2846 5006 ὅψεως
2878 4935 3167 5007 περιέργου
3195 4936 3353 5005 λόγον
3380 4936 3703 5007 ὑπέχοντες,

2120 5032 2175 5084 οὐ
2203 5028 2593 5101 παραιτοῦνται
2618 5025 2713 5080 καὶ
2749 5026 2887 5097 αὐτῇ
2938 5026 3273 5096 ἐνσήπεσθαι
3314 5028 3379 5097 τῇ
3428 5025 3704 5097 ἁμαρτίᾳ.

2128 5121 2192 5173 '0
2218 5122 2413 5189 ,λέγων
2435 5120 2514 5185 τῷ
2541 5118 2783 5188 ἁδελφῷ
2803 5118 3013 5178 αὑτοῦ.
3045 5117 3237 5186 Μωρέ,
3270 5103 3357 5183 είς
3386 5116 3503 5185 τὴν
3531 5116 3702 5187 γέεν-

2116 5228 2232 5267 ναν
2258 5209 2590 5281 ἐμπεσεῖται
2619 5225 2632 5237 ·
2674 5210 2836 5280 ἡμεῖς
2868 5209 2927 5262 δέ
2967 5209 3089 5263 οὐδὲ
3122 5207 3216 5262 τοῦ
3254 5207 3467 5280 μυρίοις
3503 5207 3702 5271 αὐτοὺς

2117 5302 2499 5372 καταισχύνειν
2524 5302 2754 5355 ὀνείδεσι
2784 5302 2882 5354 καὶ
2909 5301 3175 5365 ποικίλως
3197 5298 3569 5355 ἐπιϐουλεύειν
3592 5299 3700 5366 ἀφ-

2118 5395 2408 5465 ιστάμεθα.
2463 5394 2520 5447 Ὀ
2572 5394 2666 5447 τὸν
2713 5392 2973 5463 φιλοῦντα
3008 5392 3200 5461 φιλῶν,
3235 5390 3387 5445 οὐδὲν
3427 5389 3543 5458 ἔχει
3604 5385 3705 5440 τοῦ

2115 5486 2329 5540 ἐθνικοῦ
2365 5485 2528 5538 πλέον
2564 5503 2577 5519 ο
2620 5488 2781 5557 ἡμεῖς
2817 5486 2877 5540 δέ
2916 5487 3012 5539 καὶ
3054 5484 3263 5548 τούτοις
3311 5482 3701 5553 βασκαίνομεν.

2115 5581 2247 5633 Τίνα
2300 5575 2393 5633 οῦν
2440 5578 2635 5649 ἕξομεν
2686 5578 3042 5650 συγγνώμην,
3092 5580 3239 5641 όταν,
3288 5574 3596 5647 ὑπερϐῆναι
3633 5571 3704 5626 τὰ

2143 5713 2188 5823 εξ
2215 5712 2265 5823 ίιι
2301 5712 2518 5765 editione
2541 5711 2667 5765 Novi
2701 5713 3018 5767 Tcslameuli
3041 5715 3209 5767 Graeca
3246 5715 3435 5778 legitur
3475 5726 3705 5777 πραγμαι

2168 5792 2215 5823 ια
2241 5793 2278 5823 ς.

2113 5791 2278 5837 tum.
