4138 6220
457 273 562 328 365
943 278 952 289 ‘
1003 302 1007 307 -
1454 265 1546 319 ἸΝ
1591 263 1805 320 EPIST.
1848 265 1866 318 1

453 391 548 442 hoc
571 387 778 440 induere
804 383 1252 454 incorruptionem,
1275 392 1319 434 et
1348 379 1560 434 mortale
1579 380 1672 433 hoc
1702 380 1911 434 induere
1939 381 2032 433 im-

448 479 827 533 mortalitatem.
851 474 1210 546 (Iorruptibile
1238 481 1414 527 autem
1438 480 1520 526 est
1545 487 1741 540 corpus
1761 512 1777 537 ,
1801 481 1854 526 ει
1890 487 2033 525 tuor-

449 572 576 625 tale.
628 568 756 624 Ideo
797 582 994 638 corpus
1041 575 1260 621 manet:
1291 579 1488 633 corpus
1533 563 1676 617 enim
1722 573 1803 618 est
1850 563 2034 630 subje-

447 674 589 720 ctum
623 662 889 716 induens:
920 659 1218 715 mortalitas
1245 668 1421 712 autem
1453 665 1506 712 et
1527 656 1800 726 corruptio
1825 655 2033 709 deletur

447 766 499 808 ει
553 751 850 817 evanescit,
895 750 962 804 ad
1006 749 1178 819 ipsum
1221 746 1512 802 accedente
1552 745 1951 800 immortalitate
1979 753 2034 798 et

445 845 869 916 incorruptione.
899 843 1017 898 Noli
1060 857 1188 912 ergo
1213 842 1467 911 deinceps
1493 840 1738 895 dubitare
1764 836 2033 908 quomodo

445 939 608 991 vitam
636 936 780 990 vivet
813 933 1073 989 infinitam
1094 973 1111 1000 ,
1145 948 1265 988 cum
1300 931 1536 986 audieris
1566 931 1706 1001 quod
1737 930 1828 983 fiat
1852 929 2031 983 incer-

446 1029 699 1100 tuptihile
723 1037 782 1083 et
820 1025 1056 1082 interitui
1083 1042 1189 1080 non
1227 1025 1539 1080 obnoxium.
1584 1024 1672 1078 54.
1714 1021 1840 1077 Cum
1865 1029 2031 1074 autem

444 1121 774 1189 eorruptibile
811 1120 904 1174 hoc
947 1118 1166 1171 induerit
1209 1117 1671 1185 incorruptionem.
1725 1124 1770 1168 et
1817 1111 2032 1165 mortale

396 1254 419 1272 ,
449 1218 541 1266 hoc
562 1211 779 1264 induerit
807 1210 1256 1272 immortalitatem,
1274 1218 1392 1261 tunc
1411 1209 1496 1276 fiet
1522 1221 1684 1259 sermo
1705 1205 1792 1274 qui
1811 1204 2030 1272 scriptus

443 1313 538 1366 est,
557 1302 810 1372 Absorpta
839 1311 910 1356 est
935 1317 1070 1354 mors
1091 1301 1142 1353 in
1171 1301 1396 1354 victoria.
1419 1299 1549 1353 Nam
1567 1299 1816 1368 quoniam
1841 1312 2028 1364 magna

443 1396 575 1449 dixit
600 1404 654 1448 et
682 1409 878 1448 arcana
899 1435 914 1456 ,
950 1408 1132 1447 rursus
1171 1391 1223 1446 id
1246 1391 1386 1461 quod
1415 1391 1546 1444 dicit
1571 1387 1826 1444 credibile
1849 1397 1903 1442 et
1927 1387 2029 1442 fide

378 1522 384 1527 -
444 1488 657 1557 dignum
681 1486 807 1540 facit
824 1501 889 1540 ex
915 1483 1190 1554 prophetia
1209 1501 1220 1534 :
1239 1483 1488 1553 Absorpta
1509 1492 1602 1547 est,
1620 1479 1955 1548 inquit,mors
1976 1479 2030 1532 in

442 1581 668 1632 uictoria.
693 1577 806 1632 lloc
829 1585 931 1642 est,
957 1574 1010 1629 in
1039 1575 1226 1640 linem;
1251 1589 1318 1628 ne
1353 1571 1815 1642 tnanentqnidem,
1836 1571 2031 1640 inquit,

441 1670 560 1739 ejus
611 1668 854 1738 reliquia:
880 1708 895 1732 ,
929 1682 1102 1735 neque
1149 1681 1272 1734 spes
1316 1674 1399 1719 est
1428 1663 1652 1726 reditus,
1697 1677 1816 1716 cum
1849 1661 2022 1714 incor-

443 1763 617 1831 rnptio
655 1759 1050 1830 consumpserit
1081 1757 1476 1826 corruptionem
1518 1766 1572 1811 ει
1601 1755 1892 1809 interitum.
1934 1752 2023 1806 55.

447 1853 543 1908 Ubi
577 1862 670 1916 est,
709 1868 864 1915 mors,
897 1850 1105 1905 victoria
1143 1858 1232 1902 tua
1260 1851 1286 1902 ?
1315 1847 1400 1901 ubi
1427 1857 1519 1914 est,
1549 1847 1764 1918 inferne,
1793 1843 2028 1898 stimulus

442 1945 610 1998 tuus?
647 1943 837 1998 Vidisti
885 1942 1073 1996 fortem
1123 1949 1179 1996 et
1219 1955 1536 2010 generosam
1581 1939 1813 1992 animam
1844 1938 1868 1989 ‘t
1895 1936 2024 1990 Natu

443 2046 713 2102 tamquam
754 2049 850 2104 pro
880 2032 1098 2086 victoria
1130 2031 1458 2095 sacrificans,
1494 2037 1549 2084 et
1578 2030 1686 2082 Deo
1709 2029 1938 2093 afflatus,
1969 2037 2026 2082 ει

443 2129 620 2181 futura
647 2126 833 2180 videns
861 2125 1009 2195 quasi
1033 2124 1144 2194 jam
1173 2124 1332 2190 facta,
1367 2123 1533 2176 insilit
1559 2132 1614 2176 et
1634 2122 1833 2190 jacenti
1864 2122 2025 2175 morti

441 2219 688 2284 insultat,
714 2229 766 2272 et
798 2219 849 2272 in
872 2227 1028 2286 caput
1055 2217 1172 2286 ejus
1187 2218 1376 2285 jacens
1400 2215 1466 2269 de
1503 2215 1722 2269 victoria
1749 2214 2026 2268 exsultan-

441 2320 553 2367 tem
595 2309 794 2364 emittit
822 2324 1026 2374 vocem,
1047 2309 1288 2362 clamans
1314 2315 1366 2362 et
1395 2306 1600 2370 (licens,
1629 2305 1726 2359 Ubi
1745 2315 1837 2370 est,
1867 2320 2023 2369 more,

437 2403 677 2456 stimulus
706 2410 819 2455 tuus
839 2401 866 2454 .’
891 2401 975 2454 ubi
1019 2410 1092 2453 est
1120 2400 1330 2454 victoria
1371 2409 1478 2463 tua,
1518 2399 1717 2468 inferne
1736 2397 1762 2450 ?
1789 2396 1949 2450 l’eriil
1972 2404 2029 2449 et

440 2494 650 2563 penitus
694 2495 944 2558 evanuit,
973 2504 1028 2547 ει
1069 2503 1270 2546 temere
1313 2491 1483 2546 fecisti
1534 2491 1621 2545 illa
1664 2489 1866 2543 oumia.
1910 2487 2024 2543 Non

439 2587 610 2639 solum
639 2585 782 2640 enim
807 2599 924 2639 eam
953 2585 1116 2639 armis
1145 2583 1290 2637 exuit
1316 2591 1370 2637 et
1397 2581 1564 2647 vicit,
1596 2581 1691 2635 sed
1721 2581 1879 2634 etiam
1905 2594 2026 2648 per-

438 2677 610 2740 didit,
637 2686 784 2730 eteo
823 2675 1030 2745 redegit
1069 2683 1125 2728 ut
1153 2689 1220 2728 ne
1244 2683 1388 2729 esset
1416 2672 1632 2742 quidem
1667 2672 1900 2741 penitus.
1928 2670 2021 2727 56.

442 2769 690 2824 Stimulus
710 2777 879 2820 autem
899 2767 1072 2819 mortis
1093 2774 1350 2835 peccatum
1367 2773 1437 2817 est
1461 2779 1480 2818 :
1501 2762 1655 2816 virtus
1676 2777 1790 2816 vero
1813 2763 2022 2830 peccati,

441 2861 541 2915 lex.
579 2858 765 2912 Viden‘
794 2856 1066 2927 quomodo
1109 2857 1354 2926 loquatttr
1389 2854 1458 2908 de
1503 2863 1675 2907 morte
1715 2852 2024 2921 corporali?

439 2951 580 3020 Ergo
612 2948 850 3018 quuitur
874 2949 1034 3002 etiam
1079 2945 1147 3000 de
1172 2945 1562 3000 resurrectione
1599 2944 1858 3014 corporis.
1891 2942 2025 2997 Nam

438 3045 483 3098 si
512 3047 626 3097 huic
654 3059 759 3096 non
801 3049 1108 3111 resurgunt,
1139 3039 1410 3109 quomodo
1451 3047 1533 3093 cst
1563 3051 1708 3091 mors
1735 3037 2026 3106 absorpta?

441 3133 549 3188 Nec
586 3133 688 3187 hoc
717 3133 926 3196 Solum,
972 3131 1066 3185 sed
1110 3132 1268 3185 etiam
1314 3129 1584 3200 quomodo
1625 3129 1825 3199 peccati
1858 3130 2027 3183 virtus

439 3236 522 3280 est
558 3227 641 3280 lex
673 3227 697 3279 ?
724 3224 856 3279 Nam
888 3223 1029 3291 (ιιιοά
1061 3231 1334 3292 peccatum
1365 3223 1433 3275 sit
1462 3222 1708 3276 stimulus
1737 3221 1945 3282 tnortis,
1973 3230 2058 3275 et.

439 3318 526 3372 illa
551 3317 788 3389 gravius,
813 3327 865 3370 et
889 3317 1004 3371 hazc
1029 3317 1080 3369 in
1103 3316 1218 3386 ipso
1245 3316 1348 3368 vim
1373 3315 1584 3380 habeat,
1605 3314 1654 3368 id
1688 3315 2024 3369 manifestum

439 3423 521 3467 est
552 3430 566 3465 :
599 3410 869 3480 quomodo
907 3419 1083 3464 autem
1132 3410 1250 3478 ejus
1287 3423 1498 3478 quoque
1545 3407 1716 3462 virtus
1760 3420 1844 3461 est
1885 3406 1970 3461 lex
2003 3407 2028 3461 ?

439 3503 702 3568 Quoniam
729 3502 928 3571 absque
960 3517 1021 3555 ea
1064 3510 1179 3554 erat
1211 3499 1558 3560 imbecillum,
1593 3508 1648 3551 ut
1689 3498 1829 3567 quod
1871 3499 2024 3552 fieret

439 3595 678 3664 quidem,
705 3610 812 3647 non
853 3601 1032 3662 posset
1055 3601 1232 3646 autem
1260 3589 1478 3659 perinde
1497 3589 2024 3644 cendcmnare.Nam

443 3689 603 3742 fiebat
622 3687 838 3756 quidem
865 3685 1087 3750 malum,
1113 3701 1218 3738 non
1245 3685 1312 3737 ita
1341 3693 1516 3737 autem
1539 3693 1724 3753 aperte
1752 3683 2024 3737 indicaba-

441 3787 548 3832 tur.
564 3777 924 3844 Quamobrem
947 3777 1026 3830 lex
1043 3791 1145 3828 non
1165 3789 1350 3842 parum
1365 3775 1589 3827 contulit
1625 3774 1688 3826 ad
1708 3789 2028 3843 cognoscen-

440 3872 568 3922 dum
595 3879 868 3938 peccatum
891 3908 906 3929 ,
936 3867 1043 3920 imo
1065 3881 1190 3918 vero
1217 3866 1376 3918 etiam
1399 3864 1464 3918 ad
1496 3864 1794 3934 augendum
1821 3865 2022 3933 suppli-

439 3959 604 4014 cium.
629 3958 684 4014 Si
707 3967 886 4012 autem
909 3957 1034 4011 dum
1052 3957 1215 4010 vellet
1245 3956 1553 4026 prohibere,
1571 3955 1621 4008 id
1651 3955 1883 4009 reddidit
1905 3970 2027 4024 gra-

441 4051 584 4115 vius,
601 4065 702 4105 non
717 4050 964 4119 estculpa
984 4049 1035 4103 in
1062 4048 1325 4103 medicum
1345 4047 1690 4112 conferenda,
1712 4046 1805 4101 sed
1831 4048 1880 4100 iu
1901 4062 2025 4102 eum

440 4143 533 4213 qui
558 4142 689 4212 male
716 4158 847 4198 usus
874 4151 956 4196 est
975 4140 1390 4196 medicamento.
1422 4140 1549 4193 Nam
1580 4138 1776 4194 Christi
1804 4153 2019 4208 quoque

440 4239 708 4295 adventus
752 4235 931 4307 gravis
969 4233 1065 4288 fuit
1106 4248 1170 4288 ac
1218 4233 1476 4287 molestus
1511 4230 1748 4293 Judaris;
1779 4231 1874 4286 sed
1919 4247 2024 4285 non

445 4331 571 4384 ideo
596 4345 718 4383 eum
747 4325 1186 4396 vituperabimus,
1216 4324 1310 4378 sed
1345 4339 1467 4378 eum
1493 4321 1708 4392 quidem
1738 4323 1897 4377 etiam
1933 4323 2028 4376 ad-

440 4422 776 4487 mirabimur,
805 4418 922 4474 illos
961 4426 1139 4472 autem
1181 4416 1351 4486 magis
1383 4416 1507 4469 odio
1545 4414 1861 4469 habebimus
1883 4455 1897 4478 ,
1932 4417 2024 4485 qui

446 4516 559 4570 lazsi
603 4524 728 4570 sunt
773 4529 867 4583 per
904 4527 966 4567 ea
997 4527 1116 4582 qua:
1144 4509 1412 4565 debebant
1456 4513 1533 4563 eis
1568 4508 1844 4578 prodesse.
1894 4509 2025 4564 Nam

443 4604 587 4675 quod
613 4605 724 4673 ipsa
751 4603 832 4657 lex
866 4602 972 4656 vim
1004 4617 1108 4656 non
1135 4599 1344 4655 dederit
1375 4609 1627 4670 peccato,
1658 4599 1906 4654 Christus
1949 4601 2028 4670 ip-

443 4714 558 4752 sam
582 4689 747 4752 to'tam
771 4695 1027 4765 implevit,
1052 4703 1106 4749 et
1125 4703 1238 4748 erat
1259 4703 1407 4749 extra
1437 4704 1730 4762 peccatum.
1747 4694 1825 4749 Tu
1851 4705 2029 4750 autem

449 4788 576 4842 mihi
606 4785 906 4851 considera,
937 4785 1204 4856 quomodo
1235 4785 1358 4840 hinc
1377 4801 1590 4856 quoque
1614 4786 1736 4840 facit
1767 4785 1922 4840 fidem
1946 4803 2031 4842 re-

449 4879 792 4935 surrectioni.
817 4877 949 4932 Nam
977 4878 1022 4931 si
1047 4879 1218 4948 ipsum
1248 4893 1470 4947 peccare
1495 4887 1606 4932 erat
1633 4893 1790 4931 causa
1822 4879 2026 4943 mortis,

445 4970 691 5025 Christus
715 4977 893 5025 autem
923 4983 1043 5023 cum
1074 4970 1306 5025 venisset
1328 4971 1489 5025 solvit
1517 4981 1816 5042 peccatum,
1849 4979 1904 5024 et
1934 4987 2030 5025 nos

446 5065 518 5118 ab
547 5062 663 5132 ipso
702 5062 949 5117 liberavit
977 5077 1070 5132 per
1097 5061 1440 5130 baptismum,
1469 5071 1523 5116 et
1549 5077 1670 5116 cum
1704 5074 1920 5131 peccato
1959 5063 2031 5118 le-

445 5170 569 5227 gem
597 5171 810 5228 quoque
849 5155 1008 5211 solvit
1045 5170 1109 5209 ac
1146 5153 1335 5224 fregit,
1378 5171 1497 5225 qua:
1535 5155 1662 5210 dum
1707 5155 1934 5210 violatur
1970 5171 2032 5210 ac

451 5247 786 5313 transilitur,
830 5248 1002 5316 ipsum
1042 5248 1288 5302 consistit
1314 5265 1326 5300 :
1355 5246 1483 5316 quid
1525 5247 1700 5303 adhuc
1725 5247 1938 5302 dubitas
1964 5248 2031 5302 de

448 5341 890 5397 resurrectione?
915 5340 1188 5411 quomodo
1217 5341 1359 5394 enim
1392 5355 1538 5395 mors
1564 5351 1749 5410 postea
1781 5340 2030 5395 domina-

451 5442 564 5487 tum
587 5432 888 5488 obtinebit?
913 5447 1038 5484 nmu
1073 5447 1169 5500 per
1195 5430 1362 5500 legem
1391 5432 1414 5484 ?
1438 5431 1544 5488 Sed
1571 5447 1633 5486 ea
1660 5440 1743 5486 cst
1772 5431 1947 5486 soluta
1978 5440 2032 5486 ct

451 5525 726 5594 abrogata.
755 5525 821 5579 At
855 5540 948 5593 per
977 5533 1254 5592 peccatum
1279 5524 1302 5576 ?
1331 5523 1433 5579 Sed
1461 5523 1510 5576 id
1542 5532 1622 5577 est
1654 5524 1865 5594 penitus
1887 5523 2034 5578 delc-

451 5625 585 5670 tmn.
617 5616 705 5669 57.
740 5615 848 5668 Deo
875 5625 1040 5668 autent
1071 5616 1281 5685 gratias,
1317 5614 1400 5682 qui
1437 5615 1570 5667 dedit
1595 5616 1737 5670 nobis
1772 5617 2028 5670 victoriam

456 5723 544 5775 per
576 5708 846 5763 Dominum
878 5719 1100 5764 nostrum
1127 5706 1300 5761 lusum
1329 5705 1599 5760 Christum.

1933 267 2022 322 AD
2057 267 2214 322 ‘COR.
2261 267 2488 323 llOMIL.
2533 267 2693 324 XLII.

3616 277 3720 334 566

2213 381 2264 433 ’5.
2290 379 2421 435 Nam
2451 391 2706 452 tropteum
2729 383 2945 453 quidem
2981 384 3093 454 ipse
3121 385 3327 452 erexit,
3361 388 3575 442 coronis
3621 406 3720 445 au-

2143 480 2245 524 tem
2287 488 2385 527 nos
2415 489 2626 544 quoque
2654 474 2754 529 frui
2779 477 3022 542 curavit,
3056 477 3214 546 idque
3242 494 3345 532 non
3382 494 3448 533 ex
3500 479 3681 537 debito
3703 524 3718 547 ,

2141 563 2234 617 sed
2262 564 2374 618 sola
2396 579 2492 619 sua
2521 565 2867 636 benignitate.
2903 569 2992 623 58.
3024 568 3232 639 Itaque,
3262 572 3484 640 fratres,
3523 575 3723 628 stabiles

2139 665 2295 708 estote
2312 665 2359 708 et
2385 656 2681 725 immobiles.
2716 659 2864 714 Justa
2881 661 2990 730 jam
3019 671 3100 716 est
3127 672 3180 716 et
3206 675 3503 732 opportuna
3535 666 3724 721 adhor-

2140 750 2286 800 tatio.
2320 747 2459 800 Nihil
2487 750 2630 803 enim
2656 750 2792 805 adeo
2839 753 3122 808 labefactat
3161 754 3392 825 facitque
3431 759 3682 813 vacillare
3704 801 3720 825 ,

2138 845 2296 905 atque
2342 839 2652 894 existimare
2698 854 2758 895 se
2807 850 3008 898 temere
3051 842 3210 912 affligi
3262 855 3315 899 et
3359 846 3477 900 sine
3531 863 3716 902 causa.

2145 926 2461 982 Abundantes
2487 929 2540 982 in
2570 947 2720 1000 opere
2745 930 2945 986 Domini
2970 951 3167 1004 semper
3189 952 3208 1000 ;
3255 936 3356 992 hoc
3378 946 3461 991 est
3484 979 3499 1003 ,
3531 937 3582 991 in
3614 941 3720 994 vita

2138 1017 2354 1070 munda.
2384 1017 2492 1072 Nec
2516 1018 2674 1086 dixit,
2705 1021 2909 1076 Bonum
2938 1036 3244 1093 operantes,
3262 1027 3355 1082 sed
3373 1027 3718 1093 Abundantes,

2138 1116 2194 1161 ut
2223 1107 2322 1164 hoc
2353 1110 2608 1166 faciamus
2636 1129 2756 1168 cum
2785 1115 3107 1170 abundantia
3154 1128 3208 1172 et
3252 1129 3402 1188 septa
3453 1119 3719 1174 transilia-

2137 1214 2277 1254 tnns.
2307 1200 2534 1256 Scienles
2561 1205 2694 1271 quod
2715 1205 2858 1259 labor
2881 1218 3041 1262 vester
3069 1226 3170 1263 non
3207 1221 3282 1264 est
3318 1211 3484 1266 inanis
3517 1214 3571 1266 in
3612 1211 3720 1265 Do-

2137 1290 2292 1344 mino.
2320 1291 2454 1358 Quid
2481 1294 2654 1348 dicis?
2685 1312 2867 1352 rursus
2893 1297 3081 1354 labor?
3107 1300 3283 1354 Labor
3318 1301 3530 1370 quidem
3555 1342 3572 1367 ,
3621 1303 3716 1356 sed

2134 1381 2222 1448 qui
2249 1380 2406 1436 habet
2432 1399 2675 1449 coronas,
2711 1399 2765 1440 et
2791 1389 3078 1457 suscipitur
3106 1405 3202 1460 pro
3221 1391 3386 1445 cadis.
3419 1391 3548 1445 Nam
3575 1394 3719 1462 prior

2134 1470 2370 1538 quidem,
2396 1475 2483 1542 qui
2509 1475 2602 1528 fuit
2629 1484 2747 1544 post
2773 1477 3076 1546 paradisum
3102 1521 3116 1544 ,
3145 1489 3229 1534 est
3260 1496 3412 1548 pteua
3467 1491 3715 1550 peccato—

2135 1576 2252 1614 rum
2279 1562 2670 1629 admissurum;
2703 1566 2790 1621 hic
2819 1579 2996 1623 autem
3023 1579 3105 1624 est
3137 1569 3536 1626 fundamentum
3569 1571 3718 1626 futu-

2136 1669 2317 1708 rornm
2369 1657 2731 1724 prtemiornm.
2783 1661 3142 1728 Quamobrem
3207 1680 3307 1719 nec
3357 1664 3457 1719 hac
3513 1668 3719 1722 ratione

2136 1745 2296 1801 fuerit
2337 1749 2489 1803 labor
2504 1788 2528 1816 -,
2577 1761 2629 1804 et
2673 1752 2814 1821 quod
2841 1769 3074 1822 superne
3102 1771 3350 1825 magnum
3382 1757 3534 1810 nobis
3562 1757 3719 1810 detur

2133 1839 2388 1893 auxilium
2433 1855 2446 1890 :
2497 1851 2551 1895 ct
2606 1842 2726 1896 ideo
2778 1844 3058 1914 subjnnxit
3103 1864 3116 1899 :
3161 1846 3226 1900 In
3287 1847 3526 1902 Domino.
3584 1850 3716 1902 Nam

2135 1929 2279 1996 prior
2301 1929 2512 1998 quidem
2543 1931 2640 1985 fuit
2669 1941 2726 1986 ut
2754 1932 3005 1989 daremus
3035 1951 3220 2004 pmuas
3243 1978 3261 2003 ,
3295 1937 3382 1992 hic
3429 1951 3608 1993 autem
3657 1951 3716 1994 ut

2132 2018 2270 2074 bona
2303 2020 2476 2075 futura
2514 2037 2929 2094 consequamur.
2960 2027 3036 2082 Ne
3061 2044 3189 2098 ergo
3225 2029 3589 2095 dormiamus,
3630 2031 3716 2085 di-

2133 2112 2276 2168 lecti.
2304 2113 2487 2184 Neque
2513 2117 2655 2170 enim
2697 2117 2810 2172 fieri
2858 2128 3062 2188 p0tcst,
3107 2131 3163 2175 ut
3192 2163 3206 2184 ,
3255 2123 3299 2176 si
3355 2123 3488 2193 pigri
3532 2139 3716 2178 sumus

2131 2215 2184 2258 ct
2213 2204 2383 2276 ignavi
2407 2247 2424 2272 ,
2454 2223 2674 2278 regnum
2701 2211 2956 2266 caelorum
2983 2227 3406 2283 consequamur,
3455 2230 3627 2286 neque
3669 2217 3713 2270 si

2132 2296 2184 2350 in
2230 2297 2438 2352 deliciis
2479 2315 2700 2370 agamus
2749 2304 3046 2373 mollesque
3090 2305 3256 2360 simus
3298 2317 3353 2360 et
3399 2306 3713 2360 effeminati.

2134 2388 2396 2445 Praeclare
2421 2391 2565 2445 enim
2591 2393 2865 2448 nobiscum
2888 2404 3094 2464 agetur,
3124 2396 3169 2450 si
3195 2411 3390 2467 corpus
3415 2397 3716 2467 affligen'es

2131 2489 2184 2534 et
2210 2482 2553 2552 castigantes,
2583 2493 2637 2538 et
2660 2484 3075 2541 innumerabiles
3092 2487 3408 2544 sufferentes
3424 2505 3712 2553 aerumnas,

2130 2573 2472 2632 difﬁcultates
2497 2585 2553 2632 et
2578 2578 2791 2634 labores
2811 2621 2826 2643 ,
2860 2582 3120 2649 possimus
3151 2581 3284 2634 bona
3314 2581 3400 2635 illa
3432 2582 3711 2651 consequi.

2130 2667 2322 2721 Annon
2356 2668 2547 2724 videtis
2578 2680 2832 2739 quantmn
2863 2673 3002 2727 inter
3026 2673 3214 2726 Caelum
3244 2682 3299 2727 et
3329 2683 3522 2728 terram
3552 2675 3718 2728 inter-

2130 2758 2365 2812 medium
2392 2760 2462 2814 sit
2491 2762 2762 2829 spatium?
2791 2772 2844 2816 et
2872 2773 3128 2832 quantum
3159 2765 3356 2818 bellum
3401 2765 3672 2820 immineat
3697 2808 3713 2832 ,

2129 2861 2183 2906 et
2211 2867 2370 2921 quam
2403 2853 2473 2906 sit
2503 2853 2664 2909 homo
2695 2870 2991 2924 propensus
3017 2857 3082 2911 ad
3115 2859 3337 2922 vitium,
3371 2869 3423 2912 et
3445 2860 3716 2928 quomodo

2131 2958 2230 2996 nos
2251 2944 2558 2999 circumstet
2589 2956 2863 3016 peccatum
2889 2988 2906 3013 ,
2945 2959 3000 3003 et
3033 2965 3190 3019 quam
3239 2951 3391 3004 multi
3440 2952 3492 3004 in
3541 2951 3718 3006 medio

2131 3035 2239 3089 sint
2265 3035 2485 3106 laquei?
2513 3037 2619 3093 Cur
2648 3047 2754 3093 tam
2785 3040 2981 3095 multas
3024 3057 3153 3112 ergo
3195 3058 3354 3098 curas
3397 3045 3716 3100 attrahimus

2131 3134 2282 3180 extra
2312 3130 2575 3182 naturalia
2613 3141 2668 3185 et
2711 3131 2868 3185 nobis
2914 3132 3061 3201 plura
3109 3133 3427 3189 exhibemus
3467 3138 3716 3205 negotia,

2132 3219 2438 3289 majoraquc
2470 3221 2794 3292 imponinms
2822 3226 3024 3278 onera?
3058 3242 3162 3280 non
3195 3227 3388 3282 sufficit
3415 3230 3615 3283 ventris
3664 3237 3720 3284 et

2132 3311 2358 3365 vestiqu
2383 3321 2438 3367 et
2461 3313 2654 3369 dotnus
2682 3331 2865 3369 curam
2893 3319 3126 3386 gerere?
3159 3335 3262 3372 non
3292 3319 3486 3374 sufficit
3513 3321 3718 3374 solliei-

2134 3403 2260 3458 tudo
2287 3403 2353 3458 de
2383 3404 2448 3459 iis
2474 3421 2592 3474 qua:
2621 3416 2744 3461 sunt
2786 3409 3130 3462 necessaria?
3173 3410 3503 3479 Quamquam
3553 3413 3716 3466 etiam

2131 3496 2199 3548 ah
2230 3495 2291 3550 iis
2321 3512 2419 3551 nos
2439 3498 2660 3552 abduxit
2687 3498 2950 3565 Christus,
2982 3503 3167 3556 dicens
3203 3523 3215 3557 :
3251 3502 3336 3556 Ne
3363 3505 3565 3558 solliciti
3607 3506 3719 3560 sitis

2130 3588 2316 3642 anima:
2339 3601 2514 3644 vestrm
2538 3591 2659 3659 quid
2687 3593 2962 3646 comedetis
2988 3633 3002 3656 ,
3055 3610 3213 3662 neque
3259 3595 3461 3664 corpori
3510 3605 3672 3649 vestro
3698 3637 3712 3660 ,

2129 3681 2252 3747 quid
2273 3681 2556 3736 induamini
2592 3682 2816 3753 (Matth.
2851 3688 2901 3741 6.
2929 3685 3060 3756 ‘23).
3088 3685 3141 3740 Si
3173 3695 3350 3740 autem
3371 3685 3439 3742 de
3466 3687 3717 3741 alimento

2132 3774 2435 3826 necessario
2457 3783 2512 3828 et
2531 3773 2844 3830 indumento
2876 3792 2980 3830 non
3007 3787 3220 3846 oportet
3259 3794 3380 3833 esse
3417 3779 3673 3833 sollicitos
3698 3819 3713 3841 ,

2133 3879 2305 3933 neque
2331 3864 2396 3917 de
2422 3863 2510 3919 die
2535 3866 2776 3935 sequenti
2825 3882 2840 3918 :
2883 3868 2971 3936 qui
3023 3876 3129 3921 tam
3181 3870 3399 3923 multam
3443 3870 3719 3923 attrahunt

2131 3955 2448 4025 farraginem
2479 3972 2541 4011 ac
2568 3957 2872 4026 congeriem
2899 3999 2913 4020 ,
2943 3969 2998 4012 et
3026 3959 3232 4027 seipsos
3253 3959 3507 4022 obruunt,
3539 3975 3711 4027 quan-

2130 4047 2199 4102 do
2224 4044 2474 4117 poterunt
2499 4049 2818 4118 emergere?
2847 4050 2954 4103 i‘on
3007 4049 3216 4103 audiisti
3264 4051 3480 4103 l’aulum
3530 4049 3717 4105 dicen-

2133 4149 2238 4196 tem
2272 4159 2285 4195 :
2318 4141 2482 4196 Nemo
2532 4143 2757 4198 militans
2803 4144 3095 4214 implicatur
3143 4145 3296 4214 hujus
3339 4145 3454 4197 vita:
3503 4143 3715 4213 negotiis

2133 4234 2222 4303 (ἓ.
2253 4235 2389 4288 Tim.
2414 4235 2466 4288 2.
2501 4236 2535 4289 Δ
2557 4235 2610 4303 )?
2630 4234 2739 4289 Nos
2767 4244 2948 4290 autem
2979 4245 3033 4290 et
3063 4236 3267 4290 deliciis
3292 4251 3507 4305 operam
3525 4235 3716 4288 damus

2131 4337 2186 4383 et
2213 4329 2384 4382 ventri
2423 4329 2759 4398 indulgemus
2799 4337 2854 4382 et
2898 4329 3259 4395 inebriamur,
3305 4338 3359 4384 et
3411 4344 3506 4398 pro
3555 4329 3718 4383 rebus

2132 4418 2346 4488 quidem
2379 4419 2617 4473 externis
2653 4417 2958 4488 affligimur,
2996 4420 3048 4472 in
3089 4419 3249 4474 rebus
3279 4428 3456 4474 autem
3485 4419 3716 4473 cmlesti-

2133 4511 2232 4566 bus
2258 4511 2450 4566 molles
2477 4526 2662 4565 sumus
2690 4520 2742 4566 et
2770 4511 3084 4566 effeminati.
3117 4515 3196 4567 An
3227 4513 3446 4568 nescitis
3463 4513 3604 4584 quod
3626 4527 3718 4566 su-

2134 4618 2226 4672 pra
2258 4602 2527 4658 hominem
2554 4615 2637 4657 est
2666 4605 2994 4673 promissio?
3024 4605 3138 4660 Non
3169 4607 3294 4660 licet
3342 4605 3486 4660 humi
3536 4607 3715 4676 ingre-

2133 4697 2296 4751 dienti
2324 4697 2439 4750 c:cli
2469 4696 2731 4767 fastigium
2763 4699 3051 4754 ascendere
3080 4716 3093 4751 :
3128 4715 3223 4755 uos
3247 4711 3423 4754 autem
3457 4717 3561 4754 non
3607 4709 3719 4753 stu-

2133 4788 2322 4843 demus
2371 4789 2552 4844 vivere
2607 4789 2898 4844 secundum
2953 4790 3257 4856 hominem,
3306 4791 3398 4845 sed
3443 4799 3498 4845 et
3547 4791 3720 4846 brutis

2133 4879 2415 4935 evadimus
2461 4881 2776 4935 deteriores.
2821 4880 3046 4934 Nescitis
3091 4897 3270 4936 coram
3319 4898 3425 4951 quo
3466 4883 3716 4937 sistenmr

2137 4971 2432 5026 tribunali?
2457 4987 2634 5024 annon
2663 4971 2907 5038 cogitatis
2932 4972 3072 5041 quod
3105 4981 3160 5028 et
3185 4975 3468 5028 verborum
3497 4983 3552 5029 et
3573 4975 3716 5044 cogi-

2138 5064 2392 5117 tationum
2420 5078 2447 5114 a
2477 5062 2631 5115 nobis
2658 5062 2902 5131 exigetur
2936 5063 3072 5117 ratio
3094 5105 3109 5130 ,
3157 5074 3212 5118 et
3251 5080 3318 5118 ne
3365 5080 3454 5120 res
3500 5066 3714 5136 quidem

2135 5153 2422 5207 curamus?
2456 5154 2555 5220 Qui
2583 5153 2724 5208 enim
2753 5156 2952 5224 aspexit
2980 5157 3240 5210 mulierem
3268 5157 3335 5210 ad
3358 5157 3718 5226 concupiscen-

2137 5243 2255 5294 dum
2281 5260 2409 5305 eam,
2431 5245 2544 5314 jam
2563 5255 2636 5298 est
2663 5246 2940 5302 moechatus
2969 5247 2987 5317 (
3015 5247 3200 5302 Matth.
3229 5249 3282 5302 5.
3305 5249 3435 5318 28).
3479 5247 3583 5303 Sed
3635 5256 3718 5300 ta-

2138 5349 2258 5387 men
2290 5334 2376 5403 qui
2405 5336 2567 5389 etiam
2612 5338 2812 5391 curiosi
2854 5349 3101 5407 aspectus
3145 5339 3375 5394 reddunt
3419 5338 3712 5402 rationem,

2139 5439 2243 5478 non
2269 5434 2516 5478 recu~ant
2541 5427 2624 5479 vel
2649 5427 2699 5479 in
2730 5427 2845 5495 ipso
2873 5438 3180 5496 putrescere
3222 5438 3462 5498 peccato.
3508 5428 3605 5496 Qui
3631 5429 3715 5480 di-

2138 5515 2203 5570 cit
2229 5518 2376 5586 fratri
2410 5534 2523 5584 suo,
2554 5519 2740 5582 Stulte,
2769 5519 3118 5573 deturbabitur
3145 5521 3196 5573 in
3224 5522 3502 5590 gehennam
3532 5523 3549 5588 (
3574 5520 3716 5576 Ibid.

2140 5623 2188 5661 υ.
2216 5607 2288 5661 2:!
2314 5610 2352 5676 ).
2383 5609 2490 5664 Nos
2518 5620 2694 5663 autem
2720 5610 3126 5664 immmcrabilia
3159 5613 3350 5680 probra
3381 5613 3432 5666 iu
3462 5629 3556 5668 eos
3602 5624 3716 5669 tor-

2141 5720 2306 5775 quere
2328 5744 2342 5772 ,
2375 5713 2426 5761 et
2454 5702 2599 5759 varie
2629 5705 2706 5761 cis
2729 5703 2966 5760 insidiari
2996 5722 3102 5762 non
3133 5706 3462 5764 desistimus.
3490 5709 3589 5778 Qui
3619 5710 3722 5764 ιιι-
