4138 6220
413 226 523 285 367

414 342 532 414 ligit
552 341 858 412 diligentem
883 381 898 405 ,
928 354 1035 395 non
1065 339 1185 409 plus
1210 336 1370 392 habet
1396 348 1557 404 quam
1584 331 1867 387 ethnicus:
1902 346 2000 387 nos

412 444 594 492 autem
633 434 716 490 eis
744 449 957 505 quoque
985 430 1306 487 invidemus.
1343 428 1644 494 Quamnam
1690 440 1820 495 ergo
1865 440 1998 479 con-

414 540 708 596 seqnemur
732 527 944 591 veniam
965 565 982 591 ,
1012 520 1230 593 quando
1256 529 1438 574 vetera
1463 517 1598 588 jussi
1622 525 1773 586 septa
1810 517 2003 570 transi-

420 615 551 682 lire,
581 624 820 670 nostram
862 614 983 667 vitae
1029 611 1248 681 agendae
1275 610 1539 664 rationem
1573 607 1735 662 etiam
1787 606 1999 660 illorum

417 720 669 761 mensura
698 704 1032 759 eonteximus
1067 702 1328 757 minorem
1353 700 1376 753 τ
1399 713 1641 770 quaenam
1673 712 1772 751 nos
1810 697 2002 766 eripiet

418 796 630 851 oratio?
656 794 777 863 quis
798 794 956 849 nobis
982 794 1193 858 aderit,
1226 801 1285 848 et
1308 806 1467 860 opem
1504 789 1647 845 feret
1675 788 1807 843 dum
1843 787 2004 842 casti-

418 884 894 958 gamur‘lNullus,
924 884 1017 940 sed
1045 898 1268 939 necesse
1307 891 1393 937 est
1431 882 1653 935 omnino
1703 878 1998 949 eiulantes.

420 979 684 1048 Ingentes,
702 976 960 1031 dentibus
983 975 1314 1038 frementes,
1364 971 1642 1026 tormentis
1690 970 1955 1025 cruciatos
1982 1009 2009 1036 μ

417 1071 609 1126 abduci
634 1071 687 1125 in
713 1069 833 1123 illas
857 1068 972 1123 luce
998 1076 1246 1122 carentes
1278 1064 1548 1129 tenebras,
1571 1064 1625 1116 in
1652 1062 1867 1117 dolores
1891 1062 2001 1116 ine-

417 1163 684 1227 vitabiles,
711 1163 765 1215 in
795 1175 980 1230 pinnas
1022 1157 1414 1214 intolerabiles.
1467 1155 1825 1220 Quamobrem
1872 1169 2002 1223 rogo

414 1264 473 1310 et
495 1256 742 1318 obsecro,
774 1262 830 1307 et
858 1260 1036 1307 vestra
1064 1248 1476 1319 apprehendens
1500 1262 1670 1317 genua
1717 1246 1960 1315 supplico
1981 1286 1997 1311 ,

418 1348 592 1401 donec
617 1345 876 1401 habemus
904 1345 1005 1398 hoc
1054 1357 1276 1412 parvum
1326 1341 1448 1394 vitae
1496 1340 1779 1404 viaticum,
1830 1348 1885 1391 ut
1935 1338 1999 1391 iis

416 1453 537 1515 qua:
557 1437 700 1491 dicta
722 1445 846 1491 sunt
865 1450 1295 1505 compungamur
1312 1474 1327 1498 ,
1361 1441 1742 1488 convertamur
1757 1472 1773 1491 .
1807 1429 1999 1486 redda-

422 1546 542 1586 tnur
569 1530 858 1584 meliores:
890 1545 977 1593 tte,
1006 1528 1146 1581 sicut
1168 1527 1258 1581 ille
1284 1524 1456 1591 dives,
1486 1524 1742 1578 inutiliter
1771 1523 1879 1577 illic
1922 1522 2002 1575 la-

422 1634 726 1678 mentetnur
745 1637 866 1676 eum
897 1620 1324 1683 excesserimus,
1376 1627 1433 1671 et
1469 1615 1797 1678 defleamus;
1843 1614 1998 1668 ﬂetus

1162 219 1219 280 S.
1258 218 1533 277 JOANNIS
1567 216 2036 274 CIIIIYSOSTUMI
2079 219 2388 275 AllClllEl‘.
2429 220 2957 279 CONSTAN'I'INOP.

3585 224 3690 282 368

2106 343 2284 388 autetn
2307 334 2434 389 nihil
2465 336 2622 391 nobis
2652 336 2873 391 remedii
2905 336 3113 393 afl’erat.
3143 336 3276 392 Nam
3322 338 3436 393 sive
3479 347 3687 406 patrem

2106 422 2307 478 habeas
2328 466 2342 489 ,
2374 425 2486 478 sive
2519 425 2725 494 lilium,
2754 427 2870 481 sive
2913 429 3159 496 quemvis
3203 427 3366 481 alium
3414 429 3504 497 qui
3550 429 3688 496 apud

2106 515 2274 570 Deum
2310 516 2501 571 habent
2529 518 2797 584 tiduciam,
2825 535 2984 573 nemo
3010 530 3061 574 te
3089 520 3314 589 eripiet,
3332 534 3452 574 cum
3478 521 3688 587 propria

2108 615 2194 658 tua
2228 605 2365 661 facta
2396 618 2448 661 te
2476 610 2724 677 prodant.
2757 610 2890 665 Tale
2910 621 2995 664 est
3032 611 3175 663 enim
3209 610 3336 664 illud
3381 610 3640 679 judicium
3670 627 3687 664 :

2102 697 2305 767 judicat
2324 701 2498 755 Solum
2522 718 2585 755 ex
2613 703 3049 771 operationibus,
3069 719 3166 759 nec.
3191 703 3344 758 aliter
3359 704 3465 759 illic
3485 705 3690 759 salvum

2107 807 2228 846 esse
2252 792 2392 846 licet.
2424 792 2548 847 ll-rc
2569 803 2746 848 autem
2775 795 2917 860 dico,
2949 809 3054 849 non
3085 805 3143 848 ut
3189 795 3280 848 tibi
3323 795 3563 849 dolorem
3610 797 3689 849 iu-

2106 883 2296 950 feram,
2323 901 2426 939 non
2450 896 2508 940 ut
2532 887 2764 956 injiciam
2794 887 2847 941 in
2878 887 3328 956 desperationem.
3356 887 3449 941 sed
3475 904 3541 941 ne
3569 891 3687 941 ina-

2107 976 2160 1029 ni
2185 976 2446 1047 etfrigida
2468 994 2563 1048 spe
2588 980 2793 1045 nutriti,
2822 989 2883 1034 et
2903 981 3027 1034 huic
3067 988 3127 1034 et
3169 980 3240 1033 illi
3283 979 3510 1035 fidentes
3534 1023 3549 1045 ,
3593 997 3695 1036 no-

2108 1078 2271 1122 stram
2296 1070 2626 1139 negligamus
2644 1071 2914 1125 virtutem.
2934 1068 3063 1125 Nam
3094 1072 3136 1125 si
3161 1071 3416 1125 socordes
3438 1069 3694 1128 fuerimus

2106 1176 2169 1215 ae
2195 1161 2554 1230 negligentes,
2594 1178 2697 1215 non
2725 1163 2923 1232 justus,
2954 1178 3063 1225 non
3089 1165 3389 1232 propheta,
3417 1180 3522 1220 non
3567 1180 3696 1234 apo-

2108 1253 2316 1316 stolas,
2358 1270 2515 1308 nemo
2560 1256 2715 1309 nobis
2754 1255 2927 1309 aderit
2955 1272 2968 1307 :
2996 1257 3039 1310 si
3071 1271 3198 1310 vero
3237 1256 3471 1310 studium
3509 1265 3565 1311 et
3605 1257 3693 1310 di-

2105 1344 2375 1413 ligentiam
2403 1342 2831 1409 adhibueriunts,
2863 1363 2927 1400 ex
2952 1347 3205 1416 operibus
3226 1348 3571 1402 sufﬁcientem
3606 1349 3698 1399 ha-

2108 1435 2295 1489 bentes
2314 1435 2705 1501 defensionem,
2727 1452 2847 1491 cum
2876 1438 3119 1492 libertate
3144 1452 3208 1491 ac
3235 1437 3425 1491 fiducia
3466 1437 3700 1492 fruemur

2106 1525 2268 1578 etiam
2335 1526 2528 1593 bonis,
2582 1542 2701 1596 qua:
2766 1537 2889 1581 sunt
2963 1530 3195 1595 reposita
3246 1528 3314 1582 iis
3377 1529 3467 1597 qui
3519 1529 3689 1584 Deum

2105 1616 2335 1685 diligunt
2379 1635 2394 1671 :
2430 1634 2548 1685 quae
2587 1618 2746 1673 detur
2792 1619 2945 1674 nobis
2983 1620 3233 1674 ontuibus
3270 1620 3695 1689 consequi,cte.

716 1724 2143 1748 Μαι-⁸...-

1726 1779 2075 1841 HOMILIA
2118 1780 2344 1843 XLIII.

420 1908 547 1962 CAP.
580 1906 666 1961 lli.
702 1921 753 1958 ν.
786 1905 837 1959 Ι.
873 1903 951 1959 De
986 1901 1209 1957 collectis
1256 1909 1424 1953 autem
1466 1908 1580 1968 qua:
1614 1900 1743 1968 fiunt
1782 1899 1834 1952 in
1883 1916 2008 1953 san-

493 2009 620 2064 ctos,
643 1996 771 2051 sicut
788 1995 1019 2050 ordinati
1043 1993 1281 2048 Ecclesiis
1301 1991 1553 2058 Galatia,
1576 1994 1650 2045 ita
1676 2000 1725 2045 ct
1748 2006 1833 2045 vos
1859 1992 2011 2057 facite

492 2105 584 2161 per
606 2103 765 2142 unum
790 2085 1008 2142 sabbati.

495 2186 521 2238 l
537 2220 553 2234 .
582 2180 839 2236 Absoluta
863 2177 1108 2233 oratione
1132 2176 1202 2232 de
1233 2174 1576 2246 dogmatibus
1598 2214 1617 2240 ,
1661 2186 2011 2244 aggressurus

426 2290 545 2328 eam
573 2287 693 2343 qum
719 2270 887 2340 magis
916 2276 1122 2338 spectat
1147 2266 1214 2323 ad
1237 2281 1441 2332 mores,
1475 2265 1654 2320 missis
1684 2265 2012 2333 aliis,proce-

427 2366 508 2419 dit
536 2364 602 2418 ad
627 2377 895 2417 summam
923 2361 1186 2416 bonorum
1204 2399 1219 2421 ,
1246 2358 1409 2413 verba
1447 2356 1648 2413 faciens
1672 2356 1743 2411 de
1771 2358 2010 2412 elecmo-

428 2472 582 2530 syna.
634 2454 741 2511 Sed
789 2469 909 2509 cum
956 2454 1026 2508 de
1071 2466 1140 2508 eo
1182 2451 1302 2506 solo
1347 2450 1728 2513 disseruisset,
1774 2449 2009 2515 desinit;

432 2562 753 2619 quamquam
777 2560 1040 2616 nusquam
1071 2544 1173 2599 hoc
1204 2545 1329 2600 fecit
1348 2580 1366 2609 ,
1401 2542 1497 2597 sed
1532 2542 1603 2597 de
1627 2542 1967 2612 elcemosyna
1991 2580 2017 2607 ν

431 2642 498 2695 de
528 2638 903 2710 temperantia,
937 2638 1004 2693 de
1034 2635 1444 2691 mansuetudine
1471 2676 1488 2701 ,
1532 2634 1603 2688 de
1653 2634 1870 2688 lenitate
1890 2672 1907 2699 ,
1945 2632 2016 2688 de

433 2733 685 2802 patientia
707 2732 882 2801 deque
910 2731 1031 2785 aliis
1060 2730 1309 2783 omnibus
1337 2726 1552 2783 disserit
1579 2727 1632 2780 in
1662 2725 1784 2782 aliis
1804 2725 2014 2795 Episto-

435 2826 501 2877 lis
526 2826 578 2877 in
611 2824 734 2877 line.
758 2822 938 2889 Quare
963 2837 1091 2891 ergo
1130 2823 1250 2890 ejus
1297 2819 1438 2890 quod
1478 2827 1683 2887 spectat
1724 2817 1793 2873 ad
1834 2832 2017 2873 mores

438 2914 572 2967 hanc
601 2912 769 2967 solam
818 2910 907 2966 hic
957 2920 1147 2966 tractat
1192 2908 1439 2979 partem?
1486 2909 1746 2975 Quoniam
1785 2922 1970 2962 eorum
1997 2949 2014 2971 .

430 3022 551 3076 quae
581 3006 725 3075 prius
752 3003 894 3059 dicta
916 3016 1060 3070 sunt,
1088 3005 1234 3073 plum
1262 3003 1431 3074 magis
1461 3003 1792 3071 pertinebant
1812 3000 1877 3054 ad
1899 3015 2016 3054 mo-

438 3112 525 3152 res
548 3139 563 3161 ,
599 3114 695 3168 per
747 3113 869 3168 quae.
910 3097 1188 3167 castigavit
1217 3097 1590 3152 foruicatorem
1616 3135 1631 3161 ,
1661 3110 1757 3164 per
1780 3110 1900 3164 qua:
1924 3109 2019 3147 eos

437 3191 717 3246 admonuit
752 3191 843 3261 qui
887 3189 1017 3247 furis
1048 3190 1252 3261 judicio
1288 3189 1717 3253 contendebant,
1768 3202 1862 3256 per
1901 3202 2020 3257 qua:

441 3285 633 3339 terruit
669 3284 912 3339 ebriosos
935 3294 1111 3339 eteos
1139 3283 1229 3353 qui
1275 3283 1449 3337 ventri
1499 3281 1875 3351 indulgebant.
1926 3293 2020 3349 per

438 3391 559 3444 qua:
579 3392 674 3429 eos
697 3374 1079 3430 condemnavit
1105 3375 1196 3444 qui
1222 3374 1541 3429 seditionem
1567 3372 1837 3442 agitabant
1854 3415 1867 3435 ,
1891 3387 2022 3425 con-

442 3467 773 3535 tendebant,
823 3469 1296 3538 magistratmnque
1347 3477 1402 3522 et
1445 3467 1667 3536 imperia
1708 3465 2019 3527 ambibant,

445 3574 541 3626 per
568 3574 688 3628 quin
718 3572 833 3621 eos,
865 3559 953 3628 qui
989 3558 1206 3627 indigne
1233 3557 1563 3613 accedebant.
1610 3556 1675 3610 ad
1725 3555 1979 3626 mysteria
2004 3596 2021 3620 ,

443 3648 516 3702 iiIi
546 3648 886 3703 intolerando
913 3650 1132 3703 tradidit
1161 3650 1461 3720 supplicio,
1492 3665 1586 3719 per
1620 3665 1737 3718 (ιιιίιι
1771 3648 2028 3702 disseruit

443 3738 512 3793 de
554 3739 799 3793 caritate.
839 3739 1125 3809 Propterea
1154 3739 1271 3809 ejus
1300 3740 1474 3794 solum
1504 3739 1745 3793 meminit
1773 3752 1883 3807 quo
1909 3751 2025 3790 ma-

447 3828 590 3883 xime
632 3845 768 3897 Opus
808 3828 1067 3896 habebat,
1115 3846 1310 3900 nempe
1360 3831 1478 3899 epis
1527 3829 1762 3885 ferenda:
1803 3828 2026 3884 sanctis.

447 3919 582 3975 Vide
628 3930 807 3976 autem
852 3921 970 3992 ejus
1012 3923 1333 3978 solertiam:
1366 3921 1581 3991 quando
1631 3923 1711 3975 eis
1767 3921 2032 3990 persuasit

450 4014 923 4078 resurrectionem,
955 4028 1154 4084 eosque
1183 4016 1308 4069 fecit
1340 4016 1701 4084 promptiores
1749 4022 1804 4068 et
1850 4013 2030 4066 animo

446 4107 760 4175 alacriores,
788 4117 911 4163 ltlttc
937 4108 1154 4162 demum
1183 4107 1250 4161 de
1271 4121 1338 4162 eo
1365 4122 1576 4177 quoque
1605 4105 1837 4161 disserit.
1874 4103 2029 4170 Atqui

448 4197 514 4251 de
545 4197 629 4251 his
664 4214 877 4267 quoque
919 4208 1077 4252 antea
1118 4197 1401 4262 disseruit,
1432 4195 1648 4266 quando
1675 4194 1891 4249 dicebat
1922 4211 1934 4246 :
1969 4193 2030 4249 Si

450 4306 540 4344 nos
565 4288 701 4345 vobis
729 4290 1016 4361 spiritualia
1040 4288 1425 4354 scntitmoimus,
1455 4302 1694 4359 ntagnnm
1726 4294 1793 4342 est
1814 4328 1829 4351 ,
1856 4287 1899 4340 si
1942 4302 2034 4340 nos

449 4391 609 4435 vestra
634 4385 864 4437 carnalia
889 4384 1121 4437 malimus
1158 4383 1253 4453 (Ι.
1302 4380 1420 4436 Cor.
1463 4380 1519 4437 9.
1567 4381 1627 4435 ll
1654 4380 1708 4449 );
1758 4388 1852 4444 ct,
1909 4378 2036 4445 Quis

453 4473 651 4539 plantat
682 4477 876 4530 vineam
896 4516 910 4537 ,
941 4485 987 4529 ct
1010 4475 1074 4528 de
1098 4475 1267 4544 {metu
1293 4474 1403 4544 ejus
1430 4490 1532 4528 non
1554 4473 1652 4527 edit
1678 4470 1839 4542 (Ibid.
1874 4486 1919 4524 ν.
1948 4470 2036 4530 7)?

451 4565 555 4621 Sed
581 4565 835 4637 quoniam
864 4567 1133 4635 praeclara:
1148 4564 1308 4634 hujus
1336 4564 1563 4619 actionis
1584 4572 1802 4617 noverat
1829 4561 2035 4631 magni-

454 4656 725 4725 tudinem,
753 4673 861 4712 non
883 4668 1093 4711 recusat
1125 4655 1226 4710 hoc
1247 4669 1459 4725 quoque
1490 4655 1688 4709 addere
1716 4654 1805 4707 lini
1835 4654 2037 4723 episto-

454 4748 542 4804 laz.
572 4758 751 4817 Λονιαν
774 4761 953 4805 autem
983 4749 1264 4805 collectam
1310 4755 1506 4813 vocat,
1553 4748 1734 4803 statim
1776 4748 1844 4801 ab
1887 4748 2038 4803 initio

457 4857 570 4896 rem
600 4842 800 4897 faciens
828 4844 1000 4899 levem
1035 4859 1049 4896 :
1080 4858 1201 4898 nam
1234 4840 1450 4912 quando
1491 4839 1560 4895 ab
1605 4838 1855 4893 ootnibus
1902 4855 2037 4894 con-

457 4931 656 4996 fertur,
690 4933 805 4987 leve
830 4936 1056 5005 singulis
1085 4947 1166 4989 est
1190 4934 1333 5005 quod
1372 4933 1732 4990 constituitur.
1773 4931 1908 4986 Cum
1944 4947 2041 4987 au-

459 5032 564 5076 tem
590 5019 815 5075 dixisset
834 5023 904 5077 de
926 5025 1150 5080 collecta
1167 5065 1182 5088 ,
1211 5040 1317 5078 non
1336 5024 1515 5080 statim
1545 5025 1676 5079 dixit
1704 5042 1718 5078 :
1742 5023 2040 5094 Unusquis-

460 5127 568 5182 que
590 5120 828 5166 vestrum
856 5112 995 5181 apud
1015 5127 1075 5168 se
1100 5122 1281 5182 ponat,
1312 5115 1610 5170 recondens
1635 5113 1775 5185 quod
1801 5114 1897 5184 ipsi
1922 5116 2036 5185 pla-

461 5203 669 5266 cuerit;
697 5215 1018 5271 quamquam
1067 5202 1168 5257 hoc
1209 5212 1326 5257 erat
1353 5218 1728 5273 consequens;
1777 5205 1871 5260 sed
1916 5221 2040 5260 eum

456 5295 606 5368 prius
631 5292 889 5361 dixisset,
916 5292 1062 5349 Sicut
1086 5292 1321 5348 constitui
1348 5292 1589 5351 Ecclesiis
1619 5296 1837 5351 Galatia!
1856 5338 1874 5362 ,
1918 5308 2042 5349 tunc

461 5385 565 5441 hoc
593 5384 899 5455 subjuusit,
930 5401 992 5441 ea
1040 5385 1311 5442 narrando
1348 5402 1468 5458 qua:
1526 5389 1594 5443 ab
1643 5388 1763 5443 aliis
1811 5387 2039 5449 ﬁebant,

458 5476 693 5531 Studium
720 5476 853 5547 ipsis
878 5477 1213 5551 accendens,
1243 5477 1402 5550 idque
1445 5494 1650 5550 ponens
1694 5480 1814 5536 loco
1854 5496 2039 5534 narra-

460 5564 636 5619 tionis.
666 5566 817 5633 Quod
843 5565 1003 5623 etiam
1031 5566 1157 5624 fecit
1184 5570 1425 5626 scribens
1467 5571 1534 5625 ad
1574 5572 1863 5626 Romanos.
1910 5571 2039 5626 Ete-

461 5659 571 5712 nim
600 5672 721 5713 cum
762 5659 869 5715 illis
895 5660 1167 5716 videretur
1195 5677 1413 5719 narrare
1432 5702 1449 5730 ,
1479 5678 1575 5719 cur
1615 5663 2043 5733 proficisceretur

2116 1899 2506 1973 JerOSolymam
2529 1944 2545 1968 ,
2577 1905 2655 1959 sic
2686 1919 2992 1962 sermonem
3024 1907 3193 1976 injicit
3221 1907 3287 1963 de
3316 1909 3651 1981 elecmosyna
3681 1927 3698 1963 :

2119 1990 2272 2045 Nunc
2318 2003 2486 2047 autem
2534 1996 2667 2050 vado
2709 1996 3084 2070 lcrosolymam
3142 2000 3433 2054 ministram
3489 2001 3697 2054 sanctis.

2129 2082 2301 2138 Visum
2325 2096 2398 2140 est
2424 2087 2557 2140 enim
2589 2088 2905 2144 Macedonica
2939 2100 2987 2145 et
3030 2091 3238 2146 Achaia:
3279 2094 3699 2146 communicenm

2116 2191 2228 2229 nem
2250 2177 2523 2245 quamdam
2545 2178 2713 2248 facere
2736 2180 2787 2233 in
2815 2197 3058 2251 pauperes
3076 2192 3360 2235 sanctorum
3393 2183 3575 2254 (Rom.
3610 2184 3696 2239 l5.

2114 2264 2205 2320 25.
2235 2265 2367 2335 ‘16).
2396 2266 2500 2322 Sed
2529 2268 2649 2324 illos
2676 2269 2890 2339 quidem
2920 2286 3013 2339 per
3042 2272 3360 2326 Macedones
3403 2283 3457 2327 et
3505 2273 3700 2328 Coriu-

2119 2356 2278 2422 tltios,
2312 2358 2407 2412 IIOS
2431 2369 2609 2415 autem
2640 2364 2800 2416 etiam
2830 2377 2921 2431 per
2946 2363 3161 2417 Galatas
3182 2363 3512 2418 adhortatur.
3547 2364 3695 2419 Sicut

2116 2449 2375 2515 constitui,
2409 2449 2603 2519 inquit,
2630 2450 2869 2506 Ecclesiis
2895 2452 3148 2518 Galatiae,
3191 2456 3263 2507 ita
3304 2464 3350 2507 et
3395 2471 3479 2508 ros
3524 2456 3696 2526 facile.

2122 2539 2474 2595 Ernbuissent
2499 2543 2642 2596 enim
2673 2544 2842 2599 videri
2877 2546 3154 2600 inferiores
3179 2546 3399 2601 Calatis.
3430 2546 3546 2601 Non
3568 2547 3703 2601 dixit

2118 2642 2318 2698 autem,
2352 2633 2513 2689 Suasi
2536 2644 2590 2690 et
2613 2637 2894 2691 consilium
2927 2637 3073 2704 drdi,
3099 2638 3213 2701 sed,
3242 2637 3490 2693 Constitui
3517 2654 3537 2692 :
3561 2640 3708 2707 quod

2119 2722 2332 2791 quidem
2366 2725 2620 2795 majorem
2655 2727 2890 2782 ostendit
2934 2732 3326 2783 auctoritatem.
3376 2728 3559 2800 Neque
3605 2730 3703 2783 ad-

2121 2814 2269 2870 ducit
2298 2832 2457 2870 unam
2477 2860 2493 2884 ,
2524 2828 2616 2874 attt
2642 2820 2772 2875 duas
2798 2831 2890 2876 aut
2930 2834 3038 2877 tres
3066 2824 3311 2880 civitates
3331 2866 3347 2888 ,
3399 2823 3493 2877 sed
3539 2833 3701 2878 totant

2121 2914 2331 2975 gentem
2362 2922 2376 2960 ε
2405 2909 2544 2978 quod
2588 2910 2804 2980 quidem
2851 2913 2971 2967 facit
3020 2915 3183 2969 etiam
3230 2917 3280 2968 in
3332 2914 3702 2984 dogmatibus,

2122 2998 2304 3053 dicens
2335 3017 2349 3051 τ
2383 3001 2529 3055 Sicut
2555 3011 2601 3056 et
2646 3004 2701 3056 in
2737 3005 2969 3060 omnibus
3010 3005 3252 3061 Ecclesiis
3297 3018 3608 3061 sanctorum.
3648 3008 3707 3060 Si

2127 3090 2226 3146 hcc
2254 3093 2400 3146 enim
2433 3095 2497 3147 ad
2533 3095 2688 3149 lidetn
2733 3096 3026 3152 faciendam
3072 3099 3409 3169 dogmatibus
3454 3110 3536 3155 est
3578 3101 3707 3152 vali-

2123 3182 2249 3238 dum
2270 3223 2286 3249 ,
2320 3186 2485 3240 multo
2515 3187 2685 3256 magis
2711 3187 2777 3242 ad
2802 3189 3217 3245 aemulationem.
3250 3191 3387 3258 Quid
3415 3198 3544 3261 ergo
3568 3232 3584 3254 ,
3622 3191 3710 3246 die

2124 3291 2307 3345 (μείρεο
2330 3317 2346 3343 ,
2375 3278 2741 3334 constituisti?
2765 3280 2820 3334 ἓ.
2856 3279 2958 3335 Per
2978 3298 3134 3335 unam
3158 3281 3383 3347 sabbati,
3437 3284 3538 3339 hoc
3587 3291 3667 3337 est
3692 3324 3706 3347 ,

2125 3366 2212 3422 die
2241 3368 2533 3436 Dominico,
2564 3373 2903 3441 unusquisque
2928 3384 3144 3428 vestram
3169 3374 3310 3443 apud
3332 3390 3386 3428 se
3404 3384 3612 3444 scponat
3629 3390 3711 3428 rc—

2126 3462 2346 3515 condens
2382 3464 2518 3532 quod
2548 3465 2594 3516 ei
2632 3466 2755 3520 bene
2796 3467 3060 3525 placuerit.
3088 3466 3222 3523 Vide
3251 3466 3519 3537 quomodo
3546 3468 3708 3521 etiam

2127 3554 2443 3611 adhortatur
2472 3572 2501 3611 a
2546 3567 2786 3626 tempore
2818 3575 2830 3610 :
2863 3559 2980 3614 dies
3027 3560 3170 3614 enim
3214 3568 3325 3613 erat
3369 3557 3592 3612 idoneus
3639 3556 3710 3611 ad

2129 3662 2224 3702 eos
2248 3646 2590 3703 adducendas
2606 3649 2670 3703 ad
2698 3649 3115 3721 eleemosynam.
3143 3648 3511 3705 Recordemini
3538 3648 3708 3714 enim,

2131 3738 2301 3808 inquit
2325 3778 2341 3801 ,
2384 3754 2629 3809 quasnam
2660 3755 2726 3795 eo
2754 3740 2840 3794 die
2869 3743 3185 3811 consequuti
3214 3741 3364 3796 estis.
3392 3739 3540 3795 Bona
3569 3739 3716 3793 enim

2134 3827 2442 3894 inelhbilia,
2475 3839 2533 3885 et
2561 3831 2707 3885 radix
2743 3839 2797 3884 et
2838 3832 3043 3886 initium
3088 3832 3212 3886 vita:
3253 3842 3451 3887 nostra:
3498 3830 3585 3885 illa
3630 3828 3717 3884 die

2136 3919 2270 3975 facta
2299 3932 2444 3976 sunt.
2476 3921 2591 3976 Non
2626 3923 2723 3977 hac
2752 3933 2930 3978 autem
2958 3925 3131 3978 solum
3160 3924 3371 3978 ratione
3414 3932 3594 3992 aptum
3636 3934 3720 3976 eat

2137 4020 2346 4081 tempus
2382 4013 2448 4065 ad
2509 4013 2888 4083 benignitatem
2939 4024 3184 4084 prompto
3229 4024 3284 4067 et
3332 4014 3493 4068 alacri
3542 4014 3723 4068 animo

2136 4103 2526 4169 exercendam,
2555 4105 2647 4158 sed
2677 4114 2731 4158 et
2760 4105 2899 4174 quod
2928 4106 3122 4160 habent
3148 4107 3381 4175 quietem
3430 4121 3496 4160 ac
3531 4105 3718 4159 remis-

2137 4195 2341 4249 sionem
2374 4197 2869 4267 immunitatemque
2900 4209 2951 4253 et
2977 4199 3309 4254 vacationem
3355 4215 3383 4251 a
3429 4197 3716 4251 laboribus.

2136 4283 2267 4338 Nam
2295 4286 2471 4342 anima
2503 4302 2531 4341 a
2560 4287 2831 4342 laboribus
2858 4289 3019 4343 libera
3046 4289 3288 4344 redditur
3329 4288 3626 4357 expeditior
3668 4296 3724 4339 et

2138 4378 2314 4446 aptior
2342 4377 2408 4431 ad
2438 4378 2821 4434 miserendmn.
2859 4381 2938 4433 Ad
2986 4382 3099 4434 hinc
3144 4389 3353 4443 autem,
3403 4377 3725 4434 venerandis

2139 4483 2352 4538 quoque
2400 4485 2464 4525 ac
2518 4470 2909 4525 immortalibus
2973 4474 3369 4527 communicare
3420 4472 3723 4543 mysteriis,

2140 4576 2386 4631 magnam
2431 4563 2589 4617 aliert
2631 4574 2686 4618 et
2734 4564 2973 4619 immittit
3011 4565 3359 4619 alacritatem.
3392 4560 3455 4616 In
3501 4579 3560 4615 ea
3606 4578 3728 4631 ergo

2141 4655 2480 4725 unusquich
2503 4664 2720 4709 vestrum
2745 4697 2761 4720 ,
2791 4672 2895 4710 non
2926 4657 3170 4711 abSolute
3199 4656 3285 4711 hic
3320 4665 3410 4709 aut
3452 4655 3542 4709 ille
3567 4695 3582 4719 ,
3629 4653 3723 4707 sed

2142 4746 2498 4817 unusquisque,
2528 4747 2642 4801 sive
2670 4746 2738 4801 sit
2765 4763 2985 4818 pauper,
3012 4749 3126 4802 sive
3152 4747 3322 4813 dives,
3344 4747 3458 4801 sive
3478 4746 3577 4809 vir,
3606 4744 3728 4800 sive

2143 4842 2363 4906 mulier,
2393 4840 2511 4896 sive
2539 4855 2724 4896 servus
2749 4882 2765 4906 ,
2796 4844 2909 4896 sive
2945 4842 3077 4896 liber
3096 4882 3111 4907 ,
3143 4843 3282 4911 apud
3312 4856 3365 4895 se
3392 4848 3603 4909 reponat
3643 4854 3727 4890 rc-

2143 4934 2385 4989 condens.
2414 4933 2529 4989 Non
2559 4933 2713 4999 dixit,
2746 4932 2905 4987 Ferat
2932 4934 2983 4986 in
3028 4932 3350 4993 ecclesiam,
3396 4946 3463 4985 ne
3510 4938 3730 4998 propter

2146 5025 2463 5095 paucitatem
2489 5023 2842 5086 erubescant;
2889 5020 2982 5077 sed
3027 5036 3151 5076 cum
3198 5035 3263 5075 ea
3310 5036 3428 5090 qua:
3472 5017 3727 5089 paulatim

2145 5116 2407 5169 accedunt
2436 5116 2488 5168 in
2514 5113 2923 5169 collectionibus
2944 5113 3152 5168 auxerit
3176 5150 3190 5181 ε
3237 5128 3361 5166 cum
3408 5124 3687 5166 accessero
3709 5150 3729 5175 ,

2148 5217 2272 5259 tunc
2296 5204 2571 5260 ostendat.
2600 5203 2812 5260 Interim
2844 5215 3061 5269 autem,
3114 5204 3322 5274 inquit,
3364 5200 3505 5271 apud
3552 5211 3604 5256 te
3644 5216 3735 5256 se.

2146 5311 2306 5366 pone,
2338 5305 2395 5350 et
2421 5295 2636 5351 domum
2660 5305 2801 5349 tuam
2833 5293 2919 5349 fac
2947 5295 3229 5350 ecclesiam
3249 5336 3265 5359 ,
3292 5293 3526 5348 arculam
3567 5305 3731 5358 gazo-

2145 5385 2450 5457 phylacium
2485 5407 2499 5442 :
2530 5396 2649 5442 esto
2673 5395 2853 5442 custos
2900 5400 3067 5440 saera:
3111 5385 3390 5455 pecuniae,
3443 5399 3474 5438 a
3519 5392 3573 5436 te
3613 5381 3733 5449 ipso

2147 5476 2423 5531 ordinatus
2450 5477 2788 5546 dispensator
2817 5491 3129 5545 pauperum.
3183 5474 3486 5545 Benignitas
3529 5482 3585 5526 et
3631 5470 3731 5525 hu-

2151 5570 2378 5624 manitas
2402 5568 2493 5622 dat
2524 5568 2614 5623 tibi
2647 5568 2748 5624 hoc
2775 5566 3156 5624 sacerdotium.
3199 5566 3365 5634 llujus
3400 5572 3485 5620 est
3509 5561 3731 5635 symbo-

2152 5663 2259 5717 ium
2289 5679 2348 5717 ac
2379 5660 2586 5730 signum
2615 5658 2756 5730 quod
2800 5675 2941 5716 nunc
2986 5668 3064 5715 est
3111 5657 3570 5729 gazophylacium.
3623 5652 3733 5710 Sed
