4122 6226
393 295 500 353 ὃύῖ

385 406 597 463 παλαιά
626 403 977 475 κελευόμενοι
1017 403 1341 473 σκάμματα,
1396 403 1491 456 καὶ
1529 404 1790 459 ἐλάττονα
1823 406 1972 459 ἐκεί-

380 516 477 553 νου
507 497 604 552 τοῦ
654 497 854 568 μέτρου
898 494 999 564 τὴν
1047 494 1259 547 ἑαυτῶν
1299 494 1576 550 πολιτείαν
1617 497 1973 570 ύφαίνωμενς

382 592 470 657 τίς
503 592 654 661 ἡμᾶς
686 589 1038 659 ἐξαιρήσεται
1066 586 1265 655 λόγος;
1295 588 1381 652 τίς
1420 593 1838 662 παραστήσεται
1880 591 1970 644 καὶ

385 684 644 757 βοηθήσει
672 678 1094 749 κολαζομένοιςς
1121 680 1238 733 Οὐκ
1257 678 1408 733 ἐστιν
1427 683 1621 747 οὐδεὶς,
1656 682 1775 737 ἀλλ’
1803 685 1973 753 ἀνάγ-

382 793 454 845 κη
502 775 655 827 πᾶσα
687 769 1058 843 οἰμώζοντας,
1088 769 1475 842 ὀδυρομένους,
1520 773 1821 845 βρύχοντας
1849 777 1977 840 τοὺς

383 867 629 929 ὀδόντας.
657 861 1121 935 στρεϐλουμένους
1153 863 1234 926 είς
1260 863 1321 917 τὸ
1357 865 1547 929 σκότος
1576 865 1884 935 ἀπάγεσθαι
1918 865 1979 919 τὸ

384 956 626 1026 ἀφεγγὲς
660 957 858 1016 ἐκεῖνο,
913 954 996 1016 είς
1045 953 1147 1016 τὰς
1192 954 1599 1025 ἀπαραιτήτους
1646 955 1861 1021 ὀδύνας,
1897 959 1978 1020 είς

384 1051 485 1113 τὰς
509 1047 847 1119 ἀνηκέστους
877 1045 1170 1117 τιμωρίας.
1197 1047 1290 1100 Διὸ
1314 1046 1507 1118 δέομαι
1536 1048 1631 1100 καὶ
1650 1047 1974 1119 παρακαλῶ,

387 1144 485 1197 καὶ
516 1140 700 1195 αὐτῶν
725 1139 973 1210 ἀπτομαι
1004 1139 1115 1194 τῶν
1143 1140 1410 1208 γονάτων,
1447 1140 1553 1204 ἕως
1584 1141 1650 1194 ἂν
1679 1140 1893 1214 ἔχωμεν
1917 1142 1980 1195 τὸ

391 1233 589 1304 μικρὸν
611 1231 771 1285 τοῦτο
791 1231 889 1301 τῆς
917 1229 1066 1300 ζωῆς
1099 1232 1332 1299 ἐφόδιον,
1361 1233 1730 1303 κατανυγῆναι
1758 1236 1871 1297 τοῖς
1898 1235 1976 1286 εί-

391 1323 670 1396 ρημένοις,
713 1321 1143 1391 ἐπιστραφῆναι,
1178 1321 1421 1391 βελτίους
1459 1322 1734 1391 γενέσθαι,
1773 1323 1857 1376 ἵνα
1903 1322 1980 1395 μὴ

392 1414 535 1469 κατὰ
573 1414 665 1467 τὸν
712 1413 969 1466 πλούσιον
1007 1414 1216 1467 ἐκεῖνον
1250 1415 1491 1485 ἀνήνυτα
1540 1416 1659 1469 ἐκεῖ
1689 1414 1980 1488 θρηνῶμεν

391 1505 741 1571 ἀπελθόντες,
773 1507 866 1560 καὶ⁵
890 1505 1084 1560 ἀνίατα
1120 1506 1310 1560 λοιπὸν
1342 1505 1686 1578 ὢυρώμεθα.
1720 1510 1838 1562 Κᾶν
1869 1508 1978 1579 γάρ

392 1598 607 1668 πατέρα
644 1596 797 1670 ἔχῃς.
854 1597 955 1651 κᾶν
1001 1598 1137 1663 υἱὸν,
1179 1598 1282 1653 κάν
1318 1599 1493 1669 φίλον,
1549 1600 1653 1654 κᾶν
1701 1599 1978 1654 ὁντιναοῦν

394 1690 707 1760 παρρησίαν
756 1688 948 1759 ἔχοντα
993 1690 1132 1761 πρὸς
1179 1691 1270 1744 τὸν
1317 1691 1472 1756 Θεὸν,
1525 1691 1698 1754 οὐδείς
1730 1692 1793 1744 σέ
1845 1708 1976 1743 ποτε

1385 284 1450 339 ιιι
1494 244 1714 344 έυιετ.
1757 287 1775 342 l
1815 286 1906 342 AD
1945 287 2103 344 con.
2146 247 2383 344 "om.
2425 286 2610 343 xun.

3560 293 3667 354 568

2084 404 2436 476 ἐξαιρήσεται
2457 403 2665 457 τούτων
2694 402 2803 455 ὑπὸ
2835 402 2945 457 τῶν
2975 404 3194 459 οἰκείων
3227 407 3403 478 ἔργων
3433 411 3667 479 #905165-

2085 513 2267 567 μενον.
2300 495 2554 550 Τοιοῦτον
2587 495 2694 567 γὰρ
2728 496 2905 549 ἐκεῖνο
2934 497 2994 550 τὸ
3016 497 3399 571 δικαστήριον
3426 502 3534 555 ἀπὸ
3563 498 3675 557 τῶν

2086 587 2338 657 πράξεων
2394 586 2604 652 δικάζει
2666 588 2863 658 μόνων,
2921 587 3018 641 καὶ
3066 589 3239 653 ἄλλως
3279 592 3395 644 ἐκεῖ
3430 592 3670 663 σωθῆναι

2084 680 2186 733 οὐκ
2220 679 2320 734 ἔνι.
2356 680 2468 733 Καὶ
2492 679 2672 733 ταῦτα
2700 678 2864 747 λέγω,
2899 681 2996 751 ούχ
3027 682 3116 734 ἴνα
3150 681 3397 753 λυπήσω,
3437 684 3547 736 οὐδ’
3585 685 3671 738 ἵνα

2086 772 2166 835 εἰς
2191 770 2499 840 ἀπόγνωσιν
2534 770 2780 841 ἐμϐάλω.
2817 770 2932 823 ἀλλ’
2983 772 3069 824 ἵνα
3121 772 3197 843 μὴ
3248 775 3504 842 ματαίαις
3537 775 3670 845 μηδέ

2084 861 2318 933 ψυχραῖς
2356 861 2536 915 ἐλπίσι
2584 862 2928 933 τρεφόμενοι,
2969 864 3064 915 καὶ
3103 865 3181 927 είς
3213 864 3305 917 τὸν
3350 865 3496 917 δεῖνα
3537 864 3671 937 θαρ-

2090 952 2331 1025 ροῦντες,
2372 951 2470 1022 τῆς
2497 952 2620 1005 καθ’
2651 954 2880 1016 ἑαυτοὺς
2918 952 3286 1024 ἀμελήσωμεν
3317 955 3537 1025 ἀρετῆς.
3574 956 3672 1007 Ἂν

2091 1044 2323 1117 μὲνγὰρ
2375 1043 2805 1116 ῥᾳθυμήσωμεν,
2862 1044 2922 1097 ού
2971 1045 3200 1109 δίκαιος,
3243 1047 3304 1098 ού
3363 1049 3669 1119 προφήτης,

2085 1137 2185 1190 οὐκ
2210 1136 2527 1199 ἀπόστολος,
2577 1135 2753 1201 οὐδεὶς
2790 1139 2922 1207 ἡμῖν
2960 1140 3410 1210 παραστήσεται·
3441 1156 3455 1169 ·
3513 1140 3578 1193 ἂν
3613 1142 3671 1194 δὲ

2088 1227 2514 1298 σπουδάσωμεν,
2562 1228 2837 1298 ἀρκοῦσαν
2867 1228 2967 1300 τὴν
3012 1230 3122 1283 ἀπὸ
3162 1229 3271 1282 τῶν
3307 1230 3480 1302 ἔργων
3543 1250 3673 1284 συν-

2085 1318 2316 1389 ηγορίαν
2344 1318 2582 1388 ἔχοντες,
2626 1319 2763 1389 μετά
2798 1321 3110 1392 παρρησίας
3139 1321 3559 1392 ἀπολαυσόμεθα
3579 1325 3674 1377 καὶ

2085 1410 2194 1464 τῶν
2227 1411 2447 1480 ἀγαθῶν
2480 1411 2591 1463 τῶν
2621 1412 3001 1483 ἀποκειμένων
3031 1416 3144 1478 τοῖς
3165 1414 3256 1467 τὸν
3280 1414 3412 1467 Θεὸν
3448 1417 3676 1483 ἀγαπῶ-

2087 1520 2171 1557 σιν
2192 1520 2205 1532 ·
2238 1497 2313 1558 ὧν
2337 1503 2550 1572 γένοιτο
2586 1504 2795 1570 πάντας
2821 1506 2968 1576 ἡμᾶς
2994 1507 3292 1577 ἐπιτυχεῖν,
3322 1509 3417 1560 καὶ
3437 1508 3504 1562 τὰ
3526 1508 3673 1579 ἑξῆς.

2150 1678 2177 1705 ³
2198 1677 2357 1733 Alius,
2376 1679 2720 1741 προστήσεται.

1850 1945 2094 2002 ΟΜῙΛΙΑ
2127 1947 2257 2002 MF’.

398 2062 539 2132 Περὶ
581 2061 651 2116 δὲ
691 2059 799 2130 τῆς
825 2062 1042 2132 ,ὶογίας
1074 2061 1187 2130 τῆς
1215 2065 1301 2130 είς
1335 2062 1479 2130 τοὺς
1528 2063 1760 2132 ἁγίους,
1793 2059 1989 2126 καθὼς

469 2131 875 2203 διέταεαίταῖς
917 2134 1309 2203 Ἐκκλησίαις
1341 2133 1454 2203 τῆς
1482 2131 1809 2201 Γαλατίας,
1835 2132 1992 2187 οὕτω

475 2203 578 2259 καί
603 2202 774 2274 ὑμεῖς
802 2201 1120 2270 ποιήσατε.

473 2346 545 2394 α’.
590 2337 921 2411 ’Δπαρτίσας
956 2337 1049 2393 τὸν
1077 2339 1209 2410 περὶ
1238 2339 1347 2395 τῶν
1369 2338 1655 2412 δογμάτων
1687 2338 1866 2410 λόγον,
1895 2355 1992 2393 και

403 2430 619 2502 μέλλων
649 2432 729 2495 είς
750 2430 842 2485 τὸν
858 2429 1196 2503 ἠθικώτερον
1222 2431 1527 2503 ἐμϐαίνειν,
1560 2434 1741 2488 πάντα
1764 2432 1835 2486 τὰ
1857 2431 1993 2488 ἀλλα

400 2522 581 2592 ἀφεὶς,
621 2522 716 2577 ἐπὶ
757 2520 820 2575 τὸ
864 2523 1165 2593 κεφάλαιον
1210 2523 1322 2578 τῶν
1364 2524 1585 2593 ἀγαθῶν
1633 2527 1824 2597 χωρεῖ,
1860 2524 1992 2594 περὶ

402 2613 776 2687 ἐλεημοσύνης
823 2614 1149 2686 ποιούμενος
1185 2615 1364 2684 λόγον.
1419 2613 1586 2669 Ἀλλά
1628 2616 1756 2689 περὶ
1799 2614 1991 2667 τούτου

406 2706 569 2777 μόνου
600 2706 927 2777 διαλεχθεὶς,
956 2705 1402 2761 ἀπαλλάττεται*
1435 2707 1615 2760 καίτοι
1645 2722 1708 2774 γε
1753 2704 1992 2775 οὐδαμοῦ

402 2798 563 2853 τοῦτο
612 2798 893 2870 ἐποίησεν,
939 2797 1077 2853 ἀλλά
1131 2799 1258 2871 περὶ
1307 2798 1700 2870 ἐλεημοσύνης,
1739 2796 1994 2868 καὶπερὶ

406 2888 559 2963 [400]
604 2890 984 2962 σωφροσύνης,
1033 2890 1128 2945 καὶ
1179 2894 1308 2963 περὶ
1355 2890 1683 2962 πραότητος,
1726 2889 1822 2944 καὶ
1864 2890 1995 2960 περὶ

408 2983 814 3055 μακροθυμίας,
861 2984 959 3039 καὶ
996 2984 1125 3054 περὶ
1151 2984 1262 3038 τῶν
1291 2983 1470 3039 ἄλλων
1517 2984 1777 3038 ἁπάντων
1820 2981 1996 3036 διαλέ-

405 3090 561 3142 γεται
589 3075 647 3127 ἐν
679 3078 799 3139 ταῖς
820 3075 1014 3140 ἄλλαις
1043 3077 1385 3143 Ἐπιστολαῖς
1415 3076 1872 3140 τελευτῶν.Τίνος
1901 3071 1995 3130 οῦν

406 3164 594 3220 ἕνεκεν
626 3166 864 3221 ἐνταῦθα
893 3167 988 3222 τοῦ
1023 3168 1217 3240 ἠθικοῦ
1250 3169 1409 3223 τοῦτο
1443 3168 1604 3240 μόνον
1638 3168 1908 3239 γυμνάζει
1937 3167 1996 3225 τὸ

411 3257 595 3327 μέροςς
614 3258 737 3312 ὀτι
767 3260 862 3313 καὶ
884 3259 994 3314 τῶν
1019 3260 1329 3332 ἔμπροσθεν
1356 3260 1663 3334 εἰρημένων
1681 3262 1749 3315 τά
1774 3261 1995 3313 πλείονα

408 3348 720 3421 ήθικώτερα
767 3348 856 3421 ἦν,
906 3352 973 3406 δι’
1024 3346 1099 3407 ὧν
1134 3353 1228 3407 τὸν
1261 3354 1462 3424 πόρνον
1508 3354 1757 3420 ἐκόλασε,
1802 3353 1869 3407 δι’
1920 3345 1995 3405 ὧν

306 3497 317 3504 ,
407 3442 536 3506 τοῦς
559 3440 665 3508 ἔξω
701 3442 1092 3512 δικαζομένους
1125 3443 1479 3516 ἐσωφρόνιζε,
1516 3443 1583 3496 δι’
1616 3436 1691 3497 ὧν
1728 3445 1855 3508 τοὺς
1899 3458 1997 3515 με-

412 3533 639 3598 θύοντας
676 3535 771 3589 καὶ
815 3536 1279 3608 γαστριζομένους
1332 3536 1599 3608 ἐφόϐησε,
1647 3536 1713 3589 δι’
1746 3529 1822 3588 ὧν
1869 3535 1998 3598 τοὺς

412 3626 800 3691 στασιάζοντας
851 3628 945 3681 καὶ
988 3627 1422 3697 φιλονεικοῦντας
1465 3630 1560 3682 καὶ
1599 3624 1995 3700 φιλαρχοῦντας

412 3718 757 3783 κατεδίκασε,
816 3717 883 3771 δι’
933 3711 1009 3773 ὧν
1056 3719 1183 3782 τοὺς
1228 3719 1462 3784 ἀναξίως
1512 3723 1625 3783 τοῖς
1677 3719 1997 3791 μυστηρίοις

414 3808 739 3879 προσιόντας
762 3811 830 3880 τῇ
857 3809 1115 3882 ἀφορήτῳ
1140 3810 1263 3882 δίκῃ
1290 3810 1473 3882 ἐκείνῃ
1498 3810 1800 3882 παρέδωκε,
1831 3808 1898 3864 δι’
1920 3803 1997 3863 ὧν

414 3900 547 3971 περὶ
578 3901 799 3971 ἀγάπης
817 3900 1087 3973 διελέχθη.
1125 3900 1223 3954 Διὰ
1256 3901 1321 3973 δὴ
1345 3902 1524 3964 τοῦτο,
1550 3896 1611 3956 οῦ
1641 3902 1877 3973 μάλιστα
1903 3901 2000 3955 αύ-

414 3992 496 4064 τῷ
524 3992 629 4047 ἐδει
659 3995 758 4064 τῆς
793 3997 874 4057 είς
900 3996 1027 4059 τοὺς
1069 3994 1257 4062 ἁγίους
1300 3994 1637 4065 ἐπικουρίας,
1676 3993 1865 4048 τούτου
1900 3994 1998 4065 μέ-

421 4101 623 4157 μνηται
653 4088 833 4156 μόνον.
866 4087 979 4141 Καὶ
1005 4086 1104 4140 θέα
1127 4086 1226 4158 τὴν
1252 4086 1468 4140 σύνεσιν
1492 4103 1505 4116 ·
1537 4087 1625 4140 ὅτε
1646 4086 1844 4151 αὐτοὺς
1872 4086 2001 4157 περὶ

420 4175 767 4241 ἀναστάσεως
788 4177 996 4243 ἐπει-σε,
1028 4177 1121 4231 καὶ
1143 4177 1584 4249 προθυμοτέρους
1604 4178 1854 4249 ἐποίησε,
1880 4178 2000 4231 τότε

420 4267 608 4322 λοιπὸν
636 4269 727 4322 καὶ⁸
768 4263 1135 4340 περὶ’τούτου
1183 4267 1512 4337 διαλέγεται.
1560 4268 1755 4322 Καίτοι
1802 4286 1866 4338 γε
1907 4267 2003 4322 καὶ

420 4359 560 4431 ὑπὲρ
592 4358 797 4413 τούτων
836 4359 1084 4432 διελέχθη
1125 4359 1263 4432 πρὸς
1294 4359 1491 4424 αὐτοῦς
1536 4359 1869 4431 ἔμπροσθεν,
1913 4361 2002 4414 ὅτε

419 4452 607 4520 ἔλεγεν
629 4470 645 4485 ·
697 4454 769 4506 El
801 4451 973 4522 ἡμεῖς
1024 4450 1165 4521 ὑμῖν
1204 4452 1278 4505 τὰ
1307 4451 1681 4520 πνευματικὰ
1710 4451 2006 4522 ἐσπειρα-

415 4562 553 4615 μεν,
580 4542 755 4616 μέγα,
792 4547 845 4598 εί
874 4544 1040 4614 ἡμεῖς
1066 4542 1235 4614 ὑμῶν
1261 4549 1334 4599 τὰ
1369 4541 2003 4614 σαρκικᾶθερίσομενς

422 4640 539 4704 καὶ,
580 4640 675 4704 Τίς
703 4638 947 4707 φυτεύει
984 4634 1335 4707 ἀμπελῶνα,
1373 4637 1471 4691 καὶ
1516 4637 1587 4690 ἐκ
1635 4637 1741 4691 τοῦ
1774 4638 2005 4706 καρποῦ

420 4728 611 4786 αὐτοῦ
638 4732 750 4784 οὐκ
782 4730 973 4784 ἐσθίει
991 4746 1011 4795 ;
1058 4729 1197 4783 Ἀλλ’
1228 4729 1419 4801 ἐπειδὴ
1452 4729 1567 4802 ⁴ᾔδει
1594 4729 1689 4783 τοῦ
1725 4730 2005 4800 κατορθώ-

408 4838 596 4895 ’ματος
632 4822 694 4873 τὸ
734 4820 987 4892 μέγεθος,
1022 4821 1085 4874 οῦ
1117 4823 1462 4891 παραιτεῖται
1504 4821 1599 4875 καὶ
1632 4821 1709 4893 τῷ
1737 4823 1880 4877 τέλει
1909 4827 2007 4896 τῆς

437 4909 759 4983 Ἐπιστολῆς
782 4912 917 4967 αὐτὸ
944 4912 1285 4985 προσθεῖναι.
1302 4915 1507 4983 Λογίαν
1538 4914 1594 4969 δὲ
1617 4916 1715 4985 τὴν
1742 4914 2008 4985 συλλογὴν

425 5000 610 5066 καλεῖ,
658 5003 725 5055 ἐκ
782 5003 1082 5074 προοιμίων
1128 5004 1328 5067 εὐθέως
1386 5003 1586 5074 κοῦφον
1656 5005 1718 5059 τὸ
1775 5006 2008 5077 πρᾶγμα

427 5091 597 5146 ποιῶν
615 5108 629 5125 ο
662 5093 792 5148 ὅταν
820 5093 929 5166 γάρ
959 5094 1020 5161 ἐξ
1047 5096 1302 5152 ἁπάντων
1325 5096 1763 5168 συνεισφέρηται,
1793 5099 2010 5170 ἑκάστῳ

426 5181 629 5253 κοῦφον
647 5177 859 5253 γίνεται
883 5185 945 5239 τὸ
974 5185 1275 5259 ἐπίταγμα.
1306 5187 1490 5240 Είπὼν
1514 5187 1572 5240 δὲ
1606 5190 1736 5262 περὶ
1761 5188 1862 5260 τῆς
1885 5189 2010 5244 συλ-

427 5274 613 5347 λογῆς,
640 5277 743 5332 οῦκ
769 5277 976 5343 εὐθέως
998 5273 1184 5344 εἶπεν,
1215 5278 1445 5345 ἕκαστος
1474 5281 1629 5353 ὑμῶν
1655 5285 1785 5355 παρ’
1826 5283 2007 5355 ἐαυτῷ

425 5368 625 5421 τιθέτω
671 5367 1021 5443 θησαυρίζων
1056 5385 1072 5400 ⁸
1117 5369 1292 5424 καίτοι
1325 5388 1391 5441 γε
1423 5373 1487 5427 τὸ
1519 5373 1813 5429 ἀκόλουθον
1850 5377 2009 5432 τοῦτο

425 5454 498 5530 ἦν
519 5475 535 5492 ο
562 5460 699 5515 ἀλλά
724 5459 940 5533 πρῶτον
969 5460 1162 5527 εἰπὼν,
1193 5462 1402 5531 Καθὼς
1436 5463 1681 5531 διέταξα
1712 5468 1843 5536 ταῖς
1877 5470 2011 5525 Ἐκ·-

428 5552 719 5618 κλησίαις
754 5551 867 5619 τῆς
894 5553 1220 5622 Γαλατίας,
1255 5555 1376 5609 τότε
1408 5556 1567 5611 τοῦτο
1596 5560 1898 5631 ἐπήγαγεν,
1928 5564 2009 5629 είς

427 5643 594 5713 ζῆλον
627 5643 826 5708 αὐτοὺς
852 5647 921 5716 τῇ
962 5644 1213 5716 διηγήσει
1246 5646 1357 5700 τῶν
1389 5647 1598 5721 ἐτέροις
1635 5652 2006 5727 κατορθουμέ-

428 5752 538 5788 νων
560 5734 737 5803 ἀγων,
775 5734 870 5789 καὶ
900 5737 960 5790 ἐν
978 5736 1130 5804 τάξει
1155 5738 1495 5810 διηγήματος
1521 5741 1654 5796 αὐτὸ
1681 5743 1793 5809 θείς
1812 5760 1828 5775 ·
1858 5746 1887 5798 ὃ
1918 5748 2014 5801 καὶ

444 5823 741 5896 Ῥωμαίοις
767 5826 1100 5883 ἐπιστέλλων
1123 5826 1368 5899 ἐποίησε.
1395 5830 1504 5884 Καὶ
1526 5829 1634 5901 γάρ
1666 5834 1894 5899 ἐκείνοις
1927 5837 2010 5891 δο-

2090 2059 2202 2113 κῶν
2228 2060 2530 2132 διηγεῖσθαι
2557 2064 2657 2133 τὴν
2683 2064 2954 2137 πρόφασιν
2982 2066 3083 2138 τῆς
3112 2066 3205 2123 ἐπὶ
3227 2067 3296 2122 τά
3331 2063 3678 2140 Ἰεροσόλυμα

2089 2151 2419 2224 ἀποδημίας,
2446 2153 2591 2208 οὕτω
2623 2155 2715 2211 τὸν
2744 2157 2876 2228 περὶ
2901 2157 3024 2227 ἐλεη
3034 2160 3273 2232 μοσύνης
3304 2161 3560 2233 ἐμόάλλει
3594 2163 3683 2216 λό-

2091 2259 2209 2312 γον,
2242 2243 2418 2313 λέγων
2443 2261 2457 2275 ·
2492 2245 2646 2300 Νυνὶ
2684 2245 2753 2300 δὲ
2789 2250 3118 2320 πορεύομαι
3162 2253 3248 2318 είς
3299 2253 3682 2323 Ἰεροσόλυμα

2090 2332 2393 2391 διακονῶν
2417 2337 2542 2405 τοῖς
2573 2339 2787 2409 ἁγίοις.
2830 2341 3147 2410 Εὐδόκησε
3178 2342 3292 2413 γὰρ
3339 2342 3683 2399 Μακεδονία

2092 2427 2192 2481 καί
2234 2428 2445 2498 Ἀχαΐα
2482 2433 2806 2487 κοινωνίαν
2836 2435 2968 2490 τινὰ
2996 2436 3372 2506 ποιήσασθαι
3421 2441 3509 2505 εἰς
3541 2437 3683 2505 τοὺς

2092 2523 2370 2592 πτωχοὺς
2398 2522 2516 2578 τῶν
2555 2525 2761 2596 ἁγίων.
2802 2527 2942 2581 Ἀλλ’
2971 2528 3217 2593 ἐκείνους
3249 2531 3348 2601 μὲν
3373 2530 3462 2584 διά
3494 2532 3684 2584 Μακε-

2092 2614 2260 2668 δόνων
2298 2615 2392 2669 καὶ
2425 2617 2751 2689 Κορινθίων,
2783 2620 3007 2685 τούτους
3034 2620 3092 2674 δὲ
3134 2622 3224 2675 διὰ
3259 2620 3520 2677 Γαλατῶν
3551 2641 3683 2696 προ-

2094 2708 2308 2780 τρέπει.
2356 2711 2565 2779 Καθὼς
2593 2710 2839 2778 διέταξα
2883 2713 3015 2785 γάρ,
3060 2714 3217 2786 φησὶ,
3261 2715 3392 2783 ταῖς
3436 2716 3684 2785 Ἐκκλη-

2094 2807 2261 2873 σίαις
2300 2805 2411 2874 τῆς
2450 2804 2774 2870 Γαλατίας,
2818 2805 2972 2858 οὕτω
3014 2805 3116 2859 καί
3158 2806 3331 2876 ὑμεῖς
3367 2806 3681 2876 ποιήσατε.

2096 2898 2209 2951 Καὶ
2242 2896 2351 2967 γὰρ
2375 2896 2672 2967 ᾐσχύνοντο
2710 2896 2893 2949 λοιπὸν
2926 2896 3185 2962 ἐλάττους
3232 2896 3487 2951 Γαλατῶν
3513 2902 3686 2971 φανῆ-

2095 3006 2205 3042 ναι.
2257 2987 2368 3041 Καὶ
2421 2989 2522 3040 ούκ
2582 2982 2722 3053 εἶπε,
2768 2988 3058 3060 Παρῄνεσα
3118 2989 3211 3043 καὶ
3267 2989 3685 3059 συνεϐούλευσα,

2098 3076 2257 3142 ἀλλά,
2288 3076 2556 3140 Διέταεα,
2597 3078 2736 3149 ὅπερ
2780 3078 3258 3150 αύθεντικώτερον.
3306 3082 3416 3134 Καὶ⁷
3444 3081 3505 3134 οῦ
3546 3099 3689 3153 παρ-

2097 3170 2221 3238 άγει
2259 3168 2386 3240 μίαν
2440 3169 2594 3223 πόλιν
2629 3169 2726 3222 καὶ
2763 3167 2857 3222 δύο
2911 3171 3005 3224 καὶ
3037 3173 3207 3240 τρεῖς,
3243 3171 3358 3224 ἀλλ’
3391 3171 3685 3242 ὁλόκληρον

2099 3261 2277 3325 ἔθνος·
2329 3262 2465 3334 ὅπερ
2519 3262 2613 3316 καὶ
2663 3263 2757 3315 ἐπὶ
2806 3262 2916 3317 τῶν
2960 3263 3251 3333 δογμάτων
3293 3266 3454 3330 ποιεῖ,
3489 3264 3686 3334 λέγων·

2101 3353 2309 3421 Καθὼς
2366 3354 2466 3408 καὶ
2514 3356 2585 3409 ἐν
2644 3355 2872 3420 πάσαις
2943 3355 3073 3423 ταῖς
3122 3357 3506 3425 Ἐκκλησίαις
3568 3358 3690 3415 τῶν

2100 3449 2305 3519 ἁγίων.
2329 3449 2393 3502 El
2418 3448 2527 3521 γάρ
2554 3446 2693 3516 πρὸς
2725 3445 3011 3516 δογμάτων
3042 3446 3226 3500 πίστιν
3252 3447 3413 3501 τοῦτο
3445 3449 3686 3520 ἰσχυρὸν,

2103 3537 2283 3609 πολλῷ
2312 3536 2511 3607 μᾶλλον
2546 3535 2682 3623 πρδς
2709 3534 2885 3602 ἔργων
2912 3535 3166 3607 μίμησιν.
3195 3537 3260 3589 Τί
3284 3531 3379 3590 οὖν
3406 3535 3688 3605 διέταξας,

2104 3632 2227 3686 είπέ
2254 3647 2378 3702 μοις
2422 3628 2582 3684 Κατὰ
2623 3628 2771 3697 μίαν
2808 3626 3132 3690 σαϐϐάτου,
3179 3629 3445 3694 τουτέστι,
3479 3630 3688 3701 Κυρια-

2103 3725 2227 3796 κὴν,
2258 3723 2518 3789 ἕκαστος
2553 3721 2720 3792 ὑμῶν
2751 3722 2888 3791 παρ’
2915 3717 3105 3785 ἐαυτῷ
3153 3720 3358 3774 τιθέτω
3411 3723 3693 3790 θησαυρί-

2103 3805 2216 3868 ζων
2244 3806 2280 3861 ὅ
2308 3824 2364 3860 τι
2400 3805 2476 3860 ἂν
2508 3802 2816 3860 εὐοδῶται.
2855 3805 2999 3875 Ὅρα
3029 3804 3147 3869 πῶς
3175 3806 3270 3859 καὶ
3295 3805 3402 3858 ἀπὸ
3427 3805 3521 3859 τοῦ
3565 3823 3689 3859 και-

2104 3897 2200 3971 ροῦ
2236 3897 2538 3971 προτρέπει
2569 3912 2584 3926 ·
2622 3897 2717 3948 καὶ
2750 3896 2856 3966 γάρ
2883 3897 2916 3966 ή
2954 3896 3138 3966 ήμέρα
3173 3895 3334 3966 ἱκανὴ
3361 3891 3429 3966 ἦν
3458 3896 3690 3964 ἀγαγεῖν

2104 3995 2183 4055 εἰς
2222 3989 2615 4063 ἐλεηιιοσύνην.
2682 3987 3097 4059 Ἀναμνήσθητε
3140 3987 3272 4059 γὰρ,
3326 3989 3483 4058 φησὶ,
3526 3988 3690 4041 τίνων

2102 4081 2324 4153 ἐτύχετε
2378 4081 2436 4134 ἐν
2484 4082 2551 4151 τῇ
2612 4080 2795 4151 ἡμέρα
2849 4078 3041 4150 ταύτῃ.
3107 4077 3187 4131 Τά
3238 4077 3347 4148 γὰρ
3400 4077 3690 4149 ἀπόρρητα

2105 4172 2307 4240 ἀγαθὰ,
2338 4170 2432 4224 καὶ
2461 4172 2495 4241 ή
2538 4170 2665 4241 ῥίζα
2700 4168 2796 4221 καὶ
2824 4170 2856 4238 ἡ
2884 4168 3028 4238 ἀρχὴ
3064 4168 3164 4237 τῆς
3191 4165 3338 4237 ζωῆς
3365 4165 3465 4236 τῆς
3497 4164 3689 4235 ἡμετέ-

2109 4283 2207 4338 ρας
2236 4268 2293 4318 ἐν
2326 4263 2476 4338 [401]
2510 4262 2683 4333 ταύτῃ
2710 4261 2952 4330 γέγονεν.
2988 4259 3063 4312 Οὐ
3093 4256 3268 4331 ταύτῃ
3298 4257 3355 4310 δὲ
3381 4256 3540 4327 μόνον
3569 4257 3690 4308 ἐπι-

2107 4358 2316 4431 τήδειος
2380 4358 2409 4410 ὁ
2469 4355 2660 4427 καιρὸς
2723 4355 2802 4416 είς
2887 4350 3198 4423 προθυμίαν
3254 4347 3688 4419 φιλανθρωπίας,

2108 4452 2225 4508 ἀλλ’
2253 4452 2335 4505 ὄτι
2365 4450 2461 4504 καὶ
2489 4448 2671 4502 άνεσιν
2700 4445 2814 4517 ἔχει
2850 4446 2947 4499 καὶ
2988 4445 3166 4498 πόνων
3209 4442 3479 4497 ἀτέλειαν.
3525 4440 3691 4512 Ψυχὴ

2107 4543 2214 4615 γὰρ
2244 4541 2510 4613 ἀφιεμένη
2541 4538 2775 4611 μόχθων,
2795 4536 3139 4607 εῦκολωτέρα
3159 4534 3252 4588 καὶ
3282 4532 3693 4604 ἐπιτηδειοτέρα

2109 4633 2249 4704 πρὸς
2284 4633 2345 4686 τὺ
2378 4631 2550 4685 ἐλεεῖν
2575 4631 2805 4699 γίνεται.
2840 4628 2996 4682 Meti
3029 4627 3086 4681 δὲ
3122 4625 3328 4679 τούτων
3362 4625 3541 4678 καὶτὸ
3587 4641 3692 4694 μυ-

2111 4722 2347 4795 στηρίων
2382 4722 2438 4775 ἐν
2462 4722 2600 4793 αύτῇ
2629 4721 2903 4775 κοινωνεῖν
2929 4717 3072 4772 οῦτω
3099 4715 3343 4789 φρικτῶν
3368 4716 3461 4769 καὶ
3485 4714 3693 4768 ἀθανά-

2107 4838 2218 4874 των
2266 4818 2468 4889 πολλὴν
2505 4815 2747 4888 ἐντίθησι
2798 4813 3131 4885 προθυμίαν.
3194 4810 3285 4864 Ἐν
3327 4811 3464 4882 αῦτῇ
3511 4810 3693 4864 τοίνυν

2108 4910 2365 4975 ἕκαστος
2406 4905 2595 4977 ὑμῶν,
2643 4906 2742 4976 οὐχ
2800 4903 2984 4967 ἁπλῶς
3033 4903 3062 4956 ὸ
3104 4902 3251 4956 δεῖνα
3295 4902 3392 4956 καὶ
3442 4903 3471 4956 ό
3516 4902 3690 4968 δεῖνα,

2108 5000 2224 5055 ἀλλ’
2255 4995 2343 5065 εἷς
2383 4998 2660 5063 ἕκαστος,
2691 4995 2797 5048 κᾶν
2829 4994 2999 5066 πένης
3030 4990 3086 5067 ᾗ,
3133 4994 3236 5049 κᾶν
3269 4993 3546 5059 πλούσιος,
3584 4992 3692 5047 κᾶν

2107 5091 2269 5164 γυνή,
2297 5091 2402 5145 κᾶν
2421 5089 2579 5161 ἀνὴρ,
2597 5088 2698 5143 κᾶν
2722 5087 2928 5153 δοῦλος,
2954 5088 3058 5143 κᾶν
3079 5088 3379 5161 ἐλεύθερος,
3404 5091 3539 5159 παρ’
3554 5088 3693 5144 ἐαυ-

2106 5183 2188 5251 τῷ
2216 5183 2422 5239 τιθέτω
2457 5179 2847 5251 θησαυρίζων.
2878 5183 2995 5236 Οὐκ
3027 5175 3200 5248 εἶπεν,
3234 5184 3328 5247 Είς
3353 5182 3453 5254 τὴν
3482 5182 3685 5253 ἐκκλη-

2109 5280 2232 5334 σίαν
2272 5277 2508 5349 φερέτω,
2557 5276 2644 5331 ἵνα
2681 5274 2757 5349 μὴ
2809 5277 2898 5331 διά
2946 5277 3008 5331 τὸ
3059 5277 3259 5349 μικρὸν
3300 5278 3687 5349 αἰσχύνωνται,

2106 5371 2245 5428 ἀλλά
2270 5372 2394 5435 ταῖς
2422 5371 2545 5424 κατ’
2568 5369 2749 5439 ὀλίγον
2788 5370 3136 5438 συναγωγαῖς
3168 5368 3411 5439 αὐξήσας
3440 5366 3542 5438 τὴν
3573 5369 3690 5421 εἱσ-

2111 5466 2308 5539 φοράν,
2341 5464 2462 5519 τότε
2486 5462 2749 5517 δεικνύτω
2777 5460 2913 5532 ἐμοῦ
2938 5461 3408 5531 παραγενομένου.
3439 5460 3589 5524 Τέως
3633 5461 3691 5515 δὲ

2110 5558 2264 5632 παρά
2292 5555 2474 5628 σαυτῷ
2498 5554 2658 5618 τίθει,
2698 5554 2852 5625 φησὶ,
2880 5553 2975 5606 καὶ¹
3012 5550 3240 5619 ποίησόν
3271 5568 3365 5606 σου
3390 5552 3491 5625 τὴν
3516 5552 3695 5607 οὶκίαν

2113 5650 2433 5721 ἐκκλησίαν,
2460 5647 2522 5701 τὺ
2548 5644 2806 5699 κιὸὠτιον
2833 5642 3237 5714 γαζοφυλάκιον
3272 5660 3287 5674 ο
3331 5643 3489 5712 γενοῦ
3521 5642 3696 5714 φύλαξ

2114 5742 2411 5818 χρημάτων
2439 5741 2622 5813 ἱερῶν,
2672 5736 3182 5811 αὐτοχειροτόνητος
3211 5735 3489 5807 οἰκονόμος
3522 5738 3694 5807 πενή-

2112 5853 2241 5893 των.
2286 5835 2348 5892 Ἦ
2393 5830 2772 5903 φιλανθρωπία
2824 5827 3026 5902 ταύτην
3062 5845 3144 5883 σοι
3184 5827 3367 5884 δίδωσι
3394 5828 3494 5900 τὴν
3535 5828 3694 5899 ἱερω-
