4138 6220
461 230 570 288 369

453 343 640 418 σύνην.
673 346 875 403 Τούτου
909 350 1179 424 σύμϐολόν
1226 355 1346 410 ἐστι
1391 361 1485 414 καὶ
1522 360 1585 416 τδ
1632 363 2028 437 γαζοφυλάκιον

447 436 566 494 νῦν.
613 438 775 493 Ἀλλά
803 440 863 494 τὸ
906 441 1005 511 μὲν
1036 442 1305 513 σύμϐολον
1337 447 1511 518 μένει,
1555 452 1615 505 τὸ
1644 453 1700 507 δὲ
1729 436 1890 527 ἔργον
1932 462 2022 514 οὐ·

447 530 642 603 δαμοῦ.
670 533 780 586 Καὶ
805 529 919 587 οἶδα
963 534 1062 604 μὲν
1107 536 1188 590 ὅτι
1233 538 1417 594 πολλοί
1448 542 1560 597 τῶν
1588 547 2021 619 συνεδρευόντων

447 625 610 679 πάλιν
643 626 773 695 ἡμῖν
805 625 1211 692 ἐγκαλέσουσιν,
1245 629 1375 685 ὅταν
1406 633 1548 705 ὑπὲρ
1592 636 1801 692 τούτων
1844 640 2020 695 διαλεο

445 713 672 785 γώμεθα
701 714 951 783 λέγοντες
975 734 990 749 ·
1021 718 1114 789 Μὴ
1134 757 1150 783 ,
1189 723 1515 792 παρακαλῶ,
1547 726 1622 800 μὴ
1653 730 1805 796 γίνου
1835 748 2020 802 φορτι-

447 804 541 868 κὸς
574 807 664 860 καί
688 806 932 879 ἐπαχθὴς
958 812 1073 874 τοῖς
1101 812 1391 868 ἀκούουσιν
1413 832 1428 847 ο
1459 818 1756 889 ἐπίτρεψον
1784 825 1849 894 τῇ
1883 840 2019 896 προ-

444 893 671 965 αιρέσει,
700 896 787 960 δὸς
819 901 886 969 τῇ
926 899 1125 973 γνώμῃ
1162 902 1271 958 τῶν
1314 905 1619 961 ἀκουόντων
1644 925 1658 940 ·
1695 910 1772 974 ώς
1813 893 1909 966 νῦν
1929 893 2012 984 *γε

444 987 821 1057 καταισχύνεις
862 992 1046 1062 ήμᾶς,
1091 994 1348 1068 ἐρυθριᾷν
1381 1003 1555 1064 ποιεῖς
1579 1018 1591 1031 °
1631 1003 1746 1057 ἀλλ’
1793 1005 1894 1060 οὐκ
1921 1007 2017 1060 ἀν-

440 1074 634 1145 έχομαι
654 1076 858 1133 τούτων
873 1080 981 1136 τῶν
1009 1082 1202 1152 λόγων.
1236 1086 1370 1140 Οὐδὲ
1390 1087 1499 1160 γάρ
1521 1090 1728 1156 Παῦλος
1749 1094 2017 1165 ᾐσχύνετο

441 1169 581 1242 ὑπὲρ
610 1170 868 1228 τοιούτων
895 1175 1135 1246 συνεχῶς
1162 1177 1416 1249 ἐνοχλῶν,
1448 1181 1544 1236 καὶ
1574 1185 2014 1252 προσαιτούντων

437 1261 811 1332 φθεγγόμενος
842 1265 1089 1337 ῥήματα.
1134 1269 1206 1323 Εἰ
1232 1271 1333 1341 μὲν
1358 1271 1467 1343 γὰρ
1494 1273 1650 1328 τοῦτο
1686 1274 1898 1346 ἔλεγον,
1930 1280 2012 1333 ὅτι

448 1352 603 1421 Ἐμοὶ
637 1353 724 1418 δὺς
754 1357 849 1410 καί
875 1360 958 1422 εἰς
992 1358 1091 1431 τήν
1122 1360 1264 1432 ἐμήν
1294 1363 1531 1427 κατάθες
1551 1365 1751 1434 οἰκίαν,
1790 1367 1920 1433 ἴσως
1945 1368 2012 1424 ἂν

434 1446 699 1518 αἰσχύνης
722 1445 791 1521 ἦν
818 1451 879 1505 τὸ
912 1452 1206 1525 λεγόμενον
1225 1471 1240 1488 ⁸
1275 1456 1476 1527 μᾶλλον
1509 1459 1566 1513 δέ
1604 1459 1725 1513 ούδέ
1757 1461 1880 1514 τότε
1906 1477 1920 1491 ·
1946 1465 2011 1517 Ol

434 1538 546 1610 γὰρ
588 1539 667 1606 τῷ
706 1546 1133 1613 θυσιαστηρίῳ,
1176 1548 1333 1619 φησι,
1368 1549 1895 1620 προσεδρεύοντες,
1929 1553 2011 1621 τῷ

435 1632 844 1701 θυσιαστηρίῳ
867 1637 1346 1706 συμμερίζονται.
1974 1703 2021 1744 \-

504 1742 571 1830 β’·
603 1744 749 1814 Πλὴν
769 1746 883 1800 ἀλλ’
909 1747 1037 1813 ἴσως
1054 1750 1123 1805 ἄν
1146 1768 1231 1816 τις
1249 1754 1604 1826 ἐπετίμησεν,
1619 1756 1694 1822 ώς
1711 1759 1852 1830 ὐπέρ
1879 1742 2010 1813 ἐαυέ

432 1827 528 1882 τοῦ
557 1832 865 1904 ποιουμένῳ
893 1835 985 1888 τὸν
1000 1836 1187 1907 λόγον’
1222 1840 1318 1895 νῦν
1346 1842 1403 1896 δὲ
1437 1845 1578 1917 ὑπὲρ
1603 1846 1711 1900 τῶν
1740 1827 2011 1921 δεομένων

431 1919 531 1991 τὴν
564 1921 843 1994 ἱκετηρίαν
867 1925 1075 1998 τίθημι,
1111 1931 1312 2000 μᾶλλον
1338 1933 1393 1987 δέ
1419 1937 1516 2006 οὐχ
1546 1937 1687 2009 ὐπέρ
1713 1940 1822 1994 τῶν
1837 1919 2010 2012 Ὗδεομέ

432 2031 562 2082 νων,
586 2015 701 2069 ἀλλ’
740 2017 882 2090 ὑπὲρ
902 2019 1059 2091 ὑμῶν
1085 2022 1193 2076 τῶν
1225 2026 1574 2097 παρεχόντων
1591 2045 1607 2060 ο
1634 2030 1717 2083 διδ
1736 2032 1832 2085 καὶ
1860 2035 2004 2105 παρ-

432 2107 782 2179 ρησιάζομαι.
811 2111 948 2165 Ποία
977 2113 1085 2184 γάρ
1106 2115 1334 2188 αἰσχύνη
1367 2118 1562 2187 εἰπεῖν,
1590 2120 1688 2186 Δδς
1716 2122 1795 2193 τῷ
1816 2125 2009 2197 Κυρίῳ

432 2199 708 2266 πεινῶντι,
738 2202 958 2258 ἐνδυσον
990 2206 1151 2261 αὐτὸν
1173 2208 1380 2279 γυμνὸν
1407 2213 1709 2284 περιιόντα,
1751 2217 2005 2285 ὑπόδεξαι

431 2288 580 2355 ξένον
601 2291 771 2360 ὄντας
813 2293 872 2348 '0
896 2296 1174 2368 Δεσπότης
1203 2316 1296 2353 σου
1324 2303 1425 2357 οὐκ
1452 2305 1767 2375 αἰσχύνεται
1795 2309 1889 2361 ἐπὶ
1908 2311 2004 2380 τῆς

427 2383 753 2456 οἰκουμένης
783 2384 956 2440 ταῦτα
974 2387 1148 2457 λέγων
1167 2404 1182 2418 ·
1224 2389 1571 2461 Ἐπείνασα,
1601 2396 1700 2449 καί
1721 2399 1833 2452 οὐκ
1859 2399 2006 2453 ἑδώ-

427 2475 572 2529 κατέ
594 2494 696 2545 μοι
738 2478 982 2548 φαγεῖν·
1027 2483 1055 2534 ό
1088 2482 1340 2554 ἀνενδεὴς
1370 2485 1464 2538 καί
1495 2486 1725 2557 μηδενὸς
1751 2489 2001 2561 χρῄζων⁸

427 2568 523 2621 καὶ
568 2568 680 2637 ἐγὼ
723 2570 1085 2644 αἰσχυνοῦμαι
1126 2576 1222 2629 καὶ
1250 2576 1503 2648 όκνήσω;
1541 2580 1788 2650 ’Δπαγε-
1821 2583 2004 2637 διαϐο-

426 2655 584 2728 λικῆς
611 2658 903 2731 ἐπιϐουλῆς
935 2662 1075 2733 αῦτη
1114 2665 1148 2736 ή
1174 2665 1425 2736 αἰσχύνη.
1461 2668 1535 2720 Οὐ
1566 2669 1746 2724 τοίνυν
1779 2672 2001 2743 αίσχυν-

425 2747 683 2819 θήσομαι,
715 2749 851 2804 ἀλλά
894 2752 988 2805 καὶ
1032 2754 1174 2824 μετά
1213 2756 1527 2827 παρρησίας
1566 2760 1695 2830 ἐρῶ’
1736 2761 1866 2815 Δότε
1891 2766 2009 2827 τοίς

422 2839 716 2910 δεομένοις,
751 2842 842 2895 καί
872 2843 1009 2913 μετά
1044 2846 1310 2912 πλείονος,
1339 2850 1373 2920 ἢ
1417 2852 1468 2903 οἰ
1497 2850 1760 2919 δεόμενοι,
1791 2855 1998 2926 φωνῆς.

424 2929 489 2981 Et
515 2928 614 2998 μὲν
639 2929 747 3002 γάρ
768 2930 880 3001 ἔχει
915 2949 1002 2996 τις
1026 2933 1194 3000 δεῖξαι
1225 2938 1321 2992 καλ⁸
1347 2938 1587 3009 ἐλέγξαι,
1609 2944 1692 2997 ὅτι
1717 2945 1887 2999 ταῦτα
1916 2947 2002 3001 λέ-

421 3036 631 3087 γοντες,
663 3022 798 3093 πρὸς
820 3024 1048 3089 ἐαυτοὺς
1066 3026 1210 3098 ὑμᾶς
1234 3029 1489 3101 ἕλκομεν,
1523 3035 1618 3087 καὶ
1649 3039 1999 3110 προσχήματι

419 3112 528 3166 τῶν
561 3116 809 3185 πενήτων
839 3116 994 3171 αὐτοὶ
1034 3119 1411 3193 κερδαίνομεν,
1445 3125 1546 3178 οὐκ
1578 3128 1842 3201 αἰσχύνης
1872 3131 2000 3196 ἄξια

418 3204 593 3260 ταῦτα
622 3207 802 3277 μόνον,
843 3208 981 3263 ἀλλά
1017 3213 1109 3264 καὶ
1167 3213 1376 3285 μυρίων
1416 3220 1723 3289 κεραυνῶν,
1752 3225 1846 3275 καὶ⁸
1876 3224 1999 3279 οὐδέ

418 3297 518 3370 ζῇν
564 3299 712 3366 ἀξιον
744 3302 869 3365 τοὺς
896 3302 965 3356 τά
994 3302 1221 3357 τοιαῦτα
1252 3305 1545 3373 ποιοῦντας
1565 3325 1580 3341 ο
1617 3312 1665 3364 εἰ
1699 3312 1757 3366 δὲ
1800 3317 1869 3385 τῇ
1899 3315 1995 3369 τοῦ

415 3390 553 3443 Θεοῦ
606 3392 787 3463 χάριτι
833 3393 982 3448 οὐδὲν
1030 3395 1172 3468 ὺπέρ
1225 3397 1436 3451 ἑαυτῶν
1482 3402 1828 3473 ἐνοχλοῦμεν,
1878 3407 1996 3461 ἀλλ’

415 3482 691 3537 ἀδάπανον
718 3485 845 3555 ὑμῖν
888 3485 947 3539 τὸ
979 3487 1313 3557 Εὐαγγέλιον
1358 3490 1659 3565 ἐθήκαμεν,
1704 3500 1996 3568 πονοῦντες

419 3572 521 3641 μὲν
550 3572 799 3643 οὐδαμῶς
826 3573 1076 3647 καθάπερ
1111 3576 1262 3652 [402]
1292 3578 1523 3644 Παῦλος,
1549 3585 1663 3646 τοῖς
1695 3583 1752 3636 δέ
1771 3586 1996 3652 οἰκείοις

415 3663 766 3736 ἀρκούμενοι,
808 3667 947 3734 μετὰ
982 3669 1295 3740 παρρησίας
1341 3672 1524 3746 πάσης
1552 3675 1687 3745 ἐρῶ·
1720 3678 1851 3732 Δότε
1881 3683 1993 3746 τοῖς

415 3755 712 3826 δεομένοις,
756 3759 850 3811 καὶ
886 3759 947 3813 οὐ
999 3761 1273 3834 παύσομαι
1319 3764 1479 3819 τοῦτο
1522 3767 1719 3837 λέγων,
1781 3773 1876 3826 καί
1916 3774 1991 3846 μὴ

416 3846 667 3901 διδόντων
710 3849 903 3921 έσομαι
948 3852 1182 3922 χαλεπὸς
1236 3858 1563 3930 κατήγορος.
1625 3862 1736 3916 Kal
1783 3864 1890 3936 γάρ
1942 3867 1992 3919 εἰ

420 3939 725 4011 στρατηγὸς
789 3941 936 4012 ήμην
984 3944 1080 3997 καὶ
1137 3947 1474 4017 στρατιώτας
1537 3947 1705 4022 εἶχον,
1766 3955 1868 4008 οὐκ
1924 3956 1993 4010 ἂν

416 4030 690 4103 ᾐσχύνθην
724 4035 836 4097 τοῖς
883 4034 1245 4104 στρατιώταις
1291 4040 1498 4110 τροφάς
1540 4043 1727 4101 αίτῶν.
1779 4047 1991 4120 Σφόδρα

415 4120 526 4191 γὰρ
567 4122 676 4194 ἐρῶ
708 4123 809 4194 τῆς
851 4126 1125 4198 σωτηρίας
1149 4128 1250 4199 τῆς
1279 4130 1572 4203 ὑμετέρας.
1614 4135 1755 4189 Ἀλλ’
1782 4139 1869 4191 ἵνα
1894 4141 1989 4193 καὶ

415 4210 802 4282 ἐνεργέστερος
834 4216 862 4267 ό
895 4213 1051 4283 λόγος
1078 4217 1302 4289 γένηται
1332 4221 1428 4275 καὶ
1474 4222 1802 4299 δραστήριος
1847 4229 1987 4300 μᾶλ-

413 4298 526 4363 λον,
574 4299 786 4355 Παῦλον
838 4304 1194 4374 παραστάτην
1243 4306 1444 4376 λαϐὼν,
1474 4312 1593 4381 μετ’
1621 4298 1829 4369 ἐκείνου
1851 4298 1986 4373 δια-

412 4390 635 4462 λέξομαι
656 4391 854 4461 λέγων’
881 4394 1183 4463 ’Ἕκαστος
1203 4399 1371 4467 ὑμῶν
1393 4404 1528 4471 παρ’
1545 4404 1733 4473 ἐαυτῷ
1762 4411 1983 4477 τιθέτω,

412 4484 786 4570 θησαυρίζων
829 4485 863 4539 ὅ
895 4503 949 4540 τι
977 4485 1054 4541 ἂν
1097 4489 1402 4547 εὐοδῶται.
1446 4496 1644 4551 Σκόπει
1682 4500 1790 4572 γὰρ
1818 4504 1984 4559 αὐτοῦ

413 4563 708 4628 κάντεῦθεν
750 4576 812 4628 τὸ
859 4577 1196 4647 ἀνεπαχθές*
1227 4581 1327 4635 οὐκ
1369 4578 1513 4646 εἶπε,
1563 4563 1786 4644 Τοσόνδε
1835 4593 1986 4664 ἢτοο

413 4662 582 4725 σόνδε,
617 4663 732 4718 ἀλλ’
765 4666 835 4718 ’⁸0
865 4683 916 4720 τι
962 4664 1038 4719 ἂν
1071 4666 1377 4725 εὐοδῶται.
1406 4672 1514 4726 εἴτε
1552 4677 1707 4743 πολὺ,
1739 4662 1986 4736 είτεόλί-

410 4769 536 4822 γον·
561 4756 655 4808 καὶ
684 4757 784 4810 οὐκ
808 4751 981 4822 εἶπεν,
1016 4756 1081 4811 ’Ὀ
1106 4774 1158 4811 τι
1182 4759 1249 4813 ἀν
1273 4776 1355 4825 τις
1384 4763 1638 4837 κερδάνῃ,
1666 4768 1802 4836 ἀλλ’,
1834 4774 1904 4825 ’⁸0
1930 4791 1983 4827 τι

408 4844 488 4898 ἄν
522 4847 809 4918 εὐοδωθῇ,
842 4850 1056 4916 δεικνὺς
1079 4852 1161 4907 ὅτι
1191 4852 1341 4926 παρά
1364 4854 1456 4908 τοῦ
1498 4856 1634 4912 Θεοῦ
1666 4863 1699 4932 ή
1724 4867 1979 4936 χορηγία.

409 4933 486 4987 οὐ
514 4936 685 5008 ταύτῃ
713 4938 768 4991 δὲ
788 4940 968 5009 μόνον,
993 4942 1130 4996 ἀλλά
1152 4946 1247 4999 καὶ
1275 4945 1354 5017 τῷ
1386 4946 1462 5019 μὴ
1487 4948 1567 5004 ὲνί
1584 4952 1760 5026 χρόνῳ
1779 4933 1981 5012 τὸνπᾶν

408 5021 664 5077 κελεῦσαι
687 5027 1036 5094 καταϐαλεῖν,
1080 5032 1269 5101 ῥᾳδίαν
1297 5040 1442 5091 ποιεῖ
1481 5021 1911 5116 τὴνσυμϐουλήν
1929 5060 1977 5088 ει·

405 5112 486 5185 τῷ
525 5113 633 5185 γὰρ
685 5113 827 5168 κατά
884 5118 1079 5207 μικρὸν
1126 5121 1480 5191 συλλέγεσθαι
1520 5112 1978 5207 ἀνεπαίσθητθςή

405 5203 718 5276 λειτουργία
761 5206 913 5276 καλή
946 5205 1181 5277 δαπάνη.
1213 5209 1313 5263 Διά
1335 5210 1400 5283 δὴ
1431 5216 1589 5270 τοῦτο
1614 5220 1734 5273 οὐδὲ
1778 5203 1978 5290 εὐθέως

405 5295 618 5351 κελεύει
652 5297 733 5362 εἰς
768 5296 934 5369 μέσον
971 5297 1224 5368 ἀγαγεῖν,
1261 5302 1396 5357 ἀλλά
1433 5306 1632 5376 πολλὴν
1662 5311 1843 5366 δίδωσι
1880 5314 1979 5387 τήν

407 5388 769 5459 προθεσμίαν,
804 5388 900 5445 καὶ
933 5390 1037 5461 τὴν
1075 5392 1256 5447 αἰτίαν
1281 5394 1451 5460 τιθείς
1480 5413 1669 5468 φησιν*
1706 5403 1837 5458 ἰνα
1865 5407 1973 5475 μὴ,

404 5470 551 5526 ὅταν
577 5475 755 5540 ἔλθω,
781 5478 913 5534 τότε
945 5480 1143 5550 λογίαι
1180 5484 1826 5559 γίνωνταιμτουτέστιν,
1859 5470 1977 5551 ⁵1νᾷ

408 5560 484 5631 μὴ
531 5564 589 5615 ἐν
610 5566 688 5637 τῷ
729 5571 907 5643 καιρῷ
930 5573 1032 5641 τῆς
1088 5575 1367 5649 εἰσφορᾶς,
1418 5580 1537 5633 τότε
1594 5583 1974 5655 ἀναγκάζησθε

407 5651 700 5721 συλλέγειν.
734 5660 843 5713 Kal
867 5662 1024 5716 τοῦτο
1049 5666 1105 5718 δέ
1135 5667 1234 5738 οὐχ
1267 5669 1343 5733 ὡς
1376 5668 1563 5741 ἔτυχεν
1587 5651 1780 5738 αὐτοὺς
1813 5651 1973 5733 πάλιν

408 5743 737 5816 προέτρεψεν
758 5752 821 5817 ’ή
850 5751 956 5822 γὰρ
982 5756 1272 5825 προσδοκία
1296 5760 1505 5815 Παύλου
1537 5765 1973 5837 προθυμοτέρους

1168 237 1226 295 S.
1267 238 1550 300 JOANNIS
1588 246 2068 313 CHRYSOSTOMI
2108 261 2432 323 ARCHIEP.
2473 265 3024 333 CONSTANTINOP.

3608 283 3723 340 ἶρἸῆ

2132 381 2330 450 αὐτοὺς
2374 390 2566 447 ἐποίει.
2621 394 2812 448 Ὅταν
2852 391 2928 446 δὲ
2965 392 3141 456 ἔλθω,
3178 393 3286 460 οὒς
3319 392 3427 449 ἐὰν
3469 394 3711 467 δοκιμά-

2130 487 2300 541 σητε.
2339 478 2415 532 δι’
2451 482 2793 538 ἐπιστολῶν
2833 484 3087 549 τούτους
3118 482 3332 554 πέμψω
3357 486 3712 557 ἀπενεγκεῖν

2129 564 2246 630 τὴν
2277 566 2453 636 χάριν
2489 572 2657 641 ὑμῶν
2702 576 2791 640 εἰς
2825 573 3247 644 Ἰερουσαλήμ.
3281 572 3599 643 Οὐκεῖπεν,
3649 580 3710 635 '0

2127 650 2273 705 δεῖνα
2304 657 2397 709 καὶ
2421 659 2449 711 ό
2468 658 2636 727 δεῖνα,
2665 661 2802 728 ἀλλ’,
2831 663 2952 729 Οὓς
2980 662 3094 717 ἐὰν
3117 663 3290 733 ὑμεῖς
3315 665 3704 736 δοκιμάσητε,

2126 737 2222 804 οὓς
2264 741 2360 797 ἐὰν
2389 744 2606 815 ἕλησθε,
2652 747 2794 801 ὥστε
2844 748 3163 804 ἀνύποπτον
3195 751 3419 822 ποιῆσαι
3450 752 3551 823 τὴν
3593 753 3704 807 λει-
3781 795 3791 803 .

2123 832 2409 901 τουργίαν.
2465 836 2556 888 Διὸ
2602 836 2803 899 αὐτῶν,
2830 841 3066 892 ποιεῖται
3117 839 3215 910 τὴν
3244 838 3424 909 ψῆφον
3458 844 3558 911 τῆς
3594 841 3706 895 τῶν

2122 919 2572 995 ἀποκομιζόντων
2616 929 2904 1000 αἱρέσεως,
2949 930 3024 984 Οὐ
3056 930 3166 1003 γὰρ
3210 931 3384 1002 δήπου
3413 933 3595 1002 φησίν·
3637 935 3702 987 Ἦ

2124 1009 2226 1079 μὲν
2269 1014 2499 1086 εἰσφορά
2542 1016 2716 1089 ὑμῶν,
2775 1021 2813 1090 ή
2855 1019 3162 1086 δέςέξουσία
3197 1020 3299 1091 τῆς
3331 1021 3565 1092 ἐκλογῆς
3591 1022 3702 1077 τῶν

2120 1099 2715 1179 ἀποκομιζόντων,ςούχ
2753 1109 2928 1180 ὑμῶν.
2965 1106 3099 1164 Εἶτα
3125 1111 3216 1165 ἵνα
3247 1110 3323 1182 μή
3352 1112 3534 1175 αὐτοῖς
3564 1112 3699 1165 ἀπο-

2118 1191 2487 1263 λιμπάνεσθαι
2516 1198 2665 1281 δόξῃ.
2691 1201 2760 1255 τὰ
2788 1202 3094 1275 γράμματα
3127 1201 3473 1273 προστίθησι,
3502 1202 3696 1273 λέγων’

2121 1282 2241 1351 Οὓς
2269 1286 2377 1340 ἐὰν
2407 1288 2796 1360 δοκιμάσητε,
2839 1292 2914 1346 δι’
2951 1292 3293 1348 ἐπιστολῶν
3323 1293 3554 1363 πέμψω.
3607 1295 3697 1359 Ὠς

2116 1373 2184 1427 ἂν
2202 1376 2251 1428 εί
2295 1376 2503 1447 ἐλεγεν,
2553 1381 2636 1434 ὅτι
2673 1382 2846 1452 Κάγὼ
2873 1385 3168 1455 συνέσομαι
3208 1385 3415 1447 αὐτοῖς,
3447 1385 3540 1438 καὶ
3578 1402 3694 1439 acol-

2116 1467 2342 1537 νωνήσω
2374 1467 2474 1538 τῆς
2520 1469 2862 1544 λειτουργίας
2904 1472 2992 1526 διὰ
3019 1473 3129 1526 τῶν
3181 1474 3545 1545 γραμμάτων.
3583 1475 3696 1529 Kal

2114 1556 2217 1610 οὐκ
2254 1555 2398 1623 εἶπε,
2431 1561 2668 1629 Τούτους
2709 1565 2913 1637 πέμψω
2945 1564 3285 1636 ἀπενεγκεῖν.
3310 1568 3419 1638 τὴν
3464 1568 3694 1639 ἐλεημοο

2117 1644 2283 1718 σύνην
2305 1648 2476 1719 ὑμῶν,
2498 1651 2654 1717 ἀλλά,
2674 1654 2792 1722 Τὴν
2809 1654 2987 1724 χάριν
3004 1655 3191 1726 ὑμῶν,
3211 1658 3297 1711 ἵνα
3314 1656 3461 1731 δείξῃ
3485 1656 3714 1728 μεγάλα.

2114 1741 2538 1816 ἐργαζομένους,
2568 1751 2656 1806 ἵνα
2701 1752 2851 1826 δείξῃ
2888 1754 3087 1817 αὐτοὺς
3129 1753 3531 1825 κερδαίνοντας.
3570 1754 3687 1808 Ἀλ-

2114 1835 2277 1906 λαχοῦ
2308 1837 2365 1891 δὲ
2404 1842 2499 1895 καί⁵
2542 1842 2793 1912 εὐλογίαν
2840 1846 2934 1899 καὶ
2963 1847 3246 1900 κοινωνίαν
3275 1845 3448 1899 καλεῖ·
3472 1846 3533 1898 τὸ
3567 1845 3688 1916 μὲν,

2116 1924 2204 1980 ἵνα
2237 1928 2311 2000 μή
2342 1931 2747 2006 ρᾳθυμοτέρους
2786 1938 3008 2009 ποιήσῃ,
3037 1937 3099 1990 τὸ
3143 1936 3220 2002 δέ,
3254 1937 3341 1990 ἵνα
3372 1935 3448 2007 μὴ
3473 1937 3685 2008 ἐπάρῃ·

2113 2019 2350 2091 οὐδαμοῦ
2383 2023 2569 2094 μέντοι
2604 2042 2670 2091 γε
2707 2027 3076 2099 ἐλεημοσύνην
3119 2027 3429 2097 ὠνόμασεν.
3456 2025 3598 2080 ἐὰν
3619 2026 3695 2079 δὲ

2111 2105 2160 2182 ᾖ.
2187 2110 2361 2176 ἄξιον
2389 2115 2495 2170 τοῦ
2532 2116 2684 2186 κάμὲ
2721 2120 3102 2187 πορεύεσθαι,
3138 2119 3262 2173 σὺν
3301 2118 3439 2188 ἐμοὶ
3476 2118 3689 2187 πορεύ-

2112 2218 2345 2259 σονται.
2406 2207 2672 2262 Ἐνταῦθα
2703 2210 2864 2264 πάλιν
2891 2210 2970 2274 εἰς
2998 2210 3280 2281 δαψίλειαν
3322 2211 3521 2274 αὐτοὺς
3549 2226 3687 2281 προ-

2109 2295 2321 2365 τρέπει.
2361 2298 2487 2352 Ἐἀν
2507 2299 2617 2370 γὰρ
2640 2299 2894 2353 τοσοῦτον
2912 2296 2971 2371 ᾗ,
2996 2301 3181 2371 φησὶν,
3201 2301 3277 2364 ὡς
3298 2300 3394 2354 καί.
3419 2300 3519 2371 τῆς
3547 2302 3688 2372 ἐμῆς

2109 2384 2324 2440 δεῖσθαι
2349 2390 2677 2461 παρουσίας,
2702 2392 2831 2445 ούδέ-
2865 2390 3025 2445 τοῦτο
3066 2394 3498 2463 παραιτήσομαι.
3545 2391 3684 2445 Ἀλλ’

2109 2477 2314 2542 εὐθέως
2373 2481 2472 2549 μὲν
2512 2481 2670 2535 τοῦτο
2730 2484 2831 2537 οὐκ
2881 2483 3276 2555 ἐπηγγείλατο,
3331 2485 3454 2538 οὐδὲ
3507 2481 3711 2548 εἷπεν,,

2122 2565 2371 2623 Ἐπειδὰν
2409 2572 2829 2643 παραγένωμαι,
2868 2573 2979 2642 ἐγὼ
3014 2574 3364 2644 ἀποκομίςω·
3416 2574 3539 2627 οὐδὲ
3574 2574 3705 2646 γάρρ

2107 2655 2175 2709 ἂν
2211 2658 2384 2723 οὕτως
2410 2660 2543 2714 αὐτὸ
2569 2662 2909 2734 ηὖξησεν,,εἰ
2948 2663 3020 2728 ἐξ.
3033 2663 3209 2735 ἀρχῆς
3239 2664 3370 2718 αὐτὸ
3404 2664 3646 2718 τέθεικεν
3663 2680 3689 2696 οη

2109 2746 2332 2820 ὕστερον
2358 2753 2543 2820 μέντοι
2563 2753 2744 2818 καλῶς
2765 2754 2862 2808 καὶ
2883 2755 3154 2827 εὐκαίρως
3180 2756 3311 2809 αὐτὸ
3334 2756 3678 2827 προστίθησι.

2107 2840 2204 2893 Διά
2233 2840 2298 2910 δή
2325 2842 2482 2896 τοῦτο
2507 2844 2610 2897 οὐκ
2641 2845 2845 2909 εὐθέως
2886 2845 3035 2919 [405]
3056 2846 3363 2918 ὑπέσχετο,
3394 2846 3520 2900 οὐτε
3550 2847 3682 2900 καθ-

2106 2930 2255 2996 άπαξ
2297 2932 2439 2986 αὐτὸ.
2477 2934 2887 3007 ἀπεσιώπησεν,
2939 2938 3054 2992 ἀλλ’
3104 2937 3296 3003 εἰπὼν,
3326 2937 3678 3008 ὃτιΠέμψ-ω,

2104 3022 2228 3076 τότε
2277 3025 2375 3079 καὶ
2416 3026 2611 3080 ἑαυτὸν
2637 3028 2983 3101 προστίθησι.
3016 3030 3129 3083 Καὶ
3168 3029 3409 3085 ἐνταῦθα
3439 3031 3693 3086 δὲ.πάλιν.

2105 3109 2329 3179 κυρίους
2387 3113 2582 3178 αὐτοὺς
2632 3115 2888 3185 ἐποίησεν
2943 3118 3003 3170 ἐν
3053 3117 3131 3190 τῷ
3197 3120 3396 3175 εἰπεῖν’
3453 3121 3596 3175 Ἐὰν

2104 3198 2278 3264 ἄξιον
2296 3202 2403 3256 τοῦ
2436 3204 2589 3275 κάμὲ
2624 3208 2988 3274 πορεύεσθαι
3008 3223 3022 3240 ο
3056 3208 3217 3263 τοῦτο
3251 3211 3308 3264 δέ
3335 3212 3422 3265 ἐπ’
3452 3211 3682 3274 ἐκείνοις

2103 3290 2302 3358 ἔκειτο,
2328 3295 2386 3348 τὸ
2414 3295 2547 3349 πολὺ
2575 3297 2801 3368 ποιῆσαι
2829 3299 2889 3352 τὸ
2922 3300 3334 3372 συλλεγόμενον,
3366 3304 3460 3358 καὶ
3491 3302 3679 3357 τοσοῦ·

2102 3401 2213 3449 τον,
2261 3386 2336 3450 ὡς
2387 3388 2708 3459 δυσωπῆσαι
2752 3391 2846 3444 καὶ
2888 3393 3052 3447 αὐτὸν
3110 3394 3428 3465 ἀναστῆναι.
3477 3395 3680 3450 Ἐλεύ-

2101 3491 2281 3546 σομαι
2327 3478 2397 3531 δὲ
2450 3478 2601 3549 πρὸς
2653 3480 2829 3548 ὑμᾶς,
2881 3483 3068 3555 φησὶν,
3114 3484 3261 3538 ὅταν
3303 3485 3678 3542 Μακεδονίαν

2100 3566 2333 3624 διέλθω.
2385 3565 2520 3624 Εἷπε
2573 3573 2667 3626 καὶ
2705 3573 2963 3647 ἀνωτέρω
3016 3575 3198 3641 τοῦτο,
3240 3577 3375 3632 ἀλλά
3405 3580 3524 3632 τότε
3570 3579 3673 3649 μὲν

2104 3660 2243 3731 μετά
2295 3661 2498 3732 θυμοῦ·
2551 3664 2862 3736 προσέθηκε
2896 3667 3049 3736 γοῦν⁸
3090 3668 3200 3724 Καὶ
3250 3668 3561 3740 γνώσομαι.
3596 3671 3671 3724 οὐ

2100 3752 2207 3806 τὸν
2239 3756 2428 3826 λόγον
2472 3754 2591 3809 τῶν
2621 3760 3114 3829 πεφυσιωμένων,
3144 3762 3319 3817 ἀλλὰ.
3349 3761 3463 3830 τὴν
3491 3761 3677 3816 δύνα-

2094 3861 2235 3914 μιν⁸
2268 3845 2502 3900 ἐνταῦθα
2536 3846 2593 3900 δὲ
2624 3849 3082 3922 προσηνέστερον,
3114 3851 3203 3905 ἵνα
3233 3852 3329 3905 καὶ
3366 3852 3673 3923 ποθήσωσιν

2099 3937 2264 3991 αὐτοῦ
2299 3938 2395 4010 τὴν
2427 3940 2752 4012 παρουσίαν.
2795 3938 2950 4009 Εἶτα,
2992 3944 3082 3999 ἵνα
3122 3943 3454 4016 μὴλέγωσισ
3484 3942 3671 3999 Τίοῦν

2097 4026 2417 4091 Μακεδόνας
2456 4030 2615 4099 ήμῶν
2679 4032 2988 4101 προτιμᾷς.;
3036 4031 3136 4085 οὐκ
3187 4028 3362 4097 εἶπεν,
3424 4030 3671 4085 Ἐπειδὰν

2096 4116 2338 4182 ἀπέλθω,
2372 4119 2510 4185 ἀλλ’,
2554 4121 2831 4177 Ἐπειδὰν
2861 4122 3073 4177 διέλθω
3116 4123 3511 4179 Μακεδονίαν.
3546 4126 3670 4179 Μα-

2095 4208 2377 4264 κεδονίαν
2410 4211 2520 4281 γὰρ
2545 4212 2948 4283 διελεύσομαι.
2978 4215 3135 4283 Πρὸς
3178 4212 3332 4284 ὑμᾶς
3376 4213 3445 4268 δὲ
3485 4213 3672 4284 τυχὸν

2094 4305 2437 4372 Παραμενῶ,
2488 4303 2528 4371 ἢ
2568 4306 2666 4359 καὶ
2716 4306 3164 4376 παραχειμάσω.
3215 4306 3349 4360 Οὐδέ
3401 4306 3510 4377 γάρ
3545 4304 3669 4359 ὁδοῦ

2096 4392 2357 4466 βούλομαι
2383 4396 2714 4467 ποιήσασθαι
2744 4397 3021 4468 πάρεργον
3060 4398 3226 4469 ὑμᾶς,
3259 4397 3373 4451 ἀλλ’
3403 4396 3677 4468 ἐνδιατρί-

2092 4485 2194 4555 ψαι
2234 4487 2329 4539 καὶ
2357 4490 2717 4559 παραμεῖναι.
2751 4489 2881 4542 Ὅτε
2903 4489 3012 4560 γὰρ
3036 4489 3208 4543 ταῦτα
3237 4488 3579 4555 ἐπέστελλεν,
3610 4491 3671 4542 ἐν

2105 4577 2315 4650 Ἐφέσῳ
2348 4575 2434 4650 ῆν,
2468 4580 2734 4651 χειμῶνος
2766 4581 2938 4645 ὄντος.
2980 4580 3144 4650 Λέγει
3164 4582 3364 4647 τοίνυν,
3397 4583 3480 4634 ὅτι
3517 4583 3677 4649 Ἕως,

2090 4671 2513 4741 Πεντηκοστῆς
2555 4673 2623 4726 ἐν
2659 4672 2892 4742 Ἐφέσῳ
2924 4673 3211 4741 ἐπιμενῶ·
3248 4674 3386 4744 μετά
3409 4673 3465 4726 δέ
3495 4673 3668 4728 ταῦτα

2091 4763 2460 4834 ἀπελεύσομαι
2511 4766 2591 4828 εἰς
2630 4764 2993 4826 Μακεδονίαν.
3044 4765 3141 4818 καὶ
3198 4766 3424 4821 διελθὼν
3474 4766 3665 4836 αὐτὴν,

2088 4853 2205 4926 ἥξω
2258 4855 2394 4927 πρὸς
2440 4856 2583 4927 ὑμᾶς
2635 4857 2732 4909 τοῦ
2782 4856 3011 4928 θέρουςσ
3070 4856 3329 4922 πολλάκις
3361 4857 3537 4913 δὲκαὶ
3575 4860 3673 4913 τὸν

2089 4947 2332 5018 χειμῶνα
2357 4947 2493 5020 πρὸς
2520 4948 2667 5018 ὑμᾶς
2691 4951 2919 5019 ποιήσω.

2158 5036 2226 5107 γ’.
2261 5039 2418 5103 Τίνος
2448 5038 2505 5092 δέ
2539 5038 2722 5093 ἕνεκεν
2759 5034 2902 5104 εἷπε,
2956 5042 3170 5113 Τυχόν,
3198 5042 3293 5096 καί
3321 5042 3422 5096 οὐκ
3449 5043 3665 5116 ἀπεφήο

2087 5144 2249 5191 νατο;
2280 5128 2403 5183 Ὀτι
2432 5129 2492 5182 οὐ
2529 5129 2707 5184 πάντα
2732 5131 2957 5203 προῄδει
2978 5132 3213 5197 Παῦλος,
3232 5133 3328 5186 καὶ
3358 5133 3663 5205 συμφερόνο

2084 5236 2211 5283 τως.
2235 5219 2335 5272 Διά
2355 5220 2514 5274 τοῦτο
2532 5221 2651 5274 οὐδὲ
2678 5222 2865 5287 ἁπλῶς
2890 5225 3277 5294 ἀποφαίνεται,
3308 5226 3416 5291 ἵνα,
3445 5226 3551 5280 κᾶν
3586 5227 3662 5299 μή

2086 5311 2331 5382 γένηται,
2353 5311 2452 5383 ἔχῃ
2482 5314 2835 5385 καταφυγήν,
2863 5316 2982 5369 τότε
3010 5316 3329 5388 ἀδιορίστως
3353 5319 3659 5388 προειπεῖν,

2083 5402 2179 5455 καὶ
2232 5400 2330 5473 τὴν
2377 5401 2470 5455 τοῦ
2522 5404 2838 5476 Πνεύματος
2891 5405 3142 5473 ἐξουσίαν
3183 5408 3422 5476 ἄγουσαν
3476 5408 3657 5473 αὐτὸν,

2081 5491 2328 5561 ὅπουπερ
2366 5490 2636 5558 ἐϐούλετο,
2666 5495 2766 5550 οὐκ
2811 5495 2940 5550 ἔνθα
2980 5497 3142 5561 αὐτὸς
3184 5498 3482 5569 ἐπεθύμει·
3509 5499 3539 5552 ὃ
3565 5499 3661 5553 καὶ

2080 5585 2139 5637 ἐν
2187 5586 2255 5655 τῇ
2303 5583 2535 5657 δευτέρᾳ
2576 5587 2791 5659 τίθησιν
2831 5590 3142 5662 Ἐπιστολῇ,
3184 5591 3284 5661 τῆς
3345 5591 3656 5681 μελλήσεως

2142 5719 2685 5790 ξιὲενίιίιιείοεειιᾶυω
2723 5728 3003 5789 suspicatur
3019 5727 3109 5783 τὴν
3146 5726 3407 5790 συμῦολήν,
3451 5734 3507 5778 ει
3539 5729 3649 5778 hanc

2084 5785 2253 5847 utique
2274 5795 2387 5833 vera
2410 5784 2556 5833 Icclio
2582 5793 2672 5834 est.
