4138 6220
445 361 552 418 369

440 479 623 527 manet
645 469 860 540 quidem
886 465 1218 540 symbolum,
1261 479 1347 520 res
1385 474 1562 520 autem
1609 477 1870 533 nusquam
1919 469 2020 516 est.

441 566 506 620 Et
534 564 650 619 seio
671 561 912 632 quidem,
937 558 1079 630 quod
1103 556 1254 612 multi
1281 572 1347 612 ex
1376 557 1440 610 iis
1460 597 1475 622 ,
1503 556 1592 628 qui
1619 570 1721 609 una
1746 553 1984 610 assident
2006 593 2021 617 ,

438 670 536 709 nos
563 667 750 708 rursus
792 648 1232 720 reprehendent,
1283 662 1405 702 cum
1454 647 1520 700 de
1563 645 1647 700 his
1699 644 2026 700 disseramus

383 806 388 810 ,
433 746 684 801 dicentes
715 759 729 795 :
761 741 860 804 Ne,
902 756 1056 812 rogo,
1085 755 1153 795 ne
1179 739 1253 794 sis
1277 738 1452 808 gravis
1475 747 1531 792 et
1574 736 1831 791 molestus
1877 733 2025 788 audi-

435 835 664 900 toribus,
697 833 792 888 sed
823 831 1072 904 permitte
1098 829 1266 886 libero
1297 828 1524 884 arbitrio
1552 838 1605 882 et
1626 825 1890 881 voluntati
1929 841 2026 879 au~

433 929 710 991 ditorum;
758 940 879 980 nam
935 937 1076 978 nunc
1119 921 1337 993 quidem
1388 935 1486 975 nos
1525 919 1730 990 pudore
1778 915 1946 971 amcis
1971 924 2026 970 et

435 1021 756 1077 erubescere
785 1017 934 1088 cogis
963 1034 975 1069 :
1010 1015 1104 1072 sed
1133 1015 1248 1070 hzec
1290 1014 1450 1070 verba
1482 1029 1586 1068 non
1620 1013 1808 1067 feram.
1840 1009 2023 1079 Neque

431 1115 580 1170 enim
598 1111 818 1167 Paulum
838 1110 1063 1180 pudebat
1083 1123 1180 1180 pro
1190 1108 1272 1163 bis
1285 1106 1500 1163 assidue
1515 1120 1634 1160 esse
1649 1104 1950 1165 molestum,
1970 1109 2024 1156 et

431 1206 852 1262 mendicantium
871 1218 1020 1258 more
1034 1202 1196 1271 loqui.
1215 1200 1346 1254 Nam
1363 1199 1406 1253 si
1419 1197 1522 1253 hoc
1537 1195 1877 1262 dicerem,Da
1891 1193 2019 1248 mihi

431 1306 486 1351 ct
509 1295 783 1364 deponein
813 1294 947 1347 meis
972 1291 1199 1355 aedibus,
1219 1288 1522 1360 pudendum
1553 1286 1690 1342 forte
1713 1295 1857 1340 esset
1874 1283 2017 1354 quod

429 1390 702 1453 dicerem;
734 1386 841 1440 itno
869 1399 996 1439 vero
1024 1398 1093 1438 ne
1122 1393 1249 1438 tunc
1273 1381 1487 1451 quidem
1519 1397 1531 1431 :
1559 1393 1682 1432 nam
1713 1377 1814 1444 Qui
1843 1376 2014 1439 altari,

430 1482 622 1550 inquit,
643 1479 888 1542 assident,
911 1477 1089 1532 altaris
1112 1485 1224 1530 sunt
1255 1474 1528 1546 participes
1564 1472 1640 1540 (I.
1665 1469 1785 1524 Cor.
1816 1470 1868 1525 9.
1901 1469 2012 1530 I5).

498 1576 552 1629 2.
583 1575 846 1630 Caeterum
887 1569 1114 1626 fortasse
1159 1567 1426 1638 quispiam
1455 1580 1541 1619 me
1569 1561 2010 1632 reprehenderet,

425 1681 488 1726 ut
513 1669 604 1740 qui
632 1683 728 1738 pro
763 1681 848 1720 me
873 1664 1036 1719 verba
1068 1662 1297 1717 facerem
1329 1678 1341 1713 :
1393 1672 1533 1712 nunc
1569 1664 1747 1710 autem
1773 1651 2015 1722 supplico

423 1762 646 1833 quidem
674 1775 772 1831 pro
799 1757 1084 1829 egentibus
1109 1772 1123 1819 ;
1155 1755 1262 1808 imo
1289 1767 1420 1807 vero
1446 1765 1553 1804 non
1585 1764 1684 1818 pro
1709 1746 2010 1817 egentibus,

423 1855 522 1909 sed
559 1869 655 1924 pro
700 1851 850 1906 vobis
897 1850 987 1921 qui
1034 1847 1326 1918 praebetis:
1370 1855 1424 1900 et
1459 1843 1579 1898 ideo
1604 1843 1793 1912 loquor
1821 1841 2009 1896 libere.

422 1947 556 2013 Quis
598 1955 680 1999 est
720 1943 863 1998 enim
902 1940 1074 2012 pudor
1111 1937 1316 2003 dicere,
1351 1937 1422 1990 Da
1468 1934 1696 1989 Domino
1731 1931 2008 1994 esurienti,

423 2040 585 2094 indue
611 2038 760 2092 illum
786 2034 984 2090 nudum
1015 2032 1383 2094 oberrantem,
1417 2027 1609 2098 excipe
1639 2023 2010 2095 peregrinum?

421 2134 541 2188 Non
571 2129 838 2187 erubescit
871 2128 1129 2182 Dominus
1161 2134 1284 2180 tuus
1307 2123 1424 2177 lucc
1453 2121 1633 2177 dicere
1663 2121 1712 2172 in
1737 2118 1867 2172 orbe
1897 2126 2009 2171 ter-

423 2239 630 2288 rarum,
685 2223 902 2285 Esurivi,
952 2230 998 2274 et
1025 2236 1124 2274 non
1153 2218 1363 2272 dedistis
1387 2215 1510 2269 mihi
1538 2215 1672 2281 quod
1702 2211 2009 2266 comederem

419 2314 638 2386 (Matth.
671 2312 762 2367 25.
800 2312 888 2382 42)
921 2329 936 2377 ;
980 2311 1068 2381 qui
1110 2325 1216 2364 non
1249 2316 1364 2362 erat
1396 2305 1654 2375 indigens,
1687 2318 1784 2358 nec
1815 2303 1916 2356 ulla
1949 2317 2008 2356 re

417 2423 556 2476 Opus
585 2405 854 2460 habebat:
884 2415 937 2460 et
963 2419 1066 2474 ego
1091 2403 1410 2458 erubescam
1432 2408 1487 2454 et
1511 2397 1806 2454 dubitabo?
1831 2396 2003 2451 Absit:

411 2497 805 2552 diabolicarum
847 2496 1162 2552 insidiarum
1204 2503 1288 2549 est
1335 2493 1420 2546 hic
1473 2490 1663 2560 pudor.
1715 2488 1832 2542 Non
1877 2503 2006 2559 ergo

406 2588 760 2653 erubescam,
782 2587 878 2642 sed
910 2587 1075 2640 libere
1095 2585 1302 2639 dicam:
1336 2585 1468 2636 Date
1489 2580 1792 2652 egentibus,
1818 2589 1870 2633 et
1894 2593 2006 2632 ma-

409 2679 522 2747 jori
561 2694 691 2734 voce
729 2693 888 2749 quam
937 2677 1026 2747 qui
1067 2685 1248 2746 egent.
1293 2673 1427 2729 Nam
1453 2674 1496 2726 si
1529 2673 1790 2742 quispiam
1825 2678 2006 2740 posset

415 2772 703 2826 ostendere
745 2780 800 2825 et
842 2771 1108 2839 probare,
1158 2766 1302 2836 quod
1336 2766 1452 2820 haec
1482 2766 1752 2829 dicentes,
1798 2763 1863 2817 ad
1905 2777 2003 2816 nos

409 2865 566 2932 ipsos
594 2863 949 2927 traheremus,
992 2869 1046 2915 et
1074 2866 1334 2928 praetextu
1370 2870 1662 2926 pauperum
1695 2854 1796 2922 ipsi
1831 2853 2002 2906 lucra-

407 2969 616 3015 rentur,
637 2967 741 3008 non
771 2952 943 3006 solum
973 2951 1168 3020 probro
1193 2963 1254 3002 ac
1279 2947 1544 3002 dedecore
1567 2945 1712 3015 digni
1737 2958 1997 3007 essemus,

405 3046 508 3100 sed
540 3047 628 3115 qui
658 3045 796 3099 vela
828 3045 975 3098 mille
1000 3041 1311 3097 fulminibus
1339 3039 1645 3104 feriremur,
1692 3047 1743 3092 et
1765 3037 1853 3106 qui
1887 3038 2000 3091 lure

410 3147 636 3207 agerent
675 3152 741 3192 ne
767 3145 1102 3191 mererentur
1128 3133 1339 3205 quidem
1366 3133 1553 3186 vivere
1585 3150 1598 3186 :
1628 3133 1671 3184 si
1696 3139 1870 3184 autem
1905 3127 1997 3183 Dei

412 3229 584 3295 gratia
629 3243 727 3298 pro
775 3227 932 3282 nobis
981 3226 1202 3280 minime
1245 3223 1456 3278 molesti
1503 3236 1718 3286 sumus,
1757 3220 1850 3275 sed
1881 3221 1998 3273 sine

413 3327 633 3388 sumptu
662 3319 811 3373 vobis
843 3317 1120 3387 posuimus
1145 3315 1476 3385 evangelium
1497 3355 1512 3380 ,
1565 3328 1670 3368 nou
1695 3312 1998 3366 laborantes

411 3410 628 3479 quidem
660 3411 797 3464 sicut
822 3410 1018 3464 Paulus
1043 3449 1060 3475 ,
1103 3407 1196 3463 sed
1224 3407 1460 3462 contenti
1509 3405 1738 3475 proiiriis
1759 3446 1773 3466 ,
1823 3404 1995 3457 dicam

409 3517 534 3556 cum
575 3503 720 3555 omni
758 3501 946 3556 fiducia
976 3518 989 3554 :
1023 3501 1152 3554 Date
1179 3499 1479 3569 egentibus,
1513 3512 1611 3551 nec
1637 3493 1862 3550 cessabo
1889 3493 1990 3549 hoc

411 3591 616 3654 dicere,
645 3601 701 3646 et
725 3606 910 3646 eorum
943 3591 1032 3660 qui
1063 3605 1168 3644 nou
1194 3590 1342 3654 dant,
1373 3601 1468 3643 ero
1491 3587 1666 3656 gravis
1694 3595 1993 3640 accusator.

412 3681 466 3735 Si
512 3683 656 3735 enim
707 3697 879 3736 essem
924 3681 1030 3735 dux
1083 3681 1350 3736 exercitus
1395 3689 1448 3734 et
1479 3679 1676 3733 milites
1719 3678 1992 3741 haberem,

407 3789 518 3827 non
547 3791 632 3828 me
661 3775 882 3844 puderet
909 3775 1157 3828 alimenta
1190 3785 1370 3843 petere
1400 3789 1496 3842 pro
1524 3773 1799 3826 militibus.
1831 3772 1996 3827 Valde

410 3867 558 3918 enim
589 3881 710 3919 amo
732 3875 962 3920 vestram
991 3865 1237 3920 salutem.
1279 3865 1382 3918 Sed
1431 3874 1486 3916 ut
1529 3864 1690 3916 etiam
1729 3861 1996 3916 efficacior

412 3957 482 4008 sit
525 3958 718 4019 oratio,
769 3971 1042 4012 assessore
1067 3964 1287 4024 accepto
1317 3956 1501 4015 Paulo,
1545 3969 1664 4008 cum
1694 3955 1784 4006 illo
1815 3953 1994 4006 vobis-

408 4063 536 4098 cum
562 4062 710 4116 agam
742 4048 967 4101 dicens:
1004 4045 1359 4114 Unusquisque
1404 4055 1620 4097 vestrum
1665 4045 1804 4110 apud
1829 4060 1883 4098 se
1919 4060 1998 4096 sc-

414 4148 593 4205 pouat,
622 4140 893 4192 recondens
919 4139 1052 4204 quod
1077 4138 1171 4191 sibi
1196 4137 1462 4190 videbitur.
1495 4135 1786 4190 Considera
1816 4145 1993 4189 autem

415 4231 541 4282 hinc
576 4246 784 4300 quoque
829 4246 987 4300 quam
1021 4247 1124 4284 non
1153 4231 1220 4283 sit
1251 4230 1350 4282 hoc
1376 4244 1534 4297 grave
1581 4237 1634 4282 et
1663 4229 1946 4281 molestum
1977 4245 1991 4282 :

415 4337 522 4374 non
551 4322 713 4384 dixit,
739 4322 964 4376 Tantum
999 4323 1078 4376 vel
1101 4330 1326 4385 tantum,
1347 4321 1461 4384 scd,
1486 4320 1634 4386 Quod
1665 4321 1911 4382 videntur,
1941 4328 1995 4373 ct

411 4423 556 4466 recte
583 4413 795 4476 habeat,
813 4415 924 4467 sive
941 4415 1005 4467 sit
1023 4413 1268 4478 multum,
1284 4415 1396 4466 sive
1411 4412 1674 4465 uiodicum
1696 4428 1708 4463 :
1728 4427 1823 4463 nec
1837 4409 1990 4473 dixit,

407 4503 564 4569 Quod
613 4506 732 4572 quis
775 4505 1010 4558 lucratus
1054 4504 1228 4563 fut-rit,
1273 4501 1390 4566 sed,
1439 4501 1590 4569 Quod
1643 4501 1887 4555 videatur
1940 4510 1993 4554 ct

410 4606 557 4650 recte
587 4596 796 4660 habeat,
829 4597 1117 4651 ostendens
1144 4612 1174 4650 a
1207 4598 1311 4650 lico
1337 4610 1457 4648 esse
1487 4595 1989 4663 suppetlitationem.

410 4687 525 4740 Non
571 4687 669 4740 hac
703 4697 878 4740 autem
910 4687 1083 4740 solum
1121 4687 1353 4748 ratione,
1405 4685 1497 4738 sed
1531 4686 1687 4737 ttiam
1719 4700 1782 4736 eo
1804 4725 1817 4745 ,
1849 4683 1990 4752 quod

410 4793 516 4831 non
532 4794 638 4831 uno
656 4788 893 4845 tempore
914 4777 1270 4845 totunijubcat
1293 4776 1544 4846 pendere,
1566 4776 1859 4845 symbolam
1876 4774 1992 4828 red-

407 4870 487 4921 dt
515 4870 718 4924 facilem
751 4886 764 4922 :
797 4883 862 4922 eo
891 4869 1033 4923 enim
1059 4867 1199 4938 quod
1222 4869 1467 4937 paulatim
1496 4868 1796 4936 colligatur,
1818 4869 1994 4920 insen-

408 4963 525 5013 silis
549 4971 632 5014 est
661 4977 821 5029 opera
849 4970 904 5014 et
931 4959 1308 5029 suppeditatio.
1366 4959 1653 5029 Propterea
1686 4972 1784 5011 nec
1813 4958 1990 5009 statim

405 5055 555 5121 jubet
584 5056 630 5106 in
662 5053 896 5108 medium
941 5052 1236 5116 adducere,
1286 5051 1380 5105 sed
1419 5051 1510 5104 dat
1540 5051 1753 5118 longum
1785 5059 1993 5116 tempus

406 5146 780 5207 constitutum,
812 5155 866 5198 et
890 5159 1109 5198 causam
1142 5142 1394 5205 afferens,
1420 5143 1547 5196 dicit
1583 5161 1595 5194 :
1633 5140 1700 5196 Ut
1729 5159 1849 5206 non,
1879 5157 1992 5193 cum

406 5251 609 5297 reuere,
643 5246 763 5289 tunc
792 5237 1022 5289 collecta:
1065 5237 1207 5296 ﬁant.
1243 5234 1353 5288 Hoc
1375 5243 1478 5300 est,
1532 5234 1608 5288 Ne
1656 5235 1705 5286 iu
1752 5242 1993 5302 tempore

408 5327 662 5379 illationis
679 5329 790 5380 sive
811 5337 1056 5396 sumptus
1070 5341 1288 5381 necesse
1305 5325 1540 5378 habeatis
1561 5325 1832 5394 colligere.
1851 5326 1910 5378 Et
1927 5325 1991 5376 ad

409 5419 511 5469 hoc
538 5433 722 5470 rursus
746 5435 838 5472 eos
868 5434 973 5472 non
997 5419 1183 5473 leviter
1208 5428 1289 5472 est
1315 5417 1656 5470 adhortatus:
1685 5417 1826 5470 Pauli
1849 5417 1990 5471 enim

405 5509 738 5571 exspectatio
759 5525 853 5563 eos
882 5510 1106 5565 faciebat
1137 5510 1494 5578 promptiores
1520 5519 1572 5562 et
1602 5509 1908 5562 alacriores.
1934 5510 1990 5563 5.

408 5601 537 5652 Cum
566 5611 734 5655 autem
771 5618 990 5668 prtesens
1015 5607 1178 5674 fuere,
1208 5619 1334 5671 quos
1378 5601 1722 5664 probaueritis,
1767 5619 1855 5669 per
1885 5602 1988 5664 epi-

405 5691 565 5745 stolas
597 5693 687 5745 hos
707 5694 899 5746 mittam
922 5694 1116 5764 deferre
1137 5695 1352 5763 gratiam
1371 5705 1584 5746 vestram
1611 5695 1660 5745 in
1681 5691 1988 5747 Jerusalem.

410 5781 524 5836 Non
556 5784 706 5849 dixit,
736 5785 886 5840 lluuc
913 5795 966 5841 ct
991 5787 1158 5852 IIIlllIl,
1183 5785 1298 5852 sed,
1331 5787 1468 5849 Quos
1491 5801 1574 5839 vos
1621 5785 1946 5854 μνοὺίιυίιγὶῐιε
1971 5828 1985 5850 ,

1474 351 1534 405 IN
1565 349 1784 407 EPIS'I‘.
1829 350 1844 404 l
1912 348 2001 402 AD
2039 345 2197 402 (ΞΟΠ.
2243 350 2470 410 llOMlL.
2513 355 2695 412 XLIII.

3612 367 3714 422 570

2131 479 2266 533 quos
2304 467 2594 537 elegeritis,
2639 479 2697 525 ut
2743 470 3099 528 ministerium
3157 485 3336 531 careat
3389 478 3714 548 ευειιῐρίοηε.

2129 558 2489 622 Quamobrem
2519 573 2674 618 curat
2700 574 2756 619 ut
2782 564 2880 634 ipsi
2912 564 3084 620 ferant
3138 569 3449 640 suffragium
3490 574 3714 629 electio-

2131 653 2214 702 nis
2253 665 2440 706 eorum
2467 655 2558 723 qui
2585 655 2742 710 laturi
2773 664 2916 711 sunt.
2946 657 3062 713 Non
3092 661 3235 714 enim
3263 661 3429 729 dicit,
3484 666 3718 722 Collatio

2128 739 2342 808 quidem
2370 751 2451 796 est
2484 753 2680 809 vestra,
2725 746 2954 816 eligendi
2999 758 3178 804 autem
3213 740 3451 820 potestas
3493 767 3576 811 est
3616 773 3714 811 eo-

2127 846 2244 884 rum
2271 834 2359 902 qui
2393 844 2624 903 portant,
2649 853 2752 892 non
2785 849 2983 895 vestra.
3035 841 3258 908 Deinde,
3287 859 3355 898 ne
3379 846 3508 914 ipsis
3534 848 3717 902 Vilicu-

2128 929 2214 975 tur
2241 922 2450 985 abesse,
2480 926 2661 982 literas
2687 929 2836 984 addit
2869 931 3054 986 dicens
3101 951 3114 986 :
3162 933 3298 998 Quos
3343 935 3672 1005 probaueritis
3694 980 3711 1006 ,

2126 1031 2216 1083 per
2252 1015 2491 1084 epistolas
2517 1019 2732 1073 mittant.
2768 1020 2927 1087 Quasi
2961 1021 3171 1079 diceret
3199 1043 3211 1077 :
3245 1026 3356 1096 Ego
3385 1043 3596 1098 quoque
3617 1045 3712 1083 ero

2126 1105 2404 1161 vobiscum
2425 1149 2440 1174 ,
2480 1118 2536 1164 et
2565 1113 2804 1167 muneris
2833 1115 3069 1170 obeundi
3100 1132 3196 1171 ero
3229 1121 3496 1190 particeps
3529 1137 3621 1190 per
3645 1124 3707 1178 li-

2125 1207 2286 1252 teras.
2325 1200 2506 1271 Nequc
2550 1203 2702 1269 dixit,
2746 1206 2851 1261 Eos
2878 1209 3083 1263 mittam
3117 1221 3172 1264 ut
3205 1221 3432 1266 vestram
3463 1213 3709 1270 deferant

2125 1289 2545 1364 eleetnosynam,
2574 1295 2937 1357 sed,Vestram
2967 1302 3184 1370 gratiam
3205 1344 3218 1367 ,
3247 1312 3307 1357 ut
3334 1305 3575 1358 ostendat
3613 1321 3706 1361 cos

2120 1399 2308 1455 magna
2335 1389 2569 1454 operari,
2601 1399 2656 1443 et
2689 1391 2812 1446 inde
2845 1394 3048 1447 lucrum
3086 1396 3362 1464 consequi.
3416 1397 3554 1450 Alibi
3603 1412 3703 1450 au-

2121 1483 2225 1528 tem
2273 1479 2507 1547 appellat
2553 1480 2977 1538 benedictionem
3009 1495 3063 1539 et
3103 1487 3642 1542 cmnmuuicationem
3687 1508 3700 1543 :

2118 1566 2245 1621 illud
2275 1570 2510 1638 quidem,
2559 1588 2625 1627 ne
2655 1575 2898 1630 redderet
2942 1577 3238 1647 pigriores;
3286 1579 3387 1633 hoc
3437 1597 3584 1644 vero,
3635 1599 3702 1636 ne

2117 1657 2274 1713 nimis
2301 1660 2551 1716 efferret:
2583 1681 2842 1734 nuSquam
2881 1677 3057 1722 autem
3088 1669 3190 1724 hoc
3232 1671 3527 1725 nominavit
3556 1673 3704 1727 elec-

2115 1758 2469 1826 mosyuamd.
2503 1760 2652 1824 Quod
2675 1763 2718 1813 si
2743 1763 2949 1831 dignum
2978 1765 3124 1834 fuerit
3149 1775 3204 1819 ut
3226 1783 3318 1837 ego
3346 1783 3477 1833 eam,
3507 1785 3700 1821 mecum

2115 1845 2277 1901 ibunt.
2309 1847 2405 1903 llic
2427 1865 2609 1905 rursus
2639 1869 2733 1907 eos
2762 1854 3004 1909 hortatur
3048 1857 3113 1910 ad
3164 1858 3461 1928 largitatem
3503 1871 3554 1914 et
3583 1877 3701 1914 mu—

2114 1938 2456 1994 nificentiam.
2490 1942 2622 1996 Nam
2653 1944 2696 1997 si
2725 1955 2868 1998 tanta
2898 1963 2982 2000 res
3008 1949 3098 2014 sit,
3126 1949 3316 2018 inquit,
3345 1961 3401 2002 ut
3426 1966 3538 2004 mea
3563 1967 3699 2018 opus

2113 2031 2182 2084 sit
2212 2035 2515 2100 prmsentia,
2544 2051 2611 2090 nc
2644 2036 2743 2091 hoc
2771 2038 2985 2107 quidem
3019 2041 3302 2096 recusabo.
3359 2041 3463 2096 Sed
3515 2043 3694 2096 statim

2113 2135 2218 2174 nou
2265 2132 2347 2176 est
2378 2125 2476 2179 hoc
2512 2127 2801 2195 pollicitus,
2833 2147 3006 2200 neque.
3033 2131 3189 2195 dixit,
3219 2133 3504 2202 Postquam
3536 2134 3697 2188 adve-

2113 2227 2264 2276 nero,
2310 2215 2422 2283 ipse
2474 2215 2639 2270 feram
2671 2237 2683 2272 :
2717 2236 2888 2290 neque
2927 2223 3068 2275 enim
3096 2222 3195 2276 hoc
3215 2223 3349 2277 adeo
3375 2225 3694 2293 amplilieas-

2111 2305 2269 2365 set,si
2300 2305 2534 2361 abinitio
2554 2309 2601 2361 id
2635 2311 2935 2378 posuisset:
2969 2322 3150 2382 postea
3180 2321 3359 2368 autem
3394 2315 3612 2384 pulchre
3641 2325 3696 2370 et

2110 2407 2410 2464 Opportune
2440 2399 2490 2451 id
2517 2399 2683 2454 addit.
2718 2402 3001 2472 Propterea
3047 2420 3150 2458 non
3190 2405 3371 2459 statim
3417 2408 3687 2474 promisit,

2114 2502 2291 2556 neque
2322 2491 2541 2544 oniniuo
2575 2491 2622 2546 id
2649 2491 2826 2556 siluit,
2884 2495 2976 2548 sed
3009 2511 3128 2547 cum
3159 2496 3383 2550 dixisset
3407 2511 3466 2551 se
3499 2497 3695 2550 niissu-

2109 2595 2247 2643 rtitn,
2280 2589 2403 2636 tunc
2432 2598 2640 2652 quoque
2670 2585 2816 2638 addit
2849 2587 2944 2652 seii
2967 2601 3106 2640 sum.
3141 2587 3237 2642 llic
3268 2603 3480 2658 quoque
3503 2604 3689 2642 rursus

2109 2673 2367 2726 ineorum
2401 2677 2542 2742 ponit
2578 2685 2864 2744 potestate,
2906 2678 3035 2731 dum
3065 2677 3197 2732 dixit
3229 2696 3241 2730 :
3270 2679 3330 2733 Si
3368 2695 3535 2748 opera:
3574 2695 3691 2748 pre-

2105 2765 2229 2817 tium
2259 2767 2411 2836 [uerit
2442 2776 2492 2818 ut
2519 2785 2611 2837 ego
2653 2785 2761 2821 eam
2789 2785 2808 2832 ;
2857 2769 2958 2824 hoc
2983 2786 3109 2824 vero
3150 2770 3200 2823 in
3246 2771 3348 2824 illis
3387 2771 3547 2824 situm
3576 2782 3692 2824 erat

2107 2858 2328 2912 multum
2357 2857 2536 2914 facere
2574 2861 2714 2930 quod
2741 2862 3109 2931 colligebatur,
3153 2874 3206 2916 et
3238 2873 3440 2916 tantum
3471 2871 3526 2916 ut
3597 2874 3694 2914 eos

2101 2947 2346 3006 ﬂecteret
2401 2952 2578 3020 ipsum
2634 2965 2873 3021 surgere.
2942 2954 2995 3008 5.
3028 2953 3234 3007 Veniam
3272 2964 3435 3006 autem
3478 2954 3546 3004 ad
3583 2968 3685 3013 vos,

2102 3059 2216 3095 cum
2245 3042 2598 3097 Macedoniam
2622 3046 2979 3114 perlransiero.
3014 3046 3151 3100 Dixit
3179 3047 3279 3101 hoc
3305 3063 3515 3114 quoque
3533 3061 3692 3114 supe-

2103 3135 2214 3188 rius
2235 3177 2248 3199 ,
2281 3135 2375 3198 sed
2406 3144 2528 3190 tunc
2558 3137 2772 3204 quidem
2807 3137 3091 3202 iracunde;
3142 3135 3346 3190 addidit
3390 3136 3563 3202 enim,
3625 3134 3690 3189 Et

2101 3241 2405 3295 cognoscam
2463 3243 2563 3279 non
2615 3243 2897 3280 sermonem
2950 3228 3266 3296 iii/fatorum,
3319 3227 3408 3280 sed
3451 3227 3688 3280 uirtutem

2103 3315 2179 3384 (I.
2210 3315 2326 3369 Cor.
2356 3316 2408 3370 4.
2438 3317 2525 3384 19)
2553 3335 2566 3371 :
2602 3317 2688 3370 hic
2713 3327 2888 3372 autem
2917 3319 3117 3377 mitius,
3151 3327 3207 3372 ut
3236 3317 3352 3386 ejus
3380 3317 3687 3371 desiderent

2106 3409 2463 3476 przesentiam.
2497 3410 2696 3464 Deinde
2727 3426 2794 3464 ne
2823 3411 3003 3464 dicant
3035 3429 3046 3464 :
3073 3411 3181 3465 Cur
3206 3426 3333 3479 ergo
3370 3411 3523 3465 nobis
3555 3426 3691 3478 pra--

2103 3499 2209 3552 fers
2239 3499 2592 3553 Macedones?
2632 3515 2735 3553 non
2777 3500 2930 3564 dixit,
2962 3501 3247 3569 Postquam
3293 3499 3510 3562 abiero,
3555 3499 3684 3562 sed,

2101 3591 2225 3644 Cum
2260 3591 2609 3644 Macedoniam
2633 3593 2989 3661 pertransiero.
3023 3591 3158 3644 Nam
3191 3591 3540 3644 Macedoniam
3571 3607 3687 3659 per-

2102 3683 2343 3734 transibe.
2377 3683 2431 3735 6.
2457 3682 2609 3751 Apud
2633 3698 2716 3736 vos
2742 3693 2910 3736 autem
2935 3683 3147 3753 forsitan
3175 3682 3412 3745 manebo,
3443 3682 3517 3734 vel
3539 3682 3689 3734 ctiam

2108 3770 2357 3824 Itiemabe.
2388 3771 2570 3840 Neque
2599 3773 2740 3824 enim
2777 3772 2899 3825 volo
2928 3787 3021 3825 vos
3051 3773 3282 3827 invisere
3313 3781 3582 3841 tamquam
3634 3773 3686 3826 in

2101 3863 2348 3923 transitu,
2382 3863 2475 3916 sed
2506 3863 2780 3917 vobiscum
2811 3864 3012 3918 versari
3055 3879 3107 3918 et
3143 3865 3280 3933 apud
3313 3880 3406 3918 vos
3450 3881 3686 3918 timuere.

2101 3954 2233 4008 Nam
2261 3955 2475 4021 quando
2504 3954 2640 4008 hanc
2675 3955 2943 4008 scribebat
2968 3955 3273 4024 epistolam,
3321 3966 3435 4008 erat
3481 3956 3680 4023 Ephesi

2105 4047 2295 4100 hiemis
2362 4055 2620 4116 tempore.
2676 4045 2803 4098 Dicit
2847 4061 2976 4115 ergo
3017 4063 3031 4098 :
3072 4045 3126 4099 8.
3161 4044 3472 4098 Permanebe
3515 4056 3684 4097 autem

2106 4137 2297 4206 Ephesi
2323 4154 2479 4204 usque
2514 4137 2582 4190 ad
2618 4137 2945 4190 f’entecesten
2977 4152 2996 4190 :
3026 4145 3206 4205 postea
3234 4145 3411 4188 autem
3443 4135 3602 4188 abibo
3633 4136 3684 4188 iu

2102 4228 2486 4288 Macedoniam.
2513 4239 2563 4282 et
2587 4244 2706 4282 cum
2731 4244 2846 4282 eam
2868 4229 3248 4298 pertransicro,
3273 4230 3477 4280 veniam
3505 4226 3568 4281 ad
3593 4240 3686 4280 vos

2100 4329 2286 4374 testate
2317 4339 2330 4374 :
2378 4320 2514 4373 forte
2543 4330 2721 4374 autem
2750 4329 2804 4372 et
2834 4320 3061 4374 hiemem
3084 4319 3222 4388 apud
3249 4319 3674 4385 vos,transigam.

2171 4415 2226 4467 5.
2269 4411 2378 4466 Cur
2420 4419 2598 4466 autem
2640 4411 2775 4465 dixit
2822 4410 3095 4473 Forsitan,
3128 4421 3176 4464 et
3213 4426 3316 4464 non
3355 4410 3687 4463 affirmavit?

2100 4489 2376 4568 Quoniam.
2397 4518 2500 4555 non
2528 4503 2705 4555 omnia
2733 4501 3046 4571 pra-sciebat
3078 4501 3274 4556 Paulus
3301 4517 3315 4565 ;
3349 4501 3506 4570 idque
3533 4501 3682 4554 utili-

2102 4604 2199 4648 ter.
2234 4595 2517 4664 Propterea
2547 4610 2718 4663 neque
2750 4594 2992 4648 absolute
3016 4592 3244 4648 affirmat
3264 4635 3278 4657 ,
3313 4602 3371 4646 ut
3399 4594 3440 4646 si
3475 4608 3578 4646 non
3607 4591 3686 4645 fa-

2101 4695 2246 4739 ctum
2276 4685 2432 4739 fuerit
2459 4727 2472 4748 ,
2510 4686 2702 4739 habeat
2731 4684 3012 4753 effugium,
3043 4684 3182 4754 quod
3215 4695 3339 4738 tunc
3361 4684 3554 4740 dixerit
3595 4685 3678 4736 in-

2100 4776 2339 4842 definite,
2368 4786 2421 4830 et
2445 4774 2674 4844 Spiritus
2700 4785 3019 4844 potestatem
3061 4792 3178 4844 qua:
3219 4791 3340 4830 cum
3381 4789 3486 4842 quo
3528 4775 3688 4827 velIt-t

2100 4869 2340 4928 duceret,
2370 4884 2475 4921 non
2506 4884 2611 4937 quo
2643 4868 2756 4936 ipse
2789 4867 3054 4936 Cupiebat.
3079 4867 3229 4934 Quod
3262 4868 3420 4919 etiam
3451 4867 3597 4935 ponit
3629 4866 3680 4918 in

2100 4961 2332 5015 secunda
2381 4961 2617 5030 Epistula
2666 4960 2734 5012 de
2781 4973 2928 5011 mora
2975 4975 3033 5012 se
3067 4975 3326 5012 excusans
3357 4975 3410 5012 et
3447 4959 3632 5013 dicens
3669 4976 3682 5010 :

2105 5051 2201 5102 Aut
2231 5066 2342 5119 qua:
2367 5050 2560 5118 cogito,
2590 5049 2864 5101 secundum
2890 5065 3092 5101 carnem
3134 5050 3324 5118 regite,
3372 5059 3426 5104 ut
3453 5051 3516 5102 sit
3547 5051 3685 5122 apud

2106 5159 2183 5194 me
2206 5152 2277 5195 est
2303 5150 2394 5204 est,
2419 5151 2462 5191 et
2484 5157 2582 5192 non
2605 5156 2703 5192 non
2735 5140 2811 5206 (Ξ.
2846 5139 2965 5193 Cor.
3000 5141 3085 5194 II.
3121 5141 3228 5208 I7).
3281 5139 3348 5194 Ut
3388 5157 3471 5193 res
3495 5159 3569 5192 me
3593 5141 3683 5191 tle-

2103 5233 2300 5285 ducatis
2329 5248 2640 5302 quocumque
2667 5233 2790 5286 iero.
2841 5231 2952 5285 l-Ioe
2997 5247 3209 5300 quoque
3244 5244 3328 5288 est
3367 5233 3601 5284 caritatis
3631 5241 3680 5282 et

2105 5327 2286 5379 multa:
2317 5325 2638 5378 dilectionis.
2680 5326 2732 5379 7.
2769 5325 2907 5378 Nolo
2939 5327 3069 5378 enim
3103 5344 3186 5377 ros
3222 5327 3370 5377 modo
3395 5327 3444 5376 in
3471 5324 3682 5374 transitu

2099 5417 2268 5469 videre
2310 5431 2325 5468 .'
2354 5431 2501 5482 spero
2525 5416 2656 5467 enim
2686 5433 2764 5467 me
2798 5416 3170 5482 aliquantulum
3201 5413 3440 5479 temporis
3486 5429 3686 5464 nmnere

2102 5509 2241 5576 apud
2272 5524 2375 5569 vos,
2410 5508 2452 5559 si
2481 5507 2728 5559 Dominus
2752 5507 3055 5574 permiserit.
3087 5505 3209 5558 llzec
3235 5517 3411 5558 autem
3435 5506 3641 5559 diccbat
3669 5547 3682 5567 ,

2102 5600 2260 5655 simul
2309 5610 2368 5654 et
2405 5602 2678 5654 caritatem
2725 5600 3042 5662 ostendens,
3076 5609 3130 5652 et
3167 5614 3259 5653 eos
3287 5600 3373 5668 qui
3405 5612 3682 5669 peccarent

2105 5702 2331 5755 terrens,
2379 5707 2485 5744 non
2533 5702 2707 5744 tamen
2755 5703 2958 5760 aperte,
3009 5690 3102 5744 sed
3133 5691 3383 5745 amicitia:
3423 5694 3681 5746 nomine:

2109 5784 2420 5838 Permanebo
2456 5796 2619 5839 autem
2657 5783 2840 5854 Ephesi
2875 5800 3029 5854 usque
3071 5785 3139 5837 ad
3167 5783 3516 5840 f’eutecosteu.
3573 5789 3674 5841 ale-
