4138 6220
409 342 506 398 371

415 454 520 507 tito
550 452 630 509 eis
657 456 838 511 omnia
867 451 995 506 dicit
1023 459 1228 510 exacte,
1256 447 1536 501 declarans
1561 454 1827 514 tamquam
1857 445 1994 497 amio

413 547 514 599 eis.
536 543 671 600 Nam
700 556 754 601 et
783 545 885 598 hoc
909 552 992 597 est
1017 539 1286 602 amicitiae,
1316 537 1498 592 dicere
1527 551 1741 592 causam
1768 551 1865 590 cur
1886 552 1992 590 non

420 640 717 705 advenerit,
746 646 968 707 propter
993 648 1152 703 quam
1182 630 1415 696 differat,
1447 641 1502 686 et
1527 631 1616 686 ubi
1645 639 1910 695 versetur.
1935 628 1992 684 9.

419 734 618 787 Ostium
645 730 778 784 enim
820 727 946 780 mihi
978 735 1213 795 apertum
1248 734 1322 778 eu
1356 739 1595 794 magnum
1623 732 1668 778 et
1697 722 1917 786 evidens,
1948 730 1997 774 et

416 820 691 876 adversarii
739 818 907 871 multi.
951 817 1041 881 Et,
1072 817 1120 872 si
1150 833 1421 886 magnum,
1452 814 1722 887 quomodo
1745 815 1999 870 adversa-

418 911 518 964 rii?
547 912 771 976 Propter
812 907 915 964 hoc
957 909 1129 976 ipsum
1161 908 1310 962 multi
1345 916 1470 963 sunt
1501 905 1819 969 adversarii,
1861 917 1998 973 quo-

418 1005 560 1057 niam
587 1015 774 1070 magna
804 1010 886 1077 est
913 1000 1062 1066 fides,
1115 1010 1181 1055 et.
1207 1001 1348 1055 latus
1391 999 1685 1068 ingressus.
1735 997 1873 1064 Quid
1917 1003 2007 1050 est

417 1106 618 1156 autem.
663 1095 863 1149 Ostium
888 1095 1171 1165 maguum?
1219 1095 1365 1149 Multi
1394 1103 1521 1149 sunt
1547 1094 1718 1163 parati
1744 1093 1811 1148 ad
1843 1091 2001 1147 fidem

419 1185 840 1255 suscipiendam,
874 1187 1027 1241 multi
1067 1186 1266 1242 debent
1296 1185 1556 1241 accedere
1596 1194 1652 1241 et
1692 1184 1934 1240 converti
1981 1198 1999 1237 :

420 1277 560 1336 latus
583 1278 711 1332 mihi
757 1287 903 1347 patet
942 1278 1119 1332 aditus
1141 1318 1158 1343 ,
1208 1286 1487 1333 crescente
1512 1286 1567 1332 et
1593 1278 1804 1348 vigente
1842 1289 2001 1330 acce-

418 1368 657 1423 dentium
684 1378 863 1425 mente
892 1369 956 1424 ad
986 1370 1340 1425 obediendum
1370 1369 1512 1425 fidei.
1533 1370 1820 1439 Propterea
1844 1370 2006 1424 velte-

420 1469 628 1515 menter
669 1462 907 1530 spirabat
944 1461 1225 1527 diabolus,
1281 1462 1535 1531 qnoniam
1564 1462 1776 1516 videbat
1807 1462 2007 1517 multo:

420 1570 447 1606 a
476 1570 535 1609 se
565 1554 883 1609 desciscere.
917 1555 1277 1621 Quamobrem
1308 1563 1529 1625 propter
1572 1567 1858 1625 utrumque
1894 1569 2008 1607 ma-

422 1660 551 1700 nere
577 1646 879 1714 oportebat,
908 1654 964 1700 et
1001 1645 1144 1715 quod
1177 1645 1405 1700 niultum
1432 1655 1578 1700 esset
1609 1645 1764 1709 lucri,
1790 1643 2007 1715 etquod

422 1753 671 1807 magnum
715 1746 1009 1791 certamen.
1061 1735 1175 1791 Hoc
1217 1746 1396 1792 autem
1423 1752 1640 1807 quoque
1666 1736 1772 1791 illis
1799 1736 2009 1791 animos

423 1830 672 1891 addebat,
696 1829 835 1899 quod
865 1829 1061 1884 dixerit
1082 1828 1304 1884 verbum
1328 1830 1440 1899 jam
1472 1829 1668 1899 ubique
1695 1829 1928 1898 operari,
1956 1835 2012 1883 et

426 1922 582 1977 facile
598 1924 916 1991 germinare.
938 1922 992 1975 Si
1015 1932 1194 1976 autem
1212 1932 1338 1976 sunt
1367 1922 1517 1977 multi
1546 1924 1635 1993 qui
1668 1922 2009 1989 insidiantur,

427 2012 527 2066 hoc
562 2027 774 2082 quoque
805 2014 1015 2081 signum
1068 2023 1151 2068 est
1197 2012 1466 2082 profectus
1509 2014 1792 2083 evangelii.
1847 2013 2010 2067 Num-

424 2118 582 2172 quam
600 2102 743 2156 enim
769 2102 935 2172 magis
957 2103 1104 2156 saevit
1126 2118 1187 2158 ac
1210 2103 1335 2157 furit
1358 2105 1650 2159 sceleratus
1673 2104 1762 2159 ille
1776 2103 2010 2170 daemon,

429 2211 587 2263 quam
611 2211 730 2248 cum
751 2211 816 2248 ex
842 2196 953 2249 suis
976 2196 1114 2250 vasis
1136 2206 1189 2249 ct
1214 2196 1581 2251 instrumentis
1599 2196 1761 2251 multa
1786 2196 1925 2252 \idct
1940 2196 2016 2251 di-

430 2287 550 2357 ripi.
583 2285 651 2340 Et
683 2301 780 2340 nos
805 2300 935 2354 ergo
956 2285 1171 2354 quando
1202 2301 1450 2356 magnum
1478 2286 1689 2357 aliquod
1718 2296 1772 2341 et
1790 2287 2013 2356 pra‘cla-

429 2392 547 2430 rum
600 2391 737 2447 opus
777 2392 961 2447 gerere
1006 2376 1361 2440 voluerimus,
1392 2392 1460 2432 nc
1486 2377 1586 2432 hoc
1611 2378 2015 2432 consideremus

430 2466 569 2536 quod
593 2468 766 2536 magni
791 2466 863 2520 sit
878 2467 1096 2532 laboris,
1112 2467 1205 2521 sed
1223 2467 1288 2521 ad
1310 2468 1513 2522 lucrum
1535 2467 2017 2537 aspiciannusNide

433 2573 662 2627 namque
680 2558 899 2612 Paulum
921 2573 1023 2610 non
1052 2568 1333 2629 propterea
1356 2559 1526 2614 vereri
1557 2575 1618 2612 ac
1637 2558 1899 2621 dubitare.
1918 2575 2017 2616 nec

434 2658 710 2718 propterea
757 2647 1029 2718 refugere,
1058 2649 1312 2717 quoniam
1358 2650 1507 2703 multi
1553 2660 1677 2703 sunt
1702 2650 2014 2718 adversarii,

433 2741 526 2793 Sed
558 2740 806 2809 quoniam
838 2755 1085 2806 magnum
1113 2748 1229 2794 erat
1253 2741 1477 2806 ostium,
1499 2740 1702 2796 instare
1726 2750 1779 2795 et
1810 2756 2020 2810 perma-

436 2847 584 2885 nere.
612 2831 740 2885 Nam
758 2831 894 2884 sicut
912 2830 1041 2886 dixi.
1067 2831 1167 2885 hoc
1192 2840 1307 2885 erat
1321 2832 1529 2901 signum
1559 2832 1701 2903 quod
1728 2834 2021 2892 nudaretur

435 2934 488 2978 ct
513 2924 834 2992 spoliaretur
852 2923 1111 2979 diabolus.
1146 2924 1260 2978 Non
1302 2933 1384 2979 est
1410 2925 1554 2979 enim
1578 2925 1696 2994 ejus
1721 2926 1812 2996 qui
1857 2942 2019 2995 parva

437 3023 590 3085 gerat
617 3025 671 3068 ct
699 3015 835 3070 mala
858 3056 872 3078 ,
906 3015 1101 3070 malam
1131 3016 1526 3071 illam‘bestiam
1559 3015 1789 3072 irritare.
1820 3015 2021 3084 Quam-

437 3107 621 3161 obrem
643 3105 856 3176 quando
876 3107 1071 3161 videris
1095 3106 1298 3176 justum
1330 3122 1519 3177 magna
1552 3122 1615 3162 ac
1647 3109 1899 3185 prteclara
1931 3125 2022 3179 ge.

439 3212 561 3252 rere
604 3204 657 3252 et
700 3196 839 3251 mala
892 3196 997 3267 pati
1039 3195 1466 3261 innumerabilia,
1500 3214 1567 3251 ne
1613 3199 1845 3265 mireris.
1888 3199 2021 3256 Nam

438 3297 621 3342 contra
654 3287 834 3342 mirari
863 3297 1169 3358 oporteret,
1188 3289 1233 3342 si
1262 3288 1509 3344 diabolus
1535 3291 1730 3345 multas
1755 3293 2023 3363 accipiens

442 3380 620 3449 plagas
662 3379 962 3448 quiesceret
1004 3387 1059 3433 et
1105 3379 1326 3433 vulnera
1360 3380 1563 3448 placide
1607 3380 1793 3435 ferret.
1840 3382 2026 3454 Neque

441 3472 581 3525 enim
603 3511 618 3533 ,
659 3471 705 3525 3i
736 3484 958 3540 serpens
988 3478 1215 3539 pllthlllS
1243 3471 1499 3525 continuo
1527 3470 1778 3526 efferatur
1805 3482 1860 3527 et
1892 3488 2026 3543 puu-

443 3564 618 3632 gendo
644 3562 888 3627 insultet,
913 3563 1095 3617 mirari
1124 3572 1356 3631 Oportet.
1381 3562 1580 3629 Quovis
1600 3564 1746 3618 enim
1775 3575 2027 3633 serpente

443 3655 657 3722 gravius
682 3655 849 3722 serpit
874 3652 1139 3719 diabolus,
1171 3653 1421 3707 ooinibus
1450 3653 1713 3708 insultans
1732 3695 1748 3719 ,
1776 3665 1830 3709 et
1858 3658 2028 3727 surgit

446 3749 585 3800 sicut
610 3744 852 3813 scorpius
882 3745 935 3799 in
963 3745 1128 3800 altum
1170 3754 1353 3801 erecto
1394 3746 1635 3803 stimulo.
1689 3747 1766 3802 Ne
1794 3749 1901 3803 hoc
1930 3763 2026 3804 vos

447 3838 730 3892 conturbet
763 3853 777 3889 :
810 3852 930 3891 eum
972 3837 1150 3902 enim,
1197 3838 1286 3907 qui
1316 3852 1345 3891 a
1387 3837 1531 3893 bello
1568 3846 1627 3893 et
1652 3854 1682 3893 a
1712 3839 1934 3894 victoria
1976 3849 2031 3896 et

447 3930 594 3985 unde
625 3929 928 3995 revertitur,
959 3943 1180 3985 necesse
1209 3940 1293 3984 est
1324 3929 1488 3986 fuisse
1527 3941 1897 3999 cruentatum,
1929 3950 2032 3987 sa:-

451 4037 622 4092 pcque
640 4022 800 4076 etiam
830 4021 1050 4077 vulnera
1073 4020 1350 4077 exhibere.
1387 4019 1453 4075 Et
1484 4031 1539 4074 tu
1566 4037 1696 4091 ergo
1723 4038 1846 4077 cum
1878 4024 2032 4080 vide-

451 4114 526 4168 ris
554 4115 782 4184 aliquem
814 4114 1185 4184 clecmosyoas
1212 4114 1514 4179 facientem,
1543 4123 1595 4168 et
1627 4115 2031 4173 innumerabilia

451 4204 550 4258 alia
586 4204 720 4257 bona
752 4212 1104 4273 operantem,
1154 4212 1209 4257 et
1247 4203 1327 4258 sic
1356 4203 1495 4256 vires
1539 4202 1735 4258 diaboli
1780 4204 2031 4277 frangen-

452 4307 558 4350 tem
582 4337 598 4360 ,
626 4294 819 4350 deinde
846 4294 1082 4350 incidere
1113 4294 1164 4348 in
1194 4296 1516 4349 tentationes
1545 4303 1600 4348 et
1638 4296 1872 4365 pericula
1899 4340 1915 4363 ,
1966 4314 2035 4354 ne

454 4396 733 4456 propterea
764 4386 1106 4442 conturberis
1133 4403 1150 4443 :
1180 4386 1300 4440 ideo
1323 4386 1467 4441 enim
1498 4386 1681 4441 incidit
1708 4388 1761 4442 in
1797 4389 2035 4444 tentatio-

455 4493 572 4545 nes,
599 4478 739 4549 quod
769 4477 1038 4533 diabolum
1071 4478 1424 4534 vehementer
1455 4478 1678 4534 ferierit.
1724 4480 1787 4534 Et
1813 4496 2037 4551 quomo-

451 4571 544 4634 do,
570 4569 797 4639 inquies,
825 4568 874 4622 id
895 4570 1138 4638 permisit
1167 4570 1343 4623 Deus“?
1367 4568 1437 4624 Ut
1463 4570 1632 4640 magis
1651 4581 1956 4636 coronetur,
1982 4580 2037 4625 et

453 4661 708 4731 majorem
756 4659 1001 4715 diabolus
1049 4659 1254 4729 plagam
1308 4659 1557 4728 accipiat.
1603 4660 1736 4714 Nam
1784 4661 2033 4730 quando,

457 4761 734 4819 postquam
781 4750 917 4804 bona
967 4748 1188 4813 fecerit,
1239 4750 1421 4818 gravia
1470 4757 1521 4801 et
1557 4763 1746 4816 aspera
1796 4752 2033 4818 patiens,

436 4854 716 4910 ψει-ροιυο
737 4842 843 4913 agit
870 4842 1089 4913 gratias,
1125 4851 1251 4896 tunc
1281 4840 1467 4895 feritur
1493 4840 1761 4897 diabolus.
1788 4841 2035 4912 Magnum

455 4934 669 5002 quidem
706 4942 788 4988 est
828 4934 989 4988 etiam
1021 4934 1182 4989 rebus
1211 4933 1460 4989 secundis
1490 4943 1542 4987 et
1571 4948 1826 5003 prospere
1866 4936 2034 4989 fluen-

457 5024 620 5083 tibus,
648 5031 701 5075 et
722 5023 961 5079 misereri
989 5034 1042 5079 et
1062 5026 1309 5080 virtutem
1340 5026 1625 5096 amplecti;
1659 5027 1823 5081 multo
1857 5038 2037 5081 autem

459 5124 541 5169 cst
584 5113 790 5183 majus,
818 5115 948 5168 dura
988 5124 1041 5169 et
1084 5117 1266 5184 gravia
1297 5119 1586 5184 patientem
1608 5159 1622 5183 ,
1648 5134 1752 5173 non
1779 5120 2040 5174 desistere

455 5208 522 5262 ab
572 5207 669 5263 bac
714 5205 849 5260 bona
891 5205 1224 5273 operatione.
1273 5205 1323 5260 Is
1357 5207 1500 5262 enim
1543 5204 1671 5271 est,‘
1701 5209 1792 5280 qui
1825 5220 2040 5281 propter

460 5301 622 5355 Deum
656 5300 769 5352 lucc
796 5296 1025 5351 maxime
1050 5294 1195 5350 facit.
1227 5296 1588 5365 Quamobrem
1617 5302 1826 5357 etiamsi
1863 5302 1917 5357 in
1947 5317 2039 5371 pe-

460 5391 682 5445 riculum
715 5390 1013 5450 veniamus,
1056 5387 1258 5453 dilecti,
1287 5396 1343 5443 et
1368 5388 1582 5458 quidvis
1611 5393 1892 5458 patiamur,
1916 5406 2037 5446 cuin

459 5482 647 5550 majori
683 5482 847 5536 animi
886 5479 1163 5535 alacritate
1189 5496 1285 5552 pro
1313 5480 1509 5536 virtute
1536 5481 1745 5536 labores
1775 5481 2039 5548 suscipia-

459 5586 600 5625 mus.
629 5572 741 5627 Non
769 5584 854 5628 est
884 5573 1027 5627 enim
1049 5570 1136 5626 hic
1166 5581 1375 5641 tempus
1403 5571 1666 5627 mercedis
1697 5586 1761 5626 ac
1787 5585 2039 5625 remune-

460 5661 700 5715 rationis.
733 5661 809 5716 Ne
844 5662 931 5716 hic
956 5677 1085 5733 ergo
1105 5677 1336 5719 coronas
1364 5663 1640 5731 exigamus
1659 5703 1674 5727 ,
1723 5676 1788 5714 ne
1816 5661 1867 5713 'rn
1900 5669 2039 5713 tem-

461 5765 591 5821 pore
638 5763 954 5806 coronarum
998 5753 1174 5807 minor
1220 5756 1290 5809 sit
1334 5766 1540 5806 merces
1566 5766 1628 5806 ac
1655 5750 2037 5806 remuneratio.

1146 340 1202 395 S.
1243 336 1518 394 JOANNIS
1550 333 2021 389 ‘CIIRYSOSTOMI
2059 335 2370 393 ARCHIEP.
2411 337 2939 398 CONSTANTINOP.

3578 341 3683 401 57!

2101 445 2557 510 Quemadmodum
2586 452 2727 506 enim
2760 455 2811 507 in
2842 452 3170 519 artificibus,
3214 454 3305 524 qui
3333 455 3539 526 seipsos
3563 457 3683 530 qui-

2101 537 2222 592 dem
2250 538 2434 603 alunt,
2469 542 2726 610 majorem
2757 546 3028 617 accipiunt
3066 548 3410 614 mercedem;
3458 552 3549 619 qui
3593 566 3682 607 au-

2101 637 2211 685 tem
2272 632 2491 687 aluntur
2516 634 2583 687 ab
2609 634 2675 689 iis
2715 637 2805 705 qui
2845 636 3260 705 conduxerunt,
3310 656 3418 696 non
3469 657 3688 712 parvam

2104 730 2307 790 partem
2334 722 2403 777 de
2426 725 2676 781 mercede
2699 726 2993 783 detrahunt
3021 744 3037 785 :
3070 729 3141 785 ita
3168 730 3330 785 etiam
3372 732 3427 787 in
3467 737 3688 800 sanctis,

2102 814 2192 883 qui
2231 813 2369 869 bona
2399 816 2614 887 quidem
2642 817 2771 874 facit
2800 820 3213 878 innumerabilia
3238 832 3295 878 et
3319 825 3679 881 innumerabi-

2104 907 2172 961 lia
2206 909 2401 976 patitur
2430 909 2609 977 mala,
2635 911 2897 982 integram
2928 913 3093 971 habet
3120 917 3424 972 mercedem
3451 926 3508 974 et
3534 919 3691 990 longe

2106 996 2360 1067 majorem
2400 1002 2906 1071 remunerationem,
2939 1019 3047 1060 non
3077 1019 3175 1075 pro
3200 1006 3357 1062 bonis
3376 1008 3548 1064 solum
3569 1022 3690 1080 quae

2105 1088 2250 1157 fecit,
2282 1092 2378 1148 sed
2403 1092 2566 1148 etiam
2598 1109 2696 1163 pro
2720 1095 2878 1151 malis
2916 1113 3037 1167 qua:
3078 1113 3267 1169 passus
3313 1108 3400 1155 est
3430 1119 3443 1155 :
3472 1102 3562 1172 qui
3588 1116 3689 1157 au-

2108 1191 2212 1238 tem
2246 1183 2335 1239 hic
2360 1185 2552 1240 fruitur
2583 1187 2763 1257 quiete
2789 1196 2842 1243 et
2874 1188 3100 1259 deliciis,
3129 1204 3235 1245 non
3274 1201 3380 1247 tam
3410 1194 3690 1262 prteclaras

2108 1271 2217 1327 illic
2246 1271 2409 1329 habet
2440 1290 2690 1331 coronas.
2733 1276 2810 1332 Ne
2838 1277 2927 1334 hic
2954 1293 3083 1349 ergo
3106 1296 3412 1350 qumramus
3438 1298 3692 1340 renume-

2106 1363 2392 1429 rationem,
2440 1366 2536 1421 sed
2580 1377 2706 1423 tunc
2741 1371 3260 1437 maxime’lzetemur,
3291 1375 3507 1443 quando
3547 1376 3683 1431 bona

2107 1468 2270 1524 opera
2317 1466 2539 1525 agentes
2587 1460 2727 1514 male
2776 1465 3030 1530 patimur.
3074 1462 3191 1518 Non
3240 1466 3415 1520 solum
3443 1469 3585 1523 enim
3623 1484 3688 1524 ex

2109 1555 2255 1601 recte
2285 1548 2460 1613 factis,
2501 1550 2595 1604 sed
2639 1552 2801 1605 etiam
2839 1568 2906 1608 ex
2959 1556 3344 1611 tentationibus
3372 1557 3509 1613 Deus
3539 1560 3693 1616 nobis

2111 1636 2218 1692 illic
2244 1639 2483 1693 recondit
2510 1640 2831 1697 mercedem.

2182 1728 2235 1782 4.
2280 1727 2345 1783 Ut
2381 1739 2559 1785 autem
2585 1733 2726 1801 quod
2757 1734 2877 1788 dico
2911 1735 2998 1788 fiat
3037 1735 3373 1793 manifestius
3394 1779 3410 1802 ,
3451 1741 3557 1795 sint
3587 1741 3693 1795 duo

2110 1818 2310 1875 divites
2354 1823 2768 1889 otiaericordcs,
2816 1836 2870 1881 et
2915 1827 3047 1882 dent
3089 1831 3451 1899 pauperibus:
3502 1833 3695 1888 deinde

2110 1925 2299 1967 eorum
2345 1914 2482 1968 alter
2523 1916 2738 1984 quidem
2783 1929 2997 1973 maneat
3043 1922 3095 1974 in
3147 1922 3381 1987 divitiis,
3438 1933 3491 1978 et
3518 1928 3696 1980 omnia

2114 2017 2370 2072 prospere
2395 2004 2446 2059 ei
2467 2007 2753 2061 snrcedant
2777 2025 2791 2070 ;
2813 2010 2953 2065 alter
2969 2021 3143 2066 autem
3166 2013 3365 2067 incidat
3395 2015 3447 2068 in
3469 2031 3695 2086 pauper-

2113 2104 2277 2150 tatem
2300 2105 2354 2152 ct
2381 2098 2598 2152 morbos
2636 2108 2687 2153 et
2717 2101 3070 2166 calamitates,
3097 2114 3152 2159 et
3182 2105 3294 2160 Deo
3329 2117 3447 2176 agat
3474 2113 3690 2177 gratias.

2115 2187 2246 2242 Cum
2277 2204 2407 2258 ergo
2445 2190 2477 2243 ii
2522 2191 2646 2245 hinc
2693 2193 2819 2247 illoc
2861 2196 3232 2259 excesserint,
3280 2198 3399 2266 quis
3440 2200 3694 2269 majorem

2114 2278 2342 2347 accipiet
2382 2281 2720 2335 mercedem?
2750 2300 2926 2337 annon
2963 2286 3300 2353 perapicnum
3329 2301 3410 2343 est
3440 2291 3580 2360 quod
3608 2294 3696 2361 qui

2115 2378 2342 2436 aegrotat
2385 2378 2441 2423 et
2480 2371 2770 2441 affligitur,
2817 2376 3069 2443 quoniam
3120 2387 3175 2430 et
3217 2377 3353 2433 bene
3399 2376 3603 2435 faciens
3645 2394 3698 2437 et

2118 2459 2257 2513 male
2287 2460 2495 2527 patiens
2515 2501 2532 2528 ,
2564 2461 2700 2515 nihil
2730 2478 2918 2532 passus
2955 2475 3041 2520 est
3081 2467 3416 2523 humanum?
3454 2470 3510 2525 Id
3554 2482 3700 2529 certo

2119 2551 2292 2619 palam
2321 2552 2572 2608 tnnnibus
2601 2562 2704 2608 est.
2732 2554 2828 2609 llic
2853 2557 2997 2610 enim
3028 2567 3112 2611 est
3137 2566 3310 2614 statua
3338 2561 3698 2628 adamantina,

2121 2642 2210 2699 hic
2255 2654 2339 2698 est
2383 2659 2572 2699 servus
2614 2657 2796 2714 gratus
2825 2658 2876 2702 et
2919 2649 3227 2705 benevolus.
3269 2653 3327 2707 Si
3367 2666 3543 2710 autem
3595 2652 3698 2710 non

2119 2743 2340 2804 propter
2370 2749 2518 2801 Spem
2553 2737 2697 2805 regni
2726 2750 2939 2808 oportet
2967 2741 3169 2811 aliquid
3196 2743 3317 2797 boni
3350 2743 3524 2800 facere
3547 2787 3563 2810 ,
3607 2746 3699 2801 sed

2123 2836 2338 2896 propter
2367 2826 2420 2881 id
2446 2828 2588 2897 quod
2620 2829 2731 2883 Deo
2758 2831 2972 2886 videtur
2996 2849 3061 2887 ac
3089 2834 3291 2901 placet;
3317 2838 3458 2907 quod
3487 2839 3701 2908 quidem

2121 2927 2204 2971 est
2233 2915 2405 2986 majus
2435 2919 2624 2988 quovis
2656 2935 2824 2989 regno
2849 2937 2865 2985 ;
2895 2923 3020 2991 quid
3052 2937 3288 2980 meretur
3314 2925 3405 2997 qui
3435 2945 3534 2993 eo,
3561 2931 3701 3000 quod

2123 3022 2229 3061 non
2262 3008 2349 3062 hic
2378 3009 2605 3077 accipiat
2632 3014 3150 3079 remunerationem,
3185 3016 3236 3070 in
3266 3020 3562 3074 exercenda
3594 3022 3703 3075 vir-

2125 3107 2237 3154 tute
2262 3110 2343 3154 est
2373 3101 2609 3170 pigrior?
2653 3101 2730 3157 Ne
2769 3117 2899 3173 ergo
2927 3107 3339 3170 conturbamur,
3384 3112 3597 3180 quando
3624 3114 3705 3166 vi-

2123 3190 2387 3259 derimus,
2417 3192 2558 3260 quod
2592 3193 2675 3247 hic
2704 3203 2798 3249 aut
2824 3196 2917 3251 ille
2941 3195 3212 3253 advocatis
3239 3198 3452 3266 viduas,
3482 3214 3536 3257 et
3574 3218 3705 3272 pau-

2124 3298 2282 3352 peres
2346 3283 2721 3353 frequentibus
2772 3286 3046 3357 excipiens
3096 3290 3388 3355 conviviis,
3462 3292 3708 3347 incendio

2126 3382 2371 3428 exosum
2408 3373 2627 3428 domum
2658 3376 2857 3440 amisit,
2897 3388 2991 3432 aut
3023 3379 3254 3450 aliquam
3292 3380 3450 3435 aliam
3480 3384 3709 3438 similem

2130 3480 2320 3535 passos
2359 3475 2444 3521 est
2480 3467 2843 3522 calamitatem
2886 3485 2901 3522 :
2958 3479 3238 3540 propterea
3289 3474 3433 3527 enim
3485 3475 3711 3542 accipiet

2128 3558 2453 3612 mercedem.
2497 3558 2682 3628 Neque
2725 3564 2868 3614 enim
2915 3559 3019 3615 Job
3067 3562 3118 3615 in
3169 3572 3311 3618 tanta
3354 3564 3709 3621 admiratione

2131 3650 2432 3705 habebatur
2475 3664 2694 3721 propter
2732 3652 3108 3724 eleemosynas
3130 3695 3148 3720 ,
3192 3655 3244 3708 in
3269 3663 3462 3724 quanta
3489 3664 3710 3725 propter

2129 3755 2193 3794 ca
2236 3755 2355 3810 qum.
2399 3754 2584 3809 passus
2625 3751 2829 3810 postea.
2877 3742 3164 3812 Propterea
3214 3753 3269 3799 et
3318 3745 3715 3814 vilipenduntnr

2131 3830 2249 3899 ejus
2292 3829 2486 3893 amici,
2519 3839 2574 3884 et
2619 3831 2816 3884 nullius
2857 3842 3144 3885 ecrtsentur
3180 3847 3302 3888 esse
3330 3836 3521 3904 pretii,
3571 3837 3711 3904 quod

2133 3934 2425 3993 praesentes
2468 3934 2773 3992 qua-rcrcnt
2820 3925 3322 3993 renumeratioues,
3375 3936 3429 3981 et
3481 3927 3600 3982 ideo
3658 3928 3712 3983 in

2130 4021 2334 4089 justum
2363 4019 2597 4088 iniquam
2626 4017 2832 4074 ferrent
2857 4021 3200 4074 sententiam.
3230 4020 3305 4076 Ne
3327 4035 3459 4091 ergo
3480 4021 3716 4091 hicqntb

2135 4125 2316 4165 ramus
2355 4111 2877 4174 remunerationem,
2908 4110 3002 4165 sed
3035 4109 3333 4165 efficiamur
3360 4127 3624 4182 pauperes
3660 4121 3718 4166 et

2136 4204 2389 4259 mendici.
2433 4202 2546 4258 Hoc
2575 4205 2717 4257 enim
2760 4211 2905 4258 esset
2940 4213 3195 4258 extrema:
3225 4201 3441 4258 vilitatis
3480 4213 3536 4257 et
3572 4204 3717 4269 abjc-

2135 4297 2360 4361 ctionis,
2402 4310 2525 4350 cum
2563 4296 2750 4349 carlom
2793 4294 2865 4348 sit
2906 4297 3271 4364 propositum,
3312 4304 3365 4349 et
3397 4311 3517 4365 qua:
3557 4310 3717 4365 supra

2136 4389 2345 4452 ca-lum,
2378 4403 2497 4456 quae
2529 4387 2616 4442 hic
2644 4394 2770 4439 sunt
2794 4395 3060 4453 Spectarc.
3085 4384 3163 4439 Ne
3183 4386 3260 4440 sic
3285 4399 3415 4454 ergo
3441 4385 3716 4447 faciamus.

2137 4480 2231 4533 sed
2261 4479 2637 4548 quodcumque
2669 4478 3092 4545 inexspectatum
3137 4478 3291 4532 nobis
3314 4478 3522 4544 jussum
3562 4477 3722 4531 adve-

2140 4574 2317 4634 nerit,
2363 4587 2460 4626 nos
2501 4572 2665 4625 Deum
2705 4570 2919 4624 assidue
2963 4570 3242 4634 colamus,
3285 4580 3341 4623 et
3370 4570 3527 4624 beato
3555 4569 3723 4624 Paulo

2140 4679 2457 4736 pareamus,
2505 4678 2907 4733 pauper-nmque
2949 4663 3183 4718 arculam
3233 4662 3379 4718 domi
3424 4663 3721 4731 faciamus,

2137 4773 2258 4822 qua:
2275 4756 2427 4824 juxta
2458 4756 2633 4808 lorum
2664 4755 2715 4807 in
2743 4769 2850 4822 quo
2874 4762 2985 4809 stas
3005 4768 3164 4808 orans
3185 4752 3285 4807 sita
3309 4754 3377 4806 sit
3404 4771 3415 4806 :
3440 4764 3496 4809 et
3516 4763 3724 4822 quoties

2139 4850 2202 4903 ad
2231 4850 2492 4903 orandum
2526 4847 2690 4901 fueris
2737 4848 3044 4916 ingressus,
3076 4845 3284 4915 depone
3319 4847 3546 4916 primum
3576 4844 3724 4899 eice-

2140 4957 2418 5012 mosynam
2443 4982 2457 5001 .
2489 4948 2545 4995 et
2571 4950 2697 4994 tunc
2722 4941 2908 4994 emitte
2935 4941 3294 5008 precationem
3321 4956 3334 4993 :
3369 4948 3424 4993 ct
3447 4937 3586 4992 sicut
3626 4953 3723 4989 uo-

2141 5035 2303 5088 lucris
2344 5033 2590 5088 manibus
2626 5032 2791 5085 illotis
2819 5031 2884 5085 ad
2912 5031 3171 5085 orandum
3198 5029 3461 5086 accedere
3499 5028 3614 5099 (α),
3647 5027 3725 5081 sic

2140 5141 2313 5194 neque
2355 5126 2556 5200 absque
2599 5123 2963 5194 elecmosyna.
3013 5120 3196 5191 Neque
3237 5122 3377 5175 enim
3425 5121 3602 5173 minus
3642 5127 3725 5173 est

2138 5217 2537 5287 elecmosynam
2568 5215 2639 5270 ibi
2666 5215 2965 5284 depositam
2999 5229 3157 5279 esse,
3198 5230 3358 5282 quam
3384 5211 3723 5282 evangelium

2134 5308 2284 5378 juxta
2337 5308 2533 5361 lectum
2583 5322 2875 5378 appensum
2920 5320 3060 5360 esse.
3114 5304 3244 5359 Nam
3296 5304 3341 5358 si
3390 5302 3724 5372 evangelium

2140 5401 2356 5471 quidem
2386 5400 2733 5468 Suspcuderis
2762 5399 2889 5454 nihil
2919 5399 3142 5460 faciens,
3176 5412 3282 5452 non
3313 5398 3453 5451 adeo
3480 5408 3725 5463 magnam

2141 5489 2372 5560 accipies
2418 5490 2742 5545 utilitatem:
2797 5489 2935 5544 hanc
2978 5499 3155 5543 autem
3204 5487 3407 5542 habens
3450 5485 3723 5544 arculam,

2143 5581 2308 5636 babes
2348 5596 2492 5635 arma
2534 5582 2790 5637 adversus
2816 5580 3109 5643 diabolum,
3140 5580 3505 5650 precationem
3546 5575 3727 5631 reddis

2143 5673 2359 5735 alutam,
2394 5682 2632 5726 sanetum
2662 5673 2880 5726 domum
2913 5672 3221 5735 constituis,
3252 5684 3376 5739 qua:
3421 5668 3609 5723 habeat
3644 5668 3726 5719 in-

2216 5784 2287 5846 (α)
2316 5786 2437 5833 Ante
2462 5792 2790 5848 precationem
2822 5797 2992 5833 cianus
3008 5783 3350 5833 abluebantur.
