4138 6220
487 316 593 372 373

492 430 595 500 ρίς.
630 427 736 481 Καὶ
773 430 881 500 γάρ
912 428 1006 483 τοῦ
1058 426 1389 495 Εὐαγγέλιον
1420 426 1731 496 κρέμασθαι
1774 427 1925 498 παρά
1968 427 2066 498 τὴν

486 518 675 588 κλίνην
696 520 797 572 οὐκ
817 520 1036 573 ἔλαττον
1065 517 1125 569 τὸ
1146 516 1520 587 ἐλεημοσύνην
1552 518 1784 573 κεῖσθαι.
1824 520 2067 588 Εὐαγγέ-

486 609 599 664 λιον
654 611 754 681 μὲν
799 610 907 678 γὰρ
954 607 1047 660 ἐὰν
1105 607 1390 681 κρεμάσῃς
1452 610 1618 679 μηδὲν
1675 610 1865 674 ποιῶν,
1915 612 2066 665 οὐδὲν

488 700 738 754 τοσοῦτον
796 697 1146 769 ὠφεληθήσῃ·
1202 698 1362 752 τοῦτο
1408 699 1463 754 δὲ
1513 700 1653 771 ἔχων
1698 702 1761 755 τὸ
1790 702 2063 767 κιϐώτιον,

489 790 650 845 ὅπλον
688 788 832 857 ἔχεις
858 787 999 841 κατά
1030 787 1123 842 τοῦ
1149 788 1421 857 διαδόλου,
1442 790 1539 861 τὴν
1566 791 1734 864 εὐχὴν
1762 794 2066 866 ὑπόπτερον

492 881 685 942 ποιεῖς,
722 878 884 947 ἁγίαν
920 882 1348 946 κατασκευάζεις
1375 886 1477 955 τὴν
1508 884 1705 948 οὶκίαν,
1738 888 1944 957 τροφὰς
1978 886 2066 941 έν-

489 970 578 1024 δον
601 969 740 1040 έχων
771 971 1141 1043 ἀποκειμένας
1168 973 1263 1026 τοῦ
1290 974 1573 1044 βασιλέως.
1600 976 1760 1048 Παρὰ
1789 979 1947 1032 τοῦτο
1975 981 2068 1033 καὶ

488 1065 521 1134 ή
553 1061 710 1133 κλίνη
735 1075 761 1103 ι
790 1064 992 1118 κείσθω
1019 1064 1167 1138 [406]
1208 1066 1270 1119 τὸ
1295 1067 1568 1133 κιϐώτιον,
1604 1072 1700 1124 καὶ
1728 1072 2066 1138 ἀφαντασία-

489 1170 613 1215 στος
663 1154 816 1209 ἔσται
867 1158 899 1227 η
953 1157 1079 1224 νύξ·
1138 1159 1298 1228 μόνον
1364 1160 1531 1229 μηδὲν
1578 1161 1637 1228 ἐξ
1680 1162 1895 1227 ἀδικίας
1952 1165 2070 1217 ἐκεῖ

486 1243 785 1314 βαλλέσθω.
829 1246 1197 1319 Ἑλεημοσύνη
1227 1248 1335 1320 γὰρ
1362 1250 1422 1302 τὸ
1454 1252 1686 1322 πρᾶγμά
1711 1255 1877 1307 ἐστιν·
1914 1256 2068 1327 ἐλεη-

488 1330 727 1406 μοσύνην
760 1337 818 1390 δὲ
861 1337 970 1391 ἀπὸ
1001 1337 1280 1409 ὠμότητος
1317 1341 1419 1394 οὐκ
1456 1342 1537 1395 ένι
1576 1341 1875 1414 βλαστῆσαί
1911 1360 2062 1401 ποτε.

486 1426 750 1491 Βούλεσθε
807 1430 901 1481 καὶ
952 1429 1049 1492 τάς
1097 1431 1370 1502 ἀφορμὰς.
1412 1433 1536 1486 ὅθεν
1569 1434 1650 1487 δεῖ
1687 1436 2065 1504 καταϐάλλειν,

487 1516 647 1579 εἴπω,
675 1517 816 1571 ὥστε
850 1520 943 1572 καὶ
973 1520 1148 1593 ταύτῃ
1177 1522 1399 1593 ποιῆσαι
1433 1522 1656 1578 εὔκολον
1683 1526 1780 1596 τὴν
1812 1527 2067 1600 τοιαύτην

488 1610 696 1680 φοράν;
734 1610 793 1663 'U
821 1611 1183 1682 χειροτέχνης,
1214 1608 1323 1666 οἷον
1349 1617 1378 1668 ό
1408 1616 1951 1689 ὐποδηματορράφος,
1983 1618 2067 1688 ἢὸ

490 1700 840 1772 σκυτοτόμος,
877 1702 910 1771 ἢ
939 1703 969 1753 ὁ
996 1703 1356 1773 χαλκοτύπος,
1395 1705 1428 1775 ἢ
1466 1705 1652 1776 ἔτερος
1685 1708 1936 1761 ὁστισοῦν
1968 1709 2066 1781 δη-

491 1792 771 1863 μιουργδς,
803 1793 1021 1847 ἐπειδὰν
1056 1793 1282 1867 πωλήσῃ
1326 1813 1380 1848 τι
1425 1797 1534 1849 τῶν
1567 1798 1674 1851 ἀπὸ
1712 1798 1813 1867 τῆς
1843 1800 2059 1871 τέχνης,

488 1883 818 1952 ἀπαρχέσθω
841 1886 941 1955 τῆς
969 1884 1135 1956 τιμῆς
1163 1885 1238 1956 τῷ
1268 1885 1407 1957 Θεῷ,
1446 1888 1830 1944 καταϐαλλέτω
1867 1892 2062 1962 μικρὸν

491 1976 655 2046 μέρος
693 1976 901 2041 αὐτόθι,
928 1980 1023 2030 καὶ
1050 1976 1355 2048 μεριζέσθω
1380 1980 1513 2051 πρὸς
1543 1981 1633 2034 τὸν
1662 1979 1795 2034 θεὸν
1823 1983 1881 2048 ἐξ
1909 1983 2065 2037 ἐλάτ-

487 2083 639 2131 τονος
669 2068 883 2139 μοίρας.
907 2069 1041 2122 Οὐδέ
1071 2069 1181 2140 γὰρ
1210 2069 1353 2141 μέγα
1377 2088 1429 2124 τι
1454 2072 1610 2137 αἰτῶ,
1641 2073 1778 2128 ἀλλά
1808 2075 2064 2130 τοσοῦτον

488 2161 612 2214 ὅσον
642 2159 911 2213 Ἰουδαίων
930 2162 977 2213 οί
999 2162 1201 2232 νήπιοι,
1226 2163 1321 2215 καὶ
1342 2162 1552 2235 μυρίων
1572 2163 1831 2236 γέμοντες
1857 2167 2063 2234 κακῶν,

553 2281 579 2309 ⁸
606 2278 867 2342 Legebatur
890 2281 1020 2342 παρά
1039 2279 1184 2330 τοῦτο
1205 2283 1287 2330 καὶ
1304 2288 1363 2345 τῇ
1387 2282 1548 2346 κλίνῃ.

1147 312 1203 367 S.
1240 308 1525 367 JOANNIS
1560 307 2052 366 CHRYSOSTOMI
2092 304 2412 369 ARCIIIEP.
2453 312 2999 373 CONSTANTINOP.

3634 310 3734 372 δτι

2170 429 2425 485 τοσοῦτον
2458 432 2509 486 οί
2536 432 2628 485 τὸν
2653 430 2882 503 οὐρανθν
2902 426 3307 499 προσδοκῶντες
3340 427 3497 499 ἡμεῖς
3532 430 3737 500 βάλλω-

2172 539 2296 592 μεν.
2326 520 2510 574 Ταῦτα
2548 520 2606 575 δὲ
2634 523 2694 574 οὐ
2732 519 3059 591 νομοθετῶν,
3081 517 3204 571 οὐδὲ
3235 516 3460 571 κωλύων
3483 517 3544 572 τὸ
3582 520 3745 574 πλέον

2168 611 2333 679 λέγω,
2374 610 2489 663 ἀλλ’
2527 609 2693 677 ἀξιῶν
2747 608 2822 679 μὴ
2872 608 3092 663 έλαττον
3130 608 3230 678 τῆς
3279 607 3514 679 δεκάτης
3552 608 3747 681 μοίρας
3792 634 3799 639 ·

2169 700 2504 756 καταθεῖναι.
2532 698 2703 752 Τοῦτο
2724 698 2781 751 δέ
2812 698 2888 770 μὴ
2913 697 3108 751 ’καυλῶν
3138 697 3318 768 μόνον,
3341 697 3479 752 ἀλλά
3498 698 3592 751 καὶ
3615 701 3746 768 ἀγοο

2170 791 2352 864 ράζων
2381 791 2540 846 ποίει.
2574 789 2774 845 Τοῦτον
2808 790 2902 844 καὶ
2934 791 2985 843 οί
3023 790 3150 854 τούς
3186 791 3390 860 ἀγροὺς
3418 791 3745 861 κεκτημένοι.

2165 880 2504 953 τηρείτωσαν
2531 880 2624 934 τὸν
2654 879 2818 950 νόμον
2842 881 2899 933 ἐν
2925 881 3046 943 ταῖς
3066 880 3367 950 προσόδοις·
3389 880 3578 934 τοῦτον
3609 883 3745 936 πάν-

2166 990 2259 1036 τες
2292 973 2342 1026 οί
2371 974 2500 1037 τοὺς
2523 972 2770 1036 δικαίους
2817 971 3167 1041 συλλέγοντες
3206 972 3428 1044 πόρους.
3462 973 3606 1042 Πρὸς
3634 973 3744 1045 γάρ

2166 1067 2295 1129 τούς
2319 1065 2514 1129 τόκους
2538 1063 2906 1139 ἀπαιτοῦντας
2925 1063 3098 1127 οὐδείς
3126 1074 3218 1134 μοι
3245 1062 3423 1130 λόγος,
3460 1063 3580 1116 οὐδὲ
3608 1063 3745 1136 πρὸς

2169 1158 2509 1228 στρατιώτας
2537 1157 2875 1216 διασείοντας
2912 1154 3129 1219 ἄλλους,
3158 1154 3259 1209 καὶ-
3280 1145 3746 1224 πραγματευομέξ

2167 1266 2292 1314 νους
2321 1249 2609 1319 ἀλλοτρίας
2638 1246 2941 1317 συμφοράς·
2969 1246 3120 1300 οὐδὲν
3155 1244 3267 1316 γάρ
3307 1244 3516 1297 ἐκεῖθεν
3556 1244 3745 1313 βούλει⁵

2167 1358 2259 1393 ται
2280 1339 2531 1410 δέχεσθαι
2556 1339 2589 1391 ό
2622 1338 2777 1401 Θεός·
2806 1337 2941 1392 ἀλλά
2974 1336 3111 1408 πρὸς
3133 1336 3260 1399 τοὺς
3296 1337 3362 1388 ἐκ
3385 1335 3610 1388 δικαίων
3642 1337 3743 1388 πό-

2169 1450 2276 1486 νων
2308 1432 2669 1501 συλλέγοντας
2696 1430 2764 1484 τά
2793 1430 2942 1492 ὄντα,
2966 1427 3141 1482 ταῦτα
3170 1426 3335 1495 λέγω.
3373 1425 3485 1479 Καὶ
3519 1425 3627 1497 γὰρ
3648 1426 3744 1479 ἐάν

2168 1525 2227 1576 ὲν
2247 1522 2471 1595 τοιαύτῃ
2494 1520 2750 1591 συνηθείᾳ
2774 1521 3206 1588 καταστήσωμεν
3231 1515 3477 1579 ἑαυτοὺς,
3513 1516 3618 1569 ὑπὸ
3646 1515 3742 1569 τοῦ

2171 1614 2473 1678 συνειδότος
2501 1612 2840 1681 κεντούμεθα
2866 1611 3074 1674 λοιπὸν,
3103 1612 3170 1665 ἀν
3191 1628 3322 1664 ποτε
3346 1607 3535 1663 τοῦτον
3559 1608 3745 1661 ἀπολί-

2170 1723 2365 1776 πωμεν
2395 1706 2489 1759 τον
2520 1704 2705 1774 νόμον,
2734 1704 2827 1757 καὶ
2870 1702 2991 1755 οὐδὲ
3033 1701 3169 1773 βαρύ
3203 1701 3389 1755 λοιπὸν
3422 1700 3485 1754 τὸ
3514 1701 3744 1771 πρᾶγμα

2171 1796 2516 1868 ἡγησόμεθα,
2549 1796 2644 1850 καὶ
2668 1794 2812 1849 κατά
2840 1794 3035 1865 μικρὸν
3064 1793 3158 1847 ἐπὶ
3180 1793 3248 1847 τὰ
3272 1792 3493 1864 μείζονα
3520 1792 3742 1864 ἥξομεν,

2171 1889 2266 1942 καὶ
2314 1886 2711 1957 μελετήσαντες
2756 1884 3056 1957 χρημάτων
3103 1886 3487 1955 καταφρονεῖν,
3521 1884 3614 1936 καὶ
3644 1884 3747 1955 τὴν

2174 1979 2330 2052 ῥίζαν
2355 1979 2466 2033 τῶν
2494 1978 2679 2033 κακῶν
2705 1978 3140 2041 ἀνασπάσαντες,
3161 1975 3252 2029 τόν
3272 1984 3333 2029 τε
3359 1975 3591 2030 ἐνταῦθα
3610 1976 3746 2047 μετά

2171 2072 2356 2135 ἀδείας
2378 2070 2689 2141 βιωσόμεθα
2713 2069 2847 2140 βίον,
2876 2069 3091 2140 καὶτῆς
3119 2066 3417 2139 μελλούσης
3448 2066 3747 2137 τευξόμεθα

2171 2162 2343 2233 ζωῆς·
2387 2159 2455 2235 ἧς
2502 2163 2712 2231 γένοιτο
2763 2162 2971 2225 πάντας
3021 2161 3165 2231 ἡμᾶς
3208 2161 3503 2229 ἐπιτυχεῖν,
3539 2158 3635 2211 καὶ
3679 2158 3747 2211 τά

2174 2255 2326 2326 ἑξῆς-

3020 2378 3233 2401 *ἡ

1949 2464 2199 2524 ΟΜΙΛῙΛ
2234 2464 2365 2526 MA'.

574 2559 711 2615 Ἐὰν
736 2558 806 2614 δὲ
833 2559 980 2629 ἔλθῃ
1016 2561 1288 2629 Τιμόθεος
1311 2559 1462 2627 πρὸς
1490 2557 1664 2630 ὑμᾶς.
1689 2559 1952 2626 ,βλέπετε
1971 2562 2072 2617 ἵνα

843 2631 1079 2700 ἀφόϐως
1102 2630 1343 2699 γένηται
1367 2630 1517 2698 πρὸς
1538 2631 1715 2700 ὑμᾶς.

568 2746 639 2798 α’.
677 2742 831 2812 Τάχα
846 2760 930 2806 τις
953 2742 1163 2813 ἡγεῖται
1183 2741 1401 2805 ἀνάξιον
1420 2732 1560 2796 εἶναι
1585 2745 1684 2814 τῆς
1703 2743 1953 2815 ἀνδρείας
1970 2738 2073 2815 τῆς

493 2826 760 2901 Τιμοθέου
790 2831 888 2903 τὴν
923 2830 1270 2901 παράκλησιν
1299 2830 1524 2901 ταύτην·
1553 2831 1669 2885 ἀλλ’
1703 2834 1766 2886 οὐ
1804 2833 2070 2905 Τιμοθέου

493 2921 680 2975 ἕνεκεν
710 2921 869 2975 τοῦτο
902 2922 1139 2993 εἴρηται,
1180 2918 1316 2976 ἀλλά
1349 2924 1458 2976 τῶν
1490 2923 1818 2989 ἀκουόντων,
1866 2924 1954 2980 ἵνα
1995 2927 2071 2998 μὴ

492 3012 581 3067 διά
606 3014 702 3083 τῆς
738 3015 818 3078 είς
854 3013 1015 3067 αὐτὸν
1054 3011 1349 3085 ὲπιὸουλῆς
1375 3013 1602 3078 ἑαυτοὺς
1626 3016 2069 3087 καταδλάψωσιν·

492 3105 699 3167 ἐκεῖνος
739 3102 839 3175 μὲν
864 3104 971 3174 γάρ
992 3104 1078 3158 ἀεὶ
1108 3103 1245 3176 πρὸς
1283 3104 1562 3170 κινδύνους
1587 3096 1655 3178 ἦν
1688 3108 2074 3179 παρεμϐεϐλη-

496 3198 678 3268 μένος.
717 3193 815 3263 Ὠς
840 3197 950 3267 γὰρ
974 3197 1151 3265 πατρί
1179 3194 1395 3251 τέκνον
1413 3197 1536 3252 σὺν
1552 3198 1680 3268 ἐμοὶ
1706 3199 2075 3256 ἐδούλευσεν

493 3288 564 3341 ἐν
591 3286 670 3353 τῷ
695 3287 1063 3358 Εὑίιγγελίφ,
1099 3288 1282 3359 φησίν.
1325 3288 1466 3341 Ἀλλ’
1493 3286 1579 3342 ἵνα
1619 3290 1695 3360 μὴ
1728 3290 1838 3344 ἀπὸ
1866 3286 1964 3362 τῆς
1994 3288 2075 3355 είς

494 3377 586 3431 τὸν
609 3378 854 3450 μαθητὴν
876 3379 1235 3450 θρασύτητος,
1267 3379 1359 3432 καὶ
1381 3381 1459 3444 εἰς
1480 3380 1572 3433 τὸν
1595 3380 1915 3435 διδάσκαλον
1946 3401 2077 3454 προ⁹

495 3467 691 3523 έλθωσι
715 3472 811 3523 καὶ
835 3468 1052 3541 χείρους
1076 3469 1363 3539 γένωνται,
1387 3467 1669 3543 πόρρωθεν
1689 3473 1885 3537 αὐτοὺς
1904 3485 2075 3529 κατα-

498 3558 727 3625 στέλλει,
758 3560 949 3628 λέγων·
982 3562 1106 3615 Ἵνα
1147 3559 1382 3630 ἀφόϐως
1429 3561 1671 3630 γένηται
1709 3563 1858 3630 πρὸς
1899 3564 2071 3633 ὑμᾶς·

495 3651 796 3715 τουτέστιν,
832 3651 920 3705 ίνα
954 3651 1028 3722 μή
1053 3666 1137 3715 τις
1157 3647 1324 3706 αὐτοῦ
1351 3653 1804 3719 κατεξανιστᾶται
1832 3655 1942 3708 τῶν
1971 3656 2077 3709 ἀπο

495 3740 858 3811 εγνωσμένων
898 3742 1140 3797 ἐκείνων.
1186 3743 1298 3797 Καὶ
1337 3748 1445 3815 γὰρ
1480 3726 1704 3814 ἔμελλεν
1738 3746 1920 3812 αὐτοῖς
1945 3748 2074 3812 ἴσως

497 3832 776 3903 ἐπιτιμᾷν,
810 3832 950 3903 ὑπὲρ
984 3826 1059 3887 ὧν
1088 3834 1183 3887 καὶ
1216 3832 1427 3898 Παῦλος
1470 3832 1747 3889 ἐπέστειλε
1768 3852 1781 3864 ·
1823 3838 1918 3890 καὶ
1964 3836 2074 3908 γὰρ

498 3925 861 3995 ἐπηγγείλατο
883 3926 950 3979 δι’
968 3925 1099 3979 αὐτὸ
1127 3926 1286 3980 τοῦτο
1308 3927 1550 3998 πέμπειν
1580 3929 1764 3982 αὐτόν.
1800 3930 2078 3999 Ἔπεμψα

497 4016 604 4087 γὰρ
635 4018 913 4087 Τιμόθεον
938 4018 1100 4087 ὑμῖν,
1124 4017 1310 4090 φησὶν,
1340 4017 1408 4085 ὃς
1432 4018 1590 4089 ὑμᾶς
1608 4019 1944 4089 ἀναμνήσει
1972 4021 2079 4085 τὰς

497 4109 680 4176 ὁδούς
709 4107 858 4182 [407]
877 4128 997 4180 μου
1032 4110 1140 4177 τὰς
1161 4111 1232 4165 ἐν
1257 4110 1509 4179 Χριστῷ,
1544 4112 1737 4178 καθὼς
1766 4109 2077 4182 πανταχοῦ

497 4197 568 4251 ἐν
593 4196 761 4265 πάσῃ
795 4196 1132 4265 Ἐκκλησία
1160 4196 1443 4252 διδάσκω.
1482 4197 1577 4251 Ἴν⁹
1601 4194 1695 4252 οὖν
1729 4198 1803 4271 μὴ
1826 4199 2077 4271 εὐγενείᾳ

499 4287 594 4343 καὶ
619 4288 833 4360 πλούτῳ
860 4288 952 4342 καὶ
974 4292 1041 4360 τῇ
1064 4288 1157 4342 τοῦ
1187 4286 1360 4359 δήμου
1393 4288 1650 4344 συστάσει
1673 4291 1765 4345 καὶ
1787 4294 1853 4363 τῇ
1876 4291 2077 4357 ἔξωθεν

500 4381 663 4454 σοφίᾳ
691 4381 1023 4454 θαρροῦντες
1052 4379 1347 4435 ἐπίθωνται
1378 4384 1470 4436 καὶ
1496 4383 1801 4438 διαπτύωσι
1840 4383 1933 4438 καὶ
1954 4387 2077 4438 ἑπι-

500 4471 888 4538 σουλεύσωσιν,
919 4472 1215 4541 ἀλγοῦντες
1261 4475 1376 4536 τοῖς
1402 4473 1645 4545 ἐλέγχοις
1673 4477 1785 4539 τοῖς
1814 4476 1946 4547 παρ’
1978 4475 2078 4529 αὐα

498 4560 615 4628 τοῦ,
640 4561 674 4633 ἢ
705 4559 848 4634 ὐπέρ
876 4558 951 4616 ὧν
977 4564 1006 4615 ὁ
1024 4561 1345 4625 διδάσκαλος
1376 4565 1698 4636 ἐπετίμησε,
1728 4562 1887 4637 δίκην
1916 4565 2077 4619 αὐτὸν

498 4655 881 4725 ἀπαιτήσωσιν
923 4652 1129 4706 ἐκεῖνον
1168 4654 1523 4723 ἀμυνόμενοι,
1561 4654 1651 4708 διὰ
1682 4655 1841 4709 τοῦτό
1886 4666 2073 4725 φησιν·

503 4746 629 4799 Ἵνα
654 4746 893 4816 ἀφόϐως
924 4745 1166 4816 γένηται
1190 4743 1338 4812 πρὸς
1364 4743 1540 4813 ὑμᾶς.
1576 4744 1668 4816 Μὴ
1693 4747 1801 4817 γάρ
1832 4763 1923 4815 μοι
1950 4747 2078 4809 τοὺς

501 4836 698 4901 ἔξωθεν
733 4838 894 4912 εἴπης
932 4836 1060 4902 τοὺς
1092 4834 1357 4907 ’Έλληνά
1400 4837 1493 4889 καὶ
1532 4836 1815 4900 ἀπίστους·
1844 4836 1915 4890 τὰ
1946 4837 2079 4909 παρ’

502 4925 657 4994 ὑμῶν
686 4928 921 4991 ἀπαιτῶ,
952 4927 1093 5000 ὑπὲρ
1122 4923 1197 4983 ὧν
1228 4928 1321 4983 καὶ
1350 4930 1384 5000 ή
1421 4924 1709 4999 Ἐπιστολὴ
1737 4927 1923 4982 ἅπασα
1957 4946 2079 4983 συν-

504 5013 684 5085 ετέθη,
718 5013 811 5078 οὓς
838 5017 933 5070 καὶ
954 5020 1010 5070 ὲν
1039 5020 1179 5089 ἀρχῇ
1214 5020 1309 5071 καὶ
1337 5018 1643 5089 προοιμίοις
1685 5017 1939 5089 ἐφόϐησε.
1979 5020 2081 5073 Διά

502 5102 663 5158 τοῦτο
678 5098 817 5156 εἷπε·
845 5106 1000 5173 Πρὸς
1026 5105 1203 5174 ὑμᾶς.
1236 5103 1366 5160 Εἶτα
1387 5109 1496 5161 ἀπὸ
1513 5109 1611 5179 τῆς
1631 5108 1906 5172 διακονίας
1926 5109 2071 5173 ἀξιό-

502 5213 695 5252 πιστον
740 5195 902 5249 αὐτὸν
953 5200 1097 5250 ποιεῖ
1143 5196 1336 5266 λέγων·
1375 5200 1445 5252 Τὸ
1492 5201 1601 5268 γὰρ
1638 5200 1818 5271 ἔργον
1853 5203 2077 5270 Κυρίου

500 5286 818 5360 ἐργάζεται.
847 5286 938 5358 Μὴ
966 5285 1075 5357 γάρ
1095 5287 1158 5359 δὴ
1182 5287 1338 5341 τοῦτο
1366 5289 1501 5359 ἴδῃς,
1528 5291 1713 5357 φησιν,
1741 5293 1790 5344 εί
1815 5292 1889 5363 μὴ
1915 5292 2081 5345 πλού-

503 5396 638 5445 σιος,
674 5382 722 5434 εί
774 5380 848 5451 μὴ
890 5378 1262 5443 εὐπαίδευτος,
1316 5381 1449 5451 μηξέ
1484 5381 1820 5454 πρεσϐύτης,
1858 5384 1993 5436 ἀλλά
2024 5382 2078 5434 τί

501 5473 855 5526 ἐπιτέτακται
881 5473 975 5526 καὶ
1000 5472 1172 5525 ἀνύει·
1210 5473 1279 5525 Τὸ
1311 5474 1423 5543 γὰρ
1448 5471 1629 5543 ἔργον
1653 5474 1877 5540 Κυρίου
1903 5470 2078 5541 ἐργὰι-

501 5560 674 5622 (erat.
713 5562 885 5617 Τοῦτο
915 5563 972 5617 δέ
1002 5565 1122 5618 ἀντὶ
1149 5562 1329 5632 πάσης
1356 5563 1505 5633 αὐτῷ
1546 5562 1640 5615 καὶ
1671 5562 1951 5630 εὐγενείας
1984 5562 2079 5627 καὶ

500 5651 733 5704 πλούτου
782 5655 877 5705 καὶ
918 5654 1138 5723 ἡλικίας
1180 5656 1274 5707 καὶ
1320 5655 1514 5723 σοφίας
1558 5654 1796 5723 ἀπόχρη.
1840 5653 1948 5705 Καὶ
1976 5651 2079 5704 οὐκ

500 5741 742 5812 ἠρκέσθη
787 5741 982 5813 τούτῳ,
1014 5746 1149 5797 ἀλλά
1190 5744 1522 5815 προσέθηκε·
1566 5743 1773 5805 Καθὼς
1817 5741 1914 5794 καί
1942 5740 2074 5812 ἐγώ·

505 5832 598 5887 καὶ
638 5833 916 5902 ἀνωτέρω,
943 5833 1043 5899 ’⁸ος
1075 5835 1210 5887 ἐστί
1234 5851 1353 5903 μου
1389 5834 1604 5889 τέκνον
1633 5820 1945 5901 ἱῐγτιπητόν
1977 5834 2074 5890 καί

2174 2562 2397 2617 πιστὸν
2444 2560 2517 2615 ἐν
2555 2555 2784 2628 Κυρίῳ·
2834 2552 3018 2625 αὐτὸς
3057 2550 3212 2629 ὑμᾶς
3256 2556 3593 2627 ἀναμνήσει
3644 2548 3749 2625 τὰς

2173 2649 2355 2718 ὁδούς
2378 2669 2498 2721 μου
2529 2650 2639 2717 τὰς
2670 2650 2740 2704 ἐν
2763 2649 3014 2719 Χριστῷ.
3058 2650 3210 2704 Ἐπεὶ
3243 2645 3337 2703 οὖν
3365 2650 3459 2701 καὶ
3499 2646 3619 2711 νέος
3654 2642 3744 2719 ἦν,

2173 2741 2269 2795 καὶ
2313 2742 2474 2813 μόνος
2518 2740 2855 2811 ἐνεχειρίσθη
2910 2734 3162 2793 τοσούτου
3209 2732 3383 2809 δήμου
3442 2734 3743 2808 διόρθωσιν,

2172 2833 2459 2903 ἀμφότερα
2512 2827 2569 2884 δὲ
2622 2833 2702 2894 εἰς
2753 2826 3154 2901 καταφρόνησιν
3189 2821 3344 2900 ἦγεν,
3381 2824 3606 2891 εἰκότως
3647 2829 3747 2880 ἐπ·-

2174 2925 2318 2993 άγει·
2344 2924 2440 2991 Μή
2468 2941 2559 2989 τις
2591 2917 2705 2978 οὖν
2726 2921 2913 2975 αὑτὸν
2944 2914 3347 2989 ἐξουθενήσῃ.
3377 2919 3485 2973 Καὶ
3507 2918 3567 2971 οὐ
3593 2917 3751 2971 τοῦτο

2173 3016 2397 3070 ἀπαιτεῖ
2421 3014 2601 3085 μόνον,
2637 3012 2774 3067 ἀλλὰ
2808 3012 2901 3066 καὶ
2931 3011 3097 3083 τιμὴν
3130 3010 3371 3065 πλείονα·
3406 3010 3486 3064 διὸ
3520 3009 3614 3063 καί
3645 3025 3749 3078 φη-

2175 3121 2264 3158 σι·
2283 3102 2678 3173 Προπέμψατε
2703 3100 2771 3154 δὲ
2799 3101 2987 3155 αὑτὸν
3010 3100 3139 3169 μετ’
3159 3095 3425 3167 εἰρήνης·
3450 3088 3749 3155 τουτ’έστιν.

2176 3194 2419 3265 ἀφόϐως,
2453 3193 2529 3265 μὴ
2572 3192 2751 3264 μάχας
2779 3189 2875 3245 καὶ
2900 3187 3235 3259 φιλονεικίας
3262 3178 3643 3260 ἐμποιοῦντες,
3676 3186 3753 3258 μὴ

2176 3283 2377 3358 ἔχθρας
2412 3284 2507 3338 xal
2536 3282 2852 3354 ἀπεχθείας,
2878 3282 2990 3336 ἀλλ’
3030 3280 3308 3352 ὑποταγὴν
3334 3279 3431 3334 καὶ
3461 3279 3648 3351 τιμὴν,
3678 3279 3757 3342 ὡς

2175 3375 2480 3445 διδασκάλῳ
2514 3376 2894 3446 προσέχοντες.
2926 3372 3061 3429 Ἵνα
3096 3371 3245 3441 ἔλθῃ
3284 3370 3433 3440 πρός
3452 3386 3529 3441 με
3550 3386 3563 3399 ·
3587 3369 3759 3424 ἐκδὲδ

2178 3480 2354 3537 xoqu
2390 3467 2500 3537 γὰρ
2547 3465 2735 3518 αὑτὸν
2761 3466 2915 3532 μετὰ
2960 3461 3079 3516 τῶν
3113 3457 3412 3530 ἀδελφῶν.
3456 3460 3564 3513 Καὶ
3598 3459 3758 3512 τοῦτο

2178 3556 2471 3631 φοδοῦντος
2509 3556 2705 3618 αὐτοὺς
2746 3550 2833 3626 ἦν.
2873 3554 2993 3607 Ἵνα
3034 3553 3142 3624 γὰρ
3186 3552 3407 3616 εἰδότες,
3448 3551 3529 3602 ὅτι
3575 3550 3755 3602 πάντα

2178 3648 2459 3722 εἰρήσεται
2498 3641 2634 3719 πρὸς
2673 3637 2836 3699 αὐτὸν
2868 3642 3013 3716 ἀπερ
3050 3640 3117 3699 ἀν
3161 3638 3325 3714 πάθῃ,
3356 3639 3756 3707 ἐπιεικέστεροι

2179 3742 2465 3811 γένωνται,
2511 3737 2600 3791 διὰ
2644 3735 2803 3790 τοῦτο
2853 3735 3214 3806 προσέθηκεν·
3258 3730 3604 3799 Ἐκδέχομαι
3644 3727 3757 3797 γὰρ

2180 3834 2387 3887 αὐτόν.
2428 3830 2638 3893 Ἄλλως
2681 3830 2738 3882 δὲ
2773 3829 2867 3882 καλ⁵
2892 3826 3142 3881 ἐντεῦθεν
3169 3824 3482 3889 ἀξιόπιστον
3512 3823 3675 3880 ποιεῖ,
3707 3820 3761 3873 et

2179 3941 2243 3994 γε
2286 3923 2495 3995 μέλλων
2536 3914 2758 3987 ἐξιέναι,
2810 3919 2973 3973 αὐτὸν
3022 3915 3332 3988 περιμένει,
3381 3914 3474 3967 καὶ
3522 3911 3620 3982 τὴν
3676 3912 3757 3972 είς

2178 4016 2419 4078 ἐκείνους
2447 4014 2717 4067 δείκνυσιν
2751 4011 2995 4081 ἀγάπην,
3024 4010 3155 4063 ὅταν
3183 4007 3275 4060 τὸν
3308 4005 3453 4060 οὐτω
3482 4006 3756 4075 χρήσιμον

2178 4108 2244 4162 δι’
2274 4106 2470 4169 αὐτοὺς
2498 4101 2758 4174 φαίνηται
2789 4101 3033 4172 πέμψας.
3067 4100 3207 4167 Περὶ
3242 4094 3312 4152 δὲ
3348 4095 3623 4152 Ἀπολλὼ
3649 4091 3755 4148 τοῦ

2178 4197 2450 4267 ἀδελφοῦ
2502 4197 2705 4251 πολλὰ
2754 4189 3142 4262 παρεκάλεσα
3198 4189 3405 4253 αὑτὸν,
3463 4189 3557 4241 ἵνα
3608 4185 3751 4252 ἔλθῃ

2179 4290 2330 4359 πρὸς
2370 4287 2526 4358 ὑμᾶς
2560 4287 2712 4358 μετὰ
2748 4280 2864 4340 τῶν
2899 4282 3198 4353 ἀδελφῶν.
3229 4276 3401 4342 Οὗτος
3441 4278 3537 4332 καὶ
3570 4275 3754 4329 εὐπαί-

2178 4379 2361 4443 δευτος
2400 4378 2546 4431 δοκεῖ
2582 4372 2742 4438 εἶναι,
2788 4374 2883 4427 καὶ
2915 4370 3289 4442 πρεσϐύτερος
3331 4366 3426 4419 τοῦ
3466 4361 3753 4433 Τιμοθέου.

2181 4466 2278 4522 ⁹Ἰν”
2297 4464 2391 4523 οὖν
2416 4467 2490 4538 μὴ
2510 4467 2732 4535 λέγωσι·
2756 4463 2822 4515 Τί
2849 4460 3051 4532 δήποτε
3082 4459 3172 4510 τὸν
3212 4456 3310 4527 μὲν
3336 4453 3503 4523 ἄνδρα
3529 4450 3628 4502 οὐκ
3654 4450 3760 4501 ἀπο

2180 4559 2409 4621 έστειλε,
2435 4558 2525 4610 τὸν
2555 4557 2612 4609 δὲ
2641 4555 2760 4608 νέον
2784 4552 2899 4608 ἀντ’
2928 4549 3134 4603 ἐκείνου
3154 4563 3170 4613 ;
3194 4545 3297 4617 δρα.
3329 4544 3423 4596 καλ⁵
3454 4540 3612 4593 τοῦτο
3644 4538 3759 4598 πῶς

2179 4648 2608 4721 παραμυθεῖται,
2647 4643 2875 4714 ἀδελφόν
2909 4654 2969 4696 τε
3005 4638 3166 4694 αὐτὸν
3204 4635 3407 4696 καλῶν,
3450 4632 3548 4685 καὶ
3587 4629 3759 4683 πολλά

2185 4739 2686 4811 παρακεκληκέναι,
2721 4737 2916 4805 λέγων.
2945 4731 3064 4787 Ἵνα
3094 4732 3204 4802 γὰρ
3249 4729 3324 4799 μὴ
3349 4725 3475 4797 δόξῃ
3505 4735 3759 4795 προτετιδ

2184 4835 2416 4909 μηκέναι
2468 4830 2633 4887 αὐτοῦ
2676 4830 2767 4883 τὸν
2798 4826 3082 4899 Τιμόθεον,
3124 4826 3218 4877 καὶ
3243 4821 3332 4876 διὰ
3352 4818 3512 4909 τοῦτο
3551 4815 3759 4909 μηάπι

2181 4900 2523 4989 εσταλκέναι,
2561 4921 2657 4976 καὶ
2682 4919 2901 4975 πλείονα
2924 4910 3167 4984 ὲκηαύσῃ
3199 4911 3291 4994 τον
3311 4907 3524 4979 φθόνον,
3549 4900 3762 4994 ἐϊιήγα⁴

2181 5031 2265 5087 γε·
2299 5015 2505 5070 Πολλὰ
2533 5013 2720 5067 αὐτὸν
2742 5005 3147 5087 παρεκάλεσα,
3188 4989 3289 5055 ἵνα
3325 5000 3497 5065 ἔλθῃ.
3529 4995 3594 5048 Τί
3625 4989 3718 5047 οὖν
3744 5007 3762 5054 ἶ

2185 5086 2285 5162 οὐκ
2325 5104 2466 5172 εἶξεν
2501 5107 2706 5167 ἐκεῖνος
2746 5101 2866 5155 οὐδέ
2904 5086 3217 5156 ἐπένευσεν,
3251 5091 3367 5146 ἀλλ’
3394 5090 3627 5157 ἀντέστη
3670 5088 3766 5139 καὶ

2186 5199 2622 5268 ἑφι).ονείκησεν;
2656 5194 2729 5248 Οὐ
2756 5192 2902 5261 λέγει
2924 5188 3102 5251 τοῦτο,
3134 5184 3246 5251 ἀλλἴ
3272 5184 3357 5236 ἵνα
3388 5182 3526 5253 μήτε
3558 5180 3766 5268 ἐκεῖνον

2181 5266 2435 5359 διαϐάλῃ,
2476 5266 2571 5341 καὶ
2610 5286 2749 5356 ὑπὲρ
2780 5279 2975 5335 ἐαυτοῦ
3008 5276 3438 5345 ἀπολογήσηται,
3656 5266 3763 5359 Καὶ

2183 5355 2413 5441 πάντως
2436 5380 2546 5431 οὐκ
2569 5373 2646 5446 ἦν
2675 5355 2920 5441 θέλημα,
2954 5370 3056 5422 ἵνα
3082 5365 3199 5421 νῦν
3220 5366 3389 5429 ἔλθῃ.
3425 5355 3557 5412 Εἶτα
3578 5358 3664 5409 ἵνα
3691 5356 3767 5425 μὴ

2184 5470 2437 5537 λέγωσιν,
2468 5469 2550 5521 ὅτι
2589 5466 2787 5536 σκῆψις
2809 5461 2984 5515 ταῦτα
3016 5459 3108 5512 καὶ
3137 5457 3430 5527 πρόφασις,
3464 5452 3763 5537 ἐπήγαγεν·

2198 5534 2539 5612 Ἐλεύσεται
2565 5555 2633 5606 δὲ
2653 5534 2803 5621 πρὸς
2833 5549 3011 5620 ὑμᾶς.
3043 5547 3189 5600 ὅταν
3216 5540 3569 5607 εὐκαιρήσῃ.
3597 5534 3770 5588 Τοῦτο

2185 5653 2278 5705 καὶ
2329 5652 2467 5719 ὑπὲρ
2502 5650 2711 5703 ἐκείνου
2751 5644 3150 5714 ἀπελογήσατο.
3189 5639 3282 5692 καὶ
3332 5636 3526 5696 αὐτοῦς
3572 5634 3762 5684 ἐπιποι

2186 5742 2412 5805 θοῦντας
2450 5741 2611 5795 αὐτὸν
2645 5743 2710 5810 τῇ
2746 5738 2922 5790 ἐλπίδι
2959 5735 3060 5803 τῆς
3088 5730 3388 5802 παρουσίας
3430 5725 3763 5810 ἀνέπαυσεν.

2185 5827 2315 5887 Εἶτα
2347 5830 2563 5892 δεικνὺς
2590 5808 2801 5880 ὅτιούκ
2830 5826 2890 5877 ἐν
2913 5820 3064 5893 [408]
3094 5822 3208 5884 τοῖς
3241 5813 3604 5879 διδασκάλοις,
3632 5808 3770 5863 ἀλλά
