4122 6226
435 302 541 360 373

430 447 518 494 tus
577 430 834 494 alimenta
885 432 1028 505 regis
1079 426 1373 488 recondita.
1437 425 1561 481 Ideo
1615 433 1668 478 et
1722 423 1870 494 juxta
1925 421 2004 477 le-

427 543 575 586 ctum
627 529 728 585 sita
771 527 842 583 sit
891 524 1090 590 arcula,
1135 534 1345 591 noxque
1397 517 1554 572 nullis
1606 514 2002 588 perturbabitur

428 623 561 678 visis
600 630 655 676 et
695 618 1018 675 insomniis:
1065 623 1268 670 tantum
1312 609 1443 665 nihil
1488 611 1542 663 in
1583 622 1700 663 eam
1744 605 2008 676 injiciatur

429 729 497 770 ex
529 710 806 781 injustitia.
837 706 1191 776 Eleemosyna
1217 701 1359 758 enim
1387 715 1476 755 res
1513 706 1633 753 est:
1674 695 1786 750 ficri
1825 703 2002 748 autem

428 821 538 862 non
572 812 746 874 potest
779 811 838 856 ut
865 800 1202 869 eleemosyna
1234 809 1482 864 umquam
1509 791 1770 862 germinet
1791 803 1856 845 ex
1885 803 2008 842 cru-

429 897 672 954 delitate.
701 892 878 949 Vultis
913 899 968 946 et
996 887 1148 944 vobis
1180 887 1354 942 dicam
1393 882 1663 939 undenam
1703 877 2012 950 impendere

429 999 486 1046 et
531 987 709 1057 largiri
740 991 1015 1055 oporteat,
1059 989 1118 1035 ut
1157 978 1258 1033 hac
1300 990 1513 1047 quoque
1552 975 1758 1029 ratione
1805 971 2010 1025 facilem

430 1096 549 1137 eam
582 1077 788 1132 faciatis
834 1068 1220 1130 collationem?
1249 1066 1438 1138 Opifex
1461 1105 1476 1130 ,
1522 1063 1666 1119 velut
1708 1061 2011 1116 calceorum

430 1169 854 1228 consarcinator,
884 1171 976 1218 aut
998 1159 1282 1235 cpriarius,
1310 1165 1402 1212 aut
1437 1156 1598 1210 faber
1639 1151 1891 1216 terarius,
1921 1156 2013 1202 aut

429 1262 606 1334 quivis
633 1261 768 1316 alius
787 1255 1001 1321 artifex,
1019 1269 1139 1309 eum
1170 1251 1366 1322 aliquid
1393 1246 1689 1303 vendiderit
1715 1259 1783 1300 ex
1809 1243 1874 1298 iis
1892 1255 2011 1311 quae

429 1371 526 1412 sua
555 1365 672 1408 arte
702 1351 864 1416 fiunt,
897 1348 987 1402 det
1013 1347 1121 1401 Deo
1149 1342 1410 1414 primitias
1438 1339 1593 1411 pretii
1617 1380 1632 1405 ,
1679 1337 1749 1392 ibi
1791 1349 2008 1406 parvam

431 1457 639 1518 partem
668 1443 882 1514 dejiciat
901 1482 916 1506 ,
943 1449 1000 1495 et
1026 1455 1092 1494 ex
1121 1435 1316 1492 minori
1342 1442 1492 1506 parte
1515 1447 1637 1486 cum
1671 1431 1779 1485 Deo
1807 1427 2010 1498 partia-

432 1550 538 1596 tur.
579 1539 760 1608 Neque
802 1533 942 1589 enim
987 1545 1233 1599 magnum
1273 1525 1400 1598 quid
1446 1534 1620 1595 peto,
1659 1520 1758 1577 sed
1807 1527 2008 1574 tantum

431 1640 686 1702 quantum
725 1625 1036 1682 .ludzcorum
1078 1620 1342 1684 infantes,
1371 1625 1425 1672 et
1452 1615 1599 1671 mille
1641 1613 1798 1669 malis
1824 1610 2006 1682 pleni,

434 1733 640 1780 tantum
673 1735 771 1775 nos
799 1719 886 1790 qui
926 1716 1114 1772 caelum
1138 1723 1534 1782 exspectamus,
1563 1707 1841 1779 iaciamus.
1883 1703 2010 1758 llaec

433 1825 612 1870 autem
643 1811 764 1866 dico
797 1824 904 1864 non
951 1808 1121 1878 legem
1157 1804 1334 1860 ferens
1354 1844 1369 1868 ,
1401 1815 1573 1871 neque
1604 1796 1894 1869 prohibens
1942 1809 2010 1850 ne

433 1908 551 1978 plus
578 1917 784 1974 croges,
814 1899 908 1956 sed
933 1913 1142 1970 aequum
1170 1909 1397 1952 censeas
1422 1903 1478 1948 ut
1503 1907 1610 1946 non
1636 1890 1814 1944 minus
1842 1886 2006 1956 depo-

1373 305 1378 308 '
1449 292 1512 347 IN
1554 288 1763 346 EPIST.
1807 289 1826 343 l
1889 287 1978 342 AD
2018 285 2173 342 COR.
2215 284 2448 342 HOMIL.
2487 285 2670 342 XLIV.

3588 294 3691 347 δη

2110 433 2206 474 nas
2231 433 2389 489 quam
2419 429 2622 489 partem
2639 419 2923 476 decimam.
2949 421 3060 477 Hoc
3083 431 3260 478 autem
3285 424 3366 480 fac
3391 441 3494 481 non
3519 427 3690 482 solum

2108 513 2366 578 vendens,
2386 512 2479 567 sed
2508 513 2668 568 etiam
2695 529 2901 570 emens.
2919 515 3067 571 Hanc
3094 518 3264 588 legem
3293 521 3452 573 etlam
3478 531 3694 575 servent

2111 605 2200 675 qui
2231 604 2429 674 praedia
2461 605 2738 675 possident
2763 607 2816 660 in
2843 609 3226 677 proventibus:
3255 625 3372 664 eam
3399 624 3588 665 omnes
3602 613 3691 680 qui

2110 695 2288 765 justos
2311 695 2572 766 colligunt
2600 707 2910 766 proventus.
2937 699 3018 754 Ad
3043 715 3137 754 eos
3165 701 3328 768 enim,
3361 701 3449 772 qui
3477 717 3692 758 usuram

2114 787 2369 857 exigunt,
2398 802 2427 840 a
2452 803 2538 843 me
2563 789 2725 844 verba
2752 805 2858 844 non
2889 791 3056 856 fiunt;
3087 808 3260 862 neque
3287 793 3353 848 ad
3379 794 3577 848 milites
3601 795 3692 865 qui

2113 877 2248 933 alios
2303 880 2659 942 concutiunt,
2718 891 2772 935 et
2809 881 2929 936 aliis
2979 894 3269 952 procurant
3315 884 3690 940 calamitates:

2116 967 2258 1024 Deus
2301 969 2444 1023 enim
2486 967 2621 1024 nihil
2665 971 2788 1026 inde
2831 972 2944 1026 vult
2973 973 3253 1044 accipere:
3285 974 3377 1029 sed
3419 974 3535 1030 haec
3573 975 3696 1029 dico

2114 1059 2216 1124 eis,
2245 1060 2336 1130 qui
2367 1075 2430 1116 ex
2456 1060 2615 1131 justis
2642 1062 2914 1119 laboribus
2942 1063 3222 1120 facultates
3247 1067 3523 1136 colligunt.
3561 1065 3696 1122 Nam

2115 1152 2160 1206 si
2205 1167 2304 1208 nos
2352 1153 2498 1223 ipsos
2535 1153 2600 1208 ad
2645 1169 2764 1209 cam
2805 1155 3185 1212 deduxerimus
3214 1156 3652 1213 consuetudinem
3678 1198 3696 1222 ,

2116 1257 2216 1298 nos
2239 1243 2496 1314 deinceps
2541 1256 2740 1317 punget
2765 1249 3125 1314 conscientia,
3155 1249 3199 1303 si
3228 1250 3363 1304 hanc
3388 1249 3699 1304 deseramus

2114 1333 2325 1404 legem;
2367 1352 2542 1406 neque
2581 1353 2694 1392 rem
2739 1339 3163 1396 existimabimus
3193 1357 3431 1411 gravem,
3463 1351 3516 1397 et
3563 1358 3700 1410 pau-

2115 1425 2264 1481 latim
2293 1429 2571 1486 veniemus
2606 1429 2672 1483 ad
2701 1431 2901 1500 majora
2923 1473 2938 1498 ,
2987 1441 3042 1487 et
3070 1433 3308 1488 meditati
3353 1441 3701 1490 contemnere

2114 1519 2388 1587 pecunias,
2419 1534 2539 1575 cum
2569 1521 2835 1577 malorum
2863 1523 3097 1578 radicem
3126 1524 3501 1590 evulserimus,
3533 1534 3588 1580 et
3615 1523 3703 1580 hic

2114 1611 2274 1665 vitam
2305 1627 2493 1668 secure
2520 1621 2571 1668 et
2611 1615 2893 1684 tranquille
2922 1630 3139 1685 agemus
3160 1657 3176 1680 ,
3207 1626 3263 1672 et
3300 1617 3462 1671 vitam
3505 1631 3700 1672 conse-

2113 1719 2342 1774 quemur
2366 1704 2598 1762 futuram
2622 1725 2636 1763 :
2663 1723 2822 1779 quam
2853 1707 3010 1764 detur
3040 1709 3196 1765 nobis
3221 1710 3470 1767 omnibus
3502 1725 3699 1767 conse-

2117 1798 2237 1868 qui,
2267 1807 2370 1854 etc.

431 1997 3689 2036 W

1771 2051 2118 2116 HOMILIA
2151 2053 2375 2115 XLIV.

433 2176 566 2232 Cn.
598 2175 686 2230 l6.
726 2188 781 2224 v.
823 2169 907 2226 10.
952 2169 1012 2224 Si
1047 2177 1212 2221 autem
1249 2163 1432 2218 venerit
1460 2159 1752 2215 Timotheus
1780 2155 1848 2210 ad
1887 2169 2007 2219 vos,

740 2263 897 2316 videte
929 2271 981 2314 ut
1010 2259 1119 2313 sine
1146 2259 1324 2312 timore
1347 2255 1412 2308 sit
1442 2251 1577 2322 apud
1604 2266 1709 2305 vos.

513 2357 563 2411 1.
606 2354 887 2408 Esistimet
935 2351 1160 2404 fortasse
1201 2345 1463 2417 quispiam
1507 2343 1644 2396 hanc
1688 2335 2013 2394 exhortatio-

434 2463 560 2503 nem
587 2460 707 2501 esse
750 2443 1020 2514 indignam
1059 2441 1257 2494 virtute
1297 2433 1598 2497 Timothei;
1630 2429 1724 2486 sed
1764 2443 1868 2483 non
1911 2424 2015 2480 hoc

435 2537 632 2593 dictum
649 2545 733 2590 est
749 2541 965 2604 propter
985 2527 1346 2591 Timotheum,
1362 2522 1456 2580 sed
1477 2530 1691 2592 prepter
1713 2517 2010 2581 audientes,

438 2643 507 2683 ne
534 2641 630 2697 per
656 2641 748 2681 eas
767 2639 886 2696 quae
905 2623 1003 2694 ipsi
1032 2627 1346 2692 pararentur
1377 2615 1597 2679 insidias
1621 2612 1826 2682 seipsos
1852 2608 2012 2666 hede-

437 2730 593 2774 rent:
618 2717 708 2772 illo
730 2718 873 2772 enim
895 2729 1112 2784 semper
1131 2721 1246 2770 erat
1269 2707 1518 2781 proclivis
1541 2720 1605 2761 ac
1628 2717 1922 2776 propensus
1946 2700 2014 2757 ad

436 2809 679 2866 adeunda
698 2805 1086 2879 pericula.Nam
1104 2803 1380 2874 Tamquam
1397 2800 1536 2871 ﬁlius
1548 2797 1701 2870 patri,
1715 2811 1907 2851 mecum
1917 2810 2016 2850 ser-

435 2903 575 2967 vivit,
596 2903 783 2971 inquit,
801 2900 854 2953 in
868 2897 1124 2966 evangelio
1140 2894 1398 2965 (Philipp.
1413 2892 1465 2945 2.
1478 2889 1596 2963 22).
1610 2887 1716 2945 Sed
1741 2903 1808 2944 ne
1830 2902 1896 2942 ex
1913 2901 2011 2942 au-

435 2995 589 3050 dacia
616 2995 669 3048 in
700 2992 1054 3063 discipulum,
1083 2987 1150 3044 ad
1178 2986 1488 3058 magistrum
1513 2996 1725 3054 quoque
1753 2977 2012 3052 procede-

436 3097 558 3143 rent
599 3096 656 3142 et
702 3088 892 3140 tierent
929 3081 1260 3144 deteriores,
1315 3091 1409 3132 eos
1459 3075 1668 3131 eminus
1711 3070 2016 3142 comprimit

435 3190 492 3237 et
517 3188 763 3244 coercet,
795 3176 978 3232 dicens
1005 3191 1022 3228 :
1055 3171 1122 3228 Ut
1154 3172 1264 3226 sine
1298 3170 1472 3223 timore
1497 3168 1563 3222 sit
1588 3165 1727 3235 apud
1758 3181 1843 3218 vos
1865 3163 2016 3222 :hoc

436 3286 543 3339 est,
574 3287 642 3328 ne
667 3269 930 3341 quispiam
962 3281 1028 3322 ex
1061 3265 1125 3320 iis
1151 3264 1240 3334 qui
1267 3269 1391 3316 sunt
1413 3257 1673 3330 deplorati
1701 3257 1754 3311 in
1781 3270 1902 3312 eum
1930 3254 2013 3308 in-

438 3373 640 3435 surgat.
688 3362 820 3416 Erat
849 3359 1046 3430 quippe
1076 3355 1301 3411 fortasse
1325 3367 1420 3409 eos
1451 3352 1817 3420 increpalurus
1854 3347 1922 3402 de
1952 3348 2016 3403 iis

439 3473 561 3528 quae
588 3453 853 3510 scribebat
877 3451 1102 3528 Paulus:
1123 3447 1465 3504 denuntiaret
1490 3443 1632 3499 enim
1659 3457 1716 3497 se
1734 3449 2014 3510 propterea

437 3524 616 3621 ipsum
649 3547 882 3601 mittere.
909 3541 1030 3597 Misi
1055 3524 1218 3606 enim,
1245 3538 1435 3609 inquit,
1463 3537 1532 3591 ad
1559 3551 1646 3590 vos
1679 3532 2013 3598 Timotheum,

438 3642 526 3713 qui
552 3640 688 3694 vobis
713 3639 769 3693 in
805 3636 1101 3691 memoriam
1128 3633 1379 3688 revocabit
1406 3631 1514 3684 vias
1542 3644 1679 3684 meas
1706 3628 1760 3680 in
1786 3625 2011 3688 Christo,

433 3734 567 3788 sicut
597 3732 778 3800 ubique
803 3729 857 3782 in
897 3726 1035 3782 omni
1071 3723 1294 3780 Ecclesia
1334 3722 1488 3777 doceo
1513 3719 1597 3789 (1.
1639 3717 1756 3774 Cor.
1799 3717 1852 3772 4.
1890 3714 2012 3785 17).

437 3826 518 3883 Ne
545 3841 674 3896 ergo
722 3821 982 3879 nobilitati
1025 3829 1077 3876 et
1119 3817 1318 3875 divitiis
1356 3824 1413 3873 et
1447 3814 1627 3888 populi
1673 3811 2016 3870 commenda-

441 3921 571 3976 tioni
601 3929 656 3976 et
681 3929 916 3974 externa:
942 3913 1219 3984 sapientia:
1245 3911 1595 3978 confidentes,
1627 3907 1937 3962 invaderent
1964 3912 2018 3959 et

441 4016 806 4080 conspuerent
849 4015 903 4063 et
945 4004 1360 4067 insidiarentur,
1401 4001 1648 4056 dolentes
1691 4013 1751 4052 se
1793 3996 1861 4051 ab
1903 3997 2019 4064 ipso

445 4103 618 4172 argui,
642 4109 733 4154 aut
761 4107 1040 4169 propterea
1069 4093 1210 4166 quod
1240 4093 1493 4163 magister
1518 4090 1638 4145 illos
1664 4085 2020 4158 reprehende-

449 4204 575 4260 ret,
618 4207 800 4263 pcenas
826 4192 1103 4261 exigerent
1141 4188 1314 4257 ipsum
1357 4184 1710 4248 ulciscentes,
1741 4189 2019 4250 propterea

448 4287 581 4344 dicit
609 4304 623 4342 :
660 4284 728 4341 Ut
753 4285 861 4340 sine
886 4284 1064 4338 timore
1091 4281 1155 4336 sit
1183 4278 1322 4350 apud
1350 4294 1456 4332 vos.
1485 4275 1564 4331 Ne
1591 4273 1718 4330 mihi
1745 4273 1886 4328 enim
1917 4287 2018 4326 ex-

447 4392 630 4437 ternos
666 4378 865 4434 dixeris
892 4376 1110 4435 Grvzcos
1138 4383 1194 4428 et
1223 4369 1494 4434 infideles;
1521 4382 1582 4423 ea
1611 4382 1642 4422 a
1671 4365 1820 4422 vobis
1844 4363 2015 4434 exigo,

448 4489 546 4545 pro
575 4472 768 4544 quibus
807 4478 917 4525 tota
947 4466 1250 4536 conscripta
1279 4473 1364 4521 est
1404 4462 1626 4533 epistola
1651 4501 1665 4524 ,
1699 4475 1833 4530 quos
1860 4459 2020 4514 etiam

446 4565 663 4622 ininitio
677 4562 864 4619 terruit
888 4570 943 4617 et
969 4560 1019 4614 in
1049 4557 1340 4630 prooemiis.
1360 4555 1646 4624 Propterea
1667 4551 1807 4607 dixit
1830 4567 1844 4604 :
1872 4551 2024 4619 Apud

445 4675 555 4714 vos.
610 4654 811 4712 Deinde
852 4669 883 4710 a
912 4652 1208 4708 ministerio
1236 4664 1359 4704 eum
1389 4647 1512 4702 facit
1556 4645 1658 4701 fide
1685 4643 1902 4728 dignum
1938 4643 2021 4696 di-

447 4763 619 4806 cens:
656 4748 800 4816 Opus
844 4746 978 4800 enim
1022 4739 1229 4797 Domini
1276 4747 1532 4810 aperatur.
1580 4735 1658 4791 Ne
1700 4734 1801 4789 hoc
1844 4743 2020 4789 autem

448 4849 688 4911 spectes,
719 4837 924 4908 inquit,
951 4836 996 4890 si
1027 4849 1132 4889 non
1159 4833 1230 4887 sit
1256 4830 1438 4894 dives,
1469 4828 1514 4883 si
1546 4841 1648 4881 non
1679 4824 1949 4890 eruditus,
1976 4822 2022 4878 si

448 4947 557 4987 non
609 4944 814 4994 senex;
861 4927 954 4982 sed
998 4925 1123 4996 quid
1161 4925 1344 4994 jussus
1388 4921 1482 4986 sit,
1525 4927 1580 4974 et
1621 4915 1746 4988 quid
1788 4915 2020 4972 efficiat:

451 5021 596 5090 Opus
617 5021 751 5074 enim
781 5017 984 5073 Domini
1011 5025 1268 5086 operatur.
1293 5011 1406 5067 Hoc
1429 5018 1606 5066 autem
1628 5009 1676 5063 ei
1705 5006 1900 5062 sufficit
1926 5021 2023 5075 pro

447 5115 595 5171 muni
626 5122 682 5168 et
711 5111 988 5167 nobilitate
1024 5117 1079 5164 et
1121 5107 1320 5162 divitiis
1345 5114 1400 5161 et
1439 5112 1598 5159 aetate
1641 5110 1696 5157 et
1739 5101 2020 5172 sapientia.

447 5206 559 5261 Nec
602 5205 704 5258 hoc
743 5203 837 5256 fuit
874 5209 1188 5262 contentus,
1230 5198 1322 5254 sed
1365 5195 1602 5260 addidit,
1646 5194 1791 5250 Sicut
1815 5203 1862 5246 et
1890 5209 2024 5263 ego;

445 5309 502 5352 et
547 5295 828 5366 superius,
875 5293 974 5360 Qui
1003 5301 1076 5346 est
1117 5291 1240 5344 mihi
1271 5289 1410 5359 ﬁlius
1436 5288 1646 5343 dilectus
1685 5296 1731 5342 et
1762 5284 1928 5354 ﬁdelis
1972 5286 2025 5337 in

446 5386 713 5451 Domino;
752 5385 862 5454 ipse
889 5383 1024 5438 vobis
1050 5383 1104 5436 in
1140 5380 1431 5435 memoriam
1458 5378 1704 5433 revocabit
1746 5379 1852 5432 vias
1890 5393 2026 5430 meas

446 5481 501 5534 in
519 5479 719 5534 Christo
741 5476 820 5545 (Ι.
848 5476 966 5531 Cor.
997 5475 1049 5528 4.
1075 5475 1184 5542 l7).
1206 5471 1466 5540 Quoniam
1499 5486 1626 5540 ergo
1651 5470 1860 5539 juvenis
1887 5479 2022 5534 erat,

447 5580 505 5625 et
526 5569 628 5638 ipsi
644 5567 949 5624 concredita
968 5566 1137 5620 fuerat
1166 5564 1294 5618 tanti
1319 5563 1496 5632 populi
1523 5561 1803 5627 correctio,
1823 5569 2025 5616 utrum-

451 5675 560 5731 que
586 5668 762 5715 autem
790 5659 961 5728 ipsum
991 5657 1043 5711 in
1073 5662 1435 5723 contemptum
1463 5653 1791 5719 adducebat;
1834 5655 2025 5712 merito

450 5753 725 5824 suhjtmgit
752 5771 767 5806 :
795 5753 882 5807 lt.
914 5750 997 5806 Ne
1025 5751 1137 5822 quis
1159 5765 1278 5820 ergo
1303 5749 1449 5804 illum
1475 5759 1696 5820 spernat.
1720 5747 1900 5819 Neque
1923 5748 2025 5805 hac

780 5850 1046 5911 PATROL.
1079 5849 1195 5909 Gn.
1240 5849 1398 5912 LXI.

2114 2153 2286 2208 solum
2315 2155 2515 2227 exigit,
2544 2156 2637 2212 sed
2678 2157 2840 2212 etiam
2884 2158 3142 2228 majorem
3177 2158 3474 2215 honorem:
3508 2176 3701 2232 quam-

2117 2246 2302 2302 obrem
2329 2249 2492 2304 etiam
2519 2248 2670 2316 dicit,
2699 2250 2944 2306 Deducite
2969 2261 3146 2305 autem
3171 2252 3313 2306 illum
3344 2253 3398 2308 in
3427 2270 3569 2324 pace.
3592 2256 3702 2311 Hoc

2113 2347 2226 2406 est,
2255 2340 2372 2396 sine
2400 2341 2628 2397 timore:
2671 2357 2776 2397 non
2806 2357 3008 2414 pugnas
3034 2343 3324 2399 inferentes
3363 2355 3417 2401 et
3457 2358 3698 2404 conten-

2114 2429 2320 2498 tiones,
2351 2446 2459 2487 non
2488 2431 2608 2488 odia
2639 2443 2695 2489 et
2720 2433 3060 2501 inimicitias,
3099 2436 3194 2492 sed
3223 2437 3612 2508 subjectionem
3643 2451 3699 2495 et

2117 2519 2417 2590 honorem,
2464 2524 2948 2596 attendentesipsi
2980 2536 3248 2598 tamquam
3297 2531 3570 2600 magistro.
3631 2531 3701 2588 Ut

2115 2613 2280 2667 veniat
2306 2614 2376 2668 ad
2402 2631 2513 2682 me;
2552 2627 2786 2688 exspecto
2817 2617 2948 2672 enim
2990 2617 3139 2673 illum
3179 2636 3294 2673 cum
3325 2621 3587 2693 fratribus.
3636 2623 3706 2678 Et

2117 2706 2218 2762 hoc
2245 2718 2362 2763 erat
2392 2711 2645 2766 terrentis
2688 2729 2702 2766 :
2753 2726 2877 2768 nam
2908 2723 2965 2767 ut
3008 2727 3131 2768 cum
3169 2714 3366 2770 scirent
3393 2716 3572 2770 omnia
3601 2717 3704 2772 sibi

2115 2797 2337 2854 dicenda
2392 2816 2512 2871 quae
2567 2816 2760 2872 passus
2823 2813 3002 2871 esset,
3067 2804 3258 2860 fierent
3306 2806 3659 2863 modestiores
3685 2851 3702 2874 ,

2118 2899 2400 2961 prepterea
2445 2891 2652 2948 addidit
2695 2911 2708 2947 :
2769 2891 3024 2965 Exspecto
3061 2896 3195 2950 enim
3234 2896 3404 2951 illum.
3448 2898 3702 2968 Alioquin

2115 2988 2292 3036 autem
2323 2997 2446 3038 eum
2475 2998 2686 3054 quoque
2713 2983 2838 3040 hinc
2873 2985 2999 3040 facit
3029 2986 3134 3041 fide
3164 2987 3402 3058 dignum.
3433 2987 3704 3060 Siquidem

2115 3073 2360 3128 exiturus
2401 3075 2573 3145 ipsum
2613 3085 2926 3146 exspectat,
2969 3085 3025 3133 et
3063 3092 3213 3132 suam
3258 3077 3310 3133 in
3357 3078 3482 3134 illos
3519 3089 3702 3135 osten-

2115 3166 2196 3222 dit
2232 3168 2512 3224 caritatem
2536 3209 2553 3236 ,
2587 3170 2800 3240 quando
2841 3186 2964 3228 eum
3006 3171 3097 3242 qui
3140 3180 3284 3228 esset
3332 3173 3467 3229 adeo
3515 3174 3658 3229 utilis
3684 3217 3703 3243 ,

2118 3266 2337 3327 propter
2365 3259 2512 3328 ipsos
2539 3261 2753 3318 misisse
2782 3272 3113 3318 cerneretur.
3162 3264 3249 3320 12.
3294 3263 3375 3320 De
3399 3265 3582 3335 Apollo
3607 3283 3707 3322 au-

2116 3358 2215 3403 tem
2239 3349 2400 3418 fratre
2423 3352 2559 3407 vobis
2586 3363 2762 3407 notum
2795 3354 2952 3426 facio,
2970 3353 3105 3424 quod
3125 3356 3344 3410 multum
3367 3359 3542 3428 rogavi
3567 3375 3704 3426 euut,

2117 3453 2174 3498 ut
2215 3445 2284 3498 ad
2311 3461 2402 3500 vos
2431 3447 2616 3501 veniret
2653 3465 2768 3502 cum
2796 3448 3059 3518 fratribus.
3103 3449 3201 3505 Hic
3229 3449 3440 3506 videtur
3483 3466 3606 3508 esse
3649 3462 3707 3508 et

2116 3538 2255 3592 bene
2293 3538 2557 3607 eruditus,
2598 3547 2656 3596 et
2699 3539 2869 3610 major
2910 3549 3067 3596 actate
3110 3541 3415 3597 Timotheo.
3461 3543 3539 3599 Ne
3577 3560 3707 3615 ergo

2119 3629 2400 3684 dicerent:
2461 3629 2568 3686 Cur
2608 3630 2780 3685 virum
2821 3630 3035 3701 quidem
3091 3647 3196 3687 non
3250 3633 3430 3700 misit,
3468 3634 3564 3691 sed
3609 3651 3707 3708 pro

2119 3721 2214 3778 illo
2249 3721 2543 3792 juvenem?
2575 3723 2700 3779 vide
2728 3723 2997 3794 quomodo
3028 3725 3186 3780 etiam
3218 3725 3320 3782 hoc
3361 3727 3535 3796 levet,
3581 3744 3705 3784 eum

2120 3821 2175 3867 et
2213 3812 2430 3868 fratrem
2472 3828 2707 3880 vocans,
2738 3823 2794 3870 et
2833 3815 3022 3871 dicens
3051 3831 3111 3871 se
3152 3818 3376 3872 multum
3423 3819 3569 3875 illum
3614 3835 3708 3875 ro-

2119 3918 2275 3973 gasse
2300 3913 2358 3958 ut
2383 3905 2612 3960 veniret.
2652 3905 2730 3962 Ne
2767 3907 2911 3962 enim
2943 3907 3212 3963 videretur
3239 3912 3600 3980 praeposuisse
3628 3913 3706 3968 illi

2121 3995 2482 4063 Timotheum,
2519 4005 2575 4053 et
2609 3997 2810 4054 idcirco
2854 4013 2974 4054 eum
3016 4014 3122 4054 non
3170 4001 3386 4057 misisse
3415 4043 3431 4070 ,
3480 4005 3708 4074 hincque

2121 4090 2378 4160 majorem
2424 4092 2742 4148 accenderet
2782 4092 3076 4162 invidiam,
3121 4096 3431 4165 subjunxit:
3483 4096 3709 4154 Multum

2121 4182 2270 4237 illum
2309 4185 2524 4254 rogavi,
2566 4195 2622 4239 ut
2661 4186 2870 4241 veniret.
2903 4185 3043 4253 Quid
3072 4188 3240 4258 ergo?
3281 4203 3388 4244 non
3418 4191 3582 4246 cessit
3619 4192 3708 4248 ille

2123 4289 2296 4345 neque
2316 4278 2526 4343 annuit,
2546 4277 2642 4333 sed
2661 4276 2859 4332 restitit
2878 4287 2934 4334 et
2956 4279 3268 4334 contendit?
3285 4280 3398 4336 Non
3428 4281 3530 4338 hoc
3557 4282 3704 4349 dicit,

2123 4368 2216 4423 sed
2256 4377 2316 4424 ut
2354 4385 2527 4440 neque
2556 4371 2707 4427 illum
2745 4373 3184 4443 reprehenderet,
3218 4385 3273 4430 et
3299 4391 3358 4432 se
3383 4387 3705 4442 excusaret,

2124 4460 2292 4516 dicit:
2327 4459 2393 4515 Et
2431 4461 2603 4532 utique
2641 4479 2742 4516 non
2784 4464 2884 4534 fuit
2919 4465 3152 4519 voluntas
3190 4468 3302 4535 ejus
3343 4477 3398 4520 ut
3444 4484 3577 4522 nunc
3622 4484 3709 4524 ve-

2125 4552 2275 4606 niret.
2333 4551 2537 4608 Deinde
2590 4568 2658 4609 ne
2709 4553 2951 4610 dicerent
2988 4555 3104 4612 haec
3155 4571 3276 4612 esse
3329 4558 3608 4614 obtentum
3655 4569 3711 4615 ct

2125 4643 2534 4715 subterfuginm,
2553 4645 2827 4716 subjunxit
2852 4665 2862 4698 :
2893 4645 3062 4702 Veniet
3083 4657 3270 4714 autem,
3293 4665 3408 4703 cum
3433 4651 3480 4704 ei
3499 4665 3710 4705 vacuum

2127 4735 2300 4805 fuerit.
2320 4735 2412 4791 Sic
2440 4744 2495 4790 et
2513 4736 2658 4792 illum
2683 4737 2918 4794 defendit
2941 4753 3004 4794 ac
3024 4742 3318 4808 excusavit,
3341 4750 3394 4796 et
3412 4756 3597 4797 eorum
3619 4743 3710 4815 qui

2127 4829 2299 4898 ipsum
2354 4828 2729 4886 desiderabant
2774 4832 2886 4902 spei
2933 4832 3210 4888 satisfecit.
3267 4833 3468 4890 Deinde
3523 4846 3710 4893 osten-

2125 4921 2260 4977 deus
2307 4923 2451 4992 ipsos
2495 4939 2601 4978 non
2641 4925 2694 4980 in
2741 4924 3044 4995 magistris,
3090 4925 3186 4981 sed
3217 4927 3268 4981 in
3295 4927 3486 4998 seipsis
3513 4927 3712 4984 debere

2127 5029 2276 5083 spem
2306 5015 2492 5070 salutis
2521 5015 2738 5082 habere,
2770 5015 2902 5070 dicit
2927 5037 2940 5072 :
2966 5017 3053 5072 l5.
3089 5016 3326 5089 Vigilate,
3357 5028 3485 5074 state
3512 5021 3566 5074 in
3585 5021 3710 5090 ﬁde.

2126 5105 2241 5160 Non
2274 5106 2328 5160 in
2365 5115 2584 5160 externa
2611 5107 2904 5176 sapientia;
2934 5123 3040 5163 non
3084 5119 3167 5164 est
3213 5111 3356 5165 enim
3405 5110 3515 5166 illic
3543 5121 3710 5176 stare,

2128 5199 2220 5253 sed
2246 5199 2404 5264 ferri,
2426 5200 2789 5269 sicutquidem
2806 5210 2951 5257 certe
2969 5212 3111 5258 stare
3130 5204 3182 5258 in
3206 5203 3312 5260 fide
3332 5205 3598 5260 convenit.
3627 5203 3714 5256 l’i-

2127 5293 2288 5345 riliter
2315 5292 2449 5362 agite
2482 5301 2530 5346 et
2559 5295 2935 5360 confortamini.
2970 5295 3056 5350 H.
3089 5295 3277 5350 Omnia
3305 5307 3465 5350 vestra
3493 5297 3546 5348 in
3582 5295 3711 5347 cari-

2129 5393 2230 5438 tate
2270 5384 2425 5453 ﬁant.
2466 5382 2592 5438 Haec
2619 5396 2796 5439 autem
2828 5385 3013 5441 dicens
3044 5387 3254 5442 videtur
3280 5386 3495 5456 quidem
3525 5385 3713 5439 admo-

2132 5491 2296 5540 nere;
2329 5475 2450 5530 illos
2473 5484 2652 5530 autem
2681 5476 2846 5545 tangit
2877 5485 3146 5546 tamquam
3179 5476 3359 5547 pigros
3394 5485 3447 5530 et
3475 5475 3712 5533 desides.

2135 5567 2202 5622 Et
2230 5566 2349 5622 ideo
2377 5565 2532 5632 dicit,
2576 5565 2824 5639 Vigilate,
2855 5575 3122 5637 tamquam
3163 5567 3242 5622 eis
3281 5566 3712 5633 dormientibus;

2137 5660 2314 5727 State,
2346 5668 2612 5730 tamquam
2654 5659 2988 5726 labantibus;
3039 5661 3264 5716 Viriliter
3297 5665 3430 5734 agite
3468 5673 3516 5716 et
3560 5663 3717 5732 fortes

2141 5763 2312 5823 estote,
2346 5762 2402 5808 ut
2437 5753 2524 5824 qui
2553 5760 2734 5813 essent
2769 5753 2998 5822 molles;
3032 5753 3217 5810 Omnia
3245 5766 3404 5809 vestra
3429 5758 3481 5812 in
3509 5757 3723 5811 caritate

3285 5847 3360 5908 2’s
