4138 6220
473 191 576 246 375

469 307 631 372 ﬁant,
675 309 733 356 ut
775 301 868 373 qui
908 299 1226 356 seditionem
1271 299 1490 368 agitent.
1545 293 1612 350 Et
1657 294 1912 352 adversus
1955 308 2052 349 eos

470 395 688 466 quidem
715 393 806 465 qui
835 391 1142 461 decipiunt,
1172 399 1256 445 est
1284 388 1416 444 illud
1436 429 1454 457 ,
1496 386 1735 459 Vigilate,
1768 397 1927 452 state;
1953 386 2051 442 ad-

469 500 662 542 versus
688 499 783 541 eos
811 494 988 539 autem
1018 483 1106 552 qui
1146 481 1492 545 insidiantur,
1534 491 1620 537 est
1660 482 1791 549 hoc,
1833 479 2054 535 Viriliter

473 579 650 648 agite;
683 577 945 631 adversus
973 589 1068 630 eos
1103 589 1232 630 vero
1258 573 1349 645 qui
1390 573 1708 630 seditionem
1751 574 1953 644 agitant
1998 582 2055 627 et

473 678 737 724 conantur
777 666 1035 722 divellere
1068 681 1130 722 ac
1171 665 1504 729 distrahere,
1535 675 1619 722 est
1662 665 1826 732 illud,
1866 664 2055 720 Omnia

463 771 632 817 vestra
659 761 713 813 in
752 760 964 813 caritate
1006 760 1168 826 ﬁunt;
1211 759 1350 828 quod
1395 759 1609 830 quidem
1653 767 1738 816 est
1781 758 2052 814 vinculum

464 850 847 922 perfectionis,
889 861 944 906 et
983 851 1132 906 radix
1177 850 1402 921 fonsque
1437 855 1725 908 bonorum.
1783 851 1918 918 Quid
1967 859 2052 906 est

463 955 641 998 autem
674 943 843 1011 illud,
883 943 1070 998 Omnia
1098 944 1152 997 in
1193 943 1445 998 caritate?
1487 943 1612 1001 Sive
1653 945 1916 1015 quispiam
1964 945 2050 1000 in-

465 1047 649 1107 crepat
677 1078 694 1105 ,
743 1037 952 1107 inquit,
1004 1037 1118 1090 sive
1153 1036 1416 1107 imperat,
1457 1037 1572 1092 sive
1609 1045 1760 1108 paret
1799 1037 2047 1107 imperio,

462 1131 576 1184 sive
624 1129 815 1192 discit.
860 1129 974 1184 sive
1012 1129 1205 1197 docet,
1237 1129 1418 1184 omnia
1457 1143 1581 1185 cum
1621 1130 1862 1185 caritate.
1913 1127 2048 1184 Nam

461 1233 517 1278 et
555 1235 747 1280 cuncta
775 1240 897 1294 qua:
939 1223 1079 1278 dicta
1121 1233 1278 1288 sunt,
1321 1223 1444 1279 ideo
1485 1223 1852 1294 contigerant,
1901 1221 2046 1292 quod

460 1318 657 1373 caritas
695 1318 933 1388 neglecta
968 1316 1170 1371 fuisset.
1219 1315 1352 1371 Nam
1389 1315 1435 1371 si
1464 1329 1527 1371 ea
1560 1329 1665 1370 non
1693 1323 1836 1370 esset
1864 1314 2048 1386 negle-

459 1420 568 1477 cta,
609 1425 715 1464 non
749 1408 976 1465 fuissent
1010 1409 1178 1464 inﬁati
1199 1451 1213 1474 ,
1252 1423 1359 1464 non
1387 1406 1678 1475 dixissent,
1710 1407 1820 1478 Ego
1845 1407 2048 1478 quidem

462 1518 574 1556 sum
617 1499 808 1566 Pauli,
845 1516 935 1572 ego
973 1517 1090 1555 uero
1120 1500 1304 1572 Apollo
1340 1499 1426 1572 (1,
1455 1499 1573 1555 Cor.
1607 1499 1654 1554 1.
1686 1497 1829 1574 l2):
1859 1499 1904 1555 si
1933 1499 2045 1570 ipsa

461 1595 758 1661 adfuisset,
791 1609 897 1649 non
938 1593 1067 1648 foris
1102 1593 1308 1664 judicio
1346 1591 1776 1658 contendissent,
1823 1593 1931 1648 imo
1977 1607 2047 1649 ne

459 1687 862 1742 contendissent
892 1672 1104 1756 quidem
1131 1702 1147 1739 :
1195 1686 1239 1740 si
1270 1685 1388 1756 ipsa
1412 1683 1687 1750 adfuisset,
1713 1683 1802 1740 ille
1823 1698 2044 1740 uxorem

460 1780 629 1848 patris
670 1793 780 1834 non
807 1778 1138 1848 accepisset,
1169 1792 1273 1831 non
1317 1776 1508 1833 fratres
1537 1776 1778 1832 inﬁrmos
1805 1783 2046 1832 contem-

458 1871 713 1940 psissent,
741 1870 975 1926 hmreses
1002 1885 1110 1925 non
1138 1869 1470 1934 habuissent,
1490 1881 1710 1940 propter
1722 1868 2044 1924 charismata

460 1965 672 2017 inanem
712 1963 936 2034 gloriam
980 1978 1085 2017 non
1130 1963 1524 2032 concepissent.
1555 1961 1842 2032 Propterea
1873 1959 2042 2029 dicit,

456 2055 646 2115 Omnia
676 2073 797 2112 cum
829 2058 1051 2112 caritate
1078 2057 1228 2112 ﬁant.
1254 2057 1339 2112 15.
1367 2055 1585 2112 Obsecro
1609 2065 1776 2110 autem
1799 2071 1905 2122 vos,
1936 2059 2046 2129 fra-

458 2157 596 2214 tres,
642 2151 804 2204 nostis
853 2150 1058 2203 domum
1104 2148 1420 2220 Stephants,
1463 2147 1602 2218 quod
1638 2157 1757 2202 sunt
1805 2147 2046 2217 primitiae

457 2243 684 2310 Achaia,
703 2256 749 2299 et
769 2246 825 2300 in
847 2245 1126 2300 ministerio
1142 2254 1432 2301 sanctorum
1448 2244 1808 2300 ordinaverunt
1826 2245 2038 2312 seipsos.

533 2335 589 2390 2.
623 2337 797 2392 Etiam
830 2338 882 2392 in
931 2338 1084 2392 initio
1132 2337 1288 2408 hujus
1316 2338 1560 2394 meminit
1596 2337 1813 2403 dicens,
1860 2335 2043 2406 Bapti-

457 2429 568 2482 zavi
595 2438 766 2483 autem
807 2437 855 2482 et
880 2428 1161 2500 Stephame
1205 2429 1410 2484 domum
1451 2430 1548 2500 (1.
1579 2427 1700 2486 Cor.
1724 2429 1777 2485 1.
1803 2429 1892 2500 16)
1934 2446 1949 2484 :
1990 2436 2044 2484 et

463 2533 605 2575 nunc
629 2535 745 2575 eam
773 2520 904 2575 dicit
931 2535 1052 2576 esse
1079 2521 1340 2591 primitias
1364 2561 1380 2588 ,
1420 2536 1527 2576 non
1562 2521 1734 2576 solum
1763 2519 2038 2587 Corinthi,

459 2611 554 2666 sed
605 2622 660 2667 et
710 2614 873 2668 totius
909 2612 1157 2669 Graeciaa
1187 2613 1302 2669 Non
1343 2621 1430 2669 est
1467 2622 1647 2669 autem
1684 2613 1787 2668 hoc
1828 2627 2042 2684 quoque

458 2717 678 2772 parvum
708 2705 1030 2771 encomium,
1061 2705 1357 2762 accessisse
1383 2706 1614 2777 primum
1641 2705 1708 2760 ad
1740 2705 2038 2761 Christum.

400 2816 407 2825 ε
457 2796 813 2863 Quamobrem
843 2798 1005 2852 etiam
1057 2799 1110 2853 in
1163 2798 1401 2871 Epistola
1431 2799 1498 2854 ad
1546 2799 1818 2854 Romanos
1865 2814 1929 2855 ex
1977 2812 2044 2854 eo

457 2887 716 2958 quosdam
741 2888 965 2944 laudans
995 2887 1208 2945 dicebat
1240 2907 1256 2944 :
1289 2891 1392 2960 Qui
1427 2891 1577 2944 etiam
1627 2898 1744 2944 ante
1785 2906 1868 2944 me
1888 2891 2043 2961 geniti

457 2980 646 3034 suntin
675 2980 879 3036 Christo
913 2981 1089 3054 (Rom.
1121 2981 1210 3037 16.
1241 2981 1318 3055 7).
1361 2981 1470 3037 Nec
1517 2982 1650 3037 dixit
1702 2996 1797 3038 eos
1841 2983 2042 3052 primos

460 3071 778 3140 credidisse,
803 3072 896 3128 sed
921 3072 1084 3130 fuisse
1116 3074 1402 3144 primitias,
1432 3073 1743 3138 ostendens,
1775 3088 1894 3128 cum
1939 3073 2045 3130 ﬁde

465 3163 628 3218 vitam
650 3164 811 3220 etiam
832 3165 1086 3236 optimam
1104 3164 1431 3231 exhibuisse,
1455 3173 1722 3236 tamquam
1754 3180 1820 3220 ex
1854 3165 2042 3220 fructi-

468 3259 588 3324 bus,
605 3274 663 3316 se
688 3260 832 3317 omni
852 3276 921 3316 ex
942 3271 1089 3332 parte
1109 3260 1298 3331 dignos
1318 3259 1640 3330 praebentes.
1660 3259 1883 3331 Oportet
1901 3261 2043 3315 enim

462 3353 726 3422 primitias
743 3369 863 3411 esse
879 3354 1130 3409 meliores
1147 3353 1376 3419 caeteris,
1392 3369 1615 3424 quorum
1632 3362 1756 3410 sunt
1775 3354 2042 3424 primitim:

462 3445 604 3515 quod
637 3446 721 3502 his
745 3461 960 3518 quoque
996 3462 1094 3518 per
1122 3446 1260 3502 hanc
1297 3446 1584 3502 dictionem
1615 3461 1712 3502 suo
1742 3446 2046 3502 testimonio

465 3539 650 3593 tribuit
678 3539 894 3593 Paulus.
917 3538 1030 3594 Non
1063 3541 1206 3596 enim
1239 3537 1411 3595 solum
1433 3582 1448 3606 ,
1473 3539 1613 3593 sicut
1640 3538 1749 3593 dixi
1776 3579 1790 3600 ,
1820 3553 1947 3593 vere
1991 3549 2045 3595 et

465 3631 674 3684 sincere
702 3629 1068 3698 crediderunt,
1092 3631 1186 3687 sed
1218 3631 1377 3686 etiam
1429 3631 1652 3686 multam
1695 3630 2048 3688 ostenderunt

468 3724 738 3794 pietatem,
759 3735 1106 3795 vegetamque
1126 3725 1397 3791 virtutem,
1413 3735 1468 3780 et
1483 3725 1534 3779 in
1549 3725 1905 3797 eleemosynis
1925 3725 2047 3780 dan-

461 3817 543 3871 dis
566 3815 1007 3872 tinnniﬁcentiam.
1031 3817 1144 3873 Non
1191 3818 1364 3874 solum
1382 3827 1560 3874 autem
1582 3817 1734 3885 hinc,
1766 3818 1860 3873 sed
1887 3824 2046 3874 etiam

462 3908 680 3964 aliunde
722 3924 909 3964 eorum
938 3910 1170 3966 ostendit
1193 3911 1440 3981 pietatem
1461 3950 1480 3978 ,
1509 3925 1574 3964 ex
1615 3924 1682 3965 eo
1716 3911 1856 3981 quod
1883 3920 2046 3966 totam

461 3999 677 4056 domum
703 4001 898 4071 pietate
914 4001 1271 4072 impleverim.
1285 4001 1438 4070 Quod
1461 4010 1640 4056 autem
1663 4003 1812 4058 bonis
1836 4018 2049 4074 quoque

461 4093 714 4162 operibus
739 4103 793 4148 et
816 4102 962 4149 recte
990 4093 1142 4148 factis
1166 4101 1348 4150 essent
1371 4093 1564 4159 ornati,
1591 4094 1853 4165 signiﬁcat
1873 4111 1968 4166 per
1985 4111 2047 4153 ea

461 4199 584 4255 qua:
600 4183 854 4255 deinceps
879 4193 1194 4255 sequuntur,
1215 4185 1398 4240 dicens
1422 4201 1437 4240 :
1458 4183 1522 4238 In
1552 4186 1828 4242 ministerio
1845 4198 2049 4243 sancto-

471 4298 584 4334 rum
640 4279 999 4358 ordinaverunt
1064 4281 1277 4350 seipsos.
1334 4281 1623 4336 Audivistis
1675 4279 2051 4352 hospitalitatis

464 4383 657 4443 quanta
685 4374 793 4428 sint
813 4374 1053 4428 encomia
1071 4374 1095 4427 ?
1114 4373 1230 4428 Non
1248 4375 1390 4429 enim
1413 4373 1568 4441 dixit,
1594 4373 1914 4443 Ministrant,
1932 4374 2046 4443 sed,

473 4465 852 4520 Ordinaverunt
880 4466 1070 4536 seipsos
1087 4479 1107 4514 :
1123 4465 1260 4520 bane
1288 4465 1450 4520 vitam
1476 4475 1740 4535 perpetuo
1751 4466 2046 4534 elegerunt,

471 4561 522 4614 iu
553 4558 653 4615 hac
683 4574 742 4614 se
768 4565 1022 4613 exercent
1042 4557 1410 4612 meditatione.
1440 4558 1527 4611 16.
1559 4556 1628 4613 Ut
1653 4566 1699 4612 et
1745 4573 1835 4612 vos
1862 4558 2051 4612 subditi

464 4652 576 4705 sitis
605 4651 877 4717 ejusmodi.
908 4648 1020 4704 lloe
1065 4658 1165 4714 est,
1200 4657 1258 4703 ut
1283 4647 1419 4703 alter
1446 4648 1599 4703 alteri
1641 4664 1798 4720 opem
1832 4649 2046 4719 feratis,

466 4751 522 4796 ct
551 4742 617 4796 ad
647 4744 916 4814 impensas
935 4741 1175 4814 pecuniae
1191 4750 1246 4796 et
1271 4739 1336 4795 ad
1363 4739 1666 4796 obeundum
1693 4741 2048 4798 ministerium

467 4834 732 4900 corporis,
761 4842 819 4887 ut
846 4833 1275 4890 communicetis.
1295 4829 1428 4888 Nam
1456 4831 1561 4888 illis
1590 4831 1741 4887 labor
1770 4832 1873 4888 erit
1895 4833 2048 4902 levis,

476 4921 690 4990 quando
736 4922 1022 4980 habuerint
1067 4927 1278 4994 socios,
1306 4933 1361 4980 et
1403 4924 1472 4981 ad
1519 4926 1699 4996 plures
1744 4927 2051 4983 transiverit

470 5012 811 5068 beneficium.
848 5015 916 5068 Et
941 5033 1045 5071 non
1069 5018 1205 5072 dixit
1231 5020 1494 5086 absolute,
1521 5017 1896 5089 Cooperamini
1917 5061 1933 5084 ,
1956 5019 2051 5075 sed

477 5107 640 5161 etiam
682 5106 733 5160 in
764 5105 830 5161 iis
859 5122 978 5176 qua:
999 5108 1256 5178 jusserint
1284 5120 1496 5179 parete,
1523 5121 1826 5167 accuratam
1872 5121 2051 5167 osten-

466 5198 601 5254 dens
628 5196 1010 5254 obedientiam.
1043 5197 1108 5253 Et
1136 5214 1204 5253 ne
1233 5200 1312 5255 eis
1350 5200 1594 5256 videatur
1616 5201 1924 5273 gratiﬁcari,
1956 5202 2051 5260 ad-

471 5291 644 5347 didit:
667 5290 736 5346 Et
761 5290 898 5346 omni
919 5291 1212 5362 coaperanti
1238 5291 1717 5349 etlaborautidltec
1738 5294 1828 5354 sit.
1857 5293 2047 5364 inquit.

473 5389 558 5440 lex
610 5385 956 5442 communis:
1002 5399 1178 5454 neque
1222 5387 1364 5442 enim
1406 5385 1653 5456 privatim
1696 5401 1761 5441 ac
1807 5400 2050 5441 seorsum

474 5481 596 5533 dico
624 5480 692 5534 de
718 5481 822 5535 illis
841 5521 855 5546 ,
897 5479 992 5534 scd
1020 5479 1064 5534 si
1095 5479 1214 5550 quis
1241 5491 1316 5535 est
1348 5480 1452 5535 illis
1477 5479 1704 5546 similis,
1731 5478 1812 5532 his
1840 5493 2050 5548 quoque

471 5571 696 5625 fruatur.
747 5572 1032 5641 Propterea
1082 5581 1138 5626 et
1178 5586 1274 5626 eos
1323 5572 1580 5640 incipiens
1633 5568 2046 5634 commendare,

471 5663 620 5731 ipsos
658 5677 871 5734 quoque
900 5672 1087 5718 evocat
1135 5672 1324 5728 testes,
1374 5661 1559 5718 dicens
1589 5679 1600 5715 :
1634 5658 1851 5714 Obsecro
1884 5673 2049 5717 autem

1128 183 1184 241 S.
1222 183 1498 241 JOANNIS
1533 176 2005 238 CllllYSOSTOMl
2051 176 2365 235 ARCHIEP.
2404 175 2934 240 CONSTANTINOP.

3633 183 3740 240 576

2163 308 2250 348 vos
2268 338 2281 359 ,
2313 294 2470 349 nostis
2497 296 2702 352 domum
2749 297 3046 368 Stephants.
3073 296 3231 356 Scitis
3263 341 3276 365 .
3329 301 3532 374 inquit,
3560 313 3615 361 et
3643 320 3739 363 vos

2157 387 2427 455 quomodo
2455 387 2721 457 laborant,
2755 405 2932 461 neque
2960 405 3097 462 Opus
3125 402 3209 450 est
3235 405 3291 468 ut
3323 409 3354 450 a
3384 396 3540 453 nobis
3559 396 3736 454 disca-

2159 479 2244 534 tis.
2277 480 2363 534 17.
2391 479 2609 537 Gavisus
2635 498 2749 538 sum
2772 493 2940 538 autent
2995 485 3048 540 in
3080 488 3352 556 praesentia
3383 487 3662 560 Stephanus
3688 500 3737 546 et

2159 568 2431 626 Fortunati
2472 582 2520 628 et
2565 573 2812 643 Achaici,
2843 577 3084 646 quoniam
3112 577 3168 632 id
3221 580 3358 650 quod
3386 581 3521 636 vobis
3563 581 3736 636 deerat

2155 661 2256 730 ipsi
2284 663 2681 735 suppleverunt:
2703 666 2790 723 18.
2819 671 3105 739 refecerunt
3129 671 3264 724 enim
3305 688 3468 726 meum
3497 673 3734 744 spiritum

2156 761 2203 806 et
2227 763 2465 810 vestrum.
2516 756 2778 824 Quoniam
2825 769 2942 815 erat
2987 761 3276 818 verisimile
3335 778 3430 818 eos
3477 765 3736 822 adversus

2156 844 2303 916 ipsos
2340 863 2462 906 esse
2503 850 2773 920 irritatos;
2815 853 2852 909 ii
2876 854 3217 911 enim.erant
3247 857 3334 928 qui
3382 869 3640 915 venerant
3679 868 3735 916 et

2153 938 2474 998 seditionem
2503 943 2552 998 ei
2589 943 3060 1014 signiﬁcaverant;
3088 961 3185 1018 per
3213 948 3356 1019 ipsos
3384 950 3525 1004 enim
3571 953 3733 1008 etiam

2153 1031 2483 1103 scripserant
2517 1035 2585 1092 de
2615 1037 2913 1108 virginibus
2939 1047 2993 1095 et
3021 1041 3361 1097 matrimonio
3386 1043 3683 1114 conjunctis
3714 1064 3728 1100 :

2150 1123 2274 1181 vide
2306 1126 2578 1196 quomodo
2603 1143 2698 1186 eos
2717 1130 2946 1202 mitigat,
2975 1133 3026 1188 in
3069 1134 3332 1208 principio
3357 1137 3570 1207 quidem
3611 1140 3730 1210 epi-

2149 1218 2302 1275 stola:
2325 1219 2514 1278 dicens
2541 1242 2556 1280 :
2579 1221 2942 1295 Signi/iculum
2968 1235 3043 1282 est
3063 1229 3206 1284 enim
3230 1271 3244 1295 ,
3283 1230 3486 1300 inquit,
3517 1233 3641 1288 mihi
3669 1234 3732 1288 de

2148 1308 2287 1364 vobis
2310 1311 2374 1366 ab
2415 1312 2480 1368 iis
2521 1316 2612 1384 qui
2654 1325 2776 1371 sunt
2817 1315 3002 1374 Chloes
3035 1317 3111 1392 (1.
3141 1319 3258 1375 Cor.
3284 1323 3335 1376 1.
3361 1323 3489 1394 ll);
3535 1333 3589 1380 et
3631 1323 3730 1381 bos

2150 1407 2333 1464 celans
2359 1418 2415 1464 et
2441 1409 2563 1466 illos
2589 1411 2643 1467 in
2669 1411 2903 1470 medium
2930 1414 3237 1480 adducens;
3269 1426 3386 1472 erat
3413 1419 3555 1473 enim
3582 1419 3730 1474 veri-

2151 1498 2328 1556 simile
2355 1501 2482 1558 illos
2513 1517 2609 1574 per
2634 1502 2733 1560 bos
2756 1505 3103 1563 declarasse:
3130 1507 3219 1564 hic
3245 1518 3424 1565 autem
3443 1553 3458 1576 ,
3499 1509 3570 1565 Id
3594 1513 3730 1582 quod

2148 1594 2286 1648 vobis
2332 1594 2540 1663 deerat,
2597 1597 2698 1668 ipsi
2738 1599 3135 1671 suppleverunt,
3165 1612 3214 1656 et
3253 1606 3531 1675 refecerunt
3566 1621 3730 1659 meum

2147 1686 2387 1754 spiritum
2410 1698 2458 1744 et
2487 1703 2740 1758 vestrum;
2766 1693 3060 1749 ostendens
3080 1708 3174 1749 eos
3201 1695 3413 1752 venisse
3441 1711 3538 1766 pro
3559 1697 3730 1752 omni-

2148 1776 2269 1846 bus,
2283 1787 2338 1834 et
2353 1793 2448 1835 sua
2465 1790 2658 1852 sponte
2678 1791 2877 1840 tantam
2895 1785 3197 1855 suscepisse
3219 1788 3724 1858 peregrinationem.

2149 1867 2430 1937 Quomodo
2455 1886 2584 1943 ergo
2611 1874 2753 1944 quod
2773 1884 2857 1930 est
2894 1877 3164 1946 proprium
3196 1876 3287 1933 ﬁet
3321 1880 3640 1935 commune?
3666 1880 3728 1937 Si

2146 1961 2288 2031 quod
2314 1963 2470 2020 vobis
2498 1963 2670 2020 defuit
2699 1969 2958 2037 reparetis
2988 1984 3083 2039 per
3111 1979 3343 2026 vestram
3369 1972 3423 2028 in
3448 1987 3542 2028 eos
3565 1973 3729 2031 bene-

2149 2051 2460 2119 volentiam,
2492 2055 2536 2110 si
2559 2070 2653 2111 eos
2681 2055 2984 2126 bonoretis,
3017 2059 3062 2114 si
3109 2061 3408 2131 excipiatis,
3434 2062 3480 2118 si
3521 2063 3726 2120 beneﬁ-

2146 2145 2340 2200 centiae
2366 2148 2774 2204 communicetis
2799 2166 2818 2204 :
2845 2149 3073 2221 ideoque
3098 2152 3257 2220 dicit,
3284 2152 3581 2226 Cognoscife
3604 2174 3724 2230 ergo

2144 2235 2232 2308 qui
2271 2237 2522 2308 ejusmodi
2549 2250 2686 2295 sunt.
2721 2239 2789 2296 Et
2817 2241 3038 2304 laudans
3063 2259 3158 2301 eos
3195 2247 3282 2317 qui
3313 2259 3674 2304 convenerant
3695 2290 3714 2316 ,

2143 2341 2240 2383 eos
2267 2343 2478 2400 quoque
2505 2345 2627 2386 cum
2655 2331 2812 2389 laude
2836 2335 3111 2407 coniungit
3138 2337 3228 2408 qui
3272 2337 3418 2394 missi
3459 2347 3642 2406 erant,
3669 2349 3725 2396 et

2145 2418 2236 2488 qui
2264 2419 2558 2490 miserant,
2584 2422 2771 2480 dicens
2812 2423 3160 2496 :Refecerunt
3202 2445 3365 2482 meum
3407 2431 3639 2500 spiritum
3678 2441 3726 2486 et

2145 2519 2385 2566 vestrum.
2416 2512 2712 2584 Cognoscite
2747 2531 2868 2588 ergo
2907 2518 2997 2588 qui
3017 2527 3136 2574 sunt
3163 2520 3442 2589 ejusmodi,
3473 2521 3724 2592 quoniam

2144 2612 2366 2674 propter
2419 2618 2519 2660 vos
2577 2607 2799 2676 patriam
2843 2617 2898 2663 et
2947 2608 3166 2666 domum
3223 2611 3572 2682 reliquerunt.
3621 2612 3718 2669 Vi-

2144 2694 2328 2751 distin’
2348 2697 2735 2768 prudentiam?
2764 2716 2871 2756 non
2901 2702 3075 2758 solum
3106 2703 3292 2773 Paulo,
3320 2705 3416 2761 sed
3443 2706 3546 2763 illis
3564 2706 3722 2764 etiam

2145 2801 2242 2842 eos
2268 2789 2506 2844 ostendit
2528 2805 2650 2847 esse
2687 2793 3013 2862 gratiﬁcatos
3035 2836 3051 2860 ,
3093 2795 3235 2867 quod
3267 2805 3430 2852 totam
3457 2798 3723 2856 civitatem

2148 2878 2202 2934 in
2245 2894 2306 2936 se
2347 2880 2731 2938 circumferant
2762 2903 2776 2939 :
2808 2885 2951 2956 quod
2988 2901 3082 2943 eos
3130 2883 3579 2948 etiam'reddebat
3621 2891 3725 2949 ﬁde

2145 2971 2371 3044 dignos,
2400 2985 2456 3030 et
2491 2990 2598 3032 non
2645 2978 2856 3034 sinebat
2907 2994 3002 3035 eos
3031 2979 3100 3035 ab
3131 2981 3239 3036 illis
3275 2983 3554 3050 abscindi,
3585 2994 3724 3041 tam-

2144 3080 2303 3136 quam
2333 3067 2425 3135 qui
2467 3083 2563 3139 per
2599 3069 2744 3140 ipsos
2783 3070 2850 3126 ad
2899 3072 3116 3128 Paulum
3164 3084 3348 3130 essent
3374 3076 3609 3134 adducti.
3637 3077 3723 3134 l9.

2147 3157 2391 3213 Salutant
2411 3174 2498 3214 vos
2537 3177 2710 3217 omnes
2758 3162 3002 3220 Ecclesia:
3030 3165 3183 3221 Asia.
3211 3165 3439 3238 Semper
3481 3170 3625 3241 cogit
3670 3182 3727 3226 et

2145 3253 2477 3324 conglutinet
2521 3256 2762 3312 membra
2811 3272 2907 3327 per
2934 3259 3337 3316 salutationem.
3365 3261 3607 3318 Salutant
3640 3280 3728 3319 eos

2145 3347 2199 3402 in
2253 3346 2475 3404 Domino
2527 3349 2745 3404 multum
2788 3350 2976 3423 Aquila
3024 3362 3071 3408 et
3125 3351 3391 3409 Priscilla.
3431 3355 3588 3425 Apud
3634 3372 3728 3412 eos

2145 3439 2288 3494 enim
2321 3441 2590 3504 manebat.
2616 3456 2735 3497 cum
2763 3453 2906 3498 esset
2932 3453 3214 3500 contestor
3242 3446 3726 3504 tabernaculorum.

2147 3529 2272 3585 Cum
2315 3532 2591 3588 domestica
2644 3551 2738 3589 sua
2779 3536 3011 3591 ecclesia.
3042 3537 3155 3594 Hoc
3181 3553 3391 3609 quoque
3417 3553 3526 3594 non
3555 3555 3720 3610 parva

2147 3633 2232 3678 est
2273 3625 2480 3693 virtus,
2529 3626 2670 3696 quod
2719 3626 2936 3683 domum
2995 3628 3250 3685 fecissent
3290 3630 3597 3685 ecclesiam.
3626 3630 3723 3688 20.

2149 3716 2392 3772 Salutant
2419 3735 2505 3773 sos
2528 3735 2699 3774 omnes
2721 3722 2925 3792 fratres.
2956 3722 3191 3779 Salutate
3221 3722 3430 3779 invicem
3459 3724 3514 3778 in
3554 3726 3729 3780 osculo

2148 3819 2344 3865 sancto.
2367 3809 2478 3866 Hoc
2508 3813 2676 3866 sancti
2707 3814 2874 3868 osculi
2901 3812 2987 3870 hic
3015 3815 3190 3870 solum
3215 3815 3366 3887 ponit
3393 3816 3729 3875 additamen-

2151 3912 2284 3958 tum.
2308 3903 2715 3973 Quamobrem?
2766 3905 2933 3963 Valde
2974 3907 3115 3962 inter
3156 3922 3215 3964 se
3252 3907 3614 3977 dissidebant,
3663 3926 3730 3966 eo

2150 3996 2295 4067 quod
2344 3996 2588 4053 dicerent
2620 4016 2633 4052 :
2665 3997 2777 4069 Ego
2820 3999 3020 4067 quidem
3059 4015 3171 4053 sum
3203 3998 3400 4068 Pauli,
3428 4016 3518 4073 ego
3561 4012 3732 4057 autem

2152 4087 2358 4159 Apollo,
2373 4105 2464 4161 ego
2489 4099 2658 4144 autem
2672 4089 2880 4160 Cephea,
2891 4107 2981 4162 ego
2997 4107 3112 4145 vero
3125 4091 3313 4146 Christi
3325 4092 3373 4162 (1
3390 4129 3406 4145 .
3419 4091 3570 4149 Con!
3581 4093 3694 4164 .12)
3713 4112 3726 4147 :

2151 4195 2216 4236 eo
2228 4181 2370 4253 quod
2389 4181 2522 4236 alius
2538 4182 2751 4253 quidem
2778 4185 3026 4252 esuriret,
3052 4183 3190 4239 alius
3205 4199 3336 4240 vero
3355 4193 3500 4242 esset
3513 4185 3694 4242 ebrius
3713 4205 3730 4242 :

2151 4289 2216 4331 eo
2243 4275 2384 4346 quod
2415 4275 2674 4331 baberent
2713 4291 2916 4348 pugnas
2945 4286 2997 4333 et
3042 4277 3414 4336 annulationes
3440 4287 3498 4334 et
3521 4279 3642 4336 lites
3669 4295 3731 4334 ac

2148 4370 2385 4441 judicia,
2430 4380 2485 4425 et
2530 4385 2597 4425 ex
2645 4370 2800 4426 donis
2850 4385 3042 4442 magna
3083 4379 3198 4427 erat
3247 4371 3484 4438 invidia,
3539 4386 3730 4444 magna

2151 4463 2398 4534 superbia
2425 4473 2480 4518 et
2505 4464 2827 4534 arrogantia.
2854 4463 3145 4534 Postquam
3182 4479 3312 4536 ergo
3335 4479 3432 4522 eos
3457 4463 3734 4535 conjunxit

2154 4569 2249 4624 per
2271 4553 2722 4621 exhortationem,
2751 4556 2944 4610 merito
2967 4555 3130 4611 etiam
3165 4555 3319 4626 jubet
3341 4555 3602 4627 conjungi
3631 4571 3727 4627 per

2152 4647 2395 4705 osculum
2435 4657 2701 4703 sanctum.
2734 4647 2846 4704 Hoc
2872 4648 3014 4703 enim
3043 4649 3191 4716 unit,
3237 4658 3294 4704 et
3320 4663 3489 4704 unum
3531 4661 3730 4719 corpus

2153 4738 2278 4795 facit
2305 4758 2318 4794 :
2343 4738 2447 4794 hoc
2485 4747 2570 4795 est
2596 4747 2840 4795 sanctum
2864 4780 2880 4808 ,
2908 4738 3052 4810 quod
3091 4754 3196 4794 non
3227 4749 3310 4794 est
3352 4754 3472 4794 cum
3514 4737 3642 4794 dolo
3679 4748 3736 4794 et

2152 4829 2512 4884 simulatione.
2537 4828 2628 4884 2t.
2663 4829 2920 4886 Satutatio
2943 4846 3052 4884 mea
3098 4845 3253 4884 manu
3283 4828 3461 4885 Pauli.
3487 4829 3735 4885 Ostendit

2154 4939 2350 4995 magno
2377 4922 2554 4979 studio
2597 4924 2948 4994 compositam
2982 4922 3148 4978 fuisse
3175 4923 3458 4993 epistolam
3485 4940 3500 4977 :
3527 4930 3582 4977 et
3612 4920 3735 4975 ideo

2154 5017 2258 5072 hoc
2283 5015 2478 5086 adjecit
2515 5033 2529 5072 :
2554 5014 2644 5070 22.
2666 5015 2728 5071 Si
2749 5017 2864 5087 quis
2901 5030 3002 5070 non
3023 5024 3162 5069 amat
3191 5014 3469 5070 Dominum
3510 5024 3734 5069 nostrum

2152 5106 2186 5162 ,ι
2193 5124 2329 5162 esum
2356 5106 2630 5170 Christum,
2649 5107 2714 5161 sit
2731 5107 3022 5162 anathema.

2224 5201 2282 5256 5.
2313 5199 2500 5257 Fastus
2536 5209 2657 5269 quot
2698 5201 2950 5256 malorum
2991 5216 3168 5255 causa.
3190 5227 3262 5242 —-
3283 5199 3388 5256 Per
3425 5211 3591 5255 unum
3631 5195 3739 5252 bec-

2153 5295 2374 5350 verbum
2424 5309 2614 5350 omnes
2659 5295 2882 5362 terruit,
2932 5296 3022 5364 qui
3062 5295 3304 5350 membra
3329 5309 3425 5350 sua
3469 5292 3736 5348 faciebant

2153 5385 2397 5441 membra
2421 5387 2720 5442 meretricis
2744 5403 2758 5452 ;
2790 5401 2884 5442 eos
2912 5387 3005 5458 qui
3047 5387 3242 5443 fratres
3269 5386 3614 5442 oﬁ'endebant
3640 5399 3735 5455 per

2156 5477 2426 5532 immolata
2449 5477 2630 5544 idolis,
2655 5493 2750 5536 eos
2770 5480 2861 5550 qui
2883 5478 3295 5534 nominabantur
3314 5495 3385 5535 ex
3407 5477 3734 5541 hominibus,

2155 5583 2249 5625 eos
2303 5569 2394 5641 qui
2442 5583 2548 5624 non
2598 5569 2890 5625 credebant
2943 5571 3349 5626 resurrectioni.
3401 5567 3520 5626 Non
3563 5568 3734 5624 solum

2163 5673 2340 5718 autem
2374 5662 2601 5730 terruit,
2633 5662 2728 5718 sed
2756 5664 2917 5719 etiam
2947 5662 3179 5720 ostendit
3223 5663 3361 5718 viam
3393 5663 3604 5719 virtutis
3625 5704 3640 5730 ,
3681 5665 3734 5711 cl
