2069 3110
219 127 280 155 3577

227 185 352 219 λίζοντας
359 184 421 218 τοὺς
429 185 560 219 ἀδελφοὺς
569 185 614 212 διὰ
622 185 676 212 τῶν
687 184 880 219 εἰδωλοθύτων,
893 185 956 217 τοὺς
965 185 1011 212 ἀπ’

227 230 379 266 ἀνθρώπιον
393 230 620 266 ὀνομαζομένους,
635 231 699 262 τοὺς
714 232 746 266 τῇ
761 230 907 257 ἀναστάσει
921 230 1012 257 διαπι-

228 278 367 309 στοῦντας.
386 277 443 304 Οὐκ
455 276 570 311 ἐφόϐησε
582 276 610 302 δέ
624 276 713 311 μόνον,
726 276 795 303 ἀλλά
809 276 856 303 καὶ
869 275 953 309 ἔδειξε
964 275 1013 311 τῆς

227 324 328 359 ἀρετῆς
340 323 389 358 τὴν
403 322 471 353 ὁδὸν,
487 323 534 348 καὶ
547 322 597 357 τῆς
611 322 710 353 κακίας
724 322 773 358 τὴν
789 322 892 358 πηγήν.
909 322 1013 357 Ὥσπερ

227 370 281 405 γὰρ
302 367 403 403 σφοδρὰ
426 367 492 402 περὶ
511 367 591 394 αὺτὸν
608 368 624 403 η
641 368 735 403 ἀγάπη
759 367 902 403 γενομένη,
925 366 1014 393 πάντα

227 414 280 441 τῶν
299 413 507 449 ἁμαρτημάτων
517 414 551 441 τά
564 413 620 449 εἴδη
637 414 835 441 κατασϐέννυσι
846 414 893 440 καὶ
907 412 1011 445 ἐξωθεῖ¹

226 461 313 492 οὕτως
332 461 396 487 ὅταν
410 460 591 495 ἀσθενεστέρα
612 459 640 497 ᾗ,
654 461 814 496 βλαστάνειν
829 459 914 487 ταῦτα
930 459 1013 487 ποιεῖ.

226 505 397 540 Μαραναθά.
418 506 498 538 Τίνος
515 506 607 533 ἕνεκεν
625 506 704 533 τοῦτο
727 507 834 542 εἴρηται
848 515 854 539 ;
871 506 898 532 τί
914 505 1014 541 δήποτε

226 552 274 578 καὶ
304 552 423 588 Ἐϐραΐδι
440 554 533 588 φωνῇ;
560 553 670 588 Ἐπειδὴ
692 552 801 580 πάντων
823 552 877 579 τῶν
892 551 985 579 κακῶν
1000 551 1014 577 ό

225 598 309 633 τῦφος
324 598 409 630 αἴτιος
423 596 467 635 ἦν’
480 598 575 626 τοῦτον
591 599 619 625 δὲ
634 599 679 625 τὸν
692 598 776 633 τῦφον
789 599 805 634 ἡ
820 598 919 630 ἔξωθεν
933 597 1014 632 σοφία

226 643 324 675 ἐποίει,
348 644 395 670 καὶ
419 644 497 670 τοῦτο
517 643 547 670 τὸ
569 644 715 678 κεφάλαιον
736 643 792 670 τῶν
811 643 903 670 κακῶν
929 641 974 679 ἦν,
999 642 1014 668 ὃ

226 689 347 725 μάλιστα
368 689 419 725 τὴν
441 690 573 725 Κόρινθον
591 689 737 716 διέσπασε·
756 689 945 716 καταστέλλων
965 689 1014 715 αὑ-

226 736 280 763 τῶν
294 736 340 763 τδν
356 736 450 771 τῦφον,
466 736 526 763 οὑδὲ
550 736 654 763 Ἐλλάδι
668 736 801 772 κέχρηται
814 735 934 771 γλώσσῃ,
947 735 1015 762 ἀλλά

226 785 259 819 τῇ
277 783 407 819 Ἐϐραΐδι,
421 783 528 815 δεικνὺς
539 784 579 809 ὃτι
595 783 625 809 οὐ
640 782 720 818 μόνον
733 782 783 809 οὐκ
797 782 953 817 αἰσχύνεται
966 781 1015 817 τὴν

227 829 371 861 ίδιωτείαν,
394 829 464 856 ἀλλὰ
491 829 538 856 καὶ
566 829 635 864 μετά
662 828 764 863 πολλῆς
789 827 940 860 ἀσπάζεται
964 828 1015 863 τῆς

227 877 403 912 θερμότητος.
417 875 450 902 Τί
462 875 490 902 δέ
500 876 558 902 ἐστι
568 873 750 909 Μαραναθὰ;
766 873 796 900 '0
812 874 919 907 Κύριος
931 872 1016 907 ήμῶν

226 920 310 958 ἦλθε.
327 924 405 955 Τίνος
429 921 476 950 οὖν
500 924 593 950 ἕνεκεν
612 923 678 950 αὐτὸ
692 923 771 950 τοῦτό
790 931 876 959 φησι;
896 922 949 948 Τὸν
965 921 1015 957 τῆς

226 970 381 1005 οἰκονομίας
401 969 518 1005 βεϐαιῶν
532 970 622 1004 λόγον,
642 970 671 1002 ἐξ
683 966 720 996 ὧν
743 969 861 1005 μάλιστα
875 968 909 995 τὰ
933 968 1016 1003 σπέρ-

229 1024 300 1051 ματα
310 1016 359 1052 τῆς
372 1016 548 1048 ἀναστάσεως
558 1016 739 1043 συντέθεικεν·
751 1016 782 1042 οὐ
796 1014 876 1042 τοῦτο
884 1014 913 1041 δὲ
925 1014 1014 1050 μόνον,

227 1062 295 1089 ἀλλὰ
318 1063 364 1089 καὶ
384 1062 504 1094 ἐκείνους
527 1063 677 1098 ἐντρέπων.
692 1062 730 1094 ὡς
754 1061 787 1088 ἃν
807 1062 832 1088 εἰ
854 1061 963 1095 ἐλεγεν·
987 1060 1015 1087 '0

226 1107 317 1140 κοινὸς
340 1108 449 1135 πάντων
469 1108 609 1143 Δεσπότης
630 1107 784 1142 καταϐῆναι
803 1106 930 1134 τοσοῦτον
951 1115 1016 1133 κατ-

227 1152 337 1188 ηξίωσε,
350 1154 397 1180 καὶ
409 1154 489 1188 ὑμεῖς
502 1154 531 1179 ἐν
545 1155 601 1185 τοῖς
617 1153 709 1185 αὐτοῖς
724 1153 797 1186 ἐστε,
809 1153 857 1179 καὶ
871 1152 1015 1188 ἐπιμένετε

228 1199 448 1234 ἀμαρτάνοντεςς
476 1199 524 1226 καὶ
548 1199 578 1225 οὐ
603 1199 729 1234 φρίττετε
755 1199 804 1234 τῆς
832 1197 942 1233 ἀγάπης
966 1197 1016 1232 τὴν

228 1244 390 1280 ὑπερϐολὴν,
404 1244 457 1271 τῶν
468 1244 578 1278 ἀγαθῶν
588 1244 618 1270 τὸ
629 1243 775 1278 κεφάλαιον
786 1252 793 1276 ;
812 1242 952 1278 Ἐννόησον
963 1242 1017 1276 7&9

228 1291 307 1317 τοῦτο
318 1291 408 1326 μόνον,
427 1290 504 1326 φησι,
516 1290 564 1317 καὶ
577 1288 691 1325 ἀρκέσει
707 1297 747 1316 σοι
760 1289 800 1321 εἰς
811 1288 903 1324 πάσης
916 1287 1017 1323 ἀρετῆς

228 1337 380 1372 προκοπὴν,
393 1336 440 1363 καὶ
459 1337 549 1363 πᾶσαν
567 1336 668 1372 δυνήσῃ
685 1334 852 1362 κατασϐέσαι
869 1333 1016 1369 ἁμαρτίαν.

235 1382 271 1409 Ἡ
283 1381 369 1415 χάρις
383 1380 436 1408 τοῦ
453 1382 563 1415 Κυρίου
578 1380 662 1415 ἡμῶν
684 1380 781 1414 Ἰησοῦ
800 1378 930 1414 Χριστοῦ
952 1379 1017 1413 μεθ’

228 1428 322 1462 ὑμῶν.
339 1427 424 1454 Τοῦτο
442 1427 614 1458 διδασκάλου,
630 1426 661 1453 τὸ
680 1426 718 1462 μὴ
744 1426 824 1461 μόνον
840 1425 1017 1461 συμϐουλαῖς,

229 1472 298 1499 ἀλλά
318 1473 365 1499 καὶ
377 1472 470 1507 εὐχαῖς
485 1471 602 1507 βοηθεῖν.
624 1471 657 1498 Ἦ
673 1470 773 1506 ἀγάπη
785 1479 844 1505 μου
857 1469 933 1505 μετὰ
942 1468 1017 1495 πάν-

230 1528 289 1547 των
304 1518 388 1554 ὑμῶν·
401 1519 436 1546 ἐν
449 1519 564 1553 Χριστῷ
584 1518 695 1553 Ἰησοῦ.
718 1517 816 1552 Ἀμήν.
836 1517 893 1543 Ἵνα
908 1516 962 1552 7&9
981 1515 1018 1551 μὴ

230 1565 388 1600 νομίσωσιν,
403 1565 443 1592 ὅτι
458 1564 613 1591 κολακεύων
624 1563 722 1594 αὐτοὺς
735 1563 775 1594 είς
786 1562 863 1589 τοῦτο
874 1561 1017 1597 κατέληξε,

232 1610 331 1646 φησίν·
352 1610 400 1637 Ἑν
416 1609 531 1644 Χριστῷ
556 1609 668 1643 Ἰησοῦ.
685 1608 768 1635 οὐδὲν
782 1607 837 1643 γὰρ
850 1606 1020 1643 ἀνθρώπινον

232 1656 289 1692 ἔχει
311 1656 371 1683 οὐδὲ
389 1657 531 1692 σαρκικδν,
550 1655 617 1682 ἀλλά
636 1654 808 1690 πνευματική
832 1653 875 1685 τίς
894 1653 962 1679 ἐστι·
980 1652 1020 1679 διδ

234 1703 335 1739 σφόδρα
350 1703 459 1738 γνησίαν
470 1703 517 1729 καὶ
528 1701 582 1737 γὰρ
595 1700 698 1736 σφόδρα
713 1700 830 1735 ἐρῶντος
841 1698 872 1726 τὸ
886 1699 962 1735 ῥῆμα
975 1696 1019 1734 ἦν.

233 1748 289 1776 Καὶ
302 1748 355 1784 7&9
368 1748 463 1784 ἐπειδὴ
477 1748 626 1782 διειστήκει
639 1745 678 1782 τῷ
692 1746 777 1781 τόπῳ,
792 1744 919 1780 καθάπερ
932 1744 1021 1778 δεξιᾶς

233 1803 305 1825 τινος
319 1794 441 1825 ἐκτάσει,
459 1794 520 1825 ταῖς
534 1794 584 1828 τῆς
600 1792 710 1828 ἀγάπης
726 1791 826 1823 αὐτοὺς
847 1791 927 1827 χερσὶ
943 1798 1022 1826 περι-

234 1840 367 1874 λαμϐάνει
384 1839 459 1875 μυ]
475 1839 573 1873 λέγων,
599 1839 630 1867 Ἠ
651 1838 752 1873 ἀγάπη
765 1846 825 1873 μου
844 1838 909 1872 μεθ’
927 1836 1020 1872 ὑμῶν,

233 1885 271 1917 ὼς
291 1885 323 1912 ἂν
346 1886 370 1912 εἰ
396 1885 483 1919 ἔλεγε
505 1884 581 1912 Μετὰ
605 1884 714 1911 πάντων
740 1883 817 1918 ὑμῶν
840 1883 905 1919 ἐγώ.
922 1884 962 1910 Δι’
985 1880 1022 1910 ῶν

234 1931 380 1964 δείκνυσιν,
394 1931 435 1958 ὅτι
450 1931 481 1958 οὐ
495 1930 581 1966 θυμοῦ
594 1930 654 1957 οὐδὲ
668 1930 756 1965 ὀργῆς
773 1927 808 1966 ἦν
822 1930 856 1957 τά
872 1929 1022 1966 γραφέντα,

234 1976 303 2004 ἀλλά
316 1976 490 2013 κηδεμονίας,
502 1977 569 2004 ὅπου
580 1985 611 2011 γε
627 1977 696 2012 μετὰ
709 1976 843 2011 τοσαύτην
856 1975 1023 2012 κατηγορίαν

233 2023 284 2050 οὐκ
300 2023 513 2058 ἀποστρέφεται,
528 2022 596 2049 ἀλλά
614 2022 661 2049 καὶ
676 2022 749 2057 φιλεῖ
764 2023 811 2049 καὶ
824 2021 1023 2057 περιλαμϐάνει

235 2068 376 2105 πόρρωθεν
388 2068 487 2101 αὐτοὺς
498 2068 590 2100 ὄντας.
605 2068 649 2095 διὰ
663 2069 719 2095 τῶν
735 2067 902 2095 Ἐπιστολῶν
913 2067 1023 2095 καὶτῶν

234 2104 405 2150 γραμμάτων
419 2115 523 2142 τούτων
535 2114 626 2146 αὐτοῖς
639 2104 807 2150 περιχυθείς.
822 2113 900 2141 Οὕτω
912 2114 967 2148 γὰρ
979 2113 1024 2141 τὸν

234 2160 391 2196 διορθοῦντα
414 2160 453 2187 δεῖ
472 2161 569 2187 ποιεῖν’
588 2160 627 2192 ὡς
649 2161 662 2187 ὅ
679 2169 711 2195 γε
734 2160 802 2196 ὀργῇ
823 2159 903 2195 μόνον
920 2159 1024 2192 ποιῶν,

235 2207 334 2234 οίκεϊον
352 2207 438 2239 πάθος
455 2206 570 2243 πληροῖ·
593 2208 607 2234 ό
627 2207 656 2234 δέ
677 2207 747 2243 μετὰ
761 2206 792 2232 τὸ
810 2205 956 2241 διορθῶσαι
978 2205 1024 2232 τὸν

236 2253 428 2288 ἁμαρτάνοντα
439 2273 447 2285 ,
463 2253 510 2280 καὶ
531 2253 564 2280 τὰ
579 2255 628 2289 τῆς
652 2253 764 2289 ἀγάπης
784 2251 1023 2287 ἐπιδεικνύμενος,

235 2299 369 2326 δείκνυσιν
382 2299 424 2326 ὅτι
435 2300 551 2326 κάκεῖνα
564 2298 756 2334 φιλοστοργίας
769 2296 814 2334 ἦν,
828 2299 879 2325 ὃσα
894 2298 1025 2334 ἐπιπλήτ-

235 2354 289 2373 των
300 2346 402 2380 ἓλεγεν.
415 2345 494 2372 υῦτω
504 2345 537 2381 δὴ
547 2346 595 2372 καὶ
605 2346 687 2380 ἡμεῖς
697 2344 829 2379 ἀλλήλους
843 2344 1024 2379 παιδεύωμεν,

237 2392 284 2419 καὶ
303 2393 371 2427 μήτε
387 2392 401 2418 ὸ
420 2391 539 2427 ἐλέγχων
555 2390 723 2427 όργιζέσθω’
739 2389 769 2416 οὐ
786 2389 841 2425 γὰρ
855 2389 1026 2424 διορθώσεως

237 2437 327 2469 τοῦτο,
340 2437 409 2464 ἀλλὰ
425 2437 542 2469 πάθους·
566 2438 635 2473 μήτε
649 2437 663 2463 ὁ
679 2435 857 2471 ἐλεγχόμενος
881 2435 1024 2471 δυσχεραι-

238 2481 317 2509 νέτω·
334 2482 438 2517 ἰατρεία
453 2483 507 2518 γὰρ
518 2483 549 2510 τδ
567 2483 721 2519 γινόμενον,
733 2483 783 2509 οὐκ
796 2481 939 2517 ἀπέχθεια.
955 2482 986 2508 Et
997 2481 1026 2508 δέ
1046 2502 1055 2512 .

240 2526 340 2561 ἰατρῶν
352 2526 447 2558 παῖδες
459 2528 567 2555 καίουοι
576 2529 623 2555 καλ¹
632 2529 683 2555 οὐκ
696 2528 886 2563 ὲγκαλοῦνται,
897 2527 1026 2559 πολλάκις

238 2573 287 2600 καὶ
302 2572 532 2608 διαμαρτάνοντες
547 2573 593 2600 τοῦ
609 2574 713 2608 τέλους,
729 2576 797 2603 ἀλλά
816 2575 865 2602 καὶ
880 2574 1027 2609 ἀλγοῦντες

238 2620 264 2647 οί
288 2619 427 2655 καιόμενοι
442 2619 489 2646 καὶ
500 2619 673 2655 τεμνόμενοι,
696 2621 842 2656 εὐεργέτας
858 2618 928 2648 εἶναι
949 2621 1027 2656 νομί-

239 2665 316 2698 ζουσι
331 2666 394 2697 τοὺς
406 2664 455 2701 τὴν
469 2664 604 2701 ἀλγηδόνα
615 2665 717 2700 ταύτην
731 2665 924 2702 διεγείροντας·
938 2665 1027 2701 πολλῷ

242 2710 342 2745 μᾶλλον
357 2711 404 2738 τὸν
417 2710 562 2747 δεχόμενον
577 2710 687 2746 ἔλεγχον
705 2710 776 2738 οὕτω
791 2711 942 2738 διακεῖσθαι
957 2711 1025 2746 χρὴ,

240 2756 289 2782 καὶ
302 2756 340 2788 ὡς
353 2757 438 2793 ίατρῷ
452 2757 597 2793 προσέχειν
617 2757 655 2793 τῷ
668 2756 830 2792 διορθοῦντι,
847 2757 904 2784 ἀλλ’
926 2757 975 2791 οὐχ
990 2756 1028 2786 ὼς

241 2801 340 2837 ἐχθρῷ.
355 2803 409 2829 Καὶ
425 2805 504 2839 ἡμεῖς
517 2803 545 2831 δέ
557 2804 582 2830 οἱ
596 2803 776 2839 ἐπιτιμῶντες
790 2802 946 2839 προσίωμεν
959 2800 1028 2836 μετὰ

243 2844 343 2880 πολλῆς
356 2846 406 2880 τῆς
423 2847 590 2883 ἡμερότητος
600 2869 607 2880 ,
623 2848 692 2883 μετά
708 2847 806 2882 πολλῆς
818 2848 867 2882 τῆς
884 2845 1026 2879 συνέσεως,

563 129 592 157 S.
612 128 754 158 JOANNIS
767 126 1012 156 ‘CI'IRYSOSTOMI
1032 126 1190 155 ARCHIEP.
1209 123 1484 154 CONSTANTINOP.

1798 121 1849 151 378

1067 184 1117 211 κᾶν
1131 184 1187 220 ἴδῃς
1204 183 1248 210 τὸν
1266 182 1382 217 ἀδελφὺν
1400 179 1613 216 πλημμελοῦντα
1625 199 1631 210 ,
1652 178 1689 210 ῶς
1706 178 1719 205 ὁ
1734 178 1850 214 Χριστὸς

1066 231 1208 261 ἐκέλευσε,
1230 229 1266 264 μὴ
1283 228 1429 262 δημοσίευε
1451 226 1495 252 τὸν
1518 225 1641 260 ἔλεγχον,
1663 224 1730 250 ἀλλά
1749 224 1850 259 μεταξὺ

1067 275 1114 302 σοῦ
1127 276 1173 301 καὶ¹
1190 273 1272 300 αὑτοῦ
1287 273 1378 308 μόνον,
1394 272 1443 298 οὺκ
1456 270 1592 302 ὀνειδίζων
1606 269 1666 296 οὐδὲ
1678 268 1851 303 ἐπεμϐαίνων

1067 320 1193 355 κειμένῳ,
1211 320 1278 346 ἀλλά
1293 319 1339 345 καὶ
1350 318 1441 352 ἀλγῶν
1455 317 1503 344 καὶ
1512 317 1671 352 τηκόμενος·
1687 315 1732 342 καὶ
1745 315 1853 350 ἕτοιμον

1068 367 1164 393 σαυτὸν
1181 366 1283 401 πάρεχε
1301 365 1349 392 καὶ
1367 364 1433 400 πρὸς
1451 364 1480 391 τὸ
1503 363 1676 397 ἐλέγχεσθαι,
1699 362 1725 388 εί
1745 371 1771 388 τι
1793 362 1852 388 δια·

1068 412 1225 447 μαρτάνοις.
1245 412 1303 437 Ἵνα
1316 410 1344 437 δὲ
1359 411 1405 437 καὶ
1423 409 1590 444 σαφέστερον
1605 408 1618 434 ὃ
1637 408 1708 442 λέγω
1723 407 1852 443 γένηται,

1067 458 1127 484 καθ’
1145 457 1271 484 ὑπόθεσιν
1290 456 1336 483 τὸν
1353 456 1431 490 λόγον
1457 455 1660 490 γυμνάσωμεν·
1685 453 1722 489 μὴ
1747 452 1801 488 7&9
1821 452 1853 488 δὴ

1066 504 1171 538 γένοιτο
1192 504 1238 530 ἐπὶ
1264 504 1314 538 τῆς
1334 502 1462 539 ἀληθείας
1483 501 1568 536 αὐτῆς
1589 501 1740 536 εὐπορῆσαι
1761 507 1852 535 παρα-

1067 550 1211 585 δείγματος
1236 550 1368 576 τοιούτου·
1399 550 1490 576 Ἔστω
1516 557 1559 579 τις
1586 547 1700 581 ἀδελφὸς
1726 545 1852 581 παρθένῳ

1068 596 1209 629 συνοικῶν,
1226 596 1340 631 κόσμιος
1356 596 1405 631 μὲν
1419 595 1463 622 καὶ
1480 595 1605 630 σώφρων,
1620 593 1689 629 πλὴν
1704 591 1771 619 ἀλλά
1786 591 1851 627 μηδὲ

1067 643 1139 669 οὕτω
1160 643 1328 677 διαφευγέτω
1354 643 1403 678 τὴν
1429 642 1550 678 πονηρὰν
1574 641 1663 674 δόξαν.
1689 640 1739 666 "Av
1765 639 1853 665 τοίνυν

1067 689 1188 725 ἀκούσῃς
1211 689 1411 725 θρυλλουμένην
1436 688 1484 724 τὴν
1504 687 1660 722 συνοίκησιν
1680 685 1797 720 ταύτην,
1815 684 1853 719 μὴ

1068 737 1278 771 καταφρονήσῃς
1300 736 1366 771 μηδὲ
1391 736 1471 771 είπῃς
1481 743 1488 750 θ
1503 734 1588 765 Αὐτὸς
1602 734 1655 769 7&9
1675 732 1706 759 οὑ
1722 732 1851 765 κέκτηται

1067 781 1129 809 νοῦν
1139 791 1146 815 ;
1158 782 1237 813 αὐτὸς
1250 782 1303 817 7&9
1315 782 1364 808 οὐκ
1375 779 1428 807 οἶδε
1440 781 1465 807 τί
1476 781 1505 807 τὸ
1520 780 1674 815 συμφέροη
1691 778 1752 813 εἰκῆ
1764 776 1852 812 φιλοῦ,

1068 828 1115 854 καὶ
1137 827 1174 863 μὴ
1192 826 1270 863 μισοῦ
1290 827 1362 862 είκῆ⁸
1390 826 1416 852 τί
1433 826 1487 861 γάρ
1511 833 1555 861 μοι
1577 825 1652 859 μέλει
1674 823 1773 859 ἔχθραν
1789 823 1854 849 ἀνα-

1067 874 1194 907 δέξασθαι
1223 873 1370 909 περιττήν;
1399 872 1491 899 Ταῦτα
1521 870 1629 905 ληρώδη
1663 871 1771 905 ῥήματα
1799 868 1853 895 τῶν

1069 920 1180 955 θηρίων,
1199 920 1298 955 μᾶλλον
1314 919 1342 945 δὲ
1358 919 1412 945 τῶν
1425 919 1569 953 δαιμόνων.
1588 917 1624 943 Ού
1638 916 1692 951 γὰρ
1705 916 1778 942 ἐστιν
1792 915 1853 950 εἰκῆ

1071 965 1207 1002 μισεῖσθαι
1220 966 1264 992 τὸν
1281 966 1326 991 ἐπὶ
1342 965 1483 1000 διορθώσει
1495 964 1573 991 τοῦτο
1588 962 1726 995 ποιοῦντα,
1739 961 1795 989 ἀλλ’
1807 961 1854 987 ἐπὶ

1071 1012 1198 1047 μεγάλοις
1216 1010 1328 1045 ἀγαθοῖς
1348 1011 1395 1037 καὶ
1409 1010 1551 1045 στεφάνοις
1573 1010 1747 1044 ἀπορρήτοις.
1771 1007 1801 1034 EI
1825 1007 1853 1033 δέ

1069 1058 1168 1091 λέγοις,
1190 1057 1222 1083 Τί
1237 1057 1302 1092 7&9,
1318 1056 1399 1088 αὐτὸς
1421 1056 1471 1082 οὐκ
1490 1056 1546 1091 ἕχει
1562 1055 1642 1088 νοῦν;
1663 1054 1766 1089 ἀκούσῃ
1789 1052 1853 1087 παρ’
1882 1072 1892 1081 .

1069 1103 1158 1138 ήμῶν,
1179 1102 1219 1128 ὅτι
1233 1102 1283 1128 οὐκ
1306 1101 1371 1137 ἔχει·
1392 1102 1486 1137 μεθύει
1504 1101 1558 1136 7&9
1579 1101 1617 1136 τῷ
1635 1100 1725 1127 πάθει.
1746 1099 1777 1126 El
1799 1098 1853 1133 7&9

1069 1148 1114 1174 ἐπὶ
1129 1148 1182 1174 τῶν
1200 1147 1297 1179 ἔξωθεν
1319 1147 1501 1182 δικαστηρίων
1523 1148 1546 1173 οἱ
1566 1146 1739 1181 ἀδικούμενοι
1756 1145 1805 1171 οὑκ
1822 1145 1854 1171 ἂν

1069 1194 1193 1220 δύναιντο
1208 1194 1293 1219 εἰπεῖν
1306 1193 1376 1228 ὑπὲρ
1391 1193 1495 1219 ἑαυτῶν
1510 1192 1614 1224 ζέοντες
1626 1193 1658 1226 τῇ
1673 1191 1753 1226 ὀργῇ,
1766 1189 1854 1216 καίτοι

1069 1247 1101 1272 γε
1114 1239 1163 1265 οὐκ
1177 1238 1249 1265 ἔστιν
1261 1238 1386 1274 ἔγκλημα
1401 1239 1417 1274 ἡ
1432 1238 1589 1273 συμπάθεια
1601 1237 1681 1272 αὕτη·
1696 1237 1771 1272 πόσῳ
1788 1235 1855 1262 uil-

1070 1285 1114 1311 λον
1125 1285 1149 1311 οἱ
1162 1284 1291 1320 συνηθείᾳ
1304 1285 1410 1320 πονηρᾷ
1422 1284 1600 1319 κατεχόμενοι
1614 1292 1620 1316 ;
1631 1283 1680 1309 Διὰ
1689 1281 1854 1316 τοῦτολέγω,

1070 1331 1110 1357 ὅτι
1127 1331 1177 1357 κᾶν
1195 1331 1323 1366 μυριάκις
1370 1330 1509 1365 φρόνιμος,
1524 1330 1574 1356 οὐκ
1590 1329 1646 1364 ἔχει
1661 1329 1721 1356 νοῦν
1732 1329 1855 1363 ἐγρηγο-

1072 1377 1145 1413 ρότα.
1159 1378 1191 1403 Τί
1210 1377 1264 1413 γὰρ
1279 1376 1325 1403 τοῦ
1344 1376 1425 1402 Δαυῖδ
1445 1376 1625 1411 συνετώτερον
1643 1373 1688 1410 ἦν,
1712 1374 1855 1409 ἀνθρώπου

1071 1423 1204 1457 λέγοντος,
1223 1422 1260 1449 Τὰ
1272 1423 1369 1456 ἄδηλα
1381 1422 1428 1448 καὶ
1443 1422 1479 1448 τὰ
1492 1422 1601 1457 κρύφια
1612 1421 1666 1455 τῆς
1675 1421 1786 1455 σοφίας
1798 1424 1855 1447 σοι)

1071 1468 1228 1502 ὲδήλωσάς
1243 1476 1310 1502 μου
1332 1468 1388 1494 ἀλλ’
1408 1468 1453 1494 ὅτε
1470 1467 1518 1503 τὴν
1533 1467 1579 1494 τοῦ
1596 1466 1762 1502 στρατιώτου
1781 1464 1855 1501 [HQ]

1072 1516 1187 1550 γυναῖκα
1206 1513 1276 1541 οἶδεν
1290 1515 1438 1549 ὀφθαλμοῖς
1450 1514 1562 1546 ἀδίκοις,
1576 1514 1646 1545 τότε,
1662 1513 1730 1548 ὅπερ
1743 1513 1789 1539 ἐπὶ
1807 1511 1857 1546 τῆς

1073 1562 1208 1596 θαλάττης
1226 1561 1275 1595 τῆς
1293 1560 1458 1596 μαινομένης
1476 1561 1538 1592 τοὺς
1555 1560 1724 1594 ἐμπλέοντας
1741 1559 1858 1594 πάσχειν

1074 1606 1161 1640 ἐλεγε,
1175 1606 1262 1632 Πᾶσα
1279 1606 1297 1638 ὴ
1313 1605 1406 1639 σοφία
1417 1605 1510 1632 αὑτοῦ
1524 1605 1685 1638 κατεπόθη·
1698 1604 1745 1630 καὶ
1758 1603 1859 1638 ἐτέρων

1074 1652 1157 1678 ἐδεῖτο
1181 1651 1235 1678 τῶν
1260 1650 1473 1687 διορθωσόντων,
1496 1651 1543 1677 καὶ¹
1565 1650 1626 1676 οὑδέ
1645 1650 1778 1686 ᾐσθάνετο
1795 1650 1859 1676 οἴων

1074 1697 1166 1724 κακῶν
1180 1695 1215 1732 ἦν
1228 1697 1313 1728 ἐντός.
1331 1697 1376 1723 Διὸ
1388 1697 1433 1724 καὶ
1447 1697 1554 1733 θρηνῶν
1566 1697 1600 1723 τὰ
1613 1697 1799 1732 ἁμαρτήματα
1811 1696 1859 1722 αὺ-

1074 1743 1121 1770 τοῦ
1143 1743 1244 1777 ἔλεγεν·
1269 1743 1348 1769 Ὠσεὶ
1362 1743 1485 1777 φορτίον
1498 1742 1577 1777 ,βαρὺ
1591 1742 1799 1777 ἑϐαρύνθησαν
1811 1741 1859 1767 ἐπ’

1074 1789 1135 1824 ἐμέ.
1148 1788 1345 1822 Προσώζεσαν
1360 1789 1408 1815 καὶ
1424 1788 1586 1822 ἐσάπησαν
1598 1789 1624 1814 οὶ
1640 1787 1784 1822 μωωπές
1796 1795 1858 1822 μου

1075 1835 1134 1863 ἀπὸ
1148 1835 1310 1869 προσώπου
1328 1834 1383 1869 τῆς
1399 1835 1575 1869 ἀφροσύνης
1591 1841 1658 1869 μου.

1110 1926 1141 1953 δ’.
1160 1926 1196 1952 Οὺ
1217 1925 1307 1951 τοίνυν
1325 1924 1380 1960 ἔχει
1401 1923 1464 1951 νοῦν
1477 1923 1491 1950 ό
1503 1922 1682 1958 ἁμαρτάνων·
1697 1920 1791 1957 μεθύει
1807 1920 1862 1956 γὰρ

1076 1972 1123 2000 καὶ
1144 1972 1303 1999 ἐσκότωται.
1326 1971 1373 2007 Μὴ
1390 1970 1422 2006 δὴ
1438 1969 1525 1997 ταῦτα
1545 1969 1618 2004 λέγε,
1640 1968 1708 2005 μηδὲ
1723 1967 1861 2003 προστίθει

1076 2020 1173 2052 ἐκεῖνο,
1186 2019 1226 2045 ὅτι
1237 2017 1319 2045 Οὐδέν
1336 2026 1380 2053 μοι
1400 2016 1485 2052 μέλει·
1501 2016 1652 2048 Ἕκαστος
1666 2014 1721 2050 γὰρ
1737 2013 1770 2041 τὸ
1783 2013 1861 2040 ῑδιον·

1076 2066 1183 2101 φορίον
1193 2063 1353 2097 βαστάσει.
1365 2063 1417 2090 Καὶ
1424 2062 1479 2098 7&9
1489 2062 1536 2088 καὶ
1545 2061 1586 2087 σοὶ
1598 2060 1724 2096 μέγιστον
1735 2058 1862 2094 ἔγκλημα

1077 2112 1185 2147 φύεται,
1195 2111 1235 2137 ὅτι
1247 2109 1453 2144 πεπλανημένον
1465 2107 1525 2135 ἰδὼν
1536 2108 1586 2134 οὐκ
1597 2106 1758 2141 ἀνέστησας.
1770 2105 1801 2132 Εἰ
1809 2104 1863 2139 7&9

1076 2159 1108 2185 τδ
1125 2157 1271 2191 ὑποζύγιον
1286 2156 1333 2183 τοῦ
1352 2154 1450 2191 ἐχθροῦ
1470 2154 1543 2181 κατά
1558 2153 1604 2180 τὸν
1624 2152 1758 2180 Ἰουδαίων
1781 2150 1862 2185 νόμον

1078 2204 1201 2239 παρορᾷν
1217 2203 1247 2229 οὐ
1262 2202 1325 2238 χρὴ,
1337 2202 1351 2228 ὁ
1369 2201 1406 2237 μὴ
1419 2200 1564 2235 ὑποζύγιον
1584 2198 1651 2235 μηδὲ
1664 2197 1761 2234 ἐχθροῦ
1774 2195 1863 2232 ψυχὴν

1078 2250 1267 2285 ἀπολλυμένην
1282 2247 1428 2284 περιορῶν.
1445 2246 1512 2274 ἀλλά
1529 2246 1617 2281 φίλου,
1632 2244 1711 2272 ποίαν
1728 2243 1783 2277 ἐεει
1801 2250 1865 2276 συγ-

1078 2295 1208 2331 γνώμην;
1223 2294 1290 2321 Οὐδὲ
1303 2294 1357 2329 γὰρ
1371 2294 1451 2329 ἀρκεῖ
1463 2294 1502 2324 είς
1517 2291 1667 2326 ἀπολογίαν
1681 2290 1746 2326 ήμϊν
1758 2288 1789 2315 τὸ
1803 2287 1864 2315 νοῦν

1079 2341 1151 2377 ἐχειν
1167 2341 1280 2368 ἐκεῖνον·
1297 2340 1360 2366 ἐπεὶ
1371 2340 1419 2366 καὶ
1432 2339 1512 2375 ἡμεῖς
1525 2337 1611 2365 πολλά
1625 2336 1754 2367 πολλάκις
1767 2343 1865 2370 παραι-

1079 2388 1221 2421 νέσαντες,
1235 2388 1342 2418 ἐαυτοῖς
1363 2386 1414 2414 οὐκ
1439 2386 1609 2422 ἠρκέσαμεν,
1632 2383 1692 2410 οὐδὲ
1716 2380 1865 2417 ἐγενόμεθα

1079 2433 1219 2469 χρήσιμοι.
1234 2431 1319 2459 Τοῦτο
1332 2430 1422 2458 τοίνυν
1441 2431 1488 2458 καὶ
1508 2430 1571 2465 περὶ
1586 2428 1690 2456 ἐκείνου
1704 2427 1801 2453 σκόπει
1818 2424 1864 2452 τοῦ

1079 2478 1313 2515 πλημμελοῦντος,
1330 2477 1371 2504 ὅτι
1388 2476 1460 2508 είκὺς
1474 2476 1554 2503 αὑτὸν
1570 2474 1646 2510 παρά
1662 2473 1709 2500 σοῦ
1723 2472 1833 2508 μᾶλλον,
1848 2470 1865 2506 ἢ

1080 2526 1143 2561 παρ’
1163 2523 1260 2552 ἐαυτοῦ
1281 2522 1409 2555 δέξασθαι
1431 2521 1596 2557 συμϐουλίαν
1618 2519 1745 2555 ἀρίστην,
1765 2517 1814 2544 καὶ
1830 2515 1867 2551 μή

1080 2570 1153 2603 λέγε”
1169 2569 1201 2595 Τί
1212 2568 1240 2595 δέ
1257 2576 1301 2603 μοι
1317 2567 1392 2603 μέλει
1407 2566 1527 2600 τούτωνς
1547 2564 1682 2601 Φοϐήθητι
1694 2563 1741 2590 τὸν
1760 2561 1867 2598 πρῶτον

1081 2614 1212 2650 εἰρηκότα
1225 2613 1255 2640 τὺ
1267 2613 1343 2649 ῥῆμα
1355 2612 1444 2639 τοῦτο·
1458 2611 1489 2639 τὸ
1498 2611 1563 2647 γὰρ,
1576 2610 1624 2644 Μὴ
1636 2608 1738 2645 φύλαξ
1746 2608 1805 2643 ειμι
1814 2605 1867 2634 τοῦ

1080 2659 1212 2694 ἀδελφοῦ
1227 2667 1303 2694 μου;
1318 2659 1358 2691 εἰς
1372 2657 1470 2685 ταυτὸν
1487 2657 1564 2693 φέρει
1577 2655 1675 2691 τούτῳ·
1694 2653 1818 2681 ἐντεῦθεν
1834 2651 1868 2678 τά

1080 2704 1154 2732 κακὰ
1170 2704 1290 2731 τίκτεται
1307 2704 1412 2736 πάντα,
1425 2704 1466 2731 ὄτι
1480 2703 1515 2730 τὰ
1530 2702 1577 2729 τοῦ
1594 2701 1720 2737 σώματος
1736 2699 1782 2727 τοῦ
1799 2699 1869 2734 ἡμε-

1080 2751 1160 2786 τέρου
1175 2750 1302 2786 ἀλλότρια
1320 2750 1460 2786 ἡγούμεθα
1484 2747 1563 2776 εῐναι.
1585 2748 1617 2775 Τί
1638 2748 1710 2783 φής;
1735 2745 1811 2772 οὐδέν
1828 2753 1869 2771 σοι

1083 2795 1159 2831 μέλει
1174 2795 1220 2822 τοῦ
1234 2796 1365 2831 ἀδελφοῦ;
1389 2796 1470 2823 Ἀλλὰ
1487 2796 1540 2822 τίνι
1558 2794 1670 2830 μελήσει
1681 2802 1688 2827 ;
1700 2792 1739 2828 τῷ
1750 2792 1869 2826 ἀπίστῳ,

1082 2841 1122 2878 τῷ
1149 2842 1320 2878 ἐπιχαίροντι
1352 2842 1398 2869 καὶ
1426 2840 1582 2873 όνειδίζοντι
1606 2839 1653 2866 καὶ
1678 2837 1868 2874 ἐναλλομένῳί
