4122 6226
470 396 574 452 877

467 519 669 573 fontem
701 510 834 568 vitii.
852 511 1001 567 Sicut
1025 505 1167 563 enim
1191 519 1310 576 qua:
1327 501 1621 559 vehemens
1649 498 1806 556 fuerit
1825 496 2040 560 caritas,

465 604 758 676 exstinguit
785 610 841 657 et
869 599 1084 672 expellit
1115 609 1304 653 omnes
1331 601 1671 665 peccatorum
1698 588 1944 658 species:
1969 587 2042 642 ita

463 697 628 753 etiam
655 692 870 766 quando
899 691 1058 747 fuerit
1083 686 1430 752 imbecillior,
1458 683 1583 739 facit
1625 697 1688 738 ea
1716 680 2038 752 germinare.

469 785 801 842 Maranatha.
832 783 1071 851 Quanam
1121 779 1189 834 de
1235 790 1395 833 causa
1440 775 1543 831 hoc
1581 773 1780 828 dictum
1821 769 1944 826 est?
1987 777 2044 826 et

461 893 561 934 cur
611 891 744 932 voce
799 873 1058 931 Hebraica
1093 873 1118 925 ‘i
1167 869 1428 939 Quoniam
1477 866 1718 922 omnium
1775 863 2040 918 malorum

464 985 627 1026 causa
655 977 773 1025 erat
805 967 973 1022 fastus
1002 965 1167 1038 (hunc
1190 972 1367 1017 autem
1409 959 1602 1015 fastum
1653 955 1917 1012 efﬁciebat
1942 969 2039 1009 ex-

464 1072 614 1118 terna
644 1059 904 1130 sapientia
947 1075 961 1111 :
993 1066 1047 1112 et
1076 1057 1176 1111 hoc
1221 1055 1322 1110 fuit
1365 1061 1524 1123 caput
1554 1051 1814 1106 malorum
1836 1088 1852 1113 ,
1897 1045 2038 1117 quod

463 1152 694 1207 maxime
711 1150 926 1206 divulsit
948 1163 1010 1203 ac
1033 1145 1214 1202 divisit
1233 1141 1570 1214 Corinthum)
1590 1158 1604 1203 :
1636 1156 1821 1196 eorum
1844 1139 2038 1193 fastum

460 1243 820 1314 comprimens
840 1283 855 1304 ,
885 1257 954 1296 ne
983 1239 1168 1296 Graaca
1192 1237 1430 1309 quidem,
1459 1236 1552 1292 sed
1600 1233 1826 1290 Hebrrea
1857 1233 2036 1302 lingua

463 1352 600 1392 usus
617 1345 720 1401 est,
747 1333 1038 1390 ostendens
1067 1347 1126 1387 se
1155 1347 1260 1386 non
1290 1330 1450 1386 modo
1476 1344 1582 1384 non
1613 1328 1814 1398 pudere
1835 1326 2039 1397 simpli-

459 1427 638 1482 citatis
667 1434 720 1481 et
765 1424 1044 1494 imperitiae
1069 1464 1086 1489 ,
1115 1422 1208 1478 sed
1237 1436 1353 1476 eam
1379 1421 1540 1476 etiam
1567 1418 2037 1475 vehementissime

459 1529 515 1574 et
539 1516 911 1573 ardentissime
928 1513 1228 1584 complecti.
1249 1511 1384 1579 Quid
1402 1523 1485 1566 est
1503 1520 1676 1566 autem
1701 1507 2037 1563 Maranatlta.’

459 1609 707 1663 Dominus
751 1615 919 1661 noster
965 1607 1118 1661 venit.
1148 1604 1388 1672 Quanam
1433 1617 1562 1672 ergo
1605 1599 1674 1656 de
1717 1614 1880 1655 causa
1933 1597 2036 1654 hoc

459 1701 630 1771 ipsum
651 1699 824 1754 dicit?
855 1695 1279 1767 Dispensationis
1310 1693 1519 1749 Domini
1558 1707 1860 1748 sermonem
1904 1705 2035 1746 con-

461 1794 697 1856 ﬁrmans,
728 1805 795 1846 eo
824 1789 966 1860 quod
991 1805 1054 1844 ex
1087 1789 1152 1843 iis
1176 1788 1408 1842 maxime
1428 1786 1791 1856 composuerit
1828 1786 2031 1841 semina

458 1881 896 1946 resurrectionis;
924 1895 1024 1935 nec
1040 1879 1142 1934 hoc
1163 1879 1359 1948 solum,
1379 1877 1475 1934 sed
1498 1877 1624 1933 illos
1647 1877 1808 1933 etiam
1832 1876 2034 1948 pudore

456 1974 696 2030 afﬁciens
740 1973 939 2046 :quasi
993 1973 1202 2028 diceret
1247 1972 1608 2028 :Communis
1652 1971 1890 2027 omnium
1930 1970 2034 2025 Do-

455 2068 636 2123 minus
665 2075 872 2122 tantum
919 2066 1166 2137 dignatus
1205 2074 1288 2121 est
1312 2063 1639 2121 descendere
1668 2081 1682 2118 :
1710 2079 1807 2119 vos
1852 2072 2030 2119 autem

455 2162 511 2216 in
544 2160 733 2216 iisdem
761 2161 919 2226 estis,
963 2168 1016 2214 et
1039 2173 1265 2230 peccare
1293 2157 1694 2230 perseveratis?
1743 2173 1849 2213 non
1876 2173 2028 2214 sum-

455 2267 602 2307 mam
649 2251 920 2307 caritatem
970 2251 1350 2321 obstupescitis
1397 2258 1451 2307 et
1492 2249 2027 2321 admiramini,quod

453 2353 540 2400 est
583 2339 743 2414 caput
779 2342 1078 2399 bonorum?
1109 2343 1221 2398 Hoc
1265 2341 1437 2399 solum
1464 2383 1480 2408 ,
1508 2341 1708 2414 inquit,
1735 2342 1908 2413 cogita
1928 2383 1943 2409 ,
1974 2351 2030 2398 et

451 2435 545 2491 tibi
570 2434 798 2491 sufﬁciet
825 2435 892 2491 ad
932 2436 1226 2505 profectum
1259 2436 1311 2490 in
1351 2436 1497 2492 omni
1525 2437 1752 2503 virtute,
1784 2444 1840 2492 et
1866 2451 2027 2491 omne

450 2536 726 2600 peccatum
781 2528 982 2599 poteris
1033 2529 1394 2600 exstinguere.
1449 2530 1539 2584 25.
1588 2527 1766 2583 Gratia
1819 2527 2028 2583 Domini

450 2621 609 2674 nostri
629 2619 754 2676 Iesu
779 2620 969 2676 Christi
1012 2620 1284 2676 vobiscum.
1315 2621 1427 2676 Hoc
1469 2629 1554 2677 est
1593 2620 1831 2676 doctoris
1853 2660 1869 2685 ,
1917 2636 2024 2675 non

448 2712 622 2767 solum
651 2713 888 2768 consiliis
918 2727 1074 2782 opem
1103 2712 1247 2768 ferre
1265 2753 1280 2779 ,
1309 2712 1402 2768 sed
1445 2712 1605 2767 etiam
1639 2713 1779 2768 votis
1807 2727 1870 2767 ac
1900 2728 2024 2781 pre-

447 2803 620 2861 cibus.
650 2802 742 2860 24.
769 2805 969 2860 Caritas
1005 2821 1116 2858 mea
1161 2822 1275 2860 cum
1300 2805 1528 2860 omnibus
1554 2805 1690 2859 vobis
1732 2805 1787 2859 in
1823 2804 2025 2859 Christo

444 2895 591 2950 Iesu.
621 2897 798 2953 Amen.
827 2898 959 2953 Nam
1001 2914 1070 2954 ne
1122 2899 1529 2963 existimarent,
1562 2897 1702 2968 quod
1730 2897 1809 2954 eis
1837 2913 2024 2953 assen-

447 3001 567 3044 tans
613 2989 666 3044 in
707 2989 811 3045 hoc
857 2990 1114 3055 desierit,
1160 2989 1328 3045 dicit:
1359 2989 1425 3044 In
1464 2989 1664 3046 Christo
1712 2989 1857 3044 Iesu.
1880 2989 2022 3044 Nihil

348 3071 354 3078 ’
445 3082 586 3136 enim
605 3081 1071 3138 babethumanum
1100 3097 1272 3153 neque
1296 3082 1528 3148 carnale,
1549 3080 1642 3137 sed
1669 3090 1751 3136 est
1777 3078 2020 3151 quaedam

444 3173 661 3229 dilectio
685 3174 998 3244 spiritualis.
1026 3175 1383 3240 Quamobrem
1409 3189 1471 3229 ea
1491 3181 1575 3228 est
1597 3171 1751 3226 valde
1767 3187 2021 3243 germana

443 3273 498 3319 et
526 3265 776 3330 sincera;
829 3280 952 3320 nam
991 3263 1149 3320 valde
1179 3264 1407 3320 amantis
1451 3273 1568 3319 erat
1614 3263 1857 3319 verbum.
1887 3262 2020 3330 Quia

444 3357 589 3411 enim
627 3357 746 3412 loco
772 3357 1035 3422 distabat,
1067 3365 1332 3426 tamquam
1379 3356 1604 3426 alicujus
1647 3356 1883 3411 dexterae
1929 3369 2022 3410 ex-

448 3448 710 3515 tensione,
737 3449 977 3504 caritatis
1000 3448 1245 3504 manibus
1268 3461 1363 3503 eos
1385 3447 1774 3518 complectitur,
1795 3447 1978 3504 dicens
2001 3463 2018 3503 :

445 3538 644 3594 Caritas
696 3556 808 3594 mea
860 3541 1114 3594 uobiscum
1160 3557 1180 3593 :
1231 3539 1381 3609 quasi
1426 3538 1674 3594 diceret:
1717 3537 1846 3594 Sum
1899 3554 2020 3594 cum

443 3633 595 3688 vobis
617 3632 892 3687 omnibus.
929 3631 1032 3686 Per
1056 3647 1174 3702 qua:
1204 3629 1460 3698 ostendit,
1494 3645 1600 3686 non
1630 3645 1751 3686 esse
1779 3629 2023 3701 indigna-

444 3724 605 3780 tionis
624 3733 682 3779 et
707 3723 801 3778 ira:
829 3739 949 3792 quae
974 3724 1174 3793 scripta
1195 3730 1335 3789 sunt,
1369 3723 1466 3779 sed
1492 3738 1636 3778 cura:
1655 3739 1816 3794 quam
1835 3738 2020 3779 eorum

442 3816 602 3886 gerit,
630 3830 751 3870 cum
776 3825 896 3885 post
919 3823 1118 3869 tantam
1169 3814 1566 3870 accusationem
1595 3830 1690 3872 eos
1730 3831 1836 3870 non
1863 3829 2020 3869 aver-

441 3916 608 3974 setur,
645 3906 740 3962 sed
765 3915 910 3960 amet
938 3915 992 3960 et
1019 3906 1439 3976 complectatur,
1471 3921 1592 3960 cum
1617 3915 1798 3962 essent
1835 3905 2019 3974 procul

442 3999 659 4066 remoti,
691 4015 784 4068 per
808 3997 1064 4068 epistolas
1093 4008 1152 4054 et
1175 3997 1271 4052 has
1295 3998 1483 4053 literas
1511 3999 1590 4053 eis
1615 3998 1766 4069 quasi
1787 3998 2014 4052 circum-

447 4093 621 4149 fusus.
649 4092 738 4148 Sic
777 4100 989 4164 oportet
1025 4091 1200 4146 facere
1229 4106 1350 4146 eum
1381 4090 1470 4161 (ιυί
1500 4090 1738 4162 corrigit.
1762 4090 1890 4144 Nam
1930 4090 2019 4160 qui

446 4187 526 4240 ira
552 4183 796 4240 incitatus
823 4185 998 4241 solum
1031 4183 1178 4251 facit,
1225 4183 1412 4253 implet
1437 4196 1589 4236 suam
1621 4182 1786 4236 animi
1810 4191 2022 4252 pertur-

443 4275 712 4333 bationem
737 4295 751 4332 :
776 4277 866 4348 qui
894 4285 1073 4331 autem
1098 4282 1378 4344 postquam
1410 4273 1648 4328 correxit
1677 4282 2016 4344 peccantem,

441 4371 719 4427 caritatem
759 4385 972 4442 quoque
993 4368 1245 4432 exhibet,
1270 4365 1504 4422 ostendit
1544 4365 1632 4420 illa
1663 4380 1875 4436 quoque
1903 4380 2024 4423 esse

441 4462 854 4530 benevolentiae,
883 4477 1002 4532 qua:
1024 4460 1235 4516 dicebat
1258 4459 1560 4529 increpans.
1591 4457 1679 4514 Sic
1699 4473 1796 4513 nos
1813 4472 2023 4528 quoque

443 4555 582 4609 alter
627 4554 856 4609 alterum
901 4551 1209 4608 erudiamns
1237 4560 1293 4608 et
1330 4550 1651 4622 castigemus
1697 4567 1710 4604 :
1753 4558 1810 4606 et
1850 4564 2022 4620 neque

440 4647 533 4718 qni
561 4647 778 4718 arguit,
811 4646 1108 4710 irascatur;
1142 4659 1249 4699 non
1278 4652 1362 4698 est
1407 4643 1551 4700 enim
1584 4643 1683 4697 hoc
1726 4643 2022 4698 correctio-

442 4740 561 4803 nis,
589 4736 685 4793 sed
710 4737 874 4791 animi
907 4737 1322 4806 perturbationis
1348 4751 1365 4802 ;
1414 4749 1588 4805 neque
1631 4733 1718 4804 qui
1748 4735 2018 4804 arguitur,

441 4845 584 4900 aegre
611 4828 748 4884 ferat
774 4847 790 4884 :
819 4827 960 4900 quod
985 4827 1042 4883 ﬁt
1065 4829 1228 4892 enim,
1251 4835 1336 4883 est
1361 4827 1620 4881 medicina
1639 4865 1653 4888 ,
1696 4841 1803 4880 non
1842 4825 2021 4880 odium

441 4932 500 4977 et
526 4922 838 4976 inimicitiae.
873 4921 928 4976 Si
955 4928 1133 4975 autem
1163 4919 1354 4975 medici
1383 4927 1562 4984 urunt,
1595 4927 1651 4973 et
1691 4933 1795 4971 non
1838 4932 2024 4988 reprc-

445 5012 796 5076 henduntur,
849 5012 1057 5066 etiamsi
1087 5026 1230 5081 smpe
1280 5011 1533 5066 aberrent
1577 5025 1606 5063 a
1656 5009 1798 5075 ﬁne;
1831 5009 1925 5064 scd
1971 5019 2026 5065 et

439 5107 534 5177 qui
582 5104 796 5168 dolent,
825 5103 952 5158 dum
985 5112 1212 5158 uruntur
1254 5111 1308 5157 et
1350 5110 1634 5167 secantur,
1671 5099 1933 5156 beneﬁcio
1965 5115 2025 5156 se

439 5195 586 5250 afﬁci
616 5197 926 5251 existimant
965 5193 1032 5248 ab
1062 5193 1126 5248 iis
1156 5193 1244 5263 qui
1289 5191 1431 5248 hunc
1459 5192 1702 5249 dolorem
1745 5192 1979 5247 excitant
2007 5209 2021 5245 :

441 5286 616 5342 multo
643 5286 813 5357 magis
839 5301 994 5353 eum,
1025 5285 1116 5357 qui
1146 5285 1368 5355 suscipit
1410 5285 1884 5356 reprehensionem
1905 5327 1920 5352 ,
1954 5286 2022 5340 ita

441 5377 588 5433 afﬁci
612 5388 848 5449 oportet,
875 5387 932 5433 ut
950 5393 1070 5433 eum
1098 5379 1187 5447 qui
1212 5377 1426 5448 corrigit
1456 5394 1552 5448 pro
1577 5378 1784 5433 medico
1809 5377 2022 5445 habeat,

445 5485 554 5523 non
581 5485 680 5538 pro
712 5470 950 5526 inimico.
985 5469 1154 5525 Porro
1183 5485 1281 5524 nos
1306 5485 1518 5540 quoque
1548 5471 1636 5541 qui
1667 5470 2022 5540 increpamus,

441 5560 764 5616 accedamus
802 5576 923 5615 cum
955 5560 1118 5616 multa
1160 5561 1568 5616 mansuetudine
1609 5571 1663 5616 et
1710 5577 1830 5616 cum
1861 5563 2025 5617 multa

445 5651 726 5719 prudentia
753 5670 768 5717 ;
800 5661 856 5707 et
884 5651 930 5706 si
963 5651 1160 5707 videris
1187 5651 1403 5706 fratrem
1437 5661 1581 5706 tuum
1608 5652 2020 5724 delinquentem,

441 5742 585 5796 sicut
609 5741 855 5798 Christus
878 5742 1072 5812 iussit,
1103 5743 1210 5797 noli
1256 5742 1310 5796 in
1360 5742 1626 5811 publicum
1672 5745 1912 5815 proferre
1937 5761 2025 5802 re-

449 5831 885 5905 prehensionem,
917 5833 1012 5892 sed
1038 5849 1158 5892 eum
1182 5834 1516 5906 reprehende
1537 5835 1675 5892 inter.
1698 5848 1747 5894 te
1776 5839 2024 5908 etipsnm

1493 380 1560 440 IN
1601 380 1814 437 EPIST.
1857 379 1876 435 Ι
1940 379 2030 434 ΔΙ)
2068 376 2221 433 COR.
2264 378 2494 434 HOMIL.
2539 378 2722 436 XLIV.

3627 386 3743 442 378s

2152 492 2324 548 solum
2356 511 2370 549 :
2405 511 2509 550 non
2537 495 2870 564 exprobrans
2915 511 3013 551 nec
3051 495 3252 566 jacenti
3305 497 3592 563 insultans,
3634 503 3740 556 sed,

2148 585 2350 641 docens
2398 596 2453 642 et
2480 603 2623 657 aegre
2650 586 2828 643 ferens
2861 608 2876 644 :
2909 597 2962 643 et
2993 597 3042 644 te
3073 590 3247 658 ipsum
3291 607 3507 662 quoque
3535 592 3730 648 exhibe

2147 687 2392 748 paratum
2423 688 2480 733 ut
2508 678 2940 749 reprehendaris,
2974 680 3018 734 si
3054 681 3179 750 quid
3209 697 3420 750 pecces.
3451 681 3518 738 Ut
3546 692 3739 739 autem.

2143 771 2285 840 quod
2311 770 2431 826 dico
2472 771 2565 827 fiat
2607 773 2877 840 apertius,
2927 788 3022 842 per
3047 773 3388 844 hypothesim
3418 774 3560 844 quod
3588 775 3726 832 dici-

2144 879 2261 918 mus
2314 879 2667 920 exerceamus
2708 881 2723 917 :
2767 863 2907 919 absit
2949 865 3093 920 enim
3143 874 3200 919 ut
3250 865 3304 920 in
3351 867 3575 922 veritate
3623 867 3729 924 hoc

2143 953 2299 1009 nobis
2357 955 2662 1025 exemplum
2716 954 3105 1025 suppeditetur.
3166 955 3251 1011 Sit
3315 956 3477 1014 frater
3529 958 3723 1028 aliquis

2144 1045 2390 1102 habitans
2416 1063 2537 1102 cum
2569 1047 2796 1118 virgine,
2828 1047 3084 1103 honestus
3111 1048 3325 1118 quidem
3356 1060 3410 1104 et
3459 1050 3722 1120 pudicus;

2139 1137 2328 1192 sedne
2372 1138 2450 1192 sic
2500 1137 2714 1208 quidem
2763 1139 2956 1194 malam
2987 1138 3204 1209 eﬂ‘ugiat
3245 1140 3717 1197 exiSIimationem.

2139 1227 2195 1284 Si
2223 1245 2351 1302 ergo
2379 1230 2612 1286 audieris
2639 1231 2774 1285 hanc
2802 1231 2854 1285 in
2888 1247 2983 1286 ore
3010 1231 3150 1303 vulgi
3171 1248 3290 1288 esse
3317 1231 3724 1299 habitationem,

2139 1338 2207 1378 ne
2251 1321 2596 1394 despexeris,
2643 1340 2820 1396 neque
2867 1325 3110 1381 dixeris:
3141 1326 3330 1381 Annon
3375 1327 3488 1397 ipse
3533 1329 3720 1398 sapit?

2137 1429 2312 1470 annon
2365 1415 2513 1469 novit
2555 1415 2681 1486 quid
2710 1414 3001 1487 expediat?
3035 1417 3154 1473 sine
3193 1432 3352 1472 causa
3389 1419 3618 1485 ameris,
3651 1435 3720 1476 ne

2137 1506 2212 1562 sis
2237 1506 2362 1562 odio
2391 1508 2509 1562 sine
2537 1523 2696 1562 causa
2728 1526 2741 1562 :
2769 1507 2895 1579 quid
2924 1509 3066 1564 enim
3094 1509 3225 1564 mihi
3246 1524 3388 1565 curae
3417 1521 3500 1564 est
3525 1527 3718 1580 super-

2135 1613 2398 1654 vacaneas
2454 1599 2727 1668 suscipere
2777 1600 3138 1654 inimicitias?
3188 1600 3312 1656 llaec
3377 1611 3504 1656 sunt
3555 1602 3717 1659 verba

2135 1690 2300 1746 delira
2332 1690 2626 1746 bestiarum
2654 1733 2670 1758 ,
2701 1693 2782 1747 vel
2832 1693 3008 1762 potius
3037 1693 3367 1750 daemonum.
3391 1695 3507 1751 Non
3540 1706 3718 1764 potest

2135 1785 2278 1840 enim
2328 1783 2466 1852 ﬁeri,
2497 1793 2556 1840 ut
2587 1793 2788 1840 temere
2812 1795 2868 1841 et
2917 1786 3036 1841 sine
3080 1801 3242 1842 causa
3291 1787 3417 1843 odio
3455 1788 3716 1845 habeatur

2133 1875 2223 1946 qui
2248 1875 2352 1930 hoc
2378 1873 2504 1931 facit
2543 1875 2614 1930 ob
2640 1875 3032 1932 correctionem
3052 1918 3067 1941 ,
3098 1877 3191 1932 sed
3226 1887 3283 1933 ut
3324 1894 3513 1950 magna
3541 1880 3710 1948 bona,

2133 1980 2358 2021 coronas
2410 1965 2704 2022 ineffabiles
2775 1977 3153 2038 consequatur.
3181 1968 3238 2024 Si
3287 1979 3465 2024 autem
3515 1970 3710 2026 dicas:

2131 2061 2270 2129 Quid
2301 2078 2450 2130 vero,
2481 2079 2586 2119 non
2613 2064 2728 2136 ipse
2753 2064 2933 2136 sapit?
2963 2065 3148 2123 audies
3200 2083 3228 2121 a
3258 2068 3412 2122 nobis
3456 2084 3578 2124 eum
3604 2086 3712 2126 non

2131 2171 2360 2227 sapere;
2393 2166 2476 2214 est
2495 2158 2640 2214 enim
2667 2157 2861 2214 aﬁ‘ectu
2890 2159 3094 2215 ebrius.
3125 2159 3182 2216 Si
3212 2162 3355 2216 enim
3387 2161 3438 2216 in
3472 2165 3712 2219 externis

2127 2248 2343 2319 judiciis
2372 2249 2443 2316 ii,
2477 2249 2568 2320 qui
2624 2249 2815 2320 injuria
2845 2249 3149 2306 afﬁciuntur
3168 2293 3183 2317 ,
3213 2267 3320 2307 non
3366 2263 3587 2322 possunt
3613 2270 3712 2319 pro

2128 2357 2188 2397 se
2213 2341 2426 2408 dicere,
2451 2351 2508 2398 ut
2548 2342 2638 2413 qui
2688 2343 2766 2398 ira
2792 2341 3070 2410 ferveant,
3101 2359 3422 2415 quamquam
3474 2361 3580 2401 non
3623 2357 3712 2402 est

2127 2433 2314 2487 vitium
2377 2433 2492 2490 haec
2551 2433 2948 2490 commiseratio
2991 2452 3005 2488 :
3053 2436 3221 2490 multo
3273 2437 3442 2508 magis
3483 2437 3553 2502 ii,
3608 2440 3702 2509 qtti

2127 2526 2265 2580 mala
2298 2535 2546 2582 tenentur
2561 2527 2972 2583 consuetudine.
3004 2528 3292 2598 Propterea
3318 2529 3460 2594 dico,
3489 2531 3703 2585 etiamsi

2126 2617 2322 2672 millies
2351 2617 2421 2672 sit
2449 2619 2694 2688 sapiens,
2733 2627 2967 2674 mentem
3010 2635 3116 2674 non
3168 2619 3331 2676 habet
3373 2621 3700 2692 vigilantem.

2125 2707 2262 2776 Quid
2288 2711 2431 2765 enim
2456 2720 2570 2766 erat
2599 2711 2796 2768 Davide
2812 2712 3108 2783 sapientius
3129 2715 3218 2785 qui
3245 2715 3478 2782 dicebat,
3505 2715 3707 2770 Incerta

2122 2812 2171 2856 et
2221 2804 2418 2858 occulta
2470 2805 2732 2875 sapientiae
2777 2815 2879 2860 tua:
2933 2807 3268 2877 manifestasti
3319 2808 3444 2860 mihi
3509 2805 3722 2878 (Psal...

2122 2893 2212 2950 50.
2242 2893 2351 2964 8)?
2401 2894 2508 2952 Sed
2558 2896 2776 2966 quando
2826 2897 3037 2968 injustis
3079 2897 3252 2953 oculis
3301 2899 3433 2954 vidit
3480 2915 3722 2956 uxorem.

2122 2991 2334 3054 militis,
2369 2998 2523 3056 tunc,
2558 2991 2611 3046 id
2661 2994 2804 3062 quod
2844 2995 2952 3064 pati
2995 2995 3132 3049 dixit
3164 3011 3263 3051 eos
3306 2997 3400 3067 qui
3439 2999 3710 3068 navigant.

2122 3083 2176 3136 in
2212 3082 2351 3136 mari
2397 3081 2619 3149 furenti,
2654 3085 2821 3138 omnis
2870 3085 3128 3154 sapientia
3167 3086 3282 3154 ejus
3321 3097 3399 3142 est
3447 3091 3718 3158 absorpta-

2122 3172 2296 3244 (Psat.
2331 3173 2452 3230 106.
2479 3173 2600 3247 27);
2635 3183 2688 3231 et
2722 3191 2860 3246 opus
2893 3177 3125 3232 habebat
3158 3179 3282 3234 aliis
3316 3179 3409 3249 qui
3456 3181 3696 3250 corrige-

2119 3271 2262 3328 rent,
2294 3277 2393 3318 nec
2415 3264 2684 3319 sentiebat
2716 3265 2932 3334 quidem
2966 3267 3021 3320 in
3049 3265 3247 3336 quibus
3277 3275 3332 3322 et
3359 3268 3581 3336 quantis
3606 3268 3692 3321 in-

2115 3361 2204 3408 tus
2241 3361 2554 3409 versaretur
2588 3354 2766 3408 malis.
2803 3355 3165 3421 Quamobrem
3205 3372 3302 3412 sua
3332 3356 3538 3413 deﬂens
3571 3374 3696 3428 pec-

2119 3453 2243 3498 cata
2272 3443 2486 3498 dicebat
2515 3459 2530 3496 :
2561 3443 2710 3498 Sicut
2745 3461 2876 3498 onus
2915 3462 3069 3515 grave
3112 3457 3344 3517 gravata:
3381 3459 3503 3505 sunt
3539 3466 3708 3519 super.

2126 3549 2224 3587 me.
2259 3532 2602 3599 Putruerunt,
2635 3546 2682 3588 et
2718 3546 2979 3604 corrupta:
3015 3547 3137 3590 sunt
3180 3539 3448 3595 cicatrices
3497 3557 3623 3594 ntere
3662 3559 3716 3598 α.

2125 3627 2260 3696 facie
2293 3627 2606 3693 insipientia:
2643 3643 2770 3682 mea:
2809 3626 2984 3699 (Psal.
3015 3629 3103 3682 37.
3133 3628 3187 3683 5.
3217 3628 3293 3697 6).

2192 3727 2244 3782 4.
2275 3725 2390 3781 Νοη
2434 3725 2572 3795 sapit
2597 3738 2726 3795 ergo
2754 3737 2852 3778 nec
2893 3723 3436 3793 mentemhabetqni
3469 3732 3654 3794 peccat
3675 3740 3712 3786 ς,

2122 3826 2206 3873 est
2232 3818 2375 3871 enim
2401 3817 2599 3882 ebrius,
2633 3822 2690 3871 et
2717 3815 2834 3885 ejus
2859 3814 3092 3885 caligant
3117 3815 3277 3870 oculi.
3310 3815 3388 3871 Ne
3421 3815 3536 3870 haec
3566 3831 3699 3885 ergo

2123 3908 2291 3974 dicas,
2320 3923 2495 3978 neque
2523 3905 2654 3961 illud
2682 3905 2880 3961 addas:
2910 3904 3025 3960 Non
3055 3913 3139 3960 est
3163 3905 3295 3960 mihi
3325 3921 3500 3970 curm;
3533 3904 3706 3963 Unus:

2122 4001 2329 4073 quisque
2356 4000 2489 4055 enim
2513 4015 2663 4053 suum
2691 4014 2821 4052 onus
2849 3996 3067 4067 portabit
3098 3995 3240 4068 (Gal.
3273 3997 3326 4053 6.
3357 3998 3438 4069 5).
3489 3997 3704 4053 Etenim

2123 4098 2206 4151 vel
2241 4095 2531 4150 maximum
2556 4092 2651 4148 tibi
2680 4093 2882 4148 crimen
2913 4092 3108 4157 oritur,
3137 4091 3280 4162 quod
3309 4106 3431 4146 cum
3475 4089 3704 4146 vidisses

2123 4186 2415 4252 errantem;
2445 4167 2496 4240 in
2519 4185 2658 4240 viam
2687 4199 2794 4240 non
2825 4183 3122 4245 reduxeris.
3155 4182 3214 4239 Si
3239 4182 3701 4252 enimjumentum

2126 4281 2325 4336 inimici
2353 4280 2404 4335 in
2435 4277 2742 4336 Judaiorum
2775 4277 2895 4347 lege
2922 4291 3026 4330 non
3057 4276 3182 4331 licet
3205 4274 3484 4343 despicere
3511 4273 3702 4344 (Deut.

2123 4373 2215 4429 22.
2249 4372 2339 4447 1);
2367 4373 2458 4443 qni
2484 4386 2592 4426 non
2632 4370 2954 4441 iumentum,
2986 4383 3162 4440 neque
3202 4367 3406 4424 inimici
3447 4367 3710 4430 animam,

2127 4467 2221 4523 sed
2263 4465 2422 4522 amici
2474 4463 2724 4534 despicit,
2766 4477 3052 4533 quamnam
3097 4469 3411 4530 assequetur
3463 4458 3708 4514 veniam?

2126 4559 2311 4630 Neque
2338 4556 2481 4613 enim
2509 4555 2575 4611 ad
2608 4562 2845 4610 nostram
2872 4551 3070 4607 sufficit
3100 4551 3523 4615 excusationem,
3561 4547 3706 4620 quod

2127 4651 2214 4707 ille
2237 4657 2471 4705 mentem
2500 4646 2714 4703 habeat.
2746 4644 2878 4700 Nam
2908 4658 3008 4699 nos
3033 4657 3246 4714 quoque
3276 4641 3363 4712 qui
3394 4655 3539 4711 saepe
3567 4639 3706 4694 mul-

2130 4751 2214 4798 tas
2237 4739 2492 4797 dedimus
2514 4736 2927 4802 admonitiones,
2955 4734 3112 4790 nobis
3138 4749 3244 4788 non
3266 4733 3580 4797 sufficimus,
3609 4744 3710 4786 nec

2128 4849 2314 4890 sumus
2340 4833 2516 4889 utiles.
2547 4831 2622 4886 De
2651 4831 2741 4886 illo
2771 4843 2898 4900 ergo
2929 4837 3184 4898 peccante
3212 4826 3314 4882 hoc
3342 4840 3551 4896 quoque
3575 4839 3709 4880 con-

2127 4913 2325 4991 sidera,
2353 4922 2494 4996 quod
2521 4933 2938 4978 consentaneum
2960 4920 3029 4974 sit
3053 4933 3175 4973 eum
3205 4934 3235 4974 a
3269 4928 3321 4973 te
3349 4918 3520 4988 magis
3547 4933 3710 4986 quam

2127 5033 2158 5073 a
2186 5019 2362 5088 seipso
2390 5016 2649 5085 optimum
2689 5012 2938 5081 accipere
2979 5009 3298 5076 consilium;
3332 5023 3507 5078 neque
3536 5008 3704 5072 dicas,

2130 5107 2268 5176 Quid
2318 5106 2436 5160 haec
2479 5113 2604 5158 sunt
2631 5103 2761 5158 mihi
2802 5101 2981 5157 curae?
3028 5101 3181 5156 Time
3227 5116 3349 5156 cum
3393 5100 3482 5171 qui
3511 5101 3716 5170 primus

2132 5198 2270 5252 dixit
2297 5195 2400 5251 hoc
2439 5193 2700 5250 verbum:
2744 5209 2866 5250 nam
2907 5193 3060 5259 illud,
3103 5192 3366 5264 Numquid
3403 5208 3514 5246 sum
3548 5200 3714 5244 custos

2128 5291 2303 5360 fratris
2331 5288 2428 5342 mei
2455 5287 2606 5361 (Gen.
2640 5288 2694 5345 4,
2727 5287 2812 5360 9)?
2837 5287 3026 5345 eodem
3056 5303 3163 5356 quo
3192 5287 3293 5340 hoc
3322 5284 3540 5340 recidit:
3585 5282 3710 5336 hinc

2131 5381 2269 5438 mala
2295 5389 2588 5436 nascuntur
2611 5381 2816 5445 omnia,
2842 5380 2984 5451 quod
3010 5395 3127 5450 qu:c
3153 5387 3282 5435 sunt
3310 5378 3476 5433 nostri
3513 5390 3710 5444 corpu-

2131 5474 2206 5529 ris
2243 5474 2416 5529 aliena
2456 5487 2576 5529 esse
2604 5473 2866 5528 ducimus.
2912 5471 3243 5538 Quiddicis?
3273 5471 3436 5523 frater
3476 5484 3580 5522 non
3628 5479 3717 5524 est

2133 5567 2225 5623 tibi
2254 5567 2428 5622 cum?
2458 5565 2562 5622 Sed
2587 5565 2672 5619 cui
2698 5565 2801 5619 erit
2827 5563 3005 5619 curae?
3037 5561 3307 5616 inﬁdeline
3333 5561 3422 5628 qui
3452 5562 3569 5632 ejus
3596 5577 3713 5615 ma-

2136 5659 2202 5712 lis
2227 5658 2454 5722 ludatur,
2497 5656 2889 5728 exprobratque
2916 5663 2971 5709 et
3013 5651 3268 5708 insultat?
3288 5668 3355 5706 an
3374 5650 3588 5707 diabolo
3616 5653 3710 5722 qui

2135 5748 2358 5820 impedit
2394 5757 2452 5805 et
2474 5747 2810 5820 supplantat?
2857 5748 2922 5803 Et
2953 5745 3217 5801 undenam
3249 5743 3384 5798 hoc?
3426 5741 3577 5813 Quod
3607 5758 3721 5798 non

2135 5841 2406 5916 proﬁciant
2430 5841 2613 5900 dicens
2639 5851 2690 5900 et
2715 5840 3001 5899 consulens
3025 5855 3144 5912 qua:
3174 5847 3403 5910 oportet.
3436 5837 3726 5895 Undcnam.
