2069 3110
234 186 287 214 $79

233 249 323 272 autem
338 247 379 271 est
399 242 578 278 perspicuum,
593 240 663 275 quod
680 247 733 267 non
754 237 896 274 proﬁcies?
909 237 960 265 hoc
983 241 1026 264 est

235 291 307 319 enim
330 295 457 317 extrema:
480 287 614 320 amentizc,
641 294 701 314 cum
724 286 752 314 in
772 280 932 313 incerto'sit
954 284 1024 318 finis,

237 341 339 364 certum
354 335 443 362 subire
457 333 557 361 crimen
572 333 749 368 negligentiae.
761 332 841 367 Atqui
857 331 926 358 Deus
939 330 1026 357 futura

234 382 388 416 pmscicns,
405 386 477 414 Stepe
492 379 561 406 dixit
577 382 603 406 et
620 378 686 405 nihil
702 377 824 412 profecit,
839 381 867 404 et
887 383 973 411 neque
988 375 1027 403 sic

232 427 349 455 destitit:
364 426 444 461 idque
466 432 526 452 cum
551 426 633 452 sciret
647 432 677 452 se
700 432 752 452 non
770 430 970 459 persuasurum.
997 422 1025 450 Si

232 477 321 500 autem
343 472 387 507 qui
409 471 542 506 praescivit
565 478 594 498 se
614 471 680 498 nihil
702 471 761 505 plus
780 470 950 502 elfeclurum,
972 476 1025 496 non

231 519 337 547 desistit
354 518 506 554 corrigere?
528 525 669 553 quamnam
692 517 802 545 habebis
824 516 1024 544 excusationem

231 565 276 601 qui
293 565 409 592 futurum
423 564 532 592 omnino
547 564 665 599 ignoras,
681 563 864 598 pigrescisqnc
878 566 905 589 et
918 566 1025 596 torpes-

232 612 287 639 eis?
301 612 404 639 Etenim
421 611 495 638 multi
509 618 580 645 s:cpe
595 610 713 645 aggressi
726 608 908 643 profecerunt,
922 613 948 635 et
963 615 1025 635 cum

232 658 347 685 maxime
361 656 558 691 desperassent,
580 660 644 682 tunc
661 655 777 682 maxime
799 659 862 681 sunt
876 653 1022 689 assequuti.

231 702 308 738 Quod
327 703 349 730 si
365 703 446 730 etiam
468 702 533 729 nihil
556 701 671 736 amplius
696 699 829 732 effeceris,
852 699 937 727 fecisti
952 698 1021 734 quod

232 754 307 776 tuum
322 753 373 776 est.
396 747 435 776 Ne
449 748 486 775 sis
500 755 564 782 ergo
583 747 755 779 inhumanus,
778 753 865 781 neque
880 745 1023 773 immiseri-

230 803 304 828 cors,
327 801 414 829 neque
438 794 586 829 negligens.
610 793 676 821 Nam
699 793 771 828 quod
794 793 851 821 hazc
865 792 946 819 verba
969 793 1024 819 sint

230 840 396 868 crudelitatis
410 845 437 868 et
452 839 593 873 socordizc,
613 839 686 867 illine
700 843 741 866 est
760 839 944 874 perspicuum.
969 838 1023 865 Cur

230 887 302 913 enim
316 894 376 913 cum
390 893 471 913 unum
485 893 518 913 ex
532 885 584 913 tuis
597 884 724 912 membris
740 884 854 917 laborat,
873 892 924 911 non
939 883 1021 911 dicis:

230 932 297 967 Quid
313 932 377 959 tnihi
392 940 473 964 curze,
489 936 516 959 et
530 931 600 959 unde
612 931 675 958 mihi
688 931 829 962 constabit.
844 930 914 965 quod
928 930 950 957 si
965 930 1022 964 ejus

229 987 320 1007 curam
330 986 431 1014 geram.
444 979 629 1006 eonvaleseet?
640 977 687 1005 sed
698 977 788 1004 omnia
800 976 875 1009 facis,
888 981 917 1003 ut
926 976 1021 1004 etiam-

229 1026 251 1052 si
274 1024 339 1052 nihil
364 1024 474 1059 iuveris,
492 1028 517 1051 te
538 1031 591 1050 non
607 1024 693 1058 possis
715 1022 927 1058 reprehendere,
950 1022 1020 1056 quod

229 1070 329 1105 aliquid
351 1070 385 1097 sit
409 1069 622 1104 praetermissum
645 1076 738 1096 eorum
753 1076 813 1104 quae
828 1068 927 1096 debent
951 1067 1020 1095 ﬂeri.

227 1118 270 1145 Au
281 1124 346 1145 vero
358 1124 419 1144 cum
442 1116 625 1144 membrorum
647 1116 754 1150 quidem
770 1115 893 1150 corporis
919 1119 1019 1142 tantam

228 1171 319 1191 curam
330 1170 466 1198 geramus,
479 1161 600 1190 membra
616 1161 715 1189 Christi
729 1161 911 1196 negligemus?
922 1165 950 1188 et
960 1161 1020 1189 ubi-

228 1218 289 1237 nam
303 1209 361 1236 haec
376 1201 514 1236 merentur
528 1208 652 1236 veniam?
675 1207 741 1234 Nam
758 1208 779 1235 si
796 1212 821 1235 te
844 1214 897 1234 non
913 1207 1020 1234 iullecto

227 1256 329 1287 dicens,
345 1254 458 1282 Membri
469 1255 505 1281 tui
520 1261 612 1282 curam
627 1260 701 1289 gere,
715 1257 745 1281 ut
760 1253 801 1281 vel
814 1257 885 1280 metu
900 1253 948 1280 tias
960 1260 1019 1281 me-

226 1301 288 1334 lior,
296 1300 342 1328 tibi
355 1302 380 1328 in
390 1300 545 1328 memoriam
555 1307 653 1327 revoco
660 1306 758 1334 corpus
766 1299 873 1327 Christi.
880 1298 1020 1333 Quomodo

226 1347 298 1375 enim
309 1354 361 1374 non
375 1352 417 1374 est
427 1345 590 1373 horrendum
609 1350 806 1381 putrescentem
819 1352 927 1373 carnem
947 1347 1019 1372 uram

226 1394 347 1428 aspicere
360 1397 385 1421 et
398 1391 555 1427 despicere?
570 1392 604 1419 Et
615 1392 638 1419 si
650 1391 764 1419 haberes
773 1391 879 1426 quidem
892 1391 1018 1418 famulmn

226 1445 272 1467 aut
282 1440 384 1466 asinum
395 1439 558 1466 laborantem
566 1437 772 1473 putredine,non
781 1437 928 1465 sustineres
936 1437 1020 1472 despi-

225 1494 298 1519 cere;
307 1485 405 1513 Christi
413 1490 501 1513 autem
510 1492 607 1519 corpus
615 1484 709 1512 videns
717 1484 847 1519 repletum
857 1483 946 1511 scabie
954 1491 1020 1518 pra--

226 1532 370 1560 tercurris?
378 1537 464 1559 etnon
478 1531 615 1559 existimas
625 1530 682 1558 haec
691 1536 750 1558 esse
760 1529 837 1565 digna
846 1529 919 1556 mille
930 1528 1020 1556 fulturi-

225 1579 320 1607 ttibus?
330 1578 474 1614 Propterea
483 1577 572 1605 omnia
583 1584 682 1612 susqtte
689 1576 776 1612 deque
785 1577 939 1610 miscentur,
955 1584 1002 1611 pro
1009 1593 1016 1599 ς

225 1630 285 1662 pter
294 1626 362 1653 hanc
370 1624 602 1656 inhumanitatem,
609 1628 719 1659 propter
725 1623 793 1650 hanc
800 1623 999 1658 negligentiam.

260 1671 367 1698 Fratres
387 1670 513 1706 quomodo
534 1668 731 1704 corrigendi.—
744 1668 848 1696 ldt'll‘CO
869 1675 933 1703 rogo
949 1668 1018 1695 hanc

225 1717 391 1753 expellamus
401 1716 587 1744 crudelitatem
601 1723 608 1742 :
619 1714 717 1743 accede
727 1714 760 1742 ad
771 1714 846 1742 illum
857 1715 901 1749 qui
915 1714 1018 1741 habitat

224 1770 286 1791 cum
298 1763 410 1798 virgine,
421 1767 447 1790 et
459 1769 568 1797 parvum
580 1761 624 1789 dic
635 1760 725 1788 fratris
736 1761 900 1794 encomium,
915 1768 946 1788 ex
958 1760 1018 1788 aliis

227 1818 287 1845 quae
309 1809 391 1837 habet
410 1808 558 1836 commodis
571 1813 599 1835 et
620 1807 727 1835 dotibus
741 1807 768 1834 id
792 1814 975 1842 componens;
990 1811 1019 1834 et

225 1861 360 1890 tamquam
381 1862 449 1889 aqua
464 1854 549 1882 calida
572 1854 666 1881 fovens
688 1853 821 1887 laudibus,
839 1854 876 1881 ita
898 1853 1018 1888 deprime

226 1907 358 1928 tumorem
374 1900 432 1936 ejus
446 1900 584 1928 vulneris:
598 1905 624 1927 te
645 1907 752 1935 quoque
768 1900 854 1934 ipsum
875 1900 1018 1935 pronuntia

224 1950 362 1982 miserum,
375 1956 470 1977 accusa
483 1957 624 1977 commune
636 1956 721 1984 genus
735 1948 891 1982 humanum,
907 1949 1018 1977 ostende

225 2002 274 2023 nos
288 2003 383 2023 omnes
403 2003 464 2023 esse
478 1996 504 2022 in
520 1995 648 2030 peccatis,
670 1999 731 2030 pete
754 1995 869 2027 veniam.
885 1995 978 2022 dicens
991 1998 1018 2022 te

225 2042 326 2077 majora
346 2041 454 2076 aggredi
469 2048 549 2076 quam
564 2049 623 2076 qua:
642 2041 713 2068 vires
735 2044 788 2068 tua:
808 2042 878 2069 ferre
901 2042 1016 2076 possint,

223 2087 271 2116 sed
296 2089 435 2115 caritatem
462 2087 626 2122 persuadere
654 2087 744 2114 omnia
774 2087 884 2115 audere.
914 2087 1017 2116 Deinde

223 2135 366 2161 consulens
380 2134 431 2161 hoc
453 2133 505 2166 fac,
521 2142 574 2161 non
598 2139 734 2168 tamquam
757 2133 901 2168 imperans,
925 2134 972 2162 sed
988 2139 1018 2162 ut

223 2180 365 2208 fraterzet
388 2187 450 2207 cum
466 2180 508 2208 his
528 2180 656 2207 omnibus
681 2185 812 2208 tumorem
835 2180 1015 2216 depresseris,

224 2232 252 2255 et
272 2228 381 2255 lenieris
401 2227 521 2255 dolorem
541 2227 586 2262 qui
606 2227 704 2254 accidit
723 2235 756 2255 ex
779 2228 900 2255 sectione
921 2227 1017 2255 futura:

223 2274 454 2310 reprehensionis,
468 2278 496 2301 et
509 2280 581 2308 saepe
595 2281 660 2301 usus
674 2273 757 2300 fueris
772 2273 955 2306 excusatione,
970 2280 1016 2301 ro-

224 2321 382 2356 gaverisquc
394 2327 429 2347 ne
440 2319 584 2351 irascatur;
600 2326 660 2345 cum
674 2326 734 2346 eum
747 2318 788 2346 his
802 2319 935 2354 ligaveris,
953 2324 1017 2346 tunc

222 2366 326 2401 plagam
343 2365 443 2401 inﬂigc,
461 2371 510 2392 nec
524 2364 620 2391 vulnus
644 2364 769 2399 alligans,
787 2371 838 2392 nec
852 2364 1014 2398 dissolvens,

225 2415 255 2436 ut
275 2419 362 2445 neque
377 2411 450 2438 illinc
471 2410 583 2443 resiliat,
601 2417 688 2445 neque
710 2409 772 2437 hinc
787 2409 927 2444 despiciat.
949 2410 1015 2438 Nam

224 2455 249 2482 si
263 2456 407 2483 violentum
423 2464 475 2484 non
492 2456 598 2484 dederis
617 2456 723 2490 vulnus,
746 2455 811 2483 nihil
827 2455 943 2490 amplius
958 2456 1018 2483 efﬁ-

224 2502 299 2528 cies:
313 2502 354 2528 sin
377 2507 464 2529 autem
485 2502 657 2529 vehementer
677 2502 851 2537 percusseris,
872 2502 974 2530 efﬁcies
988 2507 1017 2530 ut

223 2547 337 2575 resiliat.
353 2548 497 2582 Propterea
513 2553 609 2584 etpost
621 2549 680 2576 haec
690 2549 778 2577 omnia
790 2550 1014 2585 reprehensurus,

223 2594 308 2622 misce
327 2601 421 2622 rursus
441 2595 591 2621 encomium
616 2602 676 2621 cum
700 2595 974 2630 reprehensionibus:
989 2601 1016 2624 et

222 2641 348 2676 quoniam
369 2639 406 2671 id,
421 2639 491 2675 quod
513 2639 541 2667 lit
558 2639 591 2666 ab
607 2647 650 2672 eo,
672 2647 721 2674 per
735 2648 763 2668 se
785 2649 837 2668 non
853 2646 940 2676 potest
954 2649 1016 2670 esse

224 2687 376 2715 encomium
390 2687 457 2723 (non
477 2691 517 2714 est
537 2686 609 2713 enim
630 2685 707 2713 laude
723 2686 829 2721 dignum
845 2687 924 2714 simul
940 2687 1016 2714 habi-

225 2738 282 2761 tare
296 2742 357 2762 cum
370 2734 458 2769 puella
471 2734 603 2768 virgine),
618 2733 670 2761 hoc
693 2733 732 2761 fac
745 2742 778 2762 ex
793 2740 883 2762 mente
896 2740 923 2762 et
940 2735 1016 2762 insti-

223 2782 282 2805 tuto
298 2780 355 2813 ejus
369 2780 413 2814 qui
427 2779 506 2807 simul
520 2779 631 2806 habitat.
656 2779 713 2806 Etsi
728 2779 799 2806 enim
815 2780 881 2811 scio,
899 2779 1013 2813 inquies,

225 2822 296 2858 quod
310 2828 336 2850 tu
350 2829 460 2859 propter
484 2825 568 2851 Deum
584 2824 659 2856 facis,
675 2829 702 2851 et
717 2824 789 2851 illius
804 2824 910 2851 misera:
922 2823 1015 2851 videas

226 2868 416 2902 calamitatem,
430 2874 457 2897 et
466 2870 536 2905 quod
553 2869 695 2897 defensore
709 2873 800 2896 careat
814 2874 841 2896 et
853 2873 976 2904 patrono,
989 2870 1014 2897 ei

225 2924 333 2945 manum
349 2916 502 2952 praebuisti;
519 2919 620 2946 etiamsi
636 2926 687 2946 non
705 2918 754 2946 hoc
770 2916 860 2944 animo
873 2915 963 2951 faciat,
983 2921 1010 2946 tu

636 185 663 211 S.
690 181 828 211 .lOANNlS
846 178 1083 208 CllllYSOSTOMl
1102 179 1259 207 AliCHlEP.
1279 157 1545 209 CbNSTANTINOP.

1818 181 1869 210 380

1078 234 1122 263 die
1134 235 1170 263 ita
1183 245 1189 262 :
1201 240 1227 263 et
1240 240 1331 271 postea
1346 236 1403 264 lucc
1418 245 1525 273 quoque
1534 237 1613 272 adde,
1626 245 1720 266 rursus
1733 243 1809 267 utens
1821 247 1870 267 ex-

1079 281 1228 314 cusatione,
1252 286 1280 309 et
1292 281 1385 309 dicens
1397 292 1403 309 :
1416 282 1478 310 Haec
1491 283 1560 316 dico,
1587 291 1641 312 non
1658 284 1765 320 jubens,
1779 285 1826 314 sed
1841 286 1869 314 in

1078 327 1234 354 memoriam
1260 333 1528 364 revocans:propter
1550 329 1633 357 Deum
1658 335 1685 357 tu
1708 330 1790 363 facis.
1813 339 1864 367 ego

1078 381 1187 409 quoque
1207 373 1233 402 id
1247 374 1319 408 scio;
1336 375 1383 402 sed
1407 375 1545 404 videamus
1567 384 1630 404 ntnu
1646 385 1679 404 ex
1699 377 1750 406 hoc
1763 378 1867 413 aliquod

1078 420 1149 447 aliud
1167 426 1293 449 nascatur
1315 423 1416 450 malum
1428 431 1435 450 :
1447 424 1509 451 etsi
1532 423 1634 451 nullttm
1647 424 1753 459 quidem
1767 427 1812 459 sit,
1827 427 1868 454 in-

1078 471 1121 495 tus
1135 468 1253 501 contine,
1277 468 1470 505 pulchrumque
1483 470 1535 498 hoc
1549 475 1577 498 et
1597 471 1737 499 honestum
1751 473 1867 507 studium

1077 520 1255 549 persequere;
1281 515 1370 542 nullus
1393 520 1435 543 est
1455 516 1499 551 qui
1523 518 1666 544 vetet:sin
1691 523 1781 546 autem
1807 519 1868 547 hinc

1077 560 1197 587 nascitur
1219 560 1327 595 aliquod
1351 560 1478 589 damnum
1501 562 1586 597 majus
1615 563 1700 597 lucro,
1726 571 1867 593 caveamus

1075 613 1125 634 oro
1140 614 1183 639 ne,
1199 607 1263 635 dum
1277 615 1357 635 unam
1370 608 1508 637 studemus
1523 617 1647 638 recreare
1659 612 1787 645 animant,
1805 612 1865 640 mil-

1076 652 1102 680 le
1116 653 1292 682 oll‘eudamus.
1314 655 1367 682 Nec
1383 656 1473 683 statim
1487 656 1569 684 addas
1584 658 1715 693 supplicia
1730 661 1864 694 proposita

1076 698 1109 726 iis
1119 699 1162 734 qui
1176 699 1314 728 offendunt
1324 705 1351 728 et
1364 701 1518 729 scandalum
1532 702 1656 737 all‘erunt,
1669 704 1716 731 sed
1730 704 1787 739 ejus
1798 714 1864 741 quo-

1075 752 1128 780 que
1147 745 1260 774 adsume
1283 747 1478 781 testimonium,
1503 748 1597 776 dicens
1609 758 1615 776 :
1627 749 1685 777 Non
1698 757 1765 786 opus
1780 757 1821 779 est
1835 757 1864 779 ut

1075 789 1132 818 haec
1146 798 1159 817 a
1175 799 1218 819 me
1231 791 1334 825 discas;
1352 797 1379 820 tu
1392 793 1449 828 ipse
1461 794 1525 827 scis,
1539 795 1561 822 si
1575 795 1635 830 quis
1648 796 1767 824 oﬂ'endat
1778 806 1859 825 unum

1075 844 1108 864 ex
1121 837 1162 864 his
1176 837 1288 872 pusillis,
1304 839 1393 873 quanti
1409 840 1533 874 supplicii
1548 840 1714 869 iutentcntur
1727 843 1806 870 mium
1818 852 1825 871 :
1839 848 1866 871 et

1074 889 1134 909 cum
1147 882 1185 909 sic
1199 883 1307 911 lenieris
1329 884 1489 917 orationem,
1504 889 1531 913 et
1545 885 1611 913 iram
1626 886 1766 922 mitigaris,
1781 888 1864 923 impo-

1074 936 1108 956 ne
1135 929 1359 957 medicamentum
1386 932 1574 968 correctionis.
1603 933 1631 961 Si
1656 938 1745 962 autem
1771 943 1864 964 rursus

1073 979 1197 1003 causetur
1219 976 1277 1011 ejus
1292 977 1476 1011 solitudinem,
1493 986 1527 1006 ne
1542 979 1580 1007 sic
1595 980 1703 1014 quidem
1725 981 1863 1009 obtentum

1073 1022 1290 1056 reprehenderis,
1314 1024 1362 1052 sed
1382 1024 1425 1052 dic
1439 1025 1567 1053 eizNihil
1590 1026 1684 1053 horum
1708 1030 1735 1055 te
1746 1031 1862 1056 terreat:

1073 1067 1248 1096 sufficientem
1272 1069 1382 1097 habebis
1405 1071 1604 1099 excusationem
1627 1072 1738 1101 aliorum
1753 1074 1864 1101 scanda-

1073 1115 1212 1143 lum:non
1227 1116 1298 1143 enim
1319 1121 1427 1153 propter
1450 1119 1611 1152 socordiam,
1633 1120 1682 1148 sed
1696 1120 1802 1149 illorum
1814 1129 1863 1150 cu-

1073 1168 1129 1188 ram
1143 1168 1250 1196 gerens,
1265 1162 1391 1190 destitisti
1405 1163 1438 1191 ab
1451 1163 1503 1192 hoc
1514 1164 1613 1192 studio.

1106 1206 1133 1234 5.
1155 1206 1188 1234 Ει
1204 1207 1286 1235 breve
1297 1208 1404 1243 quidem
1418 1209 1452 1236 sit
1466 1210 1624 1251 consilium;
1646 1219 1698 1239 non
1712 1212 1783 1240 enim
1802 1217 1863 1248 eget

1072 1259 1166 1287 magna
1177 1252 1316 1286 doctrina;
1331 1254 1409 1282 venia
1425 1259 1515 1282 autem
1531 1256 1567 1283 sit
1581 1257 1664 1284 multa
1678 1262 1704 1285 et
1718 1257 1861 1293 frequens:

1072 1303 1099 1324 et
1108 1298 1278 1327 continenter
1288 1300 1401 1335 confuge
1413 1300 1446 1327 ad
1459 1301 1610 1335 caritatem,
1620 1310 1712 1330 eorum
1722 1311 1782 1339 quae
1792 1304 1862 1332 dicta

1071 1348 1134 1371 sunt
1148 1349 1295 1380 contegens
1315 1346 1473 1380 gravitatem
1487 1351 1515 1375 et
1529 1348 1689 1380 molestiam,
1705 1349 1824 1384 dansque
1837 1352 1862 1379 ei

1071 1395 1229 1425 potestatem
1245 1396 1273 1419 et
1292 1392 1386 1420 dicens
1402 1402 1410 1420 ε
1433 1392 1490 1428 Ego
1512 1394 1620 1428 quidem
1642 1396 1699 1423 haec
1717 1396 1818 1424 suadeo
1834 1401 1862 1425 et

1070 1436 1192 1469 consulo,
1204 1436 1231 1463 in
1243 1441 1287 1464 tua
1299 1441 1388 1464 autem
1402 1442 1535 1473 potestate
1547 1444 1590 1467 est
1612 1444 1640 1467 ut
1656 1441 1859 1475 persuadearis:

1071 1489 1157 1516 neque
1172 1482 1242 1509 enim
1256 1490 1323 1517 cogo
1336 1490 1384 1510 nec
1396 1483 1451 1511 vim
1463 1483 1558 1518 τίσει-ο,
1572 1485 1618 1513 sed
1641 1490 1725 1513 totum
1738 1488 1861 1522 permitto

1070 1528 1156 1557 libero
1169 1533 1215 1557 tuo
1228 1530 1350 1557 arbitrio.
1364 1529 1392 1558 Si
1407 1531 1644 1566 reprehensionem
1656 1533 1691 1561 ita
1706 1539 1859 1569 tractemus,

1069 1574 1146 1603 facile
1160 1576 1306 1611 poterimus
1321 1582 1462 1612 peccantes
1474 1578 1627 1614 corrigere:
1644 1588 1704 1607 nam
1719 1588 1778 1616 qua:
1792 1588 1861 1609 nunc

1070 1622 1181 1650 facimus
1195 1627 1258 1651 sunt
1273 1623 1357 1659 magis
1372 1624 1516 1652 bestiarum
1532 1620 1563 1652 et
1574 1626 1685 1654 rationis
1699 1628 1859 1663 espertium,

1070 1675 1149 1702 quam
1159 1667 1308 1696 hominum.
1319 1669 1385 1697 Nam
1400 1670 1422 1697 si
1434 1678 1504 1699 nunc
1511 1671 1619 1706 quidem
1633 1673 1766 1700 senserint
1778 1673 1860 1708 aliqui

1070 1715 1222 1750 quempiam
1240 1716 1297 1743 luce
1319 1720 1484 1751 peccantem,
1501 1717 1575 1744 illum
1589 1717 1697 1753 quidem
1718 1726 1770 1746 non
1791 1719 1861 1747 allo-

1070 1765 1197 1795 quuntur,
1214 1761 1263 1796 ipsi
1278 1767 1367 1790 autent
1381 1769 1515 1798 tamquam
1530 1764 1611 1791 ebria:
1625 1765 1736 1792 aniculae
1747 1766 1816 1793 inter
1830 1773 1862 1794 se

1070 1812 1225 1835 susurrant:
1237 1812 1265 1835 et
1277 1808 1352 1841 illud,
1364 1809 1429 1837 Sine
1441 1816 1521 1837 causa
1536 1810 1642 1842 ameris,
1657 1815 1694 1843 et,
1705 1810 1743 1838 Ne
1757 1816 1859 1839 temere

1070 1858 1097 1880 et
1111 1853 1168 1880 sine
1181 1861 1261 1881 causa
1277 1854 1339 1881 odio
1353 1854 1488 1888 habe-aris,
1503 1863 1630 1891 nusquam
1652 1856 1721 1891 apud
1737 1856 1796 1885 illos
1816 1858 1860 1885 vi—

1070 1901 1149 1928 detur
1162 1901 1249 1928 locum
1265 1901 1364 1929 habere
1376 1910 1382 1933 ;
1398 1902 1445 1929 sed
1459 1903 1566 1937 quando
1575 1903 1684 1939 cupiunt
1693 1903 1800 1939 quidem
1813 1912 1860 1932 ac-

1069 1954 1173 1978 cusare,
1186 1946 1336 1982 despiciunt
1350 1948 1427 1981 illud,
1442 1948 1499 1976 Non
1515 1949 1574 1976 sine
1586 1956 1666 1977 causa
1681 1950 1743 1977 odio
1757 1950 1859 1983 haberi,

1070 1992 1124 2020 itno
1139 2000 1203 2020 vero
1217 1993 1296 2020 etiam
1311 1994 1399 2028 puniri
1414 1994 1519 2030 (neque
1533 1995 1611 2022 euim'
1621 1994 1683 2024 huic
1706 1996 1792 2023 solum
1811 2004 1859 2023 na-

1069 2039 1154 2067 seitur
1172 2040 1274 2073 odium,
1286 2040 1334 2068 sed
1348 2040 1427 2068 etiam
1444 2041 1637 2078 supplicium);
1652 2043 1758 2078 quando
1772 2048 1860 2072 autem

1070 2093 1138 2121 opus
1148 2086 1409 2121 lueritcorrectione,
1418 2093 1445 2115 et
1454 2088 1505 2116 hoc
1516 2088 1602 2123 ipsum
1610 2093 1637 2116 et
1645 2089 1716 2116 mille
1725 2090 1792 2117 alias
1801 2090 1860 2117 alle-

1069 2134 1323 2162 ruutexcusationes
1330 2139 1355 2162 et
1362 2134 1580 2163 obtentus.Tunc
1586 2135 1669 2168 enim,
1678 2141 1740 2164 tunc
1748 2137 1811 2164 illud
1818 2144 1860 2164 co-

1069 2179 1154 2215 gitare
1168 2185 1314 2215 oporteret,
1330 2181 1438 2216 quando
1451 2188 1571 2215 accusas,
1579 2181 1686 2216 quando
1700 2183 1858 2216 criminaris,

1069 2232 1176 2261 nempe,
1191 2225 1230 2253 Ne
1246 2231 1346 2254 temere
1360 2231 1387 2253 et
1400 2227 1458 2254 sine
1472 2233 1553 2254 causa
1574 2227 1637 2255 odio
1657 2227 1794 2260 ltabearis,
1814 2232 1859 2261 et,

1071 2271 1142 2298 Nihil
1153 2271 1274 2306 proﬁcio,
1285 2277 1321 2304 et,
1331 2272 1389 2299 Non
1398 2277 1440 2300 est
1453 2272 1517 2300 mihi
1528 2280 1609 2300 curm.
1622 2272 1697 2300 Nunc
1707 2278 1796 2300 autem
1805 2277 1859 2300 tum

1068 2317 1177 2353 quidem
1182 2325 1212 2345 es
1220 2318 1394 2345 vehementer
1402 2318 1570 2354 inaniterque
1577 2326 1608 2345 ac
1615 2326 1861 2354 supervacaneecu-

1069 2363 1299 2393 riosus.etodium
1309 2364 1434 2399 despicis,
1445 2369 1472 2391 et
1481 2364 1549 2391 mala
1559 2364 1861 2400 innumerabiliazquan-

1069 2408 1103 2437 do
1117 2413 1205 2437 autem
1214 2410 1306 2437 salutis
1315 2410 1403 2437 fratris
1413 2416 1438 2437 te
1445 2418 1535 2437 curam
1544 2418 1638 2445 gerere
1644 2416 1790 2446 oporteret,
1798 2417 1860 2439 tunc

1069 2455 1109 2483 vis
1118 2463 1180 2483 esse
1194 2463 1245 2482 non
1254 2456 1374 2482 curiosus
1382 2460 1409 2483 et
1424 2463 1475 2482 non
1491 2456 1579 2491 gravis
1591 2463 1622 2483 ac
1631 2456 1770 2484 molestus.
1781 2456 1859 2492 Atqui

1068 2509 1102 2529 ex
1115 2502 1297 2529 maledicentia
1313 2501 1420 2536 quidem
1431 2502 1549 2529 nascitur
1560 2502 1650 2530 odium
1659 2507 1686 2529 cl
1697 2502 1764 2537 apud
1776 2502 1860 2530 homi-

1069 2555 1116 2575 nes
1133 2553 1159 2575 et
1172 2548 1240 2582 apud
1264 2548 1356 2580 Deum,
1373 2553 1399 2575 et
1419 2547 1471 2575 hoc
1483 2555 1536 2575 non
1557 2553 1598 2576 est
1611 2548 1657 2575 tibi
1674 2556 1744 2575 cura:
1760 2557 1767 2575 :
1781 2556 1813 2576 ex
1827 2556 1859 2576 eo

1067 2601 1166 2627 autem,
1175 2593 1246 2629 quod
1261 2594 1308 2620 das
1317 2601 1437 2621 seorsum
1448 2594 1569 2627 consilia,
1582 2598 1609 2622 et
1623 2601 1654 2621 ex
1669 2594 1799 2629 ejusmodi
1815 2601 1859 2621 rc-

1068 2640 1302 2676 prcheusionilms.
1317 2646 1343 2668 et
1356 2640 1426 2676 apud
1440 2641 1514 2668 illum
1526 2645 1553 2669 et
1563 2641 1633 2675 apud
1649 2641 1731 2668 Deum
1747 2641 1798 2667 erit
1814 2640 1859 2667 tibi

1069 2686 1196 2713 amicitia.
1223 2687 1298 2719 Quod
1326 2687 1347 2715 si
1362 2687 1443 2714 etiam
1466 2687 1524 2722 ipse
1545 2691 1572 2714 te
1593 2686 1697 2719 oderit,
1718 2691 1859 2721 propterea

1069 2732 1140 2760 Dens
1166 2738 1256 2760 manet
1280 2739 1306 2761 te
1326 2734 1410 2769 magis
1435 2733 1569 2768 diligens:
1586 2733 1639 2760 imo
1661 2739 1725 2760 vero
1750 2740 1799 2759 nec
1821 2731 1857 2759 sic

1069 2777 1166 2810 oderit,
1179 2782 1207 2804 ut
1227 2778 1333 2812 quando
1347 2779 1409 2806 odio
1431 2778 1544 2805 habebat
1566 2778 1789 2810 maledicentem;
1813 2776 1857 2804 sed

1067 2829 1132 2852 tunc
1147 2825 1253 2860 quidem
1269 2830 1403 2860 tamquam
1429 2826 1565 2852 inimicum
1582 2829 1609 2852 et
1624 2825 1729 2852 hostem
1751 2831 1861 2852 aversa-

1069 2871 1151 2905 bitur,
1165 2879 1237 2899 nunc
1251 2876 1341 2899 autem
1355 2871 1517 2899 existimabit
1531 2876 1556 2898 te
1569 2871 1665 2906 quovis
1688 2876 1764 2906 patre
1777 2870 1862 2905 magis

1071 2917 1259 2947 reverendum.
1272 2916 1348 2951 Quod
1364 2917 1386 2945 si
1397 2917 1478 2945 etiam
1492 2922 1584 2953 aperte
1597 2917 1687 2944 animo
1696 2923 1766 2952 agre
1782 2916 1860 2947 ferat,
