4122 6226
460 336 569 391 δέ)

459 451 597 507 ἀλλά
643 451 721 522 τῷ
748 452 1002 526 διαϐόλῳ,
1053 456 1133 528 τῷ
1168 458 1397 514 ώθοῦντι
1445 462 1540 516 καὶ
1585 463 2030 528 ὑποσκελίζοντις

458 543 572 597 Καὶ
604 542 770 598 πόθεν
805 543 998 612 τοῦτο;
1035 547 1160 603 Ὀτι
1190 552 1290 604 οὐκ
1320 552 1488 619 ἀνύω,
1525 554 1660 626 φησί⁵
1681 593 1698 618 ,
1732 555 1905 624 λέγων
1932 555 2028 611 καὶ

459 632 845 703 συμϐουλεύων
895 637 966 690 τά
1018 637 1223 696 δέοντα.
1275 643 1447 696 Πόθεν
1484 643 1542 698 δέ
1594 646 1754 717 δῆλον
1799 647 1882 701 ὅτι
1928 647 2030 701 οὐκ

454 723 709 790 ἀνύσεις;
757 725 851 779 καὶ
893 725 1004 799 γάρ
1034 730 1193 785 τοῦτο
1236 734 1396 788 πάλιν
1446 735 1683 806 ἐσχάτης
1719 737 1927 803 ἀνοίας,
1970 739 2030 792 ἐν

453 816 636 889 ἀδήλῳ
659 818 750 872 τοῦ
776 819 967 885 τέλους
992 823 1267 893 κειμένου,
1303 825 1575 897 ῥᾳθυμίας
1598 829 2028 902 ὡμολογημένης

451 909 775 980 ἐγκλήματα
824 910 1098 982 δέχεσθαι.
1152 915 1342 969 Καίτοι
1392 917 1421 969 ό
1474 917 1608 983 Θεὸς
1647 918 1720 974 τά
1764 921 2028 992 μέλλοντα

453 1001 721 1072 προειδὼς
741 1043 754 1065 ,
783 1003 1044 1069 πολλάκις
1076 1001 1220 1074 εἷπε,
1268 1008 1363 1061 καὶ
1401 1009 1504 1064 οὐκ
1535 1011 1697 1082 ῆνυσε
1721 1052 1736 1078 ,
1772 1015 1868 1068 καὶ
1906 1014 2026 1069 ούδέ

449 1093 626 1159 οἱτως
644 1096 880 1168 ἀπέστη,
904 1097 1186 1153 καὶταῦτα
1202 1099 1379 1168 εἰδὼς,
1399 1103 1480 1156 ὅτι
1503 1103 1564 1156 ού
1588 1103 1774 1174 μέλλει
1791 1105 2023 1161 πείθειν.

449 1187 515 1240 Εἰ
543 1185 600 1240 δὲ
637 1188 667 1240 ό
700 1188 962 1260 προειδὼς
986 1191 1067 1244 δτι
1095 1190 1248 1245 οὐδὲν
1285 1192 1450 1247 πλέον
1484 1195 1724 1265 ποιήσει,
1753 1195 1848 1250 τοῦ
1878 1197 2025 1268 61.09-

448 1278 582 1332 θοῦν
609 1280 710 1334 οὐκ
739 1281 1056 1351 ἀφίσταται,
1091 1283 1218 1339 τίνα
1257 1284 1401 1350 ἕξεις
1431 1286 1724 1355 ἀπολογίαν
1755 1288 1784 1341 ὁ
1811 1288 2024 1356 ἀγνοῶν

447 1372 512 1424 τὸ
559 1373 749 1444 μέλλον
780 1376 1082 1446 παντελῶς,
1128 1379 1225 1433 καὶ
1257 1380 1583 1452 ἐκλυόμενος
1622 1381 1715 1435 καὶ
1761 1380 2019 1452 ναρκῶν;

449 1466 561 1520 Καὶ
584 1467 693 1540 γὰρ
719 1467 976 1534 πολλάκις
996 1472 1447 1545 ἐπιχειρήσαντες
1470 1475 1674 1547 ήνυσαν
1697 1474 1900 1529 πολλοί·
1927 1476 2022 1529 καὶ

446 1556 538 1610 ὅτε
568 1557 798 1627 μάλιστα
825 1559 1171 1628 ἀπέγνωσαν,
1195 1565 1318 1617 τότε
1351 1563 1586 1634 μάλιστα
1612 1563 1894 1635 ἐπέτυχον.
1924 1566 2020 1619 Ἂν

443 1645 504 1700 δὲ
535 1647 628 1701 καὶ
669 1648 838 1720 μηδὲν
871 1651 1106 1724 ποιήσῃς
1150 1654 1335 1720 πλέον,
1364 1655 1425 1710 τὸ
1459 1657 1659 1712 σαυτοῦ
1691 1658 2015 1730 πεποίηκας.

445 1738 538 1810 Μὴ
567 1739 747 1794 τοίνυν
778 1741 1147 1814 ἀπάνθρωπος
1185 1747 1335 1817 γίνου
1354 1790 1370 1815 ,
1409 1750 1545 1822 μήτε
1575 1750 1832 1822 ἀνηλεής,
1880 1752 2017 1822 μήτε

441 1829 725 1904 ὀλίγωρος.
763 1833 882 1888 Ὅτι
915 1835 1024 1908 γάρ
1051 1835 1332 1911 ὠμότητος
1360 1841 1536 1896 ταῦτα
1574 1843 1642 1896 τά
1677 1843 1899 1914 ῥήματα
1926 1843 2019 1897 καὶ

444 1921 743 1994 ῥᾳθυμίας,
773 1925 933 1998 δῆλον
959 1927 1190 1984 ἐκεῖθεν.
1220 1930 1376 1996 Τίνος
1397 1932 1507 2004 γάρ
1534 1933 1743 1996 ἕνεκεν,
1772 1934 1890 1998 ἐνὸς
1911 1932 2017 1986 τῶν

443 2014 625 2087 μελῶν
669 2015 763 2070 τοῦ
807 2017 1058 2090 σώματός
1094 2037 1189 2075 σου
1238 2021 1559 2093 κάμνοντος,
1596 2023 1657 2076 ού
1706 2023 1916 2093 λέγεις·
1950 2024 2016 2078 Τί

445 2126 538 2178 μοι
585 2107 758 2180 μέλει,
792 2111 888 2164 καὶ
931 2111 1098 2165 πόθεν
1124 2113 1304 2184 δῆλον,
1339 2115 1421 2168 ὅτι
1454 2117 1502 2168 εἰ
1542 2116 1855 2186 ἐπιμελείας
1885 2133 2016 2185 τυγ-

441 2203 617 2272 χάνει,
653 2202 924 2271 ὑγιαίνεις
967 2205 1106 2259 ἀλλά
1148 2206 1328 2261 πάντα
1359 2209 1554 2273 ποιεῖς,
1589 2207 1677 2261 ἴνα
1708 2208 1812 2262 κᾶν
1849 2207 2013 2279 μηδὲν

441 2293 754 2366 ὼφελήσῃς,
790 2295 864 2368 μή
891 2294 1022 2370 ἔχῃς
1049 2297 1300 2366 ἐγκαλεῖν
1335 2297 1577 2370 σεαυτῷ,
1610 2300 1693 2353 ὅτι
1722 2298 1832 2352 τῶν
1860 2299 2011 2368 ὀφει-

438 2386 642 2441 λόντων
685 2387 935 2458 γενέσθαι
973 2406 1027 2443 τι
1075 2389 1430 2462 παρελείφθη.
1468 2385 1604 2446 Εἶτα
1640 2391 1748 2446 τῶν
1780 2392 1878 2462 μὲν
1915 2391 2010 2446 τοῦ

437 2477 694 2552 σώματος
741 2477 886 2533 οὕτω
932 2478 1082 2553 [415]
1135 2481 1495 2553 φροντιοῦμεν
1548 2482 1753 2554 μελῶν,
1793 2483 1902 2537 τῶν
1955 2483 2012 2536 δέ

433 2569 530 2624 τοῦ
568 2570 804 2642 Χριστοῦ
836 2572 1221 2644 ἀμελήσομενς
1262 2574 1359 2626 καὶ
1397 2573 1501 2628 ποῦ
1539 2574 1712 2628 ταῦτα
1766 2574 2013 2645 συγγνώο

439 2680 549 2735 μης
599 2662 756 2732 ἄξιας
791 2665 856 2720 Εἰ
905 2665 1016 2738 γάρ
1043 2683 1102 2719 σε
1148 2666 1224 2738 μὴ
1252 2667 1635 2746 κατακάμπτω
1681 2666 1876 2746 λέγων,
1928 2669 2008 2722 ὅτι

435 2755 545 2810 Τοῦ
585 2756 780 2828 μέλους
810 2775 904 2812 σου
933 2759 1218 2832 φρόντισον
1238 2799 1252 2824 ,
1305 2759 1393 2814 ίνα
1435 2740 1540 2814 κάν
1583 2758 1662 2832 τῷ
1695 2740 1846 2832 φόϐῳ
1878 2760 2010 2835 γένῃ

436 2847 680 2918 βελτίων,
708 2848 806 2904 τοῦ
831 2848 1082 2922 σώματος
1105 2851 1511 2922 ἀναμιμνήσκω
1538 2868 1598 2904 σε
1627 2851 1720 2906 τοῦ
1745 2851 2006 2924 Χριστοῦ.

435 2940 559 3006 Πῶς
611 2941 723 3014 γὰρ
772 2944 833 2997 ού
878 2942 1082 3016 φρίκης
1131 2943 1282 3009 ἀξιον
1331 2945 1651 3016 σηπομένην
1697 2943 1865 2998 αὐτοῦ
1912 2943 2010 3015 τὴν

378 3100 381 3103 ,
434 3037 613 3106 σάρκα
639 3037 795 3110 όρᾷν,
824 3037 921 3091 καὶ
956 3039 1252 3110 περιορᾷνς
1282 3037 1395 3090 Καὶ
1415 3039 1464 3091 εἰ
1499 3036 1598 3108 μὲν
1624 3036 1840 3108 οἰκέτην
1867 3035 2010 3106 ἔχοις

433 3125 465 3196 ἦ
493 3125 614 3182 δνον
649 3115 918 3200 σηπεδόνα
946 3128 1160 3202 ἔχοντα,
1187 3132 1286 3185 ούκ
1321 3129 1386 3184 ἂν
1414 3130 1670 3201 ἀνάσχοιο
1704 3129 1968 3200 περιιδεῖν
1989 3144 2005 3159 ο

430 3222 492 3274 τὸ
507 3221 566 3275 δέ
596 3221 760 3294 σῶμα
778 3222 874 3278 τοῦ
893 3223 1132 3296 Χριστοῦ
1158 3224 1348 3296 ψώρας
1366 3223 1510 3294 ὀρῶν
1531 3223 2005 3296 ἐμπεπλησμένον,

434 3314 842 3386 παρατρέχεις;
873 3316 970 3370 καὶ
994 3317 1093 3389 οὐχ
1126 3318 1232 3389 ήγῇ
1261 3317 1434 3371 ταῦτα
1466 3316 1676 3388 μυρίων
1705 3315 1830 3384 ἀξια
1869 3310 2008 3367 εἶναι

434 3404 714 3474 κεραυνῶν
740 3421 756 3470 ;
796 3404 894 3459 Διά
922 3405 1080 3460 τοῦτο
1118 3407 1294 3461 πάντα
1345 3407 1457 3462 ἀνω
1486 3409 1582 3462 καὶ
1614 3407 1764 3461 κάτω
1793 3405 2004 3474 γέγονε,

430 3494 521 3550 διά
548 3495 650 3568 τὴν
678 3496 1079 3570 ἀπανθρωπίαν
1103 3497 1330 3569 ταύτην,
1361 3498 1451 3552 διά
1476 3497 1576 3570 τὴν
1606 3497 1898 3570 ρᾳθυμίαν.

502 3588 596 3642 Διδ
607 3587 696 3660 δὴ,
720 3589 1046 3661 παρακαλῶ,
1065 3589 1270 3659 ταύτην
1284 3591 1600 3662 ἐκϐάλωμεν
1613 3590 1712 3662 τὴν
1726 3590 2005 3661 ὠμότητα*

415 3667 700 3752 ’πρόσελθε
749 3683 942 3755 ἐκείνῳ
984 3682 1061 3753 τῷ
1093 3683 1427 3737 συνοικοῦντι
1474 3687 1542 3755 τῇ
1588 3683 1863 3756 παρθένῳ,
1913 3683 2008 3736 καὶ

428 3771 554 3826 εἰπὲ
593 3771 788 3844 μικρὸν
820 3773 1097 3844 ἐγκώμιον
1131 3772 1225 3827 τοῦ
1256 3773 1508 3843 ἀδελφοῦ,
1537 3775 1644 3828 ἀπὸ
1689 3775 1798 3828 τῶν
1832 3774 2006 3830 ἀλλων

427 3859 506 3920 ὧν
533 3865 646 3937 ἔχει
673 3864 1163 3936 πλεονεκτημάτων
1191 3866 1323 3920 αὐτὸ
1358 3866 1630 3931 συντιθείς
1651 3883 1664 3897 ⁸
1693 3867 1791 3920 καὶ
1817 3867 2007 3937 ὥσπερ

429 3958 588 4012 ὕδατι
607 3957 796 4030 θερμῷ
818 3957 1158 4029 περικλύζων
1178 3961 1291 4022 τοῖς
1313 3959 1557 4022 ἐπαίνοις
1571 3999 1585 4023 ,
1609 3957 1750 4012 οὕτω
1772 3959 2006 4029 χάλασον

433 4048 598 4103 αὑτοῦ
619 4049 706 4104 τὸν
721 4048 885 4119 δγκον
900 4047 994 4102 τοῦ
1009 4049 1342 4120 τραύματος·
1361 4049 1646 4104 ταλάνισον
1670 4051 1765 4102 καὶ
1787 4053 2000 4116 σαυτὸν,

427 4127 808 4214 ’κατηγόρησαν
866 4143 961 4196 τοῦ
1016 4142 1198 4196 κοινοῦ
1261 4142 1372 4196 τῶν
1424 4141 1728 4213 ἀνθρώπων
1777 4143 1966 4212 γένους
1985 4187 2000 4211 ,

429 4235 608 4301 δεῖξον
627 4235 706 4290 δτι
725 4238 922 4300 πάντες
945 4237 1001 4289 ἐν
1024 4236 1384 4307 ἁμαρτήμασι
1399 4235 1762 4307 τυγχάνομεν,
1780 4237 2003 4307 αἴτησον

429 4328 787 4401 συγγνώμην,
831 4328 1024 4394 εἰπὼν,
1056 4330 1138 4382 ὃτι
1191 4327 1403 4399 μείζοσι
1444 4327 1642 4381 σαυτοῦ
1684 4329 2003 4401 πράγμασιν

426 4423 745 4493 ἐπιχειρεῖς,
765 4421 880 4476 ἀλλ’
913 4423 947 4494 ή
973 4422 1163 4493 ἀγάπη
1191 4422 1373 4476 πάντα
1399 4421 1574 4475 πείθει
1611 4421 1840 4493 τολμᾷν.
1871 4417 2005 4477 Εἶτα

427 4511 832 4585 συμϐουλεύων,
863 4513 939 4586 μὴ
973 4512 1359 4576 ἐπιτακτικῶς,
1385 4513 1500 4566 ἀλλ’
1523 4511 1825 4582 ἀδελφικῶς
1846 4511 2004 4566 τοῦτο

423 4605 588 4660 mter
637 4605 733 4659 καὶ
778 4603 989 4668 τούτοις
1042 4606 1174 4657 πᾶσι
1226 4603 1468 4675 χαλάσας
1512 4603 1614 4673 τὴν
1668 4604 2001 4676 φλεγμονὴν,

402 4757 404 4760 ,
422 4700 520 4753 καὶ
540 4697 1084 4771 παραμυθησάμενος
1103 4699 1204 4767 τήν
1223 4695 1492 4768 ἀλγηδόνα
1513 4695 1610 4768 τήν
1633 4697 1696 4750 ἐκ
1711 4697 1810 4767 τῆς
1828 4697 2003 4767 τομῆς

424 4789 828 4858 συμϐαίνουσαν
867 4786 959 4840 τοῦ
1001 4771 1286 4857 μέλλοντος
1320 4785 1544 4856 ἐλέγχου
1589 4784 1880 4854 γενέσθαι,
1910 4789 2004 4839 καὶ

423 4880 684 4944 πολλάκις
731 4882 798 4952 τῇ
838 4880 1161 4952 παραιτήσει
1199 4880 1575 4952 χρησάμενος,
1621 4879 1716 4932 καὶ
1745 4897 2002 4948 παρακα-

422 4969 585 5036 λέσας
615 4972 690 5043 μὴ
719 4972 1062 5044 ὀργισθῆναι·
1093 4972 1221 5026 ὅταν
1247 4972 1408 5025 αὐτὸν
1433 4971 1744 5042 καταδήσῃς
1767 4971 2000 5035 τούτοις,

421 5063 544 5116 τότε
579 5063 753 5132 ἔπαγε
803 5064 902 5133 τὴν
947 5063 1183 5136 πληγὴν,
1229 5065 1369 5136 μήτε
1409 5063 1623 5133 δεσμῶν
1652 5063 1714 5116 τὸ
1747 5065 1998 5134 πρᾶγμα,

425 5158 563 5226 μήτε
596 5157 826 5215 ἐκλύων.
858 5157 947 5210 ἴνα
973 5159 1110 5228 μήτε
1138 5157 1346 5212 ἐκεῖθεν
1373 5157 1722 5228 ἀποπηδήσῃ,
1753 5157 1889 5227 μήτε
1917 5157 2002 5209 ἐν-

420 5247 613 5302 τεῦθεν
647 5249 1057 5321 καταφρονήσῃ.
1109 5250 1209 5302 ’Ἂν
1253 5265 1312 5302 τε
1348 5249 1458 5320 γὰρ
1487 5249 1561 5321 μή
1603 5249 1823 5320 καιρίαν
1871 5247 1998 5319 δῷς,

421 5343 572 5398 οὐδὲν
597 5345 838 5418 εἰργάσω
879 5344 1058 5399 πλέον’
1091 5344 1158 5399 ἂν
1195 5345 1253 5398 δέ
1285 5343 1532 5417 σφοδρῶς
1579 5343 1822 5416 πλήξῃς,
1867 5343 2001 5396 ἀπο-

423 5436 716 5508 σκιρτῆσαι
759 5437 1042 5509 ἐποίησας.
1079 5437 1170 5491 Διὸ
1199 5437 1262 5508 δὴ
1296 5437 1389 5490 καί⁹
1433 5436 1571 5508 μετὰ
1601 5436 1777 5490 ταῦτα
1821 5435 1999 5489 πάντα

422 5529 666 5601 ἐλέγχειν
715 5530 928 5603 μέλλων
950 5574 963 5597 ,
1017 5529 1283 5602 ἀνάμιξον
1334 5529 1498 5584 πάλιν
1559 5529 1835 5598 ἐγκώμιον
1886 5530 2000 5589 τοῖς

421 5622 684 5694 ἐλέγχοιςο
709 5624 802 5678 καὶ
825 5622 1013 5694 ἐπειδὴ
1033 5622 1166 5676 αὐτὸ
1189 5621 1309 5675 καθ’
1332 5620 1493 5674 ἐαυτδ
1513 5619 1574 5673 τὸ
1596 5619 1916 5690 γιγνόμενον
1937 5618 1997 5670 ού

420 5713 644 5770 δύναται
663 5712 802 5772 εἰναι
828 5716 1101 5788 ἐγκώμιον
1125 5717 1206 5786 (ού
1231 5717 1341 5788 γάρ
1360 5715 1509 5780 ἄξιον
1529 5716 1750 5769 ἐπαίνου
1772 5717 1833 5768 τὸ
1860 5714 1996 5784 κόρῃ

426 5810 692 5865 συνοικεῖν
720 5809 1022 5882 παρθένῳ),
1051 5809 1156 5863 ἀπὸ
1182 5811 1280 5880 τῆς
1307 5808 1534 5880 γνώμης
1563 5806 1656 5861 τοῦ
1687 5806 1996 5862 συνοικοῦν-

1487 345 1552 400 IN
1594 346 1811 404 EPIST.
1854 345 1992 402 IAD
2031 341 2190 399 εοιι.
2233 341 2469 399 HOMIL.
2513 345 2689 402 XLIV.

2137 475 2230 522 τος
2257 458 2414 512 τοῦτο
2441 459 2698 532 ἐργάζου,
2730 463 2822 515 καὶ
2849 462 2992 531 εἰπέ,
3017 465 3100 522 ὅτι
3129 460 3260 521 Οἶδα
3291 468 3391 538 μὲν
3413 470 3494 523 ὅτι
3520 473 3605 526 διὰ
3619 475 3708 530 τὸν

2131 549 2267 604 Θεὸν
2297 550 2362 604 σὺ
2389 553 2584 617 ποιεῖς,
2612 553 2709 607 καὶ⁵
2733 553 2835 624 τὴν
2861 555 3097 627 ἐρημίαν
3123 559 3218 611 καὶ
3241 559 3304 612 τὺ
3337 561 3710 633 ἀπροστάτευ-

2126 654 2226 731 τον
2255 640 2355 711 τῆς
2388 641 2582 708 ἀθλίας
2616 645 2832 716 ἐκείνης
2865 645 2986 698 ἰδὼν
3018 650 3177 718 χεῖρα
3207 649 3439 721 ῶρεξας.
3479 654 3597 711 Κᾶν
3631 658 3708 731 μὴ

2127 727 2300 802 ταύτῃ
2329 733 2458 802 ποιῇ
2484 733 2552 802 τῇ
2577 732 2794 807 γνώμῃ,
2820 735 2884 788 σὺ
2907 734 3049 789 οὕτω
3078 737 3226 807 λέγε,
3261 740 3358 793 καὶ
3382 743 3522 812 μετά
3550 727 3708 798 τοῦτο

2128 820 2412 892 προστίθει
2451 824 2547 877 καὶ
2577 824 2786 893 ταῦτα,
2820 827 2983 882 πάλιν
3017 832 3351 901 παραιτήσει
3385 834 3704 905 χρώμενος,

2128 916 2224 970 καὶ
2269 915 2442 985 λέγων
2461 957 2477 981 ,
2504 918 2587 972 ὅτι
2616 919 2730 972 Οὐκ
2760 921 3088 986 ἐπιτάττων,
3127 924 3241 978 ἀλλ’
3269 926 3706 999 ὑπομιμνήσκων

2123 1007 2299 1062 ταῦτά
2324 1024 2498 1080 φημι⁸
2521 1010 2610 1064 διά
2629 1010 2720 1064 τὸν
2749 1011 2884 1069 Θεὸν
2912 1014 2975 1067 σὺ
3009 1017 3204 1082 ποιεῖς,
3238 1013 3354 1070 οἰδα
3381 1020 3554 1088 κάγώ·
3587 1022 3704 1075 ἀλλ’

2126 1096 2326 1170 ῖδωμεν
2373 1098 2449 1170 μὴ
2496 1100 2747 1170 τίκτηται
2792 1103 2857 1156 ἐκ
2902 1102 3094 1156 τούτου
3137 1104 3305 1158 κακὸν
3341 1106 3560 1180 ἕτερον·
3599 1108 3703 1164 κᾶν

2126 1191 2226 1261 μέν
2258 1192 2421 1264 μηδὲν
2450 1189 2508 1264 ᾖ,
2552 1193 2749 1264 κάτεχε
2778 1193 2948 1258 ἔνδον,
2979 1197 3073 1250 καὶ
3096 1196 3220 1267 ἔχου
3243 1198 3341 1268 τῆς
3367 1198 3539 1269 καλῆς
3569 1201 3702 1254 ταύ-

2122 1300 2222 1355 της
2259 1285 2516 1357 σπουδῆς,
2558 1287 2586 1339 ό
2611 1285 2834 1340 κωλύων
2869 1289 3047 1354 οὐδείς
3065 1305 3077 1317 ·
3105 1288 3171 1342 ἂν
3203 1289 3260 1342 δέ
3288 1289 3462 1360 βλάϐη
3491 1308 3576 1354 τις
3614 1293 3702 1346 ἐν·

2122 1375 2310 1430 τεῦθεν
2356 1376 2576 1450 γίνηται
2618 1377 2714 1431 τοῦ
2759 1379 2987 1451 κέρδους
3040 1380 3261 1452 μείζων,
3311 1381 3699 1454 φυλαξώμεθα,

2122 1468 2456 1540 παρακαλῶ,
2498 1469 2573 1541 μὴ
2609 1469 2931 1534 σπεύδοντες
2977 1470 3109 1541 μίαν
3147 1471 3457 1526 ἀναπαῦσαι
3483 1471 3699 1542 ψυχὴν,

2123 1555 2322 1628 μυρίας
2348 1558 2814 1630 σκανδαλίσωμεν.
2852 1559 2964 1613 Καὶ
2997 1559 3073 1632 μὴ
3116 1561 3363 1633 προσθῇς
3399 1562 3600 1627 εὐθέως
3631 1562 3702 1617 τὰ

2118 1650 2343 1721 κείμενα
2359 1653 2471 1714 τοῖς
2491 1651 2901 1716 σκανδαλίζουσι
2941 1653 3296 1724 κολαστήρια,
3327 1654 3463 1708 ἀλλά
3481 1654 3577 1726 τὴν
3597 1655 3700 1710 αύ-

2115 1741 2210 1796 τοῦ
2237 1742 2621 1814 προσλάμϐανε
2644 1745 2984 1815 μαρτυρίαν,
3006 1745 3213 1815 λέγων·
3241 1747 3314 1801 Ού
3343 1743 3489 1820 [414]
3509 1746 3698 1818 χρείαν

2116 1834 2262 1905 ἔχεις
2299 1834 2490 1906 μαθεῖν
2527 1835 2704 1892 ταῦτα
2735 1839 2866 1907 παρ’
2915 1836 3078 1907 ἐμοῦ,
3109 1834 3258 1902 οἰδας
3299 1821 3394 1892 καὶ
3423 1838 3585 1902 αὐτὸς
3612 1838 3696 1892 ὅτι

2115 1926 2212 1979 ἐάν
2247 1943 2334 1990 τις
2373 1927 2469 1981 ἕνα
2505 1927 2616 1980 τῶν
2663 1928 2880 1998 μικρῶν
2911 1927 3117 1984 τούτων
3166 1928 3516 1999 σκανδαλίσῃ,
3553 1929 3695 1999 πόση

2116 2019 2408 2092 ήπείληται
2449 2021 2607 2090 δίκηο
2642 2021 2738 2076 καὶ
2775 2021 2949 2086 οὓτως
2984 2021 3186 2093 ήδύνας
3225 2019 3320 2072 τὸν
3370 2019 3556 2088 λόγον,
3600 2019 3696 2073 καὶ

2113 2112 2308 2176 λεάνας
2330 2112 2428 2184 τὴν
2455 2113 2647 2185 ὀργήν,
2672 2114 2906 2168 ἐπιτίθει
2937 2113 2998 2167 τὸ
3025 2113 3316 2184 φάρμακον
3343 2111 3444 2182 τῆς
3468 2109 3694 2180 διορθώο

2115 2224 2273 2271 σεως.
2308 2208 2371 2260 Εἰ
2399 2208 2456 2261 δέ
2485 2208 2876 2279 προφασίζοιτο
2907 2207 3072 2263 πάλιν
3099 2206 3199 2278 τὴν
3228 2206 3466 2277 ἐρημίαν
3497 2206 3690 2274 αὐτῆς.

2115 2298 2252 2369 μηδέ
2276 2297 2450 2363 οῦτως
2477 2299 2706 2372 ἐλέγξῃς
2737 2299 2838 2370 τὴν
2869 2298 3090 2370 σκῆψιν,
3129 2297 3248 2353 ἀλλ’
3283 2297 3404 2350 εἰπὲ
3429 2296 3565 2368 πρὸς
3592 2296 3691 2350 αὑ-

2110 2390 2236 2446 τόν·
2285 2391 2469 2461 Μηδέν
2529 2409 2588 2446 σε
2645 2391 2853 2446 τούτων
2900 2391 3156 2460 φοϐείτω,
3201 2389 3497 2458 ἀπολογίαν
3549 2387 3691 2454 ἔξεις

2110 2479 2412 2553 ἀρκοῦσαν,
2451 2485 2514 2538 τὸ
2544 2484 2748 2554 ἐτέρων
2788 2484 3118 2538 σκάνδαλον⁸
3166 2484 3227 2538 ού
3262 2479 3370 2554 γάρ
3397 2482 3485 2536 διά
3520 2481 3689 2553 ῥᾳθυ-

2113 2576 2264 2646 μίαν,
2289 2575 2406 2635 ἀλλ’
2445 2577 2673 2632 ἐκείνων
2698 2577 3030 2649 κηδόμενος,
3066 2576 3274 2648 ταύτης
3307 2575 3550 2647 ἀπέστης
3588 2573 3687 2642 τῆς

2111 2669 2372 2742 σπουδῆς.

2182 2855 2242 2902 ε”
2280 2849 2391 2903 Καὶ
2408 2847 2478 2901 τὰ
2497 2848 2597 2919 μέν
2613 2855 2712 2922 τῆς
2729 2849 3041 2922 συμϐουλῆς
3070 2850 3211 2904 ἔστω
3242 2850 3300 2902 ἐν
3324 2848 3513 2919 βραχεῖ
3531 2862 3542 2875 ·
3566 2845 3687 2899 ούδέ

2107 2942 2214 3014 γάρ
2238 2942 2410 2996 δεῖται
2435 2943 2790 3006 διδασκαλίας
2826 2943 3060 3014 πολλῆς’
3103 2943 3172 2998 τά
3209 2943 3268 2997 δέ
3300 2944 3401 3014 τῆς
3439 2939 3687 3010 συγγνώ..

2111 3051 2218 3105 μης
2252 3034 2415 3090 πάλιν
2439 3034 2612 3090 πολλά
2637 3035 2732 3089 καὶ
2757 3034 3069 3104 ἐπάλληλα·
3096 3035 3193 3089 καὶ
3225 3033 3318 3086 ἐπὶ
3341 3033 3441 3105 τὴν
3467 3033 3688 3102 ἀγάπην

2109 3125 2421 3195 κατάφευγε
2451 3125 2716 3198 συνεχῶς,
2745 3127 3056 3192 συσκιάζων
3083 3127 3146 3180 τὸ
3186 3126 3442 3198 φορτικὸν
3474 3125 3582 3178 τῶν
3612 3127 3688 3178 εί-

2111 3217 2384 3288 ρημένων,
2421 3217 2516 3271 καὶ
2549 3217 2646 3290 τὴν
2672 3216 2919 3283 ἐξουσίαν
2953 3217 3104 3288 αύτῷ
3133 3217 3330 3280 διδοὺς,
3368 3215 3462 3269 καλ¹
3489 3215 3685 3282 λέγων,

2106 3309 2187 3363 ὅτι
2234 3307 2374 3377 Ἐγὼ
2419 3309 2517 3380 μὲν
2560 3308 2734 3363 ταῦτα
2778 3309 3031 3382 παραινῶ
3062 3309 3158 3365 καὶ
3188 3307 3560 3380 συμϐουλεύω,
3589 3306 3684 3360 τοῦ

2103 3399 2163 3453 δὲ
2195 3399 2481 3469 πεισθῆναι
2514 3400 2703 3473 κύριος
2731 3400 2896 3465 αὐτός
2919 3417 2933 3430 ο
2979 3401 3100 3455 ούδέ
3137 3401 3247 3472 γὰρ
3285 3398 3690 3468 καταναγκάζω

2106 3491 2201 3545 καὶ
2237 3490 2516 3563 βιάζομαι,
2545 3492 2683 3546 ἀλλά
2710 3495 2776 3565 τῇ
2805 3493 2984 3564 οἰκείᾳ
3015 3509 3108 3546 σου
3154 3492 3218 3546 τὸ
3255 3493 3364 3546 πᾶν
3407 3489 3689 3559 ἐπιτρέπω

2106 3582 2319 3655 γνώμῃ.
2344 3584 2442 3636 Ἂν
2469 3583 2612 3638 οὕτω
2638 3583 3110 3656 μεταχειρίζωμεν
3137 3585 3230 3638 τὸν
3254 3583 3496 3655 ἔλεγχον,
3525 3582 3687 3652 δυνη-

2108 3674 2315 3745 σόμεθα
2336 3675 2536 3747 ῥαδίως
2560 3677 2688 3740 τοὺς
2715 3677 3127 3749 ἁμαρτάνοντας
3153 3677 3400 3747 διορθοῦν
3417 3691 3428 3704 ’
3460 3674 3535 3739 ὡς
3562 3673 3598 3728 ἀ
3623 3692 3685 3743 γε

2104 3765 2200 3818 νῦν
2230 3766 2511 3837 ποιοῦμεν,
2542 3768 2747 3838 θηρίων
2782 3769 2980 3839 μᾶλλόν
3013 3773 3130 3823 ἐστι
3153 3771 3248 3822 καὶ
3269 3769 3504 3839 ἀλόγων,
3536 3769 3685 3840 ῆάν-

2106 3853 2362 3925 θρώπων.
2401 3858 2499 3910 ’Ἂν
2530 3858 2640 3928 γάρ
2669 3857 2965 3912 αἴσθωνται
2994 3876 3141 3923 τινες
3171 3860 3268 3913 νῦν
3291 3860 3516 3914 τοιαῦτά
3539 3876 3685 3922 τινος

2105 3947 2535 4016 ἁμαρτάνοντος,
2576 3948 2771 4020 ἐκείνῳ
2808 3950 2908 4019 μὲν
2945 3950 3098 4003 οὐδὲν
3126 3951 3490 4019 διαλέγονται,
3529 3951 3686 4004 αὐτοὶ

2103 4037 2160 4090 δέ
2179 4038 2432 4112 καθάπερ
2463 4040 2682 4113 γραῒδια
2710 4039 2976 4112 μεθύοντα
3003 4039 3348 4112 ψιθυρίζουσι
3378 4042 3495 4111 μετ’
3517 4041 3574 4094 ἀ)
3586 4041 3685 4110 λή-

2104 4131 2245 4184 λωνο
2273 4133 2368 4186 καὶ
2413 4133 2652 4205 οὐδαμοῦ
2693 4134 2770 4200 τὸ,
2823 4135 2956 4205 Εἰκῆ
2987 4134 3166 4204 φιλοῦ,
3210 4135 3333 4206 εἰκῆ
3391 4135 3466 4206 μὴ
3499 4131 3681 4204 μισοῦ,

2105 4223 2342 4281 ἐνταῦθα
2360 4225 2508 4281 δοκεῖ
2523 4225 2706 4300 χώραν
2723 4227 2866 4298 ἔχειν
2881 4229 3084 4292 αὐτοῖς,
3111 4227 3225 4281 ἀλλ’
3252 4227 3381 4280 ὅταν
3414 4227 3512 4297 μὲν
3542 4241 3681 4278 κακ-

2104 4316 2380 4388 ηγορῆσαι
2454 4317 2802 4390 ἐπιθυμῶσι,
2858 4319 3261 4392 καταφρονοῦσι
3299 4317 3394 4372 τοῦ
3445 4319 3517 4389 μὴ
3559 4317 3682 4387 εἰκῆ

2108 4409 2412 4482 μισεῖσθαι,
2447 4410 2648 4481 μᾶλλον
2681 4411 2740 4466 δὲ
2768 4413 2862 4466 καὶ
2903 4413 2998 4466 τοῦ
3039 4411 3363 4477 κολάζεσθαι
3395 4410 3535 4481 (οὐδὲ
3573 4409 3684 4479 γάρ

2107 4507 2262 4575 μῖσος
2291 4501 2540 4557 ἐντεῦθεν
2576 4503 2760 4574 μόνον,
2806 4503 2946 4557 ἀλλά
2979 4506 3073 4558 καὶ
3105 4486 3328 4567 κόλασις
3371 4502 3637 4569 τίκτεται)
3663 4517 3678 4530 ⁸

2103 4598 2232 4651 ὃταν
2257 4596 2314 4650 δὲ
2339 4596 2676 4668 διορθώσεως
2705 4596 2820 4668 δέῃ,
2853 4596 3011 4650 τοῦτό
3061 4614 3122 4650 τε
3167 4596 3298 4650 αὐτὸ
3342 4595 3437 4648 καὶ
3479 4593 3680 4665 μυρίας

2103 4689 2295 4761 ἐτέρας
2332 4689 2666 4761 προφέρουσι
2711 4687 3032 4762 προφάσεις.
3073 4687 3262 4742 Ταῦτα
3287 4688 3396 4756 γάρ
3427 4688 3550 4740 τότε
3595 4687 3681 4739 ἐν-

2103 4783 2466 4854 νοεῖν.ἐχρῆν,
2510 4783 2639 4836 ὅταν
2686 4786 3029 4854 κακηγορῇς,
3069 4784 3196 4836 ὃταν
3243 4780 3558 4851 διαϐάλλῃς,
3595 4778 3680 4847 τὸ,

2104 4878 2238 4949 Είκῆ
2269 4878 2343 4948 μὴ
2384 4876 2568 4948 μισοῦ,
2606 4877 2701 4930 καὶ
2733 4877 2812 4942 τὸ,
2842 4876 3007 4930 Οὐδὲν
3039 4874 3189 4929 ἀνύω
3210 4916 3225 4940 ,
3265 4875 3360 4928 καὶ
3390 4873 3474 4938 τὸ,
3514 4872 3682 4927 Οὐδέν

2105 4986 2196 5038 μοι
2219 4969 2391 5038 μέλει.
2410 4967 2524 5020 Νῦν
2543 4967 2618 5034 δέ,
2648 4968 2769 5020 τότε
2805 4967 2906 5036 μὲν
2933 4967 3408 5037 πολυπραγμονεῖς
3435 4963 3680 5036 σφοδρῶς

2103 5062 2195 5112 καὶ
2226 5061 2554 5131 περιέργως,
2585 5059 2681 5113 καὶ
2718 5061 2910 5130 μίσους
2951 5062 3316 5131 καταφρονεῖς
3345 5059 3441 5113 καὶ
3468 5058 3676 5130 μυρίων

2101 5153 2320 5206 κακῶνο
2366 5154 2493 5206 ὅταν
2550 5151 2605 5205 δέ
2646 5152 2789 5223 ὑπὲρ
2840 5152 2938 5223 τῆς
2985 5151 3256 5223 σωτηρίας
3304 5151 3398 5205 τοῦ
3447 5148 3678 5219 ἀδελφοῦ

2101 5243 2408 5314 φροντίζειν
2449 5243 2563 5316 δέῃ,
2595 5244 2717 5297 τότε
2747 5245 2840 5298 καὶ
2879 5245 3188 5317 ἀπράγμων
3226 5243 3320 5297 καὶ
3363 5239 3678 5310 ἀνεπαχθὴς

2098 5356 2181 5400 τις
2213 5333 2352 5390 εἶναι
2383 5336 2590 5406 βούλειθ
2623 5338 2800 5392 καίτοι
2837 5338 2944 5391 ἀπὸ
2981 5338 3078 5408 μὲν
3119 5324 3457 5407 κακῆγορίας
3487 5333 3583 5385 καὶ
3614 5333 3676 5385 τὸ

2101 5429 2237 5498 πρὸς
2262 5426 2582 5502 ἀνθρώπους
2604 5431 2698 5483 καὶ
2721 5430 2782 5482 τὸ
2817 5431 2951 5500 πρὸς
2973 5430 3064 5482 τὸν
3090 5428 3223 5480 Θεὸν
3253 5427 3464 5496 γίνεται
3499 5427 3675 5496 μῖσος,

2097 5522 2193 5574 καὶ
2215 5520 2276 5573 οὐ
2303 5520 2508 5590 σφόδρα
2529 5537 2611 5572 σοι
2633 5519 2790 5572 τοῦτο
2821 5520 2974 5590 μέλει
2993 5537 3007 5550 ο
3039 5521 3148 5574 ἀπὸ
3174 5520 3230 5572 δέ
3255 5519 3354 5589 τῆς
3383 5518 3505 5571 κατ’
3542 5517 3678 5571 ἰδίαν

2101 5613 2411 5684 συμϐουλῆς
2447 5611 2541 5664 καὶ
2569 5611 2677 5664 τῶν
2705 5611 2962 5664 τοιούτων
2989 5612 3226 5682 ἐλέγχων
3254 5613 3348 5666 καὶ
3383 5610 3519 5683 πρὸς
3546 5610 3676 5664 τοῦ·

2096 5723 2188 5759 τον
2219 5706 2312 5758 καί⁵
2357 5703 2496 5774 πρὸς
2534 5703 2627 5756 τὸν
2652 5702 2782 5758 Θεὸν
2813 5702 2964 5756 ἔσται
2999 5721 3081 5757 σοι
3113 5704 3286 5773 φιλία.
3341 5705 3437 5756 Ἂν
3486 5701 3541 5755 δὲ
3581 5701 3677 5756 καὶ

2098 5797 2262 5861 αὐτὸς
2292 5797 2445 5867 μισῇ,
2487 5797 2514 5850 ὁ
2550 5796 2682 5860 Θεὸς
2722 5795 2870 5868 μένει
2922 5795 3006 5851 διὰ
3044 5795 3200 5851 τοῦτο
3237 5795 3437 5868 μᾶλλον
3468 5793 3671 5866 φιλῶν·
