4138 6220
449 312 547 368 581

450 429 652 500 μᾶλλον
675 427 733 484 δέ
771 429 893 484 ούδέ
931 427 1076 482 οὓτω
1109 432 1351 500 μισήσει,
1381 431 1456 494 ὡς
1486 431 1648 502 ἡνίκα
1680 431 1859 503 ἐμίσει
1886 448 2023 485 κακ-

445 517 782 591 ηγοροῦντα·
815 519 951 573 ἀλλά
999 520 1116 572 τότε
1156 521 1254 590 μὲν
1287 522 1363 585 ὡς
1397 522 1589 593 ἐχθρὸν
1637 525 1731 578 καὶ
1768 524 2028 595 πολέμιον

446 611 971 683 ἀποστραφήσεται,
1009 612 1125 665 νυνὶ
1159 612 1216 666 δὲ
1258 614 1466 685 πατρὸς
1510 616 1780 687 ἡγήσεται
1829 615 2028 678 παντὸς

448 703 890 774 αἰδεσιμώτερον.
921 703 1039 756 Κᾶν
1065 703 1316 776 φανερῶς
1347 707 1698 778 δυσχεραίνῃ,
1729 706 1873 762 κατὰ
1902 707 2028 763 νοῦν

447 796 544 849 καὶ
580 795 686 864 ίδίᾳ
722 794 921 857 πολλὰς
949 793 1155 848 εἴσεταί
1187 815 1268 850 σοι
1298 799 1396 862 τὰς
1422 799 1672 870 χάριτας.

520 893 595 950 ς’.
623 885 809 940 Ταῦτα
843 882 936 941 οὖν
988 889 1314 955 ἐννοοῦντες,
1345 892 1739 964 ἐπιμελώμεθα
1778 892 1888 947 τῶν
1935 911 2031 965 με-

448 974 556 1026 λῶν
570 975 678 1032 τῶν
694 979 798 1049 ήμε
809 979 863 1032 τέ
873 997 1001 1050 ρων,
1024 982 1118 1035 καὶ
1152 982 1228 1053 μὴ
1247 985 1367 1036 κατ’
1397 984 1642 1056 ἀλλήλων
1663 986 1762 1057 τὴν
1784 986 2029 1055 γλῶτταν

448 1068 753 1140 ἀκονῶμεν,
800 1072 936 1142 μηδέ
983 1074 1235 1146 λαλῶμεν
1291 1078 1509 1147 ῥήματα
1562 1079 2027 1150 καταποντισμοῦ,

448 1158 547 1229 τὴν
572 1160 729 1226 δόξαν
753 1163 845 1217 τοῦ
868 1165 1096 1235 πλησίον
1125 1167 1537 1238 ύπορύττοντες,
1571 1171 1665 1223 καὶ
1697 1171 1948 1242 καθάπερ
1971 1172 2029 1224 ὲν

451 1248 602 1323 [415]
631 1253 853 1326 πολέμῳ
876 1256 972 1309 καὶ
998 1257 1148 1329 μάχῃ
1171 1257 1458 1328 βάλλοντες
1489 1262 1581 1313 καὶ
1606 1260 1942 1332 βαλλόμενοι.
1965 1261 2031 1316 Τί

449 1343 560 1411 7&9
581 1344 770 1412 όφελος
792 1348 1044 1418 νηστείας
1065 1349 1097 1420 ἢ
1117 1350 1422 1422 ἀγρυπνίας
1442 1350 1646 1416 λοιπὸν,
1668 1353 1793 1406 ὅταν
1817 1353 2030 1422 γλῶττα

455 1432 650 1504 μεθύῃ,
700 1436 796 1487 καὶ
844 1437 1075 1490 κυνείων
1120 1437 1299 1509 κρεῶν
1334 1439 1779 1512 ἀκαθαρτοτέραν
1809 1444 2030 1514 σιτῆτα-

451 1522 752 1593 τράπεζαν,
797 1525 1092 1596 αἱμοϐὀρος
1120 1526 1413 1596 γενομένη,
1442 1528 1536 1581 καὶ
1568 1529 1875 1599 προχέουσα
1911 1528 2035 1601 βόρ-

451 1611 633 1684 ϐορον,
668 1614 761 1667 zcal
798 1614 1021 1686 ἀμάρας
1047 1616 1234 1686 ὀχετὸν
1261 1616 1322 1669 τὸ
1353 1616 1527 1687 στόμα
1554 1621 1708 1688 ποιῇ,
1745 1617 1945 1688 μᾶλλον
1972 1618 2029 1673 δὲ

451 1706 546 1759 καὶ
573 1705 706 1758 πολὺ
733 1705 938 1780 ταύτης
965 1707 1395 1780 βδελυρώτερον;
1439 1710 1512 1764 Τὸ
1541 1710 1642 1782 μὲν
1670 1711 1778 1782 7&9
1822 1713 2031 1766 ἐκεῖθεν

451 1798 659 1870 προϊὸν,
697 1800 855 1870 σῶμα
900 1801 1158 1870 ἐμόλυνεο
1196 1801 1257 1854 τὸ
1298 1802 1354 1855 δὲ
1394 1801 1665 1869 ἐντεῦθεν,
1692 1803 1871 1876 ψυχὴν
1904 1805 2033 1860 πολ-

450 1890 609 1956 λάκις
630 1892 912 1960 ἀπέπνιξε.
941 1895 1126 1949 Ταῦτα
1155 1896 1217 1949 ού
1241 1896 1349 1951 τῶν
1380 1898 1566 1962 κακῶς
1588 1899 1901 1956 ἀκουόντων
1930 1903 2032 1973 μά-

452 1999 551 2054 την
583 1983 886 2056 κηδόμενος
921 1985 1067 2054 λέγω
1121 1988 1344 2059 (ἐκεῖνοι
1377 1991 1484 2062 γὰρ
1513 1991 1610 2044 καὶ
1645 1993 1925 2062 στεφάνων
1951 1995 2032 2048 εί-

451 2076 537 2130 σὶν
594 2075 754 2143 ἄξιοι,
826 2078 956 2132 ὅταν
1017 2080 1224 2150 φέρωσι
1275 2083 1541 2150 γενναίως
1590 2086 1659 2139 τὰ
1715 2085 2027 2158 λεγόμενα),

450 2165 566 2218 ἀλλ’
625 2165 783 2236 ὑμῶν
852 2168 962 2222 τῶν
1032 2169 1320 2240 λεγόντων.
1392 2173 1497 2226 Τὸν
1546 2174 1644 2244 μὲν
1686 2177 1796 2246 γὰρ
1844 2177 2030 2241 κακῶς

451 2257 716 2313 ἀκούοντα
745 2263 922 2334 μάτην
947 2264 1343 2335 μακαρίζουσιν
1368 2267 1425 2319 al
1469 2267 1702 2338 I‘9a<9al,
1730 2270 1821 2324 τὸν
1843 2271 1900 2324 δέ
1930 2289 2030 2325 κα-

452 2350 564 2416 κῶς
616 2352 843 2422 λέγοντα
909 2356 1231 2412 ἐκϐάλλουσι
1308 2360 1416 2412 τῶν
1474 2361 1635 2433 ιερῶν
1693 2364 2027 2436 μυστηρίων,

453 2444 655 2516 μᾶλλον
702 2445 758 2499 δὲ
787 2447 882 2500 zeal
913 2448 1094 2502 αὐτῶν
1124 2449 1234 2503 τῶν
1277 2450 1583 2519 περιϐόλων
1601 2469 1615 2482 ·
1652 2438 1765 2508 Τὸν
1793 2455 1902 2527 γὰρ
1930 2474 2032 2510 κα-

449 2537 853 2599 ταλαλοῦντα.
919 2542 1075 2613 φησι,
1122 2541 1316 2610 λάθρα
1356 2544 1463 2599 τοῦ
1513 2546 1782 2614 πλησίον
1820 2550 2028 2615 αὐτοῦ,

449 2628 668 2684 τοῦτον
701 2629 1023 2696 ἐξεδίωκον
1044 2648 1058 2662 ·
1095 2634 1190 2687 καὶ
1229 2634 1331 2704 τῆς
1377 2634 1485 2690 τῶν
1530 2637 1690 2708 ἱερῶν
1731 2638 1788 2692 δὲ
1833 2638 2031 2710 βίϐλων

447 2721 542 2775 τὸν
569 2721 812 2776 τοιοῦτον
845 2723 1062 2788 ἀνάξιον
1095 2721 1234 2780 εἶναί
1285 2744 1448 2799 φησιν
1480 2729 1859 2799 ἀναγνώσεως.
1905 2733 2030 2787 Ἵνα

449 2812 511 2866 τι
536 2812 665 2882 7&9,
703 2814 891 2884 φησὶν,
944 2815 1195 2886 ἐκδιηγῇ
1226 2817 1308 2871 σὺ
1357 2819 1430 2873 τὰ
1481 2819 1842 2891 δικαιώματὰ
1885 2840 2026 2894 μου,

449 2908 549 2960 καὶ
579 2904 1020 2976 ἀναλαμϐάνει(
1051 2908 1166 2977 τὴν
1197 2909 1493 2980 διαθήκην
1528 2931 1646 2982 μου
1679 2914 1776 2969 διὰ
1803 2917 2028 2986 στόμα-

449 2996 554 3063 τός
583 3013 742 3063 σου;
779 2995 898 3054 εἶτα
931 3001 1032 3071 τὴν
1061 3001 1242 3057 αίτίαν
1274 3003 1445 3068 τιθείς
1475 3022 1608 3075 φησι
1633 3023 1648 3038 ο
1681 3008 2028 3078 Καθήμενος

449 3091 601 3145 κατὰ
627 3091 733 3146 τοῦ
773 3093 1042 3164 ἀδελφοῦ
1078 3110 1196 3150 σου
1237 3095 1608 3164 κατελάιεις.
1643 3100 1754 3154 Kal
1796 3101 2029 3156 ἐνταῦθα

453 3182 553 3256 μὲν
581 3184 641 3238 ού
662 3184 931 3259 διώρισεν,
967 3187 1076 3241 εἴτε
1117 3187 1313 3258 ἀληθῆ,
1341 3191 1447 3243 εῖτε
1481 3189 1682 3263 ψευδῆ·
1710 3193 1944 3266 ἀλλαχοῦ
1971 3194 2029 3250 δὲ

449 3275 547 3330 zcal
572 3278 730 3332 τοῦτο
760 3280 1129 3352 ἀπηγόρευσε,
1153 3283 1367 3348 δεικνὺς
1390 3286 1472 3339 ὅτι
1504 3285 1607 3340 κᾶν
1636 3287 1808 3359 ἀληθῆ
1840 3288 2029 3360 λέγῃς,

448 3369 511 3422 ού
544 3371 629 3424 col
655 3371 828 3427 ταῦτα
849 3374 1040 3445 ῥητέα.
1073 3375 1169 3444 Μὴ
1200 3377 1431 3445 κρίνετε
1453 3378 1580 3449 γάρ,
1612 3379 1796 3450 φησὶν,
1819 3381 1919 3434 ἵνα
1943 3379 2029 3451 μὴ

450 3463 724 3534 κριθῆτε’
752 3467 878 3520 ἐπεὶ
927 3467 1021 3521 καὶ
1049 3470 1078 3522 ό
1121 3467 1212 3522 τὸν
1249 3469 1486 3540 τελώνην
1537 3471 1865 3543 κακηγορῶν
1898 3491 2031 3526 κατ⁴

450 3557 756 3625 εδικάζετο,
797 3561 974 3614 καίτοι
1003 3579 1067 3632 γε
1113 3562 1286 3634 ἀληθῆ
1323 3563 1648 3634 κατηγορῶν
1679 3564 1914 3619 ἐκείνου.
1966 3565 2032 3618 Τί

451 3644 566 3711 οὖν,
604 3649 670 3704 ἂν
767 3668 851 3716 τις
889 3651 1095 3724 θρασὺς
1123 3655 1218 3708 καὶ
1253 3656 1469 3727 μιαρὸς,
1502 3657 1687 3727 φησιν,
1721 3657 1782 3711 οὐ
1807 3657 2032 3730 διορθω-

449 3740 572 3794 τέον
608 3741 791 3807 αὑτὸν,
844 3743 965 3796 οὐδὲ
1028 3745 1312 3815 ἐλεγκτέον
1356 3748 1518 3818 ήμῖνς
1577 3747 1890 3817 Ἐλεγκτέον
1936 3750 2032 3803 καὶ

449 3831 788 3903 διορθωτέον,
843 3834 986 3890 οὕτω
1024 3837 1081 3891 δέ
1110 3838 1187 3903 ώς
1232 3839 1542 3911 ἔμπροσθεν
1591 3836 1780 3896 εἷπον·
1830 3842 1924 3896 ἐὰν
1970 3842 2028 3896 δὲ

449 3921 725 3988 ὀνειδίζων
755 3925 912 3980 τοῦτο
938 3932 1119 4001 ποιῇς,
1148 3931 1251 4002 δρα
1277 3931 1350 4003 μὴ
1383 3933 1474 3986 τὸν
1500 3935 1794 4004 Φαρισαῖον
1817 3934 2025 3988 ἐκεῖνον

453 4016 810 4086 μιμούμενος,
841 4019 908 4072 τά
935 4021 1145 4075 ἐκείνου
1192 4021 1390 4095 πάθῃς.
1439 4023 1602 4077 Ούδέν
1635 4024 1745 4096 γὰρ
1776 4024 2025 4079 ἐντεῦθεν

1179 316 1235 372 S.
1273 316 1559 374 JOANNIS
1596 315 2080 374 CBRYSOSTOMI
2119 317 2437 375 ARCIIFEP.
2475 317 3021 377 CONSTANTINOP.

3597 317 3704 375 382

2083 475 2088 481 .
2130 432 2337 502 γίνεται
2378 433 2587 505 κέρδος,
2625 434 2686 487 οὐ
2736 433 2822 487 σοὶ
2857 432 2937 504 τῷ
2979 430 3214 502 λέγοντι,
3245 429 3344 486 οὒκ
3385 430 3580 505 ἐκείνῳ
3621 433 3703 505 τῷ

2133 523 2384 578 ἀκούοντι
2413 522 2555 577 οὕτω
2578 524 3040 595 κατηγορουμὼῳ
3058 538 3073 553 ⁸
3101 522 3216 577 ἀλλ’
3235 523 3265 576 ό
3286 523 3385 594 μὲν
3413 524 3701 594 ἀναισχυν-

2127 616 2346 687 τότερος
2368 614 2579 683 γίνεται
2605 614 2730 684 (ἕως
2759 615 2860 685 μὲν
2882 613 2992 684 γὰρ
3023 612 3293 678 λανθάνει,
3322 617 3416 668 καὶ
3439 613 3700 668 αἰδεῖσθαι

2129 703 2269 761 οῐδεν
2293 723 2308 738 ·
2346 706 2566 760 ἐπειδάν
2585 706 2642 760 δὲ
2663 707 2890 778 γένηται
2917 705 3074 776 δῆλος
3118 707 3213 760 καὶ
3243 706 3578 778 καταφανὴς,
3609 707 3703 762 καὶ

2128 799 2222 854 τὸν
2250 799 2502 853 ἐντεῦθεν
2537 797 2789 853 ἐκϐάλλει
2819 797 3058 871 χαλινόν)
3084 815 3096 829 ·
3130 799 3160 852 ὁ
3183 798 3242 852 δέ
3278 797 3511 861 ἁκούων,
3539 798 3700 855 πάλιν

2134 892 2398 965 μειζόνως
2431 892 2778 963 βλαϐήσεται.
2814 892 2916 945 Ἀν
2939 907 2997 943 τε
3024 889 3131 961 γὰρ
3153 888 3548 961 κατορθώματα
3575 905 3700 943 συν-

2134 987 2217 1058 ίδῃ
2247 985 2446 1054 ἐαυτῷ,
2483 985 2720 1053 φυσᾶται
2748 985 2869 1047 ταῖς
2900 981 3087 1054 ἐτέρου
3131 981 3482 1053 κατηγορίαις
3506 980 3701 1050 όγκού-

2134 1095 2292 1150 μενος
2317 1093 2330 1105 °
2363 1076 2428 1131 ἀν
2453 1093 2511 1128 τε
2554 1074 2944 1146 ἁμαρτήματα,
2979 1073 3382 1142 προθυμότερος
3416 1073 3495 1136 είς
3540 1089 3703 1143 πονη-

2133 1163 2255 1236 ρίαν
2281 1163 2623 1218 καθίσταται.
2657 1162 2829 1224 Αὐτός
2867 1178 2928 1214 τε
2963 1163 2992 1216 ό
3035 1160 3208 1230 λέγων
3236 1161 3397 1215 πάλιν
3423 1160 3521 1214 καὶ
3552 1161 3702 1234 παρά

2130 1262 2209 1334 τῷ
2254 1259 2504 1316 ἀκούοντι
2552 1257 2795 1331 πονηρὰν
2829 1257 3061 1330 λήψεται
3092 1257 3272 1324 δόξαν,
3313 1256 3406 1310 καὶ
3442 1257 3536 1311 τὸν
3571 1256 3704 1311 Θεὸν

2135 1354 2396 1428 μειζόνως
2441 1353 2562 1408 καθ’
2606 1351 2801 1407 ἐαυτοῦ
2861 1351 3175 1422 παροξυνεῖ.
3217 1350 3328 1415 Διὸ,
3379 1349 3699 1421 παρακαλῶ,

2133 1448 2241 1500 πᾶν
2284 1445 2518 1510 δυσῶδες
2561 1444 2884 1515 ἐκϐάλωμεν
2918 1443 3068 1513 ῥῆμα
3099 1458 3111 1470 ·
3144 1440 3199 1494 ετ
3231 1459 3286 1494 τι
3324 1439 3526 1510 ἀγαθὸν
3565 1441 3703 1512 πρὸς

2131 1538 2441 1608 οἰκοδομὴν,
2468 1535 2626 1590 τοῦτο
2663 1535 2931 1605 λέγωμεν.
2973 1533 3114 1586 Ἀλλ’
3148 1531 3459 1604 ἀμύνασθαι
3496 1532 3703 1588 ἐκεῖνον

2135 1630 2451 1700 ἐπιθυμεῖς;
2507 1630 2573 1681 Τί
2620 1624 2713 1682 οὖν
2741 1628 2855 1681 ἀντ’
2895 1625 3105 1680 ἐκείνου
3134 1624 3329 1680 σαυτὸν
3371 1623 3593 1696 ἀμύνῃς
3645 1624 3704 1680 Ὁ

2131 1720 2241 1793 7&9
2287 1722 2414 1784 τοὺς
2458 1719 2833 1791 λελυπηκότας
2878 1715 3189 1788 ἀμύνασθαι
3241 1713 3577 1778 σπουδάζων,
3610 1713 3703 1768 οῦ-

2130 1829 2238 1878 τως
2258 1813 2336 1874 ὡς
2359 1812 2388 1864 ὁ
2407 1811 2615 1875 Παῦλος
2638 1807 2950 1882 ἀμύνασθαι
2971 1807 3277 1870 ἐκέλευσεν,
3303 1805 3512 1878 ἀμύνου
3532 1822 3545 1836 ι
3571 1804 3705 1876 Ἐὰν

2131 1904 2308 1973 πεινᾷ
2331 1907 2364 1960 ό
2391 1904 2604 1974 ἐχθρός
2631 1919 2766 1967 σου,
2782 1899 3001 1970 ψώμιζε
3029 1901 3234 1955 αὐτόν·
3265 1899 3374 1955 ἐὰν
3403 1895 3573 1967 διψᾷ,
3595 1898 3703 1952 πό-

2130 1998 2245 2061 τιζε
2287 2000 2494 2053 αὐτόν.
2535 1997 2659 2051 Ἐὰν
2695 1996 2754 2050 δὲ
2791 1993 2950 2049 τοῦτο
3003 1995 3102 2066 μὲν
3154 1994 3229 2066 μὴ
3274 1994 3453 2064 ποιῇς,
3491 1989 3704 2044 ἐπιϐου-

2130 2089 2292 2162 λεύῃς
2316 2089 2372 2143 δέ
2409 2089 2589 2160 μόνον,
2618 2087 2761 2142 κατὰ
2783 2086 3012 2142 σεαυτοῦ
3041 2086 3103 2140 τὸ
3128 2084 3278 2154 ξίφος
3295 2081 3477 2144 ὠθεῖς.
3505 2079 3706 2149 Διόπερ

2131 2183 2199 2238 ἂν
2220 2183 2408 2246 κακῶς
2448 2183 2654 2244 ἐκεῖνος
2675 2180 2832 2252 λέγῃ,
2864 2178 3159 2251 ἐγκωμίοις
3178 2177 3342 2231 αὐτὸν
3360 2173 3588 2246 ἀμείϐου
3610 2172 3704 2226 καὶ

2129 2275 2400 2339 ἐπαίνοιςο
2428 2273 2570 2328 οὕτω
2603 2273 2710 2345 7&9
2740 2273 2991 2327 κάκεῖνον
3015 2271 3326 2343 ἀμύνασθαι
3353 2268 3580 2340 δυνήσῃ,
3610 2265 3706 2320 καὶ

2131 2367 2328 2422 σαυτὸν
2387 2365 2716 2430 ἀπαλλάξεις
2753 2365 2997 2435 πονηρᾶς
3055 2361 3309 2432 ὑποψίας.
3346 2359 3405 2413 Ὀ
3457 2358 3555 2424 μὲν
3595 2356 3703 2428 7&9

2129 2460 2222 2514 ἐπὶ
2259 2458 2336 2531 τῷ
2363 2456 2510 2532 [416]
2547 2457 2731 2522 κακῶς
2769 2455 2988 2511 ἀκούειν
3030 2452 3233 2523 ἀλγῶν,
3274 2450 3382 2506 ἀπὸ
3410 2447 3705 2514 συνειδότος

2128 2550 2276 2604 δοκεῖ
2311 2549 2469 2603 τοῦτο
2507 2547 2735 2618 πάσχειν
2785 2543 3026 2617 πονηροῦ
3058 2560 3074 2576 ο
3097 2544 3127 2596 ό
3163 2542 3220 2597 δὲ
3251 2539 3566 2610 καταγελῶν
3597 2535 3706 2592 τῶν

2130 2641 2463 2712 λεγομένων,
2511 2639 2768 2711 μέγιστον
2810 2636 3032 2709 ἐκφέρει
3071 2635 3368 2706 τεκμήριον
3408 2629 3502 2686 τοῦ
3540 2628 3706 2702 μηδὶν

2130 2729 2308 2801 ἐαυτῷ
2363 2728 2664 2783 συνειδέναι
2724 2727 2979 2799 πονηρόν.
3061 2725 3212 2780 Ἐπεὶ
3283 2719 3376 2778 οὖν
3441 2720 3566 2776 οὔτε
3615 2720 3709 2775 τὸν

2129 2823 2416 2888 ἀκούοντα,
2443 2821 2567 2877 οὕτε
2598 2821 2811 2886 ἑαυτὸν,
2833 2819 2956 2874 οὔτε
2985 2820 3074 2874 τὸν
3102 2817 3516 2889 διαϐαλλόμενον
3559 2815 3705 2884 ώφε-

2129 2917 2262 2980 λεῖς,
2291 2915 2387 2969 καὶ
2413 2913 2556 2972 κατά
2594 2913 2793 2968 σαυτοῦ
2831 2913 2893 2966 τὸ
2931 2911 3082 2982 ξίφος
3110 2911 3295 2974 ὠθεῖς,
3322 2908 3427 2963 κᾶν
3459 2905 3710 2960 ἐντεῦθεν

2128 3007 2287 3079 γενοῦ
2319 3004 2780 3080 σωφρονέστερος.
2824 3003 3022 3076 Ἐχρῆν
3067 3002 3168 3074 μὲν
3201 3000 3307 3072 γὰρ
3340 3001 3447 3055 ἀπὸ
3477 2999 3577 3069 τῆς
3609 2996 3707 3068 βα-

2133 3101 2337 3165 σιλείας
2364 3099 2472 3154 τῶν
2496 3097 2742 3171 οὐρανῶν
2770 3097 2866 3152 καὶ
2891 3096 2996 3151 τῶν
3017 3095 3094 3167 τῷ
3119 3093 3239 3165 Θεῷ
3263 3091 3563 3148 δοκούντων
3589 3088 3710 3143 πεί-

2133 3193 2355 3247 θεσθαι·
2387 3191 2578 3263 ἐπειδὴ
2608 3191 2666 3244 δὲ
2706 3189 3012 3261 παχύτερον
3051 3186 3346 3248 διάκεισαι,
3390 3181 3486 3237 καὶ
3517 3181 3709 3251 ὥσπερ

2131 3285 2322 3355 θηρίον
2346 3285 2582 3351 δάκνεις,
2626 3283 2731 3338 κάν
2783 3281 3033 3336 ἐντεῦθεν
3075 3276 3418 3348 παιδεύθητι,
3459 3275 3546 3329 ἵνα
3595 3274 3710 3337 τοῖς

2134 3379 2312 3447 λόγοις
2352 3377 2561 3441 τούτοις
2603 3373 3020 3447 σωφρονισθεὶς,
3056 3369 3298 3441 δυνηθῷς
3335 3368 3445 3422 ἀπὸ
3481 3365 3592 3420 τῶν
3629 3363 3711 3438 τῷ

2133 3473 2253 3542 Θεῷ
2295 3470 2593 3525 δοκούντων
2635 3468 2793 3540 μόνον
2850 3463 3225 3536 ρυθμίζεσθαι,
3283 3461 3379 3516 καὶ
3417 3459 3709 3530 γενόμενος

2136 3562 2334 3625 παντὸς
2383 3561 2588 3625 πάθους
2643 3558 2914 3628 ἁνώτερος
2961 3556 3236 3628 ἐπιτύχοις
3284 3551 3393 3606 τῶν
3437 3548 3708 3620 οὐρανίων

2132 3653 2352 3722 ἀγαθῶν
2373 3668 2388 3683 ο
2414 3645 2490 3706 ὧν
2513 3650 2724 3722 γένοιτο
2762 3649 2972 3711 πάντας
3000 3647 3148 3716 ἡμᾶς
3177 3642 3447 3711 ἐπιτυχεῖν
3466 3680 3482 3706 ,
3515 3637 3703 3709 χάριτι

2135 3747 2230 3802 καὶ
2263 3744 2640 3817 φιλανθρωπίᾳ
2661 3741 2754 3798 τοῦ
2792 3741 2999 3814 Κυρίου
3036 3738 3195 3811 ἡμῶν
3232 3733 3404 3806 Ἰησοῦ
3442 3727 3702 3804 Χριστοῦ,

2139 3840 2257 3913 μεθ’
2280 3833 2341 3894 οῦ
2361 3837 2440 3910 τῷ
2471 3837 2648 3909 Πατρὶ
2678 3837 2775 3890 σὺν
2803 3834 2882 3905 τῷ
2915 3833 3054 3904 ἁγίῳ
3076 3829 3354 3901 Πνεύματι
3385 3825 3534 3891 δόξα,
3565 3823 3705 3896 κράο

2133 3949 2246 3996 τος,
2290 3930 2446 4002 τιμὴ,
2483 3928 2578 3984 νῦν
2617 3929 2711 3984 καὶ
2737 3926 2845 3995 ἀεὶ,
2900 3929 2994 3982 καὶ
3039 3927 3119 3989 είς
3164 3923 3293 3987 τοὺς
3343 3919 3544 3991 αἰῶνας
3595 3915 3707 3971 τῶν

2132 4023 2363 4078 αἰώνων.
2402 4023 2460 4077 Ἀ
2472 4024 2597 4093 μήν.

454 4103 3698 4162 W

1187 4227 1417 4317 ΤΟΥ
1489 4229 1636 4319 ΕΝ
1707 4230 2076 4319 ΑΓΙΟΙΣ
2149 4233 2586 4320 ΠΑΤΡΟΣ
2662 4229 2989 4320 ΗΜΩΝ

1575 4395 2597 4576 ΙΩΑΝΝΟΥ

447 4655 1740 4782 ΑΡΧΙΕΠΙΣΚΟΠΟΥ
1896 4651 3704 4781 ΚΩΝΣΤΑΝΤΙΝΟΥΠΟΛΕΩΣ

1213 4865 1558 5003 ΤΟΥ
1632 4868 2918 5006 ΧΡΥΣΟΣΤΟΜΟΥ

909 5085 1318 5140 ΥΠΟΜΝΙΙΜΑ
1348 5088 1476 5143 ΕΙΣ
1513 5087 1661 5140 ΤΗΝ
1689 5087 1885 5140 ΠΡΟΣ
1921 5077 2366 5140 ΚΟΡΙΝΘΙΟΥΣ
2397 5084 2788 5140 ΔΕΥΤΕΡΑΝ
2819 5079 3264 5137 ΕΠΙΣΤΟΛΗΝ.

1929 5240 2174 5294 ΟΜῘΛΙΛ
2212 5239 2290 5295 A'.

450 5355 698 5434 ne?!“
734 5352 1106 5434 ἀπέστελλες.
1125 5347 1334 5434 ’.ζ-ησοῦ
1360 5350 1741 5434 Χρι-στρῦμδιᾲ
1767 5352 2034 5434 “lanea-

521 5421 787 5496 λήματος
813 5423 982 5496 Θεοῦ,
1012 5421 1111 5496 καί
1127 5423 1411 5496 Τιμόθεος
1436 5425 1470 5477 ὀ
1492 5421 1786 5496 ἀδελφὸςζ
1806 5422 1881 5496 τῇ
1899 5421 2038 5496 "13,5-

524 5491 750 5564 κλησίᾳ
772 5495 878 5550 τοῦ
909 5493 1056 5549 Θεοῦ
1079 5491 1151 5558 τῇ
1178 5491 1334 5562 οὔσῃ
1361 5495 1431 5564 ὲν
1459 5491 1740 5564 Κορίνθῳ,
1763 5493 1886 5546 σὺν
1911 5493 2037 5564 τοῖς

523 5561 897 5634 ἁγίοιςίπᾶσι
929 5567 1053 5632 τοῖς
1084 5565 1268 5624 οὖσιν
1296 5566 1366 5619 ἐν
1394 5563 1512 5631 ὅλη
1539 5562 1613 5630 τῇ
1657 5564 1887 5634 Ἀχαΐᾳ,-
1922 5561 2034 5628 χά·

515 5632 616 5704 ρις
643 5635 784 5702 ὑμῖν
811 5637 907 5690 καὶ
936 5637 1146 5705 εἰρήνη
1185 5635 1302 5690 ἀπὸ
1346 5633 1502 5690 Θεοῦ·
1523 5632 1750 5705 Πατρός
1779 5633 1874 5705 καὶ
1919 5635 2032 5705 Κυτ

517 5699 690 5774 μουῘ
717 5705 921 5770 Ἰησοῦ
970 5699 1250 5774 Χριστοῦ.
1284 5702 1624 5774 Εὐλογητὸς
1670 5704 1702 5754 ό
1755 5700 1896 5774 Θεὸς
1928 5699 2031 5774 καὶ

526 5771 729 5844 Πατὴρ
759 5775 863 5828 τοῦ
898 5771 1118 5842 Κυρίου
1140 5774 1308 5844 ἡμῶν
1342 5771 1536 5844 Ἰησοῦ
1548 5773 1836 5844 Χριστοῦ,
1863 5773 1895 5823 ό
1915 5772 2034 5844 [Tq-

527 5845 637 5915 τὴρ
664 5839 782 5902 τῶν
806 5839 1140 5914 οἰκτιρμῶν,
1166 5839 1269 5899 ’καὶ
1309 5842 1450 5910 Θεὸς
1479 5839 1682 5908 πάσης
1718 5839 2023 5912 παρακλή-

2204 5373 2375 5422 σεως.
2412 5359 2446 5409 ό
2486 5351 2853 5422 παρακαλῶν
2883 5352 3042 5423 ἡμᾶς
3068 5353 3140 5423 έν
3169 5349 3338 5418 πάσῃ
3384 5348 3459 5417 τῇ
3480 5349 3703 5423 Αθλίψςει

2204 5419 2391 5495 ἡμῶν.
2421 5428 2507 5491 εἰς
2541 5419 2606 5479 τῖὸ
2640 5419 2937 5495 δύνασθαι
2975 5421 3134 5493 ἡμᾶς
3162 5420 3536 5495 παρακαλεῖς
3564 5419 3704 5486 τοὺς

2201 5487 2270 5549 ἐν
2301 5496 2469 5574 πάσῃ
2486 5487 2719 5574 θλίψει,
2743 5494 2842 5574 διᾲ
2860 5493 2972 5574 τῆς
3000 5487 3459 5574 παρακληθσεως,
3489 5487 3565 5560 ἧς
3589 5505 3704 5544 πα·

2193 5560 2619 5635 ρακαλούμεθᾰ
2652 5565 2824 5620 αὐτοὶ
2849 5560 2970 5620 ὑπύ
3003 5560 3109 5617 τοῦ
3149 5560 3321 5618 Θεοῦ.

2199 5661 2267 5712 ἀ’.
2303 5657 2484 5724 Ἄξιον
2522 5657 2754 5727 ζητῆσαι
2777 5656 3059 5729 πρότερον,
3080 5656 3224 5720 τίνος
3244 5655 3432 5709 ἕνεκεν
3446 5653 3704 5727 δευτέραν

2130 5741 2482 5812 προστίθησιν
2514 5741 2829 5812 Ἐπιστολὴν
2853 5742 2920 5811 τῇ
2961 5737 3225 5810 προτέρᾳ,
3266 5738 3360 5791 καὶ
3411 5737 3464 5790 τί
3501 5738 3703 5809 δήποτε

2129 5834 2298 5901 οὕτως
2330 5836 2552 5907 ἄρχεται
2585 5833 2692 5889 ἀπὸ
2717 5833 2823 5887 τῶν
2858 5831 3156 5905 οἰκτιρμῶν
3188 5829 3282 5886 τοῦ
3309 5828 3446 5884 Θεοῦ
3475 5831 3569 5885 καὶ
3595 5833 3698 5902 τῆς
