2061 3113
164 177 267 213 γεει

215 240 339 261 seorsum
370 231 440 267 apud
468 238 498 259 se
525 237 636 265 magnas
661 229 708 257 tibi
737 229 845 256 habebit
870 229 979 265 gratias.

251 278 279 306 6.
295 278 358 305 Haec
373 284 437 311 ergo
450 276 708 311 cogitautes,curam
720 282 844 309 geramus
857 279 1008 302 nostrorum

215 324 400 352 membrorum
410 343 418 356 ,
433 329 520 356 neque
535 321 650 356 linguam
671 320 739 347 alter
756 320 782 347 in
801 320 912 347 alterum
927 327 1008 347 acua-

214 377 287 402 mus,
303 376 390 403 neque
404 367 486 395 verba
501 367 643 401 loquamur
662 373 721 400 qua:
740 366 894 400 demergant
912 369 939 393 et
958 365 1007 392 ob-

215 421 308 446 ruant,
334 414 450 449 proximi
472 413 569 440 bonam
586 411 683 439 famam
700 411 895 443 subvertentes,
907 416 934 438 et
955 418 1007 438 non

215 468 295 488 secus
312 464 392 494 atque
412 459 440 486 in
454 458 524 486 bello
537 463 563 485 et
578 465 662 492 pugna
683 457 832 484 sauciautes
845 462 871 484 et
885 456 1006 483 sauciati.

215 506 284 540 Quid
299 506 370 533 enim
381 505 437 540 jam
458 504 566 539 prodest
579 503 709 538 jejunium
725 507 770 529 aut
789 502 888 536 vigilia,
903 501 1009 536 quando

215 553 290 580 ebria
313 551 393 579 fuerit
414 550 512 585 lingua,
527 555 553 577 et
573 549 647 576 canis
661 548 784 576 carnibus
806 547 1009 574 immundiorem

215 606 337 626 mensam
358 596 486 629 comedit,
503 600 531 623 ut
551 603 610 631 qua:
630 595 788 630 sanguivora
808 594 900 621 elTecla
924 594 967 625 sil,
983 599 1010 621 et

216 651 323 671 caenum
337 641 454 670 eﬂ'uudat
467 645 494 668 et
514 641 611 668 cloaca:
635 640 753 667 canalem
776 646 806 666 os
827 639 922 671 faciat;
953 639 1010 665 itno

216 697 282 717 vero
293 696 327 716 eo
339 688 418 722 longe
429 686 558 721 impurius
568 691 594 712 et
607 686 691 720 magis
702 684 928 712 abominandum?
943 683 1008 711 Nam

219 734 291 771 quod
314 734 386 761 illinc
409 732 517 767 quidem
543 731 674 766 procedit,
689 738 786 765 corpus
808 730 922 765 polluit:
939 728 1010 764 quod

217 781 281 808 hinc
294 783 394 811 autem,
416 785 487 812 sarpe
511 776 623 804 sutl‘ocat
645 776 771 803 animam.
786 776 849 803 Haec
871 775 941 808 dico,
956 782 1009 802 non

216 835 310 855 eorum
325 826 368 861 qui
381 825 451 852 male
466 824 586 857 audiunt,
602 828 702 851 temere
716 830 806 851 curam
821 830 934 858 gerens;
948 830 1009 849 nam

217 873 255 901 illi
271 880 376 909 quoque
400 872 473 907 digni
496 875 558 898 sunt
581 870 705 902 coronis,
720 877 780 897 cum
796 877 856 904 quae
883 868 1011 896 dicuntur

217 920 307 947 ferunt
325 918 449 950 fortiter;
474 916 521 944 sed
544 921 661 944 vestrum
676 916 720 951 qui
735 915 834 943 dicitis.
858 915 923 942 Nam
949 922 1010 942 eum

217 964 326 996 quidem
335 985 342 997 ,
351 963 397 998 qui
413 968 514 990 temere
525 967 552 990 et
564 962 622 989 sine
633 969 712 989 causa
727 961 796 988 male
809 960 892 993 audit,
904 961 1010 987 beatum

216 1011 392 1047 pronuntiant
406 1009 571 1044 Scriptum;
594 1016 655 1036 eum
676 1013 775 1040 autem,
792 1007 837 1042 qui
852 1007 922 1034 male
935 1007 1009 1039 dicit,

217 1064 233 1084 a
254 1056 354 1083 sanctis
369 1055 506 1090 expellunt
530 1054 680 1090 mysteriis,
698 1054 751 1080 imo
773 1053 807 1080 ab
830 1053 887 1087 ipso
911 1052 1010 1080 ambitu

220 1102 343 1130 ecclesiae
357 1110 364 1128 :
381 1101 458 1133 Eum,
471 1101 565 1135 inquit,
581 1100 624 1135 qui
640 1100 782 1126 clanculum
794 1098 903 1125 detrahit
922 1098 953 1125 de
965 1106 1012 1124 suo

218 1147 347 1183 proximo,
357 1146 520 1182 persequebar
529 1145 614 1180 (Psal.
627 1145 689 1172 100.
699 1144 743 1180 5);
754 1143 898 1179 quinetiam
907 1150 968 1170 eum
976 1143 1010 1170 di.

217 1194 254 1221 cit
266 1193 402 1228 indignum
413 1192 527 1220 lectione
536 1198 672 1219 sacrarum
685 1191 832 1218 literarum.
843 1189 902 1221 Cur,
915 1189 1010 1224 inquit,

219 1244 245 1267 tu
259 1247 363 1266 enarra:
373 1238 571 1274 iustiﬁcationes
588 1245 665 1268 meas,
678 1241 701 1263 et
712 1236 819 1262 assumis
839 1240 1012 1262 testamentum

217 1293 300 1312 meum
325 1292 370 1319 per
384 1292 412 1312 os
433 1288 503 1310 tuum
526 1282 612 1318 (Paul.
629 1282 673 1309 49.
690 1281 753 1315 16)?
779 1280 880 1308 Deinde
902 1288 1010 1308 causam

217 1330 341 1362 ati'crens,
353 1330 419 1357 dicit
434 1338 441 1356 :
458 1328 556 1357 Sedens
574 1332 662 1355 contra
681 1327 787 1361 fratrem
809 1331 880 1352 tuum
894 1325 1012 1361 loqueba-

220 1378 265 1404 ris.
277 1377 309 1404 Et
320 1377 362 1404 hic
373 1376 481 1412 quidem
493 1383 546 1403 non
559 1374 691 1406 distinxit,
701 1373 790 1400 sintne
801 1380 863 1400 vera
879 1379 912 1399 an
928 1372 1010 1404 falsa;

220 1423 287 1457 alibi
308 1428 397 1450 autem
421 1422 472 1450 hoc
492 1428 597 1456 quoque
620 1419 766 1455 prohibuit,
782 1418 928 1446 ostendens
942 1418 1012 1453 quod

219 1470 324 1498 etiamsi
347 1476 411 1497 vera
424 1469 508 1502 dicas,
524 1476 555 1496 ea
569 1475 622 1495 non
643 1470 705 1494 sunt
718 1474 732 1493 a
747 1469 772 1493 te
785 1464 908 1492 dicenda.
925 1463 1013 1491 Nolite

217 1516 345 1553 iudicare,
362 1514 460 1550 inquit,
475 1519 501 1541 ut
512 1522 562 1540 non
570 1511 721 1549 judicemini
735 1510 841 1545 (Matth.
856 1510 883 1537 7.
896 1510 932 1545 i).
947 1509 1012 1536 Nam

219 1568 247 1590 et
264 1563 308 1598 qui
323 1562 494 1598 publicanum
515 1560 663 1587 maledictis
683 1557 873 1589 insectabatur,
889 1561 930 1584 est
948 1563 1012 1583 con-

219 1609 368 1640 demnatus,
381 1607 431 1635 etsi
447 1614 510 1634 vere
528 1606 601 1633 illum
618 1603 770 1632 accusabat.
783 1603 850 1636 Quid
864 1609 926 1630 vero
933 1602 956 1629 si
967 1601 1011 1635 sit,

220 1654 314 1689 inquit,
323 1653 457 1688 quispiam
471 1651 558 1679 audax
569 1655 596 1679 et
608 1648 799 1681 exsecrandus,
813 1655 865 1675 non
878 1651 919 1675 est
929 1647 986 1681 ipse
998 1654 1012 1673 a

223 1699 300 1726 nobis
323 1697 501 1733 corrigendus
521 1701 549 1724 et
576 1695 746 1731 arguendus?
768 1693 927 1729 Arguendus
950 1700 1014 1719 sane

222 1749 264 1773 est
283 1749 309 1772 et
320 1743 506 1779 corrigendus,
519 1742 566 1770 sed
591 1742 626 1769 ita
649 1746 677 1768 ut
691 1741 765 1776 prius
779 1739 852 1767 dixi:
870 1739 911 1766 sin
924 1742 1014 1765 autem

222 1790 274 1817 hoc
295 1790 360 1817 lacis
385 1789 409 1817 ei
434 1788 609 1824 exprobrans,
624 1787 685 1814 vide
700 1794 743 1819 ne,
759 1785 823 1813 dum
850 1784 1013 1812 Pharismum

222 1836 296 1864 illum
312 1835 438 1868 imitaris,
452 1834 479 1862 id
504 1834 551 1862 tibi
567 1833 637 1868 quod
657 1833 695 1860 illi
712 1832 824 1860 accidat.
848 1831 919 1858 Nihil
943 1830 1014 1858 enim

223 1882 285 1910 hinc
296 1882 364 1910 redit
374 1882 452 1914 lucri,
463 1888 515 1908 non
527 1880 560 1907 ad
575 1885 600 1907 te
616 1880 660 1914 qui
673 1879 750 1910 dicis,
768 1886 820 1906 non
832 1878 865 1905 ad
878 1877 951 1904 illum
967 1876 1012 1911 qui

764 172 798 201 IN
814 172 923 201 EPIST.
944 172 976 200 ll.
992 172 1038 201 AD
1056 173 1133 201 COR.
1154 172 1269 201 nom.
1290 172 1311 201 Ι.

1792 172 1847 200 Ξῆ

1062 229 1135 257 audit
1148 229 1187 256 sic
1201 233 1340 257 accusatus
1353 238 1360 255 :
1375 229 1421 256 sed
1434 229 1479 257 ille
1489 229 1596 265 quidem
1609 228 1699 257 evadit
1712 229 1850 264 impuden-

1063 276 1124 303 tior.
1142 276 1207 303 Nam
1223 275 1349 310 quamdiu
1362 276 1469 311 quidem
1495 276 1569 309 latet,
1594 276 1645 304 scit
1668 275 1850 304 erubescere:

1063 326 1202 357 postquam
1227 326 1315 349 autem
1339 323 1455 350 evaserit
1470 322 1636 355 manifestus,
1652 322 1677 349 id
1691 322 1762 357 quod
1786 321 1849 350 inde

1062 367 1177 395 habebnt
1199 367 1305 395 frenum
1326 369 1455 402 expellit:
1470 368 1516 403 qui
1539 373 1628 395 autem
1653 368 1745 400 audit,
1759 375 1853 395 rursus

1061 415 1145 449 magis
1159 415 1280 443 ltedetur.
1296 415 1362 442 Nam
1382 415 1438 442 sive
1454 423 1542 442 rerum
1559 419 1631 442 recte
1643 423 1657 441 τι
1672 423 1701 442 se
1714 419 1850 450 gestarum

1062 461 1141 488 fuerit
1155 461 1204 489 sibi
1218 461 1350 494 conscius,
1365 461 1482 494 inllatur,
1494 460 1604 488 alterius
1619 465 1723 487 tumens
1735 467 1830 487 accusa
1840 475 1847 479 —

1062 506 1195 538 tionibus;
1212 506 1267 533 sive
1280 510 1464 540 peccatorum,
1487 505 1515 532 ﬁt
1538 506 1685 541 promptior
1703 510 1728 533 ct
1741 505 1855 532 alacrior

1062 552 1095 579 ad
1108 552 1213 579 vitium.
1223 552 1256 579 Et
1272 552 1329 587 ipse
1343 560 1436 579 rursus
1447 552 1492 587 qui
1506 552 1581 584 dicit,
1594 552 1662 586 apud
1673 559 1733 579 eum
1748 552 1791 586 qui
1804 559 1853 578 au-

1063 598 1102 625 dit
1118 598 1143 624 in
1158 598 1225 625 mala
1240 598 1290 625 erit
1302 598 1509 631 existimatione,
1524 602 1550 625 et
1574 598 1656 625 Deum
1683 598 1709 625 in
1725 606 1755 625 sc
1771 599 1854 633 magis

1061 643 1187 670 irritabit.
1201 642 1380 676 Quamobrem
1402 650 1467 677 rogo
1481 650 1561 670 omne
1572 642 1683 670 verbum
1698 642 1853 671 obscaenum

1062 694 1088 716 et
1102 688 1220 716 [tntillum
1235 689 1393 723 ejiciamus;
1408 689 1430 715 si
1445 688 1507 723 quid
1530 688 1628 715 bonum
1644 688 1675 715 ad
1701 688 1855 716 :rdiilcntio-

1062 744 1134 768 nem.
1147 735 1200 762 hoc
1218 735 1347 762 dicamus.
1365 735 1400 762 At
1414 735 1489 770 cupis
1503 735 1577 762 illum
1596 734 1709 762 ulcisci?
1724 734 1777 761 Cur
1790 741 1855 769 ergo

1063 785 1088 808 te
1102 788 1150 816 pro
1165 780 1210 808 illo
1221 780 1359 808 ulcisceris
1371 780 1382 807 ?
1396 779 1461 807 Nam
1473 780 1518 815 qui
1539 780 1632 808 studes
1646 780 1738 807 ulcisci
1752 787 1798 807 eos
1810 781 1855 815 qui

1062 827 1109 854 tibi
1134 826 1243 854 fuerunt
1264 827 1380 859 molesti,
1398 827 1432 853 ita
1458 827 1588 854 ulciscere
1610 832 1636 854 ut
1654 827 1754 854 Paulus
1775 827 1856 861 jussit

1061 872 1165 899 ulcisci.
1189 872 1219 899 Si
1242 872 1318 899 esurit
1338 872 1457 899 inimicus
1478 877 1545 904 tuus,
1560 872 1615 899 ciba
1635 873 1729 904 illum;
1751 874 1773 899 si
1792 874 1854 905 sitit,

1062 918 1095 943 da
1105 918 1144 944 illi
1159 922 1244 951 patum
1259 917 1347 952 (Rom.
1369 917 1413 944 12.
1426 917 1483 951 20).
1508 916 1535 944 Si
1562 922 1650 944 autem
1675 918 1726 945 huc
1746 919 1854 953 quidem

1062 970 1115 989 non
1130 962 1206 993 facis,
1221 963 1308 989 solum
1323 967 1412 989 autem
1433 962 1578 995 insidiaris,
1594 963 1619 990 in
1634 964 1747 998 teipsum
1762 972 1855 992 ensem

1063 1008 1180 1042 stringis.
1190 1007 1369 1041 Quamobrem
1384 1008 1406 1034 si
1421 1008 1465 1035 ille
1479 1007 1631 1040 maledicat,
1642 1016 1707 1035 orna
1722 1017 1783 1036 eum
1800 1011 1856 1036 latt-

1062 1053 1139 1080 dibus
1153 1058 1181 1081 et
1203 1053 1342 1080 encomiis.
1368 1052 1413 1080 Sic
1435 1054 1506 1080 euitn
1522 1059 1549 1080 et
1568 1053 1642 1081 illum
1668 1056 1767 1089 poteris
1788 1055 1855 1082 ulci-

1062 1099 1111 1131 sci,
1135 1103 1162 1126 et
1182 1099 1295 1133 teipsum
1319 1098 1444 1126 liberabis
1466 1106 1480 1126 a
1500 1100 1569 1126 mala
1597 1101 1760 1135 suspicione.
1786 1100 1852 1128 Nam

1063 1145 1106 1179 qui
1122 1144 1197 1172 dolet
1207 1152 1239 1172 eo
1250 1144 1320 1179 quod
1344 1145 1415 1172 male
1426 1144 1526 1178 audiat,
1544 1145 1595 1172 hoc
1617 1146 1723 1173 videtur
1745 1149 1798 1181 pati
1823 1154 1855 1174 ex

1063 1190 1132 1217 mala
1146 1190 1326 1222 conscientia;
1341 1190 1386 1224 qui
1409 1195 1498 1218 autem
1523 1191 1615 1218 irridet
1635 1199 1666 1219 ea
1682 1199 1741 1227 qum
1761 1192 1856 1220 dicun-

1064 1239 1116 1267 tur,
1139 1236 1283 1263 maximum
1312 1236 1413 1271 profert
1437 1235 1575 1269 indicium,
1592 1237 1664 1271 quod
1695 1238 1793 1265 nullius
1817 1239 1856 1266 rei

1063 1282 1140 1309 malae
1159 1282 1209 1310 sibi
1233 1283 1267 1309 sit
1281 1282 1418 1310 conscius.
1432 1282 1497 1310 Cum
1520 1290 1584 1319 ergo
1599 1291 1648 1311 nec
1662 1284 1792 1318 audienti,
1807 1292 1857 1312 nec

1065 1327 1121 1359 tibi,
1134 1335 1184 1355 nec
1195 1328 1218 1355 ei
1232 1328 1275 1363 qui
1288 1332 1430 1355 accusatur
1442 1328 1540 1363 prosis,
1555 1333 1581 1355 et
1595 1329 1620 1356 in
1636 1334 1660 1356 te
1675 1330 1760 1364 ipsum
1774 1330 1857 1357 strin-

1063 1381 1109 1408 gas
1124 1373 1252 1409 gladium,
1272 1373 1313 1400 vel
1327 1381 1359 1401 ex
1373 1373 1424 1401 hoc
1437 1374 1496 1408 ipso
1509 1374 1593 1401 evade
1609 1374 1781 1401 moderatior.
1790 1374 1856 1402 Nam

1064 1419 1203 1453 oportebat
1225 1419 1332 1454 quidem
1356 1418 1512 1453 persuaderi
1536 1427 1567 1446 ex
1583 1427 1664 1454 regno
1675 1419 1815 1453 caelorum,
1830 1424 1857 1447 et

1065 1465 1097 1492 iis
1110 1473 1169 1500 qua:
1192 1465 1247 1492 Deo
1269 1465 1391 1492 videnlur
1413 1472 1444 1492 ac
1471 1465 1600 1499 placent:
1623 1465 1671 1492 sed
1686 1466 1811 1500 quoniam
1827 1473 1856 1493 es

1064 1512 1181 1539 crassius
1194 1511 1316 1544 alfectus,
1329 1516 1356 1539 et
1372 1511 1479 1538 tnordcs
1491 1516 1625 1546 tamquam
1647 1511 1713 1543 fera,
1729 1513 1770 1539 vel
1794 1512 1857 1539 hinc

1064 1557 1195 1585 erudiaris
1209 1562 1235 1584 et
1254 1557 1409 1592 castigeris;
1426 1562 1454 1584 ut
1470 1557 1510 1584 bis
1525 1558 1612 1584 verbis
1634 1557 1779 1585 modestior
1793 1557 1857 1585 ell'e-

1065 1608 1132 1635 ctus,
1148 1610 1180 1630 ex
1193 1602 1235 1629 his
1247 1602 1324 1636 solis,
1334 1610 1393 1637 qua:
1410 1603 1464 1630 Deo
1479 1602 1605 1630 videntur
1619 1610 1650 1630 ac
1665 1603 1780 1637 placent,
1797 1611 1857 1638 pos-

1065 1649 1102 1675 sis
1115 1648 1239 1682 eomponi
1258 1655 1289 1675 ac
1304 1648 1469 1678 concinnari.
1484 1652 1512 1675 ut
1531 1656 1591 1675 cum
1611 1649 1683 1675 omni
1698 1649 1780 1676 animi
1795 1657 1858 1683 per-

1066 1694 1217 1720 turbatione
1240 1694 1364 1727 superior
1378 1694 1510 1727 cv:tscris,
1526 1694 1642 1721 cmlestia
1667 1695 1735 1721 bona
1760 1703 1858 1723 conse-

1066 1739 1155 1774 quaris
1170 1747 1176 1765 :
1192 1746 1252 1773 qua:
1265 1738 1343 1765 detur
1358 1739 1435 1765 nobis
1448 1739 1573 1766 omnibus
1584 1740 1722 1774 consequi,
1736 1741 1818 1774 gratia
1832 1747 1857 1768 et

1066 1785 1229 1819 benignitate
1258 1783 1365 1810 Domini
1396 1784 1480 1811 nostri
1502 1784 1564 1812 Jesu
1586 1784 1695 1817 Christi,
1721 1793 1780 1812 cum
1805 1794 1858 1821 quo

1066 1829 1138 1857 Patri
1150 1837 1210 1856 cum
1223 1835 1317 1856 sancto
1328 1829 1428 1863 Spiritu
1441 1830 1475 1856 sit
1486 1830 1581 1864 gloria,
1594 1831 1745 1866 itnperittm,
1762 1832 1857 1866 honor,

1068 1883 1140 1902 nunc
1153 1879 1180 1901 et
1202 1882 1319 1909 semper,
1335 1880 1362 1902 et
1376 1875 1401 1901 in
1415 1875 1512 1902 sa-cula
1530 1877 1700 1903 saeculorum.
1717 1878 1811 1904 Arnen.

223 1926 1858 1958 ἓ

491 1986 825 2045 εΔΝατι
860 1984 1022 2040 ΡΔἿ

1063 1981 1205 2038 ιιιε
1242 1979 1580 2037 NOSTRI

317 2081 802 2166 JOANNIS
861 2074 1736 2174 CHRYSOSTOMI,

648 2201 948 2236 ARCHIEPISCOPI
969 2197 1449 2235 CONSTANTINOPOLITANI,

227 2270 285 2308 IN
313 2266 602 2306 SECUNDAM
613 2265 686 2301 AD
700 2257 1028 2300 COBINTHIOS
1050 2257 1354 2294 EPISTOLAM
1365 2257 1792 2297 COMMENTARIUS
1803 2252 1858 2296 (α).

646 2320 1005 2340 Α

1051 2319 1423 2340 ν-

908 2355 1083 2391 HOMILIA
1107 2356 1136 2386 I.‘

224 2417 290 2447 CAP.
307 2417 333 2445 1.
351 2424 379 2444 v.
395 2416 421 2443 1.
438 2414 536 2444 Paulus
548 2414 676 2450 apostolus
688 2412 751 2441 Jesu
762 2411 854 2440 Christi
865 2419 910 2446 per
923 2411 1013 2437 uolun-

260 2468 338 2490 tatem
349 2462 406 2494 Dei,
420 2467 444 2489 et
458 2460 602 2489 Timotheus
615 2461 706 2497 frater,
720 2458 841 2486 Ecclesiae
850 2456 899 2484 Dei
909 2463 965 2489 qua:
976 2459 1013 2483 est

260 2508 385 2538 Corinthi,
407 2515 464 2534 cum
486 2506 599 2534 omnibus
616 2505 720 2538 sanctis,
736 2504 778 2540 qui
792 2508 849 2530 sunt
859 2503 886 2529 in
897 2502 1013 2529 universa

260 2554 359 2581 Achaia
368 2553 411 2580 εἰ.
421 2553 503 2588 gratia
513 2552 581 2579 nobis
591 2555 614 2578 et
627 2558 678 2585 pax
686 2559 702 2577 a
715 2549 770 2576 Deo
784 2548 860 2576 Patre
869 2553 892 2575 et
904 2546 1013 2575 Domino

261 2605 348 2627 nostra
360 2599 424 2627 Iesu
437 2599 546 2627 Christo.
560 2598 589 2625 5.
604 2597 752 2625 Benedictus
764 2595 833 2623 Deus
842 2600 866 2623 et
877 2594 955 2622 Pater
964 2593 1014 2621 Do-

249 2647 324 2682 rmins'
338 2646 418 2673 nostri
430 2645 493 2673 Iesu
506 2644 600 2673 Christi
611 2664 620 2676 ,
635 2643 714 2671 Pater
727 2641 956 2670 misericordiarum
967 2662 975 2674 ,
989 2645 1013 2668 et

261 2692 331 2720 Deus
349 2693 425 2719 totius
443 2691 631 2723 consolationis,
651 2690 679 2717 ι.
699 2690 742 2725 qui
762 2688 908 2716 consolatur
924 2695 969 2715 nos
987 2687 1013 2714 in

260 2740 330 2767 omni
343 2739 503 2766 tribulatione
514 2743 611 2770 nostra,
623 2741 650 2763 ut
663 2736 787 2769 possimus
797 2740 820 2763 et
828 2735 877 2770 ipsi
887 2734 1013 2762 consolari

260 2793 314 2818 eos,
336 2785 379 2819 qui
401 2785 428 2811 in
447 2784 517 2811 omni
530 2790 648 2818 pressura
665 2786 736 2814 sunt,
757 2789 803 2817 per
814 2780 1014 2808 cumulationem

259 2841 312 2866 qua
321 2833 371 2867 ipsi
380 2830 541 2859 consolamur
552 2838 568 2856 a
579 2828 644 2856 Deo.

230 2885 409 2946 eltglihgillza‘tus
425 2894 479 2913 cum
495 2887 583 2914 Colice
603 2888 747 2915 Gcisliuiano
760 2890 779 2916 Χ
808 2887 891 2916 πωιὶ
903 2892 968 2911 num.
981 2885 1011 2911 55

1100 2406 1127 2435 Ι.
1137 2406 1190 2434 Cur
1196 2406 1333 2434 secundam
1344 2406 1378 2433 ad
1389 2405 1534 2434 Corinthios
1541 2406 1674 2442 epistolam
1686 2407 1786 2437 Paulus
1793 2411 1857 2438 scri-

1065 2453 1153 2488 pserit.
1167 2467 1205 2474 —
1218 2453 1294 2481 Prius
1303 2459 1424 2488 quaerere
1435 2452 1572 2487 convenit,
1583 2460 1632 2480 cur
1643 2454 1787 2482 secundam
1799 2457 1858 2491 epi-

1065 2498 1162 2526 stolam
1185 2498 1268 2533 priori
1282 2497 1425 2533 adjungat,
1442 2502 1469 2526 et
1481 2506 1563 2533 quare
1577 2505 1592 2526 ι
1612 2498 1657 2527 Dei
1677 2500 1858 2529 miserationi-

1064 2544 1115 2573 bus
1137 2549 1217 2580 atque
1239 2552 1254 2573 a
1278 2544 1463 2573 consolatione
1487 2544 1591 2572 initium
1612 2546 1701 2574 ducat.
1718 2547 1773 2575 Cur
1793 2556 1858 2584 ergo

1065 2590 1210 2619 secundam
1230 2591 1348 2626 adjecit?
1369 2590 1436 2619 Cum
1451 2591 1477 2618 in
1500 2591 1581 2626 priori
1604 2593 1716 2628 epistola
1731 2593 1856 2628 dixisset,

1071 2635 1174 2663 Veniam
1189 2636 1223 2662 ad
1244 2644 1296 2669 vos,
1319 2640 1342 2663 et
1363 2644 1524 2672 cognoscam,
1545 2644 1596 2664 non
1618 2646 1756 2665 serntonem
1769 2646 1857 2665 eorum

1065 2683 1108 2718 qui
1119 2682 1204 2717 inﬂati
1214 2687 1281 2714 sunt,
1293 2683 1337 2709 sed
1347 2682 1462 2709 virtutem
1473 2683 1511 2717 (t.
1526 2682 1585 2710 Cor.
1601 2683 1628 2710 Δ.
1640 2684 1702 2718 19);
1717 2689 1744 2711 ct
1758 2684 1790 2711 ad
1801 2685 1857 2712 cal-

1065 2736 1123 2756 cem
1144 2735 1238 2756 rursus
1260 2727 1311 2755 hoc
1332 2728 1417 2762 ipsum
1431 2728 1600 2755 suavioribus
1621 2728 1710 2756 verbis
1723 2729 1856 2763 pollicitus

1066 2773 1171 2807 fuisset,
1191 2772 1386 2805 Veniamenim,
1401 2772 1496 2808 inquit,
1510 2772 1545 2799 ad
1554 2780 1607 2806 vos,
1620 2778 1751 2809 postquam
1766 2774 1856 2803 Haec-

1063 2820 1168 2847 doniam
1187 2824 1374 2854 pertranstero;
1390 2818 1567 2847 Macedoniam
1587 2820 1654 2846 enim
1679 2821 1855 2856 pertransibo,

1064 2871 1139 2900 atque
1161 2865 1231 2900 apud
1254 2872 1297 2891 vos
1314 2864 1422 2897 fortasse
1441 2864 1554 2898 manebo,
1579 2870 1623 2892 aut
1644 2866 1720 2893 etiam
1742 2867 1857 2894 hiemabo

1068 2912 1104 2943 (Ι.
1119 2910 1177 2939 Cor.
1196 2909 1238 2938 16-
1253 2910 1282 2947 5)
1299 2919 1305 2938 ε
1322 2910 1435 2938 multum
1451 2914 1578 2951 temporis
1591 2913 1788 2948 intercesserat,
1806 2920 1856 2940 uec
