2069 3110
240 152 295 182 383

241 217 329 240 tamen
346 210 379 238 ad
394 217 441 237 eos
453 216 482 237 se
496 207 666 240 contulerat;
681 206 745 242 quin
761 206 859 241 potius,
875 212 935 232 cum
957 211 1026 239 prie-

240 258 362 285 stitutum
378 260 484 289 tempus
496 253 551 288 jam
566 252 722 284 effluxisset,
737 251 824 279 adhuc
837 255 926 278 tamen
951 257 1031 277 cunc-

242 305 347 332 tabatur
368 309 400 329 ac
423 307 513 328 moras
535 298 674 331 trahebat;
698 298 769 333 quod
792 297 894 324 scilicet
916 296 1031 331 Spiritus

241 357 303 377 cum
324 349 349 375 in
363 347 423 374 aliis
439 346 516 380 longe
530 345 613 380 magis
627 343 786 371 necessariis
801 342 914 378 negotiis
931 341 1032 369 retine-

240 401 290 423 ret.
308 394 362 421 llac
377 392 411 420 de
425 399 505 419 causa
517 391 661 418 secundam
675 390 816 425 epistolam
839 388 958 416 scribere
982 396 1031 415 tte-

241 447 317 467 cesse
333 438 435 469 habuit,
450 445 502 464 non
517 444 627 464 necesse
643 435 780 463 habiturus
792 455 800 468 ,
817 434 838 461 si
853 435 941 461 mintts
955 433 1031 461 tarde

241 485 369 512 venisset.
383 483 437 510 Nec
452 490 516 510 vero
537 482 587 509 hoc
606 481 744 508 dumtaxat
759 480 879 512 nomine,
894 479 941 507 sed
954 479 990 506 ob
1004 479 1030 506 id

241 532 321 558 etiam
334 551 342 563 ,
367 530 437 565 quod
460 537 494 556 ex
508 528 646 563 superiore
667 527 779 562 epistola
794 527 918 555 meliores
932 526 1029 553 redditi

241 576 358 604 fuerant.
373 575 438 603 Nam
456 574 643 602 l’ornicatorem
659 580 719 600 eum
729 594 737 606 ,
751 580 830 607 quem
845 573 918 607 prius
939 571 1031 599 favore

241 622 497 657 complcclebautur,
509 625 536 647 et
545 619 579 647 ob
589 626 668 654 quem
680 618 827 646 insolenter
835 625 864 645 se
874 617 1029 650 efferebant,

244 668 413 695 absciderant
426 674 457 693 ac
473 673 581 700 prorsus
595 665 740 700 eiecerant.
759 663 785 690 Id
800 663 871 698 quod
887 663 927 690 his
941 663 1030 690 verbis

244 713 369 741 iudicavit
385 722 391 728 ”
406 712 436 740 Si
455 713 510 746 quis
524 717 605 738 autent
619 711 784 742 contristauit,
805 718 855 736 non
876 718 915 736 me
935 709 1031 736 contri-

243 760 327 791 Ilal'll,
339 760 383 786 sed
395 766 427 785 ea;
439 762 511 793 parte
522 777 529 789 ,
544 762 570 783 ut
585 765 635 783 non
650 764 751 783 onerem
763 764 847 782 omnes
862 764 905 782 vos
919 756 956 789 (2.
971 754 1030 782 Cor.

242 806 271 832 Ξ.
286 805 327 841 5).
339 804 442 831 Sufﬁcit
453 804 489 836 ei,
505 802 549 838 qni
562 801 691 836 ejusmodi
704 806 755 833 est,
771 800 919 836 objurgatio
931 808 962 827 ea
972 808 1031 835 qua:

245 851 275 878 lit
287 859 300 877 a
322 850 452 885 pluribus.
472 851 511 876 Ac
529 856 634 876 rursum
656 848 788 875 sermonis
803 854 946 882 progressu
961 846 1030 874 ident

244 897 340 929 innuit,
352 904 412 923 cum
425 895 461 922 ait
477 904 483 922 :
499 894 564 921 Ecce
575 895 640 921 enim
651 894 698 920 hoc
709 894 801 929 ipsum,
813 893 880 928 quod
895 893 1031 920 secundant

244 943 326 970 Deum
342 942 480 969 contristati
501 941 569 973 estis,
588 945 709 975 quantam
721 940 747 966 in
760 940 827 966 vobis
837 939 1031 967 sollicitudinem

242 988 344 1022 e/fccit;
358 988 409 1014 imo
430 987 629 1018 excusationem,
644 986 694 1012 imo
707 985 916 1020 indignationem,
932 985 981 1011 into
997 985 1030 1012 ti-

243 1042 347 1064 morem.
359 1034 410 1060 into
423 1032 586 1065 desiderium,
602 1032 652 1059 into
666 1031 853 1059 wmulationem
864 1051 872 1065 ,
886 1031 937 1058 into
950 1031 1029 1059 uindi-

241 1086 318 1110 ctam.
334 1080 368 1107 In
380 1079 494 1107 omnibus
508 1078 654 1106 eshilmistis
669 1086 711 1105 vos
722 1077 932 1104 incontaminatos
942 1085 995 1104 esse
1004 1077 1031 1103 in

242 1127 340 1163 negotio
355 1126 391 1163 (2.
408 1125 467 1153 Cor.
490 1125 516 1152 7.
537 1125 568 1152 11
575 1130 593 1159 ).
617 1123 686 1158 Quin
706 1123 843 1159 pecuniam
858 1130 928 1156 eam,
951 1130 1030 1158 quam

242 1175 435 1209 imperaverat,
450 1178 555 1199 summo
569 1170 658 1197 studio
669 1170 832 1204 collegerant
844 1175 852 1196 :
867 1169 938 1197 unde
950 1169 1030 1197 etiam

240 1220 358 1252 dicebat,
372 1218 434 1246 Scio
448 1217 513 1244 enim
526 1217 683 1243 alacritatem
692 1221 813 1249 vestram,
832 1215 863 1243 de
877 1224 926 1251 qua
935 1216 1031 1251 glorior

238 1266 310 1302 apud
324 1264 477 1292 Macedones
489 1271 498 1290 :
512 1263 632 1299 quoniam
644 1262 742 1289 Achaia
757 1267 847 1296 parata
860 1267 896 1289 est
913 1261 945 1288 ab
962 1270 1030 1289 anno

240 1311 365 1347 superiori
389 1310 434 1346 (2.
451 1310 510 1338 Cor.
527 1309 554 1337 9.
574 1308 623 1341 2).
646 1308 703 1336 Huc
716 1308 819 1336 accedit
837 1307 908 1342 qttod
928 1307 1028 1342 Titum,

241 1365 322 1393 quem
333 1357 390 1390 ipse
402 1356 523 1388 miserat,
536 1355 652 1382 maxima
664 1361 723 1381 cutn
739 1353 923 1381 benevolentia
937 1360 1030 1381 susce-

242 1411 266 1437 ιι(
275 1407 345 1430 rant.
361 1401 389 1429 Id
402 1401 474 1437 quod
488 1401 569 1429 etiam
583 1399 761 1433 ostendebat,
779 1407 838 1426 cum
854 1407 946 1427 rursus
959 1399 1030 1427 dim-

236 1452 301 1475 sct:
323 1447 426 1475 Viscera
442 1447 497 1482 ejus
518 1446 690 1473 abundantius
708 1451 766 1473 sunt
786 1445 812 1472 in
832 1445 910 1478 vobis,
926 1445 1028 1473 remini-

237 1493 332 1521 scentis
345 1493 458 1520 omnium
471 1497 579 1520 vestrum
594 1491 759 1518 obedientiam
772 1511 780 1523 ,
790 1491 915 1526 quomodo
929 1499 985 1518 cum
998 1492 1030 1518 ti-

239 1548 310 1568 more
321 1544 344 1567 et
357 1545 464 1566 tremore
476 1546 532 1566 eum
546 1538 690 1572 suscepistis
705 1537 755 1572 (2.
770 1536 829 1565 Cor.
851 1537 878 1564 7.
892 1537 924 1565 i5
938 1537 958 1571 ).
982 1536 1030 1564 His

238 1585 365 1614 omnibus
373 1585 462 1613 causis
472 1584 612 1617 addttctus,
623 1582 766 1611 secundatn
777 1582 917 1617 epistolam
926 1582 1027 1610 scribit.

241 1632 348 1660 Etenim
358 1639 406 1667 par
416 1636 483 1664 erat,
501 1634 529 1657 ut
543 1628 768 1665 quemadmodum
784 1628 855 1662 illos,
865 1636 926 1656 cum
937 1636 1031 1663 pecca-

241 1684 311 1711 rent,
335 1677 512 1713 obiurgabat;
537 1676 577 1704 sic
602 1676 682 1703 etiam
704 1674 813 1703 eosdem
834 1675 868 1702 ad
893 1675 1030 1703 meliorem

242 1730 358 1753 mentem
374 1731 497 1752 reversos
510 1722 698 1758 comprobaret
714 1729 746 1749 ac
763 1722 885 1750 laudibus
900 1722 1029 1750 afficeret.

242 1774 281 1798 Ac
293 1770 404 1806 proinde
423 1777 474 1797 nec
491 1776 581 1796 acrem
595 1775 625 1796 se
639 1775 671 1796 ae
684 1767 870 1795 vehementem
883 1775 931 1802 per
948 1771 1030 1795 totam

242 1817 382 1852 epistolam
398 1816 508 1851 praebet,
525 1816 573 1843 sed
588 1816 613 1843 in
631 1816 722 1851 paucis
735 1815 874 1843 dumtaxat
885 1815 935 1843 sub
948 1816 1032 1851 ipsius

243 1864 321 1890 finem
334 1863 461 1897 partibus.
475 1861 541 1889 Nam
554 1866 581 1889 et
591 1861 661 1896 apttd
673 1860 720 1889 eus
731 1860 815 1889 Judaei
828 1861 934 1897 quidam
945 1866 1030 1894 erant,

242 1911 287 1946 qui
302 1910 441 1944 magnifice
454 1909 488 1936 de
498 1917 528 1936 se
542 1909 682 1942 sentirent,
697 1916 730 1936 ac
743 1908 854 1936 Pattluttt
869 1913 898 1935 ut
910 1915 1034 1943 arrogan-

242 1961 297 1983 tem
311 1955 460 1991 uulliuSque
476 1955 552 1990 pretii
566 1955 702 1982 hominem
717 1954 923 1982 eriminarentttr
938 1961 946 1981 :
964 1953 1034 1981 ideo-

243 2010 296 2037 que
304 2002 438 2034 dicebant,
452 2000 573 2036 Epistula:
582 2000 683 2036 quidem
696 2008 794 2036 graves,
806 2000 939 2035 praesentia
948 2004 1033 2026 autem

243 2049 357 2084 corporis
366 2048 478 2083 inﬁrma,
488 2052 512 2074 et
523 2055 604 2075 sermo
616 2046 807 2081 contemptibilis
818 2046 855 2081 (2.
865 2046 970 2073 Car.l0.
977 2045 1032 2081 l0).

245 2095 363 2129 Quorum
383 2093 525 2121 verborum
547 2093 604 2119 hzec
624 2096 684 2120 erat
703 2093 834 2119 sententia
850 2101 857 2120 :
871 2091 936 2120 Cum
957 2092 1035 2120 adest

246 2141 301 2174 ille,
318 2132 416 2167 nullius
433 2139 511 2174 pretii
523 2146 584 2167 esse
595 2138 716 2172 videtur;
732 2139 783 2166 hoc
796 2139 867 2166 enitn
881 2140 907 2166 in
924 2139 964 2167 Itis
975 2148 1034 2168 ver-

245 2187 287 2215 bis
301 2186 475 2221 significatnr,
490 2184 630 2212 Prtesentia
647 2185 761 2220 corporis
773 2185 874 2219 inﬁrma
886 2192 896 2212 :
910 2193 970 2212 cutn
984 2193 1032 2212 au-

244 2238 299 2260 tem
315 2232 445 2262 abscessit
457 2251 465 2264 ,
479 2239 527 2266 per
540 2231 632 2258 literas
645 2238 807 2266 magnopere
820 2239 849 2258 se
861 2231 962 2266 jactat;
978 2232 1035 2259 hinc

245 2280 319 2307 enim
332 2278 428 2305 ltorunt
441 2277 586 2305 verborum
602 2276 761 2312 significatio
776 2281 826 2310 est,
843 2276 967 2312 Epistula:
975 2285 1034 2313 gra-

244 2324 358 2352 ves.hno
367 2328 394 2351 ut
405 2323 533 2351 honorem
547 2322 596 2350 sibi
608 2322 788 2355 conciliarent,
800 2330 830 2350 se
840 2322 904 2350 nihil
915 2323 1036 2358 accipere

244 2369 418 2398 simulabant.
437 2369 513 2403 Quod
528 2369 609 2396 etiam
624 2368 709 2403 ipsum
724 2367 860 2401 innuebat,
880 2375 941 2395 cum
960 2367 1035 2396 dice-

244 2420 287 2443 ret
303 2425 309 2442 :
327 2415 360 2443 Ut
379 2417 407 2443 in
427 2423 477 2451 quo
496 2415 654 2451 gloriantur,
677 2413 838 2440 inveniantur
860 2414 925 2440 sicut
948 2419 972 2441 et
990 2422 1036 2442 nos

248 2462 289 2497 (Ξ.
303 2461 361 2489 Cor.
379 2463 423 2490 11.
440 2462 495 2497 12).
517 2463 555 2489 Ae
576 2465 717 2497 prirterea,
738 2460 864 2495 quoniam
879 2459 984 2488 dicendi
997 2460 1037 2488 fa-

248 2508 347 2536 cultate
362 2508 497 2543 pollebant
511 2508 563 2541 ibi,
577 2516 610 2535 eo
625 2507 733 2535 nomine
745 2507 850 2535 animos
861 2507 989 2542 majorem
1008 2507 1035 2535 in

250 2554 358 2583 modum
374 2554 542 2582 attollebant.
554 2555 657 2582 Idcirco
671 2554 728 2589 ipse
747 2561 807 2582 sese
820 2555 971 2589 imperitum
990 2562 1037 2590 ap-

249 2601 349 2637 pellat,
364 2605 393 2627 ιιι
405 2600 529 2627 ostendat
545 2600 570 2627 id
584 2600 634 2627 sibi
648 2600 758 2627 minime
778 2601 873 2635 pudori
892 2591 953 2629 esse
964 2621 971 2634 ,
986 2608 1036 2629 nec

249 2656 305 2676 rem
321 2646 410 2683 magni
430 2653 490 2674 esse
510 2645 606 2681 pretii;
623 2645 677 2672 imo
690 2645 787 2672 nullius
809 2646 947 2674 momenti.
966 2647 1038 2680 Quo-

248 2694 319 2721 niam
339 2693 418 2729 igitur
432 2691 576 2719 verisimile
590 2695 647 2719 erat
662 2690 790 2726 quosdam
810 2700 902 2720 eorttm
916 2692 1037 2720 oratione

251 2746 267 2767 a
280 2743 352 2767 recta
365 2738 498 2766 sententia
512 2737 605 2766 deduci
617 2758 625 2770 ,
642 2737 741 2765 idcirco
753 2744 812 2765 cum
828 2739 901 2773 prius
915 2739 987 2773 ipsos
1002 2737 1037 2765 ob

249 2783 288 2816 id,
303 2784 375 2819 quod
386 2789 458 2812 recte
478 2783 611 2817 fecerant,
630 2783 751 2811 laudlbus
764 2784 920 2815 extulisset;
935 2790 966 2809 ac
978 2790 1038 2809 rur-

249 2837 297 2859 sus
317 2830 422 2858 illorum
446 2832 623 2867 arrogantiam
647 2831 682 2858 ob
704 2829 828 2858 Judaicas
850 2828 1035 2860 ceremonias,

248 2883 315 2912 quas
332 2874 516 2911 intempestive
528 2876 583 2911 jam
598 2876 743 2903 observare
756 2874 909 2907 studebant,
923 2872 1037 2902 retudis-

610 149 639 178 S.
658 137 796 178 JOANNIS
813 146 1048 176 CHRYSOSTOMI
1071 145 1224 174 ARClllEP.
1236 146 1501 175 CONSTANTINOP.

1819 147 1872 174 584

1084 209 1125 231 set
1139 213 1146 231 :
1161 208 1215 231 tum
1231 204 1345 237 denique
1363 204 1412 230 hoc
1425 211 1472 230 eos
1486 203 1593 230 nomine
1607 203 1725 230 nonnihil
1736 204 1869 239 objurgat.

1081 251 1170 285 Atque
1182 250 1344 285 hnjustnodi,
1355 255 1381 276 ttt
1392 252 1541 276 summatim
1554 257 1584 276 ac
1595 249 1667 277 velut
1676 250 1762 276 obiter
1771 250 1869 283 dicam,

1082 296 1204 331 cpistola:
1227 301 1412 331 argumentum
1436 296 1500 322 mihi
1525 303 1585 323 esse
1609 296 1723 322 videtur.
1745 296 1871 331 Sequitur

1080 340 1135 375 jam
1151 346 1178 367 ut
1189 341 1310 375 epistola:
1325 341 1428 368 ittitimn
1442 341 1613 376 attingamus,
1629 341 1812 376 dicamusque,
1823 350 1872 369 cur

1082 392 1141 423 post
1156 387 1364 420 salutationem,
1381 396 1459 422 qttam
1476 395 1524 422 pro
1548 395 1596 415 suo
1618 395 1693 415 more
1715 388 1867 421 adhibebat,

1082 435 1121 462 sic
1144 441 1160 461 a
1183 434 1229 461 Dei
1253 433 1466 460 miserationibus
1492 441 1603 460 exorsus
1625 434 1668 460 sit.
1691 433 1767 460 Prius
1781 438 1869 461 tamen

1083 479 1240 515 principium
1256 480 1341 513 ipsum
1363 479 1497 513 explicare
1516 486 1584 513 opus
1598 484 1639 507 est
1651 498 1658 512 ,
1674 486 1705 506 ac
1727 487 1847 514 quaerere
1859 500 1867 512 ,

1082 531 1164 559 quare
1185 524 1355 551 Timotheum
1379 524 1428 551 ltoc
1454 524 1514 552 loro
1534 525 1583 551 sibi
1608 525 1748 560 copularit.
1772 524 1869 552 Paulus

1082 571 1164 603 enim,
1187 571 1286 606 inquit.
1303 571 1431 605 apostolus
1451 570 1513 598 Jesu
1534 571 1628 597 Christi
1649 579 1693 605 per
1715 572 1869 598 voluntatem

1083 616 1141 647 Dei.
1155 622 1179 643 et
1192 616 1335 643 Timotheus
1353 618 1440 652 frater.
1456 617 1558 643 Ειυηίιιι
1574 617 1599 643 in
1614 617 1703 651 priore
1715 617 1825 651 epistola
1839 625 1870 645 se

1082 662 1158 689 illurn
1177 670 1237 690 esse
1253 663 1395 689 missurum
1416 662 1591 697 pollicebatur
1612 667 1639 690 et
1660 663 1814 690 hortabatur
1828 663 1869 692 his

1082 707 1172 735 verbis
1186 716 1193 735 :
1208 707 1239 734 Si
1251 713 1333 734 autem
1347 708 1438 734 venerit
1449 707 1602 740 Timotheus,
1615 708 1694 735 videte
1705 713 1730 734 ut
1741 709 1793 735 sine
1802 714 1869 735 metu

1082 753 1114 779 sit
1128 752 1197 788 apud
1209 760 1252 780 vos
1268 754 1306 786 (1.
1323 753 1379 780 Cor.
1398 754 1439 780 16.
1458 753 1502 788 10)
1518 762 1523 779 :
1538 761 1586 780 cur
1596 761 1658 788 ergo
1671 761 1730 780 eum
1745 754 1794 781 ltoc
1810 754 1869 781 loco

1083 799 1109 825 in
1123 799 1253 834 protemio
1268 807 1359 827 secum
1372 800 1528 835 conjungit?
1542 800 1617 832 Cum,
1632 804 1659 826 ut
1672 800 1795 834 magister
1809 808 1870 835 pro-

1083 845 1201 878 miserat,
1213 845 1246 872 ad
1259 853 1306 872 eos
1322 853 1351 872 se
1363 846 1521 872 contulisset
1535 845 1606 880 (Misi
1617 846 1687 872 enim
1698 866 1704 877 ,
1719 845 1803 880 inquit
1815 866 1821 877 ,
1836 845 1868 871 ad

1082 900 1125 918 vos
1137 891 1304 924 Timotheum,
1319 892 1361 925 qui
1376 900 1418 918 vos
1431 892 1637 926 commonefacict
1653 891 1705 918 vias
1716 899 1784 918 meas
1796 912 1803 924 ,
1815 899 1869 925 quin

1082 942 1140 964 sunt
1153 938 1179 963 in
1187 936 1284 964 Christo
1297 936 1333 973 (l.
1343 936 1487 973 CorJJ'i]
1499 938 1604 972 ),atquc
1619 936 1662 963 ubi
1676 937 1870 964 onmiarectius

1082 983 1283 1017 constituisset,
1299 984 1330 1011 ad
1346 984 1455 1011 Paulum
1477 992 1506 1011 se
1521 989 1667 1017 receperat.
1685 983 1790 1011 Etenim
1809 991 1868 1011 cum

1083 1037 1143 1057 cum
1160 1029 1289 1060 mitteret,
1304 1029 1419 1061 diccbat,
1433 1029 1556 1055 Deducite
1568 1037 1623 1055 eum
1637 1029 1662 1055 in
1673 1037 1744 1063 pace.
1755 1033 1781 1055 ut
1790 1029 1869 1055 veniat

1082 1075 1117 1102 ad
1127 1083 1166 1101 me
1175 1080 1305 1110 :ezspecto
1317 1075 1382 1101 enim
1393 1083 1448 1101 eum
1459 1083 1516 1101 cum
1527 1074 1646 1109 fratribus
1655 1074 1679 1109 (l
1687 1074 1757 1102 .Car.
1766 1074 1823 1101 16.Ι
1832 1074 1868 1109 1).

1117 1121 1144 1147 2.
1158 1121 1333 1156 Posteaquam
1350 1121 1429 1156 igitur
1441 1121 1474 1148 ad
1491 1122 1645 1156 magistrum
1661 1128 1690 1148 se
1704 1121 1866 1155 recepisset,

1081 1175 1113 1194 ac
1127 1167 1258 1194 restitutis
1278 1168 1459 1202 correctisqne
1480 1176 1529 1194 una
1544 1175 1604 1194 cum
1618 1175 1651 1194 eo
1672 1168 1742 1194 Asia:
1755 1167 1869 1202 negotiis

1082 1214 1202 1250 (Manebo
1216 1215 1286 1241 enim
1298 1234 1305 1247 ,
1328 1214 1429 1249 inquit,
1446 1213 1540 1248 Ephesi
1559 1222 1636 1248 usque
1657 1213 1690 1240 ad
1706 1213 1869 1240 Pentecosten

1083 1259 1121 1296 [1.
1137 1258 1195 1287 Cor.
1212 1260 1254 1287 16.
1271 1259 1326 1296 8]),
1342 1267 1434 1286 rursus
1449 1261 1474 1286 in
1489 1259 1670 1286 Macedoniam
1684 1259 1867 1286 transivisset:

1080 1306 1134 1341 jam
1154 1313 1207 1333 non
1227 1306 1361 1333 imtnerito
1383 1314 1443 1333 etttn
1460 1310 1488 1333 ut
1503 1311 1659 1341 prmseutem
1681 1306 1730 1333 sibi
1751 1305 1867 1340 copulat.

1082 1352 1187 1380 Etenim
1204 1357 1266 1379 tunc
1279 1360 1312 1379 ex
1328 1352 1401 1385 Asia,
1418 1361 1488 1379 nunc
1503 1357 1590 1379 autem
1606 1360 1620 1379 e
1634 1352 1788 1379 Macedonia
1801 1353 1867 1379 scri-

1081 1398 1129 1425 bit.
1144 1398 1229 1434 lpsum
1245 1406 1323 1433 porro
1337 1398 1386 1425 sibi
1399 1398 1548 1433 conjumit,
1565 1403 1619 1425 tum
1636 1402 1664 1424 ut
1677 1405 1738 1425 eum
1752 1397 1867 1424 bottom-

1082 1444 1205 1472 biliorem
1219 1444 1359 1477 redderet,
1376 1448 1430 1471 tum
1453 1449 1481 1471 ut
1496 1444 1612 1479 ingentis
1634 1443 1790 1470 humilitatis
1813 1450 1869 1470 sua:

1081 1490 1216 1526 specimen
1229 1490 1376 1518 exhiberet.
1392 1491 1455 1517 Erat
1468 1491 1539 1517 enim
1555 1490 1598 1517 ille
1612 1490 1720 1517 inferior
1734 1490 1809 1525 ipso;
1822 1490 1869 1517 sed

1081 1537 1178 1564 caritas
1197 1538 1287 1564 omnia
1301 1537 1446 1564 connectit.
1464 1537 1556 1572 quue
1577 1537 1657 1564 etiattt
1680 1537 1728 1571 tit,
1753 1541 1782 1564 ut
1797 1537 1868 1564 illntn

1082 1585 1181 1620 ubique
1200 1584 1250 1613 sibi
1275 1589 1395 1619 exazquet
1408 1604 1414 1616 ,
1436 1592 1505 1611 nune
1527 1585 1560 1610 ita
1586 1584 1708 1619 loquens,
1730 1583 1870 1620 Tamquam

1082 1631 1148 1666 patri
1159 1630 1239 1665 ﬁlius,
1254 1631 1315 1657 mihi
1326 1630 1451 1657 inservit-it
1467 1629 1593 1665 (Philipp.
1609 1630 1636 1656 2.
1651 1629 1696 1665 22)
1711 1639 1717 1656 :
1733 1638 1802 1657 nunc
1811 1637 1871 1656 rur—

1081 1686 1139 1711 stts,
1154 1677 1225 1713 Opus
1237 1679 1304 1705 enim
1315 1677 1421 1704 Domini
1435 1681 1564 1711 operatur,
1580 1677 1643 1704 sicut
1654 1681 1677 1703 et
1689 1684 1735 1711 ego
1749 1675 1758 1710 (
1770 1676 1795 1703 l.
1809 1675 1869 1703 Cor.

1083 1723 1128 1751 16.
1145 1723 1191 1759 10)
1208 1732 1216 1751 :
1230 1731 1261 1750 ac
1276 1723 1390 1757 denique
1412 1722 1462 1750 hoc
1487 1723 1546 1749 loco
1568 1722 1676 1749 fratrem
1691 1728 1795 1756 quoque
1809 1728 1870 1748 eum

1082 1769 1201 1804 appellat
1214 1777 1222 1796 :
1237 1769 1362 1796 nimirum
1377 1773 1405 1795 ut
1418 1768 1543 1795 ontnihus
1559 1767 1645 1794 modis
1658 1767 1681 1793 ei
1696 1766 1765 1801 apud
1778 1766 1871 1793 Corin-

1084 1814 1153 1842 thios
1167 1813 1367 1842 venerationem
1382 1819 1527 1848 comparet.
1544 1813 1608 1840 Nam
1621 1819 1669 1843 eo,
1684 1816 1712 1838 ut
1723 1811 1777 1846 jam
1792 1811 1846 1837 dixi
1860 1831 1867 1842 ,

1083 1864 1248 1895 perrexerat,
1265 1867 1374 1894 suaeque
1389 1860 1495 1886 virtutis
1509 1859 1696 1886 documentum
1708 1856 1869 1892 praebuerat.

1084 1907 1204 1935 Ecclesiae
1220 1906 1266 1935 Dei
1280 1914 1337 1941 quae
1348 1912 1384 1933 est
1402 1906 1525 1933 Corinthi.
1542 1905 1643 1933 Rursus
1662 1911 1710 1931 eos
1724 1902 1870 1931 Ecclesiam

1084 1958 1172 1988 vocat,
1187 1958 1218 1981 ut
1229 1960 1323 1981 omnes
1337 1953 1363 1979 itt
1380 1960 1461 1980 unum
1479 1952 1604 1980 conciliet
1618 1959 1649 1978 ac
1663 1950 1804 1978 devinciat.
1816 1948 1870 1975 Ne-

1085 2008 1136 2036 que
1148 2000 1219 2028 enim
1234 1999 1352 2027 Ecclesia
1367 2007 1418 2026 una
1433 2006 1493 2027 esse
1506 2003 1596 2034 queat,
1611 1997 1722 2025 divulsis
1735 1997 1780 2028 iis,
1792 2000 1871 2030 atque

1085 2047 1155 2074 inter
1172 2054 1202 2073 se
1216 2045 1406 2073 dissidentibus
1418 2065 1425 2075 ,
1449 2044 1494 2080 qui
1516 2045 1542 2072 in
1563 2052 1594 2071 ea
1609 2048 1680 2071 sunt.
1697 2042 1760 2070 Cum
1780 2041 1871 2069 sanctis

1085 2093 1201 2119 omnibus
1215 2092 1258 2127 qui
1273 2097 1330 2119 sunt
1343 2091 1369 2118 in
1384 2091 1498 2117 universa
1511 2090 1617 2117 Achaia.
1637 2088 1738 2116 Eadem
1753 2095 1832 2122 opera
1845 2091 1872 2114 et

1085 2137 1240 2165 Corinthios
1254 2137 1356 2164 honore
1369 2136 1459 2167 afﬁcit,
1476 2136 1538 2162 dum
1558 2142 1607 2169 per
1619 2142 1677 2161 eam
1691 2140 1769 2168 quam
1780 2132 1813 2159 ad
1825 2140 1871 2159 eos

1086 2183 1178 2211 scribit
1191 2183 1330 2218 epistolam
1343 2190 1435 2209 omnes
1451 2181 1609 2213 consalutat,
1621 2185 1646 2207 el
1662 2180 1812 2206 universam
1826 2185 1874 2204 na-

1088 2230 1186 2257 tionem
1204 2228 1272 2257 inter
1285 2236 1314 2256 se
1329 2228 1461 2255 conciliat.
1477 2227 1590 2254 Sanctos
1604 2230 1691 2252 autem
1711 2232 1758 2252 eos
1778 2228 1873 2256 vocat,

1087 2281 1116 2302 ut
1129 2274 1251 2302 ostendat
1270 2273 1303 2300 ab
1319 2273 1367 2300 hac
1379 2273 1557 2308 appellatione
1576 2272 1691 2299 aliettutn
1707 2277 1767 2298 esse
1777 2290 1784 2301 ,
1799 2270 1872 2306 quis-

1087 2321 1147 2356 quis
1171 2320 1281 2355 impuris
1305 2324 1346 2347 est
1367 2319 1495 2347 moribus.
1522 2318 1556 2346 Et
1578 2326 1625 2345 cur
1646 2317 1679 2344 ad
1704 2316 1873 2351 metropolitn

1087 2366 1217 2400 scribens,
1241 2366 1364 2393 omnibus
1386 2373 1434 2400 per
1455 2373 1514 2392 eam
1536 2365 1638 2397 scribit,
1659 2371 1719 2391 eum
1738 2362 1764 2389 id
1777 2362 1874 2396 ubique

1087 2413 1196 2440 minitne
1217 2411 1311 2438 faciat?
1330 2410 1467 2445 Siquidem
1487 2417 1547 2437 cum
1568 2409 1601 2436 ad
1621 2408 1875 2436 Thessalomcenses

1088 2459 1180 2486 literas
1198 2457 1291 2489 daret,
1307 2464 1359 2483 non
1376 2456 1409 2484 ad
1423 2455 1581 2483 Macedones
1604 2461 1709 2489 quoque
1722 2452 1874 2484 scribebat;

1088 2513 1137 2533 nec
1158 2506 1221 2532 item
1247 2503 1369 2538 Ephesiis
1391 2503 1520 2535 scribens,
1544 2501 1695 2529 universam
1719 2499 1808 2526 Asiam
1824 2505 1876 2524 una

1088 2551 1243 2586 complexus
1265 2554 1320 2580 est;
1345 2556 1394 2575 ttec
1417 2548 1534 2582 denique
1549 2546 1667 2581 Epistula
1686 2545 1720 2572 ad
1741 2545 1877 2572 Romanos

1090 2599 1123 2626 iis
1142 2597 1234 2631 etiam,
1252 2596 1296 2631 qui
1318 2595 1343 2622 in
1365 2595 1438 2622 ltalia
1458 2593 1643 2624 versabantur,
1660 2592 1740 2619 missa
1761 2595 1812 2617 est.
1830 2589 1877 2616 llic

1088 2650 1178 2673 autem
1193 2643 1243 2670 hoc
1256 2642 1334 2674 facit,
1353 2646 1432 2677 atque
1452 2641 1513 2668 item
1534 2640 1559 2668 iu
1581 2638 1698 2674 Epistula
1711 2637 1744 2664 ad
1759 2636 1876 2664 Galatas.

1090 2689 1180 2724 Neque
1194 2689 1265 2715 enim
1281 2688 1334 2715 illic
1348 2687 1394 2715 uni
1408 2686 1555 2718 dumtaxat,
1575 2690 1621 2712 attt
1634 2684 1749 2715 duabus.
1769 2686 1814 2709 aut
1829 2681 1877 2708 tri-

1090 2735 1140 2762 bus
1163 2733 1326 2766 civitatibus,
1352 2732 1400 2761 sed
1422 2732 1455 2760 iis
1477 2732 1521 2767 qui
1543 2731 1642 2767 passim
1662 2728 1776 2764 dispersi
1801 2730 1876 2754 erant

1090 2779 1202 2811 scribit,
1218 2779 1259 2806 his
1278 2778 1369 2806 verbis
1386 2782 1484 2805 utens:
1502 2776 1601 2804 Paulus
1616 2775 1762 2811 apostolus,
1783 2781 1834 2799 non
1848 2771 1880 2797 ob

1091 2825 1232 2853 hominibus
1244 2833 1288 2852 net:
1302 2833 1346 2861 per
1356 2825 1492 2857 hominem,
1506 2824 1551 2851 sed
1566 2831 1609 2858 per
1621 2823 1710 2849 Jesum
1720 2820 1848 2849 Christum
1855 2823 1880 2844 et

1091 2872 1172 2900 Deum
1184 2872 1297 2906 Patrem,
1309 2871 1353 2907 qui
1365 2871 1493 2899 suscitavit
1501 2878 1557 2898 eum
1565 2877 1596 2898 ea:
1604 2868 1720 2901 mortuis,
1736 2871 1759 2895 et
1771 2864 1815 2902 qui
1827 2872 1880 2891 nte-
