4122 6226
471 318 577 376 383

471 439 890 513 παρακλήσεως.
930 441 1086 506 Τίνος
1115 439 1208 497 οὖν
1235 441 1420 497 ἐνεκεν
1453 442 1712 514 δευτέραν
1742 442 2033 514 προστίθη-

469 551 594 602 σιν;
628 533 810 587 Εἰπὼν
836 535 893 586 ἐν
919 537 985 604 τῇ
1016 536 1257 607 προτέρᾳ
1299 536 1603 606 Ἐπιστολῇ,
1637 536 1719 588 ὅτι
1759 536 2038 590 Ἐλεύσο-

465 641 572 693 μαι
593 622 745 692 πρὸς
770 621 945 692 ὑμᾶς,
974 624 1072 676 καί
1105 631 1428 694 γνώσομαι,
1462 627 1534 680 οὺ
1566 625 1672 679 τὸν
1698 627 1886 695 λόγον
1919 624 2039 679 τῶν

470 713 963 785 πεφυσιωμένων,
1009 715 1171 770 ἀλλὰ
1200 715 1316 785 τὴν
1355 716 1630 786 δύναμιν,
1674 717 1769 771 καὶ
1799 715 1933 787 πρὸς
1960 715 2038 786 τῷ

468 807 612 862 τέλει
643 807 804 861 πάλιν
828 806 1259 878 προσηνέστερον
1285 807 1416 860 αὐτὸ
1450 807 1610 861 τοῦτο
1634 807 1998 878 ὑποσχόμενος
2021 824 2034 838 ·

482 900 833 968 Ἐλεύσομαι
863 897 990 970 γάρ,
1025 898 1179 969 φησι,
1227 899 1377 967 πρὸς
1401 898 1578 968 ὑμᾶς,
1607 899 1754 952 ὅταν
1777 897 2040 952 Μακεδο-

470 993 611 1047 νίαν
647 991 861 1045 διέλθω
883 1005 898 1020 ⁶
935 990 1310 1044 Μακεδονίαν
1347 989 1457 1061 γὰρ
1500 989 1803 1060 διέρχομαι
1839 1005 1856 1022 ο
1889 987 2039 1056 πρὸς

473 1082 628 1156 ὑμᾶς
652 1083 721 1137 δὲ
761 1084 951 1152 τυχὸν
985 1081 1322 1152 παραμενῶ,
1361 1081 1397 1151 ἣ
1437 1081 1533 1136 καί
1577 1079 2036 1151 παραχειμάσω·

471 1174 669 1230 πολλοῦ
729 1173 933 1246 μεταξὺ
983 1173 1274 1245 γενομένου
1330 1174 1523 1246 χρόνου
1567 1175 1628 1227 οὐ
1687 1172 2036 1244 παρεγένετο,

473 1260 610 1315 ἀλλά
632 1259 728 1314 καὶ
755 1259 856 1330 τῆς
891 1257 1226 1330 προθεσμίας
1256 1256 1649 1329 παρελθούσης,
1695 1255 1916 1328 ἐμελλεν
1959 1255 2040 1309 ἐτι

474 1354 569 1409 καὶ
601 1351 883 1426 ἐοράδυνε,
923 1349 1017 1404 τοῦ
1064 1349 1377 1420 Πνεύματος
1428 1349 1588 1403 αὐτὸν
1625 1348 1946 1418 κατέχοντος
1983 1349 2039 1402 ἐν

475 1445 680 1518 ἑτέροις
720 1443 900 1515 πολλῷ
957 1443 1160 1497 τούτων
1219 1442 1680 1513 ἀναγκαιοτέροις.
1729 1440 1830 1494 Διά
1883 1438 2041 1493 τοῦτο

473 1535 756 1607 ἐπιπολῆς
784 1534 976 1606 ἐδεήθη
1014 1533 1288 1603 δευτέρας,
1327 1533 1425 1586 οὐκ
1451 1532 1516 1588 ἂν
1536 1531 1764 1605 δεηθεὶς,
1795 1533 1844 1586 εἰ
1891 1530 2043 1603 παρὰ

477 1627 668 1700 μικρὸν
695 1626 1016 1699 ὑστέρησεν.
1066 1626 1140 1679 Οὐ
1171 1624 1260 1679 διὰ
1291 1623 1450 1678 τοῦτο
1493 1624 1552 1678 δὲ
1595 1625 1773 1696 μόνον,
1808 1624 1921 1679 ἀλλ’
1959 1625 2041 1678 ὅτι

473 1720 566 1775 καὶ
597 1717 842 1789 βελτίους
876 1713 1018 1790 ἦσαν
1053 1715 1160 1770 ἀπὸ
1191 1714 1341 1788 [418]
1373 1715 1474 1784 τῆς
1502 1715 1775 1789 προτέρας
1817 1732 2044 1788 γεγενη-

475 1808 648 1881 μένοι.
691 1809 803 1863 Καὶ
826 1807 933 1880 γὰρ
955 1807 1048 1861 τὸν
1087 1807 1514 1880 πεπορνευκότα,
1545 1809 1605 1862 δν
1637 1809 1899 1881 πρότερον
1929 1826 2045 1861 συν-

472 1900 748 1973 εκρότουν,
775 1899 874 1954 καὶ
902 1899 988 1970 ἐφ’
1021 1891 1064 1966 ᾧ
1090 1899 1232 1970 μέγα
1258 1899 1536 1970 ἐφρόνουν,
1563 1900 1750 1954 τοῦτον
1782 1900 2044 1970 ἐξέκοψαν

472 1991 566 2046 καὶ
593 1990 876 2062 ἀφώρισαν
899 1990 1198 2054 παντελῶς.
1221 1990 1332 2044 Kal
1359 1989 1518 2045 τοῦτο
1537 1990 1803 2059 ἐδήλωσεν
1834 1991 2004 2046 εἰπών
2025 2008 2040 2022 °

475 2085 544 2139 El
577 2081 647 2138 δέ
677 2099 770 2150 τις
795 2083 1162 2152 λελύπηκεν,
1203 2083 1314 2136 οὐκ
1343 2080 1450 2152 ἐμὲ
1477 2085 1842 2151 λελύπηκεν,
1884 2083 2047 2138 ἀλλὰ

476 2172 596 2227 ἀπὸ
619 2172 862 2242 μέρους,
893 2173 993 2227 ινα
1013 2171 1098 2242 μὴ
1132 2170 1389 2242 ἐπιϐαρῶ
1425 2171 1657 2239 πάντας
1685 2169 1858 2241 ὑμᾶς.
1899 2171 2043 2227 Ἰκα-

477 2265 568 2319 νὸν
592 2264 671 2337 τῷ
694 2262 915 2336 τοιούτῳ
1005 2264 1254 2335 ἐπιτιμία
1276 2263 1413 2335 αὕτη
1437 2266 1470 2336 ἡ
1495 2264 1598 2318 ὑπὸ
1627 2263 1736 2317 τῶν
1763 2263 2043 2318 πλειόνων.

474 2357 588 2411 Kal
621 2354 828 2429 προῖὼν
857 2355 1017 2412 πάλιν
1045 2356 1108 2410 τὸ
1153 2355 1285 2412 αὐτὸ
1326 2357 1615 2411 αἰνίττεται
1643 2354 1838 2421 λέγων’
1889 2353 2046 2409 Ἰδοὺ

474 2448 587 2521 γὰρ
618 2449 687 2504 τὸ
714 2448 866 2504 κατὰ
913 2448 1063 2504 Θεὸν
1087 2447 1432 2517 λυπηθῆναι
1470 2447 1642 2516 ὑμᾶς,
1673 2445 1876 2513 πόσην
1906 2461 2046 2499 κατ-

474 2539 795 2612 ειργάσατο
837 2539 909 2595 ἐν
942 2539 1088 2610 ὑμῖν
1123 2539 1409 2617 σπουδήν
1447 2555 1462 2570 ο
1494 2539 1656 2594 ἀλλὰ
1691 2538 2044 2608 ἀπολογίαν,

475 2633 640 2689 ἀλλὰ
675 2630 1110 2704 ἀγανάκτησιν,
1155 2630 1316 2686 ἀλλὰ
1339 2630 1545 2699 φόϐον,
1580 2630 1740 2685 ἀλλὰ
1768 2629 2051 2696 ἐπιπόθη-

477 2739 604 2792 σιν,
629 2723 788 2780 ἀλλὰ
809 2721 1012 2792 ζῆλον,
1027 2722 1186 2778 ἀλλὰ
1209 2721 1542 2790 ἐκδίκησιν.
1577 2722 1680 2776 Ἑν
1699 2720 1878 2774 παντί
1901 2735 2049 2774 συνο

476 2814 777 2884 εστήσατε
805 2813 1060 2880 ἑαυτοὺς
1080 2812 1304 2883 ἁγνοὺς
1332 2809 1486 2867 εῖναι
1525 2812 1596 2868 ἐν
1623 2812 1703 2878 τῷ
1729 2811 2044 2881 πράγματι.

475 2908 588 2964 Kal
621 2905 722 2979 τὴν
741 2905 994 2974 εὐλογίαν
1021 2904 1097 2969 δὲ,
1132 2899 1202 2973 ἢν
1228 2904 1501 2970 ἐκέλευσε,
1533 2904 1669 2975 μετὰ
1695 2901 1898 2974 πολλῆς
1927 2918 2052 2955 συν-

473 3000 680 3072 ήγαγον
703 2997 805 3069 τῆς
833 2995 1071 3068 σπουδῆς
1102 3012 1119 3029 ο
1145 2994 1226 3050 διὸ
1262 2996 1358 3049 καὶ
1395 2995 1601 3064 ἔλεγεν
1632 2990 1772 3048 Οἶδα
1799 2996 1907 3065 γὰρ
1935 2993 2051 3062 τὴν

474 3089 812 3160 προθυμίαν
840 3086 1025 3158 ὑμῶν,
1053 3085 1135 3155 ἣν
1157 3085 1309 3156 ὑπὲρ
1335 3084 1504 3156 ὑμῶν
1526 3086 1836 3155 καυχῶμαι
1857 3089 2051 3139 Μακε-

473 3181 674 3248 δόσιν,
702 3179 795 3234 δτι
828 3180 1026 3249 Ἀχαΐα
1047 3178 1532 3248 παρεσκεύασται
1554 3177 1914 3248 ἀποπέρυσι.
1941 3177 2051 3232 Kal

473 3273 567 3330 τὸν
611 3273 771 3328 Τίτον
801 3283 852 3336 ⁸,
894 3270 955 3324 ὃν
995 3269 1229 3341 έπεμψε,
1276 3268 1413 3340 μετά
1453 3268 1633 3337 πάσης
1669 3267 1918 3334 ἐδέξαντο
1948 3269 2051 3338 τῆς

478 3363 712 3429 εὐνοίας.
751 3363 864 3418 Kal
908 3361 1067 3416 τοῦτο
1103 3361 1237 3416 αὐτὸ
1266 3361 1481 3424 δεικνὺς
1519 3359 1682 3414 πάλιν
1714 3360 1898 3428 ἔλεγεν
1919 3397 1936 3425 ,
1966 3361 2050 3414 δτι

484 3455 562 3515 Τὰ
603 3453 937 3525 σπλάγχνα
981 3452 1169 3508 αὐτοῦ
1231 3453 1671 3521 περισσοτέρως
1734 3450 1907 3505 ἐστὶν
1963 3453 2051 3518 εἰς

476 3545 656 3619 ὑμᾶς,
675 3542 1284 3616 ἀναμιμνησκομένου
1319 3543 1435 3611 τὴν
1468 3543 1713 3596 πάντων
1738 3541 1908 3612 ὑμῶν
1937 3544 2053 3598 ὑπ..

474 3639 691 3708 ακοὴν,
722 3635 879 3692 ὥστε
907 3637 934 3677 δ
962 3635 1112 3706 μετὰ
1142 3635 1332 3705 φόϐου
1375 3634 1474 3689 καί
1501 3635 1719 3704 τρόμου
1761 3633 2053 3700 ἐδέξασθε

473 3730 684 3786 αὐτόν.
714 3727 815 3783 Διά
845 3727 1018 3781 ταῦτα
1053 3728 1230 3782 πάντα
1257 3727 1460 3799 γράφει
1485 3727 1584 3798 τὴν
1615 3725 1875 3798 δευτέραν
1905 3726 2054 3779 Ἐπι-

477 3821 697 3894 στολὴν.
723 3821 836 3876 Kal
863 3819 974 3892 γὰρ
999 3820 1187 3892 ἐχρῆν,
1215 3819 1403 3888 ὥσπερ
1431 3820 1592 3890 ἡνίκα
1625 3819 1936 3891 ἡμάρτανον
1963 3820 2048 3872 ἐν-

476 3913 689 3981 εκάλει,
715 3912 856 3968 οὕτω
887 3911 1282 3985 διορθωθέντας
1311 3911 1674 3978 ἀποδέξασθαι
1697 3911 1793 3965 xal
1831 3911 2050 3964 ἐπαινέ-

480 4023 594 4062 σαι.
624 4006 826 4078 Διόπερ
847 4005 970 4058 οὐδὲ
1003 4003 1485 4075 καταφορικωτέρα
1507 4003 1624 4056 ἐστὶ
1662 4004 1809 4056 πᾶσα
1833 4004 1865 4074 ἡ
1899 4003 2052 4056 Ἐπι-

481 4099 669 4172 στολὴ,
697 4098 808 4154 ἀλλ’
836 4097 995 4166 ὀλίγα
1024 4095 1119 4148 τοῦ
1167 4093 1351 4156 τέλους
1381 4093 1554 4162 αὐτῆς
1597 4093 1760 4163 μέρη.
1792 4091 1902 4144 Καὶ
1943 4091 2052 4162 γὰρ

478 4191 626 4269 ἦσαν
652 4193 745 4248 καὶ
774 4191 902 4262 παρ’
931 4191 1114 4253 αὐτοῖς
1141 4187 1202 4253 ἐξ
1240 4185 1507 4241 Ἰουδαίων
1531 4184 1675 4256 μέγα
1705 4183 2050 4254 φρονοῦντες,

479 4286 583 4341 καὶ
630 4284 838 4340 Παῦλον
881 4281 1255 4344 διαϐάλλοντες
1294 4279 1370 4343 ὡς
1414 4276 1653 4341 ἀλαζόνα
1697 4279 1792 4332 καί
1840 4276 2054 4342 οὐδενὸς

477 4379 633 4445 ἀξιον
658 4377 819 4448 λόγου
845 4391 861 4408 ο
889 4374 972 4430 διὸ
998 4374 1095 4429 καὶ
1123 4373 1331 4442 ἔλεγονο
1365 4373 1435 4426 Αἰ
1455 4371 1575 4441 μεν
1596 4369 1915 4424 ἐπιστολαὶ
1938 4371 2078 4435 ,ϐα-λ

471 4471 652 4543 ρεῒαι,
687 4472 728 4540 ἠ
758 4469 828 4524 δὲ
854 4467 1157 4537 παρουσία
1184 4464 1292 4519 τοῦ
1317 4463 1592 4534 σώματος
1618 4463 1904 4531 ἀσθενὴς,
1950 4463 2050 4518 καὶ

477 4566 515 4620 δ
553 4564 742 4633 λόγος
775 4557 1269 4628 ἐξουθενημένος.
1326 4557 1391 4611 '0
1429 4556 1487 4609 δέ
1531 4555 1716 4624 ἔλεγον
1749 4553 1908 4608 τοῦτο
1934 4549 2002 4625 ἦν
2030 4569 2046 4586 ο

479 4655 652 4711 Ὅταν
678 4653 775 4726 μὲν
803 4653 973 4722 παρῇ,
995 4653 1180 4721 φησὶν,
1199 4647 1408 4711 οὐδενὸς
1425 4646 1572 4711 άξιος
1593 4647 1864 4716 φαίνεται·
1893 4645 2052 4699 τοῦτο

478 4745 590 4819 γάρ
619 4746 791 4810 ἐστιν,
831 4745 893 4800 'H
937 4741 1238 4812 παρουσία
1284 4740 1389 4794 τοῦ
1427 4738 1701 4808 σώματος
1732 4737 1999 4807 ἀσθενής
2031 4754 2046 4770 ·

477 4836 735 4895 ἀπελθὼν
759 4835 819 4890 δέ
846 4833 1120 4905 κομπάζει
1150 4831 1380 4903 μεγάλα,
1416 4831 1483 4884 δι’
1513 4823 1588 4884 ὧν
1621 4828 1925 4883 ἐπιστέλλει
1949 4844 1962 4858 ⁸
1989 4828 2052 4882 τὸ

480 4932 614 5004 γάρ,
643 4933 716 4986 Αἱ
764 4927 1077 4984 ἐπιστολαί
1115 4923 1374 4993 βαρεῖαι,
1416 4921 1575 4976 τοῦτο
1620 4921 1896 4991 σημαίνει.
1944 4921 2052 4975 Καὶ

485 5023 574 5076 ἵνα
593 5021 788 5087 δόξωσι
809 5021 879 5073 τά
903 5017 1023 5072 καθ’
1053 5016 1277 5078 ἑαυτοὺς
1308 5015 1667 5084 σεμνοποιεῖν,
1697 5012 2050 5082 ὑπεκρίνοντο

489 5112 564 5185 μὴ
613 5110 934 5184 λαμϐάνειν.
985 5108 1162 5179 Ὅπερ
1215 5101 1308 5159 οὖν
1360 5104 1455 5158 καὶ
1501 5103 1630 5158 αὐτὸ
1684 5102 2050 5173 αἰνιττόμενος

484 5205 671 5274 ἔλεγεν
692 5219 706 5234 ·
736 5202 861 5257 ἰνα
882 5199 952 5253 ἐν
971 5191 1020 5266 ᾧ
1047 5196 1404 5265 καυχῶνται,
1428 5193 1711 5264 εὐρεθῶσι
1735 5191 1929 5260 καθὼς
1948 5195 2046 5248 καί

480 5295 676 5369 ἡμεῖς.
705 5293 861 5350 Μετά
881 5292 937 5347 δέ
967 5289 1171 5344 τούτων
1197 5289 1291 5342 καὶ
1320 5288 1420 5359 τὴν
1447 5286 1554 5341 ἀπὸ
1585 5284 1678 5340 τοῦ
1701 5285 1858 5354 λόγου
1887 5284 2047 5338 δύνα-

487 5408 581 5462 μιν
604 5391 816 5463 ἔχοντες
837 5386 1044 5451 αὐτόθι,
1068 5385 1273 5456 σφόδρα
1295 5383 1576 5454 ἐπήροντο.
1605 5381 1694 5434 Διὸ
1712 5381 1808 5435 καὶ
1831 5379 2048 5450 ἰδιώτην

481 5483 676 5540 ἑαυτὸν
696 5482 872 5546 καλεῖ,
901 5478 1112 5536 δεικνὺς
1137 5477 1217 5530 ὃτι
1241 5474 1340 5528 οὐκ
1362 5471 1674 5544 αἰσχύνεται
1703 5472 1898 5543 τούτῳ,
1925 5471 2045 5526 οὐδὲ

485 5574 629 5648 μέγα
675 5591 730 5628 τι
767 5573 971 5644 κτῆμα,
1013 5565 1314 5622 τούναντίον
1365 5563 1462 5634 μὲν
1505 5559 1596 5617 οῦν
1625 5565 1856 5635 ἡγεῖται.
1897 5562 2050 5615 Ἐπεὶ⁹

476 5665 578 5724 οὖν
609 5667 756 5730 εἰκὸς
782 5662 850 5738 ἦν
883 5679 1034 5726 τινας
1063 5659 1166 5714 ὐπὸ
1203 5656 1405 5710 τούτων
1429 5654 1883 5726 παραπείθεσθαι,
1912 5653 2048 5724 πρό-

544 5797 570 5826 ⁸
594 5794 682 5844 Ms.
724 5792 763 5842 Α
787 5797 840 5840 εἰ
863 5802 1015 5851 marg.
1039 5782 1385 5851 Ξενίιεκτίτον.
1431 5778 1584 5842 Editi,
1626 5782 1773 5842 male,
1798 5780 2041 5843 Τιμόθεον.

493 5896 498 5900 .
548 5856 574 5896 δ
596 5855 677 5906 Sic
700 5867 792 5903 ms.
816 5845 1101 5906 Edilifculn
1127 5845 1271 5907 ΒΜ,
1295 5847 1377 5900 ὡς.

1486 321 1554 379 IN
1589 321 1803 380 EPIST.
1846 321 1890 378 ll
1922 322 2014 378 AD
2050 321 2210 382 COR.
2253 320 2487 381 HOMIL.
2521 323 2564 379 l.

3594 324 3700 380 535

2137 459 2296 516 τερον
2316 443 2510 508 αὐτοὺς
2537 441 2888 514 ἐγκωμιάσας
2921 441 3058 514 ὐπέρ
3086 435 3160 499 ὧν
3181 439 3570 512 κατώρθωσαν,
3609 446 3704 497 καὶ

2139 537 2238 608 τήν
2266 535 2522 590 ἀπόνοιαν
2549 533 2774 588 ἐκείνων
2800 535 2900 604 τὴν
2926 536 3016 587 ἐπὶ
3039 537 3150 596 τοῖς
3194 532 3501 596 Ἰουδαϊκοῖς
3534 550 3702 587 κατα-

2141 626 2338 690 ϐαλὼν,
2385 626 2572 698 ἐπειδὴ
2609 625 2760 698 παρά
2808 625 2993 696 καιρὸν
3042 625 3180 679 αὐτὰ
3210 627 3394 694 τηρεῖν
3443 624 3704 695 ἐφιλονεί-

2141 737 2290 783 κουν,
2321 719 2439 772 τότε
2468 716 2794 788 συμμέτρως
2822 715 2916 768 καὶ
2943 715 3039 786 τὴν
3069 715 3207 786 ὑπὲρ
3230 714 3432 767 τούτων
3468 716 3705 768 ποιεῖται

2141 814 2450 885 ἐπίπληξιν.
2496 812 2560 865 Ἠ
2603 811 2702 883 μὲν
2739 805 2832 865 οῦν
2853 809 3105 872 ὑπόθεσις
3144 810 3242 882 τῆς
3265 810 3602 880 Ἐπιστολῆς,
3629 809 3707 874 ὡς

2141 905 2208 960 ἄν
2228 923 2313 968 τις
2329 906 2388 958 ἐν
2425 903 2708 974 κεφαλαίῳ
2734 903 2828 956 καὶ
2868 901 3225 973 παρατρέχων
3252 903 3414 961 εἴποι.
3439 900 3577 972 αὕτη
3615 918 3705 971 μοι

2142 992 2279 1051 εἶναι
2296 997 2462 1049 δοκεῖ.
2487 997 2578 1046 Δεῖ
2595 994 2651 1047 δὲ
2675 993 2839 1048 αὑτοῦ
2862 994 2952 1048 τοῦ
2971 994 3253 1066 προοιμίου
3274 993 3371 1060 τῆς
3388 991 3706 1060 Ἐπιστολῆς

2144 1086 2291 1161 [M9]
2315 1087 2554 1157 ἅψασθαι
2581 1087 2788 1152 λοιπὸν,
2818 1089 2913 1142 καὶ
2942 1089 3079 1158 μετὰ
3121 1087 3218 1158 τὴν
3259 1085 3510 1139 εἰωθυῖαν
3540 1084 3705 1138 αὐτοῦ

2143 1175 2446 1249 πρόσρησιν
2491 1177 2686 1243 εἰπεῖν,
2730 1176 2874 1241 τίνος
2927 1177 3111 1230 ἕνεκεν
3155 1175 3326 1238 οὕτως
3359 1175 3560 1247 ἤρξατο
3598 1174 3710 1229 ἀπὸ

2142 1269 2251 1323 τῶν
2298 1269 2597 1341 οἰκτιρμῶν
2634 1269 2727 1324 τοῦ
2767 1268 2921 1324 Θεοῦ.
2972 1269 3120 1332 Τέως
3160 1267 3344 1340 μέντοι
3392 1267 3563 1338 αὐτὴν
3610 1269 3709 1339 τὴν

2145 1361 2319 1433 ἀρχὴν
2352 1361 2646 1430 ἀναγκαῖον
2671 1363 2866 1424 εἰπεῖν,
2905 1362 2995 1414 καὶ
3023 1361 3254 1434 ζητῆσαι
3282 1359 3398 1424 πῶς
3422 1360 3513 1414 τὸν
3545 1361 3707 1431 Τιμό-

2145 1451 2266 1506 θεον
2288 1452 2517 1507 ἐνταῦθα
2546 1452 2722 1524 ἐαυτῷ
2754 1453 3056 1509 συντάττει.
3097 1454 3338 1518 Παῦλος
3364 1453 3494 1525 γὰρ,
3524 1453 3710 1522 φησὶν,

2143 1547 2487 1613 ἀπόστολος
2522 1546 2727 1614 Ἰησοῦ
2773 1546 3027 1615 Χριστοῦ
3054 1547 3150 1602 διὰ
3175 1545 3511 1616 θελήματος
3540 1545 3710 1610 Θεοῦ,

2146 1637 2246 1692 καί
2294 1638 2565 1706 Τιμόθεος
2591 1641 2625 1693 ό
2659 1638 2939 1708 ἁδελφός.
2983 1639 3092 1693 Kal
3128 1640 3236 1713 γάρ
3277 1642 3334 1694 ἐν
3363 1643 3429 1712 τῇ
3478 1638 3715 1710 προτέρᾳ

2159 1729 2443 1802 Ἐπιστολῇ
2478 1729 2845 1800 ἐπηγγέλλετο
2888 1731 3050 1786 αὐτὸν
3077 1731 3334 1803 πέμπειν,
3376 1732 3470 1786 καὶ
3495 1731 3714 1802 παρήγ-

2147 1820 2302 1890 γελλε
2337 1821 2511 1890 λέγων
2534 1837 2547 1851 ’
2588 1822 2723 1876 Ἐὰν
2748 1821 2817 1874 δὲ
2843 1821 2990 1890 ἔλθῃ
3020 1813 3311 1891 Τιμόθεος,
3329 1821 3592 1885 βλέπετε
3616 1821 3717 1874 ἵνα

2147 1911 2381 1980 ἀφόϐως
2405 1921 2430 1950 ο
2470 1909 2710 1980 γένηται
2756 1911 2908 1979 πρὸς
2949 1910 3104 1979 ὑμᾶς
3128 1927 3142 1942 ο
3190 1911 3309 1974 πῶς
3341 1906 3434 1964 οὖν
3484 1910 3717 1964 ἐνταῦθα

2147 1999 2312 2054 αὐτὸν
2343 1998 2522 2070 ἐαυτῷ
2553 2000 2610 2052 ἐν
2645 1999 2724 2070 τῷ
2757 1999 3030 2070 προοιμίῳ
3057 2000 3368 2064 συντάττεις
3404 1999 3716 2070 Παραγενό-

2152 2108 2312 2164 μενος
2341 2090 2480 2145 κατά
2509 2090 2608 2162 τὴν
2636 2091 2925 2161 ὑπόσχεσιν
2953 2089 3048 2144 τοῦ
3078 2089 3395 2144 διδασκάλου
3418 2091 3718 2161 (Ἔπεμψα

2148 2184 2258 2255 γὰρ
2281 2183 2423 2252 ὑμῖν
2447 2182 2746 2252 Τιμόθεον,
2769 2183 2956 2252 φησὶν,
2984 2181 3049 2249 ὃς
3081 2181 3235 2252 ὑμᾶς
3258 2181 3593 2252 ἀναμνήσει
3613 2181 3720 2248 τὰς

2149 2274 2329 2342 ὁδούς
2350 2291 2469 2344 μου
2497 2275 2602 2342 τὰς
2628 2276 2699 2329 ἐν
2718 2272 2990 2344 Χριστῷ),
3025 2276 3119 2328 καὶ
3146 2273 3446 2345 διορθώσας
3478 2274 3716 2338 ἅπαντα,

2149 2365 2443 2438 ἐπανῆλθε.
2475 2367 2586 2420 Kal
2627 2365 2736 2435 γὰρ
2763 2365 3000 2436 πέμπων
3029 2365 3190 2420 αὐτὸν
3224 2365 3376 2434 ἔλεγε
3401 2381 3416 2395 ’
3451 2363 3721 2434 Προπέμ-

2151 2461 2306 2528 ψατε
2331 2457 2520 2514 αὐτὸν
2554 2458 2620 2512 ἐν
2652 2457 2881 2527 εἰρήνῃ,
2912 2458 3012 2510 ἵνα
3048 2457 3195 2526 ἔλθῃ
3236 2459 3384 2525 πρός
3408 2474 3517 2527 με·
3556 2454 3721 2512 ἐκδέ-

2152 2567 2329 2621 χομαι
2356 2550 2466 2622 γὰρ
2488 2549 2675 2604 αὑτὸν
2692 2549 2842 2620 μετὰ
2868 2547 2988 2603 τῶν
3012 2548 3312 2618 ἀδελφῶν.

2227 2726 2293 2799 ει.
2341 2726 2494 2781 Ἐπεὶ
2527 2720 2621 2779 οὖν
2652 2723 2894 2778 ἀπέλαϐε
2936 2723 3029 2778 τὸν
3057 2723 3406 2790 διδάσκαλον,
3438 2724 3536 2778 καὶ
3561 2723 3631 2778 τά
3662 2725 3722 2778 ἐν

2165 2815 2322 2888 Ἀσίᾳ
2351 2813 2651 2886 διορθώσας
2676 2815 2794 2885 μετ’
2825 2815 2990 2869 αὐτοῦ
3018 2815 3035 2885 (
3065 2815 3356 2886 Ἔπιμενῶ
3375 2816 3504 2888 γάρ,
3535 2816 3719 2886 φησὶν,

2151 2906 2223 2960 ἐν
2261 2904 2491 2976 Ἐφέσῳ
2518 2904 2630 2970 ἕως
2658 2903 2769 2973 τῆς
2794 2905 3272 2978 Πεντηκοστῆς),
3303 2908 3464 2962 πάλιν
3493 2910 3573 2972 εἰς
3605 2911 3724 2962 Μα-

2153 2997 2395 3052 κεδονίαν
2431 2996 2604 3069 διέϐη,
2643 2997 2867 3060 εἰκότως
2914 2997 3076 3052 αὐτὸν
3105 2998 3200 3052 ἅτε
3249 3000 3493 3070 παρόντα
3546 3001 3724 3072 ἐαυτῷ

2155 3088 2436 3144 συντάττει
2479 3086 2687 3142 λοιπόν.
2726 3087 2836 3141 Kal
2867 3087 2974 3158 γὰρ
3001 3087 3122 3142 τότε
3165 3087 3264 3158 μὲν
3294 3089 3354 3156 ἐξ
3399 3089 3601 3154 Ἀσίας,
3628 3089 3722 3144 νῦν

2153 3177 2210 3232 δέ
2252 3178 2360 3232 ἀπὸ
2388 3176 2727 3242 Μακεδονίας
2774 3177 3096 3233 ἐπιστέλλει.
3148 3180 3411 3248 Συνέταξε
3441 3181 3496 3234 δέ
3536 3183 3720 3248 αὐτὸν,

2153 3270 2360 3324 ἐκεῖνόν
2388 3287 2450 3324 τε
2483 3271 2807 3343 σεμνότερον
2842 3270 3013 3342 ταύτῃ
3046 3272 3234 3340 ποιῶν,
3266 3275 3362 3328 καὶ
3392 3277 3490 3344 τὴν
3521 3275 3722 3347 πολλὴν

2155 3360 2350 3416 ἐαυτοῦ
2398 3361 2901 3434 ταπεινοφροσύνην
2963 3363 3404 3435 ἐνδεικνύμενος·
3462 3367 3556 3419 καὶ
3612 3368 3722 3441 γὰρ

2154 3455 2575 3527 καταδεέστερος
2622 3454 2785 3510 αὐτοῦ
2825 3451 2914 3526 ἦν,
2955 3454 3070 3509 ἀλλ’
3107 3455 3361 3526 ήάγάπη
3388 3457 3560 3511 πάντα
3596 3475 3720 3511 συν-

2155 3546 2301 3616 άγει.
2320 3547 2411 3601 Διὸ
2436 3549 2530 3601 καὶ
2550 3546 2826 3617 πανταχοῦ
2849 3547 3011 3602 αὐτὸν
3027 3547 3203 3619 ἐαυτῷ
3229 3545 3484 3613 ἐξισάζει,
3503 3550 3597 3604 νῦν
3623 3550 3724 3621 μὲν

2155 3639 2327 3708 λέγων
2344 3655 2358 3670 ·
2401 3639 2494 3705 Ὧς
2535 3636 2711 3706 πατρί
2751 3637 2987 3704 τέκνον,
3034 3637 3157 3692 σὺν
3191 3637 3320 3708 ἐμοὶ
3365 3640 3720 3695 ἐδούλευσε·

2155 3731 2250 3785 νῦν
2281 3730 2360 3793 δὲ,
2389 3730 2460 3784 Τὸ
2482 3728 2591 3798 γὰρ
2620 3729 2799 3799 ἔργον
2818 3729 3039 3798 Κυρίου
3075 3729 3390 3799 ἐργάζεται,
3422 3732 3502 3797 ὡς
3534 3731 3722 3802 κάγώ’

2156 3820 2391 3874 ἐνταῦθα
2418 3819 2476 3873 δὲ
2499 3820 2590 3873 καὶ
2623 3818 2849 3887 ἀδελφὸν
2869 3818 3042 3880 καλεῖ,
3073 3819 3164 3871 διὰ
3193 3819 3410 3872 πάντων
3443 3821 3726 3890 αἰδέσιμον

2157 3911 2319 3967 αὐτὸν
2361 3909 2664 3983 Κορινθίοις
2706 3909 2987 3973 καθιστάς.
3034 3910 3144 3964 Kal
3188 3910 3297 3982 γὰρ
3324 3906 3391 3982 ἦν
3415 3927 3725 3982 παραγεγο-

2157 4003 2285 4068 νὼς,
2335 4001 2522 4074 ὥσπερ
2573 4001 2730 4072 ἔφην,
2780 4000 2988 4064 αὐτόθι,
3043 4001 3138 4055 καὶ
3183 4005 3379 4073 πεῖραν
3411 4004 3511 4073 τῆς
3557 4004 3722 4058 αὐτοῦ

2155 4093 2402 4157 δεδωκὼς
2424 4093 2646 4168 ἀρετῆς.
2684 4092 2764 4162 Τῇ
2803 4093 3130 4160 Ἐκκλησία
3155 4093 3261 4148 τοῦ
3293 4094 3440 4147 Θεοῦ
3468 4093 3543 4163 τῇ
3564 4096 3720 4166 οὔσῃ

2155 4187 2226 4241 ἐν
2251 4187 2531 4257 Κορίνθῳ.
2567 4185 2736 4240 Πάλιν
2767 4184 2962 4248 αὐτοὺς
3021 4183 3345 4252 Ἐκκλησίαν
3387 4184 3561 4249 καλεῖ,
3597 4203 3720 4241 συν-

2157 4279 2306 4348 άγων
2339 4278 2548 4340 πάντας
2575 4276 2654 4339 εἰς
2687 4275 2746 4329 ἐν
2770 4275 2863 4328 καὶ
2894 4275 3145 4329 συνδέων.
3181 4276 3254 4328 Οὐ
3287 4276 3392 4347 γάρ
3419 4276 3486 4331 ἂν
3513 4276 3724 4345 γένοιτο

2169 4368 2464 4438 Ἐκκλησία
2515 4367 2631 4438 μία,
2673 4367 3082 4437 διεσπασμένων
3141 4367 3249 4421 τῶν
3300 4369 3359 4420 ἐν
3409 4369 3569 4440 αὐτῇ,
3625 4369 3720 4422 xal

2158 4461 2277 4515 κατ’
2307 4459 2552 4532 ἀλλήλων
2594 4459 2864 4516 ἑστώτων.
2901 4460 3025 4512 Σὺν
3050 4459 3173 4526 τοῖς
3204 4460 3392 4530 ἁγίοις
3416 4461 3564 4517 πᾶσι
3596 4460 3721 4527 τοῖς

2155 4550 2338 4608 οὖσιν
2372 4551 2443 4606 ὲν
2493 4550 2605 4620 ὅλη
2652 4549 2729 4619 τῇ
2770 4551 2985 4620 Ἀχαΐᾳ.
3025 4550 3176 4622 Ἀμα
3210 4552 3302 4604 καὶ
3345 4553 3479 4624 τιμᾷ
3527 4554 3720 4625 Κοριν-

2156 4643 2328 4709 θίους,
2369 4641 2459 4697 διά
2488 4643 2585 4713 τῆς
2620 4641 2823 4696 τούτων
2853 4642 3172 4712 Ἐπιστολῆς
3213 4643 3421 4706 πάντας
3449 4660 3720 4714 προσαγο-

2161 4736 2353 4808 ρεύων,
2383 4735 2479 4790 καὶ
2514 4734 2805 4806 ὁλόκληρον
2837 4736 3056 4804 συνάγει
3099 4734 3160 4788 τὸ
3186 4734 3357 4798 ἔθνος.
3411 4736 3622 4806 Ἀγεους
3661 4736 3718 4794 δὲ

2156 4828 2334 4893 καλεῖ,
2372 4827 2585 4890 δεικνὺς
2621 4827 2704 4880 ὅτι
2733 4825 2787 4879 et
2809 4843 2893 4889 τις
2929 4826 3258 4897 ἀκάθαρτος,
3282 4827 3436 4892 ἐκτός
3469 4829 3604 4882 ἐστιι
3617 4828 3720 4900 τῆς

2155 4920 2526 4992 προσηγορίας
2568 4919 2790 4990 ταύτης.
2824 4918 2920 4972 Διά
2959 4917 3012 4971 τί
3040 4917 3096 4971 δέ
3122 4920 3187 4990 τῇ
3223 4920 3547 4990 μητροπόλει
3577 4921 3716 4990 γρά-

2155 5029 2293 5082 φων,
2327 5013 2461 5065 πᾶσι
2499 5010 2566 5063 δι’
2593 5010 2762 5078 αὐτῆς
2787 5009 3105 5075 ἐπιστέλλει,
3149 5011 3211 5064 οὐ
3239 5010 3511 5082 πανταχοῦ
3559 5011 3719 5066 τοῦτο

2154 5105 2362 5171 ποιῶν;
2394 5099 2845 5156 Θεσσαλονικεῦσι
2889 5100 3019 5169 γοῦν
3086 5101 3414 5157 ἐπιστέλλων
3445 5105 3504 5159 οὐ
3544 5103 3717 5175 δήπου

2153 5197 2248 5250 καὶ
2294 5193 2600 5250 Μακεδόσιν
2644 5192 2958 5244 ἐπέστελλε·
2995 5193 3088 5247 καὶ
3153 5193 3422 5263 Ἐφεσίοις
3466 5195 3714 5263 γράφων,

2153 5285 2352 5357 ὁμοίως
2376 5286 2438 5339 οὐ
2464 5301 2530 5338 πε
2540 5282 2750 5355 ριέλασε
2776 5283 2872 5356 τὴν
2911 5284 3094 5338 Ἀσίαν
3119 5285 3336 5339 ἃπασαν
3353 5301 3368 5316 ·
3403 5285 3497 5338 καὶ
3522 5286 3554 5354 ή
3581 5284 3718 5354 πρὸς

2164 5378 2468 5448 Ῥωμαίους
2499 5376 2556 5431 δέ
2599 5375 2904 5446 Ἐπιστολὴ,
2953 5376 3074 5446 οὐχῖ⁹
3100 5377 3193 5429 καὶ
3221 5379 3332 5438 τοῖς
3347 5375 3447 5446 τὴν
3489 5375 3732 5429 Ἰταλίαν

2153 5468 2392 5525 οἰκοῦσιν
2413 5471 2559 5523 ἐστιν
2575 5467 2967 5538 ἐπεσταλμένη.
2986 5467 3123 5519 Ἀλλ’
3145 5465 3375 5520 ἐνταῦθα
3404 5466 3536 5521 αὐτὸ
3551 5470 3716 5532 ποιεῖ,

2155 5559 2249 5615 καὶ
2287 5561 2345 5612 ἐν
2390 5561 2456 5630 τῇ
2489 5557 2625 5629 πρὸς
2660 5557 2923 5620 Γαλάτας.
2955 5555 3094 5610 Οὐδὲ
3119 5557 3229 5628 γάρ
3267 5560 3382 5611 ἐκεῖ
3408 5560 3509 5632 μιᾷ
3540 5558 3715 5625 πόλει,

2153 5650 2357 5708 καὶδύο
2381 5651 2475 5705 καὶ
2492 5650 2690 5723 τρισὶν,
2716 5649 2850 5703 ἀλλά
2869 5653 2981 5714 τοῖς
3001 5651 3275 5722 πανταχοῦ
3296 5651 3716 5726 διεσπαρμένοις

2221 5841 2243 5871 ο
2269 5839 2379 5902 ML,
2396 5837 2588 5904 ἄφοδος,
2616 5850 2712 5888 non
2733 5838 2874 5888 male.
