4138 6220
475 298 578 356 385

470 416 793 481 ἐπιστέλλει,
842 415 1047 484 λέγων⁹
1099 412 1338 476 Παῦλος
1375 411 1716 474 ἀπόστολος
1747 407 1896 480 [420]
1929 409 2040 462 οὐκ

471 510 572 564 ἀπ’
600 509 944 576 ἀνθρώπων,
975 503 1116 558 οὐδὲ
1151 503 1224 554 δι’
1250 500 1584 569 ἀνθρώπου,
1612 501 1772 554 ἀλλὰ
1800 499 1896 553 διὰ
1933 501 2043 565 ’1η-

471 601 605 655 σοῦ-
638 597 890 667 Χριστοῦ
937 595 1034 648 καὶ
1079 593 1226 646 Θεοῦ
1281 592 1504 659 Πατρὸς
1548 591 1654 644 τοῦ
1705 591 2042 660 ἐγείραντος

471 689 660 744 αὑτὸν
681 689 750 740 ἐκ
791 682 1039 751 νεκρῶν,
1076 682 1176 735 καί
1203 685 1258 734 οί
1291 681 1412 734 σὺν
1447 679 1574 748 ἐμοὶ
1609 678 1830 745 πάντες
1872 678 2046 733 ἀδελ-

469 778 590 848 φοί,
619 775 746 840 ταῖς
785 773 1168 840 Ἐκκλησίαις
1207 771 1317 839 τῆς
1349 770 1668 836 Γαλατίας,
1698 769 1869 840 χάρις
1903 767 2047 838 ὑμῖν

473 869 566 922 καί
614 865 838 934 εἰρήνη.
878 865 988 918 Καὶ
1031 864 1302 935 Ἑϐραίοις
1334 864 1391 916 δέ
1422 863 1549 933 μίαν
1575 860 1776 915 ἅπασιν
1809 861 2045 932 ἔγραψεν

490 957 832 1026 Ἐπιστολὴν,
858 956 978 1009 οὐδέ
1003 956 1224 1019 τούτους
1239 953 1427 1008 διελὼν
1457 953 1596 1008 κατὰ
1613 953 1815 1016 πόλεις.
1839 953 1905 1004 Τί
1926 936 2044 1003 ποτ’

467 1045 562 1102 οὖν
595 1050 712 1101 ἐστι
748 1047 808 1100 τὸ
858 1046 1059 1112 αίτιον;
1113 1048 1266 1118 Ἐμοὶ
1303 1047 1449 1099 δοκεῖ
1494 1046 1556 1099 τὸ
1601 1045 1754 1099 κοινά
1787 1044 1854 1098 τὰ
1883 1043 2044 1113 νοσή-

473 1156 620 1209 ματα
649 1133 785 1191 εἶναι
812 1137 1065 1190 ἐνταῦθα·
1084 1138 1165 1190 διὸ
1187 1139 1280 1190 καὶ
1300 1137 1483 1208 κοινὴν
1504 1139 1735 1190 ποιεῖται
1763 1135 1860 1206 τὴν
1893 1135 2046 1187 Ἐπι-

470 1231 682 1301 στολὴν,
725 1229 908 1299 ἐπειδὴ
958 1231 1052 1282 καὶ
1096 1229 1284 1299 κοινῆς
1315 1229 1522 1283 ἐδέοντο
1553 1234 1654 1301 τῆς
1682 1229 2041 1300 διορθώσεως.

469 1322 580 1374 Καὶ
626 1321 733 1392 γὰρ
789 1320 1026 1374 Γαλάται
1083 1321 1280 1384 πάντες
1321 1321 1558 1387 ἐνόσουν,
1609 1322 1704 1374 καὶ
1770 1320 2041 1392 Ἐϐραῖοιο

467 1411 619 1484 οἶμαι
646 1413 701 1466 δέ
729 1414 820 1467 καὶ
852 1405 1017 1468 οὗτοι.
1052 1413 1380 1481 Συναγαγὼν
1407 1413 1585 1466 τοίνυν
1614 1413 1758 1466 ᾶπαν
1780 1413 1840 1466 τὸ
1868 1412 2040 1476 ἔθνος,

468 1503 564 1556 καὶ
597 1502 908 1573 προσειπὼν
956 1503 1173 1565 αὐτοὺς,
1222 1502 1297 1565 ὡς
1331 1503 1539 1566 πάντας
1585 1502 1731 1573 αὐτῷ
1776 1519 2044 1574 προσαγο-

472 1594 652 1665 ρεύειν
678 1595 840 1665 νόμος
863 1590 948 1664 ἦν·
975 1596 1153 1662 Χάρις
1178 1594 1285 1664 γὰρ
1313 1595 1453 1662 ὑμῖν
1478 1594 1576 1648 καί
1599 1593 1826 1662 είρήνη,
1860 1595 2041 1664 φησὶν,

467 1684 588 1738 ἀπὸ
621 1683 767 1736 Θεοῦ
799 1681 1029 1750 Πατρός
1059 1681 1247 1751 ήμῶν,
1281 1683 1377 1735 καί
1413 1683 1634 1751 Κυρίου
1678 1683 1879 1750 Ἰησοῦ
1914 1686 2046 1751 Χρι-

468 1773 620 1828 στοῦ
642 1791 657 1804 ·
704 1774 932 1826 ἄκουσον
980 1772 1101 1835 πῶς
1145 1772 1495 1844 καταλλήλως
1537 1774 1766 1844 ἄρχεται
1795 1778 1862 1846 τῇ
1913 1792 2046 1847 προ-

469 1865 695 1936 κειμένῃ
743 1865 1017 1918 ὑποθέσει·
1065 1866 1408 1936 Εὐλογητὸς
1451 1871 1485 1921 ό
1519 1868 1662 1934 Θεὸς
1694 1869 1791 1922 καί
1843 1868 2044 1938 Πατὴρ

469 1955 576 2010 τοῦ
605 1957 824 2024 Kvplov
858 1955 1025 2025 ἡμῶν
1079 1955 1273 2024 Ἰησοῦ
1305 1959 1581 2026 Χριστοῦ,
1631 1963 1664 2014 ό
1698 1959 1898 2030 Πατὴρ
1926 1959 2045 2015 τῶν

466 2047 804 2118 οίκτιρμῶν,
859 2049 955 2102 καί
1000 2049 1144 2115 Θεὸς
1189 2047 1394 2118 πάσης
1435 2050 1886 2119 παρακλήσεως.
1935 2053 2044 2107 Καὶ

467 2142 574 2195 ποῦ
627 2141 787 2194 τοῦτο
848 2141 1184 2213 κατάλληλον
1241 2145 1306 2214 τῇ
1368 2144 1706 2217 προκειμένῃ
1747 2146 2040 2211 ὑποθέσει,

467 2233 633 2304 φησίς
668 2233 778 2286 Καὶ
807 2233 1010 2303 σφόδρα
1043 2233 1142 2304 μὲν
1165 2229 1276 2287 οὖν.
1312 2234 1512 2288 Σκόπει
1557 2235 1643 2288 δέ’
1685 2235 1899 2290 Ἐλύπει
1923 2236 2043 2290 λίαν

465 2323 663 2387 αὐτοὺς
683 2324 776 2376 καὶ
792 2323 1040 2395 ἐθορύϐει
1059 2325 1119 2376 τὸ
1138 2323 1213 2395 μὴ
1232 2324 1636 2395 παραγενέσθαι
1657 2326 1876 2378 ἐκεῖτδν
1892 2325 2044 2379 Ἀπό-

472 2415 684 2480 στολον,
716 2415 813 2469 καὶ
851 2415 1021 2469 ταῦτα
1045 2415 1529 2484 ἐπαγγειλάμενον,
1557 2417 1692 2472 ἀλλά
1715 2418 1806 2472 τὸν
1829 2419 2044 2473 ἅπαντα

467 2508 527 2561 ἐν
575 2507 886 2579 Μακεδονίᾳ
926 2507 1204 2562 ἀναλῶσαι
1255 2508 1468 2578 χρόνον,
1513 2509 1608 2561 καὶ
1637 2509 1813 2562 δοκεῖν
1862 2511 2042 2564 αὐτῶν

465 2599 686 2672 ἐτέρους
710 2599 1192 2670 προτετιμηκέναι.
1227 2600 1326 2652 Διά
1353 2599 1512 2654 τοῦτο
1542 2601 1677 2672 πρὸς
1701 2601 1858 2655 τοῦτο
1892 2602 2042 2656 ἱστά-

471 2708 633 2762 μενος
660 2691 721 2745 τδ
761 2691 1046 2762 θορυϐοῦν,
1075 2692 1223 2760 λέγει
1251 2691 1348 2764 τὴν
1383 2694 1564 2747 αἰτίαν
1591 2694 1658 2747 δι’
1697 2694 1764 2765 ἡν
1801 2695 1862 2747 οὐ
1897 2711 2043 2766 παρ-

470 2782 686 2849 εγένετο
701 2800 718 2816 ο
745 2783 807 2835 οὐ
835 2781 944 2854 μὴν
967 2782 1026 2846 ἐξ
1048 2783 1265 2845 εὐθείας
1288 2783 1458 2854 αὐτὴν
1483 2785 1716 2856 τίθησιν,
1738 2787 1858 2839 οὐδὲ
1874 2787 2039 2856 λέγει,

469 2875 552 2926 ὅτι
600 2867 732 2926 Οἶδα
780 2872 878 2943 μὲν
919 2874 1288 2944 ὑποσχόμενος
1321 2873 1493 2945 ἥξειν,
1525 2876 1710 2946 ἐπειδὴ
1735 2876 1792 2929 δὲ
1815 2876 1903 2930 διὰ
1943 2878 2043 2942 τὰς

470 2964 678 3034 θλίψεις
722 2965 1091 3036 ἐνεποδίσθην,
1140 2966 1440 3035 σύγγνωτε,
1486 2969 1579 3021 καὶ
1619 2969 1694 3041 μὴ
1726 2971 2042 3039 καταγνῶτέ

469 3075 589 3112 τινα
615 3057 913 3126 ὑπεροψίαν
942 3057 975 3128 ἢ
1003 3056 1274 3129 ρᾳθυμίαν
1307 3059 1463 3130 ἡμῶν
1485 3075 1499 3089 ⁸
1530 3059 1646 3112 ἀλλ’
1683 3060 1884 3132 ἑτέρως
1911 3061 2042 3115 αὐτὸ

469 3151 566 3203 καὶ
621 3149 1198 3220 μεγαλοπρεπέστερον
1243 3150 1337 3204 καὶ
1382 3150 1818 3224 ἀξιοπιστότερον
1868 3170 2041 3206 κατα-

472 3241 747 3308 σκευάζει,
793 3241 1035 3312 ὲπαίρων
1085 3245 1150 3312 τῇ
1189 3242 1512 3314 παραμυθίᾳ
1553 3244 1615 3298 τὸ
1654 3245 1906 3316 πρᾶγμα,
1953 3245 2043 3300 ἵνα

417 3389 422 3394 ,
473 3333 606 3403 μηδὲ
651 3333 893 3405 ἐρωτῶσι
934 3333 1116 3387 λοιπὸν
1157 3336 1256 3404 τὴν
1298 3334 1502 3400 αἰτίαν,
1547 3335 1614 3389 δι’
1647 3335 1715 3406 ἣν
1751 3338 2037 3410 ὑστέρησε.

470 3425 580 3477 Καὶ
608 3424 801 3477 ταυτὸν
831 3425 994 3490 ποιεῖ,
1023 3420 1134 3479 οἷον
1168 3428 1218 3479 εί
1247 3443 1330 3490 τις
1359 3427 1824 3497 ἐπαγγειλάμενος
1868 3428 2041 3482 ἐλθεῖν

467 3516 606 3584 πρός
640 3532 761 3568 τινα
787 3515 1136 3587 ποθούμενον,
1177 3513 1296 3572 εἶτα
1325 3518 1466 3584 μετὰ
1501 3519 1726 3590 μυρίους
1766 3520 2042 3586 κινδύνους

469 3607 639 3660 ἐλθὼν
665 3606 830 3674 λέγοι·
855 3607 991 3672 Δόξα
1023 3626 1124 3674 σοι,
1169 3611 1197 3663 6
1226 3609 1376 3676 Θεὸς,
1401 3611 1481 3664 ὅτι
1513 3629 1602 3682 μοι
1623 3612 1684 3666 τὸ
1712 3613 2042 3684 ποθούμενον

468 3697 673 3764 ἔδειξας
708 3696 995 3768 πρόσωπον
1016 3716 1028 3729 ·
1065 3699 1352 3772 εὐλογητὸς
1381 3703 1408 3756 6
1431 3701 1585 3768 Θεὸς,
1617 3704 1742 3758 οἴων
1777 3721 1843 3775 με
1866 3706 2044 3760 κινδύ-

469 3803 576 3838 νων
617 3785 953 3856 ἀπήλλαξας.
1012 3788 1077 3841 Ἥ
1126 3789 1233 3859 γὰρ
1279 3790 1554 3860 δοξολογία
1599 3793 1734 3866 αῦτη
1781 3795 2043 3865 ἀπολογία

469 3873 679 3943 γίνεται
706 3874 784 3945 τῷ
818 3875 1063 3945 μέλλοντι
1093 3879 1366 3948 ἐγκαλεῖν,
1401 3881 1494 3934 καὶ
1518 3882 1639 3935 οὐδὲ
1669 3884 1860 3953 ἀφίησι
1903 3887 2042 3958 μέμυ

465 3965 675 4036 ψασθαι
705 3969 772 4038 τῇ
827 3967 1104 4039 μελλήσει.
1149 3971 1407 4042 Ἐρυθριᾷ
1437 3973 1544 4042 γὰρ
1574 3973 1666 4026 τὸν
1703 3975 1794 4027 ἐπὶ
1827 3980 1894 4047 τῇ
1933 3977 2042 4032 τῶν

470 4056 738 4110 τοσούτων
786 4058 1071 4129 ἀπαλλαγῇ
1117 4059 1302 4113 κακῶν
1350 4061 1769 4130 εὐχαριστοῦντα
1810 4065 1886 4136 τῷ
1923 4066 2042 4138 Θεῷ

469 4149 552 4210 είς
579 4147 931 4218 δικαστήριον
971 4150 1173 4213 ἐλκειν,
1227 4151 1323 4205 καὶ
1377 4152 1604 4218 εὐθύνας
1647 4156 1897 4211 ἀπαιτεῖν
1941 4160 2044 4230 τῆς

471 4236 823 4308 βραδύτητος.
863 4239 962 4292 Διά
1013 4239 1170 4293 τοῦτο
1214 4242 1305 4293 καὶ
1343 4241 1515 4308 οὕτως
1557 4245 1816 4317 ἄρχεται·
1854 4254 2044 4306 Εὐλο-

469 4329 648 4398 γητὸς
683 4332 715 4384 ό
759 4328 901 4396 Θεὸς
947 4329 1065 4384 τῶν
1104 4333 1447 4403 οἰκτιρμῶν
1492 4338 1741 4406 μεγάλων
1785 4343 2044 4400 κινδύνων

470 4419 722 4474 ἐντεῦθεν
755 4424 1051 4494 ἐπαγωγὴν
1083 4441 1143 4477 τε
1176 4426 1271 4479 καὶ
1301 4428 1620 4501 ἀπαλλαγὴν
1652 4435 2039 4508 αἰνιττόμενος.

484 4510 703 4580 Ἐπειδὴ
757 4512 848 4564 καὶ
899 4514 928 4565 6
973 4513 1136 4566 Δαυῒδ
1173 4517 1272 4587 οὐχ
1313 4520 1512 4589 ὁμοίως
1557 4522 1717 4577 αὐτὸν
1770 4529 2041 4598 πανταχοῦ

473 4601 648 4663 καλεῖ,
685 4601 806 4656 οὐδέ
831 4601 938 4656 ἀπὸ
959 4603 1064 4657 τῶν
1086 4605 1268 4659 αὐτῶν
1285 4624 1299 4638 ·
1326 4609 1440 4662 ἀλλ’
1461 4611 1588 4664 ὃταν
1615 4614 1713 4684 μὲν
1739 4619 1866 4687 περὶ
1887 4619 2042 4673 πολέ·

473 4709 577 4762 μου
616 4693 928 4766 διαλέγηται
957 4695 1052 4747 καλ⁵
1082 4695 1258 4766 νίκης,
1309 4699 1615 4766 Ἄταπήσω
1651 4721 1743 4769 σε,
1773 4709 1969 4776 Κύριε,
2001 4710 2040 4778 ἠ

475 4785 652 4853 ἰσχύς
698 4803 848 4854 μου,
912 4787 1065 4857 φησὶ,
1120 4789 1335 4857 Κύριος
1377 4792 1833 4863 ὑπερασπιστὴς
1883 4816 2040 4868 μουο

473 4873 598 4927 ὃταν
626 4876 683 4928 δὲ
722 4878 850 4948 περὶ
889 4877 1121 4948 θλίψεως
1149 4880 1470 4953 ἀπαλλαγῆς
1498 4884 1590 4937 καὶ
1627 4885 1721 4938 τοῦ
1749 4887 1911 4956 ζόφου
1949 4891 2042 4944 τοῦ

473 4967 871 5052 κατεσχηκότος
907 4971 1092 5034 αὐτὸν,
1141 4974 1358 5042 Κύριος
1395 4978 1695 5046 φωτισμός
1737 4977 1887 5052 [421]
1922 4999 2042 5051 μου

474 5050 575 5105 καὶ
615 5054 818 5121 Σωτήρ
855 5074 1008 5124 μου·
1045 5062 1140 5113 καὶ
1182 5062 1276 5115 νῦν
1325 5065 1423 5133 μὲν
1465 5068 1573 5121 ἀπὸ
1613 5050 2040 5143 φιλανθρωπίας,

474 5143 571 5198 νῦν
599 5143 656 5198 δέ
688 5146 796 5198 ἀπὸ
821 5147 1190 5220 δικαιοσύνης,
1218 5153 1312 5205 νῦν
1340 5155 1397 5207 δέ
1434 5158 1545 5211 ἀπὸ
1584 5160 1815 5232 κρίσεως
1854 5166 2045 5221 ἀδεκά-

476 5255 601 5292 στου
645 5237 805 5292 αῠτὺν
850 5240 1102 5310 ὀνομάζει
1143 5244 1492 5316 καταλλήλως
1515 5255 1625 5314 τοῖς
1668 5255 2044 5328 ὑποκειμένοις

472 5333 702 5403 καιροῖς.
739 5330 894 5386 Οὑτω
932 5330 995 5403 δὴ
1029 5333 1122 5386 καὶ
1163 5335 1191 5386 6
1225 5335 1434 5402 Παῦλος
1465 5339 1698 5398 ἐνταῦθα
1722 5347 2040 5418 ἀρχόμενος,

471 5420 580 5474 ἀπὸ
605 5421 1013 5495 φιλανθρωπίας
1040 5423 1201 5477 αὐτὸν
1229 5423 1404 5491 καλεῖ,
1442 5429 1504 5482 '0
1527 5431 1670 5498 Θεὸς
1693 5434 1810 5488 τῶν
1828 5440 2044 5505 οίκτιρ-

473 5507 620 5574 μῶν,
655 5509 831 5578 λέγων
850 5529 863 5542 ο
901 5515 1200 5578 τουτέστιν,
1230 5515 1258 5568 6
1279 5517 1593 5589 οίκτιρμούς
1614 5524 1897 5588 τοσούτους
1917 5529 2041 5578 ἐπι-

473 5597 806 5668 δειξάμενος,
854 5603 930 5665 ῶς
974 5603 1034 5671 ἐξ
1083 5605 1261 5660 αὐτῶν
1297 5609 1444 5677 ἡμᾶς
1489 5610 1783 5681 ἀναγαγεῖν
1809 5616 1917 5669 τῶν
1947 5614 2040 5670 τοῦ

475 5687 704 5741 θανάτου
730 5691 933 5745 πυλῶν.

542 5783 612 5850 γ’.
650 5779 818 5837 Τοῦτο
850 5782 958 5852 γάρ
992 5782 1226 5853 μάλιστα
1275 5788 1404 5844 ίδιον
1435 5791 1570 5847 Θεοῦ
1618 5795 1710 5849 καὶ
1739 5793 2035 5868 ἐξαίρετον,

1173 299 1231 353 S.
1270 293 1550 353 JOANNIS
1587 287 2072 348 CHRYSOSTOMI
2119 289 2437 347 ARCIIIEP.
2475 287 3022 346 CONSTANTINOP.

3603 292 3714 348 386

2146 408 2241 461 καὶ
2267 410 2331 477 τῇ
2359 405 2516 476 φύσει
2544 405 3095 477 συγκεκληρωμένον,
3113 402 3176 457 τδ
3195 402 3367 467 οὑτως
3397 404 3586 460 ἐλεεῖν.
3610 410 3712 462 Διά

2141 498 2296 551 τοῦτο
2320 497 2450 550 Θεὸν
2479 496 2777 566 οἰκτιρμῶν
2813 496 2984 550 καλεῖ.
3027 497 3098 550 Σὺ
3139 495 3196 549 δέ
3231 513 3319 566 μοι
3355 495 3544 550 σκόπει
3583 499 3712 553 κάν-

2139 589 2328 643 τεῦθεν
2353 589 2451 658 τὴν
2476 587 2975 658 ταπεινοφροσύνην
3015 587 3228 641 Παύλου
3247 604 3259 617 ·
3290 588 3430 658 ὑπὲρ
3473 591 3582 659 γὰρ
3617 589 3718 642 τοῦ.

2139 681 2488 753 κηρύγματος
2516 679 2857 746 κινδυνεύων,
2879 678 2939 732 οῦ
2981 695 3114 750 φησι
3151 677 3238 731 διά
3276 678 3376 748 τὴν
3411 677 3568 743 ἀξίαν
3603 680 3710 733 σώ-

2138 771 2349 837 ζεσθαι,
2395 771 2530 826 ἀλλά
2574 771 2664 826 διά
2701 773 2825 834 τοὺς
2868 770 3186 841 οίκτιρμοὺς
3225 768 3320 823 τοῦ
3356 770 3512 826 Θεοῦ.
3552 772 3712 828 Ἀλλά

2137 862 2296 916 τοῦτο
2335 863 2432 934 μὲν
2475 861 2700 934 ὕστερον
2742 863 3082 934 σαφέστερόν
3116 879 3268 934 φησι,
3303 861 3397 915 νῦν
3423 861 3478 915 δέ
3515 863 3712 932 ἐπάγει

2138 953 2312 1021 λέγων
2331 968 2346 982 ·
2396 953 2458 1007 '0
2488 953 2849 1022 παρακαλῶν
2869 953 3026 1023 ἡμᾶς
3057 953 3127 1008 έν
3145 953 3312 1021 πάσῃ
3343 956 3563 1022 θλίψει.
3597 958 3711 1010 Οὐκ

2139 1039 2314 1109 εἷπεν,
2366 1042 2424 1096 ’0
2473 1042 2549 1113 μὴ
2588 1043 2691 1096 ἐῶν
2743 1044 2886 1113 ἡμᾶς
2925 1042 3230 1106 θλίϐεσθαι,
3255 1041 3398 1106 ἀλλ’,
3439 1041 3501 1095 '0
3537 1043 3605 1095 ἐν
3631 1041 3711 1107 τῷ

2139 1137 2443 1190 θλίϐεσθαι
2466 1135 2847 1204 παρακαλῶν,
2880 1135 3047 1188 Τοῦτο
3076 1136 3184 1206 γὰρ
3212 1135 3306 1188 καὶ
3335 1132 3426 1186 τοῦ
3453 1134 3587 1188 Θεοῦ
3610 1135 3707 1206 τὴν

2137 1226 2365 1296 δύναμιν
2383 1221 2647 1290 δείκνυσι,
2668 1226 2762 1279 καὶ
2794 1225 2902 1278 τῶν
2924 1225 3254 1296 θλιϐομένων
3273 1223 3425 1288 αῦξει
3457 1224 3556 1294 τὴν
3578 1225 3708 1277 ὑπο-

2141 1317 2342 1387 μονήνο
2387 1317 2456 1370 Ἦ
2498 1316 2608 1388 γὰρ
2650 1315 2877 1386 θλῖψις,
2922 1317 3104 1388 φησὶν,
3146 1317 3462 1386 ὑπομονὴν
3494 1327 3710 1384 «arep-

2139 1407 2385 1480 γάζεται.
2430 1407 2600 1462 Τοῦτο
2627 1408 2722 1462 καὶ
2761 1409 2789 1461 6
2813 1410 3098 1481 προφήτης
3125 1409 3329 1478 ἔλεγεν⁸
3378 1410 3472 1464 Ἑν
3508 1411 3707 1477 θλίψει

2137 1499 2482 1566 ἐπλάτυνάς
2503 1517 2600 1570 με.
2632 1501 2746 1554 Οὐκ
2772 1496 2944 1567 εἶπεν,
2975 1502 3055 1554 ὅτι
3087 1502 3201 1555 Οὐκ
3231 1501 3420 1565 είασάς
3447 1519 3512 1572 με
3541 1503 3709 1571 ἐμπε-

2141 1594 2250 1644 σεῖν
2283 1593 2362 1655 είς
2395 1591 2594 1662 θλῖψιν,
2624 1592 2732 1645 οὐδ’
2764 1592 2844 1645 ὅτι
2881 1593 3209 1664 Παρήγαγες
3239 1592 3450 1662 ταχέως
3477 1593 3573 1664 τὴν
3599 1592 3709 1646 θλί-

2136 1682 2250 1753 ψιν,
2292 1683 2408 1737 ἀλλ’
2446 1685 2529 1737 ὅτι
2569 1684 2849 1755 Μενούσης
2894 1684 3064 1755 αὐτῆς
3090 1683 3394 1747 ἐπλάτυνάς
3427 1701 3514 1756 με,
3548 1701 3707 1737 τουτο

2139 1776 2274 1843 έστι,
2314 1776 2514 1848 πολλὴν
2558 1776 2658 1847 τὴν
2703 1777 3043 1849 εὐρυχωρίαν
3073 1778 3167 1832 καὶ
3198 1777 3297 1849 τὴν
3345 1776 3524 1830 ἄνεσιν
3571 1793 3710 1847 παρ-

2138 1867 2325 1938 έσχες·
2370 1868 2398 1921 δ
2431 1867 2496 1938 δὴ
2529 1869 2624 1921 καὶ
2643 1868 2736 1921 ἐπὶ
2763 1869 2872 1922 τῶν
2901 1869 3106 1922 παίδων
3131 1869 3240 1922 τῶν
3265 1869 3434 1942 τριῶν
3467 1869 3707 1938 γέγονεν.

2139 1959 2276 2014 Οὔτε
2309 1960 2419 2032 γὰρ
2445 1959 2716 2014 ἐκώλυσεν
2757 1961 2952 2025 αὐτοὺς
2979 1961 3261 2032 ἐμπεσεῖν,
3293 1959 3416 2014 οὔτε
3442 1960 3708 2030 ἐμπεσόν-

2137 2065 2264 2113 των,
2304 2049 2403 2121 τὴν
2437 2049 2613 2118 φλόγα
2641 2048 2882 2114 ἔσϐεσεν,
2915 2049 3050 2104 ἀλλὰ
3081 2051 3374 2122 καιομένης
3407 2052 3504 2122 τῆς
3544 2049 3715 2120 καμί-

2138 2158 2254 2210 νου,
2283 2143 2384 2212 τὴν
2414 2141 2758 2214 εὐρυχωρίαν
2782 2141 3042 2213 παρέσχε.

2207 2321 2379 2376 Τοῦτο
2415 2322 2510 2376 καὶ⁵
2544 2321 2630 2375 ἀεὶ
2673 2324 2848 2376 ποιεῖν
2896 2321 3084 2377 εἴωθεν
3114 2324 3143 2376 6
3177 2321 3342 2388 Θεός·
3376 2323 3515 2396 ὅπερ
3540 2324 3709 2378 αίνιτ-

2135 2415 2362 2487 τόμενος
2391 2415 2485 2468 καὶ
2517 2417 2546 2468 6
2577 2413 2787 2479 Παῦλος
2812 2415 3017 2485 ἔλεγεν·
3063 2416 3124 2470 '0
3161 2415 3526 2487 παρακαλῶν
3551 2416 3709 2488 ἡμᾶς

2135 2505 2205 2558 ἐν
2235 2509 2402 2574 πάσῃ
2445 2505 2670 2574 θλίψει.
2719 2507 2830 2561 Καὶ
2870 2506 3056 2580 ἕτερον
3084 2505 3142 2560 δέ
3179 2525 3231 2561 τι
3256 2507 3345 2562 διὰ
3370 2508 3577 2563 τούτων
3603 2510 3709 2563 δεί-

2137 2614 2314 2652 κνυσι.
2342 2599 2502 2652 Ποῖον
2525 2598 2590 2669 δὴ
2616 2597 2806 2664 τοῦτο;
2832 2599 2954 2652 Ὀτι
2979 2599 3076 2670 οὐχ
3103 2596 3268 2664 ἅπαξ,
3296 2599 3416 2653 οὑδέ
3441 2599 3540 2666 δὶς,
3575 2600 3708 2655 ἀλλά

2135 2689 2401 2762 διηνεκῶς
2443 2691 2601 2744 τοῦτο
2630 2693 2793 2744 ποιεί.
2829 2691 2963 2745 Οὐδέ
2984 2693 3092 2762 γὰρ
3122 2690 3215 2744 νῦν
3245 2690 3346 2759 μὲν
3379 2691 3703 2763 παρακαλεῖ,

2137 2782 2231 2838 νῦν
2261 2783 2317 2836 δὲ
2361 2784 2606 2854 ἀφίησιν,
2636 2783 2748 2838 ἀλλ’
2779 2785 2868 2839 ἀεὶ
2897 2785 2992 2838 καὶ
3022 2783 3312 2848 διαπαντὸς
3349 2784 3505 2838 τοῦτο
3540 2786 3707 2855 ἐργά-

2138 2876 2307 2940 ζεται.
2334 2877 2426 2930 Διὸ
2457 2872 2630 2941 εἶπεν,
2673 2877 2735 2931 '0
2778 2877 3160 2946 παρακαλῶν,
3209 2879 3327 2950 οὐχ,
3371 2878 3432 2932 '0
3462 2895 3708 2950 παρακα-

2136 2964 2315 3028 λέσας,
2366 2964 2479 3030 καὶ,
2529 2967 2624 3017 Ἐν
2659 2963 2827 3034 πάσῃ
2874 2967 3096 3035 θλίψει,
3147 2968 3266 3032 οὐκ,
3310 2967 3397 3020 Ἐν
3441 2967 3566 3040 τῇδε
3612 2971 3709 3024 καὶ

2136 3056 2283 3127 τῇδε,
2310 3055 2446 3123 ἀλλ’,
2465 3057 2568 3112 Ἔν
2588 3057 2757 3127 πάσῃ
2775 3073 2790 3088 °
2811 3060 2898 3124 είς
2929 3058 2997 3113 τὸ
3023 3057 3318 3114 δύνασθαι
3348 3061 3505 3131 ἡμᾶς
3527 3076 3709 3129 παραυ

2135 3147 2345 3202 καλεῖν
2371 3149 2513 3216 τοὺς
2541 3149 2611 3203 ἐν
2661 3149 2827 3218 πάσῃ
2874 3152 3098 3220 θλίψει,
3128 3152 3226 3206 διὰ
3257 3151 3368 3221 τῆς
3403 3154 3708 3223 παρακλή-

2135 3255 2289 3304 σεως
2331 3235 2408 3309 ἧς
2449 3242 2951 3310 παρακαλούμεθα
2988 3244 3155 3296 αὐτοὶ
3207 3243 3327 3299 ὑπὸ
3376 3245 3483 3299 τοῦ
3537 3245 3706 3300 Θεοῦ.

2135 3327 2288 3394 Εἶδες
2318 3331 2434 3396 πῶς
2457 3333 2928 3404 προανακρούεται
2953 3333 3051 3404 τὴν
3079 3335 3392 3404 ἀπολογίαν,
3417 3338 3512 3390 καὶ
3539 3337 3709 3407 μεγά-

2135 3425 2234 3496 λης
2264 3424 2496 3495 θλίψεως
2534 3426 2789 3479 ὑπόνοιαν
2817 3427 3044 3498 παρέχει
3072 3426 3150 3497 τῷ
3183 3428 3461 3499 ἀκροατῇς
3494 3429 3603 3482 Καὶ
3638 3429 3709 3483 δι’

2135 3515 2316 3569 αὐτῶν
2352 3516 2510 3570 πάλιν
2557 3515 2837 3585 μετριάζει
2868 3515 3073 3570 τούτων
3103 3517 3298 3587 λέγων,
3324 3519 3402 3570 ὅτι
3431 3517 3523 3571 καὶ
3544 3519 3709 3583 αὐτὸς

2136 3610 2164 3661 6
2193 3607 2475 3678 οίκτιρμὸς
2503 3601 2658 3672 οὗτος
2690 3607 2926 3676 ἐγένετο,
2971 3609 3032 3662 οὐ
3070 3608 3156 3662 διὰ
3185 3609 3278 3679 τὴν
3308 3608 3484 3662 αὐτῶν
3523 3608 3702 3673 ἀξίαν,

2136 3697 2271 3752 ἀλλά
2291 3697 2379 3752 διὰ
2405 3698 2533 3762 τοὺς
2561 3698 2655 3753 ὑπ’
2683 3699 2862 3753 αὐτῶν
2887 3700 3226 3772 ὠφεληθῆναι
3253 3699 3583 3768 ὀφείλοντας.
3608 3702 3710 3756 Διά

2138 3791 2296 3846 τοῦτο
2314 3791 2422 3864 γὰρ
2445 3791 2816 3862 παρεκάλεσεν
2844 3793 3010 3863 ἡμᾶς,
3039 3794 3222 3863 φησὶν,
3251 3793 3336 3846 ἵνα
3354 3794 3517 3864 ἡμεῖς
3544 3793 3710 3865 ἀλλή-

2139 3882 2264 3948 λους
2291 3881 2716 3954 παρακαλῶμεν.
2747 3882 2846 3936 Διά
2869 3882 3058 3937 τούτου
3085 3883 3141 3936 δέ
3165 3883 3260 3938 καὶ
3285 3884 3346 3936 τὸ
3359 3881 3574 3955 ἀξίωμα
3601 3884 3710 3938 δεί⁴

2145 3991 2305 4028 κνυσι
2337 3975 2444 4027 τῶν
2463 3974 2794 4040 ἀποστόλων,
2819 3975 3097 4046 ἐμφαίνων
3116 3976 3198 4028 ὅτι
3225 3975 3593 4047 παρακληθεὶς
3617 3976 3710 4030 καὶ

2139 4065 2506 4133 ἀναπνεύσας,
2524 4067 2624 4121 οὐκ
2636 4067 2928 4120 ἀναπίπτει
2956 4067 3204 4138 καθάπερ
3225 4071 3405 4139 ἡμεῖς,
3424 4069 3540 4123 ἀλλ’
3556 4071 3635 4133 είς
3647 4069 3709 4123 1:6

2138 4160 2359 4230 ἐτέρους
2381 4158 2622 4229 ἀλείφειν
2643 4159 2858 4230 πρόεισι
2895 4161 2987 4213 καὶ
3008 4159 3232 4231 νευροῦν
3273 4161 3369 4214 καὶ
3399 4161 3703 4232 διεγείρειν.

2139 4248 2295 4310 Τινὲς
2319 4249 2375 4302 δὲ
2404 4248 2564 4302 αὐτὸν
2593 4249 2688 4302 καλ⁵
2721 4248 2869 4320 [422]
2901 4248 3058 4302 τοῦτο
3090 4248 3268 4316 λέγειν
3302 4249 3487 4318 φασὶν,
3524 4250 3606 4304 ὅτι
3645 4250 3708 4303 Ἡ

2140 4338 2484 4410 παράκλησις
2510 4338 2666 4410 ἡμῶν
2696 4339 2790 4392 καλ⁸
2816 4339 2990 4393 ἄλλων
3020 4339 3368 4410 παράκλησίς
3396 4341 3531 4393 ἐστι.
3554 4341 3710 4393 Δοκεῖ

2137 4431 2194 4485 δέ
2220 4449 2308 4502 μοι
2335 4432 2430 4486 καὶ
2466 4432 2600 4504 πρὸς
2628 4435 2752 4496 τοὺς
2782 4432 3244 4502 ψευδαποστόλους
3268 4435 3395 4496 τοὺς
3424 4435 3548 4505 εἰκῆ
3571 4453 3706 4489 καυ-

2139 4524 2436 4592 χωμένους,
2497 4524 2591 4578 καὶ
2634 4525 2768 4576 οῐκοι
2821 4523 3161 4594 καθημένους
3218 4525 3312 4579 καὶ
3366 4526 3707 4598 τρυφῶντας,

2139 4613 2520 4668 ἀποτείνεσθαι
2557 4613 2645 4668 διὰ
2688 4613 2780 4678 τοῦ
2824 4616 3134 4689 προοιμίου.
3201 4616 3362 4670 Ἀλλά
3413 4617 3570 4670 τοῦτο
3611 4618 3712 4688 μὲν

2142 4707 2578 4778 αἰνιγματωδῶς,
2605 4710 2700 4762 καὶ
2742 4709 2817 4773 ὼς
2838 4711 2894 4762 ἐν
2920 4711 3183 4782 παρέργῳ
3203 4727 3214 4739 ·
3269 4711 3330 4765 1:6
3355 4712 3412 4766 δέ
3441 4712 3712 4783 προηγούο

2143 4815 2300 4868 μενον
2320 4798 2479 4852 τοῦτο
2508 4795 2595 4870 ἦν,
2619 4799 3058 4872 ἀπολογήσασθαι
3083 4802 3221 4874 ὑπὲρ
3253 4805 3351 4872 τῆς
3376 4802 3707 4874 μελλήσεως.

2139 4891 2201 4942 Εἰ
2235 4889 2344 4960 γὰρ
2379 4889 2467 4943 διὰ
2508 4890 2665 4943 τοῦτο
2714 4891 3197 4962 παρακαλούμεθα,
3247 4894 3332 4947 ἵνα
3373 4895 3467 4946 καὶ
3520 4893 3711 4957 ἄλλους

2138 4983 2570 5055 παρακαλῶμεν,
2601 4985 2675 5054 μὴ
2699 4985 2963 5056 ἐγκαλῆτε
2998 4986 3073 5048 ὡς
3117 4987 3192 5058 μὴ
3225 4988 3706 5058 παραγενομένοις.

2139 5075 2232 5138 Είς
2263 5075 2370 5146 γὰρ
2399 5075 2556 5128 τοῦτο
2585 5075 2729 5138 ἄπας
2759 5077 2892 5146 ἡμῖν
2925 5077 2954 5128 6
2987 5077 3176 5148 χρόνος
3213 5079 3472 5150 ἐτρίϐετο,
3508 5081 3588 5144 είς
3613 5082 3709 5144 τάς
3807 5147 3816 5155 _

2138 5169 2447 5233 ἐπιϐουλάς,
2487 5172 2567 5232 είς
2607 5169 2705 5233 τὰς
2754 5171 3068 5238 ἐπαγωγὰς,
3119 5172 3198 5234 είς
3252 5173 3314 5225 τὸ
3353 5172 3599 5226 διαλῦσαι
3643 5173 3714 5225 τά

2139 5260 2360 5312 ἐπιόντα
2404 5259 2572 5314 δεινά.
2617 5261 2745 5314 Ὅτι
2790 5261 2983 5326 καθὼς
3015 5263 3358 5331 περισσεύει
3403 5263 3475 5317 τὰ
3520 5263 3712 5329 παθή-

2135 5367 2294 5420 ματα
2334 5350 2440 5403 τοῦ
2486 5351 2746 5418 Χριστοῦ
2788 5353 2874 5418 είς
2906 5351 3084 5422 ἡμᾶς,
3131 5353 3284 5407 οὕτω
3312 5353 3408 5408 διὰ
3435 5353 3541 5408 τοῦ
3572 5356 3709 5426 Χρι-

2139 5442 2291 5496 στοῦ
2330 5444 2675 5510 περισσεύει
2728 5443 2826 5497 καί
2871 5444 2910 5511 ἠ
2945 5443 3326 5512 παράκλησις
3370 5444 3561 5514 ἡμῶν.
3593 5446 3711 5499 ’Ὶνα

2139 5536 2248 5607 γάρ
2279 5535 2353 5605 μὴ
2384 5535 2666 5608 καταϐάλῃ
2684 5537 2810 5599 τοὺς
2846 5534 3093 5606 μαθητάς
3123 5537 3200 5607 τῷ
3229 5537 3434 5608 σφόδρα
3461 5538 3713 5609 ἐπαίρειν

2136 5627 2236 5689 τὰς
2272 5625 2575 5696 συμφορὰς,
2599 5625 2839 5679 δείκνυσι
2863 5625 3024 5679 πάλιν
3047 5626 3246 5698 πολλὴν
3271 5629 3371 5700 τὴν
3393 5629 3710 5698 περιουσίαν

2139 5719 2231 5771 καὶ
2266 5717 2364 5788 τῆς
2418 5718 2813 5790 παρακλήσεως
2845 5713 3032 5784 οὖσαν,
3079 5720 3174 5774 καὶ
3201 5721 3480 5792 ἀνίστησιν
3528 5723 3713 5774 αὐτῶν

2139 5809 2237 5875 τὴν
2262 5808 2516 5878 διάνοιαν,
2544 5811 2604 5864 οὐ
2624 5809 2792 5881 ταύτῃ
2818 5809 2996 5882 μόνον,
3020 5811 3154 5867 ἀλλὰ
3178 5813 3272 5870 καὶ
3299 5814 3372 5886 τῷ
3393 5815 3712 5888 ἀναμνῆσαι
