2061 3113
208 138 262 166 385

208 203 266 221 cum
277 198 334 220 sunt
346 200 431 220 omnes
444 192 546 227 fratres,
561 191 679 219 Ecclesiis
694 191 800 220 Galatia
815 200 824 219 .'
847 191 934 219 Gratia
945 200 987 218 tto-

207 240 244 266 bis
260 244 281 265 et
296 247 345 272 pum
365 237 435 271 (Gal.
456 239 479 265 Ι.
502 238 527 264 1.
548 238 585 271 3).
601 237 667 270 Quin
687 237 719 263 ad
741 237 865 264 llebra-os
884 244 988 271 quoque

211 293 289 311 uitaui
310 284 456 318 generatim
477 283 614 318 epistolam
632 282 753 316 scripsit,
771 290 818 309 nec
833 290 879 309 eos
892 289 938 316 per
952 282 988 308 ci-

207 331 301 356 vitales
324 329 454 355 distinxit.
475 329 599 361 Quaenam
622 328 698 362 igitur
719 327 827 361 hujusce
851 327 889 354 rei
909 334 987 354 causa

206 375 268 401 est?
292 374 347 400 Mea
371 373 475 408 quidem
498 373 647 403 sententia,
672 372 740 407 quod
766 380 921 399 communes
946 372 987 399 hic

208 419 292 447 morbi
309 424 415 450 essent;
434 419 491 444 ideo
506 426 671 445 communem
686 426 788 452 quoque
802 418 938 452 epistolam
951 418 988 445 fa-

206 465 252 496 cit,
276 465 335 498 quia
357 464 489 491 communi
505 464 673 490 correctione
695 463 857 498 indigebant.
883 463 987 490 Etenim

207 510 307 538 Galatze
322 516 414 536 omnes
430 508 521 535 morbo
538 508 692 536 laborabant
710 514 736 535 et
751 508 869 540 Hebrtei,
890 513 985 542 atque,

208 561 236 582 ut
249 562 306 582 mea
320 554 409 588 opinio
422 554 482 586 fert,
498 553 524 580 hi
537 562 649 588 quoque.
664 553 840 587 Quamobrem
855 561 914 580 cum
927 553 986 580 uni~

207 608 310 628 versam
321 600 454 627 nationem
470 604 662 634 congregasset,
677 605 753 634 atque
768 607 823 632 eos,
835 603 863 626 ut
873 599 986 633 reliquos

207 653 300 673 omnes
314 649 503 676 consueverat,
519 644 675 676 salutasset;
694 643 780 671 Gratia
796 644 866 670 enim
885 648 907 670 et
925 639 984 677 pax,

208 691 302 726 inquit,
325 699 340 717 α
359 689 412 716 Deo
433 689 511 716 Putre
526 695 610 716 nostra
630 695 653 717 et
666 689 774 716 Domino
789 689 850 716 Iesu
868 689 986 721 Christo;

207 737 331 770 audijam
340 735 473 770 quomodo
487 735 683 762 accommodate
698 734 730 761 ad
747 735 893 761 institutum
907 742 985 769 argu-

208 788 326 810 mentum
340 782 498 809 exordiatur.
519 781 665 807 Benedictus
681 781 747 808 Deus
762 787 784 808 et
799 781 875 807 Pater
887 780 986 807 Domini

207 828 285 855 nostri
309 826 371 854 Jcsu
393 826 496 860 Christi,
521 826 598 853 Pater
618 827 859 859 ntisericm-diurum,
876 831 898 853 et
919 826 985 853 Deus

206 874 281 900 totius
304 872 489 900 consolationis.
513 873 631 905 Quonam
654 878 740 900 autent
764 873 852 905 modo,
872 873 983 907 inquies,

207 918 258 945 hoc
271 918 390 953 praesenti
402 923 557 952 argumento
571 918 710 952 congruit?
725 918 835 944 Maxime
848 925 911 945 sane
927 927 933 944 :
948 918 986 945 sic

207 964 277 992 enim
298 964 416 998 expende
432 973 438 990 :
454 971 546 998 magna
569 965 618 990 hoc
632 971 679 991 eos
698 964 817 991 molestia
833 968 859 991 et
879 970 984 999 pertur-

206 1009 312 1036 batione
333 1009 479 1041 afﬁciebat,
493 1008 561 1043 quod
575 1009 710 1043 apostolus
724 1009 786 1036 illuc
800 1009 908 1037 minime
922 1017 984 1044 pro-

208 1055 291 1082 fectus
306 1055 412 1087 fuisset,
424 1062 483 1081 cum
500 1054 526 1081 id
537 1063 566 1082 se
582 1056 709 1082 facturutn
724 1056 920 1090 spopondisset,
936 1063 982 1083 ve-

209 1108 267 1127 rum
279 1101 426 1128 universum
443 1105 545 1134 tempus
559 1101 584 1127 in
600 1101 750 1128 Macedonia
765 1102 983 1136 consumpsisset,

208 1147 327 1181 aliosque
348 1146 410 1181 ipsis
430 1146 562 1173 anteferre
591 1146 733 1173 videretur.
759 1147 846 1180 Quare
869 1151 896 1174 ut
918 1147 985 1174 lianc

207 1193 428 1228 perturbationem
439 1193 604 1228 comprimat,
616 1201 720 1220 causam
732 1195 848 1228 exponit,
862 1194 895 1221 ob
907 1202 985 1229 quam

206 1239 315 1266 minime
328 1239 360 1265 ad
376 1246 422 1265 eos
434 1239 589 1273 perrexerit.
609 1238 662 1266 Nec
675 1244 762 1266 tamen
777 1244 849 1266 recta
864 1247 921 1266 eam
936 1247 984 1273 po-

207 1285 257 1316 nit,
273 1292 321 1311 nec
334 1285 380 1317 ait,
401 1283 461 1311 Scio
474 1284 579 1318 quidem
592 1284 661 1319 quod
678 1284 809 1319 pollicitus
825 1292 882 1311 sum
898 1292 939 1311 me
952 1285 984 1311 ad

209 1337 256 1357 vos
271 1335 418 1363 venturum,
434 1329 490 1363 sed,
515 1330 575 1365 quia
598 1331 761 1357 calamitates
782 1331 845 1357 milii
867 1331 985 1365 impedi—

208 1381 297 1403 mento
318 1375 402 1408 fuere,
428 1376 565 1410 ignoscite,
589 1384 695 1410 tpimso,
720 1384 768 1404 nec
790 1384 832 1403 me
855 1377 985 1411 superbia:

206 1422 341 1456 cujusdam
363 1426 408 1448 aut
428 1422 591 1457 negligentia:
605 1422 779 1449 condemnato
802 1430 808 1447 :
831 1429 920 1449 verum
935 1422 983 1448 alia

206 1470 309 1496 ratione
321 1476 354 1496 ac
368 1468 577 1503 magniﬁcentius
591 1473 670 1502 atque
692 1467 725 1494 ad
747 1468 824 1494 ﬁdem
839 1468 984 1494 faciendam

205 1514 429 1542 accommodatius
445 1515 493 1541 hoc
506 1514 575 1541 idem
591 1514 681 1546 eflicit,
697 1522 751 1541 rem
765 1521 813 1548 per
827 1514 985 1541 consolatio-

207 1569 266 1588 nem
279 1561 443 1596 ampliﬁcans
458 1569 465 1587 :
480 1568 531 1595 quo
544 1560 669 1594 deinceps
683 1560 731 1594 ipsi
748 1568 799 1587 non
816 1560 985 1587 sciscitentur

206 1615 254 1634 cur
272 1607 304 1633 ad
319 1615 364 1633 eos
379 1606 467 1633 venire
481 1611 618 1633 cunctatus
631 1607 673 1633 sit.
691 1608 728 1632 Ac
743 1606 851 1640 perinde
870 1606 941 1638 facit,
957 1611 985 1632 ut

206 1653 228 1679 si
247 1652 314 1687 quis,
333 1660 393 1679 cum
409 1660 437 1679 se
458 1652 489 1678 ad
511 1652 644 1686 aliquem,
666 1660 743 1687 quem
763 1660 854 1679 carum
879 1653 983 1685 habeat,

208 1703 345 1725 venturum
360 1704 420 1724 esse
438 1698 590 1731 recepisset,
607 1705 638 1723 ac
652 1702 742 1732 postea
758 1698 901 1725 innumeris
914 1699 985 1732 peri-

207 1743 273 1770 culis
285 1744 435 1778 perfunctus
447 1744 543 1776 veniat,
552 1750 582 1769 ac
596 1743 681 1769 dicat:
692 1742 780 1770 Gloria
792 1743 836 1770 tibi
847 1744 892 1776 sit,
905 1744 984 1776 Deus,

206 1788 276 1824 quod
300 1789 391 1816 faciem
415 1788 477 1815 mihi
500 1797 587 1815 caram
608 1796 639 1816 ac
665 1789 840 1817 desideratam
870 1790 987 1817 ostendi-

206 1836 240 1862 sti
255 1844 262 1862 :
277 1835 430 1863 benedictus
448 1835 530 1867 Deus,
547 1837 642 1870 quibus
657 1836 779 1870 periculis
793 1844 835 1863 me
851 1836 983 1864 liberasti!

207 1880 341 1916 Siquidem
363 1880 511 1915 hujusmodi
532 1880 629 1907 divinae
643 1881 733 1915 gloria:
756 1881 907 1915 prmdieatio
923 1889 985 1915 pur-

207 1926 319 1962 gationis
332 1926 388 1953 vice
402 1926 469 1960 apud
484 1934 542 1952 eum
557 1931 613 1958 est,
630 1927 673 1961 qui
694 1927 907 1961 expostulaturus
927 1927 984 1954 fue-

208 1978 269 2007 rat,
284 1980 332 2001 nec
345 1980 405 2000 eum
419 1972 453 1999 de
472 1973 638 1999 cunctatione
651 1980 681 2000 ac
696 1981 768 2000 mora
783 1973 908 2008 conqueri
924 1981 985 2007 per-

210 2020 299 2047 mittit.
315 2020 450 2047 Erubescit
463 2019 534 2046 enim
548 2027 619 2053 eum,
633 2019 676 2054 qui
690 2020 724 2046 ob
738 2024 776 2045 tot
788 2027 818 2046 ac
832 2024 901 2045 tanta
919 2019 986 2046 mala

212 2075 245 2094 ex
258 2066 350 2100 quibus
360 2070 465 2100 ereptus
480 2070 521 2092 est
535 2065 589 2092 Deo
602 2065 698 2099 gratias
713 2065 774 2099 agit,
788 2064 812 2091 in
824 2064 867 2098 jus
880 2071 984 2097 vocare,

212 2118 354 2147 pcenasque
368 2110 498 2138 tarditatis
518 2110 551 2137 ab
566 2118 598 2137 eo
613 2115 745 2144 expetere.
761 2110 823 2136 ldeo
839 2110 877 2136 sic
898 2110 987 2144 auspi-

210 2162 295 2190 catur,
306 2157 452 2184 Benedictus
464 2156 531 2182 Deus
543 2156 777 2183 misericordiarum.
791 2156 891 2188 Quibus
902 2156 988 2182 verbis

211 2204 261 2231 hoc
280 2203 442 2236 subindicat,
460 2210 489 2230 se
513 2203 593 2237 ipsius
614 2210 664 2237 ope
687 2210 718 2229 ex
744 2203 893 2237 ingentibus
918 2202 988 2236 peri-

210 2251 276 2279 culis
291 2250 414 2278 eductum
438 2257 469 2277 ac
492 2250 630 2277 liberatum
655 2249 744 2276 fuisse.
771 2249 988 2283 Quandoquidem

210 2297 292 2324 David
306 2305 356 2323 non
369 2296 464 2331 ubique
478 2295 570 2324 eodem
587 2295 674 2328 modo,
690 2303 738 2322 nec
753 2295 785 2321 ab
800 2295 892 2322 iisdem
908 2295 989 2322 rebus

211 2343 296 2378 ipsum
317 2343 454 2376 appellat;
478 2348 567 2368 verum
590 2349 649 2367 cuin
674 2341 707 2367 de
731 2341 800 2368 bello
825 2348 856 2368 ac
880 2341 988 2367 victoria

210 2389 290 2416 verba
306 2389 377 2421 facit,
400 2388 508 2422 Diligam
531 2392 563 2419 te,
587 2387 702 2420 Domine,
718 2388 794 2413 virtus
813 2396 876 2419 mea,
894 2387 987 2422 inquit,

211 2435 334 2462 Dominus
347 2439 469 2469 protector
483 2442 550 2460 meus
564 2432 646 2469 (Paul.
662 2433 704 2460 17.
721 2433 747 2468 1)
764 2441 769 2459 :
786 2441 844 2460 cum
859 2438 945 2461 autem
957 2434 989 2461 de

210 2482 370 2513 calamitate,
394 2488 444 2515 qua
467 2480 591 2507 liberatus
606 2484 656 2512 est,
673 2486 704 2506 ac
717 2479 749 2506 de
762 2479 843 2506 animi
857 2480 968 2514 caligine
981 2500 987 2511 ,

212 2536 271 2563 qua:
285 2528 370 2563 ipsum
386 2526 581 2558 circumdabat,
598 2526 719 2553 Dominus
733 2525 885 2553 illuminatio
903 2534 956 2552 mea
968 2531 990 2553 et

212 2575 281 2601 mlas
296 2582 350 2600 mea
367 2573 450 2608 (Psal.
465 2573 509 2599 26.
527 2573 553 2607 Ι)
568 2581 574 2598 :
589 2577 667 2607 atque
681 2580 749 2599 nunc
764 2580 778 2599 a
794 2572 953 2607 benignitate
964 2577 991 2599 et

212 2620 365 2653 clementia,
380 2626 449 2646 nunc
464 2626 476 2644 a
488 2618 604 2653 justitia,
622 2626 691 2645 nunc
703 2618 736 2645 ab
749 2619 900 2652 incorrupto
918 2618 990 2653 judi~

212 2667 266 2699 cio,
281 2670 359 2701 prout
372 2665 425 2698 illa,
442 2664 468 2691 in
484 2664 580 2699 quibus
593 2664 755 2695 versabatur,
771 2668 886 2698 tempora
901 2668 991 2698 postu-

212 2712 313 2743 labant,
327 2715 530 2746 cognomentnm
544 2710 591 2744 ipsi
603 2710 703 2737 tribuit.
715 2711 754 2737 Ad
769 2711 890 2737 eumdem
905 2712 992 2745 itaque

214 2758 322 2785 modum
346 2757 396 2783 hoc
412 2756 470 2783 loco
486 2756 581 2782 l’aulus
597 2756 724 2790 incipiens
747 2764 760 2782 a
785 2756 944 2791 benignitate
966 2761 992 2783 et

214 2803 355 2830 clementia
369 2802 452 2837 ipsum
468 2802 592 2836 appellat,
608 2800 676 2827 Deus
688 2802 912 2828 miscricordiarum
925 2823 932 2835 ,
949 2802 991 2829 in-

218 2849 322 2883 quiens,
349 2848 399 2876 lioc
420 2853 469 2881 est,
494 2848 536 2883 qui
561 2851 638 2874 tantm
662 2847 837 2874 miserationis
859 2848 991 2882 specimen

746 135 777 163 IN
797 135 903 164 EPIST.
925 135 946 163 ll
978 135 1022 163 AD
1039 134 1116 164 COR.
1134 135 1248 165 IIOMIL.
1269 137 1290 165 1.

1770 142 1822 172 886

1040 192 1140 223 edidit.
1170 198 1198 220 ut
1223 201 1272 221 nos
1298 201 1330 221 ex
1358 194 1421 229 ipsis
1446 195 1539 224 mortis
1565 197 1649 232 portis
1676 198 1806 227 eduxerit.

1073 237 1100 265 5.
1121 237 1199 265 Pauli
1212 239 1350 267 humilitas.
1377 241 1432 268 lioc
1452 241 1524 268 enim
1549 243 1666 271 maxime
1691 244 1745 271 Deo
1759 253 1822 280 pro-

1039 282 1125 317 prium
1148 291 1179 311 ac
1200 285 1333 319 peculiare
1354 290 1395 313 est
1414 286 1549 322 ipsiusque
1572 293 1672 316 natura;
1695 288 1821 323 insitum,

1040 326 1163 354 nimirum
1177 328 1210 355 ad
1230 328 1300 356 hunc
1313 329 1421 357 modum
1442 331 1573 358 misereri.
1592 331 1653 360 ldeo
1671 334 1822 362 misericor-

1038 370 1139 399 diarum
1155 373 1235 400 Deum
1250 374 1334 408 ipsutn
1347 379 1431 402 vocat.
1448 376 1533 410 Atque
1552 376 1614 404 hinc
1628 385 1732 413 quoque
1745 379 1822 408 Pauli

1038 415 1211 445 humilitatem
1225 419 1302 446 velim
1316 420 1480 448 consideres.
1493 421 1557 448 Nam
1571 423 1690 456 quamvis
1704 431 1820 459 evange-

1038 462 1095 490 licae
1116 464 1312 498 praedicationis
1332 473 1410 493 causa
1431 466 1639 500 periclitaretur,
1663 476 1715 496 nou
1732 474 1821 498 tamen

1038 510 1132 537 merito
1149 518 1212 543 suo,
1228 511 1275 538 sed
1292 518 1340 546 per
1352 512 1396 539 Dei
1408 512 1591 540 miserationes
1604 514 1715 542 salutem
1728 523 1821 543 conse-

1037 559 1147 589 quutum
1172 563 1201 582 se
1228 563 1288 583 esse
1311 556 1358 584 ait.
1387 556 1485 584 Verum
1510 557 1560 585 hoc
1579 558 1683 593 quidem
1703 561 1819 595 apertius

1037 604 1128 635 postea
1147 600 1213 628 dixit
1227 609 1234 634 ;
1248 609 1318 630 nunc
1334 607 1421 630 autem
1436 603 1491 631 lucc
1505 605 1583 631 verba
1603 605 1752 641 sultjungit:
1768 607 1819 640 Qui

1036 645 1179 673 consolatur
1200 654 1246 673 nos
1263 647 1289 673 in
1303 648 1371 674 omni
1388 648 1556 676 tribulatione.
1581 649 1638 677 Non
1661 651 1745 684 dixit,
1769 652 1818 686 Qui

1037 697 1089 717 non
1109 691 1172 718 sinit
1184 698 1232 719 nes
1245 692 1396 721 calamitate
1409 694 1478 722 afﬁci
1489 715 1498 728 ,
1517 695 1563 722 sed
1577 715 1584 728 ,
1606 696 1656 729 Qui
1673 697 1699 723 in
1712 699 1819 725 calami-

1036 739 1086 762 tate
1109 744 1154 763 ποι
1176 737 1331 766 consolatur.
1362 738 1427 766 Nam
1452 739 1502 767 hoc
1526 745 1579 767 tum
1607 741 1652 769 Dei
1675 744 1819 777 potentiam

1036 780 1169 814 declarat,
1189 787 1242 810 tum
1256 791 1345 811 eorum
1355 805 1363 817 ,
1381 785 1426 820 qui
1439 786 1633 815 calamitatibus
1645 794 1817 823 premuntur,

1036 826 1188 860 patientiam
1207 832 1305 862 auget:
1322 828 1461 857 Tribulatio
1486 831 1574 863 enim,
1598 833 1699 867 inquit,
1723 834 1820 868 patien-

1036 871 1096 897 tiam
1110 877 1229 907 operatur
1241 873 1333 910 (Rom.
1348 874 1375 902 5.
1388 875 1433 910 ὅ).
1449 875 1475 902 ld
1489 877 1557 911 quod
1574 878 1700 913 propheta
1714 888 1819 916 quoque

1036 915 1077 943 liis
1098 918 1188 945 verbis
1212 919 1370 948 indicabat:
1394 920 1427 948 In
1454 923 1613 950 tribulatione
1644 925 1757 952 dilatasti
1780 935 1819 953 me

1036 961 1120 997 (Psal.
1141 964 1167 991 4.
1187 964 1204 991 ‘2
1214 965 1235 1000 ).
1251 965 1308 993 Non
1322 966 1389 994 dixit
1401 987 1408 999 ,
1422 967 1480 995 Non
1494 976 1586 1003 passus
1597 977 1625 997 es
1639 979 1681 998 me
1694 972 1719 998 in
1734 973 1818 1001 tribu-

1035 1008 1159 1037 lationem
1182 1011 1255 1044 labi,
1280 1016 1342 1045 ant,
1366 1012 1574 1042 Tribulationem
1596 1018 1735 1045 confestim
1753 1019 1818 1047 sub-

1036 1054 1159 1089 movisti,
1173 1056 1239 1090 sed,
1263 1056 1301 1085 Ea
1322 1063 1446 1087 manente
1469 1060 1585 1088 dilatasti
1606 1070 1647 1089 me
1662 1072 1668 1089 :
1684 1063 1735 1091 hoc
1756 1069 1816 1099 est,

1036 1099 1168 1134 ingentem
1193 1101 1281 1130 cordis
1312 1103 1477 1132 latitudinem
1510 1111 1537 1133 et
1565 1107 1725 1142 voluptatem
1753 1110 1817 1138 mihi

1035 1145 1154 1191 attulisti.
1180 1146 1205 1174 Id
1229 1148 1300 1183 quod
1320 1150 1399 1177 etiam
1422 1150 1449 1177 in
1473 1152 1556 1179 tribus
1580 1154 1670 1187 pueris
1691 1155 1811 1191 contigit.

1035 1189 1125 1226 Neque
1147 1192 1237 1226 enim,
1261 1202 1314 1229 quo
1335 1196 1422 1223 minus
1445 1197 1470 1224 in
1493 1198 1626 1226 fornacem
1652 1189 1814 1235 inciderent,

1035 1237 1169 1271 prohibuit
1179 1258 1186 1270 ,
1202 1246 1251 1266 nec
1265 1247 1324 1267 cum
1339 1241 1508 1276 incidissent,
1523 1243 1655 1271 flammam
1670 1246 1816 1280 exstinxit,

1035 1289 1125 1309 verum
1138 1282 1264 1318 flagrante
1277 1284 1384 1314 fornace
1397 1287 1560 1316 latitudinem
1575 1289 1638 1325 ipsis
1652 1292 1774 1325 pra:buit.

1071 1326 1138 1354 Deus
1150 1336 1247 1361 semper
1259 1330 1410 1358 consolatur.
1422 1347 1457 1352 —
1467 1332 1521 1360 Hoc
1536 1341 1625 1362 autem
1641 1335 1709 1364 Deus
1725 1345 1818 1372 perpe-

1035 1376 1081 1398 tuo
1100 1372 1187 1401 facere
1199 1375 1337 1408 consuevit
1352 1385 1359 1403 :
1373 1377 1442 1411 quod
1457 1378 1536 1405 etiam
1552 1378 1648 1407 Paulus
1667 1381 1818 1410 subindica-

1035 1417 1096 1451 bat,
1123 1426 1182 1446 cum
1214 1420 1343 1449 diceret:
1368 1421 1417 1455 Qui
1448 1425 1592 1451 consolatur
1624 1434 1670 1453 nos
1697 1427 1724 1454 in
1750 1430 1819 1456 omni

1035 1463 1202 1492 tribulatione.
1216 1465 1284 1499 Quin
1297 1466 1367 1494 aliud
1380 1475 1483 1504 quoque
1496 1469 1537 1496 his
1547 1471 1635 1498 verbis
1644 1472 1816 1502 demonstrat.

1034 1507 1163 1542 Quidnam
1177 1511 1281 1538 tandem
1297 1512 1366 1539 istud
1376 1513 1389 1540 τ
1403 1513 1503 1549 Nempe
1516 1516 1584 1550 quod
1601 1525 1653 1544 non
1672 1520 1753 1546 semel
1773 1525 1819 1548 aut

1036 1553 1146 1587 iterum,
1171 1556 1218 1583 sed
1243 1563 1350 1592 semper
1376 1558 1427 1586 hoc
1436 1558 1524 1587 faciat.
1545 1560 1635 1597 Neque
1656 1563 1726 1591 enim
1748 1572 1817 1592 nunc

1035 1600 1200 1635 consolatur,
1231 1610 1302 1630 nunc
1330 1612 1422 1633 rursus
1444 1605 1561 1640 deserit,
1589 1608 1636 1635 sed
1658 1617 1764 1645 semper
1786 1618 1817 1638 ac

1035 1653 1163 1681 perpetuo
1176 1647 1227 1675 hoc
1247 1648 1311 1683 agit.
1327 1649 1367 1677 Ob
1378 1649 1456 1685 idque
1479 1650 1564 1686 dixit,
1590 1653 1638 1687 Qui
1656 1655 1797 1683 consolatur
1808 1678 1816 1691 ,

1036 1700 1105 1727 non,
1122 1694 1171 1728 Qui
1193 1696 1335 1723 consolatus
1354 1702 1413 1729 est;
1432 1701 1474 1731 et,
1499 1697 1533 1725 In
1552 1700 1621 1726 omni
1636 1700 1812 1736 tribulatione,

1036 1747 1088 1767 non
1108 1740 1134 1768 in
1153 1740 1202 1769 hac
1219 1746 1298 1777 atque
1313 1742 1354 1770 illa
1365 1763 1373 1776 ,
1393 1744 1450 1774 sed,
1460 1743 1492 1771 In
1512 1745 1580 1772 omni
1592 1754 1601 1776 ;
1614 1752 1642 1773 ut
1656 1748 1779 1782 ponimus
1793 1754 1818 1776 et

1035 1786 1084 1821 ipsi
1111 1787 1237 1814 consolari
1265 1796 1326 1821 eos,
1346 1788 1390 1823 qui
1409 1788 1435 1815 in
1453 1789 1522 1817 omni
1544 1799 1660 1825 pressura
1679 1798 1755 1826 sunt,
1774 1802 1820 1829 per

1036 1832 1229 1859 consolationem
1242 1853 1249 1865 ,
1262 1841 1312 1867 qua
1327 1834 1486 1862 consolantur
1497 1840 1521 1863 et
1532 1836 1581 1871 ipsi
1593 1845 1608 1864 a
1622 1837 1686 1866 Deo.
1702 1839 1817 1868 Videsne

1036 1876 1167 1911 quomodo
1198 1878 1394 1907 excusationem
1425 1885 1580 1914 praestruat,
1615 1882 1678 1910 dum
1709 1892 1812 1920 magna:

1036 1922 1172 1957 cujusdam
1196 1922 1347 1952 afﬂictionis
1370 1926 1545 1960 suspicionem
1567 1928 1679 1957 auditori
1700 1931 1818 1965 prmbcl?

1037 1969 1123 2004 Atque
1145 1969 1225 1997 etiam
1240 1977 1287 2005 per
1301 1970 1357 1998 haec
1377 1971 1433 2006 ipsa
1448 1972 1527 1999 verba
1543 1973 1699 2002 modestiam
1721 1983 1776 2011 prae
1788 1984 1818 2005 se

1036 2014 1105 2048 fert,
1131 2022 1190 2043 cum
1212 2015 1249 2043 ait
1272 2016 1340 2044 hanc
1363 2024 1468 2053 quoque
1490 2018 1575 2052 ipsam
1601 2020 1817 2056 miserationem,

1037 2069 1090 2089 non
1104 2061 1138 2088 ob
1153 2062 1268 2097 ipsorum
1282 2062 1404 2090 meritum
1418 2070 1449 2091 ac
1463 2063 1632 2099 dignitatem,
1647 2066 1694 2094 sed
1708 2072 1816 2103 promer

1038 2114 1098 2140 eos,
1112 2108 1156 2143 qui
1176 2108 1209 2135 ab
1223 2108 1288 2143 ipsis
1300 2108 1442 2145 adjuvandi
1454 2115 1544 2143 erant,
1558 2112 1710 2147 coiitigisse.
1735 2113 1775 2141 Ob
1790 2114 1816 2142 id

1038 2152 1124 2185 enim,
1146 2152 1245 2187 inquit,
1268 2160 1317 2181 nos
1335 2154 1489 2182 consolatus
1510 2161 1567 2187 est,
1584 2160 1613 2183 ut
1632 2164 1682 2184 nos
1696 2162 1813 2186 mutuam

1039 2197 1246 2226 consolationem
1278 2198 1322 2225 alii
1348 2199 1407 2226 aliis
1434 2199 1616 2228 adhibeamus.
1650 2202 1735 2238 Atque
1755 2203 1815 2231 hinc

1039 2251 1142 2279 quoque
1157 2244 1339 2279 apostolorum
1362 2245 1515 2280 dignitatem
1537 2246 1669 2281 declarat,
1689 2248 1751 2276 dum
1768 2249 1818 2278 hoc

1039 2290 1153 2322 indicat,
1168 2291 1238 2325 quod
1252 2295 1424 2326 posteaquam
1438 2291 1533 2320 solatio
1545 2293 1655 2321 affectus
1668 2301 1700 2322 ac
1713 2302 1819 2324 recrea-

1040 2340 1082 2364 tus
1103 2335 1168 2370 fuit,
1193 2344 1245 2364 non
1261 2337 1329 2364 sicut
1341 2344 1390 2365 nos
1412 2338 1534 2373 supinum
1556 2344 1676 2376 seatque
1694 2341 1817 2376 ignavum

1041 2383 1156 2417 prtebeat
1166 2402 1174 2415 ,
1190 2390 1281 2410 verum
1296 2382 1329 2410 ad
1339 2383 1517 2411 cohortandos
1530 2389 1609 2419 atque
1622 2385 1819 2415 conﬁrmandos

1041 2428 1231 2456 etexcitandos
1241 2428 1308 2455 alios
1316 2428 1507 2464 progrediatur.
1521 2429 1588 2457 Sunt
1599 2431 1678 2458 etiam
1691 2432 1735 2467 qui
1750 2432 1820 2460 hunc

1040 2474 1127 2502 locum
1150 2475 1189 2502 sic
1207 2479 1358 2509 exponant,
1369 2480 1402 2501 ac
1411 2473 1435 2501 si
1449 2475 1591 2510 Apostolus
1613 2476 1683 2504 dicat
1698 2486 1705 2505 :
1721 2478 1821 2506 Conso-

1042 2520 1105 2548 latio
1128 2524 1217 2547 nostra
1244 2520 1357 2547 aliorum
1385 2527 1488 2555 quoque
1516 2521 1662 2550 consolatio
1680 2527 1731 2551 est.
1750 2524 1820 2557 Quin

1041 2565 1106 2592 mihi
1119 2565 1198 2592 etiam
1209 2565 1267 2600 ipse
1283 2565 1309 2592 in
1323 2564 1403 2593 falsos
1422 2566 1556 2601 apostolos
1566 2587 1574 2600 ,
1589 2568 1633 2603 qui
1647 2568 1778 2597 incassum
1791 2577 1823 2597 se

1040 2610 1193 2645 jactabant,
1215 2609 1341 2645 domique
1362 2610 1520 2640 desidebant
1535 2620 1567 2639 ac
1587 2613 1690 2641 deliciis
1713 2621 1820 2649 operam

1043 2655 1158 2687 dabant,
1179 2662 1226 2690 per
1246 2655 1397 2690 huiusmodi
1421 2658 1578 2691 prooemium
1593 2658 1680 2686 invehi
1699 2659 1822 2692 videtur;

1043 2707 1134 2728 verum
1148 2699 1276 2733 obscure,
1299 2708 1331 2728 ac
1350 2701 1423 2728 velut
1436 2701 1532 2729 obiter.
1546 2701 1679 2730 Caeterum
1693 2704 1824 2739 pracipnc

1044 2746 1070 2773 id
1082 2746 1194 2781 agebat,
1219 2750 1247 2773 ut
1271 2746 1447 2773 cunctationis
1469 2753 1500 2774 ac
1522 2747 1689 2782 negligentiae
1708 2754 1795 2776 notam
1809 2758 1824 2777 a

1045 2799 1074 2820 se
1088 2792 1241 2827 depelleret.
1266 2791 1332 2819 Nam
1347 2792 1369 2819 si
1385 2796 1525 2827 propterea
1547 2794 1728 2822 consolatione
1741 2795 1827 2823 affici-

1048 2847 1125 2872 mur,
1155 2842 1185 2867 ut
1211 2837 1270 2865 aliis
1298 2845 1403 2873 quoque
1431 2838 1639 2866 consolationem
1664 2840 1825 2874 aderamus,
