4138 6220
492 276 600 331 58Ῡ

491 397 705 454 crimini
748 411 815 453 ne
843 397 1036 454 vertite
1054 437 1069 462 ,
1108 394 1252 468 quod
1282 393 1347 448 ad
1379 409 1476 449 vos
1500 409 1606 447 non
1632 388 2017 446 accesserimus
2046 401 2065 442 :

490 493 536 548 si
572 489 786 560 quidem
825 489 982 546 nobis
1010 503 1171 544 omne
1199 495 1410 556 tempus
1440 485 1492 539 in
1523 482 1732 538 insidiis
1757 488 1813 536 et
1836 479 2068 535 invasio-

491 583 685 650 nibus,
715 579 1155 652 depellendisqne
1186 575 1554 648 ingruentibus
1579 572 1834 646 periculis
1859 570 2069 628 tereba-

492 683 597 729 tur.
629 675 679 729 5.
732 671 984 739 Quoniam
1028 671 1156 724 sicut
1202 667 1463 723 abundant
1509 666 1695 722 Christi
1728 664 1986 736 passiones
2013 662 2067 716 in

489 765 651 830 nobis,
675 764 745 816 ita
761 762 912 816 etiam
937 777 1025 830 per
1042 757 1296 816 Christum
1319 757 1543 812 abundat
1573 755 1854 810 consolatio
1874 762 2064 808 nostra.

489 855 698 909 Etenim
751 868 818 906 ne
876 851 1257 921 discipulorum
1302 849 1512 905 animos
1561 847 1894 905 calamitates
1940 859 2066 900 suas

490 946 715 1000 nimium
737 943 1114 1015 exaggerando
1143 948 1518 999 consternaret
1535 981 1552 1007 ,
1580 938 1813 996 ostendit
1854 951 2066 992 rursum

488 1040 756 1109 ingentem
785 1052 998 1108 quoque
1023 1034 1411 1092 consolationis
1437 1033 1649 1106 copiam
1689 1046 1810 1088 esse
1839 1049 1853 1087 :
1882 1029 2065 1100 sicque

487 1129 697 1184 animos
725 1143 908 1184 eorum
935 1127 1110 1198 erigit.
1137 1125 1323 1197 Neque
1352 1125 1454 1180 hac
1481 1134 1686 1180 tantum
1707 1122 1938 1190 ratione,
1968 1117 2066 1177 sed

488 1236 556 1277 eo
600 1221 795 1284 etiam,
847 1217 987 1288 quod
1017 1233 1109 1274 eos
1139 1215 1340 1274 Christi
1391 1215 1743 1281 submoneat,
1795 1213 2066 1284 ipsiusque

486 1313 766 1384 passiones
819 1324 940 1366 esse
985 1319 1231 1364 asserat:
1263 1316 1424 1378 atque
1469 1315 1597 1362 ante
1643 1303 2063 1360 consolationem

485 1407 554 1460 ab
582 1404 710 1475 ipsis
733 1417 945 1474 quoque
973 1399 1363 1457 calamitatibus
1387 1395 1806 1454 consolationem
1838 1393 2060 1450 inducit.

484 1498 620 1569 Quid
662 1497 802 1552 enim
834 1495 1047 1551 suavius
1091 1508 1155 1548 ac
1192 1491 1516 1564 jucundius,
1561 1505 1722 1562 quam
1751 1505 1835 1544 me
1861 1487 2065 1546 Christi

483 1591 687 1646 socium
715 1587 887 1652 efﬁci,
917 1595 1076 1656 atque
1106 1585 1270 1656 ipsius
1309 1598 1468 1639 causa
1497 1583 1611 1638 haec
1637 1578 1880 1652 perpeti?
1924 1569 2064 1649 Quid

484 1698 606 1738 cum
637 1680 737 1736 hac
765 1678 1130 1735 consolatione
1153 1674 1618 1747 comparandum?
1648 1673 1758 1728 Nec
1780 1687 1910 1727 vero
1939 1671 2065 1726 hinc

485 1785 723 1838 tantum,
755 1770 848 1828 sed
891 1769 1114 1826 aliunde
1160 1782 1374 1839 quoque
1400 1780 1620 1834 eorum,
1668 1763 1760 1835 qui
1785 1762 2062 1819 calamita-

484 1869 626 1923 tibus
667 1865 1075 1929 conﬂictantur,
1124 1862 1336 1917 animos
1378 1859 1594 1915 attollit.
1644 1857 1799 1913 Unde
1848 1855 2061 1912 tandem

481 1958 739 2015 aliunde?
787 1957 920 2014 Hinc
972 1970 1200 2026 nempe,
1252 1953 1397 2026 quod
1443 1953 1552 2020 ait,
1608 1951 1902 2006 Abundant.
1943 1949 2061 2007 Non

483 2053 627 2109 enim
657 2050 828 2118 dixit,
859 2046 1321 2117 Quemadmodum
1366 2043 1563 2101 Christi
1595 2044 1874 2115 passiones
1909 2043 2064 2099 nobis

483 2144 770 2216 ingruunt,
817 2141 946 2206 sed,
997 2140 1142 2196 Sicut
1185 2137 1469 2192 abundant.
1497 2135 1703 2205 Quibus
1729 2135 1905 2192 verbis
1933 2135 2060 2190 illud

482 2235 749 2301 ostendit,
778 2229 919 2304 quod
963 2245 1069 2286 non
1118 2228 1279 2284 modo
1325 2228 1467 2283 illius
1510 2227 1810 2296 cruciatus,
1855 2226 1951 2283 sed
1979 2226 2064 2283 bis

482 2341 694 2398 quoque
751 2325 929 2394 plures
975 2320 1272 2393 perferant.
1327 2318 1443 2375 Non
1492 2319 1678 2385 enim,
1736 2320 1939 2390 inquit,
1997 2334 2060 2376 ea

485 2418 890 2482 tantummodo,
921 2432 1042 2488 quae
1071 2416 1184 2486 ipse
1214 2429 1404 2486 passus
1430 2421 1544 2480 est,
1588 2413 1898 2483 pertulimus
1919 2453 1935 2479 ,
1965 2427 2064 2468 ve-

479 2526 599 2566 rum
629 2510 712 2566 his
731 2509 890 2565 etiam
912 2507 1193 2579 ampliora.
1220 2505 1307 2561 Sic
1329 2504 1476 2560 enim
1495 2503 1777 2560 considera
1806 2522 1818 2558 :
1843 2513 2064 2560 vexatus

481 2613 602 2670 est,
654 2601 1119 2674 persequutionem
1177 2612 1363 2670 passus
1413 2606 1496 2653 est
1540 2595 1787 2652 Christus
1815 2635 1830 2662 ,
1883 2594 2064 2667 ﬂagris

479 2710 652 2751 erasus
681 2703 765 2750 est
785 2735 798 2758 ,
846 2701 1090 2747 mortuus
1117 2698 1220 2745 est.
1249 2689 1318 2744 At
1347 2703 1449 2745 nos
1471 2729 1487 2756 ,
1533 2688 1706 2759 inquit
1732 2729 1748 2757 ,
1799 2687 1885 2743 bis
1913 2687 2064 2758 plura

482 2789 715 2860 patimur
739 2802 753 2839 :
781 2783 925 2854 quod
967 2781 1185 2853 quidem
1211 2781 1296 2836 vel
1325 2780 1500 2836 solum
1528 2780 1596 2836 ad
1638 2780 2063 2837 consolationem

483 2881 613 2936 satis
640 2893 762 2933 esse
791 2882 970 2946 queat.
999 2871 1107 2928 Nec
1135 2873 1415 2942 quisquam
1443 2871 1586 2928 hunc
1621 2886 1928 2928 sermonem
1971 2887 2061 2927 ar-

483 2969 737 3043 rogantia:
780 2983 844 3023 ac
883 2964 1199 3021 temeritatis
1242 2962 1459 3019 damnet
1493 2981 1507 3019 :
1540 2979 1663 3018 nam
1713 2973 1768 3020 et
1810 2965 1916 3020 alio
1945 2964 2065 3021 loco

483 3061 597 3116 ait:
635 3057 788 3113 Nunc
833 3055 1028 3128 gaudeo
1055 3058 1108 3110 in
1152 3053 1470 3127 passionibus
1517 3054 1640 3109 meis
1662 3095 1679 3122 ,
1726 3064 1877 3126 atque
1899 3057 2066 3111 adim-

485 3153 597 3224 pteo
639 3168 701 3206 ea
725 3165 838 3223 qua:
875 3147 1055 3204 desunt
1097 3145 1415 3220 passionibus
1455 3146 1643 3202 Christi
1670 3148 1724 3202 in
1770 3165 1923 3204 carne
1955 3165 2067 3204 mea

484 3243 721 3317 (Cotoss.
753 3243 804 3300 i.
833 3241 868 3298 4
893 3240 939 3313 ).
971 3242 1041 3296 At
1066 3249 1312 3295 neutrum
1344 3237 1535 3294 borum
1566 3240 1882 3302 temeritatis
1906 3239 2065 3298 ullius

483 3347 539 3393 et
572 3337 887 3408 arrogantiae
911 3343 1013 3391 est.
1037 3333 1181 3391 Sicut
1210 3333 1350 3389 enim
1378 3331 1624 3402 discipuli
1654 3333 1878 3403 majora,
1906 3349 2067 3404 quam

485 3431 631 3502 ipse,
677 3429 927 3485 miracula
981 3428 1262 3494 fecerunt;
1320 3425 1420 3494 Qui
1472 3427 1605 3482 enim
1647 3427 1808 3482 credit
1853 3427 1909 3483 in
1951 3445 2063 3495 me,

486 3521 678 3593 inquit,
702 3521 900 3590 majora
921 3520 998 3574 his
1018 3521 1171 3592 faciet
1196 3518 1375 3594 (Joan.
1396 3521 1486 3575 14.
1511 3517 1636 3592 12);
1682 3528 1854 3576 totum
1883 3529 2065 3578 autem

488 3614 585 3684 ipsi
604 3612 944 3678 adscribitur,
962 3612 1121 3683 quiin
1142 3611 1271 3682 ipsis
1289 3611 1642 3682 operabatur:
1661 3611 1740 3668 sic
1759 3613 1920 3668 etiam
1945 3613 2066 3684 plu-

487 3722 742 3778 m,quam
775 3707 906 3774 ipse,
930 3703 1170 3776 perpessi
1195 3713 1362 3771 sunt;
1390 3713 1444 3760 at
1467 3703 1779 3759 universum
1810 3702 1913 3759 hoc
1943 3720 2066 3760 rur-

486 3814 579 3853 sus
601 3797 701 3866 ipsi
724 3795 957 3851 adscribi
974 3794 1153 3860 debet,
1170 3794 1262 3867 qui
1282 3809 1375 3850 eos
1396 3793 1797 3863 consolabatur,
1819 3805 1977 3866 atque
1995 3797 2066 3852 ita

486 3891 849 3963 comparabat,
866 3890 1232 3959 utingruentia
1255 3889 1394 3945 mala
1411 3888 1532 3945 forti
1554 3889 1732 3945 animo
1745 3887 2063 3960 perferrent.

558 3985 613 4041 4.
655 3982 808 4040 Unde
837 3983 998 4039 etiam
1027 3981 1242 4048 Paulus,
1269 3995 1429 4052 quam
1454 3981 1666 4037 excelse
1691 3979 1942 4051 loquutus
1971 3994 2063 4036 es-

487 4087 591 4143 set,
623 4089 952 4148 agnoscens,
984 4073 1108 4130 vide
1135 4072 1406 4145 quomodo
1432 4073 1534 4128 hoc
1561 4086 1748 4128 rursus
1776 4071 1860 4127 his
1888 4071 2067 4128 verbis

489 4173 715 4241 mitiget,
735 4171 822 4224 Ita
849 4177 894 4223 et
922 4185 1010 4240 per
1031 4167 1287 4222 Christum
1312 4165 1535 4219 abundat
1560 4165 1840 4220 consolatio
1869 4175 2067 4232 nostra;

489 4275 657 4320 totum
688 4264 788 4318 hoc
825 4270 1100 4331 acceptum
1127 4259 1202 4314 illi
1227 4256 1491 4326 referens,
1521 4266 1682 4329 atque
1712 4257 1880 4330 ipsius
1909 4257 2066 4314 beni-

486 4355 745 4427 gnitatem
787 4351 1100 4424 praedicans.
1130 4349 1250 4407 Non
1280 4349 1446 4416 enim,
1479 4347 1670 4420 inquit,
1699 4359 1897 4419 quanta
1926 4349 2068 4404 cala-

489 4449 714 4515 mitate,
762 4454 906 4502 tanta
961 4459 1173 4516 quoque
1207 4443 1570 4499 consolatione
1620 4441 1916 4508 afﬁcimur,
1971 4440 2067 4498 sed

492 4542 658 4598 multo
684 4540 904 4611 majore.
948 4539 1131 4610 Neque
1158 4538 1300 4592 enim
1327 4536 1478 4602 dixit,
1507 4535 1817 4592 Consolatio
1844 4535 2067 4592 calami-

490 4643 628 4690 tates
656 4640 853 4704 aequat,
880 4629 998 4698 sed,
1030 4627 1268 4683 Abundat
1286 4627 1561 4682 consolatio
1579 4641 1600 4691 ,°
1621 4626 1692 4682 ita
1733 4635 1793 4682 ut
1815 4627 2068 4684 certami-

493 4742 616 4781 num
647 4734 857 4796 tempus
874 4764 888 4789 ,
918 4721 1141 4777 aliarum
1167 4732 1353 4774 rursus
1394 4731 1714 4773 coronarum
1739 4724 1948 4788 tempus
1973 4717 2064 4772 sit.

488 4818 625 4885 Quid
643 4817 806 4886 enim,
826 4829 1030 4888 quaeso,
1053 4822 1160 4870 tam
1180 4810 1415 4882 amplum
1445 4823 1508 4865 ac
1547 4809 1884 4880 praeclarum,
1906 4825 2065 4881 quam

489 4907 562 4961 ob
578 4906 848 4962 Christum
874 4906 1053 4979 ﬂagris
1072 4904 1227 4972 ctedi,
1249 4912 1445 4961 etcum
1471 4901 1581 4958 Deo
1608 4901 1860 4974 colloqui,
1889 4903 2066 4959 omni-

492 4999 698 5066 busque
725 4997 921 5053 robore
955 5008 1232 5068 praestare,
1263 5011 1327 5052 ac
1363 5005 1774 5068 persequutores
1813 4993 2062 5064 vincere,

493 5103 666 5160 neque
690 5088 757 5143 ab
784 5088 1033 5142 universo
1059 5095 1321 5142 terrarum
1347 5088 1477 5144 orbe
1503 5087 1672 5158 subigi
1696 5095 1748 5143 et
1776 5087 2066 5160 expugnari

492 5196 674 5256 posse,
702 5189 860 5250 atque
880 5178 1142 5249 ejusmodi
1164 5180 1301 5234 bona
1329 5179 1452 5236 hinc
1471 5189 1805 5252 exspectare,
1827 5197 1947 5253 qua:
1969 5198 2068 5240 nec

490 5273 677 5330 oculus
705 5271 876 5338 vidit,
909 5283 1009 5325 nec
1055 5268 1203 5324 auris
1226 5266 1465 5334 audivit,
1497 5285 1597 5326 nec
1639 5272 1690 5326 in
1718 5287 1812 5329 cor
1836 5273 2067 5330 hominis

489 5363 880 5424 ascenderunt?
899 5360 1027 5435 quid
1047 5369 1153 5417 tam
1181 5360 1472 5432 egregium,
1489 5375 1646 5432 quam
1672 5363 1885 5434 pietatis
1909 5379 2067 5420 causa

494 5461 685 5528 premi,
724 5469 883 5531 atque
923 5457 1216 5515 innumeris
1269 5455 1363 5512 Dei
1417 5455 1873 5513 consolationibus
1920 5457 2064 5523 frui,

492 5565 556 5605 ac
596 5561 675 5607 tot
713 5554 982 5624 tantisque
1010 5550 1241 5622 peccatis
1266 5547 1514 5616 liberari,
1557 5556 1613 5604 et
1639 5547 1842 5618 Spiritu
1879 5555 2066 5603 sancto

492 5649 547 5695 et
591 5645 874 5700 sanctitate
911 5651 1072 5713 atque
1116 5641 1316 5711 justitia
1360 5640 1568 5705 donari,
1601 5654 1700 5694 nec
1744 5654 2064 5710 quemquam

494 5739 728 5786 metuere
757 5746 818 5792 ac
845 5734 1276 5803 perhorrescere,
1310 5739 1468 5801 atque
1499 5730 1549 5785 in
1581 5729 1822 5799 ipsismet
1849 5728 2060 5798 pericu-

1197 278 1254 337 S.
1293 276 1569 336 JOANNIS
1601 268 2075 332 CHRYSOSTOMI
2111 268 2426 327 ARCHIEP.
2463 268 2992 352 CONSTANTINOP.

3646 274 3751 329 $88

2176 382 2242 439 lis
2282 385 2470 456 quovis
2507 383 2925 454 splendidiorem
2969 381 3181 443 videri?
3208 383 3285 442 Ne
3307 383 3468 456 igitur
3496 386 3551 442 in
3579 395 3753 445 tenta-

2172 476 2404 532 tionibus
2447 478 2627 533 animo
2675 478 3008 549 dejiciamur.
3030 477 3200 535 Nemo
3227 480 3373 534 enim
3403 480 3612 536 deliciis
3637 492 3753 536 stu-

2172 567 2305 624 dens
2321 579 2374 625 et
2393 569 2666 625 dormiens
2685 585 2747 625 ac
2765 569 3044 641 languens,
3060 586 3180 626 cum
3199 571 3414 628 Christo
3435 573 3748 631 societatem

2172 661 2364 729 habet;
2393 677 2550 718 nemo
2570 677 2779 729 eorum,
2805 663 2895 735 qui
2925 665 3159 720 molliter
3181 680 3245 720 ac
3272 667 3496 723 remisse
3523 667 3704 723 vivunt
3728 687 3748 729 :

2173 772 2354 812 verum
2378 758 2423 814 is
2450 757 2664 814 demum
2691 759 2767 815 illi
2788 760 2993 816 vicinus
3021 769 3120 828 est,
3153 760 3240 832 qui
3270 759 3323 816 in
3353 761 3655 819 calamitate
3680 778 3747 821 ac

2173 848 2466 904 tentatione
2494 861 2775 915 versatur,
2819 858 2978 921 atque
3018 861 3225 907 arctam
3272 852 3396 907 vita:
3449 854 3550 909 iter
3579 864 3744 912 tenet.

2170 939 2301 995 Nam
2332 940 2446 1010 ipse
2482 956 2694 1013 quoque
2740 941 2839 998 hac
2863 944 2944 996 via
2974 943 3190 999 incessit
3216 961 3230 998 :
3262 959 3490 1016 eamque
3518 945 3587 1000 ob
3614 961 3744 1001 cau-

2168 1047 2284 1088 sam
2304 1031 2534 1099 dicebat,
2555 1032 2721 1089 Filius
2736 1034 2952 1090 hominis
2972 1051 3071 1089 non
3093 1033 3238 1089 habet
3261 1035 3348 1089 ubi
3366 1046 3519 1107 caput
3541 1039 3747 1093 reclinet

2171 1122 2383 1197 (Matth.
2413 1125 2468 1179 s.
2502 1123 2618 1197 ρο).

2241 1214 2306 1270 In
2334 1216 2704 1272 calamitatibus
2731 1218 2979 1291 quomodo
3017 1218 3285 1290 agendum.
3315 1251 3387 1262 —
3417 1220 3648 1278 Proinde
3675 1238 3746 1280 ne

2167 1307 2347 1363 animo
2373 1307 2713 1364 discrueieris
2737 1350 2752 1373 .
2780 1324 2901 1365 cum
2925 1309 3226 1367 calamitate
3251 1311 3512 1383 premeris
3529 1352 3547 1378 ,
3575 1314 3746 1368 anim-

2167 1399 2457 1457 advertens
2482 1400 2566 1456 cui
2591 1401 2975 1466 communices,
2998 1410 3048 1458 et
3076 1418 3305 1474 quonam
3331 1403 3488 1460 modo
3513 1421 3609 1476 per
3634 1413 3747 1461 ten-

2169 1492 2396 1548 taliones
2422 1493 2687 1549 scelerum
2738 1493 2974 1550 maculas
3011 1495 3195 1563 eluas,
3227 1506 3588 1569 quantumque
3617 1499 3744 1556 inde

2168 1583 2398 1641 fructum
2427 1584 2647 1642 referas.
2676 1586 2818 1642 Nihil
2838 1589 2982 1644 enim
3012 1588 3154 1644 aliud
3191 1605 3353 1661 grave
3393 1601 3551 1662 atque
3588 1608 3742 1649 acer-

2167 1675 2294 1732 bum
2322 1687 2442 1745 est,
2473 1694 2631 1749 quam
2679 1679 2730 1733 in
2778 1679 2870 1736 Dei
2912 1680 3262 1737 offensionem
3315 1683 3603 1741 incurrere.
3632 1685 3745 1742 Hoc

2167 1760 2396 1828 sublato,
2426 1778 2532 1818 non
2573 1762 2812 1830 afﬂictio,
2842 1781 2948 1820 non
2976 1765 3181 1821 insidiae
3210 1807 3225 1831 ,
3255 1783 3362 1822 non
3402 1769 3546 1824 aliud
3590 1771 3743 1842 quid-

2167 1867 2324 1923 quam
2368 1853 2686 1926 prudentem
2733 1857 2965 1912 animam
3015 1859 3257 1914 molestia
3301 1859 3519 1917 afﬁcere
3559 1871 3734 1932 queat.

2167 1943 2305 2012 Quin
2339 1947 2532 2015 potius,
2552 1948 3002 2018 quemadmodum
3033 1952 3078 2006 si
3105 1951 3352 2022 exiguam
3375 1952 3659 2010 scintillam
3685 1955 3741 2010 in

2165 2055 2419 2114 magnum
2449 2042 2666 2115 pelagus
2705 2043 2930 2114 injicias,
2957 2059 3075 2100 eam
3103 2046 3347 2116 protinus
3373 2048 3690 2104 exstinxeris
3722 2065 3739 2104 :

2163 2137 2355 2196 eodem
2385 2136 2543 2193 modo
2569 2137 2812 2193 molestia
2841 2140 3034 2203 omnis,
3069 2140 3360 2210 quamlibet
3382 2141 3588 2212 ingens.
3614 2143 3659 2198 si
3687 2143 3742 2198 in

2165 2227 2404 2284 animum
2432 2228 2569 2286 bene
2591 2229 2692 2284 sibi
2714 2230 2985 2285 conscium
3014 2230 3277 2294 inciderit,
3295 2233 3574 2288 confestim
3606 2234 3743 2304 perit

2165 2329 2220 2376 et
2263 2321 2555 2376 evanescit.
2586 2319 2711 2376 ldeo
2755 2320 2950 2376 Paulus
2996 2321 3155 2377 etiam
3204 2337 3417 2394 semper
3455 2325 3739 2396 gaudebat,

2165 2411 2593 2482 quandoquidem
2643 2410 2697 2467 in
2745 2413 2810 2468 iis
2852 2411 3192 2486 rebus,qua:
3244 2414 3441 2471 divinae
3484 2417 3741 2474 voluntati

2164 2513 2540 2560 consentaneae
2586 2513 2778 2571 erant,
2819 2504 3071 2562 ﬁdentem
3113 2507 3350 2563 animum
3394 2509 3647 2581 gerebat;
3679 2526 3744 2566 ac

2167 2601 2243 2650 tot
2282 2594 2418 2650 mala
2470 2609 2540 2651 ne
2579 2595 2794 2666 quidem
2839 2597 3135 2664 sentiebat,
3159 2614 3344 2654 verum
3373 2601 3618 2671 quamvis
3641 2644 3657 2668 ,
3687 2612 3743 2658 ut

2167 2686 2350 2751 homo.
2379 2687 2563 2745 dolore
2593 2698 2920 2759 tangeretur,
2946 2706 3052 2746 non
3083 2702 3257 2748 tamen
3285 2694 3464 2748 animo
3487 2694 3742 2751 concide-

2165 2780 2275 2837 bat.
2297 2781 2388 2837 δια
2429 2783 2727 2852 patriarcha
2747 2799 2958 2854 quoque
2992 2784 3082 2840 ille
3110 2785 3163 2840 in
3193 2785 3388 2856 gaudio
3409 2787 3738 2855 versabatur,

2167 2876 2377 2931 tametsi
2404 2876 2588 2947 gravia
2620 2881 2782 2931 multa
2804 2877 3111 2934 sustineret.
3141 2877 3230 2934 Sic
3256 2879 3398 2934 enim
3428 2881 3695 2950 perpende
3721 2898 3736 2935 :

2166 2967 2336 3037 patria
2381 2965 2618 3032 excidit,
2645 2967 2828 3039 longas
2885 2983 2947 3024 ac
2991 2970 3243 3026 molestas
3289 2971 3742 3042 peregrinationes

2167 3056 2364 3125 subiit;
2395 3067 2577 3129 atque,
2608 3073 2729 3114 cum
2782 3059 2834 3114 in
2883 3059 3114 3115 alienam
3164 3061 3436 3132 regionem
3484 3063 3740 3131 venisset,

2167 3163 2234 3205 ne
2259 3149 2412 3222 pedis
2434 3148 2650 3220 quidem
2676 3151 2958 3222 vestigium
2981 3151 3228 3208 habebat.
3250 3153 3384 3208 Hinc
3414 3170 3597 3210 rursus
3620 3169 3741 3210 eum

2169 3241 2336 3298 fames
2361 3243 2591 3311 excepit,
2619 3258 2682 3298 ac
2708 3243 2880 3298 solum
2910 3253 3122 3300 vertere
3163 3245 3374 3316 coegit;
3406 3245 3598 3301 famem
3622 3261 3744 3301 rur-

2167 3351 2284 3392 sum
2314 3336 2496 3392 uxoris
2534 3336 2741 3406 ereptio
2781 3346 3004 3408 sequuta
3030 3345 3113 3392 est
3135 3377 3152 3403 ,
3184 3353 3250 3392 ac
3275 3338 3464 3393 mortis
3493 3346 3665 3393 metus
3690 3347 3746 3394 et

2167 3429 2421 3484 sterilitas
2443 3437 2498 3484 et
2517 3427 2714 3483 bellum
2745 3435 2799 3482 et
2822 3428 3054 3499 pericula
3077 3437 3131 3484 et
3155 3427 3380 3496 insidiae,
3404 3443 3467 3485 ac
3489 3429 3742 3500 denique,

2167 3521 2309 3592 quod
2325 3535 2683 3576 aerumnarum
2705 3531 2865 3590 caput
2884 3528 3019 3588 erat,
3043 3521 3298 3592 unigeniti
3315 3531 3367 3576 et
3382 3523 3491 3576 cari
3511 3520 3605 3575 ﬁlii
3628 3536 3747 3576 ma-

2168 3611 2354 3679 ctatio,
2379 3612 2488 3680 illa,
2516 3611 2752 3683 inquam,
2771 3613 3174 3668 acerbissimum
3190 3622 3347 3683 atque
3375 3611 3740 3667 immedicabi-

2167 3705 2272 3762 lem
2291 3704 2530 3761 dolorem
2553 3705 2804 3760 aﬂerens.
2826 3705 3007 3775 Neque
3027 3707 3166 3760 enim
3186 3704 3474 3771 existimes,
3488 3706 3742 3776 quoniam

2169 3807 2418 3872 prompto
2437 3814 2500 3855 ac
2523 3798 2706 3855 libenti
2732 3799 2914 3853 animo
2935 3798 3048 3855 Deo
3076 3797 3264 3870 paruit,
3279 3797 3479 3852 idcirco
3498 3797 3630 3852 citra
3658 3799 3744 3855 ul-

2169 3889 2280 3946 lum
2300 3889 2502 3946 doloris
2523 3903 2739 3945 sensum
2763 3889 2850 3944 illa
2871 3889 3047 3944 omnia
3077 3888 3376 3960 pertulisse.
3401 3888 3531 3944 Nam
3554 3890 3746 3945 etiam-

2168 3985 2215 4041 si
2247 3983 2445 4040 millies
2466 3983 2646 4055 justus
2671 3982 2875 4048 fuisset,
2907 3991 2964 4037 ut
2989 3998 3176 4038 revera
3215 3991 3350 4048 erat,
3378 3991 3554 4038 tamen
3586 3983 3746 4037 homo

2169 4087 2306 4146 erat,
2336 4093 2506 4150 eaque
2551 4093 2671 4149 qua:
2715 4086 2902 4132 natura
2933 4079 3074 4143 fert,
3100 4076 3420 4146 patiebatur.
3452 4077 3521 4130 At
3568 4075 3742 4146 ipsum

2171 4179 2346 4227 tamen
2371 4169 2501 4224 nihil
2530 4169 2718 4224 borum
2748 4169 3010 4240 perculit;
3039 4168 3130 4224 sed
3161 4168 3313 4224 fortis
3339 4167 3554 4224 athletae
3581 4168 3747 4223 instar

2169 4262 2428 4330 constitit,
2460 4271 2619 4334 atque
2649 4264 2700 4316 in
2727 4275 2832 4316 uno
2854 4276 3065 4332 quoque
3095 4260 3284 4315 horum
3325 4259 3596 4316 victoriam
3618 4259 3745 4315 ade-

2171 4363 2292 4426 ptus
2318 4362 2422 4408 est.
2445 4352 2528 4408 Ad
2556 4352 2802 4408 eumdem
2831 4351 3044 4407 modum
3073 4352 3258 4408 beatus
3284 4367 3496 4423 quoque
3526 4352 3740 4416 Paulus,

2169 4461 2290 4500 cum
2310 4443 2614 4515 frequentes
2630 4443 2948 4500 afﬂictiones
2966 4444 3203 4514 quolibet
3222 4444 3307 4501 die
3328 4445 3380 4500 in
3403 4459 3462 4499 se
3483 4445 3746 4499 irruentes

2172 4537 2520 4608 perspiceret,
2545 4535 2683 4590 haud
2715 4551 2870 4591 secus
2895 4550 2958 4590 ac
2982 4535 3025 4590 si
3056 4537 3108 4590 in
3155 4535 3334 4590 medio
3363 4535 3611 4606 paradiso
3652 4533 3746 4590 de-

2169 4637 2338 4699 geret,
2369 4627 2440 4682 ita
2480 4626 2744 4698 gaudebat
2788 4635 2843 4682 et
2892 4626 3208 4681 exsultabat.
3233 4625 3303 4683 Ut
3343 4628 3504 4698 igitur
3542 4626 3622 4692 is,
3655 4627 3745 4697 qui

2171 4717 2472 4790 bujusmodi
2499 4716 2694 4789 gaudio
2716 4717 2930 4783 fruitur,
2958 4733 2988 4771 a
3015 4733 3247 4772 mmrore
3295 4719 3459 4789 arripi
3505 4733 3611 4772 non
3653 4732 3748 4787 po—

2173 4813 2275 4860 test
2305 4821 2319 4858 :
2351 4804 2430 4859 sic
2448 4803 2539 4875 qui
2565 4803 2692 4859 illud
2723 4804 2942 4859 minime
2969 4804 3246 4874 amplexus
3284 4814 3384 4870 est,
3413 4819 3443 4858 a
3475 4803 3748 4874 quibusvis

2170 4895 2333 4966 arripi
2363 4905 2418 4951 et
2444 4896 2733 4966 expugnari
2761 4905 2937 4966 potest
2971 4909 3071 4950 :ac
3111 4895 3333 4966 perinde
3361 4897 3412 4953 ei
3438 4896 3655 4963 accidit,
3689 4906 3748 4952 ut

2171 4990 2221 5047 ei
2246 4989 2335 5062 qui
2363 4988 2717 5045 imbecillibus
2753 4986 2919 5044 armis
2945 4987 3234 5044 instructus
3259 4998 3360 5053 est,
3385 5005 3449 5045 ac
3476 4991 3559 5046 vel
3591 4990 3742 5046 levis.

2171 5084 2308 5138 simo
2332 5083 2436 5136 ictu
2463 5081 2760 5147 sauciatur;
2782 5095 2902 5135 cum
2929 5091 3116 5137 contra
3141 5081 3186 5137 is
3206 5082 3294 5152 qui
3321 5083 3489 5154 probe
3513 5083 3748 5153 undique

2170 5181 2407 5228 armatus
2432 5182 2535 5238 est,
2561 5171 2860 5244 ingruentia
2887 5173 3065 5229 omnia
3091 5173 3194 5228 tela
3223 5175 3513 5245 propulset.
3533 5175 3746 5232 Etenim

2168 5263 2446 5336 quibusvis
2470 5263 2632 5319 armis
2657 5262 2862 5319 ﬁrmior
2887 5278 2953 5319 ac
2979 5265 3244 5321 valentior
3282 5275 3364 5322 est
3389 5266 3636 5337 voluptas
3661 5282 3746 5332 ea,

2170 5372 2290 5427 quae
2313 5355 2605 5411 secundum
2638 5356 2804 5412 Deum
2837 5357 3130 5429 percipitur
3155 5376 3168 5412 :
3200 5374 3302 5415 nec
3325 5359 3613 5431 quidquam
3641 5369 3746 5426 est,

2172 5449 2312 5521 quod
2334 5449 2639 5520 huiusmodi
2657 5451 2827 5506 virum
2854 5449 2909 5506 i’n
2936 5453 3202 5508 tristitiam
3230 5468 3294 5509 ac
3319 5467 3604 5511 mmrorem
3629 5468 3749 5508 con-

2167 5542 2335 5613 jicere
2361 5551 2558 5614 queat,
2591 5559 2773 5598 verum
2813 5544 2991 5599 omnia
3019 5545 3140 5600 forti
3188 5560 3250 5600 ac
3278 5561 3542 5617 generoso
3570 5546 3748 5599 animo

2174 5633 2390 5704 perfert.
2419 5632 2554 5702 Quid
2581 5635 2721 5688 enim
2749 5635 2870 5706 igne
2893 5636 3108 5706 gravius
3127 5637 3152 5692 τ
3174 5636 3298 5709 quid
3326 5637 3600 5708 perpetuis
3637 5650 3751 5691 cru-

2177 5730 2405 5789 ciatibus
2429 5728 2707 5788 acerbius?
2742 5729 2874 5786 Nam
2912 5739 2969 5786 ut
3002 5730 3165 5787 etiam
3209 5746 3339 5804 opes
3364 5740 3419 5790 et
3447 5729 3667 5798 liberos,
3689 5741 3752 5782 ac
