4138 6220
435 242 543 298 ⁸587

431 359 528 415 τοῦ
571 353 809 428 Χριστοῦ
848 353 945 408 καὶ
977 349 1143 408 αὐτοῦ
1178 351 1350 406 εἰπεῖν
1388 344 1529 404 εἶναι
1561 350 1630 404 τά
1668 349 1966 420 παθήματα
1987 365 2001 379 ·

431 454 529 510 καὶ
559 450 668 524 πρὸ
701 451 802 520 τῆς
841 445 1238 518 παρακλήσεως
1269 443 1363 497 ἀπ’
1409 442 1586 497 αὐτῶν
1632 442 1740 496 τῶν
1775 440 2006 510 θλίψεων

430 548 531 620 τὴν
554 541 911 616 παραμυθίαν
956 538 1182 606 εἰσάγει.
1215 534 1280 589 Τί
1315 535 1420 608 γὰρ
1453 534 1604 605 ἣδιον
1630 533 1725 587 τοῦ
1758 532 1835 604 τῷ
1867 533 2005 604 Χρι-

431 637 544 710 στῷ
577 653 645 708 με
684 631 929 704 γίνεσθαι
961 627 1236 690 κοινωνὸν,
1279 626 1374 680 καὶ
1401 625 1469 678 δι’
1502 623 1664 678 αὐτὸν
1700 623 1872 678 ταῦτα
1900 623 2006 677 πά-

430 748 583 803 σχειν
603 746 619 794 ;
641 737 696 782 τι
720 725 923 796 ταύτης
963 723 1076 776 ἴσον
1101 721 1197 791 τῆς
1223 718 1653 791 παρακλήσεως;
1685 719 1798 772 Οὐκ
1824 717 2006 772 ἐντεῦ-

429 825 521 879 θεν
561 822 620 876 δέ
669 820 850 892 μόνον,
884 814 1019 869 ἀλλά
1047 812 1141 866 καί
1183 810 1448 882 ἑτέρωθεν
1470 809 1686 880 ἐπαίρει
1715 808 1783 862 τὰ
1806 809 2006 879 φρονή-

433 931 581 986 ματα
626 911 734 965 τῶν
767 907 1120 978 θλιϐομένων.
1172 903 1342 956 Πόθεν
1378 901 1675 973 ἐτέρωθεν;
1737 900 1869 953 Ἀπδ
1909 899 2004 953 τοῦ

431 1007 625 1070 εἰπεῖν,
663 1003 745 1057 ὅτι
795 997 1163 1068 Περισσεύει.
1211 996 1285 1049 Οὐ
1327 994 1434 1068 γάρ
1469 990 1640 1056 εἶπεν,
1691 992 1770 1046 ὅτι
1809 991 2006 1056 Καθὼς

431 1102 642 1157 ἔπεισιν
697 1101 827 1171 ἡμῖν
877 1094 947 1149 τὰ
997 1093 1299 1164 παθήματα
1359 1089 1454 1144 τοῦ
1509 1088 1784 1161 Χριστοῦ,
1845 1087 2002 1153 ἀλλὰ,

431 1193 635 1259 Καθὼς
656 1190 1005 1260 περισσεύει
1024 1204 1037 1216 ·
1061 1185 1272 1248 δεικνὺς
1297 1184 1380 1238 ὅτι
1404 1183 1464 1235 οὐ
1494 1181 1651 1254 μόνον
1681 1180 1748 1234 τά
1773 1180 2002 1244 ἐκείνου,

431 1282 566 1338 ἀλλὰ
603 1280 699 1335 καὶ
737 1278 958 1332 πλείονα
991 1273 1192 1331 τούτων
1224 1273 1555 1345 ὑπομένουσι
1586 1272 1755 1343 πάθη.
1785 1269 1864 1325 Οὐ
1896 1271 2005 1344 γὰρ

431 1375 531 1427 ὅσα
559 1371 746 1434 ἔπαθε,
774 1369 956 1440 φησὶν,
987 1367 1262 1434 ἐπάθομεν
1281 1365 1449 1435 πάθη,
1472 1364 1609 1419 ἀλλά
1634 1364 1729 1418 καὶ
1745 1364 2000 1435 περισσά.

434 1465 631 1518 Σκόπει
651 1463 709 1516 δέ
732 1480 747 1494 ·
789 1461 1016 1530 ’Πλάθη,
1047 1457 1280 1530 ἐδιώχθη
1302 1461 1331 1512 6
1355 1457 1609 1529 Χριστὸς,
1633 1456 2002 1529 ἐμαστιγώθη,

430 1558 722 1613 ἀπέθανεν.
773 1553 910 1607 Ἀλλ’
938 1554 1098 1624 ἡμεῖς
1141 1552 1304 1605 πλέον
1355 1551 1582 1617 τούτων,
1627 1549 1829 1622 φησίν·
1868 1550 2004 1620 ὅπερ

431 1647 527 1702 καὶ
564 1648 723 1718 μόνον
769 1643 953 1698 ἱκανὸν
995 1644 1074 1706 είς
1123 1642 1474 1714 παραμυθίαν
1511 1643 1785 1714 ἀρκέσειε.
1843 1639 2004 1696 Ἀλλά

433 1741 622 1812 μηδεὶς
667 1738 874 1808 τόλμαν
924 1735 1387 1803 καταγινωσκέτω
1425 1734 1520 1788 τοῦ
1545 1735 1740 1803 λόγουο
1777 1732 2003 1803 καὶγὰρ

429 1831 528 1884 καὶ
559 1828 801 1898 ἀλλαχοῦ
848 1841 1002 1896 φησι·
1037 1824 1168 1878 Νῦν
1197 1824 1380 1892 χαίρω
1423 1823 1494 1877 ἐν
1531 1824 1656 1890 τοῖς
1695 1822 2005 1892 παθήμασί

423 1941 565 1993 μου,
597 1921 695 1976 καί
727 1915 1170 1986 ἀνταναπληρῶ
1205 1919 1275 1971 τὰ
1318 1915 1702 1986 ὑστερήματα
1731 1915 1850 1969 τῶν
1877 1917 2006 1969 θλι-

427 2015 596 2082 ψεων
639 2009 748 2065 τοῦ
791 2005 1046 2076 Χριστοῦ
1088 2007 1158 2059 ἐν
1189 2004 1264 2074 τῇ
1296 2007 1476 2073 σαρκί
1493 2023 1635 2076 μου.
1683 2003 1823 2058 Ἀλλ’
1855 2004 2005 2058 οὐδέ-

426 2121 586 2176 τερον
636 2101 838 2174 τόλμης
889 2099 1011 2154 οὐδὲ
1057 2098 1316 2162 ἀπονοίας
1357 2099 1520 2162 τινός.
1577 2097 1843 2168 Καθάπερ
1894 2097 2002 2168 γὰρ

435 2194 660 2267 μείζονα
682 2193 846 2247 αὐτοῦ
867 2191 1192 2265 εἰργάσαντο
1213 2193 1414 2262 σημεῖα
1436 2191 1532 2262 (Ὅ
1549 2188 1660 2260 γὰρ
1679 2189 2001 2255 πιστεύων,

433 2286 624 2358 φησιν,
665 2286 753 2352 είς
793 2283 917 2354 ἐμὲ,
961 2281 1202 2352 μείζονα
1259 2283 1485 2337 τούτων⁸
1531 2281 1818 2351 ποιήσει),
1848 2282 1908 2336 τὸ
1945 2281 2004 2336 δέ

430 2379 544 2432 πᾶν
577 2376 742 2430 αὐτοῦ
785 2375 992 2445 γίνεται
1028 2374 1123 2428 τοῦ
1151 2374 1498 2446 ἐνεργοῦντος
1526 2374 1585 2426 ἐν
1613 2373 1828 2436 αὐτοῖς’
1860 2371 2009 2426 οὕτω

429 2467 528 2522 καὶ
568 2465 791 2521 πλείονα
833 2465 995 2522 αὑτοῦ
1042 2464 1274 2519 ἔπαθον·
1308 2465 1368 2519 τὸ
1396 2464 1452 2518 δὲ
1491 2466 1597 2518 πᾶν
1633 2463 1796 2518 αὑτοῦ
1843 2462 2005 2518 πάλιν

431 2561 550 2614 ἐστὶ
579 2558 674 2613 τοῦ
708 2557 1151 2632 παρακαλοῦντος
1183 2556 1399 2621 αὐτοὺς,
1431 2556 1526 2611 καὶ
1564 2555 2005 2628 παρασκευάζον-

427 2667 523 2716 τος
551 2649 737 2722 φέρειν
767 2649 840 2703 τά
862 2648 1243 2720 συμπίπτοντα
1274 2647 1442 2701 δεινά.

501 2834 568 2888 δ’.
601 2831 692 2886 Διὸ
717 2830 782 2903 δὴ
821 2831 917 2885 καὶ⁸
943 2831 973 2883 6
999 2827 1210 2892 Παῦλος
1251 2826 1572 2896 αἰσθόμενος
1613 2824 1800 2897 ἡλίκον
1844 2824 2004 2895 ἐφθέ-

426 2924 619 2995 γξατο,
631 2924 734 2995 δρα
751 2923 869 2986 πῶς
885 2922 1018 2986 αὐτὸ
1036 2919 1314 2974 συστέλλει
1333 2918 1495 2973 πάλιν
1509 2916 1703 2986 λέγων’
1728 2915 1890 2971 οὕτω
1905 2915 2006 2972 διὰ

428 3018 540 3074 τοῦ
562 3014 822 3086 Χριστοῦ
853 3013 1202 3085 περισσεύει
1219 3010 1317 3066 καί
1347 3011 1386 3079 ἠ
1406 3007 1790 3079 παράκλησις
1813 3006 2002 3077 ἡμῶν

431 3109 528 3162 καὶ
556 3108 618 3162 τὸ
653 3109 763 3161 πᾶν
792 3105 944 3177 αὑτῷ
971 3103 1264 3170 ἀνατιθεὶς,
1297 3102 1389 3157 καὶ
1419 3099 1810 3172 ἀνακηρύττων
1838 3097 2004 3153 αὐτοῦ

430 3200 532 3255 καὶ
568 3198 819 3253 ἐντεῦθεν
841 3197 941 3268 τὴν
979 3195 1407 3266 φιλανθρωπίαν.
1441 3193 1516 3247 Οὐ
1547 3191 1654 3262 γὰρ
1680 3192 1803 3244 ὅσον
1828 3190 2006 3244 θλιϐό-

435 3292 598 3364 μεθα,
637 3291 892 3345 τοσοῦτον
918 3285 1412 3361 παρακαλούμεθα,
1447 3286 1634 3357 φησιν,
1666 3284 1805 3339 ἀλλά
1827 3281 2006 3354 πολλῷ

433 3385 621 3439 πλέον.
679 3385 753 3438 Οὐ
814 3383 923 3455 γὰρ
976 3379 1150 3445 εἶπεν,
1182 3379 1533 3452 Ἀντίρροπος
1579 3377 1613 3448 ἡ
1659 3374 2006 3448 παράκλησις

431 3477 545 3531 τῶν
581 3475 938 3547 παθημάτων,
968 3473 1119 3547 [425]
1151 3471 1307 3534 ἀλλὰ,
1339 3469 1695 3538 Περισσεύει
1743 3469 1782 3534 ἡ
1816 3466 2005 3536 παρά-

433 3571 688 3636 κλησις·
741 3566 818 3630 ώς
860 3565 953 3619 τόν
999 3564 1188 3634 καιρὸν
1213 3562 1325 3616 τῶν
1366 3558 1615 3630 ἀγώνων,
1655 3559 1860 3631 ἐτέρων
1887 3575 2008 3612 στε-

432 3660 616 3730 φάνων
648 3658 812 3714 πάλιν
842 3654 981 3713 εἶναι
1031 3656 1242 3729 καιρόν.
1292 3655 1358 3709 Τί
1403 3653 1510 3728 γὰρ
1562 3653 1843 3716 ίσον,είπέ
1891 3669 2004 3723 μοι,

433 3753 528 3808 τοῦ
553 3751 643 3807 διά
669 3753 759 3806 τὸν
801 3750 1036 3823 Χριστὸν
1065 3746 1448 3822 μαστίζεσθαι,
1487 3747 1584 3799 καὶ
1616 3744 1736 3815 Θεῷ
1759 3744 2007 3814 διαλέγε-

434 3843 582 3904 σθαι,
615 3842 710 3896 καὶ
735 3841 952 3895 πάντων
979 3835 1117 3893 εἶναι
1145 3835 1533 3907 δυνατώτερον,
1562 3835 1658 3889 καὶ
1697 3834 1805 3889 τῶν
1843 3835 2006 3888 ἐλαυ-

432 3932 635 3987 νόντων
679 3930 1077 4005 περιγίνεσθαι,
1124 3930 1219 3983 καὶ
1250 3931 1317 4000 τῇ
1369 3926 1663 3998 οἰκουμένῃ
1708 3927 2007 3997 ἀχείρωτον

434 4017 598 4086 εἶναι,
647 4022 743 4075 κα)⁸
782 4018 1007 4075 τοιαῦτα
1059 4017 1368 4089 προσδοκᾷν
1417 4013 1670 4069 ἐντεῦθεν
1726 4012 1929 4082 ἀγαθά,
1969 4011 2006 4068 ἃ

442 4111 584 4183 μήτε
614 4111 888 4183 ὀφθαλμὸς
943 4105 1074 4175 εῖδε,
1124 4109 1264 4179 μήτε
1315 4101 1406 4169 οῦς
1453 4106 1676 4176 ἤκουσε,
1729 4105 1865 4174 μήτε
1912 4103 2006 4156 ἐπὶ

435 4200 669 4272 καρδίαν
696 4199 980 4272 ἀνθρώπου
1015 4195 1223 4266 ἀνέϐη;
1265 4193 1317 4247 τί
1359 4192 1414 4246 δὲ
1461 4193 1576 4246 ἴσον
1602 4190 1696 4244 τοῦ
1731 4188 2006 4244 θλίϐεσθαι

434 4293 508 4347 δι’
537 4292 836 4358 εὐσέϐειαν,
876 4291 970 4345 καὶ
1003 4289 1210 4361 μυρίων
1234 4283 1530 4340 ἀπολαύειν
1564 4281 1716 4355 παρά
1740 4281 1832 4335 τοῦ
1870 4279 2004 4334 Θεοῦ

437 4384 858 4457 παρακλήσεων,
882 4383 976 4437 καὶ
1004 4378 1422 4452 ἁμαρτημάτων
1447 4373 1790 4446 ἀπηλλάχθαι
1820 4374 2008 4427 τοσού-

434 4495 572 4544 των,
597 4478 692 4530 καὶ
729 4474 1048 4546 Πνεύματος
1071 4469 1459 4535 καταξιοῦσθαι
1488 4468 1583 4522 καὶ
1608 4465 1879 4537 ἀγιασμοῦ
1911 4465 2006 4519 καὶ⁸

435 4565 806 4638 δικαιοσύνης,
859 4565 954 4618 καὶ¹
1010 4563 1215 4634 μηδένα
1265 4561 1562 4615 δεδοικέναι
1611 4559 1710 4613 καὶ
1759 4559 2004 4630 τρέμειν,

437 4658 536 4712 καὶ
569 4657 784 4711 πάντων
811 4654 1191 4725 λαμπρότερον
1215 4650 1504 4722 φαίνεσθαι
1528 4653 1585 4704 ἐν
1606 4650 1754 4721 αὐτῷ
1779 4649 1856 4721 τῷ
1885 4666 2005 4704 κιν-

435 4747 710 4813 δυνεύειν;
745 4745 839 4814 Μὴ
867 4746 934 4818 δὴ
967 4745 1400 4814 καταπίπτωμεν
1429 4745 1487 4797 ἐν
1507 4745 1620 4806 τοῖς
1653 4742 2009 4812 πειρασμοῖς.
2037 4751 2044 4764 '

433 4838 628 4902 οὐδεὶς
655 4836 766 4909 γὰρ
799 4838 1049 4891 κοινωνεί
1084 4835 1162 4907 τῷ
1189 4833 1408 4906 Χριστῷ
1435 4831 1658 4905 τρυφῶν
1682 4831 1784 4912 καίι
1807 4830 2006 4886 καθεύ-

431 4930 541 4984 δων
575 4929 670 4982 καὶ
693 4927 1036 4996 ἀναπίπτων,
1064 4927 1242 4990 οὐδεὶς
1259 4923 1366 4979 τῶν
1393 4926 1483 4979 τὸν
1511 4922 1676 4996 ὑγρὸν
1700 4921 1886 4977 τοῦτον
1911 4923 2007 4976 καὶ

431 5021 814 5093 διαλελυμένον
841 5020 1061 5086 ζώντων
1095 5018 1228 5089 βίον·
1263 5018 1377 5073 ἀλλ’
1402 5019 1430 5072 6
1467 5019 1524 5072 ἐν
1555 5015 1732 5086 θλίψει
1759 5014 1852 5068 καὶ
1879 5031 2002 5066 πει-

435 5114 656 5186 ρασμῷ,
684 5109 839 5179 οὗτος
864 5115 1031 5183 ἐγγὺς
1061 5112 1292 5183 ἕστηκεν
1321 5110 1552 5177 ἐκείνου,
1599 5111 1628 5164 6
1675 5107 1775 5180 τὴν
1813 5105 2004 5178 στενὴν

430 5205 632 5260 ὁδεύων
659 5207 797 5261 ὀδόν.
828 5207 941 5261 Καὶ
969 5206 1080 5278 γὰρ
1112 5205 1205 5259 καὶ
1230 5204 1390 5269 αὐτὸς
1414 5203 1623 5274 ταύτην
1643 5200 1859 5254 ἐϐάδισε
1877 5213 1891 5226 ’
1923 5199 2005 5253 διδ

431 5297 536 5351 καὶ
565 5298 772 5368 ἐλεγενο
803 5299 868 5353 '0
911 5297 1044 5364 Υἱὸς
1085 5297 1190 5352 τοῦ
1222 5295 1537 5366 ἀνθρώπου
1573 5295 1686 5348 οὐκ
1720 5291 1846 5362 ἔχει
1883 5289 2002 5345 ποῦ

431 5388 554 5458 τὴν
580 5389 856 5460 κεφαλὴν
882 5388 1106 5444 κλῖναι.

506 5608 601 5678 Μὴ
652 5609 829 5662 τοίνυν
863 5609 1017 5679 άλγει
1055 5575 1394 5679 θλιϐόμενος,
1428 5604 1762 5681 ἐννοῶνιτίνι
1806 5611 2002 5656 κοινω-

434 5700 574 5764 νεῖς,
619 5693 710 5755 καὶ
761 5701 878 5764 πῶς
914 5699 1213 5771 ἐκκαθαίρει
1249 5697 1338 5753 διὰ
1376 5697 1484 5751 τῶν
1521 5694 1859 5764 πειρασμῶν,
1902 5693 1995 5748 καὶ

1486 236 1555 293 ΙΝ
1594 233 1808 292 Εριετ.
1846 235 1888 290 ll
1928 235 2016 290 AD
2043 234 2203 292 ΘΟΕ.
2258 235 2490 295 ΠΟΜΠ..
2535 239 2575 296 Ι.

3565 255 3674 311 388

2112 349 2212 403 ὅσα
2251 351 2576 422 κερδαίνεις.
2605 353 2768 408 Οὐδὲν
2797 355 2905 426 γάρ
2933 357 3082 412 ἐστιν
3105 359 3348 432 ἀνιαρὸν,
3384 361 3497 417 ἀλλ’
3543 367 3578 436 ἡ
3617 368 3683 422 τδ

2111 440 2189 512 τῷ
2233 442 2353 512 Θεῷ
2402 443 2786 516 προσκρούειν.
2821 447 3023 502 Τούτου
3053 451 3108 504 δὲ
3134 453 3234 506 οὐκ
3266 452 3439 518 ὄντος,
3474 455 3535 509 οὐ
3566 457 3680 512 θλί-

2110 532 2254 604 ψεις,
2290 535 2390 589 οὐκ
2413 537 2715 601 ἐπιϐουλαὶ,
2753 540 2852 593 οὐκ
2893 540 3020 595 ἄλλο
3059 543 3211 598 οὐδὲν
3253 545 3475 601 δυνατὸν
3502 547 3679 619 λυπῆ-

2113 642 2205 678 σαι
2231 625 2330 696 τὴν
2348 625 2406 680 εὖ
2431 628 2730 697 φρονοῦσαν
2752 629 2951 700 ψυχήν·
2984 632 3118 685 ἀλλά
3138 634 3388 706 καθάπερ
3407 637 3680 710 σπινθῆρα

2117 716 2310 788 μικρὸν
2357 719 2437 782 είς
2493 718 2727 774 ἄϐυσσον
2773 721 2973 794 πολλὴν
3011 724 3265 795 ἐμϐαλὼν
3306 726 3508 792 εὐθέως
3545 748 3679 784 κατ-

2113 808 2376 873 έσϐεσας’
2411 808 2553 864 οὕτω
2602 812 2695 866 καὶ
2741 811 2980 883 ἀθυμίας
3024 816 3245 887 ἀπάσης
3288 817 3562 891 ὑπερϐολὴ
3599 823 3682 885 είς

2115 901 2352 964 συνειδὸς
2384 901 2700 972 ἐμπεσοῦσα
2731 904 2934 972 ἀγαθόν
2964 906 3258 962 ἀπόλλυται
3288 909 3380 962 καὶ
3415 911 3680 979 ἀφανίζε-

2112 1011 2200 1048 ται
2235 995 2451 1066 ῥᾳδίως.
2488 995 2585 1049 Διά
2625 996 2689 1067 δὴ
2716 996 2872 1050 τοῦτο
2904 999 2999 1052 καὶ
3025 999 3052 1050 6
3081 999 3290 1064 Παῦλος
3324 1000 3540 1073 ἔχαιρεν
3567 1003 3677 1068 ἀεὶ,

2113 1087 2300 1158 ἐπειδὴ
2330 1089 2389 1140 ἐν
2426 1091 2539 1152 τοῖς
2572 1089 2714 1142 κατὰ
2749 1088 2880 1142 Θεὸν
2927 1091 3165 1161 ἐθάρρει,
3197 1093 3290 1146 καὶ
3328 1094 3447 1148 οὐδὲ
3484 1094 3678 1168 αἴσθη-

2115 1195 2198 1233 σιν
2225 1180 2335 1234 τῶν
2358 1180 2625 1234 τοσούτων
2658 1181 2846 1235 κακῶν
2875 1182 3200 1252 ἐλάμϐανεν
3235 1169 3348 1237 ἀλλ’
3379 1185 3531 1256 ἡλγει
3578 1187 3683 1257 μὲν

2112 1267 2187 1331 ώς
2218 1269 2523 1340 ἄνθρωπος,
2555 1270 2616 1323 οὐ
2655 1270 2761 1342 μὴν
2795 1271 3150 1327 κατέπιπτεν.
3186 1273 3343 1327 Οὕτω
3387 1277 3479 1329 καὶ
3514 1279 3542 1330 6
3575 1295 3679 1331 πα-

2111 1360 2380 1431 τριάρχης
2414 1362 2619 1426 ἐκεῖνος
2663 1362 2720 1416 ἐν
2747 1363 2907 1434 ἡδονῇ
2942 1358 3032 1435 ἦν,
3065 1363 3234 1419 πολλά
3276 1365 3463 1420 παθὼν
3491 1368 3678 1438 ὀδυνη-

2117 1453 2203 1523 ρά.
2226 1451 2424 1504 Σκόπει
2453 1452 2528 1505 δέ·
2553 1453 2817 1524 Πατρίδος
2839 1452 3118 1519 ἐξέπεσεν,
3145 1456 3451 1528 ὁδοιπορίας
3470 1459 3676 1532 ὑπέστη

2115 1543 2331 1616 μακρὰς
2361 1545 2455 1599 καὶ
2482 1544 2749 1616 χαλεπὰς,
2791 1547 2884 1599 ἐπὶ
2913 1547 3010 1618 τῆς
3039 1548 3324 1620 ἀλλοτρίας
3357 1549 3525 1603 ἐλθὼν
3558 1553 3679 1606 οὐδὲ

2114 1637 2263 1708 βῆμα
2304 1631 2416 1707 εἶχε
2469 1637 2645 1701 ποδός.
2681 1637 2958 1691 Ἐντεῦθεν
2995 1637 3154 1692 πάλιν
3196 1638 3352 1710 λιμός
3393 1641 3554 1693 αὑτὸν
3601 1641 3680 1696 δι-

2112 1730 2330 1795 εδέξατο
2359 1729 2454 1782 καὶ
2477 1730 2818 1800 μετανάστην
2851 1729 3096 1801 ἐποίησε,
3129 1731 3224 1785 καὶ
3256 1732 3346 1784 τὸν
3379 1732 3536 1804 λιμὸν
3559 1733 3678 1788 δια-

2111 1819 2324 1890 δέχεται
2357 1822 2518 1874 πάλιν
2558 1818 2783 1891 ἁρπαγὴ
2826 1820 3104 1888 γυναικδς,
3135 1823 3227 1875 καὶ
3252 1823 3480 1877 θανάτου
3515 1823 3680 1894 φόϐος

2111 1912 2208 1965 καὶ
2237 1911 2462 1966 ἀπαιδία
2485 1912 2580 1967 καὶ
2603 1912 2840 1982 πόλεμος
2863 1911 2956 1964 καὶ
2987 1912 3228 1966 κίνδυνοι
3247 1915 3341 1968 καὶ
3371 1915 3676 1982 ἐπιϐουλαὶ,

2111 2004 2206 2057 καὶ
2237 2003 2298 2056 τὸ
2329 2003 2631 2057 τελευταῖον
2653 2005 2683 2056 6
2713 2001 2956 2072 κολοφὼν
2980 2001 3089 2056 τῶν
3122 2002 3318 2066 ἄθλων,
3364 2006 3397 2076 ἡ
3431 2004 3528 2059 τοῦ
3578 2023 3679 2076 μο-

2111 2097 2362 2167 νογενοῦς
2381 2097 2474 2152 καὶ
2495 2095 2719 2167 γνησίου
2747 2096 2933 2159 παιδὸς
2953 2097 3156 2168 σφαγὴ,
3180 2099 3218 2168 ἡ
3239 2097 3474 2169 ὀδυνηρά
3493 2099 3676 2172 ἐκείνη

2111 2190 2207 2244 καὶ
2232 2190 2550 2262 ἀνήκεστος.
2580 2187 2671 2259 Μὴ
2692 2186 2756 2259 δὴ
2777 2187 2906 2260 γὰρ,
2925 2189 3112 2260 ἐπειδὴ
3127 2189 3362 2254 εὐκόλως
3377 2189 3682 2260 ὑπήκουσε,

2111 2284 2339 2356 νομίσῃς
2372 2282 2534 2337 αὐτὸν
2563 2282 2656 2336 καὶ
2685 2281 2916 2346 ἀπαθῶς
2955 2283 3133 2336 πάντα
3164 2283 3349 2338 ἐκεῖνα
3381 2285 3682 2356 ὑφεστηκέ-

2111 2393 2222 2431 ναι.
2251 2376 2315 2428 Εί
2345 2373 2454 2446 γάρ
2477 2373 2572 2428 καὶ
2609 2371 2871 2444 μυριάκις
2903 2373 3113 2437 δίκαιος
3140 2367 3230 2445 ἦν,
3255 2372 3444 2445 ὥσπερ
3468 2371 3560 2429 οὖν
3585 2377 3687 2430 καὶ

2109 2463 2200 2540 ἦν,
2225 2465 2342 2522 ἀλλ’
2378 2465 2662 2537 ἄνθρωπος
2688 2459 2780 2535 ἦν,
2813 2464 2908 2518 καὶ
2937 2465 3009 2518 τά
3038 2465 3139 2535 τῆς
3173 2465 3387 2534 φύσεως
3419 2466 3677 2538 ἔπασχεν.

2124 2559 2266 2614 Ἀλλ’
2289 2560 2438 2630 ὅμως
2461 2557 2614 2612 οὐδὲν
2636 2557 2798 2611 αὐτὸν
2820 2556 3026 2610 τούτων
3049 2557 3368 2626 κατέϐαλεν,
3391 2558 3542 2632 μει]
3565 2559 3681 2614 ἀλλ’

2111 2652 2355 2715 εἱστήκει
2383 2651 2639 2722 καθάπερ
2660 2650 2899 2722 ἀθλητὴς
2924 2654 3192 2720 γενναῖος,
3228 2655 3322 2707 καὶ⁵
3353 2654 3682 2726 στεφανίτης

2113 2745 2199 2816 ἐφ’
2229 2744 2444 2814 ἑκάστῳ
2488 2741 2694 2797 τούτων
2740 2743 3268 2814 ἀνακηρυττόμενος.
3327 2744 3482 2799 Οῦτω
3528 2746 3623 2800 καὶ
3653 2748 3688 2800 6

2115 2837 2387 2910 μακάριος
2440 2834 2651 2899 Παῦλος
2696 2835 2923 2905 νιφάδας
2989 2837 3311 2909 πειρασμῶν
3362 2838 3503 2910 ὀρῶν
3553 2837 3681 2894 καθ’

2113 2929 2350 2998 ἑκάστην
2393 2927 2654 2989 ἐπιούσας
2699 2925 2936 2997 ἡμέραν,
2982 2928 3058 2992 ὡς
3099 2930 3156 2982 ἐν
3191 2929 3340 3001 μέσῳ
3369 2930 3684 3002 παραδείσῳ

2108 3021 2354 3094 τρυφῶν,
2386 3018 2558 3083 οὕτως
2587 3018 2774 3090 ἔχαιρε
2816 3019 2911 3073 καὶ
2962 3020 3252 3092 ἠγάλλετο.
3295 3021 3506 3093 ’Ὥσπερ
3539 3017 3632 3077 οῦν
3653 3025 3682 3078 6

2109 3110 2317 3180 ταύτην
2346 3108 2554 3180 χαίρων
2595 3107 2694 3180 τὴν
2735 3108 2912 3182 χαρὰν
2943 3109 3042 3163 οὐκ
3073 3110 3220 3165 ἐστιν
3250 3110 3524 3183 ἁλώσιμος
3550 3113 3683 3166 ἀθυ-

2117 3201 2238 3274 μίᾳ,
2266 3200 2441 3265 οὕτως
2487 3202 2516 3256 6
2571 3199 2647 3272 μὴ
2687 3200 2896 3274 ταύτην
2926 3202 3181 3274 ἐλόμενος
3220 3204 3387 3257 πᾶσίν
3417 3204 3564 3258 ἐστιν
3590 3203 3683 3258 εῦ-

2113 3293 2396 3364 χείλρωτος,
2426 3291 2522 3346 καὶ
2549 3291 2752 3363 πάσχει
2775 3292 2994 3358 ταυτόν,
3017 3287 3128 3349 οἷον
3155 3295 3210 3348 εί
3239 3311 3325 3358 τις
3360 3295 3501 3349 ὅπλα
3542 3294 3686 3366 ἔχων

2116 3384 2315 3456 σαθρά,
2343 3383 2439 3438 καὶ
2464 3383 2570 3438 ὑπὸ
2612 3384 2710 3456 τῆς
2749 3383 3018 3457 τυχούσης
3057 3384 3410 3458 τιτρώσκοιτο
3443 3387 3678 3459 πληγῆς.

2127 3477 2266 3532 ’Ἀλλ’
2292 3478 2390 3548 οὐχ
2413 3477 2446 3530 6
2480 3475 2660 3540 καλῶς
2689 3476 2955 3531 πάντοθεν
2996 3479 3532 3551 περιπεφραγμένος,
3566 3479 3686 3535 ἀλλ’

2117 3561 2264 3624 ἅπαν
2306 3569 2558 3623 ἀκόντιον
2603 3567 2756 3622 ἐπιὸν
2803 3567 3170 3638 διακρούεται.
3217 3570 3325 3623 Καὶ
3362 3570 3472 3642 γὰρ
3512 3569 3681 3624 ὅπλου

2115 3660 2317 3724 παντὸς
2373 3658 2720 3731 ίσχυρότερον
2762 3658 2796 3730 ἡ
2831 3659 2974 3713 κατὰ
3013 3659 3147 3713 Θεδν
3193 3660 3375 3733 ἡδονίγ
3406 3662 3500 3715 καὶ
3528 3662 3682 3717 οὐδὲν

2113 3753 2204 3807 τδν
2231 3749 2471 3805 τοιοῦτον
2500 3750 2724 3821 ποιῆσαι
2755 3750 2980 3822 κατηφῆ
3006 3751 3102 3804 καὶ
3124 3751 3446 3823 σκυθρωπὸν
3478 3753 3688 3807 δύναιτ’

2114 3843 2202 3909 ἂν,
2233 3840 2371 3896 ἀλλὰ
2399 3839 2578 3894 πάντα
2605 3841 2761 3912 φέρει
2792 3841 3076 3910 γενναίως.
3117 3841 3183 3895 Τί
3219 3845 3328 3915 γάρ
3371 3843 3543 3916 πυρός
3567 3846 3684 3914 χεῖ-

2117 3951 2244 4008 ρον;
2275 3932 2327 3986 τί
2379 3931 2628 4002 βασάνων
2668 3930 2933 4002 διηνεκῶν
2970 3932 3390 4004 ὀδυνηρότερον;
3419 3933 3538 3988 Κᾶν
3569 3936 3687 4007 γὰρ

2118 4023 2286 4095 μυρία
2309 4039 2393 4085 τις
2419 4020 2660 4093 ἀπολέσῃ
2687 4021 2965 4091 κτήματα,
2987 4021 3088 4076 κᾶν
3115 4023 3329 4087 παῖδας,
3349 4023 3452 4077 κᾶν
3477 4025 3684 4092 ὁτιοῦν,

2113 4115 2271 4170 τοῦτο
2301 4113 2515 4167 πάντων
2545 4111 3010 4185 τυραννικώτερον
3039 4115 3118 4176 είς
3140 4113 3332 4184 ὀδύνης
3356 4113 3514 4184 λόγον
3540 4116 3681 4173 ἐστι.

2114 4206 2302 4276 Δέρμα
2331 4205 2460 4276 γὰρ,
2484 4207 2669 4276 φησὶν,
2696 4203 2848 4273 ὑπὲρ
2867 4203 3176 4274 δέρματος,
3210 4205 3308 4259 καὶ
3341 4206 3538 4262 πάντα
3562 4209 3688 4264 ὅσα

2114 4298 2364 4367 ὑπάρχει
2414 4294 2722 4364 ἀνθρώπῳ,
2776 4294 2953 4350 δώσει
2988 4294 3141 4365 ὑπὲρ
3183 4295 3292 4366 τῆς
3327 4297 3537 4368 ψυχῆς
3575 4304 3682 4356 αὐ·-

2114 4387 2241 4444 τοῦ.
2298 4387 2412 4442 Καὶ
2460 4387 2613 4441 οὐδὲν
2666 4387 2732 4442 ἂν
2783 4387 2994 4455 γένοιτο
3036 4388 3235 4443 ὀδυνῶν
3278 4390 3680 4465 χαλεπώτερον.

2127 4487 2268 4542 Ἀλλ’
2295 4488 2445 4559 ὅμως
2478 4487 2575 4542 καὶ
2615 4488 2683 4542 τά
2710 4490 2775 4560 τῇ
2811 4489 2946 4560 ἀκοῇ
2977 4488 3250 4562 ἀφόρητα,
3279 4491 3456 4548 ταῦτα
3471 4496 3688 4568 φορητά

2114 4590 2210 4644 καὶ
2238 4587 2463 4643 ποθεινά
2494 4587 2585 4642 διά
2619 4589 2717 4661 τὴν
2755 4589 2897 4644 κατὰ
2920 4591 3050 4645 Θεὸν
3079 4591 3271 4666 ἡδονὴν
3298 4595 3528 4664 γίνεται.
3560 4597 3688 4651 Κάν

2113 4690 2329 4762 ἀγάγῃς
2354 4689 2448 4744 τὸν
2494 4691 2748 4762 μάρτυρα
2769 4690 2858 4756 ,ἔτι
2890 4693 3194 4764 ἐμπνέοντα
3229 4698 3427 4767 μικρὸν
3457 4697 3563 4750 ἀπὺ
3585 4697 3686 4751 τοῦ

2115 4791 2297 4860 ξύλου,
2336 4789 2371 4863 ἢ
2417 4791 2526 4845 άπὸ
2560 4792 2670 4846 τῶν
2703 4792 2977 4862 τηγάνων,
3007 4793 3276 4865 τοσαύτην
3304 4796 3558 4869 εὑρήσεις
3581 4797 3692 4870 τὴν

2113 4891 2485 4963 ἀποκειμένην
2533 4902 2561 4933 ι
2591 4889 2741 4962 αὺτῷ
2795 4891 2994 4962 χαρὰν,
3041 4893 3175 4964 ὅσην
3219 4893 3341 4948 οὐδὲ
3369 4896 3548 4949 εἰπεῖν
3576 4895 3685 4951 ενι.

2113 4989 2224 5043 Καὶ
2247 4988 2300 5042 τί
2326 4987 2504 5051 πάθω,
2539 4989 2724 5059 φησιν,
2754 4988 2836 5042 ὅτι
2873 4991 3175 5064 μαρτυρίου
3213 4994 3405 5066 καιρὸς
3434 4995 3495 5048 οὐ
3539 4996 3689 5069 πάρ-

2113 5108 2230 5146 εστι
2277 5089 2416 5156 νῦνὲ
2465 5090 2529 5142 Τί
2557 5090 2662 5161 φής
2677 5106 2701 5158 ἱ
2731 5090 2795 5143 οὐ
2841 5092 3072 5163 πάρεστι
3118 5097 3419 5167 μαρτυρίου
3452 5098 3686 5170 καιρόςς

2113 5189 2384 5244 Οὐδέποτε
2415 5189 2514 5261 μὲν
2537 5186 2635 5244 οὖν
2684 5183 2840 5255 οὗτος
2868 5191 3117 5261 ἄπεστιν,
3164 5194 3282 5249 ἀλλ’
3317 5196 3405 5250 ἀεὶ
3437 5197 3541 5268 πρὸ
3571 5198 3687 5250 τῶν

2111 5288 2406 5361 ὀφθαλμῶν
2455 5293 2572 5344 ἐστι
2603 5291 2711 5345 τῶν
2731 5293 3044 5368 δὴμετέρων,
3092 5295 3188 5349 ἐάν
3226 5298 3510 5368 νήφωμεν.
3546 5298 3689 5352 Οὐδὶ

2114 5391 2224 5462 γάρ
2251 5389 2313 5444 τὸ
2336 5391 2427 5443 ἐπὶ
2449 5390 2608 5458 ξύλου
2637 5391 2951 5463 κρέμασθαι
2982 5395 3164 5464 μόνον,
3191 5396 3349 5451 τοῦτο
3371 5400 3516 5451 ποιεῖ
3544 5400 3692 5471 p.69-

2111 5507 2268 5566 τυρα·
2302 5492 2423 5545 ἐπεὶ
2461 5494 2510 5546 εί
2537 5492 2692 5546 τοῦτο
2717 5488 2808 5566 ἦν,
2840 5493 2997 5558 ἐκτὸς
3018 5493 3125 5551 τῶν
3153 5497 3434 5568 στεφάνων
3476 5497 3692 5556 τούτων

2175 5695 2192 5719 ⁸
2221 5696 2304 5745 Sic
2331 5709 2444 5747 mss.
2469 5695 2600 5746 Editi
2624 5709 2761 5755 vero.
2782 5701 3014 5759 κειμένην.
