4122 6226
480 223 584 281 389

486 353 516 405 δ
550 348 669 404 Ἰὼϐ
696 344 785 420 ῆν.
810 347 954 402 Οὔτε
1005 347 1115 420 γάρ
1143 344 1477 415 δικαστηρίῳ
1518 340 1795 413 παρέστη,
1828 340 1950 396 οὐτε
1980 342 2059 395 δι·-

488 446 691 503 καστοῦ
726 447 913 517 φωνῆς
937 447 1186 516 ήκουσεν,
1217 442 1278 494 οὐ
1307 440 1502 510 δήμιον
1537 433 1697 493 εῖδενο
1734 439 1796 492 οὐ
1831 440 1942 510 γὰρ
1967 440 2062 492 ἀν-

490 548 798 618 ηρτημένος
831 546 922 598 ἐπὶ
959 543 1115 609 ξύλου
1148 541 1239 594 καὶ
1284 538 1559 609 μετέωρος
1582 538 1680 601 ῶν,
1709 539 2061 604 κατεξαίνετο

489 652 589 716 τὰς
623 648 858 721 πλευράς
877 664 891 677 ο
922 645 1035 698 ἀλλ’
1064 643 1212 712 ὅμως
1242 641 1453 694 πολλῶν
1490 639 1787 712 μαρτύρων
1820 639 2063 712 χαλεπώ-

488 770 622 823 τερα
647 747 837 807 ἔπαθε,
868 743 964 797 καὶ
995 742 1049 797 αἱ
1092 742 1268 810 φωναὶ⁸
1315 739 1423 794 τῶν
1453 740 1770 813 ἐπαλλήλων
1813 740 2062 809 ἀγγέλων

490 849 711 904 ἐκείνων
762 846 945 915 πάσης
1007 842 1220 912 πληγῆς
1275 840 1606 914 δριμύτερον
1658 842 1924 914 έπληττον
1968 844 2063 896 καὶ

490 946 740 1001 ἐκέντουν
772 942 1038 997 πάντοθεν
1076 942 1259 1007 αὐτὸν,
1283 942 1377 995 καὶ
1408 941 1615 1013 μυρίων
1638 942 1848 1012 δημίων
1875 941 2062 1014 πικρό-

487 1062 644 1116 τερον
674 1042 781 1096 τῶν
811 1040 1111 1111 σκωλήκων
1134 1039 1359 1093 ἐκείνων
1398 1038 1467 1092 τὰ
1498 1038 1746 1111 στόματα
1789 1038 2057 1095 πάντοθεν

489 1150 652 1203 αὐτὸν
683 1146 963 1218 κατήσθιε.

561 1377 625 1425 ε.¹
652 1368 807 1432 Τίνος
830 1364 923 1421 οὗν
940 1368 1039 1421 οὐκ
1064 1366 1130 1421 ἂν
1150 1365 1395 1431 ἀντάξιος
1424 1366 1702 1439 μάρτυρος
1724 1358 1915 1435 οὗτοςς
1942 1368 2063 1422 Μυ-

494 1473 625 1543 ρίων
656 1471 755 1543 μὲν
783 1465 895 1525 οὖν.
935 1470 1050 1523 Καὶ
1080 1469 1189 1541 γὰρ
1223 1469 1310 1523 διά
1340 1469 1559 1523 πάντων
1590 1470 1682 1523 καὶ
1716 1471 1941 1525 ἐπάλαιε
1966 1469 2061 1525 καὶ

493 1572 873 1643 ἐστεφανοῦτο,
931 1570 1017 1626 διά
1050 1571 1364 1643 χρημάτων,
1388 1572 1476 1625 διὰ
1506 1572 1732 1638 παίδων,
1760 1570 1847 1628 διά
1877 1574 2064 1644 σώμα-

492 1692 605 1740 τος,
630 1674 716 1726 διὰ
750 1673 1031 1741 γυναικὸς,
1068 1671 1153 1723 διὰ
1203 1670 1390 1740 φίλων,
1437 1672 1505 1724 δι’
1554 1670 1785 1743 ἐχθρῶν,
1817 1672 1884 1726 δι’
1916 1675 2063 1726 οίκε-

493 1776 622 1829 τῶν’
657 1773 753 1827 καὶ
778 1772 886 1843 γάρ
916 1772 1010 1825 καί⁵
1040 1762 1186 1824 οῦτοι
1219 1772 1297 1834 είς
1326 1770 1387 1823 τὸ
1435 1771 1727 1842 πρόσωπον
1759 1771 1925 1826 αὐτοῦ
1972 1774 2060 1826 ἐν·

496 1874 722 1927 έπτυοψ
764 1871 855 1925 διά
903 1869 1086 1941 λιμοῦ,
1118 1869 1183 1922 δι’
1231 1868 1546 1941 ὀνειράτων,
1589 1868 1655 1922 δι’
1703 1868 1925 1933 ὀδυνῶν,
1977 1871 2063 1925 διὰ

494 1971 775 2033 δυσωδίας.
814 1969 914 2023 Διά
955 1970 1021 2040 δὴ
1057 1970 1215 2023 τοῦτο
1240 1969 1399 2040 ἔφην,
1445 1971 1525 2023 ὃτι
1563 1970 1663 2041 οὐχ
1694 1971 1817 2035 ἐνὸς
1853 1973 2064 2027 καὶδύο

494 2075 589 2127 καὶ
619 2072 809 2143 τριῶν,
840 2071 975 2124 ἀλλά
1007 2070 1214 2141 μυρίων
1244 2070 1493 2137 ἀντάξιος
1523 2070 1589 2125 ἃν
1619 2071 1703 2143 είη
1746 2073 2062 2144 μαρτύρων.

494 2176 649 2231 Μετά
676 2173 786 2245 γὰρ
809 2172 918 2225 τῶν
961 2172 1267 2244 εἰρημένων
1297 2172 1390 2225 καὶ
1417 2174 1444 2226 ὁ
1473 2172 1664 2243 χρόνος
1687 2175 1885 2246 πολλὴν
1915 2176 2067 2229 δίδω-

498 2291 582 2327 σιν
632 2270 796 2325 αὐτοῦ
835 2272 949 2334 τοῖς
998 2270 1283 2338 στεφάνοις
1332 2271 1681 2342 προσθήκην·
1732 2266 1843 2326 οἷον
1874 2275 1934 2328 τὸ
1960 2276 2065 2347 πρὸ

495 2374 588 2429 τοῦ
621 2373 809 2445 νόμου,
831 2370 983 2443 [425]
1012 2370 1118 2443 πρὸ
1142 2371 1241 2441 τῆς
1276 2371 1498 2442 χάριτος
1524 2372 1696 2426 ταῦτα
1726 2374 1940 2443 παθεῖν,
1972 2378 2066 2431 καὶ

498 2476 673 2546 μῆνας
712 2472 962 2537 πολλοὺς,
998 2470 1093 2524 καὶ
1138 2470 1317 2524 πάντα
1361 2471 1479 2543 μεθ’
1520 2471 1848 2545 ὑπερϐολῆς,
1887 2476 1981 2530 καὶ
2007 2477 2066 2532 τδ

498 2574 674 2628 πάντα
721 2570 857 2643 ὁμοῦ
896 2570 1181 2625 ἐπιθέσθαι
1228 2570 1377 2643 αὐτῷ
1415 2571 1483 2626 τά
1524 2572 1705 2627 δεινάο
1757 2572 1933 2629 καίτοι
1972 2578 2068 2633 καὶ

498 2676 615 2730 καθ’
651 2676 814 2729 ἐαυτὸ
858 2675 1092 2727 ἕκαστον
1120 2674 1301 2727 αὐτῶν
1336 2674 1630 2745 ἀφόρητον,
1674 2675 1855 2731 καὶτὸ
1877 2677 2075 2732 δοκοῦν

498 2775 867 2848 φορητότερον
904 2768 1066 2837 εἶναι,
1091 2775 1125 2844 ἡ
1180 2774 1288 2828 τῶν
1321 2775 1617 2846 χρημάτων
1648 2776 1839 2848 ζημία.
1876 2777 2068 2831 Πολλοὶ

496 2878 629 2947 γοῦν
652 2876 865 2947 πληγὰς
900 2877 997 2946 μὲν
1027 2878 1285 2947 ήνεγκαν,
1317 2878 1521 2949 ζημίαν
1557 2879 1613 2931 δὲ
1644 2879 1941 2949 χρημάτων
1967 2880 2067 2932 οὐκ

496 2980 758 3051 ήνεγκαν,
775 2977 913 3033 ἀλλά
932 2978 1024 3031 καὶ
1052 2978 1410 3049 μαστίζεσθαι
1436 2980 1576 3050 ὑπὲρ
1602 2980 1780 3034 αὐτῶν
1796 2980 2001 3035 εἴλοντο
2022 2992 2065 3048 ⁸,

498 3081 591 3133 καὶ¹
635 3078 805 3151 μυρία
852 3078 1082 3149 πάσχειν
1113 3078 1263 3133 δεινά
1294 3079 1495 3150 μᾶλλον
1525 3080 1559 3152 ἧ
1597 3080 1820 3135 ἐκείνων
1853 3098 1905 3135 τι
1936 3099 2070 3154 προ·

497 3179 685 3234 έσθαι·
738 3180 836 3233 καὶ
888 3179 1092 3250 μείζων
1126 3179 1315 3242 αὐτοῖς
1341 3178 1517 3250 ἐφάνη
1559 3180 1593 3251 ή
1633 3179 1815 3252 πληγὴ
1843 3180 2003 3255 αὕτη,
2033 3184 2066 3255 ή

495 3280 596 3352 τῆς
624 3279 825 3349 ζημίας
853 3277 962 3332 τῶν
1006 3278 1329 3351 χρημάτων.
1358 3279 1521 3331 ’Ὥστε
1568 3277 1665 3332 καὶ
1702 3271 1857 3343 οὗτος
1880 3279 2069 3352 ἕτερος

500 3380 663 3435 πάλιν
694 3378 998 3450 μαρτυρίου
1048 3378 1251 3449 τρόπος
1287 3376 1365 3449 τῷ
1410 3377 1627 3448 φέροντι
1673 3378 1934 3447 γενναίως
1969 3379 2068 3451 τὴν

496 3480 701 3534 τούτων
726 3479 1019 3537 ἀπώλειαν.
1044 3481 1154 3534 Καὶ
1184 3479 1300 3542 πῶς
1325 3480 1543 3551 οἴσομεν
1572 3480 1855 3548 γενναίως,
1878 3481 2064 3553 φησίν;

498 3583 670 3639 Ὅταν
720 3582 895 3655 μάθῃς
933 3583 1014 3636 ὅτι
1069 3581 1290 3635 πλείονα
1341 3582 1620 3653 κερδανεῖς
1665 3574 1741 3636 ὧν
1781 3582 2068 3649 ἀπώλεσας

496 3681 563 3735 δι’
597 3681 715 3745 ἐνὸς
746 3682 990 3753 ῥήματος
1012 3680 1106 3734 τοῦ
1139 3681 1239 3751 τῆς
1264 3679 1633 3753 εὐχαριστίας.
1656 3682 1753 3733 Ἂν
1776 3680 1885 3752 γὰρ
1910 3681 2070 3735 ἀκού-

501 3801 693 3845 σαντες
723 3782 821 3854 τὴν
846 3781 1122 3836 ἀπώλειαν
1147 3781 1222 3852 μὴ
1254 3781 1634 3855 ταραχθῶμεν,
1663 3781 1777 3837 ἀλλ’
1802 3783 2066 3854 εἴπωμεν,

500 3882 808 3954 Εὐλογητὸς
849 3883 878 3936 ὁ
926 3882 1081 3946 Θεός·
1113 3882 1294 3954 πολλῷ
1325 3880 1544 3937 πλείονα
1573 3883 1804 3939 πλοῦτον
1830 3886 2069 3959 εὐρήκα-

500 4002 620 4054 μεν.
660 3983 735 4039 Οὐ
772 3984 879 4056 γὰρ
904 3983 969 4055 δὴ
997 3983 1232 4037 τοσαῦτα
1258 3983 1547 4057 καρπώσῃ,
1574 3986 1665 4039 τὸν
1682 3986 1908 4041 πλοῦτον
1937 3990 2068 4043 ἀναο

496 4084 702 4138 λίσκων
737 4084 816 4147 είς
848 4083 975 4147 τούς
1010 4082 1318 4152 δεομένους,
1353 4083 1446 4137 καὶ
1479 4086 1727 4156 περιιὼν,
1781 4086 1876 4139 καὶ
1905 4087 2069 4160 πένη-

497 4202 598 4248 τας
626 4181 924 4253 ἐπιζητῶν,
953 4184 1045 4237 καὶ
1076 4184 1385 4255 σκορπίζων
1405 4183 1473 4237 τά
1500 4183 1629 4238 ὅντα
1648 4187 1762 4250 τοῖς
1788 4189 2064 4243 πεινῶσιψ

494 4286 597 4338 ὅσα
622 4283 709 4337 διὰ
735 4282 925 4337 τούτου
957 4282 1050 4337 τοῦ
1081 4285 1325 4355 ῥήματος
1356 4286 1654 4358 κερδανεῖς.
1686 4287 1839 4341 Ἐπεὶ
1864 4289 1954 4343 καὶ
1976 4289 2067 4343 τὸν

512 4383 630 4437 Ἰὼϐ
666 4385 763 4454 οὐχ
796 4383 939 4437 οὓτω
968 4383 1235 4456 θαυμάζω
1282 4386 1380 4458 τὴν
1420 4388 1596 4441 οίκίαν
1637 4388 1919 4459 ἀνοίγοντα
1952 4393 2066 4457 τοῖς

496 4483 792 4554 δεομένοις,
850 4484 925 4545 ὡς
977 4484 1372 4556 ἐκπλήττομαι,
1427 4486 1522 4539 καὶ
1576 4487 1935 4560 ἀνακηρύττω
1966 4491 2064 4561 τὴν

498 4585 754 4657 ἁρπαγὴν
798 4586 906 4637 τῶν
958 4585 1254 4656 χρημάτων
1306 4586 1642 4657 εὐχαρίστως
1686 4589 1939 4659 φέροντα.
1988 4592 2061 4645 Τδ

500 4684 630 4739 αὐτὸ
673 4684 730 4737 δὲ
775 4681 933 4736 τοῦτο
977 4684 1070 4736 καὶ
1099 4683 1191 4737 ἐπὶ
1226 4683 1433 4737 παίδων
1466 4684 1736 4756 ἀποϐολῆς
1767 4686 1882 4742 ἐστι
1923 4707 2062 4761 συμ-

498 4787 681 4840 ϐαῖνον
716 4786 862 4840 ίδεῖν.
900 4785 1033 4839 Οὐδέ
1062 4784 1173 4857 γάρ
1199 4784 1433 4838 ἐνταῦθα
1477 4784 1732 4840 ἐλάττονα
1778 4788 1920 4861 λήψῃ
1974 4809 2063 4861 μι-

501 4885 627 4938 σθὸν
671 4884 763 4938 τοῦ
797 4884 888 4938 τδν
920 4886 1034 4940 υίδν
1078 4886 1446 4956 ἀναγαγόντος
1492 4887 1587 4942 καὶ
1638 4889 2061 4961 καταθύσαντος,

500 4989 547 5039 εί
577 4987 916 5042 τελευτῶντα
953 4988 1078 5041 ίδὼν
1133 4990 1545 5062 ηὐχαρίστησας
1576 4988 1654 5061 τῷ
1698 4991 2063 5067 φιλανθρώπῳ

499 5085 640 5157 θεῷ.
670 5087 735 5139 Τί
766 5088 871 5157 γάρ
900 5090 927 5141 ό
955 5087 1192 5153 τοιοῦτος
1218 5089 1315 5143 τοῦ
1344 5091 1594 5163 Ἀϐραὰμ
1632 5091 1783 5147 ἔσται
1831 5094 2060 5166 χείρωνς

514 5191 752 5253 Ἐκεῖνος
784 5188 893 5261 γὰρ
922 5190 1021 5244 οὐκ
1054 5185 1160 5243 εἶδε
1204 5192 1454 5262 κείμενον
1483 5194 1694 5265 νεκρὸν,
1729 5192 1868 5248 ἀλλά
1896 5213 2064 5266 71.906-

502 5290 727 5361 εδόκησε
805 5289 997 5360 μόνον⁸
1062 5289 1203 5343 ῶστε
1258 5290 1307 5343 εί
1364 5290 1674 5346 πλεονεκτεῖ
1717 5294 1796 5366 τῷ
1850 5294 2064 5366 μέλλειν

498 5388 810 5456 καταθύειν,
843 5389 937 5444 καὶ
988 5388 1087 5462 τὴν
1140 5391 1296 5462 χεῖρα
1348 5389 1593 5456 ἐκτείνας
1644 5392 1743 5464 τήν
1791 5394 2063 5468 μάχαιραν

565 5647 580 5670 ⁸
611 5648 719 5710 “3.,
751 5651 949 5703 εἵλαντο.

1225 226 1287 283 S.
1320 216 1608 279 JOANNIS
1634 214 2064 273 CIIRYSOSTO

2189 215 2506 274 meum.
2546 196 3097 277 CbNSTANTINOP.

3631 221 3739 277 390

2162 342 2429 413 ἀρπάσαι,
2464 345 2874 400 πλεονεκτεῖται
2925 346 3002 417 τῷ
3037 343 3254 399 κεῖσθαι
3295 343 3355 397 τὸ
3386 341 3598 397 παιδίον
3644 357 3738 396 να-

2160 442 2289 513 κρδν
2317 445 2570 501 ἐνταῦθα.
2595 447 2704 499 Καὶ
2720 446 2894 509 ἄλλως
2913 446 2989 512 δὲ,
3022 445 3211 517 ἐκείνῳ
3232 444 3382 515 μένή
3410 443 3502 496 τοῦ
3533 461 3737 515 κατορ-

2160 539 2408 609 θώματος
2439 542 2589 607 ἐλπὶς
2623 544 2785 616 ἔφερε
2828 544 3204 617 παραμυθίαν,
3238 545 3333 599 καὶ
3380 543 3442 596 τὸ
3465 543 3565 613 τῆς
3598 544 3739 607 ιδίας

2160 641 2410 710 ἀνδρείας
2457 643 2617 713 ἔργον
2646 642 2787 698 εἶναι
2820 644 2920 715 τὴν
2952 643 3231 715 ἀριστείαν
3262 643 3501 713 ἐκείνην,
3537 645 3632 697 καὶ
3676 644 3740 697 τὸ

2162 736 2344 803 φωνῆς
2412 733 2617 787 ἀνωθεν
2681 736 2990 808 φερομένης
3057 735 3283 789 ἀκοῦσαι
3329 734 3739 807 προθυμότερον

2161 831 2332 885 ἐποίει
2358 846 2373 861 ·
2412 832 2648 886 ἐνταῦθα
2678 835 2733 887 δὲ
2772 835 2925 888 οὐδὲν
2956 834 3198 887 τοιοῦτόν
3220 835 3387 887 ἐστιν.
3411 826 3576 887 Ὅθεν
3606 834 3739 888 ἀδα-

2165 930 2428 1003 μαντίνης
2454 932 2534 985 δεῖ
2563 932 2743 1004 ψυχῆς
2764 934 2842 1006 τῷ
2878 935 3142 1007 μονογενῆ
3173 934 3359 1001 παῖδα,
3382 934 3554 988 καὶέν
3576 934 3741 988 πλού-

2161 1050 2239 1102 τῳ
2260 1035 2558 1106 τραφέντα,
2592 1037 2686 1089 καὶ
2716 1036 2957 1108 χρηστὰς
2988 1035 3357 1106 ὑποφαίνοντα
3380 1034 3625 1101 ἐλπίδας,
3646 1034 3741 1088 ἐπὶ

2162 1134 2253 1188 τοῦ
2314 1134 2508 1207 βόθρου
2546 1138 2798 1209 κείμενον
2848 1137 3044 1209 ὁρῶντι
3090 1139 3184 1191 καὶ
3234 1136 3561 1206 τεταμένον,
3597 1137 3738 1191 ὥστε

2168 1234 2358 1306 πράως
2385 1239 2628 1306 ἐνεγκεῖν
2663 1238 2724 1291 τὸ
2776 1238 3012 1310 συμϐάν.
3052 1239 3110 1292 '0
3135 1238 3379 1302 τοιοῦτος
3414 1238 3482 1293 ἂν
3512 1234 3738 1311 δυνηθῇ,

2162 1336 2261 1405 τῆς
2303 1334 2517 1405 φύσεως
2547 1335 2616 1389 τά
2658 1335 2881 1407 κύματα
2934 1335 3295 1399 κατευνάσας,
3336 1336 3515 1389 εἰπεῖν
3550 1335 3613 1388 τὸ
3642 1335 3737 1390 τοῦ

2176 1436 2296 1492 Ἰὼϐ
2330 1437 2612 1508 ἀδακρυτὶ,
2648 1436 2701 1488 '0
2741 1437 2955 1504 Κύριος
2981 1435 3223 1500 ἔδωκεν,
3260 1437 3293 1489 ὁ
3322 1434 3543 1503 Κύριος
3575 1435 3740 1505 ἀφείς

2162 1540 2323 1601 λετο,
2371 1536 2509 1607 μετὰ
2555 1535 2649 1589 τοῦ
2678 1535 2929 1607 ’Δϐραάμ
2957 1533 3121 1589 αὐτοῦ
3160 1534 3441 1605 στήσεται,
3479 1533 3619 1603 μετά
3646 1532 3738 1587 τοῦ

2178 1637 2296 1692 Ἰὼϐ
2325 1639 2498 1708 ἀνακη
2510 1637 2839 1709 ρυχθήσεται
2876 1635 2985 1690 ἀπὸ
3012 1635 3108 1689 τοῦ
3141 1635 3391 1706 ῥήματος
3413 1633 3607 1686 τούτου
3644 1632 3741 1704 μό-

2164 1754 2273 1791 νον.
2306 1736 2425 1791 Κάν
2455 1736 2581 1799 τοὺς
2610 1736 2893 1799 κωκυτούς
2918 1734 3028 1786 τῶν
3058 1732 3338 1802 γυναικῶν
3368 1729 3611 1798 παύσας,
3646 1732 3741 1786 καὶ

2163 1837 2287 1899 τοὺς
2320 1835 2515 1907 χοροὺς
2563 1834 2674 1888 τῶν
2720 1832 3038 1906 θρηνουσῶν
3065 1832 3348 1899 διαλύσας,
3401 1835 3483 1898 είς
3522 1832 3735 1897 δοξολοο

2165 1938 2288 2009 γίαν
2314 1936 2559 2000 ἅπαντας
2584 1936 2849 2008 διεγείρῃ,
2884 1935 3054 2007 μυρία
3092 1935 3323 1999 ἀνωθεν,
3359 1934 3521 2006 μυρία
3549 1933 3736 1987 κάτω·-

2167 2040 2258 2095 θεν
2279 2039 2487 2104 δέξεται
2518 2037 2667 2110 [426]
2698 2037 2767 2091 τά
2810 2036 3058 2109 βραϐεἰα,
3083 2035 3389 2109 ἀνθρώπων
3419 2035 3576 2090 αὐτὸν
3603 2034 3739 2088 θαυο

2168 2142 2477 2213 μαζόντων,
2528 2139 2776 2210 ἀγγέλων
2835 2137 3199 2212 κροτούντων,
3245 2136 3339 2192 τοῦ
3378 2136 3512 2191 θεοῦ
3539 2154 3741 2207 στεφα-

2166 2258 2408 2305 νουντος.

2239 2423 2313 2484 ς’·
2351 2415 2461 2471 Καὶ
2488 2415 2604 2479 πῶς
2631 2412 2854 2469 δυνατὸν
2892 2410 2967 2484 μὴ
3000 2410 3217 2465 πενθεῖν
3245 2409 3528 2482 ἄνθρωπον
3567 2408 3697 2463 ὄντα
3719 2448 3736 2475 ,

2168 2517 2337 2591 φησίν
2359 2535 2374 2585 ;
2398 2518 2496 2570 Ἂν
2522 2516 2783 2587 ἐννοήσῃς
2804 2513 2921 2579 πῶς
2940 2514 2970 2566 ὁ
2992 2513 3356 2585 πατριάρχης,
3386 2513 3502 2575 πῶς
3530 2514 3558 2565 ό
3592 2510 3739 2576 Ἰὼϐ,

2166 2619 2441 2691 ἄνθρωποι
2467 2617 2618 2679 ὅντες
2640 2618 2687 2668 οί
2716 2614 3037 2686 ἀμφότεροι,
3067 2614 3217 2667 οὐδὲν
3240 2613 3479 2666 τοιοῦτον
3512 2612 3737 2681 ἔπαθον,

2164 2720 2260 2772 καὶ
2289 2717 2463 2772 ταῦτα
2493 2717 2599 2788 πρὸ
2632 2717 2797 2788 νόμου
2840 2717 2935 2770 καὶ
2968 2716 3189 2787 χάριτος
3215 2715 3310 2769 καὶ
3341 2715 3440 2787 τῆς
3469 2715 3739 2786 τοσαύτης

2164 2819 2273 2873 τῶν
2302 2818 2481 2889 νόμων
2508 2817 2823 2886 φιλοσοφίας
2846 2818 3103 2888 ἑκάτερος
3129 2815 3307 2869 αὐτῶν
3336 2816 3646 2887 γενόμενος,
3670 2816 3739 2871 ἀν

2165 2918 2377 2990 λογίσῃ,
2411 2917 2493 2970 ὅτι
2521 2918 2601 2978 είς
2628 2914 2876 2985 βελτίονα
2899 2915 3085 2987 χώραν
3120 2908 3360 2987 μετέστη
3391 2924 3443 2983 δ,
3473 2917 3569 2971 καὶ
3602 2918 3740 2990 πρὸς

2165 3018 2372 3091 ἀμείνω
2391 3016 2543 3087 λῆξιν
2573 3016 2924 3087 ἀπεπήδησεν
2957 3017 2986 3069 ὁ
3014 3016 3367 3089 τελευτήσας,
3393 3019 3486 3073 καὶ
3508 3019 3609 3073 οὐκ
3634 3020 3742 3072 ἀπ-

2165 3118 2373 3182 ώλεσας
2399 3117 2490 3171 τὸν
2513 3118 2644 3183 υἱὸν,
2672 3115 2787 3171 ἀλλ’
2809 3117 2867 3169 ἐν
2890 3116 3072 3188 ἀσύλῳ
3092 3116 3277 3172 λοιπὸν
3304 3119 3507 3173 ἀπέθου
3532 3119 3738 3191 χωρίῳ.

2166 3219 2260 3291 Μὴ
2296 3219 2473 3272 τοίνυν
2503 3216 2650 3286 λέγε,
2687 3217 2768 3270 ὅτι
2806 3216 3004 3270 Οὐκέτι
3030 3216 3305 3285 καλοῦμαι
3336 3222 3537 3291 πατήρ.
3564 3220 3662 3272 Διά
3684 3220 3739 3272 τί

2167 3318 2276 3390 γὰρ
2308 3318 2491 3371 οὐκέτι
2519 3317 2658 3388 καλῇ
2694 3314 2788 3369 τοῦ
2821 3316 2935 3369 υἱοῦ
2962 3318 3251 3386 μένοντος;
3288 3319 3363 3390 μὴ
3395 3319 3502 3390 γάρ
3531 3318 3739 3373 ἀπέϐα-

2171 3418 2260 3483 λες
2283 3418 2343 3471 τὸ
2374 3416 2622 3481 παιδίον;
2661 3414 2736 3486 μὴ
2772 3414 2881 3487 γάρ
2917 3414 3205 3480 ἀπώλεσας
3235 3417 3326 3472 τὸν
3350 3418 3491 3484 υίόν;
3525 3418 3741 3472 Μᾶλλον

2171 3520 2408 3590 ἐκτήσω,
2443 3517 2538 3570 καὶ
2563 3515 2971 3587 ἀσφαλέστερον
3008 3517 3186 3588 ἔσχες.
3221 3517 3320 3571 Διά
3354 3519 3511 3572 τοῦτο
3554 3520 3742 3575 οὐκέτι

2170 3616 2405 3673 ἐνταῦθα
2437 3615 2595 3686 μόνον
2618 3614 2755 3686 καλῇ
2782 3616 2986 3687 πατὴρ,
3012 3614 3147 3668 ἀλλά
3176 3614 3268 3666 καὶ
3302 3613 3360 3665 ἐν
3390 3614 3466 3684 τῷ
3497 3612 3733 3684 οὐρανῷ⁶

2166 3720 2309 3774 ὥστε
2342 3718 2404 3771 οὐ
2432 3718 2492 3770 τὸ
2522 3715 2701 3787 πατὴρ
2730 3714 3013 3769 καλεῖσθαι
3036 3713 3341 3781 ἀπώλεσας,
3376 3712 3513 3767 ἀλλά
3532 3712 3594 3766 τδ
3618 3731 3739 3784 μει-

2167 3821 2338 3885 ζόνως
2372 3817 2653 3871 καλεῖσθαι
2684 3815 3037 3886 προσέλαϐες·
3069 3817 3127 3872 οὐ
3161 3815 3267 3887 γάρ
3297 3815 3489 3888 θνητοῦ
3522 3816 3737 3871 παιδίου

2165 3919 2371 3985 λοιπὸν,
2402 3917 2518 3971 ἀλλ’
2556 3916 2824 3972 ἀθανάτου
2856 3915 3105 3988 κληθήσῃ
3152 3916 3356 3988 πατὴρ,
3405 3916 3736 3988 στρατιώτου

2165 4019 2435 4089 γενναίου,
2491 4017 2587 4071 καὶ
2639 4015 2788 4070 ἔνδον
2846 4016 3081 4081 ἑστῶτος
3124 4018 3411 4089 διηνεκῶς.
3466 4018 3561 4089 Μὴ
3608 4017 3735 4088 γὰρ,

2166 4118 2355 4191 ἐπειδὴ
2388 4118 2466 4190 μὴ
2499 4116 2752 4189 πάρεστι,
2804 4117 2899 4170 καὶ
2941 4115 3283 4172 ἀπολωλέναι
3329 4119 3490 4172 αὐτὸν
3528 4117 3734 4187 νόμιζε.

2166 4222 2299 4278 Οὐδὲ
2328 4219 2456 4291 γὰρ,
2491 4220 2540 4273 εί
2584 4217 2881 4289 ἀποδημῶν
2925 4216 3243 4290 ἐτύγχανεν,
3281 4218 3492 4290 ἀπέστη
3537 4219 3602 4273 ἀν
3640 4233 3736 4269 σου

2165 4324 2258 4377 καὶ
2285 4320 2524 4392 τοῦνομα
2558 4321 2659 4392 τῆς
2698 4318 3015 4389 συγγενείας
3046 4320 3186 4390 μετὰ
3217 4319 3312 4375 τοῦ
3342 4319 3607 4390 σώματος.
3642 4316 3735 4389 Μὴ

2164 4426 2228 4498 δὴ
2254 4428 2321 4497 τῇ
2352 4424 2472 4494 ὄψει
2508 4422 2604 4476 τοῦ
2635 4421 2892 4494 κειμένου
2919 4423 3174 4495 πρόσεχε,
3202 4424 3325 4478 ἐπεὶ
3358 4421 3737 4496 ἀναρριπίζεις

2167 4525 2229 4578 τὸ
2266 4523 2457 4589 πάθος,
2490 4522 2604 4576 ἀλλ’
2630 4521 2811 4591 ἀπαγε
2836 4523 2934 4594 τὴν
2953 4524 3192 4577 διάνοιαν
3216 4524 3324 4578 ἀπὸ
3349 4522 3441 4577 τοῦ
3478 4523 3734 4593 κειμένου

2172 4623 2308 4696 πρὸς
2343 4622 2435 4677 τὸν
2456 4622 2698 4693 οὐρανόν.
2728 4623 2839 4694 Οὐχ
2861 4615 3016 4687 οὗτός
3044 4624 3160 4678 ἐστι
3191 4622 3250 4677 τὸ
3284 4624 3493 4677 παιδίον
3526 4621 3586 4676 τὸ
3619 4620 3735 4676 κεί-

2175 4729 2356 4799 μένον.
2383 4726 2497 4781 ἀλλ’
2544 4726 2751 4788 ἐκεῖνος
2795 4728 2823 4780 ό
2863 4725 3114 4789 ἀποπτάς
3157 4726 3251 4781 καὶ
3282 4723 3609 4796 ἀναδραμὼν
3653 4725 3735 4787 εἰς

2160 4832 2293 4905 ὕψος
2317 4834 2560 4905 ἄπειρον.
2592 4831 2760 4886 Ὅταν
2788 4831 2964 4884 τοίνυν
2990 4830 3103 4903 ἴδῃς
3124 4831 3250 4892 τοὺς
3270 4828 3580 4905 ὀφθαλμοὺς
3608 4825 3738 4881 καθ-

2160 4896 2490 5010 ῃρημένους,
2517 4932 2611 4988 καὶ
2637 4933 2697 4986 τὸ
2728 4931 2903 5003 στόμα
2935 4896 3331 5002 συνηρημένον,
3370 4896 3548 4982 καθτδ
3575 4928 3732 5000 σῶμα

2162 5037 2437 5109 ἀκίνητον,
2475 5034 2549 5107 μὴ
2577 5034 2734 5088 τοῦτο
2759 5033 2950 5100 ἐννόει,
2976 5033 3057 5086 ὅτι
3080 5032 3236 5085 τοῦτο
3268 5032 3327 5085 τὸ
3354 5033 3527 5103 στόμα
3548 5032 3732 5086 οὐκέτι

2163 5138 2478 5209 φθέγγεται,
2502 5130 2643 5189 οὗτοι
2675 5135 2723 5187 οί
2752 5134 3021 5206 ὀφθαλμοὶ
3046 5135 3228 5189 οὐκέτι
3251 5133 3561 5203 βλέπουσιν,
3586 5128 3729 5188 οὗτοι

2161 5242 2211 5292 οἱ
2243 5238 2407 5301 πόδες
2456 5235 2638 5289 οὐκέτι
2685 5234 3011 5306 βαδίζουσιν,
3042 5235 3156 5289 ἀλλ’
3196 5238 3275 5299 εἰς
3319 5235 3525 5307 φθοράν
3558 5233 3729 5289 πάντα

2161 5340 2388 5410 οἴχεταιο
2422 5336 2499 5408 μὴ
2526 5335 2697 5390 ταῦτα
2724 5336 2870 5405 λέγε,
2906 5337 3041 5392 ἀλλά
3073 5338 3331 5392 τάναντία
3376 5336 3600 5403 τούτων,
3646 5335 3728 5389 ὅτι

2162 5437 2333 5494 Τοῦτο
2355 5437 2453 5509 μὲν
2475 5436 2537 5490 τδ
2568 5435 2743 5508 στόμα
2764 5436 2987 5509 ἄμεινον
3012 5438 3321 5508 φθέγξεται,
3349 5438 3441 5491 καὶ
3468 5438 3515 5492 οί
3533 5435 3727 5507 ὀφθαλ-

2230 5655 2256 5686 .
2281 5654 2364 5705 Sic
2383 5667 2472 5705 ms.
2500 5652 2632 5704 Editi
2665 5666 2801 5714 vero,
2822 5656 2977 5718 χῶρον
2999 5657 3207 5718 μέτεστι,
3232 5656 3377 5705 male.
