4122 6226
339 416 447 473 529

338 527 575 598 denique
603 521 814 595 quidvis
857 517 1098 579 amittat,
1126 511 1230 565 hoc
1256 519 1432 564 tamen
1459 507 1526 561 ad
1569 504 1813 560 ciendum
1841 500 1928 598 do-

341 594 514 676 lorem
546 594 796 671 omnibus
835 618 920 665 est
956 606 1262 660 violentius.
1299 600 1491 655 Pellem
1542 598 1708 664 enim,
1735 594 1921 666 inquit,

342 729 438 783 pro
478 708 633 782 pelle,
661 715 708 760 et
735 703 904 758 omnia
934 713 1049 768 qua
1089 697 1233 789 habet
1261 694 1431 757 homo,
1459 690 1598 789 dabit
1636 704 1728 757 pro
1757 687 1927 789 animo

335 782 438 860 sua
463 799 627 871 (Job.
655 798 711 850 2.
740 795 774 850 4
798 795 838 863 ).
868 791 979 847 Nec
1019 788 1306 860 quidquam
1356 782 1600 852 corporis
1648 782 1928 834 tormentis

339 895 597 953 acerbius
624 889 748 960 lingi
780 894 972 958 potest.
1003 883 1106 938 Sed
1155 890 1334 934 tamen
1378 894 1496 946 qua:
1526 875 1606 929 vel
1636 873 1816 927 auditu
1845 871 1928 924 in-

342 983 626 1044 toleranda
653 988 781 1036 sunt
806 1021 821 1045 ,
852 992 914 1032 ea
943 975 1010 1029 ob
1036 972 1285 1043 gaudium
1331 967 1482 1032 illud,
1511 965 1650 1036 quod
1679 963 1928 1018 divinitus

341 1077 651 1146 concipitur
675 1113 690 1140 ,
735 1066 1030 1125 tolerabilia
1077 1073 1236 1133 atque
1264 1063 1424 1116 etiam
1451 1056 1744 1128 expetenda
1777 1055 1929 1108 liunt.

346 1175 427 1227 A-c
451 1170 498 1224 si
523 1186 554 1223 a
584 1168 752 1237 ligno,
781 1163 864 1217 vel
889 1176 918 1214 a
947 1158 1233 1226 sartagine,
1265 1151 1502 1208 nonnihil
1531 1149 1702 1202 adhuc
1729 1153 1934 1216 spiran-

347 1275 459 1320 tem
489 1269 782 1320 martvrem
800 1251 1065 1316 eduxeris,
1097 1259 1298 1304 tantum
1329 1244 1574 1317 gaudium
1599 1242 1650 1296 in
1681 1255 1747 1295 eo
1773 1240 1932 1294 situm

345 1318 658 1425 comperies
677 1392 694 1417 ,
722 1354 978 1419 quantum
1009 1358 1074 1398 ne
1100 1340 1280 1396 verbis
1307 1337 1523 1408 quidem
1555 1335 1678 1391 uilis
1705 1331 1932 1425 exprimi

346 1422 542 1519 possit.
588 1441 662 1497 Et
703 1439 831 1510 quid
887 1434 1095 1496 faciam,
1151 1431 1381 1501 inquies,
1435 1422 1936 1519 quandoumartyrii

351 1514 567 1607 tempus
596 1546 739 1588 nunc
780 1545 886 1585 non
933 1526 1054 1582 est?
1081 1522 1218 1592 Quid
1256 1521 1435 1576 dicis?
1463 1514 1702 1586 martyrii
1731 1525 1940 1582 tempus

349 1645 501 1686 nunc
529 1643 634 1681 non
672 1624 821 1679 adest
845 1621 870 1674 ἲ
900 1619 1194 1687 Numquam
1222 1613 1353 1668 illud
1381 1612 1562 1674 abest,
1591 1607 1683 1663 sed
1728 1619 1942 1672 semper

351 1724 428 1777 ob
451 1721 635 1777 oculos
665 1725 878 1771 nostros
904 1718 1167 1774 versatur,
1191 1707 1237 1760 si
1278 1703 1518 1776 vigilanti
1547 1702 1725 1755 animo
1750 1700 1936 1753 simus.

352 1813 542 1881 Neque
585 1807 731 1864 enim
779 1805 836 1859 in
887 1803 1029 1872 ligno
1083 1808 1284 1855 tantum
1341 1794 1595 1870 pendere,
1653 1800 1941 1862 martyrem

351 1904 487 1960 facit
507 1900 803 1972 :‘quoniam
826 1897 870 1952 si
896 1895 972 1950 ita
997 1909 1086 1948 res
1111 1891 1350 1954 haberet,
1381 1901 1704 1943 coronarum
1752 1884 1941 1952 hujus-

328 1995 506 2052 'modi
531 1994 632 2050 Job
659 2006 856 2061 expers
883 1995 1043 2043 esset.
1080 1985 1264 2054 Neque
1301 1983 1445 2038 enim
1475 1980 1540 2035 ad
1574 1978 1802 2034 tribunal
1850 1976 1938 2031 ad-

349 2087 552 2142 ductus
579 2092 682 2148 est,
715 2095 814 2135 nec
833 2077 1028 2148 judicis
1056 2089 1242 2130 vocem
1267 2071 1489 2136 audivit,
1519 2084 1616 2124 nec
1639 2066 1945 2122 carnificem

351 2180 531 2243 vidit;
560 2192 665 2231 non
692 2174 833 2230 enim
863 2187 895 2228 e
920 2171 1066 2241 ligno
1093 2166 1341 2222 sublimis
1379 2162 1616 2235 pendens
1658 2157 1948 2214 excarnifi-

348 2271 628 2326 cabatur:
654 2275 710 2321 et
749 2274 920 2318 tamen
962 2259 1144 2317 multis
1169 2255 1495 2328 martyribus
1524 2251 1799 2308 acerbiora
1828 2263 1948 2320 pas-

353 2374 461 2416 sus
487 2366 602 2425 est;
623 2371 687 2411 ac
710 2369 871 2410 voces
898 2353 1002 2408 iilte
1025 2349 1358 2412 nuntiorum,
1380 2343 1471 2416 qui
1502 2343 1593 2398 alii
1619 2341 1737 2397 aliis
1763 2354 1950 2396 succe-

348 2453 580 2516 debant,
613 2463 733 2504 eum
773 2445 959 2517 quavis
985 2444 1137 2514 plaga
1161 2440 1336 2496 acrius
1365 2437 1714 2505 acerbiusque
1737 2431 1950 2487 convul-

352 2544 645 2609 nerabant,
692 2549 851 2610 atque
891 2536 1128 2606 undique
1178 2531 1555 2593 lancinabant,
1582 2527 1948 2594 vermiumque

353 2635 580 2691 illorum
625 2647 719 2688 ora
762 2630 907 2686 omni
954 2644 1020 2684 ex
1051 2635 1200 2697 parte
1227 2625 1401 2695 ipsum
1447 2619 1756 2684 immanius,
1787 2632 1946 2687 quam

352 2724 607 2781 sexcenti
637 2720 938 2780 carnifices.
967 2714 1346 2772 corrodebaut.

441 2818 497 2874 5.
539 2815 772 2885 Ecquem
813 2811 977 2882 igitur
1020 2817 1309 2879 martyrem
1339 2804 1428 2858 hic
1471 2817 1575 2858 non
1599 2799 1812 2870 coquet?
1840 2798 1951 2853 imo

355 2925 500 2968 vero
526 2916 828 2963 sexcentos.
855 2903 988 2958 Nam
1040 2915 1134 2970 per
1173 2897 1351 2952 omnia
1398 2910 1575 2951 rerum
1605 2907 1801 2964 genera
1839 2901 1949 2946 tum

354 3003 688 3066 luctabatur,
712 3009 823 3053 tum
853 2996 1083 3067 palmam
1107 2991 1402 3057 obtinebat,
1431 2989 1678 3044 nimirum
1701 3002 1798 3057 per
1809 3001 1960 3056 opus,

352 3111 464 3170 per
493 3094 694 3149 liberos
719 3133 735 3159 ,
763 3104 862 3160 per
886 3102 1082 3158 corpus
1106 3126 1120 3151 ,
1149 3099 1248 3155 per
1296 3096 1516 3137 uxorem
1546 3122 1562 3148 ,
1591 3095 1688 3179 per
1714 3080 1948 3179 amicos,

359 3203 463 3259 per
492 3187 698 3248 hostes,
747 3197 844 3252 per
893 3191 1118 3242 servos;
1148 3191 1268 3231 nam
1315 3173 1369 3227 hi
1396 3186 1606 3242 quoque
1646 3171 1700 3224 in
1751 3184 1812 3223 os
1837 3171 1953 3237 ejus

357 3276 724 3346 inspuebant;
759 3287 853 3342 per
901 3270 1115 3334 famem,
1165 3281 1258 3335 per
1307 3263 1536 3326 somnia,
1579 3277 1674 3331 per
1713 3259 1948 3324 dolores,

362 3385 465 3438 per
494 3367 756 3422 fetorem.
787 3361 873 3417 0b
899 3374 1126 3428 eamque
1155 3370 1369 3410 causam
1396 3353 1527 3418 dixi,
1559 3367 1680 3406 eum
1727 3365 1832 3404 non
1861 3347 1952 3403 uni

360 3469 462 3514 aut
511 3455 719 3512 duobus
761 3463 852 3508 aut
899 3452 1106 3514 tribus,
1154 3447 1248 3503 sed
1301 3445 1568 3503 sexcentis
1631 3442 1952 3514 martyribus

362 3546 690 3619 mquandum
713 3558 854 3600 esse.
885 3541 1093 3596 Etenim
1121 3553 1224 3593 una
1249 3553 1369 3593 cum
1391 3537 1457 3591 iis
1481 3551 1601 3607 quae
1627 3549 1953 3590 commemo-

361 3650 484 3695 rata
533 3646 678 3702 sunt,
708 3643 918 3705 tempus
967 3646 1178 3702 quoque
1230 3645 1476 3701 magnum
1528 3628 1695 3698 ipsius
1740 3626 1953 3682 coronis

362 3729 642 3785 cumulum
676 3725 824 3781 addit
852 3743 866 3778 :
896 3724 1093 3794 quippe
1121 3723 1263 3792 quod
1301 3731 1424 3776 ante
1453 3722 1621 3789 legem
1651 3728 1706 3774 ct
1729 3719 1952 3790 gratiam

365 3821 490 3877 haec
516 3833 802 3891 perpessus
827 3819 918 3884 sit,
947 3815 1087 3887 quod
1118 3815 1314 3870 multos
1339 3829 1577 3878 menses,
1605 3812 1746 3884 quod
1775 3812 1951 3866 omnia

362 3928 532 3984 supra
560 3910 810 3976 modum,
838 3907 978 3979 quod
1006 3905 1322 3961 acerbitates
1347 3919 1534 3959 omnes
1564 3903 1724 3958 simul
1751 3903 1802 3956 iu
1830 3917 1952 3956 eum

365 4004 635 4073 impetum
664 3999 887 4056 fecerint
919 4017 932 4053 :
962 4011 1284 4068 quamquam
1313 3995 1724 4064 unumquodque
1767 4007 1954 4047 eorum

364 4095 462 4150 vel
489 4093 662 4148 solum
690 4088 1024 4146 intolerabile
1050 4095 1166 4142 erat
1188 4126 1204 4152 ,
1245 4086 1466 4155 ipsaque
1488 4085 1622 4140 adeo
1647 4085 1954 4140 divitiarum

362 4187 608 4258 jactura,
633 4197 747 4251 quae
767 4179 986 4252 reliquis
1003 4177 1330 4234 tolerabilior
1350 4191 1471 4232 esse
1491 4177 1786 4231 videbatur.
1810 4177 1957 4232 Multi

364 4274 581 4346 quippe
611 4273 784 4342 plagas
810 4271 1025 4343 quidem
1067 4284 1223 4338 (equo
1250 4268 1430 4322 animo
1479 4267 1732 4333 tulerunt,
1757 4268 1847 4338 qui
1878 4277 1958 4322 ta-

368 4382 506 4422 men
540 4379 702 4435 opum
729 4363 988 4434 jacturam
1018 4362 1240 4416 minime
1269 4361 1638 4431 pertulerunt;
1669 4375 1852 4415 verum
1881 4377 1963 4416 ea-

372 4471 501 4511 mm
549 4469 710 4510 causa
767 4453 947 4524 ﬂagris
999 4452 1174 4522 potius
1218 4449 1445 4516 concidi,
1483 4461 1642 4520 atque
1666 4451 1962 4506 innumeris

369 4545 778 4602 calamitatibus
825 4543 1006 4611 allici,
1034 4558 1192 4615 quam
1246 4543 1476 4612 aliquam
1527 4557 1710 4596 carum
1760 4552 1961 4611 partem

375 4637 652 4707 projicere
723 4636 1063 4700 maluerunt,
1118 4634 1522 4704 gravioremqne
1587 4647 1705 4687 eam
1759 4633 1963 4704 plagam

373 4730 802 4790 existimarunt,
835 4743 952 4798 qua:
979 4743 1039 4781 ex
1079 4741 1238 4795 Opum
1268 4725 1590 4780 detrimento
1610 4726 1835 4794 capitur.
1869 4726 1969 4779 Ita-

375 4836 492 4892 que
520 4821 622 4875 hoc
652 4836 862 4890 quoque
891 4818 1032 4874 aliud
1078 4818 1320 4889 martyrii
1347 4833 1515 4888 genus
1543 4827 1625 4872 est
1651 4859 1666 4882 ,
1699 4836 1819 4872 eum
1851 4821 1969 4889 quis

376 4929 573 4969 earum
615 4911 957 4967 amissionem
1002 4910 1124 4965 forti
1175 4909 1354 4964 animo
1382 4907 1600 4978 perfert.
1635 4909 1701 4964 Et
1739 4926 1968 4978 quonam

378 5006 552 5062 modo
576 5047 592 5071 ,
621 5005 827 5075 inquiet
853 5003 1065 5072 aliquis,
1097 5017 1213 5057 eam
1241 5001 1362 5056 forti
1389 5002 1568 5056 animo
1599 5001 1972 5071 perferemus?

380 5101 526 5153 Cum
551 5096 805 5151 didiceris
836 5107 886 5149 te
921 5109 1015 5164 per
1036 5095 1242 5148 unicam
1273 5107 1478 5158 vocem,
1505 5109 1608 5164 qua
1640 5095 1747 5148 Deo
1774 5095 1974 5164 gratias

380 5204 540 5259 agas,
573 5189 690 5256 plus
732 5188 862 5242 lucri
904 5186 1186 5252 facturum,
1211 5202 1368 5256 quam
1393 5186 1573 5240 damni
1602 5185 1812 5242 feceris.
1841 5185 1972 5242 Nam

380 5283 430 5337 si
467 5282 646 5336 audita
672 5296 856 5335 earum
887 5279 1171 5334 amissione
1197 5279 1416 5335 minime
1437 5280 1820 5335 conturbemur
1843 5321 1857 5346 ,
1881 5281 1974 5336 sed

379 5372 659 5434 dicamus,
686 5371 1004 5427 Benedictus
1051 5371 1221 5434 Deus;
1252 5371 1408 5442 longe
1451 5371 1726 5428 uberiores
1767 5373 1978 5427 divitias

382 5464 722 5520 invenimus.
748 5461 930 5533 Neque
978 5461 1118 5518 enim
1171 5471 1370 5516 tantum
1419 5464 1658 5518 utilitatis
1705 5465 1904 5534 capies,
1935 5466 1980 5520 si

381 5569 529 5624 opes
579 5563 697 5608 tuas
744 5552 798 5609 in
849 5563 1067 5624 egentes
1110 5565 1413 5616 consumas,
1444 5564 1499 5610 et
1541 5555 1870 5620 obambules,
1921 5570 1983 5609 ac

381 5660 665 5716 pauperes
715 5644 1020 5714 conquiras,
1049 5643 1432 5714 facultatesque
1485 5654 1601 5700 tuas
1646 5647 1698 5701 in
1751 5662 1845 5702 eos
1893 5646 1984 5716 qui

387 5741 548 5793 fame
571 5736 816 5790 laborant
845 5751 1084 5806 spargas,
1113 5748 1368 5807 quantum
1415 5753 1509 5804 per
1547 5737 1647 5793 hoc
1674 5755 1836 5793 unum
1861 5755 1985 5793 ver-

386 5830 538 5886 bum
561 5831 909 5887 emolumenti
936 5831 1099 5886 feres.
1125 5831 1563 5903 Quandoquidem
1587 5842 1639 5886 et
1663 5832 1850 5887 Jobuin
1879 5849 1984 5888 non

735 5920 1004 5984 PATROL.
1038 5923 1156 5986 Gn.
1197 5925 1359 5987 LXI.

1436 391 1496 444 IN
1534 389 1746 444 Ei‘lS‘i‘.
1791 387 1829 440 ll
1897 387 1985 440 AD
2026 385 2178 441 (ΞΟΠ.
2223 387 2450 441 IIOMIL.
2495 389 2533 441 l.

3507 398 3612 450 390

2037 511 2145 556 tam
2175 501 2431 567 admiror,
2451 519 2570 557 cum
2601 505 2818 558 domum
2846 521 2997 560 suam
3032 508 3349 578 pauperibus
3378 523 3614 579 apertam

2035 589 2213 653 habet,
2239 606 2397 660 quam
2427 593 2674 647 eumdem
2721 596 2952 663 suspicio
2979 612 3040 651 ac
3071 597 3323 664 praedico,
3358 614 3479 652 cum
3518 600 3617 653 bo-

2035 696 2221 736 norum
2268 683 2598 751 ereptionem
2656 685 2728 738 ita
2779 684 2900 752 fert,
2929 696 2984 739 ut
3021 688 3221 757 gratias
3265 692 3424 744 etiam
3473 700 3616 760 agat.

2033 770 2183 837 Quod
2211 771 2370 825 ctiam
2399 773 2570 842 ipsum
2621 773 2673 828 in
2721 775 3008 830 liberarunt
3039 779 3330 834 amissione
3373 777 3622 835 accidere

2033 879 2254 917 cernere
2282 863 2424 918 licet.
2451 864 2634 936 Neque
2664 867 2806 920 enim
2835 868 2934 923 hac
2962 870 3014 923 in
3042 884 3101 924 re
3129 870 3390 926 minorem
3422 885 3628 926 mercc-

2036 952 2154 1005 dem
2183 953 2382 1022 capies,
2409 970 2566 1024 quam
2597 957 2809 1027 ille,qni
2838 957 3004 1012 lilium
3032 973 3185 1014 suum
3214 960 3433 1017 adduxit
3460 971 3618 1030 atque

2037 1041 2352 1111 immolavit,
2383 1045 2427 1100 si
2480 1064 2601 1101 eum
2660 1049 2823 1102 lilium
2878 1051 3192 1105 morientem
3242 1052 3617 1122 conspexeris,

2039 1135 2269 1206 benigno
2300 1140 2408 1194 Deo
2438 1141 2637 1210 gratias
2667 1156 2814 1210 agas.
2845 1142 2900 1195 in
2930 1158 3036 1211 quo
3067 1144 3209 1198 enim
3241 1145 3285 1200 is
3315 1145 3406 1214 qui
3437 1145 3626 1214 hujus-

2040 1230 2184 1284 modi
2227 1231 2406 1286 animo
2453 1233 2704 1302 przeditus
2753 1245 2855 1300 est,
2887 1235 3192 1290 Ahrahamo
3241 1236 3461 1292 inferior
3504 1239 3622 1292 sit?

2044 1319 2131 1376 ille
2158 1324 2299 1377 eitim
2333 1339 2437 1378 non
2471 1333 2735 1379 mortuum
2767 1325 2913 1382 humi
2945 1337 3168 1381 stratum
3200 1327 3354 1392 vidit,
3385 1329 3480 1384 sed
3507 1338 3626 1383 ιλιι-ι

2042 1423 2151 1467 tum
2182 1415 2552 1484 exepcctavit:
2586 1417 2838 1487 quocirca
2885 1422 2928 1472 si
2978 1418 3076 1473 hac
3121 1420 3328 1474 ratione
3378 1421 3624 1489 superior

2041 1511 2142 1566 est,
2166 1504 2306 1572 quod
2336 1504 2500 1559 filium
2526 1515 2760 1562 mactare
2783 1506 3022 1576 parabat,
3039 1517 3198 1578 atque
3223 1517 3436 1564 extenta
3463 1524 3626 1564 manu

2043 1597 2276 1666 gladium
2304 1600 2636 1668 arripuerat,
2666 1601 2718 1655 in
2751 1600 2852 1656 hoc
2875 1617 3087 1656 rursum
3118 1602 3334 1657 inferior
3352 1611 3454 1668 est,
3483 1606 3625 1673 quod

2045 1686 2130 1740 hic
2158 1703 2288 1755 puer
2328 1699 2570 1743 mortuus
2602 1690 2794 1757 jaceat.
2820 1691 3116 1758 Quinetiam
3160 1693 3355 1762 alioqui
3384 1695 3627 1762 praeclari

2046 1780 2292 1835 facinoris
2332 1796 2458 1850 spes
2483 1784 2900 1838 consolationem
2933 1784 3030 1852 ipsi
3055 1784 3343 1840 afferebat:
3377 1796 3534 1857 atque
3567 1789 3627 1840 il-

2046 1874 2134 1928 lud
2165 1876 2313 1940 item,
2357 1877 2494 1945 quod
2526 1887 2800 1932 strenuum
2831 1877 3129 1945 hujnsmodi
3163 1879 3367 1934 facinus
3395 1883 3626 1950 propria:

2047 1964 2210 2034 ipsius
2254 1966 2576 2022 fortitudinis
2604 1983 2797 2024 munus
2838 1980 2990 2034 erat;
3018 1984 3080 2024 ac
3110 1981 3367 2040 praeterea
3396 1988 3499 2026 vox
3523 1989 3585 2026 ca
3609 2015 3623 2034 .

2048 2071 2165 2126 qua:
2191 2059 2393 2113 cmlitus
2424 2061 2750 2124 mittebatur,
2784 2061 2850 2115 ab
2896 2077 2962 2116 eo
3010 2063 3211 2127 audita,
3244 2065 3627 2135 promptiorem

2047 2161 2167 2201 eum
2199 2149 2474 2204 reddebat.
2506 2151 2604 2206 llic
2628 2165 2807 2207 autem
2835 2153 2965 2206 nihil
2994 2154 3254 2223 ejusmodi
3285 2166 3386 2211 est.
3416 2157 3494 2212 Ex
3523 2175 3627 2228 quo

2050 2243 2383 2312 intelligitur,
2409 2244 2750 2300 adamantina
2778 2245 3007 2316 quadam
3037 2248 3211 2302 anima
3239 2264 3378 2318 opus
3401 2265 3541 2315 esse,
3574 2261 3628 2306 ut

2047 2335 2309 2405 quispiam
2334 2338 2551 2391 unicum
2582 2337 2770 2402 filium,
2796 2341 2883 2409 qui
2917 2340 2968 2394 in
2999 2341 3199 2396 divitiis
3228 2341 3485 2398 educatus
3516 2345 3628 2398 fue-

2051 2435 2153 2492 rat,
2181 2427 2466 2498 lmtamqtte
2491 2428 2559 2484 de
2585 2444 2643 2484 se
2669 2445 2816 2500 spem
2843 2432 3119 2496 afferebat,
3148 2434 3200 2486 in
3226 2436 3428 2489 tumqu
3449 2436 3626 2504 jacen-

2038 2528 2158 2574 ‘tem
2188 2530 2243 2574 et
2268 2529 2544 2576 extentum
2568 2523 2903 2591 conspiciens
2926 2564 2942 2589 ,
2969 2539 3150 2578 casum
3183 2525 3323 2579 hunc
3353 2526 3544 2581 leniter
3569 2543 3633 2582 ac

2052 2611 2258 2680 placide
2284 2611 2440 2667 ferat.
2472 2612 2571 2678 Qui
2613 2613 2715 2669 hoc
2757 2615 2936 2668 animo
2961 2625 3068 2682 est,
3098 2616 3144 2670 si
3187 2618 3388 2673 sedatis
3427 2630 3631 2673 natura:

2053 2702 2297 2756 ﬂuctibus
2335 2703 2464 2758 illud
2493 2703 2614 2758 Jobi
2641 2705 2798 2759 siccis
2826 2706 2992 2760 oculis
3036 2706 3216 2762 dicere
3241 2719 3418 2778 queat,
3448 2709 3630 2763 Dom."-

2052 2812 2146 2848 mts
2184 2796 2360 2860 dedit,
2395 2796 2644 2851 Dominus
2697 2797 2902 2851 abstulit
2931 2797 2950 2867 (
2976 2796 3075 2851 Job
3107 2799 3158 2852 i.
3202 2799 3266 2854 21
3307 2803 3363 2868 );
3414 2802 3484 2855 ob
3531 2801 3633 2857 hoc

2051 2884 2328 2939 dumtaxat
2357 2887 2575 2941 verbum
2606 2904 2709 2941 una
2749 2904 2871 2943 cum
2917 2888 3222 2944 Abrahamo
3259 2892 3630 2954 collocabitur.

2051 2993 2154 3032 una
2181 2994 2301 3032 cum
2327 2978 2427 3034 Job
2456 2981 2623 3034 victor
2646 2980 3039 3050 przedicabitur.
3072 2981 3223 3048 Quod
3266 2981 3332 3047 si,
3360 2997 3634 3052 compres-

2049 3071 2128 3124 sis
2153 3071 2433 3126 mulierum
2479 3073 2794 3142 singultibus
2821 3073 3105 3144 eborisque
3137 3075 3429 3144 lugentium
3461 3077 3634 3132 disso-

2052 3160 2198 3228 lutis,
2242 3177 2430 3218 omnes
2477 3163 2545 3218 ad
2598 3164 2947 3219 celebrandas
2996 3165 3088 3218 Dei
3146 3165 3332 3220 laudes
3362 3166 3628 3230 excitarit,

2053 3254 2329 3310 innumera
2359 3257 2410 3310 in
2437 3257 2572 3312 c:elo
2597 3299 2610 3321 ,
2643 3259 2917 3313 innumera
2948 3259 3000 3312 in
3038 3268 3177 3313 terra
3204 3261 3420 3330 prtemia
3449 3277 3634 3316 cense:

2051 3355 2261 3416 quetur,
2289 3349 2592 3404 hominibus
2635 3365 2757 3405 eum
2811 3349 3219 3419 admirantibus,
3248 3353 3450 3424 angelis
3486 3355 3634 3424 plau-

2052 3441 2321 3506 dentibus,
2352 3442 2462 3496 Deo
2487 3453 2803 3498 coronante.

2121 3533 2177 3588 6.
2209 3534 2278 3588 Et
2305 3536 2394 3604 qui
2426 3534 2538 3589 fieri
2568 3544 2762 3605 queat,
2805 3535 2948 3591 dicet
2975 3538 3197 3607 aliquis,
3243 3547 3303 3593 ut
3335 3541 3425 3609 qui
3466 3540 3627 3596 homo

2051 3634 2136 3680 est
2155 3665 2169 3690 ,
2200 3641 2307 3680 non
2337 3625 2556 3693 lugeat?
2585 3625 2847 3679 Nimirum
2875 3627 2919 3680 si
2941 3628 3162 3697 cogites,
3197 3643 3296 3682 nec
3318 3631 3634 3698 patriarchae

2055 3734 2153 3773 nec
2179 3719 2336 3785 Jobo,
2368 3733 2488 3772 cum
2524 3717 2685 3772 homo
2724 3727 2946 3788 uterque
2985 3728 3164 3785 esset,
3209 3721 3497 3790 quidquam
3531 3725 3635 3778 tale

2054 3811 2314 3865 accidisse
2337 3849 2351 3871 ,
2387 3808 2545 3877 idque
2568 3824 2692 3863 cum
2721 3818 2945 3878 uterque
2971 3819 3098 3864 ante
3127 3811 3296 3880 legem
3328 3821 3382 3867 et
3408 3815 3632 3882 gratiam

2054 3917 2117 3957 ac
2135 3911 2332 3956 tantam
2353 3901 2526 3970 legum
2547 3899 2938 3969 philoSOpliiam
2961 3901 3250 3955 exstitisset
3275 3924 3288 3957 :
3311 3903 3355 3957 si
3378 3897 3635 3971 prmtcrea

2057 3992 2184 4049 illud
2213 3991 2544 4056 consideres,
2574 4005 2718 4052 eum.
2751 3989 2838 4060 qui
2865 3990 3025 4044 vitam
3052 4004 3173 4044 cum
3202 4002 3373 4047 morte
3398 4009 3638 4049 commu-

2059 4087 2208 4152 tavit,
2235 4085 2300 4140 ad
2332 4083 2609 4140 meliorem
2631 4081 2906 4152 regionem
2928 4081 3207 4152 migrasse,
3231 4092 3388 4154 atque
3407 4085 3473 4140 ad
3497 4102 3637 4156 prce-

2057 4178 2369 4232 stantiorem
2393 4183 2594 4230 sortem
2623 4174 2961 4239 transiliisse,
2991 4183 3147 4245 teque
3174 4189 3279 4230 non
3313 4175 3475 4231 lilium
3507 4179 3640 4232 ami-

2059 4271 2230 4334 sisse,
2262 4269 2356 4324 sed
2400 4268 2453 4322 in
2484 4277 2598 4322 tuto
2633 4267 2742 4335 jam
2775 4265 2896 4321 loco
2923 4266 3238 4322 collocasse.
3279 4269 3636 4334 Quamobrem

2063 4379 2130 4419 ue
2153 4363 2352 4418 dixeris
2372 4405 2388 4429 ,
2419 4361 2536 4417 lam
2566 4371 2718 4430 pater
2746 4375 2854 4415 non
2877 4375 3061 4416 vocor.
3089 4359 3196 4417 Cur
3224 4363 3366 4418 enim
3401 4380 3507 4420 non
3529 4365 3640 4435 jam

2063 4457 2306 4522 voceris,
2336 4470 2457 4510 cum
2498 4454 2640 4508 filius
2671 4463 2791 4507 tuus
2814 4461 3086 4522 superstes
3124 4453 3236 4508 sit?
3265 4471 3391 4510 num
3417 4472 3636 4526 puerum

2065 4548 2329 4604 amisisti?
2358 4563 2482 4601 num
2531 4545 2697 4600 lilium
2731 4545 3040 4616 perdidisti?
3070 4546 3182 4602 lmo
3212 4549 3388 4617 potius
3415 4551 3639 4620 adeptus

2066 4655 2147 4706 es,
2177 4640 2447 4709 tutiusque
2479 4637 2740 4706 possides.
2774 4637 2898 4692 ldcu
2923 4651 3030 4694 non
3054 4637 3162 4708 jam
3193 4638 3278 4693 hic
3298 4639 3470 4695 solum
3499 4651 3650 4711 pater

2067 4733 2295 4798 vocaris,
2320 4731 2414 4786 sed
2435 4731 2593 4786 etiam
2615 4730 2668 4784 in
2690 4729 2841 4784 caelo.
2866 4728 3242 4797 Quamobrem,
3271 4740 3474 4787 tantum
3496 4735 3651 4789 abest

2071 4837 2128 4882 ut
2157 4825 2321 4897 patris
2363 4839 2559 4880 nomen
2603 4822 2876 4886 amiseris,
2909 4831 2969 4876 ut
3010 4822 3278 4891 c0piosius
3315 4827 3477 4880 etiam
3517 4826 3648 4882 illud

2072 4920 2165 4974 tibi
2194 4917 2484 4974 accesserit
2514 4934 2527 4971 :
2559 4929 2732 4985 neque
2769 4913 2912 4968 enim
2950 4913 3060 4983 jam
3099 4916 3377 4982 mortalis,
3422 4919 3515 4974 sed
3545 4920 3646 4974 im-

2075 5009 2316 5064 mortalis
2347 5007 2440 5062 lilii
2468 5013 2617 5075 pater
2644 5003 2943 5068 vocaberis,
2973 5005 3283 5075 strenuiqne
3313 5007 3498 5064 militis
3519 5050 3535 5077 ,
3567 5019 3652 5064 at-

2075 5117 2177 5171 que
2207 5101 2347 5154 intus
2379 5105 2636 5166 perpetuo
2675 5094 2886 5149 stantis.
2930 5093 3114 5166 Neque
3155 5098 3300 5152 enim
3340 5108 3458 5167 est,
3507 5102 3651 5171 quod

2076 5207 2198 5246 eum
2227 5190 2425 5245 idcirco
2449 5186 2542 5242 tibi
2572 5185 2795 5256 periisse
2837 5195 3023 5257 putes,
3053 5188 3176 5258 quia
3203 5206 3307 5244 non
3337 5191 3507 5248 adest.
3558 5194 3651 5246 Et~

2079 5285 2219 5338 enim
2251 5282 2296 5337 si
2329 5295 2552 5350 peregre
2581 5280 2848 5350 profectus
2883 5279 3089 5347 fuisset,
3109 5298 3212 5337 non
3246 5294 3525 5354 propterea
3546 5302 3648 5340 una

2079 5391 2199 5431 cum
2243 5387 2471 5442 corpore
2517 5372 2924 5442 pr0pinqnitatis
2963 5388 3175 5443 quoque
3214 5389 3407 5429 nomen
3437 5375 3655 5430 absces-

2081 5469 2258 5522 sisset.
2289 5464 2546 5532 Quocirca
2576 5479 2644 5518 ne
2671 5464 2896 5532 jacentis
2926 5464 3127 5519 vultum
3147 5465 3391 5532 attende;
3421 5466 3499 5522 sic
3518 5468 3660 5524 enim

2083 5555 2455 5629 aegritudinem
2481 5554 2798 5618 exsuscitas,
2831 5569 3014 5607 verum
3045 5554 3111 5608 da
3141 5569 3382 5624 operam,
3422 5564 3479 5611 ut
3509 5573 3663 5613 meu-

2089 5660 2192 5706 tem
2223 5649 2290 5704 ab
2315 5663 2400 5713 eo,
2432 5647 2522 5717 qui
2555 5646 2718 5716 jacet,
2746 5645 2812 5700 ad
2843 5646 3032 5700 οιυιιιηι
3061 5646 3346 5703 subducas.
3376 5649 3492 5707 Non
3521 5659 3665 5706 cnim

2088 5741 2316 5797 cadaver
2356 5739 2492 5805 hoc,
2523 5737 2664 5809 quod
2710 5737 2856 5791 humi
2881 5737 3052 5806 jacet,
3087 5736 3227 5794 illius
3257 5746 3379 5793 tuus
3421 5750 3540 5808 est,
3571 5746 3668 5797 sed

2093 5835 2215 5896 ille.
2245 5831 2336 5901 qui
2373 5831 2636 5891 avolavit,
2683 5839 2839 5895 atque
2882 5828 2934 5882 in
2968 5829 3281 5885 immensam
3325 5830 3661 5886 altitudinem
