4122 6226
522 289 618 343 391

522 401 782 461 ascendit.
812 399 945 455 Cum
968 398 1141 466 itaque
1170 394 1457 462 depressos
1483 389 1670 445 oculos
1699 399 1859 460 atque
1888 398 2104 445 contra-

522 504 669 548 ctum
698 505 761 547 os
788 501 842 545 et
865 501 1059 555 corpus
1088 492 1232 538 motu
1255 495 1445 537 carens
1472 480 1691 546 videris,
1723 496 1853 536 cave
1884 481 1985 534 hoc
2007 480 2098 535 tihi

526 587 579 640 in
624 593 854 639 mentem
884 579 1090 642 veniat,
1123 576 1265 645 quod
1291 590 1353 630 os
1383 575 1525 630 istud
1557 591 1662 629 non
1699 575 1809 645 jam
1841 575 2097 644 loquitur,

525 675 664 728 oculi
691 672 775 727 isti
808 684 909 723 non
932 668 1041 737 jam
1068 675 1321 731 cernunt,
1350 666 1513 735 pedes
1537 666 1623 720 ἱειί
1650 681 1752 721 non
1777 666 1887 736 jam
1914 668 2102 720 ambu-

522 767 649 827 lant,
685 761 777 816 sed
803 760 982 814 omnia
1011 758 1064 812 in
1092 757 1490 828 corruptionem
1517 756 1766 812 abierunt
1793 774 1806 812 :
1839 772 1989 824 eave,
2020 757 2101 811 in-

517 868 674 925 quam
696 894 714 921 ,
751 853 853 907 ista
882 850 1062 915 dicas;
1096 865 1277 904 verum
1311 850 1394 903 his
1429 848 1697 903 contraria
1717 891 1733 915 ,
1764 864 1958 919 nempe
1982 890 1996 913 ,
2027 849 2099 904 Os

518 944 657 1002 istud
685 944 877 999 melius
907 943 1173 1012 loquetur,
1204 940 1344 996 oculi
1376 940 1461 994 isti
1507 940 1728 994 meliora
1756 948 2012 1006 cerncnt,
2044 947 2101 995 et

518 1034 681 1106 pedes
711 1035 762 1089 in
793 1034 1019 1089 nnhibus
1049 1032 1307 1087 sublimes
1338 1031 1612 1094 tollentur,
1644 1046 1708 1086 ac
1728 1030 1957 1101 denique
1982 1046 2100 1084 cor-

515 1140 615 1195 pus
657 1124 795 1179 istud
819 1165 835 1190 ,
867 1122 1008 1193 quod
1047 1137 1189 1177 nunc
1233 1121 1611 1190 corrumpitur,
1646 1121 2097 1176 immortalitatem

515 1216 719 1283 induet,
751 1215 1203 1284 illustriorcmque
1231 1210 1395 1265 ﬁlium
1427 1227 1604 1266 meum
1637 1213 1909 1282 recipiam.
1941 1212 2095 1279 Quod

514 1313 558 1366 si
602 1324 890 1365 maerorem
929 1307 1019 1362 tibi
1062 1321 1122 1361 ea
1144 1346 1159 1371 ,
1193 1321 1313 1376 quae
1341 1304 1554 1369 cernis,
1587 1302 1847 1369 afferunt,
1880 1303 2094 1359 interim

514 1411 687 1458 tecum
736 1403 850 1472 ipse
882 1401 996 1456 lucc
1034 1400 1293 1469 loquere:
1328 1397 1714 1453 Vestimentum
1745 1396 1851 1451 hoc
1889 1408 2008 1461 est;
2042 1397 2095 1451 id

513 1496 679 1555 exuit,
712 1503 768 1546 nt
799 1494 970 1563 ipsum
1001 1491 1306 1561 prtt'claritts
1332 1489 1553 1558 recipiat
1579 1508 1593 1544 :
1622 1487 1811 1543 domus
1838 1489 1951 1543 hate
1975 1498 2056 1543 est
2081 1502 2096 1552 ;

512 1600 573 1637 ea
617 1598 802 1637 eversa
851 1593 962 1646 est,
1013 1589 1072 1635 ut
1115 1580 1435 1634 luculentior
1480 1579 1589 1633 ﬁat.
1635 1577 2094 1645 Quemadmodum

511 1677 655 1731 enim
685 1690 804 1742 nos,
836 1689 956 1729 eum
984 1672 1203 1728 domum
1236 1670 1508 1742 purgaturi
1539 1684 1746 1737 sumus,
1778 1684 1872 1725 eos
1897 1671 1986 1739 qui
2008 1671 2093 1725 in-

511 1779 594 1824 tus
626 1768 895 1827 habitant.
928 1782 1033 1823 non
1064 1766 1291 1821 sinimus
1315 1777 1536 1819 manere
1554 1805 1568 1828 ,
1596 1764 1692 1818 sed
1728 1778 1795 1818 ne
1820 1761 1947 1833 quid
1972 1763 2093 1832 pul-

510 1860 652 1916 veris
673 1859 993 1916 contrahant
1017 1873 1081 1913 ac
1103 1857 1328 1913 tumultu
1350 1853 1709 1920 ot'fendantur,
1741 1853 1883 1909 foras
1909 1869 2093 1908 aman-

507 1954 700 2007 damus
728 1965 791 2006 ac
828 1950 1098 2021 paulisper
1136 1948 1389 2005 secedere
1410 1947 1691 2017 jubemus;
1749 1956 2090 2016 posteaquant

506 2056 685 2099 autem
715 2042 932 2098 domum
962 2050 1127 2096 tutam
1159 2038 1516 2105 reddidimus,
1549 2046 1658 2091 tum
1687 2036 1917 2106 denique
1947 2037 2091 2108 ipsos

508 2137 674 2192 libere
700 2135 925 2190 introire
959 2133 1188 2188 sinimus
1219 2149 1232 2185 :
1264 2130 1453 2186 eodem
1491 2129 1651 2184 modo
1692 2129 1834 2184 Deus
1877 2144 2091 2200 quoque

506 2227 659 2294 facit;
688 2240 879 2283 everso
915 2224 1060 2281 enim
1105 2223 1244 2293 putri
1278 2222 1444 2292 ipsius
1473 2220 1838 2287 tabernaculo,
1873 2220 2086 2275 interim

503 2333 626 2374 eum
660 2319 712 2372 in
745 2327 1019 2387 paternam
1048 2314 1267 2370 domum
1295 2322 1454 2382 atque
1483 2310 1548 2367 ad
1587 2325 1647 2366 se
1686 2310 2004 2380 introducit,
2033 2320 2090 2367 ut

505 2421 851 2483 posteaquam
882 2409 1010 2465 illud
1032 2408 1275 2474 diruerit,
1304 2416 1463 2477 atque
1489 2404 1818 2471 instaurarit,
1851 2412 1961 2459 tum
1991 2403 2085 2459 dc-

505 2524 650 2563 Ilillﬂt
679 2505 1010 2578 splendidius
1037 2503 1087 2560 id
1131 2503 1183 2559 ei
1218 2501 1423 2558 reddat.
1457 2498 1718 2578 Quocirca
1748 2513 1815 2554 ne
1843 2498 2044 2553 dixeris
2066 2540 2080 2563 ,

1252 282 1307 336 ε.
1346 272 1622 335 JOANNIS
1657 272 2129 331 etmvsosrout
2166 256 2479 335 ARClllEP.
2519 278 3056 337 consraurmoe.

3685 288 3792 344 592

2216 390 2414 456 Periit,
2461 407 2559 448 nec
2597 395 2708 464 jam
2749 403 2865 459 est;
2897 410 3083 450 eorum
3113 395 3287 463 enim,
3325 398 3413 467 qui
3444 398 3547 456 fide
3576 415 3790 471 carent,

2211 482 2326 538 haec
2361 484 2525 540 verba
2553 494 2709 549 sunt;
2736 501 2923 541 verum
2955 485 3058 542 hoc
3088 487 3296 557 potius,
3342 488 3585 558 Dormit,
3615 507 3677 548 ac
3705 510 3790 549 re-

2209 585 2426 645 surget;
2459 591 2679 647 peregre
2708 577 2874 642 abiit,
2904 586 3065 650 atque
3089 594 3211 634 cum
3238 580 3382 652 Rege
3408 593 3664 639 venturus
3690 597 3788 640 est.

2207 666 2336 735 Quis
2363 666 2463 721 hoc
2488 682 2737 723 sermone
2758 669 2963 724 utitur?
2991 668 3040 725 ls
3072 685 3298 740 nempe,
3325 672 3414 742 qui
3444 672 3712 728 Christum
3742 676 3789 729 in

2207 771 2267 811 se
2298 756 2604 828 loquentem
2637 756 2818 813 habet.
2847 758 2910 814 Si
2939 760 3069 813 enim
3097 744 3376 829 credimus,
3419 761 3629 833 inquit,
3659 769 3791 834 quod

2204 845 2359 900 Jesus
2387 856 2615 901 mortuus
2639 858 2711 902 est
2738 859 2784 902 et
2810 851 3089 904 resurrexit
3117 867 3177 905 ac
3204 853 3352 918 vivit;
3376 853 3447 906 ita
3473 855 3628 908 etiam
3658 855 3789 911 Dens

2206 958 2319 1006 eos,
2348 941 2434 1011 qui
2461 940 2838 995 obdormierunt
2861 983 2876 1007 ,
2909 960 2995 1010 per
3017 943 3194 998 Jesum
3224 945 3440 999 adducet
3480 962 3599 1000 cum
3628 964 3686 1000 eo
3715 950 3786 1019 (l.

2205 1031 2384 1086 Thess.
2412 1032 2465 1087 ι.
2492 1033 2603 1103 14).
2632 1032 2809 1099 Quare
2836 1033 2881 1087 si
2912 1032 3078 1088 lilium
3106 1035 3327 1105 quaeris,
3356 1035 3467 1090 illic
3485 1052 3610 1091 eum
3640 1054 3783 1107 qum-

2203 1140 2294 1186 rc,
2329 1124 2417 1178 ubi
2448 1123 2558 1179 Rex
2587 1132 2691 1191 est,
2719 1125 2806 1179 ubi
2832 1125 3143 1195 angelorum
3172 1128 3461 1192 exercitus,
3492 1144 3598 1183 non
3628 1130 3679 1183 in
3707 1144 3789 1184 se-

2202 1216 2407 1286 pulcro,
2436 1230 2541 1271 non
2581 1215 2634 1270 in
2679 1225 2818 1271 terra
2843 1257 2858 1283 ,
2900 1232 2968 1272 ne
2996 1217 3228 1288 alioqui,
3257 1232 3323 1273 eo
3362 1234 3532 1289 usque
3559 1220 3696 1276 adeo
3729 1221 3782 1275 in

2202 1308 2368 1364 altum
2408 1318 2588 1364 erecto
2612 1349 2628 1376 ,
2676 1309 2790 1379 ipse
2820 1309 2966 1364 humi
3014 1310 3326 1380 provolutus
3364 1326 3603 1368 maneas.
3635 1313 3692 1370 Si
3723 1313 3786 1369 ad

2202 1399 2346 1456 hunc
2391 1401 2606 1455 modum
2644 1386 3106 1471 philosophentur,
3137 1416 3353 1457 omnem
3396 1403 3660 1473 ejusmodi
3689 1405 3786 1460 do-

2202 1493 2368 1547 lorem
2402 1494 2546 1547 nullo
2578 1493 2793 1564 negotio
2826 1494 3212 1563 propellemus.
3248 1495 3387 1551 Deus
3410 1505 3589 1551 autem
3621 1500 3789 1553 misc-

2201 1585 2466 1640 rationum
2504 1598 2558 1640 et
2605 1585 2765 1640 Pater
2793 1586 2955 1640 totius
2996 1588 3380 1642 consolationis
3408 1586 3647 1643 omnium
3689 1607 3787 1645 no-

2200 1688 2368 1733 strum
2409 1676 2571 1734 corda
2601 1678 2932 1743 consoletur,
2978 1687 3035 1734 et
3075 1693 3262 1734 eorum
3311 1679 3400 1749 qui
3442 1679 3497 1734 in
3523 1680 3788 1750 ejusmodi

2197 1769 2475 1826 doloribus
2510 1777 2815 1836 versantur,
2843 1777 2899 1824 et
2922 1784 3110 1824 eorum
3138 1770 3229 1840 qui
3273 1770 3380 1826 alio
3414 1774 3666 1828 maeroris
3691 1789 3787 1844 ge-

2199 1876 2328 1916 nere
2355 1869 2622 1927 tenentur,
2649 1859 2920 1931 donetque
2942 1868 2998 1915 ut
3023 1861 3171 1915 omni
3196 1861 3448 1916 mmstitia
3476 1863 3783 1928 liberemur,

2196 1967 2260 2007 ac
2288 1953 2567 2023 spirituale
2594 1952 2842 2023 gaudium
2876 1952 3232 2022 pereipiamus
3254 1994 3271 2020 ,
3319 1952 3604 2025 futuraque
3649 1955 3783 2012 bona

2196 2058 2585 2114 consequamur
2619 2061 2633 2098 :
2662 2058 2783 2113 qua:
2833 2041 2991 2098 detur
3032 2044 3287 2098 onmibus
3335 2044 3491 2100 nobis
3533 2049 3782 2117 assequi,

2193 2135 2363 2206 gratia
2390 2143 2443 2189 et
2469 2133 2796 2205 benignitate
2823 2134 3031 2189 Domini
3061 2136 3231 2190 nostri
3259 2134 3388 2191 Jesu
3407 2136 3631 2205 Christi,
3660 2154 3783 2195 cum

2194 2240 2301 2295 quo
2344 2226 2485 2280 Patri
2514 2225 2780 2295 simulque
2807 2234 2993 2280 sancto
3026 2224 3246 2295 Spiritui
3275 2227 3476 2298 gloria,
3512 2240 3781 2300 potestas,

2196 2317 2400 2385 honor,
2451 2333 2592 2373 nunc
2629 2326 2684 2372 et
2719 2331 2953 2387 semper,
2998 2324 3055 2372 et
3099 2316 3153 2372 in
3194 2319 3392 2375 saecula
3437 2322 3778 2378 saeculorum.

2193 2411 2385 2469 Amen.

512 2645 3773 2674 Mm

1912 2725 2259 2790 HOMILIA
2303 2727 2384 2788 Π.

503 2888 630 2943 Car.
665 2888 716 2941 l.
749 2903 798 2940 γ.
825 2884 874 2941 6.
910 2884 1032 2941 Sive
1049 2892 1216 2937 autent
1247 2882 1564 2940 tribulnmur,
1600 2893 1692 2948 pro
1712 2884 1873 2930 vestra
1900 2888 2078 2929 conso-

571 2980 759 3035 latione
786 2986 832 3030 et
856 2976 1018 3032 salute
1038 3016 1051 3040 ,
1084 2989 1198 3045 qua:
1226 2982 1464 3043 operatur
1498 2970 1549 3022 in
1588 2966 1854 3021 tolerantia
1878 2981 2081 3018 earum-

571 3072 684 3125 dem
706 3068 1017 3138 passionum,
1038 3081 1165 3135 quas
1186 3073 1232 3117 et
1254 3078 1343 3116 nos
1363 3060 1618 3133 patimur:
1637 3059 1689 3112 7.
1716 3066 1762 3111 et
1781 3072 1896 3127 spes
1914 3064 2084 3109 nostra

571 3163 720 3229 ﬁrma
745 3168 817 3214 est
843 3173 935 3229 pro
959 3156 1114 3211 vobis.

572 3255 625 3308 l.
656 3252 947 3320 Postquam
978 3261 1140 3302 unam
1169 3259 1231 3300 ac
1257 3243 1552 3315 principem
1577 3239 1973 3296 exhortationis
1998 3247 2083 3291 at-

501 3360 604 3417 que
621 3340 1002 3399 consolationis
1017 3352 1234 3394 causam
1253 3335 1489 3407 protulit,
1509 3347 1700 3402 nempe
1714 3332 1855 3402 quod
1871 3331 2083 3386 Christo

499 3435 985 3498 communicemus,
1030 3428 1319 3485 secundam
1351 3440 1565 3498 quoque
1607 3425 1744 3479 hanc
1775 3422 1955 3493 ponit,
1997 3422 2083 3478 ni-

501 3530 692 3584 tnirum
720 3523 863 3596 quod
904 3520 1185 3593 discipulis
1213 3519 1344 3589 ipsis
1376 3519 1498 3573 hinc
1540 3515 1684 3570 salus
1721 3521 2080 3583 comparetur.

501 3619 579 3675 Ne
604 3618 763 3689 igitur
789 3614 985 3671 animis
1008 3610 1323 3672 concidatis,
1352 3608 1544 3678 inquit,
1573 3621 1672 3661 nec
1702 3603 2082 3674 perturbentini

498 3729 563 3768 ac
593 3709 843 3766 metuatis
862 3747 876 3772 ,
905 3713 1189 3777 propterea
1217 3699 1363 3773 quod
1391 3698 1719 3769 allligimur:
1748 3694 2081 3766 quandoqui-

501 3806 621 3861 dem
654 3805 754 3857 hoc
775 3801 891 3870 ipso
914 3796 1129 3852 nomine
1150 3793 1356 3864 mquius
1381 3790 1542 3845 fuerit
1567 3803 1660 3842 vos
1687 3786 1932 3842 ﬁduciam
1955 3800 2083 3840 eon-

499 3900 698 3968 cipere.
732 3893 862 3948 Nam
893 3890 992 3945 nisi
1020 3887 1401 3958 afﬁigeremur,
1435 3881 1551 3937 haec
1580 3880 1758 3936 omnia
1790 3879 1937 3934 vobis
1964 3879 2079 3934 exi-

499 3992 633 4046 tiutn
653 3987 977 4044 attulissent.
995 3982 1095 4050 Qui
1118 3980 1331 4035 tandem
1355 3976 1493 4059 istud
1509 3977 1532 4019 τ
1551 3974 1813 4044 Quoniam
1832 3975 1875 4029 si
1892 3973 2083 4027 animis

497 4081 649 4138 fracti
687 4091 755 4132 ac
794 4074 1147 4147 periculorum
1188 4080 1334 4126 metu
1376 4065 1675 4139 perterriti,
1722 4063 1843 4119 lidei
1886 4062 2084 4119 doctri-

498 4189 623 4229 nam
652 4170 805 4227 vobis
832 4166 1054 4222 minime
1078 4160 1595 4234 praedicavissemus,
1629 4166 1686 4210 ut
1707 4170 1884 4211 veram
1909 4155 2081 4211 scien-

499 4268 626 4323 tiam
656 4256 1021 4329 iutélligeretis
1043 4296 1059 4324 ,
1090 4264 1331 4310 extremo
1360 4250 1412 4305 in
1440 4247 1750 4303 discriminc
1776 4261 1862 4301 res
1889 4255 2081 4302 vestrae

499 4362 615 4415 sitae
641 4363 842 4411 essent.
878 4349 1039 4407 Vides
1067 4361 1256 4404 rursus
1297 4353 1494 4416 quanta
1525 4341 1673 4396 Pauli
1703 4341 1783 4396 vis
1823 4340 1895 4395 sit
1920 4349 2081 4411 atque

496 4446 814 4505 contentio?
840 4443 908 4499 ab
934 4443 1017 4497 his
1043 4440 1172 4511 ipsis
1200 4436 1383 4502 rebus,
1411 4450 1532 4506 qua:
1557 4443 1756 4488 metum
1781 4447 1845 4488 ac
1868 4443 2078 4503 pertur-

497 4543 769 4600 bationem
798 4537 925 4607 ipsis
948 4531 1262 4593 aﬁ‘erebant,
1284 4543 1378 4585 eos
1398 4524 1724 4582 consolatur.
1747 4525 1863 4592 Quo
1882 4525 2077 4579 etenim

497 4630 942 4708 persequutiones
968 4633 1164 4679 nostra:
1186 4622 1354 4690 magis
1379 4619 1773 4688 ingravescunt,
1800 4616 1989 4686 inquit,
2013 4629 2079 4671 eo

496 4705 667 4795 magis
693 4722 831 4779 bona
868 4727 1046 4775 vestra
1081 4727 1204 4785 spes
1240 4711 1628 4767 incrementum
1658 4720 1852 4774 capere
1880 4705 2041 4760 debet
2060 4746 2074 4769 ,

495 4811 929 4887 quandoquidem
978 4818 1126 4866 tanto
1172 4804 1346 4876 major
1396 4800 1557 4857 saluti
1618 4798 2078 4869 consolatiouique

498 4917 693 4964 vestra:
736 4906 982 4960 cumulus
1023 4899 1246 4957 accedit.
1273 4896 1537 4968 Quidnam
1574 4893 1716 4950 enim
1768 4900 1965 4948 tantam
2009 4892 2075 4947 ad

498 4994 882 5053 t-mtsolaudutn
904 4993 1010 5047 vim
1044 4991 1290 5051 habebat,
1322 5003 1480 5058 quam
1510 4984 1653 5057 quod
1686 4984 2076 5054 praedicationis

495 5083 758 5146 beneﬁcio
781 5090 860 5138 tot
899 5084 1036 5137 bona
1077 5079 1576 5148 consequebantur?
1605 5076 1794 5133 Postea
1816 5116 1832 5142 ,
1862 5091 1928 5131 ne
1959 5076 2076 5130 uni-

493 5193 706 5242 versam
755 5173 966 5230 laudem
1010 5171 1160 5226 solus
1205 5169 1320 5238 ipse
1366 5167 1469 5222 sibi
1514 5181 1765 5238 arrogare
1810 5166 2071 5230 videatur,

494 5273 618 5329 vide
646 5265 914 5342 quomodo
941 5278 1037 5320 eos
1081 5273 1296 5331 quoque
1343 5259 1396 5312 in
1428 5258 1600 5313 laudis
1643 5257 1953 5313 societatem
1984 5255 2077 5308 ad-

491 5369 708 5423 sciscat.
762 5362 1045 5428 Postquam
1071 5354 1214 5410 enim
1255 5350 1431 5413 dixit,
1477 5348 1596 5404 Sive
1636 5348 1953 5413 tribulamur,
1985 5362 2077 5417 pro

492 5469 659 5512 uestra
684 5450 1025 5508 consolatione
1052 5456 1099 5501 et
1121 5446 1313 5512 salute,
1346 5442 1651 5512 subjuuxit,
1686 5440 1814 5505 Qua:
1839 5448 2078 5508 aperatur

490 5552 545 5603 iu
571 5543 837 5601 tolerantia
861 5541 1148 5598 earumdem
1174 5537 1485 5608 passionum,
1508 5549 1634 5602 quas
1655 5541 1701 5585 et
1722 5547 1813 5586 nos
1834 5530 2071 5598 patimur.

492 5640 565 5693 Ae
600 5634 882 5692 dilucidius
910 5635 1010 5689 hoc
1029 5631 1241 5703 quidem
1272 5637 1454 5698 postea
1484 5624 1735 5695 exprimit
1762 5622 1843 5677 his
1872 5620 2072 5688 verbis,

494 5727 638 5783 Sicut
664 5724 790 5781 socii
817 5725 937 5781 estis
966 5721 1291 5793 passionum,
1321 5720 1393 5772 sic
1421 5715 1557 5771 eritis
1598 5722 1643 5768 et
1671 5710 2028 5767 consolationis
2054 5726 2075 5766 :

2193 2871 2408 2926 interim
2440 2878 2616 2926 autem
2649 2869 2751 2925 hoc
2795 2870 2911 2925 loco
2953 2870 3001 2926 id
3034 2872 3422 2941 subindicavit,
3455 2891 3577 2933 cum
3608 2879 3775 2945 dixit,

2192 2962 2499 3016 Earumdem
2526 2962 2850 3031 passionum,
2883 2972 3044 3032 atque
3084 2962 3153 3017 ita
3183 2978 3486 3021 sermonem
3524 2985 3644 3024 cum
3674 2969 3781 3027 illis

2189 3053 2622 3107 communicavit.
2653 3053 2807 3118 Quod
2836 3062 3013 3107 autem
3040 3054 3136 3118 ait,
3173 3053 3308 3110 hanc
3335 3060 3652 3114 sententiam
3686 3061 3781 3115 ha—

2190 3145 2282 3200 bet
2309 3161 2322 3198 :
2366 3143 2483 3199 Non
2514 3160 2612 3198 nos
2649 3145 2747 3199 soli
2780 3158 2969 3198 vesmc
3010 3145 3199 3200 salutis
3229 3149 3501 3217 negotium
3527 3151 3737 3221 agimus
3761 3194 3779 3215 ,

2188 3234 2283 3290 sed
2306 3244 2359 3290 et
2386 3249 2480 3289 vos
2508 3249 2739 3306 quoque.
2766 3235 3037 3305 Siquidem
3061 3245 3117 3291 et
3141 3254 3261 3306 nos,
3290 3238 3419 3296 dum
3448 3242 3781 3310 pncdicatio~

2189 3327 2272 3380 nis
2292 3340 2484 3380 munus
2511 3324 2744 3390 obimus,
2782 3324 3098 3396 afﬂigimur;
3131 3338 3186 3383 et
3211 3344 3326 3397 vos,
3358 3332 3447 3401 qui
3474 3348 3778 3389 sermonem

2189 3419 2453 3490 excipitis,
2484 3419 2537 3473 in
2566 3418 2754 3474 iisdem
2782 3419 3176 3475 calamitatibus
3207 3425 3491 3479 versamini
3519 3444 3534 3481 ι
3571 3441 3672 3480 nos
3700 3428 3782 3480 vi-

2187 3513 2404 3577 delicet,
2433 3523 2490 3568 ut
2509 3528 2629 3583 qua:
2649 3513 2955 3580 accepimus
2976 3513 3127 3567 vobis
3148 3514 3546 3583 impertiamus;
3573 3533 3688 3581 vos,
3722 3530 3781 3573 nt

2188 3604 2330 3676 quod
2360 3603 2518 3659 datur
2557 3604 2831 3673 accipiatis
2870 3618 2970 3658 nec
2997 3603 3271 3658 amittatis.
3314 3604 3576 3671 Quidnam
3609 3607 3780 3675 igitur

2188 3705 2305 3761 est,
2355 3695 2496 3767 quod
2541 3710 2666 3750 cum
2716 3694 2815 3751 hac
2863 3695 3157 3750 humilitate
3203 3697 3501 3764 comparari
3560 3701 3775 3768 possit;

2187 3789 2383 3858 quippe
2410 3803 2531 3843 cum
2580 3804 2673 3843 eos
2697 3829 2712 3854 ,
2759 3787 2848 3857 qui
2899 3797 3043 3842 tanto
3083 3787 3359 3844 intervallo
3397 3788 3463 3843 ab
3502 3805 3568 3845 eo
3597 3791 3776 3847 diSsitt

2188 3888 2372 3941 erant,
2418 3880 2470 3935 in
2502 3878 2744 3936 eamdem
2790 3879 3056 3949 patientia:
3100 3878 3310 3935 laudent
3353 3880 3779 3952 dignitatemque

2186 3970 2487 4027 Subvcltat‘.’
2520 3970 2688 4041 inquit
2731 3970 2872 4024 enim
2898 4010 2913 4035 ,
2964 3970 3091 4035 Qua:
3128 3981 3368 4040 aperatur
3407 3973 3461 4025 in
3505 3972 3777 4028 tolerantia

2186 4062 2473 4117 earumdem
2492 4061 2803 4131 passionum.
2823 4059 3006 4130 Neque
3026 4061 3171 4114 enim
3194 4076 3290 4130 per
3313 4061 3472 4117 ﬁdem
3495 4062 3776 4119 dumtaxat

2185 4155 2330 4209 salus
2359 4154 2510 4208 vobis
2533 4162 2890 4222 comparatur,
2925 4169 3108 4207 verum
3157 4169 3252 4222 per
3293 4154 3343 4208 id
3385 4155 3543 4209 etiam
3568 4197 3584 4221 ,
3628 4157 3769 4227 quod

2186 4245 2402 4302 easdem
2435 4259 2567 4315 quas
2591 4259 2691 4300 nos
2719 4244 3052 4299 calamitates
3081 4244 3340 4301 suﬁ‘ertis.

2254 4337 2288 4393 J
2295 4341 2392 4394 usti
2408 4339 2564 4393 virtus
2587 4340 2639 4392 in
2658 4339 2898 4392 (Bruannic
2912 4339 2930 4393 ι
2936 4347 3043 4392 acet
3057 4349 3102 4391 et
3114 4338 3778 4409 angelum—Quemadmo-

2184 4429 2309 4486 dum
2327 4429 2574 4499 egregius
2590 4427 2791 4483 athleta
2809 4427 2880 4483 ob
2900 4428 3241 4498 splenderent
3262 4440 3318 4485 et
3339 4431 3559 4500 probam
3579 4446 3778 4502 corpo-

2186 4523 2262 4577 ris
2284 4520 2671 4587 habitudinem,
2701 4521 2862 4576 etiam
2885 4536 3007 4575 eum
3028 4530 3196 4576 artem
3225 4522 3277 4576 in
3303 4522 3772 4593 seipsocontinet,

2186 4613 2433 4668 homines
2463 4612 2514 4666 in
2543 4612 2952 4668 admirationem
2982 4612 3178 4679 trahit;
3205 4622 3261 4668 at
3289 4628 3410 4668 cum
3440 4625 3694 4684 operatur
3717 4627 3777 4670 et

2185 4703 2365 4774 plagas
2402 4703 2605 4773 perfert
2630 4714 2791 4774 atque
2812 4704 3177 4760 adversarium
3209 4703 3366 4770 ferit,
3400 4713 3511 4760 tum
3539 4706 3778 4776 denique

2185 4795 2516 4865 potissimum
2538 4795 2732 4860 elucet,
2764 4798 3015 4867 quoniam
3046 4805 3155 4851 tum
3178 4796 3410 4867 denique
3435 4797 3574 4852 bona
3604 4798 3780 4867 ipsius

2185 4885 2438 4941 habitudo
2470 4886 2575 4941 vim
2604 4901 2753 4942 suam
2784 4888 3020 4952 exserit,
3062 4887 3301 4957 artisque
3336 4889 3639 4957 praestantia
3669 4887 3778 4944 de-

2182 4978 2456 5032 claralur:
2487 4977 2675 5032 eodem
2709 4978 2869 5033 modo
2911 4979 3057 5033 salus
3095 4989 3278 5034 nostra
3310 4987 3419 5034 tum
3448 4979 3779 5036 luculentins

2182 5072 2375 5139 agitur,
2401 5070 2503 5125 hoc
2521 5079 2623 5134 est,
2642 5070 2963 5138 ostenditur,
2980 5081 3226 5143 augetur,
3249 5071 3624 5143 ampliﬁcatur,
3642 5087 3776 5126 cum

2188 5162 2380 5215 tolerat
2407 5170 2463 5216 et
2501 5162 2722 5231 patitur,
2749 5178 2813 5218 ac
2849 5172 3039 5220 cuncta
3070 5163 3191 5219 forti
3230 5174 3283 5219 et
3326 5177 3551 5220 strenuo
3589 5166 3783 5219 animo

2184 5255 2347 5307 subit.
2379 5252 2457 5306 Ex
2483 5269 2587 5321 quo
2611 5254 2899 5323 colligitur,
2929 5256 3117 5311 salutis
3146 5256 3416 5326 negotium
3449 5272 3555 5311 non
3583 5258 3633 5310 in
3666 5255 3782 5311 hoc

2181 5342 2511 5407 consistere,
2562 5352 2618 5397 ut
2646 5344 2908 5414 quispiam
2938 5345 3100 5399 alium
3132 5346 3274 5400 malo
3303 5344 3532 5414 afliciat,
3577 5345 3669 5401 sed
3712 5357 3784 5401 ut

2180 5433 2295 5503 ipse
2323 5432 2606 5488 afﬁciatur.
2634 5433 2743 5490 Nec
2768 5435 2922 5502 dixit,
2949 5440 3246 5507 ἐνεργούσης,
3276 5436 3378 5492 hoc
3401 5447 3511 5502 est,
3541 5451 3659 5506 quae
3684 5434 3785 5490 ef-

2180 5526 2309 5591 ficit,
2339 5525 2456 5592 sed,
2486 5531 2827 5597 ἕνεργσυμινης,
2861 5528 2910 5583 id
2934 5539 3039 5595 est,
3062 5544 3181 5599 quae
3203 5529 3473 5584 efﬁcitur:
3506 5539 3562 5583 ut
3584 5527 3787 5582 videli-

2178 5626 2263 5673 cet
2303 5616 2431 5672 illud
2469 5616 2753 5682 ostendat,
2783 5623 2927 5690 quod
2971 5619 3038 5675 ad
3067 5636 3253 5676 eorum
3296 5619 3789 5690 promptitudinem

2180 5719 2341 5783 atque
2367 5708 2530 5768 animi
2557 5710 2888 5769 alacritatem
2916 5712 3097 5770 divina
3139 5727 3356 5785 queque
3379 5713 3546 5785 gratia
3574 5711 3788 5783 adjun-
