4138 6220
470 265 570 323 391

468 378 561 451 μοὶ
595 375 812 450 μείζονα
846 376 1089 447 δψονται,
1136 380 1231 433 καὶ
1268 381 1318 433 οἰ
1347 381 1505 445 πόδες
1540 382 1633 436 ἐπὶ
1666 380 1904 450 νεφελῶν
1937 381 2039 450 άρ-

462 470 743 540 θήσονται,
767 469 941 523 καὶτὸ
967 470 1412 543 διαφθειρόμενον
1446 472 1606 527 τοῦτο
1641 473 1803 544 σῶμα
1837 471 2040 526 ἀθανα-

461 561 585 615 σίαν
614 560 917 627 ἐνδύσεται,
954 564 1046 617 καὶ
1073 563 1453 637 λαμπρότερον
1488 565 1581 621 τὸν
1619 566 1734 619 υἱὸν
1766 563 2041 635 ἀπολήψο-

462 669 583 723 μαι.
608 652 671 706 Εἰ
691 652 750 705 δὲ
771 652 933 707 λυπεῖ
955 671 1014 706 σε
1042 654 1111 708 τά
1137 655 1413 727 ὁρώμενα,
1440 657 1578 721 τέως
1598 657 1720 711 εἰπέ
1750 657 1886 729 πρὸς
1915 659 2041 710 ἐαυ-

458 744 570 797 τόνσ
606 744 845 814 ’ῐμάτιον
877 743 1033 799 τοῦτό
1066 747 1203 812 ἐστι,
1240 747 1336 801 καὶ
1366 748 1698 813 ἀπεδύσατο,
1728 748 1870 802 ῶστε
1905 748 2041 803 αὐτὸ

330 893 343 899 ι
459 830 913 904 πολυτελέστερον
934 833 1254 889 ἀπολαϐεῖν
1278 835 1425 890 οἰκία
1448 835 1587 909 αῦτη
1625 839 1764 899 ἐστὶ,
1795 838 1890 892 καὶ
1915 837 2043 891 καθ-

458 920 654 993 ῃρέθη,
684 922 827 976 ὥστε
855 924 1108 992 γενέσθαι
1137 926 1306 997 αὐτὴν
1347 927 1729 999 φαιδροτέραν.
1772 929 2039 1000 Καθάπερ

458 1012 570 1085 γάρ
602 1015 787 1085 ἡμεῖς,
818 1015 1038 1070 ἐπειδὰν
1080 1018 1365 1090 μέλλωμεν
1394 1018 1683 1091 ,καθαιρεῖν
1710 1019 1906 1084 οἰκίας,
1939 1021 2040 1075 οὐκ

458 1107 696 1178 ἀφίεμεν
722 1107 849 1171 τοὺς
885 1107 1035 1163 ἔνδον
1060 1111 1342 1177 οἰκοῦντας
1374 1113 1575 1183 μένειν,
1605 1112 1721 1166 ἀλλ’
1747 1111 1888 1167 ὥστε
1929 1114 2037 1168 άπ-

459 1196 767 1268 αλλαγῆναι
807 1200 910 1271 τῆς
941 1200 1141 1267 κόνεως
1180 1205 1276 1257 καὶ
1308 1205 1404 1259 τοῦ
1436 1203 1687 1276 θορύϐου,
1730 1204 1912 1280 [ἀλλὰ]
1946 1223 2038 1259 κε·

460 1291 753 1357 λεύσαντες
804 1294 942 1365 πρὸς
994 1295 1173 1368 βραχὺ
1214 1297 1568 1369 μεταστῆναι,
1608 1298 1828 1353 ἐπειδάν
1867 1316 2038 1355 κατα-

461 1384 818 1455 σκευάσωμεν
846 1386 1086 1455 ἀσφαλὲς
1114 1388 1177 1441 τό
1198 1388 1489 1459 δωμάτιον,
1517 1389 1639 1443 τότε
1672 1391 1870 1454 αὐτοὺς
1901 1392 2041 1461 μετά

458 1477 640 1542 ἀδείας
675 1476 993 1548 εἰσάγομεν·
1045 1478 1189 1533 οὑτω
1235 1481 1328 1535 καὶ
1363 1484 1392 1535 ό
1419 1481 1553 1546 Θεὸς
1598 1485 1762 1546 ποιεῖ,
1794 1478 2039 1538 καθελὼν

459 1565 623 1620 αὑτοῦ
645 1564 745 1638 τὴν
767 1566 975 1636 σαθρὰν
1002 1570 1228 1640 σκηνὴν,
1259 1570 1397 1634 τέως
1420 1573 1504 1635 εἰς
1523 1570 1622 1642 τὴν
1643 1573 1915 1645 πατρικὴν
1936 1574 2038 1627 αὑ-

456 1656 549 1711 τὸν
576 1656 768 1711 ἔλαϐεν
794 1657 972 1711 οἰκίαν
1002 1658 1099 1712 καὶ
1124 1659 1260 1730 πρὸς
1285 1660 1497 1726 ἐαυτὸν,
1524 1660 1591 1715 ἶν’
1621 1661 1750 1716 ὅταν
1783 1663 2039 1733 καθαιρε-

454 1747 525 1820 θῇ
558 1747 696 1818 αῦτη
743 1748 839 1803 καὶ
878 1749 1231 1821 οίκοδομηθῇ,
1280 1750 1674 1823 λαμπροτέραν
1715 1752 1886 1822 αὐτὴν
1914 1754 2037 1806 τότε

454 1842 611 1913 αὐτῷ
653 1840 858 1913 ἀποδῷ.
894 1841 985 1914 Μὴ
1016 1843 1212 1897 ’τοίνυν
1267 1843 1448 1917 εἴπῃς,
1500 1844 1585 1898 ὅτι
1631 1844 1902 1899 Ἀπόλωλε
1942 1846 2038 1899 καὶ

454 1934 638 1988 οὐκέτι
684 1933 860 1987 ἔσται·
899 1936 995 1988 καὶ
1034 1934 1141 2007 γάρ
1186 1935 1434 1991 ἀπίστων
1464 1936 1532 1990 τὰ
1566 1936 1789 2007 ῥήματα
1840 1936 2033 1989 ταῦτα·

453 2023 611 2099 [427]
645 2026 758 2080 ἀλλ’
793 2026 935 2094 εἰπὲ,
967 2026 1237 2082 Καθεύδει
1273 2028 1369 2082 καὶ
1401 2028 1788 2099 ἀναστήσεται,
1826 2028 2033 2099 ἀπεδή-

456 2136 601 2190 μησε
624 2121 717 2173 καὶ
739 2120 859 2190 ἥξει
887 2120 1025 2191 μετὰ
1047 2120 1144 2174 τοῦ
1179 2119 1474 2182 Βασιλέως.
1502 2120 1597 2185 Τίς
1626 2119 1799 2173 ταῦτά
1831 2137 2030 2190 φησιν;

465 2213 532 2263 '0
568 2212 659 2265 τὸν
681 2212 910 2281 Χριστὸν
942 2212 1082 2283 έχων
1106 2213 1163 2266 ἐν
1191 2212 1369 2282 ἐαυτῷ
1389 2211 1675 2267 λαλοῦντα.
1706 2215 1771 2268 El
1797 2212 1905 2283 γὰρ
1934 2228 2030 2265 πι-

1595 267 1660 321 IN
1702 262 1983 321 EPIST."
2020 263 2109 317 AD
2145 262 2302 320 COR.
2340 262 2576 320 HOMIL.
2619 266 2682 319 11.

3615 274 3723 327 5W.

2142 381 2458 449 στεύομεν,
2479 380 2666 458 φησὶν,
2692 379 2781 433 ὅτι
2818 381 3058 448 Ἰησοῦς
3090 382 3353 437 ἀπέθανε
3381 384 3477 438 καὶ
3494 386 3721 453 ἀνέστη

2143 468 2239 523 καὶ
2260 468 2491 537 ἔζησεν,
2538 471 2727 536 οὕτως
2756 472 2789 524 ό
2822 471 2966 536 Θεὸς
3010 472 3110 525 καὶ
3153 474 3298 540 τοὺς
3331 475 3722 543 κοιμηθέντας

2143 561 2239 617 διὰ
2270 561 2378 615 τοῦ
2416 561 2622 629 Ἰησοῦ
2675 561 2806 626 ἄξει
2844 562 2966 616 σὺν
2993 563 3203 629 αὐτῷ.,
3230 566 3294 619 El
3325 566 3503 620 τοίνυν
3538 567 3723 638 ζητεῖς

2141 652 2234 705 τὸν
2262 650 2399 717 υἰδν,
2433 653 2553 705 ἐκεῖ
2593 650 2747 722 ζήτει
2776 651 2906 707 ἔνθα
2940 655 2969 706 ό
3013 654 3297 720 Βασιλεὺς,
3328 656 3455 711 ἔνθα
3507 657 3569 711 τὸ
3613 657 3723 710 τῶν

2142 741 2392 811 ἀγγέλων
2418 743 2799 814 στρατόπεδον·
2828 744 2903 815 μὴ
2929 747 2986 799 ἐν
3019 745 3095 816 τῷ
3115 746 3272 815 τάφῳ
3295 746 3431 817 μηδὲ
3458 749 3515 800 ἐν
3536 751 3602 820 τῇ
3627 751 3723 819 γῇ,

2144 835 2232 888 ἵνα
2264 834 2360 905 μὴ,
2399 835 2612 888 ἐκείνου
2661 835 2914 890 τοσοῦτον
2964 837 3292 907 ὑψωθέντος,
3341 839 3503 903 αὐτὸς
3554 840 3723 912 μένῃς

2142 924 2236 978 ἐπὶ
2269 925 2369 995 τῆς
2401 926 2505 995 γῆς
2535 926 2853 997 συρόμενος.
2893 928 2991 982 Ἂν
3028 929 3208 984 τοίνυν
3243 930 3388 985 οῦτω
3419 933 3724 1001 φιλοσοφῶο

2147 1035 2267 1087 μεν,
2291 1018 2473 1071 πᾶσαν
2500 1018 2758 1091 τοιαύτην
2784 1019 2976 1091 ὀδύνην
2998 1021 3235 1087 εὐκόλως
3261 1023 3718 1098 διακρουσόμεθα.

2154 1111 2213 1164 Ὀ
2236 1110 2294 1165 δὲ
2322 1110 2457 1175 Θεὸς
2492 1110 2602 1177 τῶν
2639 1114 2944 1187 οἰκτιρμῶν
2986 1113 3082 1168 καὶ
3118 1114 3309 1186 Πατὴρ
3337 1116 3518 1187 πάσης
3545 1135 3725 1188 παρα-

2142 1202 2407 1275 κλήσεως,
2457 1204 2829 1275 παρακαλέσει
2869 1205 2969 1270 τὰς
3004 1206 3235 1276 καρδίας
3279 1207 3498 1262 πάντων
3542 1210 3719 1280 ἡμῶν,

2142 1294 2237 1348 καὶ
2277 1294 2388 1348 τῶν
2435 1294 2504 1348 τά
2545 1294 2773 1349 τοιαῦτα
2804 1296 3157 1366 όδυνωμένων
3185 1311 3234 1361 ο,
3281 1298 3375 1350 κοιλ⁸
3422 1298 3528 1352 τῶν
3558 1301 3722 1372 ἑτέρᾳ

2141 1385 2287 1457 λύπῃ
2318 1386 2723 1456 κατεχομένων.
2758 1388 2854 1440 καὶ
2903 1386 3141 1457 ἀθυμίας
3192 1387 3572 1457 ἀπαλλαγῆναι
3609 1390 3720 1459 δῴη

2144 1478 2349 1550 πάσης,
2385 1480 2480 1532 καὶ
2514 1479 2892 1550 πνευματικὴν
2927 1477 3325 1550 καρπώσασθαι
3380 1480 3582 1551 χαρὰν,
3624 1479 3722 1534 καὶ

2143 1571 2253 1626 τῶν
2331 1571 2634 1643 μελλόντων
2702 1571 2927 1640 ἀγαθῶν
2992 1572 3271 1642 ἐπιτυχεῖν
3294 1587 3309 1603 ο
3370 1564 3448 1625 ὧν
3512 1572 3723 1640 γένοιτο

2143 1661 2354 1725 πάντας
2405 1662 2554 1732 ἡμᾶς
2605 1663 2905 1732 ἐπιτυχεῖν,
2959 1661 3144 1732 χάριτι
3192 1662 3287 1715 καὶ
3340 1661 3723 1735 φιλανθρωπίᾳ

2140 1750 2236 1805 τοῦ
2296 1750 2502 1822 Κυρίου
2570 1752 2731 1823 ἡμῶν
2795 1753 2974 1825 Ἰησοῦ
3032 1754 3296 1825 Χριστοῦ,
3353 1756 3476 1826 μεθ’
3531 1751 3591 1811 οὑ
3644 1756 3722 1826 τῷ

2140 1844 2315 1915 Πατρὶ
2369 1846 2485 1914 ἅμα
2528 1844 2606 1915 τῷ
2633 1845 2774 1915 ἁγίῳ
2804 1845 3081 1915 Πνεύματι
3120 1847 3269 1914 δόξα,
3301 1847 3523 1917 κράτος.
3560 1848 3716 1918 τιμὴν

2138 1935 2234 1989 νῦν
2283 1936 2378 1989 καὶ
2431 1936 2544 2003 ἀεὶ,
2594 1938 2689 1990 καί⁸
2738 1938 2818 1999 εἰς
2875 1938 3005 1999 τοὺς
3060 1937 3265 2001 αἰῶνας
3321 1936 3433 1991 τῶν
3483 1937 3713 1992 αἰώνων.

2154 2027 2212 2078 Ἀ
2221 2033 2346 2097 μὴν.

2204 2220 2229 2245 ⁸
2258 2218 2346 2268 Ms.
2356 2256 2369 2280 ,
2404 2220 2731 2283 ὀδυρωμένων.

1961 2586 2203 2640 OMIAIA
2260 2586 2336 2641 B'.

451 2758 594 2815 Ehe
618 2756 686 2811 δὲ
708 2758 1044 2826 θλιϐόμεθα,
1068 2757 1221 2826 ὑπὲρ
1251 2756 1363 2826 τῆς
1401 2754 1569 2826 ὑμῶν
1589 2754 2032 2826 παρακλήσεως

528 2829 625 2883 καί
661 2822 980 2896 σωτηρίας,
1019 2826 1132 2896 τῆς
1161 2822 1599 2896 ἐνεργουμένης
1642 2822 2034 2896 ἐγκύπομονῇ

523 2896 643 2951 τῶν
673 2891 872 2951 αὐτῶν
915 2891 1420 2966 παθημάτων,’ὦν
1454 2891 1557 2952 καί
1573 2891 1580 2893 ⁷
1604 2895 1774 2964 ἡμεῖς
1801 2891 2035 2966 πάσχοὲ

520 2984 652 3037 ger"
680 2966 779 3021 καί
813 2968 851 3035 ἡ
880 2967 1056 3033 ἐλπὶς
1075 2964 1253 3037 ’ἡμῶν
1268 2967 1487 3032 βεϐαία
1520 2965 1673 3035 ὑπὲρ
1702 2964 1888 3035 ὑμῶν.

522 3130 596 3177 α’.
622 3120 806 3176 Είπὼν
839 3121 968 3193 μίαν
998 3121 1093 3176 καὶ
1122 3120 1346 3194 πρώτην
1363 3120 1763 3192 παρακλήσεως
1792 3117 1886 3172 καὶ
1915 3133 2034 3171 πα-

451 3213 727 3287 ραμυθίας
753 3212 1008 3284 ἀφορμὴν
1025 3199 1187 3284 (αὕτη
1216 3212 1273 3265 δὲ
1300 3207 1369 3284 ἦν
1388 3212 1449 3265 τὸ
1478 3209 1557 3281 τῷ
1588 3209 1811 3284 Χριστῷ
1841 3226 2032 3263 κοινωο

451 3304 607 3376 νεῖν),
635 3304 818 3375 τίθησι
857 3303 952 3357 καὶ
977 3303 1233 3374 δευτέραν
1262 3302 1466 3373 ταύτην
1493 3302 1560 3372 ἥν
1582 3318 1765 3372 φησιν.
1789 3300 1943 3353 Ἔστι
1975 3299 2033 3353 δὲ

451 3395 615 3466 αῦτη,
645 3396 708 3450 τὸ
749 3394 929 3450 αὑτῶν
958 3394 1067 3449 τῶν
1090 3393 1543 3466 μαθητευομένων
1581 3392 1831 3446 ἐντεῦθεν
1865 3409 2034 3446 κατα-

456 3485 820 3550 σκευάζεσθαι
855 3484 954 3556 τὴν
978 3484 1273 3556 σωτηρίαν.
1312 3483 1406 3555 Μὴ
1438 3482 1619 3536 τοίνυν
1663 3480 2028 3551 καταπέσητε,

452 3578 641 3650 φησὶν,
685 3578 874 3649 ἐπειδὴ
907 3576 1222 3647 θλιϐόμεθα,
1260 3575 1395 3647 μηδέ
1424 3572 1761 3646 θορυϐηθῆτε
1803 3573 1897 3628 καὶ
1924 3572 2032 3626 δεί-

450 3688 603 3743 σητε·
628 3669 724 3725 καὶ
754 3668 864 3741 γὰρ
895 3668 962 3723 δι’
990 3668 1123 3722 αὐτὸ
1153 3666 1313 3721 τοῦτο
1351 3667 1552 3737 μᾶλλον
1588 3664 1654 3720 ἂν
1700 3664 1785 3736 εἴη
1828 3664 2031 3718 δίκαιον

450 3760 597 3833 ὑμᾶς
620 3760 861 3832 θαρρεῖν.
887 3759 948 3812 Εἰ
971 3757 1079 3830 γάρ
1106 3757 1178 3828 μὴ
1201 3755 1546 3826 ὲθλιϐόμεθα,
1566 3755 1774 3819 πάντας
1799 3754 1865 3808 ἂν
1888 3754 2031 3824 ὑμᾶς

447 3853 625 3909 ταῦτα
649 3850 921 3907 ἀπώλεσε.
947 3850 1074 3913 Πῶς
1102 3850 1197 3902 καὶ
1216 3851 1340 3903 τίνα
1362 3848 1602 3920 τρόπον;
1635 3846 1758 3899 Ὀτι
1783 3846 1831 3897 εί
1866 3844 2033 3915 μαλα-

449 3945 734 4009 κισθέντες
784 3943 879 3997 καὶ
926 3942 996 3995 τὰ
1036 3941 1184 3996 δεινά
1230 3941 1528 4005 δείσαντες,
1572 3939 1647 4011 μὴ
1679 3936 2030 4009 ἐκηρύξαμεν

450 4039 586 4107 ὑμῖν
616 4036 705 4089 τὸν
734 4035 913 4104 λόγον,
948 4032 1091 4087 ὥστε
1136 4032 1329 4103 μαθεῖν
1370 4032 1469 4103 τὴν
1502 4030 1679 4101 ἀληθῆ
1708 4027 1930 4098 γνῶσιν,
1971 4029 2028 4081 ἐν

449 4126 703 4196 ἐσχάτοις
739 4122 809 4198 ἦν
856 4126 926 4180 τά
975 4124 1236 4195 ὑμέτερα.
1276 4118 1432 4186 Εἶδες
1478 4120 1641 4175 πάλιν
1682 4119 1894 4174 Παύλου
1927 4118 2029 4189 τὴν

451 4219 579 4292 βίαν
606 4223 698 4273 καὶ
728 4220 827 4291 τὴν
853 4217 1186 4289 φιλονεικίαν
1209 4233 1225 4281 ;
1256 4216 1350 4285 ἀφ’
1376 4208 1451 4269 ὧν
1476 4211 1829 4296 ἐθορυϐοῦντο
1846 4222 1894 4275 ι,
1922 4209 2031 4264 ἀπὺ

447 4314 656 4368 τούτων
676 4313 874 4375 αὑτοὺς
902 4308 1329 4381 παραμυθεῖται.
1363 4306 1510 4375 Ὅσῳ
1534 4304 1645 4372 γάρ
1670 4301 1735 4355 ἂν
1761 4300 2029 4368 ἐπιτείνη-

447 4422 539 4460 ται
572 4405 641 4459 τά
674 4403 783 4458 τῶν
815 4400 1074 4472 διωγμῶν
1106 4401 1215 4454 τῶν
1244 4396 1547 4470 ἡμετέρων,
1591 4393 1746 4464 φησί,
1790 4390 2030 4471 τοσούτῳ

451 4498 656 4572 μᾶλλον
694 4496 989 4551 ἐπιδιδόναι
1029 4494 1112 4548 δεῖ
1135 4492 1203 4546 τά
1234 4491 1335 4561 τῆς
1361 4487 1606 4561 χρηστῆς
1634 4484 1848 4549 ἐλπίδος
1877 4484 2025 4554 ὑμῖν·

446 4585 637 4657 ἐπειδὴ
665 4584 760 4638 καὶ
786 4581 1026 4653 τοσούτῳ
1058 4580 1258 4653 μᾶλλον
1288 4577 1510 4643 αὑξεται
1539 4575 1610 4630 τὰ
1631 4576 1731 4646 τῆς
1758 4573 2032 4645 σωτηρίας

445 4676 549 4750 τῆς
570 4676 863 4749 ὑμετέρας,
887 4676 983 4729 καὶ
1009 4672 1080 4728 τά
1107 4675 1206 4745 τῆς
1238 4671 1658 4744 παρακλήσεως.
1682 4667 1747 4722 Τί
1780 4666 1889 4739 γάρ
1919 4665 2031 4719 ἴσον

448 4769 531 4832 εἰς
562 4767 962 4839 παρακλήσεως
986 4766 1145 4835 λόγον
1169 4763 1262 4818 τοῦ
1295 4762 1569 4818 τοσούτων
1595 4762 1872 4831 ἐπιτυχεῖν
1897 4760 2033 4827 ἀγα-

447 4856 561 4910 θῶν
588 4858 677 4912 διά
703 4856 799 4912 τοῦ
830 4856 1218 4929 κηρύγματος;
1250 4852 1382 4909 Εἶτα
1413 4855 1503 4908 ῖνα
1531 4851 1606 4924 μὴ
1636 4851 1764 4922 δόξῃ
1795 4852 1875 4915 εἰς
1906 4851 2031 4903 ἐαυ-

446 4950 542 5005 τὸν
565 4950 724 5021 μόνον
761 4950 824 5003 τὸ
847 4947 1124 5020 ἐγκώμιον
1156 4948 1461 5019 περιιστᾷν,
1493 4946 1594 5017 ὅρα
1622 4942 1740 5005 πῶς
1766 4940 1861 4994 καὶ
1889 4939 2033 4994 ἐκεί-

446 5059 578 5105 νους
631 5043 775 5096 ποιεῖ
824 5039 935 5094 τῶν
987 5039 1225 5093 ἐπαίνων
1276 5036 1481 5090 τούτων
1518 5032 1671 5107 [428]
1720 5028 2031 5094 κοινωνούς.

446 5133 637 5190 Εἰπὼν
682 5135 813 5206 γὰρ,
859 5132 999 5188 Εἴτε
1049 5129 1119 5186 δὲ
1164 5130 1498 5199 θλιϐόμεθα,
1538 5125 1692 5194 ὑπὲρ
1728 5122 1837 5193 τῆς
1865 5122 2033 5192 ὑμῶν

445 5222 893 5293 παρακλήσεως
924 5221 1023 5276 καί
1054 5220 1371 5287 σωτηρίας,
1403 5216 1679 5287 ἐπήγαγε,
1715 5212 1838 5281 Τῆς
1865 5212 2019 5278 ἐνερη

447 5315 747 5389 γουμένης
767 5315 837 5368 ἐν
861 5311 1138 5383 ὑπομονῇ
1166 5309 1286 5365 τῶν
1307 5307 1506 5364 αὐτῶν
1528 5304 1910 5375 παθημάτων,
1941 5296 2029 5355 ὧν

447 5405 550 5461 καί
576 5404 745 5474 ἡμεῖς
778 5401 1117 5472 πάσχομεν.
1161 5401 1501 5470 Σαφέστερον
1533 5397 1631 5468 μὲν
1660 5389 1754 5449 οῦν
1783 5391 1916 5448 αὐτὸ
1949 5391 2031 5444 τί⁹

446 5498 610 5569 θησιν
647 5494 873 5566 ὕστερον
918 5492 1093 5562 λέγων
1128 5488 1322 5553 οὕτως’
1350 5490 1430 5542 ὅτι
1468 5485 1701 5553 ’Ὠσπερ
1755 5480 2033 5538 κοινωνοί

515 5681 547 5713 ⁸
570 5679 657 5730 H8.
683 5685 737 5730 el
769 5693 921 5742 marg.
941 5679 1110 5737 Sa\'i|.,
1138 5672 1458 5739 ἐθορυϐοῦντο.
1487 5670 1617 5721 Edili
1637 5664 1913 5730 ἐφοϐοῦντο.

2140 2755 2282 2807 ἐστε
2325 2748 2444 2804 τῶν
2477 2748 2860 2818 παθημάτων,
2924 2749 3077 2803 οὕτω
3129 2748 3225 2803 καὶ
3271 2746 3375 2817 τῆς
3414 2754 3723 2822 παρακλή-

2135 2859 2311 2908 σεως⁹
2341 2841 2575 2897 ἐνταῦθα
2593 2842 2650 2896 δὲ
2677 2842 2815 2905 τέως
2843 2842 2974 2896 αὐτὸ
2997 2842 3216 2914 ᾐνίξατο
3244 2842 3439 2908 εἰπὼν,
3474 2843 3597 2897 Τῶν
3615 2848 3721 2900 αὺ-

2135 2932 2256 2987 τῶν
2273 2930 2656 3001 παθημάτων,
2693 2932 2789 2985 καὶ
2821 2930 3088 2995 κοινώσας
3114 2932 3206 2985 τὸν
3236 2931 3415 3001 λόγον.
3447 2934 3512 2987 Ὀ
3543 2934 3600 2988 δέ
3636 2936 3721 2988 λέ·-

2136 3042 2244 3094 γει,
2277 3025 2436 3078 τοῦτό
2458 3026 2628 3078 ἐστιν·
2686 3025 2798 3094 Οὑχ
2821 3024 2980 3096 ἡμῶν
3014 3024 3175 3095 ἔργον
3204 3027 3239 3097 ὴ
3270 3025 3514 3097 ὑμετέρα
3542 3045 3718 3099 σωτη-

2137 3118 2231 3191 ρία
2255 3119 2435 3191 μόνον.
2461 3117 2595 3173 ἀλλὰ
2625 3117 2722 3173 καὶ
2752 3117 2906 3188 ὑμῶν
2933 3118 3135 3173 αὑτῶν.
3160 3119 3270 3171 Καὶ
3299 3117 3407 3190 γὰρ
3432 3119 3525 3174 καὶ
3558 3121 3719 3191 ἡμεῖς

2136 3210 2497 3283 κηρύττοντες
2532 3209 2848 3280 θλιϐόμεθα,
2892 3208 2987 3262 καὶ
3018 3209 3179 3280 ὑμεῖς
3206 3208 3482 3280 δεχόμενοι
3512 3211 3604 3263 τὸν
3630 3210 3720 3263 λόο

2134 3321 2250 3375 γον,
2293 3304 2364 3359 τά
2412 3302 2550 3357 αὑτά
2599 3302 2859 3373 πάσχετε·
2908 3302 3073 3372 ἡμεῖς
3120 3301 3237 3371 μὲν,
3268 3300 3356 3354 ἵνα
3400 3300 3718 3372 μεταδῶμεν

2134 3397 2279 3468 άπερ
2311 3394 2600 3467 ἐλάϐομεν·
2636 3395 2798 3464 ὑμεῖς
2840 3392 2921 3457 δέ,
2956 3393 3043 3446 ἴνα
3079 3391 3141 3445 τὸ
3167 3391 3442 3463 διδόμενον
3468 3392 3713 3465 δέξησθε,

2136 3490 2230 3544 καὶ
2258 3489 2334 3560 μὴ
2362 3488 2695 3560 ἀποϐάλητε.
2724 3487 2791 3540 Τί
2823 3486 3002 3541 τοίνυν
3029 3485 3142 3540 ἴσον
3168 3485 3269 3556 τῆς
3295 3487 3721 3559 ταπεινοφροσύ-

2136 3598 2234 3651 νης
2270 3579 2478 3650 ταύτης
2500 3578 2698 3647 γένοιτ’
2730 3576 2819 3642 ἂν,
2846 3576 2975 3630 ὃταν
2997 3576 3093 3629 καὶ
3122 3576 3248 3639 τοὺς
3270 3576 3522 3630 τοσοῦτον
3545 3577 3715 3632 αὐτοῦ

2133 3672 2481 3736 ἀποδέοντας,
2505 3672 2586 3733 εἰς
2609 3669 2671 3724 τὸ
2693 3667 2824 3723 αὐτὸ
2844 3667 3063 3738 ἀξίωμα
3082 3670 3181 3737 τῆς
3203 3668 3482 3739 ὑπομονῆς
3507 3671 3716 3742 ἀνάγῃς

2135 3763 2256 3833 Τῆς
2283 3761 2721 3833 ἐνεργουμένης
2763 3760 2894 3830 γάρ,
2939 3759 3124 3828 φησὶν,
3159 3760 3229 3813 ἐν
3275 3760 3557 3829 ὑπομονῇ
3603 3761 3716 3816 τῶν

2131 3853 2330 3911 αὐτῶν
2352 3852 2733 3921 παθημάτων.
2757 3851 2831 3904 υὺ
2867 3850 2977 3920 γάρ
3005 3847 3096 3902 διά
3119 3848 3213 3902 τοῦ
3243 3851 3532 3905 πιστεῦσαι
3560 3854 3720 3922 μόνον

2132 3950 2168 4020 ἡ
2221 3945 2466 4018 σωτηρία
2495 3944 2650 4016 ὑμῶν
2677 3942 2910 4013 γίνεται,
2946 3941 3081 3997 άλλά
3110 3942 3207 3995 καὶ
3232 3941 3319 3996 διά
3352 3941 3448 3996 τοῦ
3487 3946 3719 4016 πάσχειν

2131 4041 2205 4094 τά
2236 4038 2378 4107 αὑτά
2405 4040 2540 4110 ἡμῖν
2571 4037 2665 4091 καὶ
2694 4035 3007 4107 ὑπομένειν.

2200 4197 2470 4269 Καθάπερ
2498 4195 2607 4268 γάρ
2638 4196 3089 4268 παγκρατιαστὴς
3112 4194 3427 4267 θαυμαστὸς
3451 4195 3554 4267 μὲν
3578 4197 3716 4259 ἐστι,

2137 4289 2232 4345 καὶ
2257 4286 2586 4359 φαινόμενος
2619 4287 2714 4341 καὶ
2746 4286 2986 4340 εύεκτῶν
3017 4286 3111 4340 καὶ
3138 4285 3238 4357 τὴν
3264 4286 3457 4357 τέχνην
3490 4286 3630 4359 ἔχων
3662 4289 3718 4340 ἐν

2131 4379 2339 4450 ἐαυτῷ,
2369 4380 2499 4433 ὅταν
2526 4379 2584 4433 δὲ
2619 4380 2819 4450 ἐνεργῇ
2851 4377 2947 4431 καὶ
2972 4376 3114 4448 φέρῃ
3142 4376 3355 4448 πληγάς
3386 4379 3481 4432 καὶ
3507 4378 3717 4450 πλήττῃ

2129 4472 2223 4525 τὸν
2245 4470 2560 4537 ἀντίπαλον,
2588 4471 2712 4524 τότε
2751 4469 2986 4539 μάλιστα
3027 4468 3367 4539 ἀπολάμπει,
3401 4469 3586 4540 ἐπειδὴ
3624 4473 3718 4523 καὶ

2128 4563 2252 4615 τότε
2285 4561 2522 4632 μάλιστα
2554 4562 2858 4632 ἐνεργεῖται
2902 4558 3067 4613 αὑτοῦ
3099 4560 3133 4631 ἡ
3167 4558 3370 4625 εὐεξία,
3401 4559 3495 4612 καὶ
3520 4558 3719 4613 διαδεί-

2134 4673 2325 4711 κνυται
2348 4656 2451 4726 τῆς
2481 4654 2678 4726 τέχνης
2710 4656 2744 4725 ή
2777 4653 2995 4724 δοκιμήο
3023 4652 3168 4707 οὕτω
3194 4653 3258 4724 δὴ
3286 4652 3379 4706 καὶ
3403 4654 3437 4724 ἡ
3473 4652 3717 4723 σωτηρία

2132 4747 2287 4819 ὑμῶν
2313 4746 2438 4801 τότε
2472 4746 2778 4818 ἐνεργεῖται
2807 4744 3090 4816 μειζόνως,
3122 4743 3388 4805 τουτέστι,
3420 4742 3714 4806 δείκνυται,

2131 4837 2379 4905 αὑξεται,
2407 4838 2759 4902 ἐπιτείνεται,
2785 4838 2914 4892 ὅταν
2936 4835 3215 4908 ὑπομονὴν
3237 4834 3356 4907 ἔχῃ.
3380 4836 3510 4889 ὅταν
3533 4837 3717 4909 πάσχῃ

2133 4933 2227 4985 καὶ
2247 4930 2510 5000 γενναίως
2537 4928 2753 4983 ἅπαντα
2777 4928 2939 5000 φέρῃ.
2969 4929 3114 4999 ’Δρα
3135 4926 3388 4998 ἐνέργεια
3416 4927 3714 4998 σωτηρίας,

2132 5025 2193 5079 οὑ
2221 5023 2283 5077 τὸ
2311 5023 2483 5077 ποιεῖν
2507 5019 2716 5085 κακῶς,
2739 5019 2877 5074 άλλά
2899 5018 2960 5072 τὸ
2987 5020 3217 5090 πάσχειν
3238 5017 3444 5083 κακῶς.
3478 5019 3591 5073 Καὶ
3617 5019 3720 5072 οὑκ

2134 5115 2277 5180 εἰπε,
2301 5114 2415 5185 Τῆς
2433 5112 2784 5186 ἐνεργούσης,
2801 5110 2957 5175 ἀλλὰ,
2982 5111 3097 5179 Τῆς
3121 5111 3583 5181 ἐνεργουμένης,
3609 5110 3717 5164 δει-

2135 5208 2267 5271 κνὺς
2312 5207 2394 5260 ὅτι
2442 5204 2582 5275 μετά
2626 5205 2726 5275 τῆς
2773 5203 2954 5257 αὐτῶν
2997 5202 3305 5275 προθυμίας
3342 5203 3435 5256 καὶ
3479 5204 3514 5271 ἡ
3554 5200 3717 5272 χάρις

2131 5293 2300 5349 πολλά
2329 5293 2611 5364 εἰσέφερεν
2655 5291 2956 5363 ἐνεργοῦσα
2994 5292 3053 5345 ἐν
3093 5292 3297 5354 αὐτοῖς.
3328 5290 3440 5344 Καὶ
3466 5291 3505 5358 ή
3537 5288 3715 5355 ἐλπίς

2132 5384 2301 5456 ἡμῶν
2316 5384 2537 5449 ,ϐεϐαία
2567 5382 2720 5450 ὑπὲρ
2742 5380 2931 5452 ὑμῶν.
2965 5381 3276 5446 Τουτέστιν,
3295 5382 3379 5434 ὅτι
3401 5379 3520 5434 Κᾶν
3543 5379 3717 5451 μυρία

2135 5475 2383 5545 πάσχητε
2419 5474 2593 5539 δεινά,
2635 5472 2949 5544 θαρροῦμεν
2994 5471 3077 5523 ὅτι
3108 5471 3171 5525 οὑ
3211 5473 3713 5544 περιτραπήσεσθε,

2133 5568 2258 5624 οὔτε
2292 5567 2384 5621 ἐπὶ
2405 5568 2517 5629 τοῖς
2551 5565 2838 5638 ὑμετέροις
2866 5565 3147 5635 διωγμοῖς.
3178 5564 3445 5620 Τοσοῦτον
3474 5567 3583 5640 γάρ
3607 5569 3719 5624 ἀπ-

2136 5664 2332 5738 έχομεν
2361 5661 2687 5719 ὑποπτεύειν
2719 5661 2882 5732 ὑμᾶς,
2911 5660 2997 5730 ἐφ’
3020 5653 3101 5725 οἷς
3125 5658 3279 5713 αὐτοὶ
3313 5659 3611 5733 πάσχομεν,
3638 5662 3718 5727 ὡς
