  <div class='ocr_page' id='page_1' title='image "/cluster/home/n/w/nwhite01/storage/ocr_20150623/61/hvd.32044054166368/398.png"; bbox 0 0 4138 6220; ppageno 0'>
   <div class='ocr_carea' id='block_1_1' title="bbox 443 399 542 456">
    <p class='ocr_par' dir='ltr' id='par_1_1' title="bbox 443 399 542 456">
     <span class='ocr_line' id='line_1_1' title="bbox 443 399 542 456; baseline 0.02 -2"><span class='ocrx_word' id='word_1_1' title='bbox 443 399 542 456; x_wconf 71' lang='lat'><strong>593</strong></span> 
     </span>
    </p>
   </div>
   <div class='ocr_carea' id='block_1_2' title="bbox 433 508 2018 582">
    <p class='ocr_par' dir='ltr' id='par_1_2' title="bbox 433 508 2018 582">
     <span class='ocr_line' id='line_1_2' title="bbox 433 508 2018 582; baseline -0.004 -8"><span class='ocrx_word' id='word_1_2' title='bbox 433 531 518 574; x_wconf 85' lang='lat' dir='ltr'><strong>cla</strong></span> <span class='ocrx_word' id='word_1_3' title='bbox 535 559 548 581; x_wconf 81' lang='lat'><strong>,</strong></span> <span class='ocrx_word' id='word_1_4' title='bbox 579 516 774 571; x_wconf 89' lang='lat' dir='ltr'><strong>multas</strong></span> <span class='ocrx_word' id='word_1_5' title='bbox 797 515 1052 570; x_wconf 91' lang='lat' dir='ltr'><strong>utilitates</strong></span> <span class='ocrx_word' id='word_1_6' title='bbox 1076 512 1364 579; x_wconf 77' lang='lat' dir='ltr'><strong>all‘crcbat,</strong></span> <span class='ocrx_word' id='word_1_7' title='bbox 1395 508 1521 566; x_wconf 91' lang='lat' dir='ltr'><strong>dum</strong></span> <span class='ocrx_word' id='word_1_8' title='bbox 1552 511 1606 566; x_wconf 93' lang='lat' dir='ltr'><strong>in</strong></span> <span class='ocrx_word' id='word_1_9' title='bbox 1634 512 1738 568; x_wconf 86' lang='lat' dir='ltr'><strong>illis</strong></span> <span class='ocrx_word' id='word_1_10' title='bbox 1761 527 2018 582; x_wconf 83' lang='lat' dir='ltr'><strong>operare-</strong></span> 
     </span>
    </p>
   </div>
   <div class='ocr_carea' id='block_1_3' title="bbox 434 603 2016 678">
    <p class='ocr_par' dir='ltr' id='par_1_3' title="bbox 434 603 2016 678">
     <span class='ocr_line' id='line_1_3' title="bbox 434 603 2016 678; baseline -0.005 -12"><span class='ocrx_word' id='word_1_11' title='bbox 434 622 540 666; x_wconf 89' lang='lat' dir='ltr'><strong>tur.</strong></span> <span class='ocrx_word' id='word_1_12' title='bbox 567 607 636 663; x_wconf 85' lang='lat' dir='ltr'><strong>Et</strong></span> <span class='ocrx_word' id='word_1_13' title='bbox 653 624 769 678; x_wconf 87' lang='lat' dir='ltr'><strong>spes</strong></span> <span class='ocrx_word' id='word_1_14' title='bbox 788 616 961 662; x_wconf 88' lang='lat' dir='ltr'><strong>nostra</strong></span> <span class='ocrx_word' id='word_1_15' title='bbox 981 607 1131 675; x_wconf 70' lang='lat' dir='ltr'><strong>firma</strong></span> <span class='ocrx_word' id='word_1_16' title='bbox 1149 615 1222 659; x_wconf 90' lang='lat' dir='ltr'><strong>est</strong></span> <span class='ocrx_word' id='word_1_17' title='bbox 1244 621 1336 673; x_wconf 84' lang='lat' dir='ltr'><strong>pro</strong></span> <span class='ocrx_word' id='word_1_18' title='bbox 1363 604 1517 658; x_wconf 85' lang='lat' dir='ltr'><strong>vobis.</strong></span> <span class='ocrx_word' id='word_1_19' title='bbox 1543 603 1655 658; x_wconf 90' lang='lat' dir='ltr'><strong>lloc</strong></span> <span class='ocrx_word' id='word_1_20' title='bbox 1678 612 1780 670; x_wconf 85' lang='lat' dir='ltr'><strong>est,</strong></span> <span class='ocrx_word' id='word_1_21' title='bbox 1808 603 2016 658; x_wconf 91' lang='lat' dir='ltr'><strong>etiamsi</strong></span> 
     </span>
    </p>
   </div>
   <div class='ocr_carea' id='block_1_4' title="bbox 433 693 2015 766">
    <p class='ocr_par' dir='ltr' id='par_1_4' title="bbox 433 693 2015 766">
     <span class='ocr_line' id='line_1_4' title="bbox 433 693 2015 766; baseline -0.005 -10"><span class='ocrx_word' id='word_1_22' title='bbox 433 704 742 757; x_wconf 88' lang='lat' dir='ltr'><strong>innumeras</strong></span> <span class='ocrx_word' id='word_1_23' title='bbox 773 712 950 754; x_wconf 89' lang='lat' dir='ltr'><strong>rerum</strong></span> <span class='ocrx_word' id='word_1_24' title='bbox 995 695 1316 752; x_wconf 87' lang='lat' dir='ltr'><strong>acerbitates</strong></span> <span class='ocrx_word' id='word_1_25' title='bbox 1345 694 1718 766; x_wconf 89' lang='lat' dir='ltr'><strong>perpetiamini</strong></span> <span class='ocrx_word' id='word_1_26' title='bbox 1739 735 1756 762; x_wconf 92' lang='lat'><strong>,</strong></span> <span class='ocrx_word' id='word_1_27' title='bbox 1786 693 2015 749; x_wconf 81' lang='lat' dir='ltr'><strong>conlidi-</strong></span> 
     </span>
    </p>
   </div>
   <div class='ocr_carea' id='block_1_5' title="bbox 426 787 2014 860">
    <p class='ocr_par' dir='ltr' id='par_1_5' title="bbox 426 787 2014 860">
     <span class='ocr_line' id='line_1_5' title="bbox 426 787 2014 860; baseline -0.006 -10"><span class='ocrx_word' id='word_1_28' title='bbox 426 810 552 850; x_wconf 89' lang='lat' dir='ltr'><strong>mus</strong></span> <span class='ocrx_word' id='word_1_29' title='bbox 582 803 760 848; x_wconf 90' lang='lat' dir='ltr'><strong>tamen</strong></span> <span class='ocrx_word' id='word_1_30' title='bbox 789 791 934 857; x_wconf 87' lang='lat' dir='ltr'><strong>fore,</strong></span> <span class='ocrx_word' id='word_1_31' title='bbox 968 800 1026 845; x_wconf 93' lang='lat' dir='ltr'><strong>ut</strong></span> <span class='ocrx_word' id='word_1_32' title='bbox 1053 805 1120 845; x_wconf 91' lang='lat' dir='ltr'><strong>ne</strong></span> <span class='ocrx_word' id='word_1_33' title='bbox 1147 789 1217 844; x_wconf 90' lang='lat' dir='ltr'><strong>ob</strong></span> <span class='ocrx_word' id='word_1_34' title='bbox 1244 798 1452 845; x_wconf 88' lang='lat' dir='ltr'><strong>vestras</strong></span> <span class='ocrx_word' id='word_1_35' title='bbox 1478 787 1692 860; x_wconf 87' lang='lat' dir='ltr'><strong>quidem</strong></span> <span class='ocrx_word' id='word_1_36' title='bbox 1722 803 2014 860; x_wconf 89' lang='lat' dir='ltr'><strong>persequu-</strong></span> 
     </span>
    </p>
   </div>
   <div class='ocr_carea' id='block_1_6' title="bbox 427 880 2015 948">
    <p class='ocr_par' dir='ltr' id='par_1_6' title="bbox 427 880 2015 948">
     <span class='ocr_line' id='line_1_6' title="bbox 427 880 2015 948; baseline -0.004 -7"><span class='ocrx_word' id='word_1_37' title='bbox 427 890 602 942; x_wconf 91' lang='lat' dir='ltr'><strong>tiones</strong></span> <span class='ocrx_word' id='word_1_38' title='bbox 647 884 965 940; x_wconf 89' lang='lat' dir='ltr'><strong>concidatis.</strong></span> <span class='ocrx_word' id='word_1_39' title='bbox 1011 883 1236 938; x_wconf 86' lang='lat' dir='ltr'><strong>Tantum</strong></span> <span class='ocrx_word' id='word_1_40' title='bbox 1280 883 1424 938; x_wconf 91' lang='lat' dir='ltr'><strong>enim</strong></span> <span class='ocrx_word' id='word_1_41' title='bbox 1470 882 1656 948; x_wconf 90' lang='lat' dir='ltr'><strong>abest,</strong></span> <span class='ocrx_word' id='word_1_42' title='bbox 1709 889 1765 936; x_wconf 90' lang='lat' dir='ltr'><strong>ut</strong></span> <span class='ocrx_word' id='word_1_43' title='bbox 1812 880 2015 936; x_wconf 85' lang='lat' dir='ltr'><strong>sinistri</strong></span> 
     </span>
    </p>
   </div>
   <div class='ocr_carea' id='block_1_7' title="bbox 426 976 2010 1053">
    <p class='ocr_par' dir='ltr' id='par_1_7' title="bbox 426 976 2010 1053">
     <span class='ocr_line' id='line_1_7' title="bbox 426 976 2010 1053; baseline -0.006 -16"><span class='ocrx_word' id='word_1_44' title='bbox 426 984 710 1053; x_wconf 82' lang='lat' dir='ltr'><strong>quicquam</strong></span> <span class='ocrx_word' id='word_1_45' title='bbox 747 981 814 1036; x_wconf 89' lang='lat' dir='ltr'><strong>de</strong></span> <span class='ocrx_word' id='word_1_46' title='bbox 839 979 992 1034; x_wconf 90' lang='lat' dir='ltr'><strong>vobis</strong></span> <span class='ocrx_word' id='word_1_47' title='bbox 1030 978 1100 1032; x_wconf 90' lang='lat' dir='ltr'><strong>ob</strong></span> <span class='ocrx_word' id='word_1_48' title='bbox 1135 993 1196 1033; x_wconf 87' lang='lat' dir='ltr'><strong>ea</strong></span> <span class='ocrx_word' id='word_1_49' title='bbox 1233 993 1353 1048; x_wconf 65' lang='lat' dir='ltr'><strong>qua:</strong></span> <span class='ocrx_word' id='word_1_50' title='bbox 1391 977 1624 1048; x_wconf 84' lang='lat' dir='ltr'><strong>patimur</strong></span> <span class='ocrx_word' id='word_1_51' title='bbox 1649 976 2010 1045; x_wconf 82' lang='lat' dir='ltr'><strong>suspicemur,</strong></span> 
     </span>
    </p>
   </div>
   <div class='ocr_carea' id='block_1_8' title="bbox 429 1068 2013 1144">
    <p class='ocr_par' dir='ltr' id='par_1_8' title="bbox 429 1068 2013 1144">
     <span class='ocr_line' id='line_1_8' title="bbox 429 1068 2013 1144; baseline -0.004 -17"><span class='ocrx_word' id='word_1_52' title='bbox 429 1085 485 1129; x_wconf 91' lang='lat' dir='ltr'><strong>ut</strong></span> <span class='ocrx_word' id='word_1_53' title='bbox 513 1090 633 1129; x_wconf 91' lang='lat' dir='ltr'><strong>cum</strong></span> <span class='ocrx_word' id='word_1_54' title='bbox 665 1073 766 1144; x_wconf 79' lang='lat' dir='ltr'><strong>ipsi</strong></span> <span class='ocrx_word' id='word_1_55' title='bbox 799 1071 1209 1143; x_wconf 80' lang='lat' dir='ltr'><strong>periclitamini,</strong></span> <span class='ocrx_word' id='word_1_56' title='bbox 1258 1078 1369 1124; x_wconf 90' lang='lat' dir='ltr'><strong>tum</strong></span> <span class='ocrx_word' id='word_1_57' title='bbox 1401 1084 1612 1140; x_wconf 88' lang='lat' dir='ltr'><strong>quoque</strong></span> <span class='ocrx_word' id='word_1_58' title='bbox 1652 1068 1794 1123; x_wconf 90' lang='lat' dir='ltr'><strong>bono</strong></span> <span class='ocrx_word' id='word_1_59' title='bbox 1834 1069 2013 1122; x_wconf 86' lang='lat' dir='ltr'><strong>animo</strong></span> 
     </span>
    </p>
   </div>
   <div class='ocr_carea' id='block_1_9' title="bbox 427 1159 2011 1234">
    <p class='ocr_par' dir='ltr' id='par_1_9' title="bbox 427 1159 2011 1234">
     <span class='ocr_line' id='line_1_9' title="bbox 427 1159 2011 1234; baseline -0.004 -13"><span class='ocrx_word' id='word_1_60' title='bbox 427 1169 612 1221; x_wconf 89' lang='lat' dir='ltr'><strong>simus.</strong></span> <span class='ocrx_word' id='word_1_61' title='bbox 646 1165 810 1220; x_wconf 87' lang='lat' dir='ltr'><strong>Vides</strong></span> <span class='ocrx_word' id='word_1_62' title='bbox 834 1173 1090 1234; x_wconf 89' lang='lat' dir='ltr'><strong>quantum</strong></span> <span class='ocrx_word' id='word_1_63' title='bbox 1117 1163 1192 1218; x_wconf 87' lang='lat' dir='ltr'><strong>illi</strong></span> <span class='ocrx_word' id='word_1_64' title='bbox 1221 1178 1286 1217; x_wconf 78' lang='lat' dir='ltr'><strong>ex</strong></span> <span class='ocrx_word' id='word_1_65' title='bbox 1314 1162 1492 1232; x_wconf 86' lang='lat' dir='ltr'><strong>priore</strong></span> <span class='ocrx_word' id='word_1_66' title='bbox 1517 1159 1740 1230; x_wconf 88' lang='lat' dir='ltr'><strong>epistola</strong></span> <span class='ocrx_word' id='word_1_67' title='bbox 1767 1159 2011 1229; x_wconf 87' lang='lat' dir='ltr'><strong>profece-</strong></span> 
     </span>
    </p>
   </div>
   <div class='ocr_carea' id='block_1_10' title="bbox 429 1254 2013 1326">
    <p class='ocr_par' dir='ltr' id='par_1_10' title="bbox 429 1254 2013 1326">
     <span class='ocr_line' id='line_1_10' title="bbox 429 1254 2013 1326; baseline -0.003 -14"><span class='ocrx_word' id='word_1_68' title='bbox 429 1259 571 1314; x_wconf 87' lang='lat' dir='ltr'><strong>rint?</strong></span> <span class='ocrx_word' id='word_1_69' title='bbox 604 1259 814 1314; x_wconf 86' lang='lat' dir='ltr'><strong>Etenim</strong></span> <span class='ocrx_word' id='word_1_70' title='bbox 850 1257 1020 1311; x_wconf 89' lang='lat' dir='ltr'><strong>multo</strong></span> <span class='ocrx_word' id='word_1_71' title='bbox 1049 1257 1252 1326; x_wconf 84' lang='lat' dir='ltr'><strong>majora</strong></span> <span class='ocrx_word' id='word_1_72' title='bbox 1283 1256 1413 1326; x_wconf 87' lang='lat' dir='ltr'><strong>ipsis</strong></span> <span class='ocrx_word' id='word_1_73' title='bbox 1442 1270 1540 1324; x_wconf 91' lang='lat' dir='ltr'><strong>pro</strong></span> <span class='ocrx_word' id='word_1_74' title='bbox 1578 1254 1887 1310; x_wconf 89' lang='lat' dir='ltr'><strong>testimonio</strong></span> <span class='ocrx_word' id='word_1_75' title='bbox 1917 1254 2013 1308; x_wconf 88' lang='lat' dir='ltr'><strong>tri-</strong></span> 
     </span>
    </p>
   </div>
   <div class='ocr_carea' id='block_1_11' title="bbox 425 1348 2008 1424">
    <p class='ocr_par' dir='ltr' id='par_1_11' title="bbox 425 1348 2008 1424">
     <span class='ocr_line' id='line_1_11' title="bbox 425 1348 2008 1424; baseline -0.003 -18"><span class='ocrx_word' id='word_1_76' title='bbox 425 1351 572 1418; x_wconf 90' lang='lat' dir='ltr'><strong>buit,</strong></span> <span class='ocrx_word' id='word_1_77' title='bbox 601 1367 759 1424; x_wconf 89' lang='lat' dir='ltr'><strong>quam</strong></span> <span class='ocrx_word' id='word_1_78' title='bbox 788 1349 1194 1415; x_wconf 80' lang='lat' dir='ltr'><strong>Macedonibus,</strong></span> <span class='ocrx_word' id='word_1_79' title='bbox 1221 1362 1359 1419; x_wconf 90' lang='lat' dir='ltr'><strong>quos</strong></span> <span class='ocrx_word' id='word_1_80' title='bbox 1380 1356 1556 1404; x_wconf 88' lang='lat' dir='ltr'><strong>tamen</strong></span> <span class='ocrx_word' id='word_1_81' title='bbox 1591 1348 1787 1417; x_wconf 84' lang='lat' dir='ltr'><strong>alioqui</strong></span> <span class='ocrx_word' id='word_1_82' title='bbox 1813 1348 2008 1418; x_wconf 88' lang='lat' dir='ltr'><strong>passim</strong></span> 
     </span>
    </p>
   </div>
   <div class='ocr_carea' id='block_1_12' title="bbox 426 1439 2008 1514">
    <p class='ocr_par' dir='ltr' id='par_1_12' title="bbox 426 1439 2008 1514">
     <span class='ocr_line' id='line_1_12' title="bbox 426 1439 2008 1514; baseline -0.004 -16"><span class='ocrx_word' id='word_1_83' title='bbox 426 1461 522 1514; x_wconf 88' lang='lat' dir='ltr'><strong>per</strong></span> <span class='ocrx_word' id='word_1_84' title='bbox 553 1454 716 1500; x_wconf 90' lang='lat' dir='ltr'><strong>totam</strong></span> <span class='ocrx_word' id='word_1_85' title='bbox 739 1443 1022 1512; x_wconf 74' lang='lat' dir='ltr'><strong>epistolam</strong></span> <span class='ocrx_word' id='word_1_86' title='bbox 1043 1442 1290 1497; x_wconf 78' lang='lat' dir='ltr'><strong>laudibus</strong></span> <span class='ocrx_word' id='word_1_87' title='bbox 1313 1441 1470 1496; x_wconf 91' lang='lat' dir='ltr'><strong>tollit.</strong></span> <span class='ocrx_word' id='word_1_88' title='bbox 1499 1439 1631 1494; x_wconf 86' lang='lat' dir='ltr'><strong>Nam</strong></span> <span class='ocrx_word' id='word_1_89' title='bbox 1657 1439 1866 1494; x_wconf 88' lang='lat' dir='ltr'><strong>illorum</strong></span> <span class='ocrx_word' id='word_1_90' title='bbox 1888 1440 2008 1508; x_wconf 86' lang='lat' dir='ltr'><strong>qui-</strong></span> 
     </span>
    </p>
   </div>
   <div class='ocr_carea' id='block_1_13' title="bbox 423 1529 2003 1602">
    <p class='ocr_par' dir='ltr' id='par_1_13' title="bbox 423 1529 2003 1602">
     <span class='ocr_line' id='line_1_13' title="bbox 423 1529 2003 1602; baseline -0.004 -12"><span class='ocrx_word' id='word_1_91' title='bbox 423 1537 544 1590; x_wconf 91' lang='lat' dir='ltr'><strong>dem</strong></span> <span class='ocrx_word' id='word_1_92' title='bbox 571 1551 728 1590; x_wconf 89' lang='lat' dir='ltr'><strong>causa</strong></span> <span class='ocrx_word' id='word_1_93' title='bbox 757 1537 810 1588; x_wconf 90' lang='lat' dir='ltr'><strong>in</strong></span> <span class='ocrx_word' id='word_1_94' title='bbox 840 1542 984 1588; x_wconf 91' lang='lat' dir='ltr'><strong>metu</strong></span> <span class='ocrx_word' id='word_1_95' title='bbox 1013 1541 1156 1599; x_wconf 87' lang='lat' dir='ltr'><strong>erat,</strong></span> <span class='ocrx_word' id='word_1_96' title='bbox 1187 1541 1346 1602; x_wconf 89' lang='lat' dir='ltr'><strong>atque</strong></span> <span class='ocrx_word' id='word_1_97' title='bbox 1389 1531 1568 1586; x_wconf 88' lang='lat' dir='ltr'><strong>aiebat</strong></span> <span class='ocrx_word' id='word_1_98' title='bbox 1598 1548 1611 1586; x_wconf 91' lang='lat'><strong>:</strong></span> <span class='ocrx_word' id='word_1_99' title='bbox 1648 1529 1883 1585; x_wconf 81' lang='lat' dir='ltr'><strong>Misimus</strong></span> <span class='ocrx_word' id='word_1_100' title='bbox 1914 1547 2003 1584; x_wconf 86' lang='lat' dir='ltr'><strong>vo-</strong></span> 
     </span>
    </p>
   </div>
   <div class='ocr_carea' id='block_1_14' title="bbox 424 1621 2005 1694">
    <p class='ocr_par' dir='ltr' id='par_1_14' title="bbox 424 1621 2005 1694">
     <span class='ocr_line' id='line_1_14' title="bbox 424 1621 2005 1694; baseline -0.004 -13"><span class='ocrx_word' id='word_1_101' title='bbox 424 1630 498 1681; x_wconf 89' lang='lat' dir='ltr'><strong>bis</strong></span> <span class='ocrx_word' id='word_1_102' title='bbox 527 1627 844 1680; x_wconf 78' lang='lat' dir='ltr'><strong>Timotheum</strong></span> <span class='ocrx_word' id='word_1_103' title='bbox 871 1624 941 1677; x_wconf 87' lang='lat' dir='ltr'><strong>ad</strong></span> <span class='ocrx_word' id='word_1_104' title='bbox 965 1623 1339 1694; x_wconf 72' lang='lat' dir='ltr'><strong>confirmandos</strong></span> <span class='ocrx_word' id='word_1_105' title='bbox 1362 1638 1447 1676; x_wconf 79' lang='lat' dir='ltr'><strong>vos</strong></span> <span class='ocrx_word' id='word_1_106' title='bbox 1471 1631 1520 1676; x_wconf 90' lang='lat' dir='ltr'><strong>et</strong></span> <span class='ocrx_word' id='word_1_107' title='bbox 1546 1621 1886 1677; x_wconf 75' lang='lat' dir='ltr'><strong>exhortandos</strong></span> <span class='ocrx_word' id='word_1_108' title='bbox 1914 1638 2005 1691; x_wconf 90' lang='lat' dir='ltr'><strong>pro</strong></span> 
     </span>
    </p>
   </div>
   <div class='ocr_carea' id='block_1_15' title="bbox 421 1714 2003 1789">
    <p class='ocr_par' dir='ltr' id='par_1_15' title="bbox 421 1714 2003 1789">
     <span class='ocr_line' id='line_1_15' title="bbox 421 1714 2003 1789; baseline -0.004 -15"><span class='ocrx_word' id='word_1_109' title='bbox 421 1721 525 1789; x_wconf 77' lang='lat' dir='ltr'><strong>ﬁde</strong></span> <span class='ocrx_word' id='word_1_110' title='bbox 560 1729 750 1783; x_wconf 78' lang='lat' dir='ltr'><strong>vestra,</strong></span> <span class='ocrx_word' id='word_1_111' title='bbox 784 1728 838 1772; x_wconf 91' lang='lat' dir='ltr'><strong>ut</strong></span> <span class='ocrx_word' id='word_1_112' title='bbox 867 1733 1010 1771; x_wconf 88' lang='lat' dir='ltr'><strong>nemo</strong></span> <span class='ocrx_word' id='word_1_113' title='bbox 1041 1725 1301 1771; x_wconf 88' lang='lat' dir='ltr'><strong>moveatur</strong></span> <span class='ocrx_word' id='word_1_114' title='bbox 1338 1717 1392 1769; x_wconf 85' lang='lat' dir='ltr'><strong>in</strong></span> <span class='ocrx_word' id='word_1_115' title='bbox 1425 1714 1828 1769; x_wconf 73' lang='lat' dir='ltr'><strong>tribulationibus</strong></span> <span class='ocrx_word' id='word_1_116' title='bbox 1857 1716 2003 1778; x_wconf 89' lang='lat' dir='ltr'><strong>istis;</strong></span> 
     </span>
    </p>
   </div>
   <div class='ocr_carea' id='block_1_16' title="bbox 419 1807 2000 1883">
    <p class='ocr_par' dir='ltr' id='par_1_16' title="bbox 419 1807 2000 1883">
     <span class='ocr_line' id='line_1_16' title="bbox 419 1807 2000 1883; baseline -0.003 -18"><span class='ocrx_word' id='word_1_117' title='bbox 419 1814 517 1883; x_wconf 85' lang='lat' dir='ltr'><strong>ipsi</strong></span> <span class='ocrx_word' id='word_1_118' title='bbox 543 1814 676 1867; x_wconf 87' lang='lat' dir='ltr'><strong>enim</strong></span> <span class='ocrx_word' id='word_1_119' title='bbox 703 1811 844 1865; x_wconf 82' lang='lat' dir='ltr'><strong>scitis</strong></span> <span class='ocrx_word' id='word_1_120' title='bbox 867 1810 1004 1881; x_wconf 84' lang='lat' dir='ltr'><strong>quod</strong></span> <span class='ocrx_word' id='word_1_121' title='bbox 1034 1809 1086 1863; x_wconf 90' lang='lat' dir='ltr'><strong>in</strong></span> <span class='ocrx_word' id='word_1_122' title='bbox 1114 1809 1208 1863; x_wconf 89' lang='lat' dir='ltr'><strong>hoc</strong></span> <span class='ocrx_word' id='word_1_123' title='bbox 1238 1809 1393 1879; x_wconf 85' lang='lat' dir='ltr'><strong>positi</strong></span> <span class='ocrx_word' id='word_1_124' title='bbox 1417 1825 1590 1863; x_wconf 90' lang='lat' dir='ltr'><strong>sumus</strong></span> <span class='ocrx_word' id='word_1_125' title='bbox 1624 1808 1700 1879; x_wconf 87' lang='lat' dir='ltr'><strong>(l.</strong></span> <span class='ocrx_word' id='word_1_126' title='bbox 1733 1807 1910 1862; x_wconf 81' lang='lat' dir='ltr'><strong>Thess.</strong></span> <span class='ocrx_word' id='word_1_127' title='bbox 1948 1809 2000 1863; x_wconf 83' lang='grc'><strong>5.</strong></span> 
     </span>
    </p>
   </div>
   <div class='ocr_carea' id='block_1_17' title="bbox 417 1900 2000 1974">
    <p class='ocr_par' dir='ltr' id='par_1_17' title="bbox 417 1900 2000 1974">
     <span class='ocr_line' id='line_1_17' title="bbox 417 1900 2000 1974; baseline -0.004 -16"><span class='ocrx_word' id='word_1_128' title='bbox 417 1904 469 1958; x_wconf 70' lang='lat'><strong>2.</strong></span> <span class='ocrx_word' id='word_1_129' title='bbox 498 1905 551 1974; x_wconf 83' lang='lat'><strong>3)</strong></span> <span class='ocrx_word' id='word_1_130' title='bbox 576 1925 588 1956; x_wconf 88' lang='lat'><strong>:</strong></span> <span class='ocrx_word' id='word_1_131' title='bbox 618 1919 682 1958; x_wconf 91' lang='lat' dir='ltr'><strong>ac</strong></span> <span class='ocrx_word' id='word_1_132' title='bbox 704 1917 890 1957; x_wconf 87' lang='lat' dir='ltr'><strong>rursus</strong></span> <span class='ocrx_word' id='word_1_133' title='bbox 915 1919 928 1955; x_wconf 92' lang='lat'>:</span> <span class='ocrx_word' id='word_1_134' title='bbox 959 1900 1242 1971; x_wconf 83' lang='lat' dir='ltr'><strong>Propterea</strong></span> <span class='ocrx_word' id='word_1_135' title='bbox 1271 1911 1318 1955; x_wconf 90' lang='lat' dir='ltr'><strong>et</strong></span> <span class='ocrx_word' id='word_1_136' title='bbox 1346 1917 1436 1971; x_wconf 89' lang='lat' dir='ltr'><strong>ego</strong></span> <span class='ocrx_word' id='word_1_137' title='bbox 1461 1901 1680 1970; x_wconf 79' lang='lat' dir='ltr'><strong>amplius</strong></span> <span class='ocrx_word' id='word_1_138' title='bbox 1715 1916 1816 1953; x_wconf 87' lang='lat' dir='ltr'><strong>non</strong></span> <span class='ocrx_word' id='word_1_139' title='bbox 1845 1901 2000 1953; x_wconf 89' lang='lat' dir='ltr'><strong>susti-</strong></span> 
     </span>
    </p>
   </div>
   <div class='ocr_carea' id='block_1_18' title="bbox 417 1993 2002 2065">
    <p class='ocr_par' dir='ltr' id='par_1_18' title="bbox 417 1993 2002 2065">
     <span class='ocr_line' id='line_1_18' title="bbox 417 1993 2002 2065; baseline -0.003 -16"><span class='ocrx_word' id='word_1_140' title='bbox 417 2015 573 2061; x_wconf 89' lang='lat' dir='ltr'><strong>nens,</strong></span> <span class='ocrx_word' id='word_1_141' title='bbox 617 1997 732 2048; x_wconf 90' lang='lat' dir='ltr'><strong>misi</strong></span> <span class='ocrx_word' id='word_1_142' title='bbox 769 1995 836 2048; x_wconf 85' lang='lat' dir='ltr'><strong>ad</strong></span> <span class='ocrx_word' id='word_1_143' title='bbox 873 1994 1273 2065; x_wconf 85' lang='lat' dir='ltr'><strong>cognoscendam</strong></span> <span class='ocrx_word' id='word_1_144' title='bbox 1300 1993 1453 2061; x_wconf 84' lang='lat' dir='ltr'><strong>[idem</strong></span> <span class='ocrx_word' id='word_1_145' title='bbox 1493 2003 1706 2046; x_wconf 83' lang='lat' dir='ltr'><strong>vestram</strong></span> <span class='ocrx_word' id='word_1_146' title='bbox 1727 2033 1743 2056; x_wconf 92' lang='lat'><strong>,</strong></span> <span class='ocrx_word' id='word_1_147' title='bbox 1773 2007 1835 2046; x_wconf 88' lang='lat' dir='ltr'><strong>ne</strong></span> <span class='ocrx_word' id='word_1_148' title='bbox 1871 1995 2002 2061; x_wconf 81' lang='lat' dir='ltr'><strong>forte</strong></span> 
     </span>
    </p>
   </div>
   <div class='ocr_carea' id='block_1_19' title="bbox 414 2087 2000 2159">
    <p class='ocr_par' dir='ltr' id='par_1_19' title="bbox 414 2087 2000 2159">
     <span class='ocr_line' id='line_1_19' title="bbox 414 2087 2000 2159; baseline -0.003 -17"><span class='ocrx_word' id='word_1_149' title='bbox 414 2089 673 2144; x_wconf 81' lang='lat' dir='ltr'><strong>tentaverit</strong></span> <span class='ocrx_word' id='word_1_150' title='bbox 713 2105 799 2143; x_wconf 78' lang='lat' dir='ltr'><strong>vos</strong></span> <span class='ocrx_word' id='word_1_151' title='bbox 831 2089 874 2142; x_wconf 87' lang='lat' dir='ltr'><strong>is</strong></span> <span class='ocrx_word' id='word_1_152' title='bbox 906 2089 994 2159; x_wconf 89' lang='lat' dir='ltr'><strong>qui</strong></span> <span class='ocrx_word' id='word_1_153' title='bbox 1032 2097 1188 2142; x_wconf 89' lang='lat' dir='ltr'><strong>tentat</strong></span> <span class='ocrx_word' id='word_1_154' title='bbox 1207 2127 1223 2153; x_wconf 94' lang='lat'><strong>,</strong></span> <span class='ocrx_word' id='word_1_155' title='bbox 1263 2097 1310 2140; x_wconf 89' lang='lat' dir='ltr'><strong>et</strong></span> <span class='ocrx_word' id='word_1_156' title='bbox 1337 2088 1504 2141; x_wconf 88' lang='lat' dir='ltr'><strong>inanis</strong></span> <span class='ocrx_word' id='word_1_157' title='bbox 1531 2087 1622 2155; x_wconf 85' lang='lat' dir='ltr'><strong>[iul</strong></span> <span class='ocrx_word' id='word_1_158' title='bbox 1655 2087 1799 2140; x_wconf 91' lang='lat' dir='ltr'><strong>labor</strong></span> <span class='ocrx_word' id='word_1_159' title='bbox 1831 2096 2000 2139; x_wconf 89' lang='lat' dir='ltr'><strong>noster</strong></span> 
     </span>
    </p>
   </div>
   <div class='ocr_carea' id='block_1_20' title="bbox 415 2177 1996 2250">
    <p class='ocr_par' dir='ltr' id='par_1_20' title="bbox 415 2177 1996 2250">
     <span class='ocr_line' id='line_1_20' title="bbox 415 2177 1996 2250; baseline 0 -18"><span class='ocrx_word' id='word_1_160' title='bbox 415 2180 580 2249; x_wconf 83' lang='lat' dir='ltr'><strong>(Ibid.</strong></span> <span class='ocrx_word' id='word_1_161' title='bbox 610 2197 658 2234; x_wconf 80' lang='grc' dir='ltr'><strong>υ.</strong></span> <span class='ocrx_word' id='word_1_162' title='bbox 682 2180 760 2250; x_wconf 88' lang='grc'><strong>5).</strong></span> <span class='ocrx_word' id='word_1_163' title='bbox 790 2181 863 2235; x_wconf 91' lang='lat' dir='ltr'><strong>De</strong></span> <span class='ocrx_word' id='word_1_164' title='bbox 889 2179 971 2234; x_wconf 90' lang='lat' dir='ltr'><strong>his</strong></span> <span class='ocrx_word' id='word_1_165' title='bbox 995 2187 1172 2234; x_wconf 90' lang='lat' dir='ltr'><strong>autem</strong></span> <span class='ocrx_word' id='word_1_166' title='bbox 1209 2180 1281 2232; x_wconf 90' lang='lat' dir='ltr'><strong>nil</strong></span> <span class='ocrx_word' id='word_1_167' title='bbox 1312 2179 1416 2234; x_wconf 90' lang='lat' dir='ltr'><strong>tale</strong></span> <span class='ocrx_word' id='word_1_168' title='bbox 1444 2179 1698 2249; x_wconf 89' lang='lat' dir='ltr'><strong>loquitur,</strong></span> <span class='ocrx_word' id='word_1_169' title='bbox 1721 2177 1814 2232; x_wconf 88' lang='lat' dir='ltr'><strong>sed</strong></span> <span class='ocrx_word' id='word_1_170' title='bbox 1842 2178 1996 2247; x_wconf 88' lang='lat' dir='ltr'><strong>plane</strong></span> 
     </span>
    </p>
   </div>
   <div class='ocr_carea' id='block_1_21' title="bbox 414 2269 1998 2342">
    <p class='ocr_par' dir='ltr' id='par_1_21' title="bbox 414 2269 1998 2342">
     <span class='ocr_line' id='line_1_21' title="bbox 414 2269 1998 2342; baseline -0.001 -16"><span class='ocrx_word' id='word_1_171' title='bbox 414 2283 602 2326; x_wconf 89' lang='lat' dir='ltr'><strong>contra</strong></span> <span class='ocrx_word' id='word_1_172' title='bbox 627 2287 641 2324; x_wconf 89' lang='lat'><strong>:</strong></span> <span class='ocrx_word' id='word_1_173' title='bbox 678 2271 807 2342; x_wconf 84' lang='lat' dir='ltr'><strong>Spes</strong></span> <span class='ocrx_word' id='word_1_174' title='bbox 830 2281 1000 2326; x_wconf 90' lang='lat' dir='ltr'><strong>nostra</strong></span> <span class='ocrx_word' id='word_1_175' title='bbox 1027 2272 1177 2340; x_wconf 80' lang='lat' dir='ltr'><strong>firma</strong></span> <span class='ocrx_word' id='word_1_176' title='bbox 1210 2280 1282 2324; x_wconf 90' lang='lat' dir='ltr'><strong>est</strong></span> <span class='ocrx_word' id='word_1_177' title='bbox 1309 2286 1402 2338; x_wconf 88' lang='lat' dir='ltr'><strong>pro</strong></span> <span class='ocrx_word' id='word_1_178' title='bbox 1435 2270 1591 2324; x_wconf 83' lang='lat' dir='ltr'><strong>vobis.</strong></span> <span class='ocrx_word' id='word_1_179' title='bbox 1620 2270 1738 2324; x_wconf 84' lang='lat' dir='ltr'><strong>Sive</strong></span> <span class='ocrx_word' id='word_1_180' title='bbox 1763 2269 1998 2324; x_wconf 82' lang='lat' dir='ltr'><strong>consola-</strong></span> 
     </span>
    </p>
   </div>
   <div class='ocr_carea' id='block_1_22' title="bbox 414 2359 1994 2434">
    <p class='ocr_par' dir='ltr' id='par_1_22' title="bbox 414 2359 1994 2434">
     <span class='ocr_line' id='line_1_22' title="bbox 414 2359 1994 2434; baseline -0.001 -18"><span class='ocrx_word' id='word_1_181' title='bbox 414 2381 549 2426; x_wconf 88' lang='lat' dir='ltr'><strong>mur,</strong></span> <span class='ocrx_word' id='word_1_182' title='bbox 584 2381 680 2432; x_wconf 88' lang='lat' dir='ltr'><strong>pro</strong></span> <span class='ocrx_word' id='word_1_183' title='bbox 720 2375 880 2418; x_wconf 75' lang='lat' dir='ltr'><strong>vestra</strong></span> <span class='ocrx_word' id='word_1_184' title='bbox 920 2364 1264 2419; x_wconf 82' lang='lat' dir='ltr'><strong>consolatione</strong></span> <span class='ocrx_word' id='word_1_185' title='bbox 1305 2372 1350 2418; x_wconf 88' lang='lat' dir='ltr'><strong>et</strong></span> <span class='ocrx_word' id='word_1_186' title='bbox 1391 2363 1589 2427; x_wconf 87' lang='lat' dir='ltr'><strong>salute;</strong></span> <span class='ocrx_word' id='word_1_187' title='bbox 1629 2365 1838 2418; x_wconf 80' lang='lat' dir='ltr'><strong>scientes</strong></span> <span class='ocrx_word' id='word_1_188' title='bbox 1861 2359 1994 2434; x_wconf 81' lang='lat' dir='ltr'><strong>quod</strong></span> 
     </span>
    </p>
   </div>
   <div class='ocr_carea' id='block_1_23' title="bbox 409 2454 1995 2525">
    <p class='ocr_par' dir='ltr' id='par_1_23' title="bbox 409 2454 1995 2525">
     <span class='ocr_line' id='line_1_23' title="bbox 409 2454 1995 2525; baseline 0.002 -17"><span class='ocrx_word' id='word_1_189' title='bbox 409 2457 539 2508; x_wconf 85' lang='lat' dir='ltr'><strong>sicut</strong></span> <span class='ocrx_word' id='word_1_190' title='bbox 567 2457 686 2510; x_wconf 85' lang='lat' dir='ltr'><strong>estis</strong></span> <span class='ocrx_word' id='word_1_191' title='bbox 713 2455 840 2509; x_wconf 85' lang='lat' dir='ltr'><strong>socii</strong></span> <span class='ocrx_word' id='word_1_192' title='bbox 865 2457 1178 2525; x_wconf 79' lang='lat' dir='ltr'><strong>passionum,</strong></span> <span class='ocrx_word' id='word_1_193' title='bbox 1201 2457 1274 2509; x_wconf 90' lang='lat' dir='ltr'><strong>ita</strong></span> <span class='ocrx_word' id='word_1_194' title='bbox 1293 2455 1435 2509; x_wconf 85' lang='lat' dir='ltr'><strong>eritis</strong></span> <span class='ocrx_word' id='word_1_195' title='bbox 1456 2455 1834 2510; x_wconf 84' lang='lat' dir='ltr'><strong>consolationis.</strong></span> <span class='ocrx_word' id='word_1_196' title='bbox 1859 2454 1995 2511; x_wconf 84' lang='lat' dir='ltr'><strong>Nam</strong></span> 
     </span>
    </p>
   </div>
   <div class='ocr_carea' id='block_1_24' title="bbox 408 2546 1993 2617">
    <p class='ocr_par' dir='ltr' id='par_1_24' title="bbox 408 2546 1993 2617">
     <span class='ocr_line' id='line_1_24' title="bbox 408 2546 1993 2617; baseline 0.002 -18"><span class='ocrx_word' id='word_1_197' title='bbox 408 2548 547 2617; x_wconf 87' lang='lat' dir='ltr'><strong>quod</strong></span> <span class='ocrx_word' id='word_1_198' title='bbox 579 2563 766 2603; x_wconf 90' lang='lat' dir='ltr'><strong>eorum</strong></span> <span class='ocrx_word' id='word_1_199' title='bbox 802 2563 962 2603; x_wconf 89' lang='lat' dir='ltr'><strong>causa</strong></span> <span class='ocrx_word' id='word_1_200' title='bbox 997 2548 1221 2617; x_wconf 85' lang='lat' dir='ltr'><strong>apostoli</strong></span> <span class='ocrx_word' id='word_1_201' title='bbox 1250 2556 1658 2617; x_wconf 87' lang='lat' dir='ltr'><strong>premerentur,</strong></span> <span class='ocrx_word' id='word_1_202' title='bbox 1692 2546 1776 2601; x_wconf 90' lang='lat' dir='ltr'><strong>his</strong></span> <span class='ocrx_word' id='word_1_203' title='bbox 1817 2547 1993 2602; x_wconf 86' lang='lat' dir='ltr'><strong>verbis</strong></span> 
     </span>
    </p>
   </div>
   <div class='ocr_carea' id='block_1_25' title="bbox 408 2639 1992 2708">
    <p class='ocr_par' dir='ltr' id='par_1_25' title="bbox 408 2639 1992 2708">
     <span class='ocr_line' id='line_1_25' title="bbox 408 2639 1992 2708; baseline 0 -16"><span class='ocrx_word' id='word_1_204' title='bbox 408 2639 690 2702; x_wconf 87' lang='lat' dir='ltr'><strong>indicavit,</strong></span> <span class='ocrx_word' id='word_1_205' title='bbox 726 2639 844 2694; x_wconf 88' lang='lat' dir='ltr'><strong>Sive</strong></span> <span class='ocrx_word' id='word_1_206' title='bbox 887 2640 1210 2704; x_wconf 90' lang='lat' dir='ltr'><strong>tribulamur,</strong></span> <span class='ocrx_word' id='word_1_207' title='bbox 1245 2655 1338 2708; x_wconf 88' lang='lat' dir='ltr'><strong>pro</strong></span> <span class='ocrx_word' id='word_1_208' title='bbox 1375 2647 1536 2692; x_wconf 84' lang='lat' dir='ltr'><strong>vestra</strong></span> <span class='ocrx_word' id='word_1_209' title='bbox 1564 2639 1904 2693; x_wconf 82' lang='lat' dir='ltr'><strong>consolatione</strong></span> <span class='ocrx_word' id='word_1_210' title='bbox 1943 2647 1992 2692; x_wconf 88' lang='lat' dir='ltr'><strong>et</strong></span> 
     </span>
    </p>
   </div>
   <div class='ocr_carea' id='block_1_26' title="bbox 403 2729 1990 2799">
    <p class='ocr_par' dir='ltr' id='par_1_26' title="bbox 403 2729 1990 2799">
     <span class='ocr_line' id='line_1_26' title="bbox 403 2729 1990 2799; baseline 0.001 -15"><span class='ocrx_word' id='word_1_211' title='bbox 403 2731 586 2784; x_wconf 87' lang='lat' dir='ltr'><strong>salute.</strong></span> <span class='ocrx_word' id='word_1_212' title='bbox 623 2729 745 2784; x_wconf 80' lang='lat' dir='ltr'><strong>Vult</strong></span> <span class='ocrx_word' id='word_1_213' title='bbox 770 2731 894 2784; x_wconf 86' lang='lat' dir='ltr'><strong>item</strong></span> <span class='ocrx_word' id='word_1_214' title='bbox 918 2729 1226 2793; x_wconf 82' lang='lat' dir='ltr'><strong>ostendere,</strong></span> <span class='ocrx_word' id='word_1_215' title='bbox 1257 2729 1396 2799; x_wconf 89' lang='lat' dir='ltr'><strong>quod</strong></span> <span class='ocrx_word' id='word_1_216' title='bbox 1426 2743 1614 2783; x_wconf 89' lang='lat' dir='ltr'><strong>eorum</strong></span> <span class='ocrx_word' id='word_1_217' title='bbox 1643 2730 1802 2783; x_wconf 87' lang='lat' dir='ltr'><strong>etiam</strong></span> <span class='ocrx_word' id='word_1_218' title='bbox 1829 2744 1990 2785; x_wconf 82' lang='lat' dir='ltr'><strong>causa</strong></span> 
     </span>
    </p>
   </div>
   <div class='ocr_carea' id='block_1_27' title="bbox 402 2821 1988 2891">
    <p class='ocr_par' dir='ltr' id='par_1_27' title="bbox 402 2821 1988 2891">
     <span class='ocr_line' id='line_1_27' title="bbox 402 2821 1988 2891; baseline 0.002 -16"><span class='ocrx_word' id='word_1_219' title='bbox 402 2823 770 2877; x_wconf 87' lang='lat' dir='ltr'><strong>consolatione</strong></span> <span class='ocrx_word' id='word_1_220' title='bbox 797 2821 1158 2877; x_wconf 88' lang='lat' dir='ltr'><strong>afﬁcerentur.</strong></span> <span class='ocrx_word' id='word_1_221' title='bbox 1183 2823 1356 2891; x_wconf 80' lang='lat' dir='ltr'><strong>Atque</strong></span> <span class='ocrx_word' id='word_1_222' title='bbox 1379 2822 1480 2876; x_wconf 86' lang='lat' dir='ltr'><strong>ltoc</strong></span> <span class='ocrx_word' id='word_1_223' title='bbox 1501 2821 1715 2891; x_wconf 90' lang='lat' dir='ltr'><strong>quidem</strong></span> <span class='ocrx_word' id='word_1_224' title='bbox 1742 2823 1988 2891; x_wconf 85' lang='lat' dir='ltr'><strong>superius</strong></span> 
     </span>
    </p>
   </div>
   <div class='ocr_carea' id='block_1_28' title="bbox 401 2910 1984 2982">
    <p class='ocr_par' dir='ltr' id='par_1_28' title="bbox 401 2910 1984 2982">
     <span class='ocr_line' id='line_1_28' title="bbox 401 2910 1984 2982; baseline -0.001 -16"><span class='ocrx_word' id='word_1_225' title='bbox 401 2927 617 2982; x_wconf 89' lang='lat' dir='ltr'><strong>quoque</strong></span> <span class='ocrx_word' id='word_1_226' title='bbox 645 2912 816 2978; x_wconf 82' lang='lat' dir='ltr'><strong>dixit,</strong></span> <span class='ocrx_word' id='word_1_227' title='bbox 861 2913 1074 2968; x_wconf 85' lang='lat' dir='ltr'><strong>tametsi</strong></span> <span class='ocrx_word' id='word_1_228' title='bbox 1120 2912 1395 2967; x_wconf 91' lang='lat' dir='ltr'><strong>indeﬁnite</strong></span> <span class='ocrx_word' id='word_1_229' title='bbox 1425 2928 1438 2964; x_wconf 91' lang='lat'><strong>:</strong></span> <span class='ocrx_word' id='word_1_230' title='bbox 1471 2910 1770 2966; x_wconf 81' lang='lat' dir='ltr'><strong>Benedictus</strong></span> <span class='ocrx_word' id='word_1_231' title='bbox 1805 2913 1946 2967; x_wconf 89' lang='lat' dir='ltr'><strong>enim</strong></span> <span class='ocrx_word' id='word_1_232' title='bbox 1967 2950 1984 2977; x_wconf 93' lang='lat'><strong>,</strong></span> 
     </span>
    </p>
   </div>
   <div class='ocr_carea' id='block_1_29' title="bbox 402 3001 1986 3072">
    <p class='ocr_par' dir='ltr' id='par_1_29' title="bbox 402 3001 1986 3072">
     <span class='ocr_line' id='line_1_29' title="bbox 402 3001 1986 3072; baseline 0.001 -17"><span class='ocrx_word' id='word_1_233' title='bbox 402 3003 594 3071; x_wconf 88' lang='lat' dir='ltr'><strong>inquit,</strong></span> <span class='ocrx_word' id='word_1_234' title='bbox 624 3001 765 3056; x_wconf 83' lang='lat' dir='ltr'><strong>Deus</strong></span> <span class='ocrx_word' id='word_1_235' title='bbox 791 3004 876 3072; x_wconf 88' lang='lat' dir='ltr'><strong>qui</strong></span> <span class='ocrx_word' id='word_1_236' title='bbox 906 3004 1198 3056; x_wconf 82' lang='lat' dir='ltr'><strong>consolatur</strong></span> <span class='ocrx_word' id='word_1_237' title='bbox 1219 3019 1310 3056; x_wconf 87' lang='lat' dir='ltr'><strong>nos</strong></span> <span class='ocrx_word' id='word_1_238' title='bbox 1330 3003 1380 3055; x_wconf 90' lang='lat' dir='ltr'><strong>in</strong></span> <span class='ocrx_word' id='word_1_239' title='bbox 1403 3003 1540 3055; x_wconf 88' lang='lat' dir='ltr'><strong>onmi</strong></span> <span class='ocrx_word' id='word_1_240' title='bbox 1559 3002 1898 3068; x_wconf 78' lang='lat' dir='ltr'><strong>tribulatione,</strong></span> <span class='ocrx_word' id='word_1_241' title='bbox 1931 3013 1986 3056; x_wconf 89' lang='lat' dir='ltr'><strong>ut</strong></span> 
     </span>
    </p>
   </div>
   <div class='ocr_carea' id='block_1_30' title="bbox 399 3095 1986 3167">
    <p class='ocr_par' dir='ltr' id='par_1_30' title="bbox 399 3095 1986 3167">
     <span class='ocr_line' id='line_1_30' title="bbox 399 3095 1986 3167; baseline 0 -17"><span class='ocrx_word' id='word_1_242' title='bbox 399 3097 651 3166; x_wconf 83' lang='lat' dir='ltr'><strong>possimus</strong></span> <span class='ocrx_word' id='word_1_243' title='bbox 686 3107 732 3150; x_wconf 90' lang='lat' dir='ltr'><strong>et</strong></span> <span class='ocrx_word' id='word_1_244' title='bbox 768 3097 870 3167; x_wconf 91' lang='lat' dir='ltr'><strong>ipsi</strong></span> <span class='ocrx_word' id='word_1_245' title='bbox 904 3096 1159 3150; x_wconf 85' lang='lat' dir='ltr'><strong>consolari</strong></span> <span class='ocrx_word' id='word_1_246' title='bbox 1198 3111 1312 3160; x_wconf 86' lang='lat' dir='ltr'><strong>eos,</strong></span> <span class='ocrx_word' id='word_1_247' title='bbox 1361 3095 1449 3165; x_wconf 86' lang='lat' dir='ltr'><strong>qui</strong></span> <span class='ocrx_word' id='word_1_248' title='bbox 1476 3096 1528 3148; x_wconf 91' lang='lat' dir='ltr'><strong>in</strong></span> <span class='ocrx_word' id='word_1_249' title='bbox 1571 3097 1709 3149; x_wconf 89' lang='lat' dir='ltr'><strong>omni</strong></span> <span class='ocrx_word' id='word_1_250' title='bbox 1749 3112 1986 3166; x_wconf 85' lang='lat' dir='ltr'><strong>pressura</strong></span> 
     </span>
    </p>
   </div>
   <div class='ocr_carea' id='block_1_31' title="bbox 398 3185 1985 3256">
    <p class='ocr_par' dir='ltr' id='par_1_31' title="bbox 398 3185 1985 3256">
     <span class='ocr_line' id='line_1_31' title="bbox 398 3185 1985 3256; baseline 0.001 -16"><span class='ocrx_word' id='word_1_251' title='bbox 398 3197 534 3240; x_wconf 86' lang='lat' dir='ltr'><strong>sunt.</strong></span> <span class='ocrx_word' id='word_1_252' title='bbox 561 3187 650 3240; x_wconf 80' lang='lat' dir='ltr'><strong>Ait</strong></span> <span class='ocrx_word' id='word_1_253' title='bbox 671 3201 855 3240; x_wconf 87' lang='lat' dir='ltr'><strong>rursus</strong></span> <span class='ocrx_word' id='word_1_254' title='bbox 879 3187 1018 3241; x_wconf 90' lang='lat' dir='ltr'><strong>idem</strong></span> <span class='ocrx_word' id='word_1_255' title='bbox 1047 3185 1148 3241; x_wconf 90' lang='lat' dir='ltr'><strong>hoc</strong></span> <span class='ocrx_word' id='word_1_256' title='bbox 1168 3201 1379 3256; x_wconf 90' lang='lat' dir='ltr'><strong>quoque</strong></span> <span class='ocrx_word' id='word_1_257' title='bbox 1407 3185 1526 3241; x_wconf 88' lang='lat' dir='ltr'><strong>loco</strong></span> <span class='ocrx_word' id='word_1_258' title='bbox 1546 3186 1802 3255; x_wconf 87' lang='lat' dir='ltr'><strong>apertius,</strong></span> <span class='ocrx_word' id='word_1_259' title='bbox 1825 3195 1985 3256; x_wconf 84' lang='lat' dir='ltr'><strong>atque</strong></span> 
     </span>
    </p>
   </div>
   <div class='ocr_carea' id='block_1_32' title="bbox 396 3279 1983 3335">
    <p class='ocr_par' dir='ltr' id='par_1_32' title="bbox 396 3279 1983 3335">
     <span class='ocr_line' id='line_1_32' title="bbox 396 3279 1983 3335; baseline 0 -3"><span class='ocrx_word' id='word_1_260' title='bbox 396 3279 463 3332; x_wconf 92' lang='lat' dir='ltr'><strong>ad</strong></span> <span class='ocrx_word' id='word_1_261' title='bbox 489 3295 675 3334; x_wconf 88' lang='lat' dir='ltr'><strong>eorum</strong></span> <span class='ocrx_word' id='word_1_262' title='bbox 696 3280 904 3335; x_wconf 89' lang='lat' dir='ltr'><strong>animos</strong></span> <span class='ocrx_word' id='word_1_263' title='bbox 925 3279 1192 3335; x_wconf 89' lang='lat' dir='ltr'><strong>curandos</strong></span> <span class='ocrx_word' id='word_1_264' title='bbox 1217 3280 1485 3335; x_wconf 84' lang='lat' dir='ltr'><strong>efﬁcacius</strong></span> <span class='ocrx_word' id='word_1_265' title='bbox 1511 3297 1524 3332; x_wconf 90' lang='lat'><strong>:</strong></span> <span class='ocrx_word' id='word_1_266' title='bbox 1555 3280 1675 3334; x_wconf 83' lang='lat' dir='ltr'><strong>Sive</strong></span> <span class='ocrx_word' id='word_1_267' title='bbox 1695 3280 1836 3335; x_wconf 89' lang='lat' dir='ltr'><strong>enim</strong></span> <span class='ocrx_word' id='word_1_268' title='bbox 1862 3295 1983 3333; x_wconf 87' lang='lat' dir='ltr'><strong>con-</strong></span> 
     </span>
    </p>
   </div>
   <div class='ocr_carea' id='block_1_33' title="bbox 397 3370 1982 3441">
    <p class='ocr_par' dir='ltr' id='par_1_33' title="bbox 397 3370 1982 3441">
     <span class='ocr_line' id='line_1_33' title="bbox 397 3370 1982 3441; baseline 0.001 -17"><span class='ocrx_word' id='word_1_269' title='bbox 397 3373 640 3429; x_wconf 87' lang='lat' dir='ltr'><strong>solamur.</strong></span> <span class='ocrx_word' id='word_1_270' title='bbox 674 3371 872 3441; x_wconf 89' lang='lat' dir='ltr'><strong>inquit,</strong></span> <span class='ocrx_word' id='word_1_271' title='bbox 905 3388 997 3441; x_wconf 88' lang='lat' dir='ltr'><strong>pro</strong></span> <span class='ocrx_word' id='word_1_272' title='bbox 1017 3380 1180 3426; x_wconf 82' lang='lat' dir='ltr'><strong>vestra</strong></span> <span class='ocrx_word' id='word_1_273' title='bbox 1207 3371 1571 3426; x_wconf 84' lang='lat' dir='ltr'><strong>consolatione.</strong></span> <span class='ocrx_word' id='word_1_274' title='bbox 1599 3370 1835 3439; x_wconf 87' lang='lat' dir='ltr'><strong>Quorum</strong></span> <span class='ocrx_word' id='word_1_275' title='bbox 1862 3387 1982 3426; x_wconf 89' lang='lat' dir='ltr'><strong>ver-</strong></span> 
     </span>
    </p>
   </div>
   <div class='ocr_carea' id='block_1_34' title="bbox 398 3461 1981 3529">
    <p class='ocr_par' dir='ltr' id='par_1_34' title="bbox 398 3461 1981 3529">
     <span class='ocr_line' id='line_1_34' title="bbox 398 3461 1981 3529; baseline 0.002 -14"><span class='ocrx_word' id='word_1_276' title='bbox 398 3463 587 3516; x_wconf 86' lang='lat' dir='ltr'><strong>borum</strong></span> <span class='ocrx_word' id='word_1_277' title='bbox 621 3463 705 3516; x_wconf 86' lang='lat' dir='ltr'><strong>hic</strong></span> <span class='ocrx_word' id='word_1_278' title='bbox 732 3477 924 3518; x_wconf 89' lang='lat' dir='ltr'><strong>sensus</strong></span> <span class='ocrx_word' id='word_1_279' title='bbox 957 3474 1077 3518; x_wconf 90' lang='lat' dir='ltr'><strong>est:</strong></span> <span class='ocrx_word' id='word_1_280' title='bbox 1105 3462 1415 3518; x_wconf 86' lang='lat' dir='ltr'><strong>Consolatio</strong></span> <span class='ocrx_word' id='word_1_281' title='bbox 1445 3472 1656 3529; x_wconf 90' lang='lat' dir='ltr'><strong>nostra,</strong></span> <span class='ocrx_word' id='word_1_282' title='bbox 1686 3461 1981 3518; x_wconf 88' lang='lat' dir='ltr'><strong>consolatio</strong></span> 
     </span>
    </p>
   </div>
   <div class='ocr_carea' id='block_1_35' title="bbox 397 3553 1981 3619">
    <p class='ocr_par' dir='ltr' id='par_1_35' title="bbox 397 3553 1981 3619">
     <span class='ocr_line' id='line_1_35' title="bbox 397 3553 1981 3619; baseline 0.002 -15"><span class='ocrx_word' id='word_1_283' title='bbox 397 3561 572 3608; x_wconf 84' lang='lat' dir='ltr'><strong>vestra</strong></span> <span class='ocrx_word' id='word_1_284' title='bbox 598 3555 830 3619; x_wconf 77' lang='lat' dir='ltr'><strong>exsistit,</strong></span> <span class='ocrx_word' id='word_1_285' title='bbox 863 3554 1074 3609; x_wconf 88' lang='lat' dir='ltr'><strong>etiamsi</strong></span> <span class='ocrx_word' id='word_1_286' title='bbox 1098 3569 1191 3609; x_wconf 88' lang='lat' dir='ltr'><strong>vos</strong></span> <span class='ocrx_word' id='word_1_287' title='bbox 1215 3555 1434 3608; x_wconf 89' lang='lat' dir='ltr'><strong>minime</strong></span> <span class='ocrx_word' id='word_1_288' title='bbox 1463 3568 1714 3609; x_wconf 86' lang='lat' dir='ltr'><strong>sermone</strong></span> <span class='ocrx_word' id='word_1_289' title='bbox 1738 3553 1981 3608; x_wconf 89' lang='lat' dir='ltr'><strong>console-</strong></span> 
     </span>
    </p>
   </div>
   <div class='ocr_carea' id='block_1_36' title="bbox 394 3644 1977 3716">
    <p class='ocr_par' dir='ltr' id='par_1_36' title="bbox 394 3644 1977 3716">
     <span class='ocr_line' id='line_1_36' title="bbox 394 3644 1977 3716; baseline 0 -16"><span class='ocrx_word' id='word_1_290' title='bbox 394 3663 533 3702; x_wconf 89' lang='lat' dir='ltr'><strong>mur.</strong></span> <span class='ocrx_word' id='word_1_291' title='bbox 581 3645 713 3700; x_wconf 85' lang='lat' dir='ltr'><strong>Nam</strong></span> <span class='ocrx_word' id='word_1_292' title='bbox 757 3647 801 3701; x_wconf 91' lang='lat' dir='ltr'><strong>si</strong></span> <span class='ocrx_word' id='word_1_293' title='bbox 838 3646 1052 3716; x_wconf 90' lang='lat' dir='ltr'><strong>paulum</strong></span> <span class='ocrx_word' id='word_1_294' title='bbox 1091 3646 1191 3716; x_wconf 90' lang='lat' dir='ltr'><strong>ipsi</strong></span> <span class='ocrx_word' id='word_1_295' title='bbox 1232 3646 1592 3715; x_wconf 84' lang='lat' dir='ltr'><strong>reSpiremus,</strong></span> <span class='ocrx_word' id='word_1_296' title='bbox 1639 3645 1692 3700; x_wconf 90' lang='lat' dir='ltr'><strong>id</strong></span> <span class='ocrx_word' id='word_1_297' title='bbox 1732 3644 1882 3700; x_wconf 80' lang='lat' dir='ltr'><strong>vobis</strong></span> <span class='ocrx_word' id='word_1_298' title='bbox 1911 3644 1977 3700; x_wconf 89' lang='lat' dir='ltr'><strong>ad</strong></span> 
     </span>
    </p>
   </div>
   <div class='ocr_carea' id='block_1_37' title="bbox 392 3737 1974 3804">
    <p class='ocr_par' dir='ltr' id='par_1_37' title="bbox 392 3737 1974 3804">
     <span class='ocr_line' id='line_1_37' title="bbox 392 3737 1974 3804; baseline 0 -14"><span class='ocrx_word' id='word_1_299' title='bbox 392 3738 813 3793; x_wconf 85' lang='lat' dir='ltr'><strong>consolationem</strong></span> <span class='ocrx_word' id='word_1_300' title='bbox 843 3739 974 3792; x_wconf 90' lang='lat' dir='ltr'><strong>satis</strong></span> <span class='ocrx_word' id='word_1_301' title='bbox 1001 3746 1120 3801; x_wconf 90' lang='lat' dir='ltr'><strong>est;</strong></span> <span class='ocrx_word' id='word_1_302' title='bbox 1149 3751 1214 3792; x_wconf 90' lang='lat' dir='ltr'><strong>ac</strong></span> <span class='ocrx_word' id='word_1_303' title='bbox 1239 3737 1286 3792; x_wconf 88' lang='lat' dir='ltr'><strong>si</strong></span> <span class='ocrx_word' id='word_1_304' title='bbox 1315 3752 1414 3792; x_wconf 90' lang='lat' dir='ltr'><strong>nos</strong></span> <span class='ocrx_word' id='word_1_305' title='bbox 1442 3737 1635 3791; x_wconf 87' lang='lat' dir='ltr'><strong>solatio</strong></span> <span class='ocrx_word' id='word_1_306' title='bbox 1656 3737 1974 3804; x_wconf 74' lang='lat' dir='ltr'><strong>efﬁciamur,</strong></span> 
     </span>
    </p>
   </div>
   <div class='ocr_carea' id='block_1_38' title="bbox 393 3827 1974 3894">
    <p class='ocr_par' dir='ltr' id='par_1_38' title="bbox 393 3827 1974 3894">
     <span class='ocr_line' id='line_1_38' title="bbox 393 3827 1974 3894; baseline 0 -12"><span class='ocrx_word' id='word_1_307' title='bbox 393 3828 445 3882; x_wconf 91' lang='lat' dir='ltr'><strong>in</strong></span> <span class='ocrx_word' id='word_1_308' title='bbox 477 3829 898 3884; x_wconf 81' lang='lat' dir='ltr'><strong>consolationem</strong></span> <span class='ocrx_word' id='word_1_309' title='bbox 926 3839 1157 3884; x_wconf 84' lang='lat' dir='ltr'><strong>vestram</strong></span> <span class='ocrx_word' id='word_1_310' title='bbox 1186 3829 1288 3885; x_wconf 81' lang='lat' dir='ltr'><strong>hoc</strong></span> <span class='ocrx_word' id='word_1_311' title='bbox 1327 3827 1488 3883; x_wconf 81' lang='lat' dir='ltr'><strong>cedit.</strong></span> <span class='ocrx_word' id='word_1_312' title='bbox 1517 3827 1974 3894; x_wconf 82' lang='lat' dir='ltr'><strong>Quemadmodum</strong></span> 
     </span>
    </p>
   </div>
   <div class='ocr_carea' id='block_1_39' title="bbox 391 3919 1975 3977">
    <p class='ocr_par' dir='ltr' id='par_1_39' title="bbox 391 3919 1975 3977">
     <span class='ocr_line' id='line_1_39' title="bbox 391 3919 1975 3977; baseline 0.001 -4"><span class='ocrx_word' id='word_1_313' title='bbox 391 3921 536 3975; x_wconf 87' lang='lat' dir='ltr'><strong>enim</strong></span> <span class='ocrx_word' id='word_1_314' title='bbox 582 3921 916 3976; x_wconf 87' lang='lat' dir='ltr'><strong>calamitates</strong></span> <span class='ocrx_word' id='word_1_315' title='bbox 954 3931 1166 3976; x_wconf 87' lang='lat' dir='ltr'><strong>nostras</strong></span> <span class='ocrx_word' id='word_1_316' title='bbox 1217 3930 1420 3977; x_wconf 87' lang='lat' dir='ltr'><strong>vestras</strong></span> <span class='ocrx_word' id='word_1_317' title='bbox 1468 3935 1588 3976; x_wconf 85' lang='lat' dir='ltr'><strong>esse</strong></span> <span class='ocrx_word' id='word_1_318' title='bbox 1631 3919 1866 3976; x_wconf 91' lang='lat' dir='ltr'><strong>ducitis:</strong></span> <span class='ocrx_word' id='word_1_319' title='bbox 1897 3919 1975 3974; x_wconf 87' lang='lat' dir='ltr'><strong>sic</strong></span> 
     </span>
    </p>
   </div>
   <div class='ocr_carea' id='block_1_40' title="bbox 390 4013 1970 4070">
    <p class='ocr_par' dir='ltr' id='par_1_40' title="bbox 390 4013 1970 4070">
     <span class='ocr_line' id='line_1_40' title="bbox 390 4013 1970 4070; baseline 0.001 -4"><span class='ocrx_word' id='word_1_320' title='bbox 390 4015 552 4068; x_wconf 70' lang='lat' dir='ltr'><strong>etiam</strong></span> <span class='ocrx_word' id='word_1_321' title='bbox 587 4025 822 4070; x_wconf 89' lang='lat' dir='ltr'><strong>nostram</strong></span> <span class='ocrx_word' id='word_1_322' title='bbox 853 4014 1272 4070; x_wconf 89' lang='lat' dir='ltr'><strong>consolationem</strong></span> <span class='ocrx_word' id='word_1_323' title='bbox 1301 4023 1532 4070; x_wconf 85' lang='lat' dir='ltr'><strong>vestram</strong></span> <span class='ocrx_word' id='word_1_324' title='bbox 1569 4029 1691 4070; x_wconf 90' lang='lat' dir='ltr'><strong>esse</strong></span> <span class='ocrx_word' id='word_1_325' title='bbox 1719 4013 1970 4069; x_wconf 88' lang='lat' dir='ltr'><strong>censetis.</strong></span> 
     </span>
    </p>
   </div>
   <div class='ocr_carea' id='block_1_41' title="bbox 386 4104 1974 4175">
    <p class='ocr_par' dir='ltr' id='par_1_41' title="bbox 386 4104 1974 4175">
     <span class='ocr_line' id='line_1_41' title="bbox 386 4104 1974 4175; baseline -0.001 -14"><span class='ocrx_word' id='word_1_326' title='bbox 386 4105 575 4175; x_wconf 78' lang='lat' dir='ltr'><strong>Neque</strong></span> <span class='ocrx_word' id='word_1_327' title='bbox 614 4108 751 4160; x_wconf 89' lang='lat' dir='ltr'><strong>enim</strong></span> <span class='ocrx_word' id='word_1_328' title='bbox 778 4117 960 4174; x_wconf 89' lang='lat' dir='ltr'><strong>certe,</strong></span> <span class='ocrx_word' id='word_1_329' title='bbox 988 4121 1108 4162; x_wconf 91' lang='lat' dir='ltr'><strong>cum</strong></span> <span class='ocrx_word' id='word_1_330' title='bbox 1140 4106 1193 4160; x_wconf 90' lang='lat' dir='ltr'><strong>in</strong></span> <span class='ocrx_word' id='word_1_331' title='bbox 1223 4105 1463 4162; x_wconf 83' lang='lat' dir='ltr'><strong>adversis</strong></span> <span class='ocrx_word' id='word_1_332' title='bbox 1490 4105 1650 4161; x_wconf 85' lang='lat' dir='ltr'><strong>rebus</strong></span> <span class='ocrx_word' id='word_1_333' title='bbox 1682 4104 1812 4161; x_wconf 91' lang='lat' dir='ltr'><strong>socii</strong></span> <span class='ocrx_word' id='word_1_334' title='bbox 1842 4104 1974 4160; x_wconf 88' lang='lat' dir='ltr'><strong>mibi</strong></span> 
     </span>
    </p>
   </div>
   <div class='ocr_carea' id='block_1_42' title="bbox 386 4195 1972 4264">
    <p class='ocr_par' dir='ltr' id='par_1_42' title="bbox 386 4195 1972 4264">
     <span class='ocr_line' id='line_1_42' title="bbox 386 4195 1972 4264; baseline -0.001 -12"><span class='ocrx_word' id='word_1_335' title='bbox 386 4199 510 4252; x_wconf 88' lang='lat' dir='ltr'><strong>sitis</strong></span> <span class='ocrx_word' id='word_1_336' title='bbox 533 4237 548 4262; x_wconf 92' lang='lat'><strong>,</strong></span> <span class='ocrx_word' id='word_1_337' title='bbox 580 4198 630 4250; x_wconf 89' lang='lat' dir='ltr'><strong>in</strong></span> <span class='ocrx_word' id='word_1_338' title='bbox 657 4198 788 4254; x_wconf 73' lang='lat' dir='ltr'><strong>lanis</strong></span> <span class='ocrx_word' id='word_1_339' title='bbox 817 4199 942 4254; x_wconf 92' lang='lat' dir='ltr'><strong>item</strong></span> <span class='ocrx_word' id='word_1_340' title='bbox 971 4213 1036 4253; x_wconf 90' lang='lat' dir='ltr'><strong>ac</strong></span> <span class='ocrx_word' id='word_1_341' title='bbox 1058 4197 1312 4254; x_wconf 88' lang='lat' dir='ltr'><strong>secundis</strong></span> <span class='ocrx_word' id='word_1_342' title='bbox 1339 4198 1471 4253; x_wconf 90' lang='lat' dir='ltr'><strong>socii</strong></span> <span class='ocrx_word' id='word_1_343' title='bbox 1492 4212 1599 4253; x_wconf 90' lang='lat' dir='ltr'><strong>non</strong></span> <span class='ocrx_word' id='word_1_344' title='bbox 1623 4197 1794 4253; x_wconf 89' lang='lat' dir='ltr'><strong>eritis.</strong></span> <span class='ocrx_word' id='word_1_345' title='bbox 1826 4195 1972 4264; x_wconf 85' lang='lat' dir='ltr'><strong>Quo-</strong></span> 
     </span>
    </p>
   </div>
   <div class='ocr_carea' id='block_1_43' title="bbox 385 4288 1970 4353">
    <p class='ocr_par' dir='ltr' id='par_1_43' title="bbox 385 4288 1970 4353">
     <span class='ocr_line' id='line_1_43' title="bbox 385 4288 1970 4353; baseline -0.001 -10"><span class='ocrx_word' id='word_1_346' title='bbox 385 4293 532 4343; x_wconf 83' lang='lat' dir='ltr'><strong>circa</strong></span> <span class='ocrx_word' id='word_1_347' title='bbox 562 4305 680 4343; x_wconf 87' lang='lat' dir='ltr'><strong>cum</strong></span> <span class='ocrx_word' id='word_1_348' title='bbox 707 4292 757 4344; x_wconf 92' lang='lat' dir='ltr'><strong>in</strong></span> <span class='ocrx_word' id='word_1_349' title='bbox 779 4290 1027 4345; x_wconf 89' lang='lat' dir='ltr'><strong>omnibus</strong></span> <span class='ocrx_word' id='word_1_350' title='bbox 1056 4291 1218 4345; x_wconf 87' lang='lat' dir='ltr'><strong>rebus</strong></span> <span class='ocrx_word' id='word_1_351' title='bbox 1247 4289 1422 4344; x_wconf 86' lang='lat' dir='ltr'><strong>socios</strong></span> <span class='ocrx_word' id='word_1_352' title='bbox 1450 4304 1544 4342; x_wconf 90' lang='lat' dir='ltr'><strong>vos</strong></span> <span class='ocrx_word' id='word_1_353' title='bbox 1573 4288 1820 4353; x_wconf 84' lang='lat' dir='ltr'><strong>habeam,</strong></span> <span class='ocrx_word' id='word_1_354' title='bbox 1842 4288 1970 4342; x_wconf 88' lang='lat' dir='ltr'><strong>etin</strong></span> 
     </span>
    </p>
   </div>
   <div class='ocr_carea' id='block_1_44' title="bbox 389 4382 1966 4452">
    <p class='ocr_par' dir='ltr' id='par_1_44' title="bbox 389 4382 1966 4452">
     <span class='ocr_line' id='line_1_44' title="bbox 389 4382 1966 4452; baseline 0.001 -18"><span class='ocrx_word' id='word_1_355' title='bbox 389 4382 732 4438; x_wconf 85' lang='lat' dir='ltr'><strong>tribulatione</strong></span> <span class='ocrx_word' id='word_1_356' title='bbox 759 4394 812 4439; x_wconf 90' lang='lat' dir='ltr'><strong>et</strong></span> <span class='ocrx_word' id='word_1_357' title='bbox 839 4385 888 4438; x_wconf 91' lang='lat' dir='ltr'><strong>in</strong></span> <span class='ocrx_word' id='word_1_358' title='bbox 911 4385 1302 4450; x_wconf 87' lang='lat' dir='ltr'><strong>consolatione,</strong></span> <span class='ocrx_word' id='word_1_359' title='bbox 1332 4399 1437 4438; x_wconf 92' lang='lat' dir='ltr'><strong>non</strong></span> <span class='ocrx_word' id='word_1_360' title='bbox 1467 4391 1551 4438; x_wconf 90' lang='lat' dir='ltr'><strong>est</strong></span> <span class='ocrx_word' id='word_1_361' title='bbox 1577 4382 1720 4452; x_wconf 89' lang='lat' dir='ltr'><strong>quod</strong></span> <span class='ocrx_word' id='word_1_362' title='bbox 1749 4397 1835 4438; x_wconf 91' lang='lat' dir='ltr'><strong>me</strong></span> <span class='ocrx_word' id='word_1_363' title='bbox 1866 4383 1966 4436; x_wconf 80' lang='lat' dir='ltr'><strong>ltu-</strong></span> 
     </span>
    </p>
   </div>
   <div class='ocr_carea' id='block_1_45' title="bbox 381 4475 1971 4544">
    <p class='ocr_par' dir='ltr' id='par_1_45' title="bbox 381 4475 1971 4544">
     <span class='ocr_line' id='line_1_45' title="bbox 381 4475 1971 4544; baseline 0.001 -17"><span class='ocrx_word' id='word_1_364' title='bbox 381 4475 536 4544; x_wconf 86' lang='lat' dir='ltr'><strong>jusce</strong></span> <span class='ocrx_word' id='word_1_365' title='bbox 570 4476 832 4530; x_wconf 88' lang='lat' dir='ltr'><strong>tarditatis</strong></span> <span class='ocrx_word' id='word_1_366' title='bbox 859 4491 922 4530; x_wconf 90' lang='lat' dir='ltr'><strong>ac</strong></span> <span class='ocrx_word' id='word_1_367' title='bbox 951 4491 1117 4531; x_wconf 66' lang='lat' dir='ltr'><strong>morae</strong></span> <span class='ocrx_word' id='word_1_368' title='bbox 1147 4475 1364 4530; x_wconf 90' lang='lat' dir='ltr'><strong>nomine</strong></span> <span class='ocrx_word' id='word_1_369' title='bbox 1387 4475 1687 4531; x_wconf 76' lang='lat' dir='ltr'><strong>accusatis:</strong></span> <span class='ocrx_word' id='word_1_370' title='bbox 1719 4489 1842 4529; x_wconf 91' lang='lat' dir='ltr'><strong>nam</strong></span> <span class='ocrx_word' id='word_1_371' title='bbox 1875 4487 1971 4543; x_wconf 89' lang='lat' dir='ltr'><strong>pro</strong></span> 
     </span>
    </p>
   </div>
   <div class='ocr_carea' id='block_1_46' title="bbox 386 4565 1971 4638">
    <p class='ocr_par' dir='ltr' id='par_1_46' title="bbox 386 4565 1971 4638">
     <span class='ocr_line' id='line_1_46' title="bbox 386 4565 1971 4638; baseline 0.003 -22"><span class='ocrx_word' id='word_1_372' title='bbox 386 4565 542 4619; x_wconf 83' lang='lat' dir='ltr'><strong>vobis</strong></span> <span class='ocrx_word' id='word_1_373' title='bbox 587 4567 894 4636; x_wconf 80' lang='lat' dir='ltr'><strong>affligimur,</strong></span> <span class='ocrx_word' id='word_1_374' title='bbox 939 4575 995 4622; x_wconf 91' lang='lat' dir='ltr'><strong>et</strong></span> <span class='ocrx_word' id='word_1_375' title='bbox 1030 4576 1250 4638; x_wconf 88' lang='lat' dir='ltr'><strong>propter</strong></span> <span class='ocrx_word' id='word_1_376' title='bbox 1274 4582 1371 4622; x_wconf 91' lang='lat' dir='ltr'><strong>vos</strong></span> <span class='ocrx_word' id='word_1_377' title='bbox 1409 4566 1774 4622; x_wconf 88' lang='lat' dir='ltr'><strong>consolatione</strong></span> <span class='ocrx_word' id='word_1_378' title='bbox 1807 4566 1971 4622; x_wconf 80' lang='lat' dir='ltr'><strong>allici-</strong></span> 
     </span>
    </p>
   </div>
   <div class='ocr_carea' id='block_1_47' title="bbox 386 4656 1968 4728">
    <p class='ocr_par' dir='ltr' id='par_1_47' title="bbox 386 4656 1968 4728">
     <span class='ocr_line' id='line_1_47' title="bbox 386 4656 1968 4728; baseline 0.001 -19"><span class='ocrx_word' id='word_1_379' title='bbox 386 4673 526 4709; x_wconf 88' lang='lat' dir='ltr'><strong>mur.</strong></span> <span class='ocrx_word' id='word_1_380' title='bbox 559 4657 636 4712; x_wconf 83' lang='lat' dir='ltr'><strong>Ne</strong></span> <span class='ocrx_word' id='word_1_381' title='bbox 665 4659 786 4727; x_wconf 91' lang='lat' dir='ltr'><strong>quis</strong></span> <span class='ocrx_word' id='word_1_382' title='bbox 811 4659 952 4712; x_wconf 88' lang='lat' dir='ltr'><strong>enim</strong></span> <span class='ocrx_word' id='word_1_383' title='bbox 975 4673 1137 4728; x_wconf 85' lang='lat' dir='ltr'><strong>grave</strong></span> <span class='ocrx_word' id='word_1_384' title='bbox 1161 4673 1226 4714; x_wconf 88' lang='lat' dir='ltr'><strong>ac</strong></span> <span class='ocrx_word' id='word_1_385' title='bbox 1255 4657 1538 4712; x_wconf 90' lang='lat' dir='ltr'><strong>molestum</strong></span> <span class='ocrx_word' id='word_1_386' title='bbox 1567 4657 1618 4712; x_wconf 91' lang='lat' dir='ltr'><strong>id</strong></span> <span class='ocrx_word' id='word_1_387' title='bbox 1641 4672 1761 4712; x_wconf 90' lang='lat' dir='ltr'><strong>esse</strong></span> <span class='ocrx_word' id='word_1_388' title='bbox 1780 4656 1968 4712; x_wconf 81' lang='lat' dir='ltr'><strong>existi-</strong></span> 
     </span>
    </p>
   </div>
   <div class='ocr_carea' id='block_1_48' title="bbox 386 4749 1969 4820">
    <p class='ocr_par' dir='ltr' id='par_1_48' title="bbox 386 4749 1969 4820">
     <span class='ocr_line' id='line_1_48' title="bbox 386 4749 1969 4820; baseline 0.003 -20"><span class='ocrx_word' id='word_1_389' title='bbox 386 4757 577 4813; x_wconf 79' lang='lat' dir='ltr'><strong>maret,</strong></span> <span class='ocrx_word' id='word_1_390' title='bbox 611 4749 754 4817; x_wconf 84' lang='lat' dir='ltr'><strong>quod</strong></span> <span class='ocrx_word' id='word_1_391' title='bbox 783 4749 1012 4815; x_wconf 79' lang='lat' dir='ltr'><strong>dixerat,</strong></span> <span class='ocrx_word' id='word_1_392' title='bbox 1041 4751 1266 4820; x_wconf 84' lang='lat' dir='ltr'><strong>Propter</strong></span> <span class='ocrx_word' id='word_1_393' title='bbox 1292 4765 1388 4805; x_wconf 90' lang='lat' dir='ltr'><strong>vos</strong></span> <span class='ocrx_word' id='word_1_394' title='bbox 1415 4752 1529 4805; x_wconf 67' lang='lat' dir='ltr'><strong>haec</strong></span> <span class='ocrx_word' id='word_1_395' title='bbox 1557 4750 1807 4820; x_wconf 88' lang='lat' dir='ltr'><strong>patimur,</strong></span> <span class='ocrx_word' id='word_1_396' title='bbox 1839 4749 1969 4806; x_wconf 91' lang='lat' dir='ltr'><strong>illud</strong></span> 
     </span>
    </p>
   </div>
   <div class='ocr_carea' id='block_1_49' title="bbox 381 4842 1964 4914">
    <p class='ocr_par' dir='ltr' id='par_1_49' title="bbox 381 4842 1964 4914">
     <span class='ocr_line' id='line_1_49' title="bbox 381 4842 1964 4914; baseline 0.002 -19"><span class='ocrx_word' id='word_1_397' title='bbox 381 4843 546 4896; x_wconf 86' lang='lat' dir='ltr'><strong>etlam</strong></span> <span class='ocrx_word' id='word_1_398' title='bbox 586 4842 762 4907; x_wconf 87' lang='lat' dir='ltr'><strong>addit,</strong></span> <span class='ocrx_word' id='word_1_399' title='bbox 790 4843 859 4898; x_wconf 83' lang='lat' dir='ltr'><strong>Et</strong></span> <span class='ocrx_word' id='word_1_400' title='bbox 892 4853 1110 4914; x_wconf 86' lang='lat' dir='ltr'><strong>propter</strong></span> <span class='ocrx_word' id='word_1_401' title='bbox 1139 4858 1234 4898; x_wconf 90' lang='lat' dir='ltr'><strong>vos</strong></span> <span class='ocrx_word' id='word_1_402' title='bbox 1273 4843 1643 4898; x_wconf 82' lang='lat' dir='ltr'><strong>consolatione</strong></span> <span class='ocrx_word' id='word_1_403' title='bbox 1668 4842 1964 4907; x_wconf 71' lang='lat' dir='ltr'><strong>at’ﬁcimur;</strong></span> 
     </span>
    </p>
   </div>
   <div class='ocr_carea' id='block_1_50' title="bbox 380 4935 1969 5007">
    <p class='ocr_par' dir='ltr' id='par_1_50' title="bbox 380 4935 1969 5007">
     <span class='ocr_line' id='line_1_50' title="bbox 380 4935 1969 5007; baseline 0.004 -21"><span class='ocrx_word' id='word_1_404' title='bbox 380 4949 446 4987; x_wconf 89' lang='lat' dir='ltr'><strong>ac</strong></span> <span class='ocrx_word' id='word_1_405' title='bbox 477 4951 544 4989; x_wconf 89' lang='lat' dir='ltr'><strong>ne</strong></span> <span class='ocrx_word' id='word_1_406' title='bbox 574 4951 672 4990; x_wconf 89' lang='lat' dir='ltr'><strong>nos</strong></span> <span class='ocrx_word' id='word_1_407' title='bbox 691 4936 903 5007; x_wconf 89' lang='lat' dir='ltr'><strong>quidem</strong></span> <span class='ocrx_word' id='word_1_408' title='bbox 931 4937 1032 4992; x_wconf 86' lang='lat' dir='ltr'><strong>soli</strong></span> <span class='ocrx_word' id='word_1_409' title='bbox 1075 4936 1459 5006; x_wconf 81' lang='lat' dir='ltr'><strong>periclitamur,</strong></span> <span class='ocrx_word' id='word_1_410' title='bbox 1486 4950 1604 4992; x_wconf 88' lang='lat' dir='ltr'><strong>cum</strong></span> <span class='ocrx_word' id='word_1_411' title='bbox 1629 4935 1731 5007; x_wconf 89' lang='lat' dir='ltr'><strong>ipsi</strong></span> <span class='ocrx_word' id='word_1_412' title='bbox 1757 4950 1969 5007; x_wconf 88' lang='lat' dir='ltr'><strong>quoque</strong></span> 
     </span>
    </p>
   </div>
   <div class='ocr_carea' id='block_1_51' title="bbox 380 5025 1679 5097">
    <p class='ocr_par' dir='ltr' id='par_1_51' title="bbox 380 5025 1679 5097">
     <span class='ocr_line' id='line_1_51' title="bbox 380 5025 1679 5097; baseline -0.001 -17"><span class='ocrx_word' id='word_1_413' title='bbox 380 5025 436 5080; x_wconf 91' lang='lat' dir='ltr'><strong>in</strong></span> <span class='ocrx_word' id='word_1_414' title='bbox 465 5028 776 5083; x_wconf 87' lang='lat' dir='ltr'><strong>earumdem</strong></span> <span class='ocrx_word' id='word_1_415' title='bbox 807 5027 1168 5082; x_wconf 88' lang='lat' dir='ltr'><strong>calamitatum</strong></span> <span class='ocrx_word' id='word_1_416' title='bbox 1197 5035 1401 5097; x_wconf 87' lang='lat' dir='ltr'><strong>partem</strong></span> <span class='ocrx_word' id='word_1_417' title='bbox 1433 5027 1679 5082; x_wconf 85' lang='lat' dir='ltr'><strong>veniatis.</strong></span> 
     </span>
    </p>
   </div>
   <div class='ocr_carea' id='block_1_52' title="bbox 452 5117 1969 5190">
    <p class='ocr_par' dir='ltr' id='par_1_52' title="bbox 452 5117 1969 5190">
     <span class='ocr_line' id='line_1_52' title="bbox 452 5117 1969 5190; baseline -0.001 -17"><span class='ocrx_word' id='word_1_418' title='bbox 452 5117 492 5173; x_wconf 63' lang='grc' dir='ltr'><strong>Ξ</strong></span> <span class='ocrx_word' id='word_1_419' title='bbox 538 5120 718 5190; x_wconf 83' lang='lat' dir='ltr'><strong>itaque</strong></span> <span class='ocrx_word' id='word_1_420' title='bbox 739 5129 851 5174; x_wconf 90' lang='lat' dir='ltr'><strong>tum</strong></span> <span class='ocrx_word' id='word_1_421' title='bbox 869 5135 937 5176; x_wconf 82' lang='lat' dir='ltr'><strong>ex</strong></span> <span class='ocrx_word' id='word_1_422' title='bbox 967 5135 1032 5174; x_wconf 92' lang='lat' dir='ltr'><strong>eo</strong></span> <span class='ocrx_word' id='word_1_423' title='bbox 1058 5118 1199 5190; x_wconf 89' lang='lat' dir='ltr'><strong>quod</strong></span> <span class='ocrx_word' id='word_1_424' title='bbox 1223 5119 1584 5189; x_wconf 89' lang='lat' dir='ltr'><strong>periculorum</strong></span> <span class='ocrx_word' id='word_1_425' title='bbox 1617 5117 1795 5173; x_wconf 90' lang='lat' dir='ltr'><strong>socios</strong></span> <span class='ocrx_word' id='word_1_426' title='bbox 1821 5118 1969 5187; x_wconf 88' lang='lat' dir='ltr'><strong>ipsos</strong></span> 
     </span>
    </p>
   </div>
   <div class='ocr_carea' id='block_1_53' title="bbox 379 5209 1965 5282">
    <p class='ocr_par' dir='ltr' id='par_1_53' title="bbox 379 5209 1965 5282">
     <span class='ocr_line' id='line_1_53' title="bbox 379 5209 1965 5282; baseline 0.001 -20"><span class='ocrx_word' id='word_1_427' title='bbox 379 5213 693 5279; x_wconf 86' lang='lat' dir='ltr'><strong>assumpsit,</strong></span> <span class='ocrx_word' id='word_1_428' title='bbox 721 5222 831 5266; x_wconf 91' lang='lat' dir='ltr'><strong>tum</strong></span> <span class='ocrx_word' id='word_1_429' title='bbox 853 5229 919 5268; x_wconf 79' lang='lat' dir='ltr'><strong>ex</strong></span> <span class='ocrx_word' id='word_1_430' title='bbox 944 5227 1011 5267; x_wconf 89' lang='lat' dir='ltr'><strong>eo</strong></span> <span class='ocrx_word' id='word_1_431' title='bbox 1039 5210 1185 5282; x_wconf 87' lang='lat' dir='ltr'><strong>quod</strong></span> <span class='ocrx_word' id='word_1_432' title='bbox 1209 5209 1594 5266; x_wconf 90' lang='lat' dir='ltr'><strong>consolationis</strong></span> <span class='ocrx_word' id='word_1_433' title='bbox 1619 5225 1727 5265; x_wconf 86' lang='lat' dir='ltr'><strong>suae</strong></span> <span class='ocrx_word' id='word_1_434' title='bbox 1749 5224 1965 5266; x_wconf 86' lang='lat' dir='ltr'><strong>causam</strong></span> 
     </span>
    </p>
   </div>
   <div class='ocr_carea' id='block_1_54' title="bbox 379 5299 1965 5372">
    <p class='ocr_par' dir='ltr' id='par_1_54' title="bbox 379 5299 1965 5372">
     <span class='ocr_line' id='line_1_54' title="bbox 379 5299 1965 5372; baseline 0.002 -19"><span class='ocrx_word' id='word_1_435' title='bbox 379 5299 514 5370; x_wconf 80' lang='lat' dir='ltr'><strong>ipsis</strong></span> <span class='ocrx_word' id='word_1_436' title='bbox 551 5302 838 5370; x_wconf 88' lang='lat' dir='ltr'><strong>adscribit,</strong></span> <span class='ocrx_word' id='word_1_437' title='bbox 870 5303 1172 5358; x_wconf 75' lang='lat' dir='ltr'><strong>orationem</strong></span> <span class='ocrx_word' id='word_1_438' title='bbox 1213 5303 1363 5358; x_wconf 88' lang='lat' dir='ltr'><strong>lenit.</strong></span> <span class='ocrx_word' id='word_1_439' title='bbox 1394 5303 1473 5357; x_wconf 84' lang='lat' dir='ltr'><strong>Ac</strong></span> <span class='ocrx_word' id='word_1_440' title='bbox 1505 5311 1782 5372; x_wconf 88' lang='lat' dir='ltr'><strong>propterea</strong></span> <span class='ocrx_word' id='word_1_441' title='bbox 1807 5343 1821 5366; x_wconf 92' lang='lat'><strong>,</strong></span> <span class='ocrx_word' id='word_1_442' title='bbox 1853 5303 1965 5356; x_wconf 88' lang='lat' dir='ltr'><strong>sive</strong></span> 
     </span>
    </p>
   </div>
   <div class='ocr_carea' id='block_1_55' title="bbox 380 5392 1966 5465">
    <p class='ocr_par' dir='ltr' id='par_1_55' title="bbox 380 5392 1966 5465">
     <span class='ocr_line' id='line_1_55' title="bbox 380 5392 1966 5465; baseline 0.003 -20"><span class='ocrx_word' id='word_1_443' title='bbox 380 5392 593 5448; x_wconf 90' lang='lat' dir='ltr'><strong>insidiis</strong></span> <span class='ocrx_word' id='word_1_444' title='bbox 611 5403 952 5465; x_wconf 86' lang='lat' dir='ltr'><strong>appetamur,</strong></span> <span class='ocrx_word' id='word_1_445' title='bbox 982 5396 1138 5450; x_wconf 89' lang='lat' dir='ltr'><strong>ﬁrmo</strong></span> <span class='ocrx_word' id='word_1_446' title='bbox 1159 5397 1343 5450; x_wconf 88' lang='lat' dir='ltr'><strong>animo</strong></span> <span class='ocrx_word' id='word_1_447' title='bbox 1368 5403 1576 5460; x_wconf 86' lang='lat' dir='ltr'><strong>estote;</strong></span> <span class='ocrx_word' id='word_1_448' title='bbox 1603 5411 1723 5450; x_wconf 88' lang='lat' dir='ltr'><strong>nam</strong></span> <span class='ocrx_word' id='word_1_449' title='bbox 1755 5403 1811 5448; x_wconf 91' lang='lat' dir='ltr'><strong>ut</strong></span> <span class='ocrx_word' id='word_1_450' title='bbox 1833 5394 1966 5450; x_wconf 88' lang='lat' dir='ltr'><strong>lides</strong></span> 
     </span>
    </p>
   </div>
   <div class='ocr_carea' id='block_1_56' title="bbox 376 5487 1964 5560">
    <p class='ocr_par' dir='ltr' id='par_1_56' title="bbox 376 5487 1964 5560">
     <span class='ocr_line' id='line_1_56' title="bbox 376 5487 1964 5560; baseline 0.001 -20"><span class='ocrx_word' id='word_1_451' title='bbox 376 5497 558 5541; x_wconf 89' lang='lat' dir='ltr'><strong>vestra</strong></span> <span class='ocrx_word' id='word_1_452' title='bbox 588 5488 706 5556; x_wconf 91' lang='lat' dir='ltr'><strong>plus</strong></span> <span class='ocrx_word' id='word_1_453' title='bbox 731 5490 940 5544; x_wconf 88' lang='lat' dir='ltr'><strong>roboris</strong></span> <span class='ocrx_word' id='word_1_454' title='bbox 962 5489 1214 5560; x_wconf 86' lang='lat' dir='ltr'><strong>colligat,</strong></span> <span class='ocrx_word' id='word_1_455' title='bbox 1247 5488 1354 5544; x_wconf 78' lang='lat' dir='ltr'><strong>hoc</strong></span> <span class='ocrx_word' id='word_1_456' title='bbox 1379 5489 1647 5558; x_wconf 84' lang='lat' dir='ltr'><strong>patimur;</strong></span> <span class='ocrx_word' id='word_1_457' title='bbox 1675 5487 1790 5542; x_wconf 86' lang='lat' dir='ltr'><strong>sive</strong></span> <span class='ocrx_word' id='word_1_458' title='bbox 1819 5487 1964 5543; x_wconf 87' lang='lat' dir='ltr'><strong>sola-</strong></span> 
     </span>
    </p>
   </div>
   <div class='ocr_carea' id='block_1_57' title="bbox 381 5580 1961 5652">
    <p class='ocr_par' dir='ltr' id='par_1_57' title="bbox 381 5580 1961 5652">
     <span class='ocr_line' id='line_1_57' title="bbox 381 5580 1961 5652; baseline 0.003 -21"><span class='ocrx_word' id='word_1_459' title='bbox 381 5580 512 5632; x_wconf 89' lang='lat' dir='ltr'><strong>tium</strong></span> <span class='ocrx_word' id='word_1_460' title='bbox 559 5581 887 5650; x_wconf 87' lang='lat' dir='ltr'><strong>accipimus,</strong></span> <span class='ocrx_word' id='word_1_461' title='bbox 943 5580 1045 5636; x_wconf 87' lang='lat' dir='ltr'><strong>hoc</strong></span> <span class='ocrx_word' id='word_1_462' title='bbox 1095 5597 1310 5652; x_wconf 91' lang='lat' dir='ltr'><strong>quoque</strong></span> <span class='ocrx_word' id='word_1_463' title='bbox 1362 5583 1579 5638; x_wconf 88' lang='lat' dir='ltr'><strong>nomine</strong></span> <span class='ocrx_word' id='word_1_464' title='bbox 1623 5580 1961 5652; x_wconf 72' lang='lat' dir='ltr'><strong>gloriamini:</strong></span> 
     </span>
    </p>
   </div>
   <div class='ocr_carea' id='block_1_58' title="bbox 380 5671 1963 5741">
    <p class='ocr_par' dir='ltr' id='par_1_58' title="bbox 380 5671 1963 5741">
     <span class='ocr_line' id='line_1_58' title="bbox 380 5671 1963 5741; baseline 0.004 -19"><span class='ocrx_word' id='word_1_465' title='bbox 380 5685 505 5723; x_wconf 88' lang='lat' dir='ltr'><strong>nam</strong></span> <span class='ocrx_word' id='word_1_466' title='bbox 541 5681 762 5741; x_wconf 87' lang='lat' dir='ltr'><strong>propter</strong></span> <span class='ocrx_word' id='word_1_467' title='bbox 789 5688 888 5728; x_wconf 89' lang='lat' dir='ltr'><strong>vos</strong></span> <span class='ocrx_word' id='word_1_468' title='bbox 918 5687 984 5727; x_wconf 86' lang='lat' dir='ltr'><strong>eo</strong></span> <span class='ocrx_word' id='word_1_469' title='bbox 1013 5673 1269 5738; x_wconf 80' lang='lat' dir='ltr'><strong>fruimur,</strong></span> <span class='ocrx_word' id='word_1_470' title='bbox 1301 5682 1357 5727; x_wconf 89' lang='lat' dir='ltr'><strong>ut</strong></span> <span class='ocrx_word' id='word_1_471' title='bbox 1379 5671 1503 5727; x_wconf 84' lang='lat' dir='ltr'><strong>hinc</strong></span> <span class='ocrx_word' id='word_1_472' title='bbox 1525 5673 1687 5728; x_wconf 90' lang='lat' dir='ltr'><strong>etiam</strong></span> <span class='ocrx_word' id='word_1_473' title='bbox 1713 5673 1963 5728; x_wconf 53' lang='lat' dir='ltr'><strong>consula-</strong></span> 
     </span>
    </p>
   </div>
   <div class='ocr_carea' id='block_1_59' title="bbox 379 5762 1965 5840">
    <p class='ocr_par' dir='ltr' id='par_1_59' title="bbox 379 5762 1965 5840">
     <span class='ocr_line' id='line_1_59' title="bbox 379 5762 1965 5840; baseline 0.004 -27"><span class='ocrx_word' id='word_1_474' title='bbox 379 5762 545 5817; x_wconf 89' lang='lat' dir='ltr'><strong>tionis</strong></span> <span class='ocrx_word' id='word_1_475' title='bbox 590 5763 836 5819; x_wconf 83' lang='lat' dir='ltr'><strong>nonnihil</strong></span> <span class='ocrx_word' id='word_1_476' title='bbox 886 5763 955 5820; x_wconf 91' lang='lat' dir='ltr'><strong>ad</strong></span> <span class='ocrx_word' id='word_1_477' title='bbox 985 5780 1082 5821; x_wconf 84' lang='lat' dir='ltr'><strong>vos</strong></span> <span class='ocrx_word' id='word_1_478' title='bbox 1111 5765 1330 5829; x_wconf 88' lang='lat' dir='ltr'><strong>redeat,</strong></span> <span class='ocrx_word' id='word_1_479' title='bbox 1369 5763 1497 5818; x_wconf 84' lang='lat' dir='ltr'><strong>dum</strong></span> <span class='ocrx_word' id='word_1_480' title='bbox 1539 5764 1965 5840; x_wconf 55' lang='lat' dir='ltr'><strong>laetitimpostrze</strong></span> 
     </span>
    </p>
   </div>
   <div class='ocr_carea' id='block_1_60' title="bbox 377 5855 1966 5931">
    <p class='ocr_par' dir='ltr' id='par_1_60' title="bbox 377 5855 1966 5931">
     <span class='ocr_line' id='line_1_60' title="bbox 377 5855 1966 5931; baseline -0.004 -12"><span class='ocrx_word' id='word_1_481' title='bbox 377 5855 668 5926; x_wconf 60' lang='lat' dir='ltr'><strong>aanicipes</strong></span> <span class='ocrx_word' id='word_1_482' title='bbox 689 5858 841 5916; x_wconf 84' lang='lat' dir='ltr'><strong>estis.</strong></span> <span class='ocrx_word' id='word_1_483' title='bbox 869 5862 1038 5930; x_wconf 77' lang='lat' dir='ltr'><strong>Atque</strong></span> <span class='ocrx_word' id='word_1_484' title='bbox 1066 5868 1122 5915; x_wconf 94' lang='lat' dir='ltr'><strong>ut</strong></span> <span class='ocrx_word' id='word_1_485' title='bbox 1152 5857 1428 5927; x_wconf 71' lang='lat' dir='ltr'><strong>intelligas</strong></span> <span class='ocrx_word' id='word_1_486' title='bbox 1453 5857 1594 5931; x_wconf 85' lang='lat' dir='ltr'><strong>quod</strong></span> <span class='ocrx_word' id='word_1_487' title='bbox 1619 5857 1684 5914; x_wconf 88' lang='lat' dir='ltr'><strong>de</strong></span> <span class='ocrx_word' id='word_1_488' title='bbox 1707 5855 1809 5915; x_wconf 81' lang='lat' dir='ltr'><strong>hoc</strong></span> <span class='ocrx_word' id='word_1_489' title='bbox 1836 5871 1966 5915; x_wconf 87' lang='lat' dir='ltr'><strong>con-</strong></span> 
     </span>
    </p>
   </div>
   <div class='ocr_carea' id='block_1_61' title="bbox 1535 384 2649 458">
    <p class='ocr_par' dir='ltr' id='par_1_61' title="bbox 1535 384 2649 458">
     <span class='ocr_line' id='line_1_61' title="bbox 1535 384 2649 458; baseline 0.005 -6"><span class='ocrx_word' id='word_1_490' title='bbox 1535 397 1601 452; x_wconf 81' lang='grc' dir='ltr'><strong>ΙΝ</strong></span> <span class='ocrx_word' id='word_1_491' title='bbox 1629 384 1840 449; x_wconf 72' lang='grc' dir='ltr'><strong>ΕΡΙΞΤ.</strong></span> <span class='ocrx_word' id='word_1_492' title='bbox 1882 393 1922 448; x_wconf 79' lang='lat' dir='ltr'><strong>ll</strong></span> <span class='ocrx_word' id='word_1_493' title='bbox 1991 392 2081 450; x_wconf 75' lang='lat' dir='ltr'><strong>AD</strong></span> <span class='ocrx_word' id='word_1_494' title='bbox 2117 395 2274 454; x_wconf 66' lang='grc' dir='ltr'><strong>(ΞΟΠ.</strong></span> <span class='ocrx_word' id='word_1_495' title='bbox 2317 400 2546 457; x_wconf 76' lang='grc' dir='ltr'><strong>ΙΙΟΜΙΙ..</strong></span> <span class='ocrx_word' id='word_1_496' title='bbox 2586 402 2649 458; x_wconf 83' lang='lat' dir='ltr'><strong>ll.</strong></span> 
     </span>
    </p>
   </div>
   <div class='ocr_carea' id='block_1_62' title="bbox 2127 514 3713 606">
    <p class='ocr_par' dir='ltr' id='par_1_62' title="bbox 2127 514 3713 606">
     <span class='ocr_line' id='line_1_62' title="bbox 2127 514 3713 606; baseline 0.017 -39"><span class='ocrx_word' id='word_1_497' title='bbox 2127 514 2410 606; x_wconf 77' lang='lat' dir='ltr'><strong>solutionis</strong></span> <span class='ocrx_word' id='word_1_498' title='bbox 2437 519 2599 574; x_wconf 91' lang='lat' dir='ltr'><strong>modo</strong></span> <span class='ocrx_word' id='word_1_499' title='bbox 2631 535 2770 575; x_wconf 89' lang='lat' dir='ltr'><strong>nunc</strong></span> <span class='ocrx_word' id='word_1_500' title='bbox 2802 521 3048 592; x_wconf 84' lang='lat' dir='ltr'><strong>loquatur</strong></span> <span class='ocrx_word' id='word_1_501' title='bbox 3067 567 3082 592; x_wconf 94' lang='lat'><strong>,</strong></span> <span class='ocrx_word' id='word_1_502' title='bbox 3115 543 3274 597; x_wconf 88' lang='lat' dir='ltr'><strong>quem</strong></span> <span class='ocrx_word' id='word_1_503' title='bbox 3304 536 3357 601; x_wconf 78' lang='lat' dir='ltr'><strong>ip</strong></span> <span class='ocrx_word' id='word_1_504' title='bbox 3388 547 3419 588; x_wconf 91' lang='lat' dir='ltr'><strong>e</strong></span> <span class='ocrx_word' id='word_1_505' title='bbox 3448 534 3713 606; x_wconf 85' lang='lat' dir='ltr'><strong>percipie-</strong></span> 
     </span>
    </p>
   </div>
   <div class='ocr_carea' id='block_1_63' title="bbox 2124 604 3712 698">
    <p class='ocr_par' dir='ltr' id='par_1_63' title="bbox 2124 604 3712 698">
     <span class='ocr_line' id='line_1_63' title="bbox 2124 604 3712 698; baseline 0.016 -38"><span class='ocrx_word' id='word_1_506' title='bbox 2124 604 2252 698; x_wconf 82' lang='lat' dir='ltr'><strong>bat,</strong></span> <span class='ocrx_word' id='word_1_507' title='bbox 2297 622 2403 665; x_wconf 90' lang='lat' dir='ltr'><strong>non</strong></span> <span class='ocrx_word' id='word_1_508' title='bbox 2435 608 2561 665; x_wconf 89' lang='lat' dir='ltr'><strong>binc</strong></span> <span class='ocrx_word' id='word_1_509' title='bbox 2611 621 2812 667; x_wconf 88' lang='lat' dir='ltr'><strong>tantum</strong></span> <span class='ocrx_word' id='word_1_510' title='bbox 2858 615 2999 684; x_wconf 91' lang='lat' dir='ltr'><strong>quod</strong></span> <span class='ocrx_word' id='word_1_511' title='bbox 3049 619 3419 680; x_wconf 74' lang='lat' dir='ltr'><strong>consolatione</strong></span> <span class='ocrx_word' id='word_1_512' title='bbox 3462 625 3531 681; x_wconf 88' lang='lat' dir='ltr'><strong>ab</strong></span> <span class='ocrx_word' id='word_1_513' title='bbox 3578 604 3712 698; x_wconf 80' lang='lat' dir='ltr'><strong>ipsis</strong></span> 
     </span>
    </p>
   </div>
   <div class='ocr_carea' id='block_1_64' title="bbox 2122 696 3709 779">
    <p class='ocr_par' dir='ltr' id='par_1_64' title="bbox 2122 696 3709 779">
     <span class='ocr_line' id='line_1_64' title="bbox 2122 696 3709 779; baseline 0.018 -30"><span class='ocrx_word' id='word_1_514' title='bbox 2122 696 2463 767; x_wconf 86' lang='lat' dir='ltr'><strong>afﬁceretur,</strong></span> <span class='ocrx_word' id='word_1_515' title='bbox 2499 717 2686 758; x_wconf 88' lang='lat' dir='ltr'><strong>verum</strong></span> <span class='ocrx_word' id='word_1_516' title='bbox 2719 705 2879 760; x_wconf 87' lang='lat' dir='ltr'><strong>etiam</strong></span> <span class='ocrx_word' id='word_1_517' title='bbox 2921 708 3042 779; x_wconf 88' lang='lat' dir='ltr'><strong>quia</strong></span> <span class='ocrx_word' id='word_1_518' title='bbox 3094 726 3191 767; x_wconf 90' lang='lat' dir='ltr'><strong>eos</strong></span> <span class='ocrx_word' id='word_1_519' title='bbox 3216 713 3284 769; x_wconf 87' lang='lat' dir='ltr'><strong>ab</strong></span> <span class='ocrx_word' id='word_1_520' title='bbox 3326 696 3615 776; x_wconf 85' lang='lat' dir='ltr'><strong>amictione</strong></span> <span class='ocrx_word' id='word_1_521' title='bbox 3643 722 3709 778; x_wconf 89' lang='lat' dir='ltr'><strong>li-</strong></span> 
     </span>
    </p>
   </div>
   <div class='ocr_carea' id='block_1_65' title="bbox 2122 788 3701 879">
    <p class='ocr_par' dir='ltr' id='par_1_65' title="bbox 2122 788 3701 879">
     <span class='ocr_line' id='line_1_65' title="bbox 2122 788 3701 879; baseline 0.017 -37"><span class='ocrx_word' id='word_1_522' title='bbox 2122 788 2279 844; x_wconf 90' lang='lat' dir='ltr'><strong>beros</strong></span> <span class='ocrx_word' id='word_1_523' title='bbox 2307 805 2428 847; x_wconf 90' lang='lat' dir='ltr'><strong>esse</strong></span> <span class='ocrx_word' id='word_1_524' title='bbox 2451 791 2790 865; x_wconf 88' lang='lat' dir='ltr'><strong>intelligeret,</strong></span> <span class='ocrx_word' id='word_1_525' title='bbox 2815 799 2938 854; x_wconf 88' lang='lat' dir='ltr'><strong>audi</strong></span> <span class='ocrx_word' id='word_1_526' title='bbox 2960 816 3078 869; x_wconf 60' lang='lat' dir='ltr'><strong>quae</strong></span> <span class='ocrx_word' id='word_1_527' title='bbox 3099 801 3354 876; x_wconf 88' lang='lat' dir='ltr'><strong>deinceps</strong></span> <span class='ocrx_word' id='word_1_528' title='bbox 3373 821 3701 879; x_wconf 87' lang='lat' dir='ltr'><strong>sequuntur.</strong></span> 
     </span>
    </p>
   </div>
   <div class='ocr_carea' id='block_1_66' title="bbox 2121 883 3706 968">
    <p class='ocr_par' dir='ltr' id='par_1_66' title="bbox 2121 883 3706 968">
     <span class='ocr_line' id='line_1_66' title="bbox 2121 883 3706 968; baseline 0.017 -34"><span class='ocrx_word' id='word_1_529' title='bbox 2121 897 2214 950; x_wconf 89' lang='lat' dir='ltr'><strong>per</strong></span> <span class='ocrx_word' id='word_1_530' title='bbox 2244 898 2361 953; x_wconf 76' lang='lat' dir='ltr'><strong>qua:</strong></span> <span class='ocrx_word' id='word_1_531' title='bbox 2391 883 2493 941; x_wconf 86' lang='lat' dir='ltr'><strong>hoc</strong></span> <span class='ocrx_word' id='word_1_532' title='bbox 2528 898 2714 956; x_wconf 88' lang='lat' dir='ltr'><strong>aperte</strong></span> <span class='ocrx_word' id='word_1_533' title='bbox 2739 889 3066 960; x_wconf 83' lang='lat' dir='ltr'><strong>declaravit,</strong></span> <span class='ocrx_word' id='word_1_534' title='bbox 3097 911 3220 952; x_wconf 91' lang='lat' dir='ltr'><strong>cum</strong></span> <span class='ocrx_word' id='word_1_535' title='bbox 3264 897 3431 968; x_wconf 79' lang='lat' dir='ltr'><strong>dixit,</strong></span> <span class='ocrx_word' id='word_1_536' title='bbox 3475 902 3706 964; x_wconf 82' lang='lat' dir='ltr'><strong>Scientes</strong></span> 
     </span>
    </p>
   </div>
   <div class='ocr_carea' id='block_1_67' title="bbox 2118 973 3701 1053">
    <p class='ocr_par' dir='ltr' id='par_1_67' title="bbox 2118 973 3701 1053">
     <span class='ocr_line' id='line_1_67' title="bbox 2118 973 3701 1053; baseline 0.018 -28"><span class='ocrx_word' id='word_1_537' title='bbox 2118 973 2253 1040; x_wconf 86' lang='lat' dir='ltr'><strong>quod</strong></span> <span class='ocrx_word' id='word_1_538' title='bbox 2279 974 2408 1028; x_wconf 86' lang='lat' dir='ltr'><strong>sicut</strong></span> <span class='ocrx_word' id='word_1_539' title='bbox 2445 978 2572 1031; x_wconf 85' lang='lat' dir='ltr'><strong>socii</strong></span> <span class='ocrx_word' id='word_1_540' title='bbox 2597 980 2716 1033; x_wconf 85' lang='lat' dir='ltr'><strong>estis</strong></span> <span class='ocrx_word' id='word_1_541' title='bbox 2757 983 3090 1053; x_wconf 88' lang='lat' dir='ltr'><strong>passionum,</strong></span> <span class='ocrx_word' id='word_1_542' title='bbox 3117 990 3191 1042; x_wconf 89' lang='lat' dir='ltr'><strong>ita</strong></span> <span class='ocrx_word' id='word_1_543' title='bbox 3219 991 3358 1046; x_wconf 88' lang='lat' dir='ltr'><strong>eritis</strong></span> <span class='ocrx_word' id='word_1_544' title='bbox 3385 1001 3432 1047; x_wconf 88' lang='lat' dir='ltr'><strong>et</strong></span> <span class='ocrx_word' id='word_1_545' title='bbox 3461 999 3701 1052; x_wconf 74' lang='lat' dir='ltr'><strong>consola-</strong></span> 
     </span>
    </p>
   </div>
   <div class='ocr_carea' id='block_1_68' title="bbox 2120 1066 3694 1158">
    <p class='ocr_par' dir='ltr' id='par_1_68' title="bbox 2120 1066 3694 1158">
     <span class='ocr_line' id='line_1_68' title="bbox 2120 1066 3694 1158; baseline 0.018 -41"><span class='ocrx_word' id='word_1_546' title='bbox 2120 1066 2288 1120; x_wconf 88' lang='lat' dir='ltr'><strong>tionis.</strong></span> <span class='ocrx_word' id='word_1_547' title='bbox 2311 1067 2462 1123; x_wconf 87' lang='lat' dir='ltr'><strong>Sicut</strong></span> <span class='ocrx_word' id='word_1_548' title='bbox 2481 1070 2646 1138; x_wconf 88' lang='lat' dir='ltr'><strong>enim,</strong></span> <span class='ocrx_word' id='word_1_549' title='bbox 2671 1088 2792 1129; x_wconf 89' lang='lat' dir='ltr'><strong>eum</strong></span> <span class='ocrx_word' id='word_1_550' title='bbox 2819 1090 2920 1132; x_wconf 92' lang='lat' dir='ltr'><strong>nos</strong></span> <span class='ocrx_word' id='word_1_551' title='bbox 2941 1082 3414 1150; x_wconf 87' lang='lat' dir='ltr'><strong>persequutionem</strong></span> <span class='ocrx_word' id='word_1_552' title='bbox 3443 1088 3694 1158; x_wconf 87' lang='lat' dir='ltr'><strong>patimur,</strong></span> 
     </span>
    </p>
   </div>
   <div class='ocr_carea' id='block_1_69' title="bbox 2117 1160 3696 1240">
    <p class='ocr_par' dir='ltr' id='par_1_69' title="bbox 2117 1160 3696 1240">
     <span class='ocr_line' id='line_1_69' title="bbox 2117 1160 3696 1240; baseline 0.016 -29"><span class='ocrx_word' id='word_1_553' title='bbox 2117 1172 2212 1213; x_wconf 87' lang='lat' dir='ltr'><strong>vos</strong></span> <span class='ocrx_word' id='word_1_554' title='bbox 2242 1160 2466 1229; x_wconf 89' lang='lat' dir='ltr'><strong>perinde</strong></span> <span class='ocrx_word' id='word_1_555' title='bbox 2495 1161 2688 1219; x_wconf 90' lang='lat' dir='ltr'><strong>doletis</strong></span> <span class='ocrx_word' id='word_1_556' title='bbox 2719 1182 2782 1222; x_wconf 91' lang='lat' dir='ltr'><strong>ac</strong></span> <span class='ocrx_word' id='word_1_557' title='bbox 2811 1169 2854 1222; x_wconf 92' lang='lat' dir='ltr'><strong>si</strong></span> <span class='ocrx_word' id='word_1_558' title='bbox 2889 1169 2988 1240; x_wconf 88' lang='lat' dir='ltr'><strong>ipsi</strong></span> <span class='ocrx_word' id='word_1_559' title='bbox 3019 1185 3139 1227; x_wconf 89' lang='lat' dir='ltr'><strong>eam</strong></span> <span class='ocrx_word' id='word_1_560' title='bbox 3165 1174 3454 1232; x_wconf 88' lang='lat' dir='ltr'><strong>subiretis:</strong></span> <span class='ocrx_word' id='word_1_561' title='bbox 3485 1180 3564 1235; x_wconf 90' lang='lat' dir='ltr'><strong>sic</strong></span> <span class='ocrx_word' id='word_1_562' title='bbox 3589 1197 3696 1238; x_wconf 89' lang='lat' dir='ltr'><strong>non</strong></span> 
     </span>
    </p>
   </div>
   <div class='ocr_carea' id='block_1_70' title="bbox 2116 1247 3702 1336">
    <p class='ocr_par' dir='ltr' id='par_1_70' title="bbox 2116 1247 3702 1336">
     <span class='ocr_line' id='line_1_70' title="bbox 2116 1247 3702 1336; baseline 0.017 -34"><span class='ocrx_word' id='word_1_563' title='bbox 2116 1247 2454 1318; x_wconf 90' lang='lat' dir='ltr'><strong>dubitamus,</strong></span> <span class='ocrx_word' id='word_1_564' title='bbox 2487 1255 2647 1324; x_wconf 90' lang='lat' dir='ltr'><strong>quin,</strong></span> <span class='ocrx_word' id='word_1_565' title='bbox 2691 1271 2812 1311; x_wconf 92' lang='lat' dir='ltr'><strong>cum</strong></span> <span class='ocrx_word' id='word_1_566' title='bbox 2859 1261 3110 1318; x_wconf 90' lang='lat' dir='ltr'><strong>solatium</strong></span> <span class='ocrx_word' id='word_1_567' title='bbox 3156 1267 3480 1336; x_wconf 88' lang='lat' dir='ltr'><strong>accipimus,</strong></span> <span class='ocrx_word' id='word_1_568' title='bbox 3509 1286 3606 1327; x_wconf 86' lang='lat' dir='ltr'><strong>vos</strong></span> <span class='ocrx_word' id='word_1_569' title='bbox 3633 1288 3702 1328; x_wconf 92' lang='lat' dir='ltr'><strong>eo</strong></span> 
     </span>
    </p>
   </div>
   <div class='ocr_carea' id='block_1_71' title="bbox 2117 1339 3700 1432">
    <p class='ocr_par' dir='ltr' id='par_1_71' title="bbox 2117 1339 3700 1432">
     <span class='ocr_line' id='line_1_71' title="bbox 2117 1339 3700 1432; baseline 0.018 -40"><span class='ocrx_word' id='word_1_570' title='bbox 2117 1339 2214 1394; x_wconf 87' lang='lat' dir='ltr'><strong>frui</strong></span> <span class='ocrx_word' id='word_1_571' title='bbox 2246 1345 2585 1400; x_wconf 79' lang='lat' dir='ltr'><strong>existimetis.</strong></span> <span class='ocrx_word' id='word_1_572' title='bbox 2615 1348 2754 1414; x_wconf 83' lang='lat' dir='ltr'><strong>Quid</strong></span> <span class='ocrx_word' id='word_1_573' title='bbox 2787 1349 2892 1406; x_wconf 88' lang='lat' dir='ltr'><strong>hoc</strong></span> <span class='ocrx_word' id='word_1_574' title='bbox 2919 1352 3104 1410; x_wconf 89' lang='lat' dir='ltr'><strong>animo</strong></span> <span class='ocrx_word' id='word_1_575' title='bbox 3129 1354 3389 1414; x_wconf 86' lang='lat' dir='ltr'><strong>humilius</strong></span> <span class='ocrx_word' id='word_1_576' title='bbox 3415 1359 3542 1432; x_wconf 89' lang='lat' dir='ltr'><strong>ﬁngi</strong></span> <span class='ocrx_word' id='word_1_577' title='bbox 3575 1379 3700 1432; x_wconf 89' lang='lat' dir='ltr'><strong>pos-</strong></span> 
     </span>
    </p>
   </div>
   <div class='ocr_carea' id='block_1_72' title="bbox 2114 1433 3696 1525">
    <p class='ocr_par' dir='ltr' id='par_1_72' title="bbox 2114 1433 3696 1525">
     <span class='ocr_line' id='line_1_72' title="bbox 2114 1433 3696 1525; baseline 0.015 -39"><span class='ocrx_word' id='word_1_578' title='bbox 2114 1433 2220 1487; x_wconf 84' lang='lat' dir='ltr'><strong>sit?</strong></span> <span class='ocrx_word' id='word_1_579' title='bbox 2244 1435 2439 1504; x_wconf 87' lang='lat' dir='ltr'><strong>quippe</strong></span> <span class='ocrx_word' id='word_1_580' title='bbox 2483 1439 2571 1507; x_wconf 90' lang='lat' dir='ltr'><strong>qui</strong></span> <span class='ocrx_word' id='word_1_581' title='bbox 2620 1441 2870 1508; x_wconf 90' lang='lat' dir='ltr'><strong>periculis</strong></span> <span class='ocrx_word' id='word_1_582' title='bbox 2902 1451 3052 1500; x_wconf 86' lang='lat' dir='ltr'><strong>tanto</strong></span> <span class='ocrx_word' id='word_1_583' title='bbox 3097 1462 3192 1502; x_wconf 88' lang='lat' dir='ltr'><strong>eos</strong></span> <span class='ocrx_word' id='word_1_584' title='bbox 3221 1449 3504 1507; x_wconf 84' lang='lat' dir='ltr'><strong>intervallo</strong></span> <span class='ocrx_word' id='word_1_585' title='bbox 3532 1468 3696 1525; x_wconf 86' lang='lat' dir='ltr'><strong>supe-</strong></span> 
     </span>
    </p>
   </div>
   <div class='ocr_carea' id='block_1_73' title="bbox 2114 1527 3697 1618">
    <p class='ocr_par' dir='ltr' id='par_1_73' title="bbox 2114 1527 3697 1618">
     <span class='ocr_line' id='line_1_73' title="bbox 2114 1527 3697 1618; baseline 0.016 -42"><span class='ocrx_word' id='word_1_586' title='bbox 2114 1539 2238 1618; x_wconf 77' lang='lat' dir='ltr'><strong>rans</strong></span> <span class='ocrx_word' id='word_1_587' title='bbox 2258 1567 2270 1587; x_wconf 89' lang='lat'><strong>,</strong></span> <span class='ocrx_word' id='word_1_588' title='bbox 2304 1527 2482 1584; x_wconf 84' lang='lat' dir='ltr'><strong>socios</strong></span> <span class='ocrx_word' id='word_1_589' title='bbox 2512 1529 2691 1586; x_wconf 76' lang='lat' dir='ltr'><strong>tamen</strong></span> <span class='ocrx_word' id='word_1_590' title='bbox 2718 1548 2814 1589; x_wconf 90' lang='lat' dir='ltr'><strong>eos</strong></span> <span class='ocrx_word' id='word_1_591' title='bbox 2836 1545 3028 1604; x_wconf 86' lang='lat' dir='ltr'><strong>vocat,</strong></span> <span class='ocrx_word' id='word_1_592' title='bbox 3059 1538 3148 1608; x_wconf 87' lang='lat' dir='ltr'><strong>qui</strong></span> <span class='ocrx_word' id='word_1_593' title='bbox 3177 1553 3245 1596; x_wconf 88' lang='lat' dir='ltr'><strong>ne</strong></span> <span class='ocrx_word' id='word_1_594' title='bbox 3274 1543 3549 1600; x_wconf 90' lang='lat' dir='ltr'><strong>minimam</strong></span> <span class='ocrx_word' id='word_1_595' title='bbox 3579 1549 3697 1618; x_wconf 76' lang='lat' dir='ltr'><strong>qui—</strong></span> 
     </span>
    </p>
   </div>
   <div class='ocr_carea' id='block_1_74' title="bbox 2111 1614 3692 1697">
    <p class='ocr_par' dir='ltr' id='par_1_74' title="bbox 2111 1614 3692 1697">
     <span class='ocr_line' id='line_1_74' title="bbox 2111 1614 3692 1697; baseline 0.018 -29"><span class='ocrx_word' id='word_1_596' title='bbox 2111 1614 2233 1670; x_wconf 91' lang='lat' dir='ltr'><strong>dem</strong></span> <span class='ocrx_word' id='word_1_597' title='bbox 2249 1633 2434 1673; x_wconf 88' lang='lat' dir='ltr'><strong>eormn</strong></span> <span class='ocrx_word' id='word_1_598' title='bbox 2454 1633 2659 1691; x_wconf 89' lang='lat' dir='ltr'><strong>partem</strong></span> <span class='ocrx_word' id='word_1_599' title='bbox 2674 1627 3047 1696; x_wconf 87' lang='lat' dir='ltr'><strong>sustinebant;</strong></span> <span class='ocrx_word' id='word_1_600' title='bbox 3068 1630 3123 1687; x_wconf 79' lang='lat' dir='ltr'><strong>in</strong></span> <span class='ocrx_word' id='word_1_601' title='bbox 3139 1637 3505 1694; x_wconf 84' lang='lat' dir='ltr'><strong>consolatione</strong></span> <span class='ocrx_word' id='word_1_602' title='bbox 3517 1614 3692 1697; x_wconf 38' lang='lat' dir='ltr'><strong>aut—em</strong></span> 
     </span>
    </p>
   </div>
   <div class='ocr_carea' id='block_1_75' title="bbox 2111 1709 3690 1790">
    <p class='ocr_par' dir='ltr' id='par_1_75' title="bbox 2111 1709 3690 1790">
     <span class='ocr_line' id='line_1_75' title="bbox 2111 1709 3690 1790; baseline 0.021 -32"><span class='ocrx_word' id='word_1_603' title='bbox 2111 1709 2414 1766; x_wconf 87' lang='lat' dir='ltr'><strong>universam</strong></span> <span class='ocrx_word' id='word_1_604' title='bbox 2444 1711 2573 1781; x_wconf 87' lang='lat' dir='ltr'><strong>ipsis</strong></span> <span class='ocrx_word' id='word_1_605' title='bbox 2598 1730 2814 1774; x_wconf 91' lang='lat' dir='ltr'><strong>causam</strong></span> <span class='ocrx_word' id='word_1_606' title='bbox 2834 1759 2849 1784; x_wconf 91' lang='lat'><strong>,</strong></span> <span class='ocrx_word' id='word_1_607' title='bbox 2889 1737 2994 1774; x_wconf 91' lang='lat' dir='ltr'><strong>non</strong></span> <span class='ocrx_word' id='word_1_608' title='bbox 3024 1722 3139 1777; x_wconf 87' lang='lat' dir='ltr'><strong>suis</strong></span> <span class='ocrx_word' id='word_1_609' title='bbox 3165 1726 3440 1786; x_wconf 87' lang='lat' dir='ltr'><strong>laboribus</strong></span> <span class='ocrx_word' id='word_1_610' title='bbox 3482 1727 3690 1790; x_wconf 83' lang='lat' dir='ltr'><strong>adscri-</strong></span> 
     </span>
    </p>
   </div>
   <div class='ocr_carea' id='block_1_76' title="bbox 2109 1799 3690 1890">
    <p class='ocr_par' dir='ltr' id='par_1_76' title="bbox 2109 1799 3690 1890">
     <span class='ocr_line' id='line_1_76' title="bbox 2109 1799 3690 1890; baseline 0.018 -36"><span class='ocrx_word' id='word_1_611' title='bbox 2109 1799 2204 1856; x_wconf 92' lang='lat' dir='ltr'><strong>bit.</strong></span> <span class='ocrx_word' id='word_1_612' title='bbox 2243 1802 2443 1860; x_wconf 89' lang='lat' dir='ltr'><strong>Deinde</strong></span> <span class='ocrx_word' id='word_1_613' title='bbox 2468 1809 2718 1876; x_wconf 88' lang='lat' dir='ltr'><strong>quoniam</strong></span> <span class='ocrx_word' id='word_1_614' title='bbox 2758 1809 2825 1866; x_wconf 89' lang='lat' dir='ltr'><strong>de</strong></span> <span class='ocrx_word' id='word_1_615' title='bbox 2850 1811 3230 1873; x_wconf 80' lang='lat' dir='ltr'><strong>afflictionibus</strong></span> <span class='ocrx_word' id='word_1_616' title='bbox 3268 1807 3564 1890; x_wconf 81' lang='lat' dir='ltr'><strong>generatim</strong></span> <span class='ocrx_word' id='word_1_617' title='bbox 3605 1828 3690 1883; x_wconf 85' lang='lat' dir='ltr'><strong>lo-</strong></span> 
     </span>
    </p>
   </div>
   <div class='ocr_carea' id='block_1_77' title="bbox 2107 1893 3687 1984">
    <p class='ocr_par' dir='ltr' id='par_1_77' title="bbox 2107 1893 3687 1984">
     <span class='ocr_line' id='line_1_77' title="bbox 2107 1893 3687 1984; baseline 0.017 -38"><span class='ocrx_word' id='word_1_618' title='bbox 2107 1893 2398 1962; x_wconf 86' lang='lat' dir='ltr'><strong>quebatur,</strong></span> <span class='ocrx_word' id='word_1_619' title='bbox 2442 1897 2556 1966; x_wconf 86' lang='lat' dir='ltr'><strong>jam</strong></span> <span class='ocrx_word' id='word_1_620' title='bbox 2601 1900 2778 1956; x_wconf 91' lang='lat' dir='ltr'><strong>locum</strong></span> <span class='ocrx_word' id='word_1_621' title='bbox 2820 1918 3031 1975; x_wconf 90' lang='lat' dir='ltr'><strong>quoque</strong></span> <span class='ocrx_word' id='word_1_622' title='bbox 3079 1919 3293 1976; x_wconf 86' lang='lat' dir='ltr'><strong>narrat,</strong></span> <span class='ocrx_word' id='word_1_623' title='bbox 3340 1912 3393 1967; x_wconf 91' lang='lat' dir='ltr'><strong>in</strong></span> <span class='ocrx_word' id='word_1_624' title='bbox 3435 1931 3542 1984; x_wconf 86' lang='lat' dir='ltr'><strong>quo</strong></span> <span class='ocrx_word' id='word_1_625' title='bbox 3571 1915 3687 1974; x_wconf 72' lang='lat' dir='ltr'><strong>lane</strong></span> 
     </span>
    </p>
   </div>
   <div class='ocr_carea' id='block_1_78' title="bbox 2106 1988 3683 2076">
    <p class='ocr_par' dir='ltr' id='par_1_78' title="bbox 2106 1988 3683 2076">
     <span class='ocr_line' id='line_1_78' title="bbox 2106 1988 3683 2076; baseline 0.019 -42"><span class='ocrx_word' id='word_1_626' title='bbox 2106 1998 2392 2053; x_wconf 85' lang='lat' dir='ltr'><strong>perpessus</strong></span> <span class='ocrx_word' id='word_1_627' title='bbox 2434 1988 2525 2043; x_wconf 87' lang='lat' dir='ltr'><strong>sit.</strong></span> <span class='ocrx_word' id='word_1_628' title='bbox 2554 1989 2607 2044; x_wconf 89' lang='lat'><strong>8.</strong></span> <span class='ocrx_word' id='word_1_629' title='bbox 2660 1989 2783 2047; x_wconf 89' lang='lat' dir='ltr'><strong>Non</strong></span> <span class='ocrx_word' id='word_1_630' title='bbox 2828 1996 2960 2048; x_wconf 85' lang='lat' dir='ltr'><strong>enim</strong></span> <span class='ocrx_word' id='word_1_631' title='bbox 3004 1995 3237 2055; x_wconf 75' lang='lat' dir='ltr'><strong>volumus</strong></span> <span class='ocrx_word' id='word_1_632' title='bbox 3281 2017 3369 2058; x_wconf 81' lang='lat' dir='ltr'><strong>vos</strong></span> <span class='ocrx_word' id='word_1_633' title='bbox 3412 2006 3683 2076; x_wconf 81' lang='lat' dir='ltr'><strong>ignorare,</strong></span> 
     </span>
    </p>
   </div>
   <div class='ocr_carea' id='block_1_79' title="bbox 2103 2077 3686 2162">
    <p class='ocr_par' dir='ltr' id='par_1_79' title="bbox 2103 2077 3686 2162">
     <span class='ocr_line' id='line_1_79' title="bbox 2103 2077 3686 2162; baseline 0.02 -36"><span class='ocrx_word' id='word_1_634' title='bbox 2103 2077 2286 2144; x_wconf 82' lang='lat' dir='ltr'><strong>fratres</strong></span> <span class='ocrx_word' id='word_1_635' title='bbox 2307 2117 2320 2140; x_wconf 93' lang='lat'><strong>,</strong></span> <span class='ocrx_word' id='word_1_636' title='bbox 2363 2077 2426 2132; x_wconf 85' lang='lat' dir='ltr'><strong>de</strong></span> <span class='ocrx_word' id='word_1_637' title='bbox 2468 2079 2791 2139; x_wconf 83' lang='lat' dir='ltr'><strong>tribulatione</strong></span> <span class='ocrx_word' id='word_1_638' title='bbox 2834 2096 3006 2141; x_wconf 88' lang='lat' dir='ltr'><strong>nostra</strong></span> <span class='ocrx_word' id='word_1_639' title='bbox 3032 2105 3144 2159; x_wconf 68' lang='lat' dir='ltr'><strong>qua:</strong></span> <span class='ocrx_word' id='word_1_640' title='bbox 3191 2091 3331 2162; x_wconf 77' lang='lat' dir='ltr'><strong>facta</strong></span> <span class='ocrx_word' id='word_1_641' title='bbox 3359 2107 3430 2152; x_wconf 86' lang='lat' dir='ltr'><strong>est</strong></span> <span class='ocrx_word' id='word_1_642' title='bbox 3459 2099 3599 2155; x_wconf 79' lang='lat' dir='ltr'><strong>nobis</strong></span> <span class='ocrx_word' id='word_1_643' title='bbox 3630 2101 3686 2158; x_wconf 82' lang='lat' dir='ltr'><strong>in</strong></span> 
     </span>
    </p>
   </div>
   <div class='ocr_carea' id='block_1_80' title="bbox 2102 2165 3682 2260">
    <p class='ocr_par' dir='ltr' id='par_1_80' title="bbox 2102 2165 3682 2260">
     <span class='ocr_line' id='line_1_80' title="bbox 2102 2165 3682 2260; baseline 0.02 -42"><span class='ocrx_word' id='word_1_644' title='bbox 2102 2165 2243 2260; x_wconf 39' lang='lat' dir='ltr'><strong>alsia.</strong></span> <span class='ocrx_word' id='word_1_645' title='bbox 2276 2167 2428 2236; x_wconf 76' lang='lat' dir='ltr'><strong>Haec,</strong></span> <span class='ocrx_word' id='word_1_646' title='bbox 2460 2171 2666 2243; x_wconf 89' lang='lat' dir='ltr'><strong>inquit,</strong></span> <span class='ocrx_word' id='word_1_647' title='bbox 2695 2175 2895 2233; x_wconf 90' lang='lat' dir='ltr'><strong>idcirco</strong></span> <span class='ocrx_word' id='word_1_648' title='bbox 2923 2178 3182 2250; x_wconf 91' lang='lat' dir='ltr'><strong>dicimus,</strong></span> <span class='ocrx_word' id='word_1_649' title='bbox 3212 2199 3282 2241; x_wconf 88' lang='lat' dir='ltr'><strong>ne</strong></span> <span class='ocrx_word' id='word_1_650' title='bbox 3310 2201 3372 2242; x_wconf 88' lang='lat' dir='ltr'><strong>ea</strong></span> <span class='ocrx_word' id='word_1_651' title='bbox 3393 2229 3408 2256; x_wconf 92' lang='lat'><strong>,</strong></span> <span class='ocrx_word' id='word_1_652' title='bbox 3431 2205 3551 2260; x_wconf 68' lang='lat' dir='ltr'><strong>quin</strong></span> <span class='ocrx_word' id='word_1_653' title='bbox 3584 2207 3682 2248; x_wconf 88' lang='lat' dir='ltr'><strong>no-</strong></span> 
     </span>
    </p>
   </div>
   <div class='ocr_carea' id='block_1_81' title="bbox 2102 2257 3679 2343">
    <p class='ocr_par' dir='ltr' id='par_1_81' title="bbox 2102 2257 3679 2343">
     <span class='ocr_line' id='line_1_81' title="bbox 2102 2257 3679 2343; baseline 0.018 -30"><span class='ocrx_word' id='word_1_654' title='bbox 2102 2257 2184 2313; x_wconf 91' lang='lat' dir='ltr'><strong>bis</strong></span> <span class='ocrx_word' id='word_1_655' title='bbox 2229 2259 2571 2330; x_wconf 87' lang='lat' dir='ltr'><strong>acctdcrunt,</strong></span> <span class='ocrx_word' id='word_1_656' title='bbox 2623 2265 2900 2338; x_wconf 81' lang='lat' dir='ltr'><strong>ignoretis.</strong></span> <span class='ocrx_word' id='word_1_657' title='bbox 2949 2270 3224 2343; x_wconf 88' lang='lat' dir='ltr'><strong>Siquidem</strong></span> <span class='ocrx_word' id='word_1_658' title='bbox 3255 2257 3679 2342; x_wconf 36' lang='lat' dir='ltr'><strong>rerum—nostra-</strong></span> 
     </span>
    </p>
   </div>
   <div class='ocr_carea' id='block_1_82' title="bbox 2100 2356 3680 2447">
    <p class='ocr_par' dir='ltr' id='par_1_82' title="bbox 2100 2356 3680 2447">
     <span class='ocr_line' id='line_1_82' title="bbox 2100 2356 3680 2447; baseline 0.02 -45"><span class='ocrx_word' id='word_1_659' title='bbox 2100 2363 2219 2447; x_wconf 76' lang='lat' dir='ltr'><strong>rum</strong></span> <span class='ocrx_word' id='word_1_660' title='bbox 2255 2361 2450 2408; x_wconf 89' lang='lat' dir='ltr'><strong>statum</strong></span> <span class='ocrx_word' id='word_1_661' title='bbox 2480 2356 2632 2412; x_wconf 90' lang='lat' dir='ltr'><strong>vobis</strong></span> <span class='ocrx_word' id='word_1_662' title='bbox 2680 2360 3015 2428; x_wconf 80' lang='lat' dir='ltr'><strong>exploratum</strong></span> <span class='ocrx_word' id='word_1_663' title='bbox 3061 2379 3183 2422; x_wconf 91' lang='lat' dir='ltr'><strong>esse</strong></span> <span class='ocrx_word' id='word_1_664' title='bbox 3209 2370 3488 2440; x_wconf 90' lang='lat' dir='ltr'><strong>cupimus,</strong></span> <span class='ocrx_word' id='word_1_665' title='bbox 3521 2386 3680 2447; x_wconf 78' lang='lat' dir='ltr'><strong>atque</strong></span> 
     </span>
    </p>
   </div>
   <div class='ocr_carea' id='block_1_83' title="bbox 2099 2437 3677 2528">
    <p class='ocr_par' dir='ltr' id='par_1_83' title="bbox 2099 2437 3677 2528">
     <span class='ocr_line' id='line_1_83' title="bbox 2099 2437 3677 2528; baseline 0.02 -35"><span class='ocrx_word' id='word_1_666' title='bbox 2099 2437 2152 2494; x_wconf 90' lang='lat' dir='ltr'><strong>id</strong></span> <span class='ocrx_word' id='word_1_667' title='bbox 2181 2456 2392 2498; x_wconf 90' lang='lat' dir='ltr'><strong>summo</strong></span> <span class='ocrx_word' id='word_1_668' title='bbox 2418 2446 2597 2502; x_wconf 89' lang='lat' dir='ltr'><strong>studio</strong></span> <span class='ocrx_word' id='word_1_669' title='bbox 2626 2464 2876 2506; x_wconf 87' lang='lat' dir='ltr'><strong>curamus</strong></span> <span class='ocrx_word' id='word_1_670' title='bbox 2901 2470 2914 2506; x_wconf 88' lang='lat'><strong>:</strong></span> <span class='ocrx_word' id='word_1_671' title='bbox 2941 2455 3085 2524; x_wconf 87' lang='lat' dir='ltr'><strong>quod</strong></span> <span class='ocrx_word' id='word_1_672' title='bbox 3131 2437 3348 2528; x_wconf 81' lang='lat' dir='ltr'><strong>quidem</strong></span> <span class='ocrx_word' id='word_1_673' title='bbox 3386 2437 3677 2524; x_wconf 59' lang='lat' dir='ltr'><strong>maximum</strong></span> 
     </span>
    </p>
   </div>
   <div class='ocr_carea' id='block_1_84' title="bbox 2097 2531 3681 2626">
    <p class='ocr_par' dir='ltr' id='par_1_84' title="bbox 2097 2531 3681 2626">
     <span class='ocr_line' id='line_1_84' title="bbox 2097 2531 3681 2626; baseline 0.021 -42"><span class='ocrx_word' id='word_1_674' title='bbox 2097 2539 2180 2585; x_wconf 90' lang='lat' dir='ltr'><strong>est</strong></span> <span class='ocrx_word' id='word_1_675' title='bbox 2203 2531 2510 2591; x_wconf 87' lang='lat' dir='ltr'><strong>dilectionis</strong></span> <span class='ocrx_word' id='word_1_676' title='bbox 2535 2552 2930 2608; x_wconf 85' lang='lat' dir='ltr'><strong>argumentum.</strong></span> <span class='ocrx_word' id='word_1_677' title='bbox 2963 2545 3076 2602; x_wconf 91' lang='lat' dir='ltr'><strong>lloc</strong></span> <span class='ocrx_word' id='word_1_678' title='bbox 3101 2559 3279 2606; x_wconf 89' lang='lat' dir='ltr'><strong>autem</strong></span> <span class='ocrx_word' id='word_1_679' title='bbox 3313 2552 3367 2608; x_wconf 93' lang='lat' dir='ltr'><strong>in</strong></span> <span class='ocrx_word' id='word_1_680' title='bbox 3397 2560 3681 2626; x_wconf 86' lang='lat' dir='ltr'><strong>superiore</strong></span> 
     </span>
    </p>
   </div>
   <div class='ocr_carea' id='block_1_85' title="bbox 2096 2627 3680 2712">
    <p class='ocr_par' dir='ltr' id='par_1_85' title="bbox 2096 2627 3680 2712">
     <span class='ocr_line' id='line_1_85' title="bbox 2096 2627 3680 2712; baseline 0.021 -37"><span class='ocrx_word' id='word_1_681' title='bbox 2096 2637 2307 2694; x_wconf 88' lang='lat' dir='ltr'><strong>quoque</strong></span> <span class='ocrx_word' id='word_1_682' title='bbox 2333 2627 2558 2696; x_wconf 88' lang='lat' dir='ltr'><strong>cpistola</strong></span> <span class='ocrx_word' id='word_1_683' title='bbox 2589 2631 2670 2686; x_wconf 87' lang='lat' dir='ltr'><strong>his</strong></span> <span class='ocrx_word' id='word_1_684' title='bbox 2697 2634 2874 2690; x_wconf 86' lang='lat' dir='ltr'><strong>verbis</strong></span> <span class='ocrx_word' id='word_1_685' title='bbox 2906 2637 3052 2706; x_wconf 91' lang='lat' dir='ltr'><strong>prius</strong></span> <span class='ocrx_word' id='word_1_686' title='bbox 3078 2641 3444 2712; x_wconf 73' lang='lat' dir='ltr'><strong>signiﬁcaret:</strong></span> <span class='ocrx_word' id='word_1_687' title='bbox 3476 2649 3680 2708; x_wconf 85' lang='lat' dir='ltr'><strong>Ostiuns</strong></span> 
     </span>
    </p>
   </div>
   <div class='ocr_carea' id='block_1_86' title="bbox 2095 2715 3676 2801">
    <p class='ocr_par' dir='ltr' id='par_1_86' title="bbox 2095 2715 3676 2801">
     <span class='ocr_line' id='line_1_86' title="bbox 2095 2715 3676 2801; baseline 0.021 -35"><span class='ocrx_word' id='word_1_688' title='bbox 2095 2715 2218 2768; x_wconf 87' lang='lat' dir='ltr'><strong>mihi</strong></span> <span class='ocrx_word' id='word_1_689' title='bbox 2245 2729 2477 2785; x_wconf 81' lang='lat' dir='ltr'><strong>apertum</strong></span> <span class='ocrx_word' id='word_1_690' title='bbox 2497 2731 2568 2775; x_wconf 84' lang='lat' dir='ltr'><strong>est</strong></span> <span class='ocrx_word' id='word_1_691' title='bbox 2593 2739 2833 2794; x_wconf 81' lang='lat' dir='ltr'><strong>magnum</strong></span> <span class='ocrx_word' id='word_1_692' title='bbox 2855 2737 2900 2782; x_wconf 88' lang='lat' dir='ltr'><strong>et</strong></span> <span class='ocrx_word' id='word_1_693' title='bbox 2924 2730 3144 2799; x_wconf 74' lang='lat' dir='ltr'><strong>evidens,</strong></span> <span class='ocrx_word' id='word_1_694' title='bbox 3169 2744 3213 2789; x_wconf 90' lang='lat' dir='ltr'><strong>et</strong></span> <span class='ocrx_word' id='word_1_695' title='bbox 3233 2737 3512 2795; x_wconf 77' lang='lat' dir='ltr'><strong>aduersarii</strong></span> <span class='ocrx_word' id='word_1_696' title='bbox 3539 2748 3676 2801; x_wconf 81' lang='lat' dir='ltr'><strong>ntul-</strong></span> 
     </span>
    </p>
   </div>
   <div class='ocr_carea' id='block_1_87' title="bbox 2095 2803 3676 2894">
    <p class='ocr_par' dir='ltr' id='par_1_87' title="bbox 2095 2803 3676 2894">
     <span class='ocr_line' id='line_1_87' title="bbox 2095 2803 3676 2894; baseline 0.023 -38"><span class='ocrx_word' id='word_1_697' title='bbox 2095 2804 2133 2894; x_wconf 86' lang='lat' dir='ltr'><strong>ti</strong></span> <span class='ocrx_word' id='word_1_698' title='bbox 2158 2803 2356 2875; x_wconf 86' lang='lat' dir='ltr'><strong>Ephesi</strong></span> <span class='ocrx_word' id='word_1_699' title='bbox 2387 2807 2475 2881; x_wconf 86' lang='lat' dir='ltr'><strong>(l.</strong></span> <span class='ocrx_word' id='word_1_700' title='bbox 2517 2811 2633 2868; x_wconf 76' lang='lat' dir='ltr'><strong>Cor.</strong></span> <span class='ocrx_word' id='word_1_701' title='bbox 2668 2815 2756 2870; x_wconf 81' lang='grc'><strong>16.</strong></span> <span class='ocrx_word' id='word_1_702' title='bbox 2786 2815 2872 2889; x_wconf 88' lang='grc'><strong>9).</strong></span> <span class='ocrx_word' id='word_1_703' title='bbox 2903 2818 3030 2877; x_wconf 71' lang='lat' dir='ltr'><strong>Haec</strong></span> <span class='ocrx_word' id='word_1_704' title='bbox 3061 2822 3219 2894; x_wconf 81' lang='lat' dir='ltr'><strong>igitur</strong></span> <span class='ocrx_word' id='word_1_705' title='bbox 3260 2828 3313 2883; x_wconf 92' lang='lat' dir='ltr'><strong>in</strong></span> <span class='ocrx_word' id='word_1_706' title='bbox 3359 2835 3676 2893; x_wconf 75' lang='lat' dir='ltr'><strong>memoriam</strong></span> 
     </span>
    </p>
   </div>
   <div class='ocr_carea' id='block_1_88' title="bbox 2091 2893 3672 2995">
    <p class='ocr_par' dir='ltr' id='par_1_88' title="bbox 2091 2893 3672 2995">
     <span class='ocr_line' id='line_1_88' title="bbox 2091 2893 3672 2995; baseline 0.023 -48"><span class='ocrx_word' id='word_1_707' title='bbox 2091 2893 2222 2995; x_wconf 71' lang='lat' dir='ltr'><strong>ipsis</strong></span> <span class='ocrx_word' id='word_1_708' title='bbox 2253 2899 2532 2995; x_wconf 83' lang='lat' dir='ltr'><strong>redigcns,</strong></span> <span class='ocrx_word' id='word_1_709' title='bbox 2579 2913 2740 2975; x_wconf 88' lang='lat' dir='ltr'><strong>atque</strong></span> <span class='ocrx_word' id='word_1_710' title='bbox 2784 2923 3064 2978; x_wconf 76' lang='lat' dir='ltr'><strong>exponens</strong></span> <span class='ocrx_word' id='word_1_711' title='bbox 3090 2893 3222 2984; x_wconf 74' lang='lat' dir='ltr'><strong>qua:</strong></span> <span class='ocrx_word' id='word_1_712' title='bbox 3253 2920 3528 2992; x_wconf 89' lang='lat' dir='ltr'><strong>subierat,</strong></span> <span class='ocrx_word' id='word_1_713' title='bbox 3559 2927 3672 2995; x_wconf 89' lang='lat' dir='ltr'><strong>ait,</strong></span> 
     </span>
    </p>
   </div>
   <div class='ocr_carea' id='block_1_89' title="bbox 2091 2984 3674 3084">
    <p class='ocr_par' dir='ltr' id='par_1_89' title="bbox 2091 2984 3674 3084">
     <span class='ocr_line' id='line_1_89' title="bbox 2091 2984 3674 3084; baseline 0.025 -48"><span class='ocrx_word' id='word_1_714' title='bbox 2091 2984 2226 3084; x_wconf 55' lang='lat' dir='ltr'><strong>lviilo</strong></span> <span class='ocrx_word' id='word_1_715' title='bbox 2259 2991 2411 3046; x_wconf 89' lang='lat' dir='ltr'><strong>vobis</strong></span> <span class='ocrx_word' id='word_1_716' title='bbox 2444 2993 2676 3063; x_wconf 81' lang='lat' dir='ltr'><strong>ignotam</strong></span> <span class='ocrx_word' id='word_1_717' title='bbox 2707 3012 2829 3055; x_wconf 91' lang='lat' dir='ltr'><strong>esse</strong></span> <span class='ocrx_word' id='word_1_718' title='bbox 2859 3001 3202 3062; x_wconf 86' lang='lat' dir='ltr'><strong>alﬁictionem</strong></span> <span class='ocrx_word' id='word_1_719' title='bbox 3235 3024 3354 3066; x_wconf 85' lang='lat' dir='ltr'><strong>eam</strong></span> <span class='ocrx_word' id='word_1_720' title='bbox 3384 2984 3525 3084; x_wconf 34' lang='lat' dir='ltr'><strong>quas,</strong></span> <span class='ocrx_word' id='word_1_721' title='bbox 3545 2984 3674 3076; x_wconf 78' lang='lat' dir='ltr'><strong>milii</strong></span> 
     </span>
    </p>
   </div>
   <div class='ocr_carea' id='block_1_90' title="bbox 2089 3077 3674 3180">
    <p class='ocr_par' dir='ltr' id='par_1_90' title="bbox 2089 3077 3674 3180">
     <span class='ocr_line' id='line_1_90' title="bbox 2089 3077 3674 3180; baseline 0.023 -46"><span class='ocrx_word' id='word_1_722' title='bbox 2089 3077 2142 3135; x_wconf 87' lang='lat' dir='ltr'><strong>in</strong></span> <span class='ocrx_word' id='word_1_723' title='bbox 2167 3083 2294 3180; x_wconf 48' lang='lat' dir='ltr'><strong>asia</strong></span> <span class='ocrx_word' id='word_1_724' title='bbox 2315 3087 2553 3157; x_wconf 85' lang='lat' dir='ltr'><strong>contigit.</strong></span> <span class='ocrx_word' id='word_1_725' title='bbox 2577 3089 2727 3156; x_wconf 86' lang='lat' dir='ltr'><strong>Quod</strong></span> <span class='ocrx_word' id='word_1_726' title='bbox 2753 3094 2915 3150; x_wconf 87' lang='lat' dir='ltr'><strong>etiam</strong></span> <span class='ocrx_word' id='word_1_727' title='bbox 2943 3097 3139 3167; x_wconf 89' lang='lat' dir='ltr'><strong>ipsum,</strong></span> <span class='ocrx_word' id='word_1_728' title='bbox 3162 3117 3284 3158; x_wconf 91' lang='lat' dir='ltr'><strong>cum</strong></span> <span class='ocrx_word' id='word_1_729' title='bbox 3309 3105 3376 3161; x_wconf 86' lang='lat' dir='ltr'><strong>ad</strong></span> <span class='ocrx_word' id='word_1_730' title='bbox 3401 3077 3674 3180; x_wconf 68' lang='lat' dir='ltr'><strong>lipbesios</strong></span> 
     </span>
    </p>
   </div>
   <div class='ocr_carea' id='block_1_91' title="bbox 2088 3174 3673 3262">
    <p class='ocr_par' dir='ltr' id='par_1_91' title="bbox 2088 3174 3673 3262">
     <span class='ocr_line' id='line_1_91' title="bbox 2088 3174 3673 3262; baseline 0.022 -36"><span class='ocrx_word' id='word_1_731' title='bbox 2088 3174 2383 3243; x_wconf 90' lang='lat' dir='ltr'><strong>scriberet,</strong></span> <span class='ocrx_word' id='word_1_732' title='bbox 2432 3177 2660 3236; x_wconf 90' lang='lat' dir='ltr'><strong>diccbat.</strong></span> <span class='ocrx_word' id='word_1_733' title='bbox 2705 3183 2839 3240; x_wconf 84' lang='lat' dir='ltr'><strong>Nam</strong></span> <span class='ocrx_word' id='word_1_734' title='bbox 2869 3202 2989 3243; x_wconf 91' lang='lat' dir='ltr'><strong>cum</strong></span> <span class='ocrx_word' id='word_1_735' title='bbox 3036 3189 3328 3262; x_wconf 74' lang='lat' dir='ltr'><strong>Tycbicum</strong></span> <span class='ocrx_word' id='word_1_736' title='bbox 3353 3199 3421 3256; x_wconf 83' lang='lat' dir='ltr'><strong>ad</strong></span> <span class='ocrx_word' id='word_1_737' title='bbox 3446 3174 3544 3259; x_wconf 80' lang='lat' dir='ltr'><strong>eos</strong></span> <span class='ocrx_word' id='word_1_738' title='bbox 3573 3208 3673 3261; x_wconf 58' lang='lat' dir='ltr'><strong>mi.</strong></span> 
     </span>
    </p>
   </div>
   <div class='ocr_carea' id='block_1_92' title="bbox 2086 3267 3665 3355">
    <p class='ocr_par' dir='ltr' id='par_1_92' title="bbox 2086 3267 3665 3355">
     <span class='ocr_line' id='line_1_92' title="bbox 2086 3267 3665 3355; baseline 0.022 -35"><span class='ocrx_word' id='word_1_739' title='bbox 2086 3267 2280 3333; x_wconf 92' lang='lat' dir='ltr'><strong>sisset,</strong></span> <span class='ocrx_word' id='word_1_740' title='bbox 2309 3269 2445 3326; x_wconf 79' lang='lat' dir='ltr'><strong>lianc</strong></span> <span class='ocrx_word' id='word_1_741' title='bbox 2474 3273 2572 3342; x_wconf 90' lang='lat' dir='ltr'><strong>ipsi</strong></span> <span class='ocrx_word' id='word_1_742' title='bbox 2609 3275 2957 3345; x_wconf 86' lang='lat' dir='ltr'><strong>profectionis</strong></span> <span class='ocrx_word' id='word_1_743' title='bbox 2982 3297 3197 3342; x_wconf 87' lang='lat' dir='ltr'><strong>causam</strong></span> <span class='ocrx_word' id='word_1_744' title='bbox 3228 3287 3395 3348; x_wconf 90' lang='lat' dir='ltr'><strong>fuisse</strong></span> <span class='ocrx_word' id='word_1_745' title='bbox 3423 3309 3665 3355; x_wconf 89' lang='lat' dir='ltr'><strong>comme-</strong></span> 
     </span>
    </p>
   </div>
   <div class='ocr_carea' id='block_1_93' title="bbox 2086 3363 3670 3460">
    <p class='ocr_par' dir='ltr' id='par_1_93' title="bbox 2086 3363 3670 3460">
     <span class='ocr_line' id='line_1_93' title="bbox 2086 3363 3670 3460; baseline 0.023 -49"><span class='ocrx_word' id='word_1_746' title='bbox 2086 3371 2261 3460; x_wconf 78' lang='lat' dir='ltr'><strong>morat</strong></span> <span class='ocrx_word' id='word_1_747' title='bbox 2285 3378 2297 3414; x_wconf 89' lang='lat'><strong>:</strong></span> <span class='ocrx_word' id='word_1_748' title='bbox 2333 3363 2558 3434; x_wconf 86' lang='lat' dir='ltr'><strong>ideoque</strong></span> <span class='ocrx_word' id='word_1_749' title='bbox 2585 3368 2797 3427; x_wconf 88' lang='lat' dir='ltr'><strong>dicebat</strong></span> <span class='ocrx_word' id='word_1_750' title='bbox 2821 3391 2834 3426; x_wconf 89' lang='lat'><strong>:</strong></span> <span class='ocrx_word' id='word_1_751' title='bbox 2870 3372 2938 3429; x_wconf 86' lang='lat' dir='ltr'><strong>Ut</strong></span> <span class='ocrx_word' id='word_1_752' title='bbox 2965 3388 3134 3432; x_wconf 84' lang='lat' dir='ltr'><strong>autent</strong></span> <span class='ocrx_word' id='word_1_753' title='bbox 3171 3383 3340 3438; x_wconf 87' lang='lat' dir='ltr'><strong>sciatis</strong></span> <span class='ocrx_word' id='word_1_754' title='bbox 3367 3395 3414 3441; x_wconf 84' lang='lat' dir='ltr'><strong>et</strong></span> <span class='ocrx_word' id='word_1_755' title='bbox 3444 3405 3527 3444; x_wconf 80' lang='lat' dir='ltr'><strong>vos</strong></span> <span class='ocrx_word' id='word_1_756' title='bbox 3555 3409 3670 3460; x_wconf 69' lang='lat' dir='ltr'><strong>qua</strong></span> 
     </span>
    </p>
   </div>
   <div class='ocr_carea' id='block_1_94' title="bbox 2084 3451 3671 3554">
    <p class='ocr_par' dir='ltr' id='par_1_94' title="bbox 2084 3451 3671 3554">
     <span class='ocr_line' id='line_1_94' title="bbox 2084 3451 3671 3554; baseline 0.023 -53"><span class='ocrx_word' id='word_1_757' title='bbox 2084 3451 2220 3554; x_wconf 71' lang='lat' dir='ltr'><strong>circa</strong></span> <span class='ocrx_word' id='word_1_758' title='bbox 2247 3469 2324 3507; x_wconf 90' lang='lat' dir='ltr'><strong>me</strong></span> <span class='ocrx_word' id='word_1_759' title='bbox 2343 3466 2489 3520; x_wconf 90' lang='lat' dir='ltr'><strong>sunt,</strong></span> <span class='ocrx_word' id='word_1_760' title='bbox 2513 3459 2634 3528; x_wconf 87' lang='lat' dir='ltr'><strong>quid</strong></span> <span class='ocrx_word' id='word_1_761' title='bbox 2655 3463 2872 3532; x_wconf 83' lang='lat' dir='ltr'><strong>faciam,</strong></span> <span class='ocrx_word' id='word_1_762' title='bbox 2898 3469 3069 3522; x_wconf 90' lang='lat' dir='ltr'><strong>omnia</strong></span> <span class='ocrx_word' id='word_1_763' title='bbox 3092 3471 3229 3527; x_wconf 84' lang='lat' dir='ltr'><strong>vobis</strong></span> <span class='ocrx_word' id='word_1_764' title='bbox 3249 3485 3370 3530; x_wconf 90' lang='lat' dir='ltr'><strong>nota</strong></span> <span class='ocrx_word' id='word_1_765' title='bbox 3390 3479 3538 3548; x_wconf 82' lang='lat' dir='ltr'><strong>faciet</strong></span> <span class='ocrx_word' id='word_1_766' title='bbox 3566 3451 3671 3554; x_wconf 48' lang='grc' dir='ltr'><strong>ἦν</strong></span> 
     </span>
    </p>
   </div>
   <div class='ocr_carea' id='block_1_95' title="bbox 2083 3541 3660 3631">
    <p class='ocr_par' dir='ltr' id='par_1_95' title="bbox 2083 3541 3660 3631">
     <span class='ocr_line' id='line_1_95' title="bbox 2083 3541 3660 3631; baseline 0.024 -38"><span class='ocrx_word' id='word_1_767' title='bbox 2083 3541 2276 3610; x_wconf 87' lang='lat' dir='ltr'><strong>chicus,</strong></span> <span class='ocrx_word' id='word_1_768' title='bbox 2306 3548 2596 3604; x_wconf 83' lang='lat' dir='ltr'><strong>carissimus</strong></span> <span class='ocrx_word' id='word_1_769' title='bbox 2622 3556 2783 3621; x_wconf 67' lang='lat' dir='ltr'><strong>frater</strong></span> <span class='ocrx_word' id='word_1_770' title='bbox 2806 3566 2853 3610; x_wconf 89' lang='lat' dir='ltr'><strong>et</strong></span> <span class='ocrx_word' id='word_1_771' title='bbox 2874 3558 3042 3618; x_wconf 79' lang='lat' dir='ltr'><strong>ﬁdelis</strong></span> <span class='ocrx_word' id='word_1_772' title='bbox 3066 3564 3296 3621; x_wconf 84' lang='lat' dir='ltr'><strong>minister</strong></span> <span class='ocrx_word' id='word_1_773' title='bbox 3319 3569 3371 3623; x_wconf 85' lang='lat' dir='ltr'><strong>in</strong></span> <span class='ocrx_word' id='word_1_774' title='bbox 3390 3541 3633 3630; x_wconf 43' lang='lat' dir='ltr'><strong>&#39;Domino&#39;</strong></span> <span class='ocrx_word' id='word_1_775' title='bbox 3651 3623 3660 3631; x_wconf 91' lang='lat'><strong>.</strong></span> 
     </span>
    </p>
   </div>
   <div class='ocr_carea' id='block_1_96' title="bbox 2081 3639 3666 3738">
    <p class='ocr_par' dir='ltr' id='par_1_96' title="bbox 2081 3639 3666 3738">
     <span class='ocr_line' id='line_1_96' title="bbox 2081 3639 3666 3738; baseline 0.026 -55"><span class='ocrx_word' id='word_1_776' title='bbox 2081 3650 2228 3736; x_wconf 78' lang='lat' dir='ltr'><strong>quem</strong></span> <span class='ocrx_word' id='word_1_777' title='bbox 2275 3639 2391 3692; x_wconf 89' lang='lat' dir='ltr'><strong>ntisi</strong></span> <span class='ocrx_word' id='word_1_778' title='bbox 2431 3641 2499 3693; x_wconf 80' lang='lat' dir='ltr'><strong>ad</strong></span> <span class='ocrx_word' id='word_1_779' title='bbox 2541 3658 2626 3697; x_wconf 82' lang='lat' dir='ltr'><strong>vos</strong></span> <span class='ocrx_word' id='word_1_780' title='bbox 2654 3645 2706 3698; x_wconf 88' lang='lat' dir='ltr'><strong>in</strong></span> <span class='ocrx_word' id='word_1_781' title='bbox 2757 3648 2852 3702; x_wconf 92' lang='lat' dir='ltr'><strong>hoc</strong></span> <span class='ocrx_word' id='word_1_782' title='bbox 2879 3652 3068 3722; x_wconf 89' lang='lat' dir='ltr'><strong>ipsum,</strong></span> <span class='ocrx_word' id='word_1_783' title='bbox 3112 3668 3165 3710; x_wconf 88' lang='lat' dir='ltr'><strong>ut</strong></span> <span class='ocrx_word' id='word_1_784' title='bbox 3194 3666 3509 3729; x_wconf 83' lang='lat' dir='ltr'><strong>cognoscatis</strong></span> <span class='ocrx_word' id='word_1_785' title='bbox 3551 3684 3666 3738; x_wconf 81' lang='lat' dir='ltr'><strong>qua:</strong></span> 
     </span>
    </p>
   </div>
   <div class='ocr_carea' id='block_1_97' title="bbox 2081 3741 3658 3828">
    <p class='ocr_par' dir='ltr' id='par_1_97' title="bbox 2081 3741 3658 3828">
     <span class='ocr_line' id='line_1_97' title="bbox 2081 3741 3658 3828; baseline 0.027 -51"><span class='ocrx_word' id='word_1_786' title='bbox 2081 3741 2332 3828; x_wconf 43' lang='lat' dir='ltr'><strong>energies</strong></span> <span class='ocrx_word' id='word_1_787' title='bbox 2360 3743 2512 3828; x_wconf 58' lang='lat' dir='ltr'><strong>sunt,</strong></span> <span class='ocrx_word' id='word_1_788' title='bbox 2540 3746 2586 3788; x_wconf 92' lang='lat' dir='ltr'><strong>et</strong></span> <span class='ocrx_word' id='word_1_789' title='bbox 2616 3741 2906 3796; x_wconf 89' lang='lat' dir='ltr'><strong>consoletur</strong></span> <span class='ocrx_word' id='word_1_790' title='bbox 2934 3746 3090 3802; x_wconf 79' lang='lat' dir='ltr'><strong>corda</strong></span> <span class='ocrx_word' id='word_1_791' title='bbox 3137 3762 3300 3807; x_wconf 80' lang='lat' dir='ltr'><strong>uestra</strong></span> <span class='ocrx_word' id='word_1_792' title='bbox 3331 3755 3351 3826; x_wconf 93' lang='lat'><strong>(</strong></span> <span class='ocrx_word' id='word_1_793' title='bbox 3372 3755 3565 3828; x_wconf 84' lang='lat' dir='ltr'><strong>Ephes.</strong></span> <span class='ocrx_word' id='word_1_794' title='bbox 3606 3761 3658 3818; x_wconf 84' lang='lat'><strong>6.</strong></span> 
     </span>
    </p>
   </div>
   <div class='ocr_carea' id='block_1_98' title="bbox 2079 3816 3663 3915">
    <p class='ocr_par' dir='ltr' id='par_1_98' title="bbox 2079 3816 3663 3915">
     <span class='ocr_line' id='line_1_98' title="bbox 2079 3816 3663 3915; baseline 0.026 -46"><span class='ocrx_word' id='word_1_795' title='bbox 2079 3816 2168 3915; x_wconf 61' lang='lat' dir='ltr'><strong>at.</strong></span> <span class='ocrx_word' id='word_1_796' title='bbox 2198 3817 2414 3915; x_wconf 74' lang='lat' dir='ltr'><strong>22)_._tn</strong></span> <span class='ocrx_word' id='word_1_797' title='bbox 2444 3824 2563 3879; x_wconf 88' lang='lat' dir='ltr'><strong>aliis</strong></span> <span class='ocrx_word' id='word_1_798' title='bbox 2613 3843 2826 3900; x_wconf 84' lang='lat' dir='ltr'><strong>quoque</strong></span> <span class='ocrx_word' id='word_1_799' title='bbox 2877 3837 3119 3904; x_wconf 75' lang='lat' dir='ltr'><strong>epistolis</strong></span> <span class='ocrx_word' id='word_1_800' title='bbox 3161 3841 3264 3898; x_wconf 84' lang='lat' dir='ltr'><strong>hoc</strong></span> <span class='ocrx_word' id='word_1_801' title='bbox 3293 3816 3473 3915; x_wconf 69' lang='grc' dir='ltr'><strong>ίιὶευὶη</strong></span> <span class='ocrx_word' id='word_1_802' title='bbox 3515 3816 3663 3910; x_wconf 65' lang='lat' dir='ltr'><strong>non.</strong></span> 
     </span>
    </p>
   </div>
   <div class='ocr_carea' id='block_1_99' title="bbox 2078 3906 3659 4006">
    <p class='ocr_par' dir='ltr' id='par_1_99' title="bbox 2078 3906 3659 4006">
     <span class='ocr_line' id='line_1_99' title="bbox 2078 3906 3659 4006; baseline 0.024 -45"><span class='ocrx_word' id='word_1_803' title='bbox 2078 3906 2262 3979; x_wconf 90' lang='lat' dir='ltr'><strong>Neque</strong></span> <span class='ocrx_word' id='word_1_804' title='bbox 2302 3911 2353 3966; x_wconf 91' lang='lat' dir='ltr'><strong>id</strong></span> <span class='ocrx_word' id='word_1_805' title='bbox 2399 3927 2854 3986; x_wconf 87' lang='lat' dir='ltr'><strong>supervacaneum</strong></span> <span class='ocrx_word' id='word_1_806' title='bbox 2883 3934 3000 3992; x_wconf 86' lang='lat' dir='ltr'><strong>est,</strong></span> <span class='ocrx_word' id='word_1_807' title='bbox 3046 3929 3140 3984; x_wconf 90' lang='lat' dir='ltr'><strong>sed</strong></span> <span class='ocrx_word' id='word_1_808' title='bbox 3196 3906 3453 4006; x_wconf 77' lang='lat' dir='ltr'><strong>perquam</strong></span> 
     </span>
    </p>
   </div>
   <div class='ocr_carea' id='block_1_100' title="bbox 2079 4004 3664 4102">
    <p class='ocr_par' dir='ltr' id='par_1_100' title="bbox 2079 4004 3664 4102">
     <span class='ocr_line' id='line_1_100' title="bbox 2079 4004 3664 4102; baseline 0.023 -49"><span class='ocrx_word' id='word_1_809' title='bbox 2079 4004 2480 4102; x_wconf 76' lang='lat' dir='ltr'><strong>necessarium:</strong></span> <span class='ocrx_word' id='word_1_810' title='bbox 2535 4010 2729 4078; x_wconf 89' lang='lat' dir='ltr'><strong>partim</strong></span> <span class='ocrx_word' id='word_1_811' title='bbox 2782 4013 2851 4070; x_wconf 90' lang='lat' dir='ltr'><strong>ob</strong></span> <span class='ocrx_word' id='word_1_812' title='bbox 2900 4014 3172 4088; x_wconf 88' lang='lat' dir='ltr'><strong>ingentem</strong></span> <span class='ocrx_word' id='word_1_813' title='bbox 3221 4004 3500 4086; x_wconf 81' lang='lat' dir='ltr'><strong>caritatem</strong></span> <span class='ocrx_word' id='word_1_814' title='bbox 3555 4048 3664 4102; x_wconf 83' lang='lat' dir='ltr'><strong>qua</strong></span> 
     </span>
    </p>
   </div>
   <div class='ocr_carea' id='block_1_101' title="bbox 2079 4092 3664 4178">
    <p class='ocr_par' dir='ltr' id='par_1_101' title="bbox 2079 4092 3664 4178">
     <span class='ocr_line' id='line_1_101' title="bbox 2079 4092 3664 4178; baseline 0.02 -30"><span class='ocrx_word' id='word_1_815' title='bbox 2079 4092 2370 4166; x_wconf 88' lang='lat' dir='ltr'><strong>discipulos</strong></span> <span class='ocrx_word' id='word_1_816' title='bbox 2396 4102 2822 4172; x_wconf 87' lang='lat' dir='ltr'><strong>prosequebatur</strong></span> <span class='ocrx_word' id='word_1_817' title='bbox 2843 4147 2858 4174; x_wconf 92' lang='lat'><strong>,</strong></span> <span class='ocrx_word' id='word_1_818' title='bbox 2893 4111 3082 4178; x_wconf 88' lang='lat' dir='ltr'><strong>partim</strong></span> <span class='ocrx_word' id='word_1_819' title='bbox 3113 4113 3182 4168; x_wconf 92' lang='lat' dir='ltr'><strong>ob</strong></span> <span class='ocrx_word' id='word_1_820' title='bbox 3209 4117 3452 4176; x_wconf 86' lang='lat' dir='ltr'><strong>assiduas</strong></span> <span class='ocrx_word' id='word_1_821' title='bbox 3489 4092 3664 4178; x_wconf 73' lang='lat' dir='ltr'><strong>tenta~</strong></span> 
     </span>
    </p>
   </div>
   <div class='ocr_carea' id='block_1_102' title="bbox 2082 4184 3662 4279">
    <p class='ocr_par' dir='ltr' id='par_1_102' title="bbox 2082 4184 3662 4279">
     <span class='ocr_line' id='line_1_102' title="bbox 2082 4184 3662 4279; baseline 0.02 -41"><span class='ocrx_word' id='word_1_822' title='bbox 2082 4184 2292 4253; x_wconf 89' lang='lat' dir='ltr'><strong>tiones,</strong></span> <span class='ocrx_word' id='word_1_823' title='bbox 2322 4188 2373 4242; x_wconf 92' lang='lat' dir='ltr'><strong>in</strong></span> <span class='ocrx_word' id='word_1_824' title='bbox 2425 4191 2622 4259; x_wconf 92' lang='lat' dir='ltr'><strong>quibus</strong></span> <span class='ocrx_word' id='word_1_825' title='bbox 2673 4209 2960 4268; x_wconf 83' lang='lat' dir='ltr'><strong>permagna</strong></span> <span class='ocrx_word' id='word_1_826' title='bbox 3002 4204 3301 4261; x_wconf 83' lang='lat' dir='ltr'><strong>consolatio</strong></span> <span class='ocrx_word' id='word_1_827' title='bbox 3347 4220 3480 4279; x_wconf 89' lang='lat' dir='ltr'><strong>erat,</strong></span> <span class='ocrx_word' id='word_1_828' title='bbox 3510 4229 3662 4269; x_wconf 82' lang='lat' dir='ltr'><strong>com-</strong></span> 
     </span>
    </p>
   </div>
   <div class='ocr_carea' id='block_1_103' title="bbox 2080 4278 3657 4366">
    <p class='ocr_par' dir='ltr' id='par_1_103' title="bbox 2080 4278 3657 4366">
     <span class='ocr_line' id='line_1_103' title="bbox 2080 4278 3657 4366; baseline 0.023 -40"><span class='ocrx_word' id='word_1_829' title='bbox 2080 4284 2286 4366; x_wconf 85' lang='lat' dir='ltr'><strong>pertutn</strong></span> <span class='ocrx_word' id='word_1_830' title='bbox 2319 4278 2518 4335; x_wconf 82' lang='lat' dir='ltr'><strong>habere</strong></span> <span class='ocrx_word' id='word_1_831' title='bbox 2541 4298 2771 4352; x_wconf 87' lang='lat' dir='ltr'><strong>quonam</strong></span> <span class='ocrx_word' id='word_1_832' title='bbox 2792 4296 2933 4343; x_wconf 88' lang='lat' dir='ltr'><strong>statu</strong></span> <span class='ocrx_word' id='word_1_833' title='bbox 2955 4300 3177 4363; x_wconf 88' lang='lat' dir='ltr'><strong>utraque</strong></span> <span class='ocrx_word' id='word_1_834' title='bbox 3206 4311 3272 4351; x_wconf 73' lang='lat' dir='ltr'><strong>ex</strong></span> <span class='ocrx_word' id='word_1_835' title='bbox 3299 4278 3566 4366; x_wconf 87' lang='lat' dir='ltr'><strong>partcrcs</strong></span> <span class='ocrx_word' id='word_1_836' title='bbox 3594 4319 3657 4364; x_wconf 88' lang='lat' dir='ltr'><strong>se</strong></span> 
     </span>
    </p>
   </div>
   <div class='ocr_carea' id='block_1_104' title="bbox 2078 4364 3656 4462">
    <p class='ocr_par' dir='ltr' id='par_1_104' title="bbox 2078 4364 3656 4462">
     <span class='ocr_line' id='line_1_104' title="bbox 2078 4364 3656 4462; baseline 0.022 -44"><span class='ocrx_word' id='word_1_837' title='bbox 2078 4364 2374 4424; x_wconf 84' lang='lat' dir='ltr'><strong>baberent:</strong></span> <span class='ocrx_word' id='word_1_838' title='bbox 2408 4387 2513 4441; x_wconf 93' lang='lat' dir='ltr'><strong>quo</strong></span> <span class='ocrx_word' id='word_1_839' title='bbox 2539 4375 2812 4443; x_wconf 89' lang='lat' dir='ltr'><strong>nimirum,</strong></span> <span class='ocrx_word' id='word_1_840' title='bbox 2843 4380 2887 4434; x_wconf 92' lang='lat' dir='ltr'><strong>si</strong></span> <span class='ocrx_word' id='word_1_841' title='bbox 2921 4382 3099 4438; x_wconf 87' lang='lat' dir='ltr'><strong>tristes</strong></span> <span class='ocrx_word' id='word_1_842' title='bbox 3120 4395 3174 4440; x_wconf 92' lang='lat' dir='ltr'><strong>et</strong></span> <span class='ocrx_word' id='word_1_843' title='bbox 3201 4364 3412 4445; x_wconf 77' lang='lat' dir='ltr'><strong>acerba:</strong></span> <span class='ocrx_word' id='word_1_844' title='bbox 3434 4407 3616 4452; x_wconf 86' lang='lat' dir='ltr'><strong>essent</strong></span> <span class='ocrx_word' id='word_1_845' title='bbox 3640 4439 3656 4462; x_wconf 91' lang='lat'><strong>,</strong></span> 
     </span>
    </p>
   </div>
   <div class='ocr_carea' id='block_1_105' title="bbox 2076 4459 3663 4553">
    <p class='ocr_par' dir='ltr' id='par_1_105' title="bbox 2076 4459 3663 4553">
     <span class='ocr_line' id='line_1_105' title="bbox 2076 4459 3663 4553; baseline 0.021 -41"><span class='ocrx_word' id='word_1_846' title='bbox 2076 4459 2264 4553; x_wconf 85' lang='lat' dir='ltr'><strong>adeas</strong></span> <span class='ocrx_word' id='word_1_847' title='bbox 2307 4461 2652 4533; x_wconf 82' lang='lat' dir='ltr'><strong>perferendas</strong></span> <span class='ocrx_word' id='word_1_848' title='bbox 2695 4483 2754 4524; x_wconf 89' lang='lat' dir='ltr'><strong>se</strong></span> <span class='ocrx_word' id='word_1_849' title='bbox 2795 4485 3199 4546; x_wconf 83' lang='lat' dir='ltr'><strong>compararent,</strong></span> <span class='ocrx_word' id='word_1_850' title='bbox 3236 4484 3480 4553; x_wconf 80' lang='lat' dir='ltr'><strong>atquein</strong></span> <span class='ocrx_word' id='word_1_851' title='bbox 3509 4459 3663 4545; x_wconf 76' lang='lat' dir='ltr'><strong>solli-</strong></span> 
     </span>
    </p>
   </div>
   <div class='ocr_carea' id='block_1_106' title="bbox 2076 4552 3664 4653">
    <p class='ocr_par' dir='ltr' id='par_1_106' title="bbox 2076 4552 3664 4653">
     <span class='ocr_line' id='line_1_106' title="bbox 2076 4552 3664 4653; baseline 0.022 -47"><span class='ocrx_word' id='word_1_852' title='bbox 2076 4552 2315 4653; x_wconf 83' lang='lat' dir='ltr'><strong>citudine</strong></span> <span class='ocrx_word' id='word_1_853' title='bbox 2338 4558 2715 4630; x_wconf 89' lang='lat' dir='ltr'><strong>eautioresque</strong></span> <span class='ocrx_word' id='word_1_854' title='bbox 2741 4574 2954 4633; x_wconf 87' lang='lat' dir='ltr'><strong>essent;</strong></span> <span class='ocrx_word' id='word_1_855' title='bbox 2995 4568 3077 4623; x_wconf 88' lang='lat' dir='ltr'><strong>sin</strong></span> <span class='ocrx_word' id='word_1_856' title='bbox 3107 4581 3290 4630; x_wconf 88' lang='lat' dir='ltr'><strong>autem</strong></span> <span class='ocrx_word' id='word_1_857' title='bbox 3311 4552 3455 4633; x_wconf 18' lang='lat' dir='ltr'><strong>rliBL&#39;B</strong></span> <span class='ocrx_word' id='word_1_858' title='bbox 3480 4595 3545 4637; x_wconf 88' lang='lat' dir='ltr'><strong>ac</strong></span> <span class='ocrx_word' id='word_1_859' title='bbox 3570 4582 3664 4653; x_wconf 84' lang='lat' dir='ltr'><strong>ju-</strong></span> 
     </span>
    </p>
   </div>
   <div class='ocr_carea' id='block_1_107' title="bbox 2076 4644 3656 4732">
    <p class='ocr_par' dir='ltr' id='par_1_107' title="bbox 2076 4644 3656 4732">
     <span class='ocr_line' id='line_1_107' title="bbox 2076 4644 3656 4732; baseline 0.022 -35"><span class='ocrx_word' id='word_1_860' title='bbox 2076 4644 2286 4712; x_wconf 84' lang='lat' dir='ltr'><strong>cundae,</strong></span> <span class='ocrx_word' id='word_1_861' title='bbox 2315 4647 2474 4704; x_wconf 92' lang='lat' dir='ltr'><strong>simul</strong></span> <span class='ocrx_word' id='word_1_862' title='bbox 2499 4650 2816 4721; x_wconf 86' lang='lat' dir='ltr'><strong>gauderent.</strong></span> <span class='ocrx_word' id='word_1_863' title='bbox 2844 4655 3110 4716; x_wconf 66' lang='lat' dir='ltr'><strong>Caeterum</strong></span> <span class='ocrx_word' id='word_1_864' title='bbox 3134 4662 3235 4720; x_wconf 85' lang='lat' dir='ltr'><strong>hoc</strong></span> <span class='ocrx_word' id='word_1_865' title='bbox 3264 4666 3380 4723; x_wconf 87' lang='lat' dir='ltr'><strong>loco</strong></span> <span class='ocrx_word' id='word_1_866' title='bbox 3404 4681 3458 4726; x_wconf 92' lang='lat' dir='ltr'><strong>et</strong></span> <span class='ocrx_word' id='word_1_867' title='bbox 3487 4644 3656 4732; x_wconf 62' lang='lat' dir='ltr'><strong>lenia-</strong></span> 
     </span>
    </p>
   </div>
   <div class='ocr_carea' id='block_1_108' title="bbox 2075 4735 3656 4834">
    <p class='ocr_par' dir='ltr' id='par_1_108' title="bbox 2075 4735 3656 4834">
     <span class='ocr_line' id='line_1_108' title="bbox 2075 4735 3656 4834; baseline 0.023 -47"><span class='ocrx_word' id='word_1_868' title='bbox 2075 4735 2276 4834; x_wconf 31' lang='lat' dir='ltr'><strong>tionu‘m</strong></span> <span class='ocrx_word' id='word_1_869' title='bbox 2310 4739 2667 4798; x_wconf 87' lang='lat' dir='ltr'><strong>iuvectionem</strong></span> <span class='ocrx_word' id='word_1_870' title='bbox 2689 4784 2707 4811; x_wconf 92' lang='lat'><strong>,</strong></span> <span class='ocrx_word' id='word_1_871' title='bbox 2733 4755 2788 4800; x_wconf 89' lang='lat' dir='ltr'><strong>et</strong></span> <span class='ocrx_word' id='word_1_872' title='bbox 2815 4762 2922 4818; x_wconf 89' lang='lat' dir='ltr'><strong>quo</strong></span> <span class='ocrx_word' id='word_1_873' title='bbox 2948 4760 3104 4819; x_wconf 87' lang='lat' dir='ltr'><strong>pacto</strong></span> <span class='ocrx_word' id='word_1_874' title='bbox 3145 4753 3227 4808; x_wconf 81' lang='lat' dir='ltr'><strong>liis</strong></span> <span class='ocrx_word' id='word_1_875' title='bbox 3252 4755 3508 4819; x_wconf 84' lang='lat' dir='ltr'><strong>liberatus</strong></span> <span class='ocrx_word' id='word_1_876' title='bbox 3547 4767 3619 4823; x_wconf 91' lang='lat' dir='ltr'><strong>sit</strong></span> <span class='ocrx_word' id='word_1_877' title='bbox 3640 4811 3656 4834; x_wconf 87' lang='lat'><strong>,</strong></span> 
     </span>
    </p>
   </div>
   <div class='ocr_carea' id='block_1_109' title="bbox 2075 4828 3668 4918">
    <p class='ocr_par' dir='ltr' id='par_1_109' title="bbox 2075 4828 3668 4918">
     <span class='ocr_line' id='line_1_109' title="bbox 2075 4828 3668 4918; baseline 0.021 -37"><span class='ocrx_word' id='word_1_878' title='bbox 2075 4828 2234 4883; x_wconf 90' lang='lat' dir='ltr'><strong>simul</strong></span> <span class='ocrx_word' id='word_1_879' title='bbox 2259 4833 2498 4901; x_wconf 85' lang='lat' dir='ltr'><strong>exponit.</strong></span> <span class='ocrx_word' id='word_1_880' title='bbox 2530 4835 2783 4902; x_wconf 85' lang='lat' dir='ltr'><strong>Quoniam</strong></span> <span class='ocrx_word' id='word_1_881' title='bbox 2811 4856 2969 4911; x_wconf 90' lang='lat' dir='ltr'><strong>supra</strong></span> <span class='ocrx_word' id='word_1_882' title='bbox 3007 4843 3212 4898; x_wconf 84' lang='lat' dir='ltr'><strong>modum</strong></span> <span class='ocrx_word' id='word_1_883' title='bbox 3240 4853 3435 4918; x_wconf 83' lang='lat' dir='ltr'><strong>gravati</strong></span> <span class='ocrx_word' id='word_1_884' title='bbox 3481 4828 3668 4917; x_wconf 59' lang='lat' dir='ltr'><strong>sumus</strong></span> 
     </span>
    </p>
   </div>
   <div class='ocr_carea' id='block_1_110' title="bbox 2074 4925 3658 5020">
    <p class='ocr_par' dir='ltr' id='par_1_110' title="bbox 2074 4925 3658 5020">
     <span class='ocr_line' id='line_1_110' title="bbox 2074 4925 3658 5020; baseline 0.021 -46"><span class='ocrx_word' id='word_1_885' title='bbox 2074 4937 2232 4992; x_wconf 86' lang='lat' dir='ltr'><strong>supra</strong></span> <span class='ocrx_word' id='word_1_886' title='bbox 2263 4925 2668 5020; x_wconf 78' lang='lat' dir='ltr'><strong>virtutem;uon</strong></span> <span class='ocrx_word' id='word_1_887' title='bbox 2707 4944 2862 4985; x_wconf 89' lang='lat' dir='ltr'><strong>secus</strong></span> <span class='ocrx_word' id='word_1_888' title='bbox 2891 4933 3142 4991; x_wconf 87' lang='lat' dir='ltr'><strong>videlicet</strong></span> <span class='ocrx_word' id='word_1_889' title='bbox 3168 4953 3232 4994; x_wconf 89' lang='lat' dir='ltr'><strong>ac</strong></span> <span class='ocrx_word' id='word_1_890' title='bbox 3258 4943 3408 5001; x_wconf 86' lang='lat' dir='ltr'><strong>navis</strong></span> <span class='ocrx_word' id='word_1_891' title='bbox 3445 4947 3658 5020; x_wconf 89' lang='lat' dir='ltr'><strong>aliqua,</strong></span> 
     </span>
    </p>
   </div>
   <div class='ocr_carea' id='block_1_111' title="bbox 2073 5016 3659 5106">
    <p class='ocr_par' dir='ltr' id='par_1_111' title="bbox 2073 5016 3659 5106">
     <span class='ocr_line' id='line_1_111' title="bbox 2073 5016 3659 5106; baseline 0.021 -40"><span class='ocrx_word' id='word_1_892' title='bbox 2073 5028 2194 5086; x_wconf 63' lang='lat' dir='ltr'><strong>qua:</strong></span> <span class='ocrx_word' id='word_1_893' title='bbox 2223 5016 2372 5086; x_wconf 83' lang='lat' dir='ltr'><strong>gravi</strong></span> <span class='ocrx_word' id='word_1_894' title='bbox 2421 5017 2653 5086; x_wconf 87' lang='lat' dir='ltr'><strong>quodam</strong></span> <span class='ocrx_word' id='word_1_895' title='bbox 2683 5035 2849 5077; x_wconf 89' lang='lat' dir='ltr'><strong>onere</strong></span> <span class='ocrx_word' id='word_1_896' title='bbox 2891 5023 3240 5098; x_wconf 85' lang='lat' dir='ltr'><strong>demergitur.</strong></span> <span class='ocrx_word' id='word_1_897' title='bbox 3287 5033 3466 5106; x_wconf 80' lang='lat' dir='ltr'><strong>Atque</strong></span> <span class='ocrx_word' id='word_1_898' title='bbox 3493 5016 3659 5100; x_wconf 78' lang='lat' dir='ltr'><strong>unam</strong></span> 
     </span>
    </p>
   </div>
   <div class='ocr_carea' id='block_1_112' title="bbox 2072 5107 3648 5194">
    <p class='ocr_par' dir='ltr' id='par_1_112' title="bbox 2072 5107 3648 5194">
     <span class='ocr_line' id='line_1_112' title="bbox 2072 5107 3648 5194; baseline 0.018 -35"><span class='ocrx_word' id='word_1_899' title='bbox 2072 5107 2287 5176; x_wconf 90' lang='lat' dir='ltr'><strong>quidem</strong></span> <span class='ocrx_word' id='word_1_900' title='bbox 2319 5117 2372 5162; x_wconf 90' lang='lat' dir='ltr'><strong>et</strong></span> <span class='ocrx_word' id='word_1_901' title='bbox 2394 5110 2637 5165; x_wconf 87' lang='lat' dir='ltr'><strong>eamdem</strong></span> <span class='ocrx_word' id='word_1_902' title='bbox 2666 5127 2781 5168; x_wconf 91' lang='lat' dir='ltr'><strong>rem</strong></span> <span class='ocrx_word' id='word_1_903' title='bbox 2811 5113 2896 5170; x_wconf 84' lang='lat' dir='ltr'><strong>his</strong></span> <span class='ocrx_word' id='word_1_904' title='bbox 2925 5119 3102 5174; x_wconf 89' lang='lat' dir='ltr'><strong>verbis</strong></span> <span class='ocrx_word' id='word_1_905' title='bbox 3146 5120 3450 5194; x_wconf 89' lang='lat' dir='ltr'><strong>intelligere</strong></span> <span class='ocrx_word' id='word_1_906' title='bbox 3493 5132 3648 5187; x_wconf 87' lang='lat' dir='ltr'><strong>vide-</strong></span> 
     </span>
    </p>
   </div>
   <div class='ocr_carea' id='block_1_113' title="bbox 2076 5200 3657 5288">
    <p class='ocr_par' dir='ltr' id='par_1_113' title="bbox 2076 5200 3657 5288">
     <span class='ocr_line' id='line_1_113' title="bbox 2076 5200 3657 5288; baseline 0.016 -36"><span class='ocrx_word' id='word_1_907' title='bbox 2076 5207 2192 5267; x_wconf 90' lang='lat' dir='ltr'><strong>tur,</strong></span> <span class='ocrx_word' id='word_1_908' title='bbox 2221 5215 2342 5256; x_wconf 91' lang='lat' dir='ltr'><strong>cum</strong></span> <span class='ocrx_word' id='word_1_909' title='bbox 2371 5200 2540 5269; x_wconf 82' lang='lat' dir='ltr'><strong>dixit,</strong></span> <span class='ocrx_word' id='word_1_910' title='bbox 2575 5201 2753 5276; x_wconf 89' lang='lat' dir='ltr'><strong>Supra</strong></span> <span class='ocrx_word' id='word_1_911' title='bbox 2778 5209 3018 5278; x_wconf 84' lang='lat' dir='ltr'><strong>modum,</strong></span> <span class='ocrx_word' id='word_1_912' title='bbox 3049 5219 3141 5280; x_wconf 90' lang='lat' dir='ltr'><strong>et,</strong></span> <span class='ocrx_word' id='word_1_913' title='bbox 3171 5212 3348 5286; x_wconf 86' lang='lat' dir='ltr'><strong>Supra</strong></span> <span class='ocrx_word' id='word_1_914' title='bbox 3385 5218 3618 5276; x_wconf 79' lang='lat' dir='ltr'><strong>virtutem</strong></span> <span class='ocrx_word' id='word_1_915' title='bbox 3636 5239 3657 5288; x_wconf 71' lang='lat'><strong>,-</strong></span> 
     </span>
    </p>
   </div>
   <div class='ocr_carea' id='block_1_114' title="bbox 2078 5299 3656 5378">
    <p class='ocr_par' dir='ltr' id='par_1_114' title="bbox 2078 5299 3656 5378">
     <span class='ocr_line' id='line_1_114' title="bbox 2078 5299 3656 5378; baseline 0.013 -32"><span class='ocrx_word' id='word_1_916' title='bbox 2078 5307 2183 5346; x_wconf 92' lang='lat' dir='ltr'><strong>nou</strong></span> <span class='ocrx_word' id='word_1_917' title='bbox 2217 5301 2391 5348; x_wconf 87' lang='lat' dir='ltr'><strong>tamen</strong></span> <span class='ocrx_word' id='word_1_918' title='bbox 2426 5311 2530 5350; x_wconf 89' lang='lat' dir='ltr'><strong>una</strong></span> <span class='ocrx_word' id='word_1_919' title='bbox 2553 5306 2638 5352; x_wconf 91' lang='lat' dir='ltr'><strong>cst</strong></span> <span class='ocrx_word' id='word_1_920' title='bbox 2659 5339 2679 5366; x_wconf 93' lang='lat'><strong>,</strong></span> <span class='ocrx_word' id='word_1_921' title='bbox 2707 5299 2803 5354; x_wconf 90' lang='lat' dir='ltr'><strong>sed</strong></span> <span class='ocrx_word' id='word_1_922' title='bbox 2833 5299 2974 5357; x_wconf 68' lang='lat' dir='ltr'><strong>duae.</strong></span> <span class='ocrx_word' id='word_1_923' title='bbox 3004 5302 3216 5360; x_wconf 84' lang='lat' dir='ltr'><strong>Etenim</strong></span> <span class='ocrx_word' id='word_1_924' title='bbox 3245 5322 3313 5361; x_wconf 91' lang='lat' dir='ltr'><strong>ne</strong></span> <span class='ocrx_word' id='word_1_925' title='bbox 3339 5309 3458 5378; x_wconf 87' lang='lat' dir='ltr'><strong>quis</strong></span> <span class='ocrx_word' id='word_1_926' title='bbox 3488 5310 3656 5376; x_wconf 86' lang='lat' dir='ltr'><strong>dicat,</strong></span> 
     </span>
    </p>
   </div>
   <div class='ocr_carea' id='block_1_115' title="bbox 2073 5385 3654 5474">
    <p class='ocr_par' dir='ltr' id='par_1_115' title="bbox 2073 5385 3654 5474">
     <span class='ocr_line' id='line_1_115' title="bbox 2073 5385 3654 5474; baseline 0.011 -33"><span class='ocrx_word' id='word_1_927' title='bbox 2073 5385 2213 5452; x_wconf 88' lang='lat' dir='ltr'><strong>Quid</strong></span> <span class='ocrx_word' id='word_1_928' title='bbox 2239 5388 2382 5444; x_wconf 87' lang='lat' dir='ltr'><strong>enim</strong></span> <span class='ocrx_word' id='word_1_929' title='bbox 2402 5429 2419 5457; x_wconf 92' lang='lat'><strong>,</strong></span> <span class='ocrx_word' id='word_1_930' title='bbox 2447 5390 2494 5444; x_wconf 87' lang='lat' dir='ltr'><strong>si</strong></span> <span class='ocrx_word' id='word_1_931' title='bbox 2517 5406 2678 5462; x_wconf 84' lang='lat' dir='ltr'><strong>supra</strong></span> <span class='ocrx_word' id='word_1_932' title='bbox 2704 5392 2920 5448; x_wconf 87' lang='lat' dir='ltr'><strong>modum</strong></span> <span class='ocrx_word' id='word_1_933' title='bbox 2949 5394 3163 5464; x_wconf 88' lang='lat' dir='ltr'><strong>quidem</strong></span> <span class='ocrx_word' id='word_1_934' title='bbox 3185 5406 3302 5452; x_wconf 83' lang='lat' dir='ltr'><strong>erat</strong></span> <span class='ocrx_word' id='word_1_935' title='bbox 3329 5399 3654 5474; x_wconf 87' lang='lat' dir='ltr'><strong>periculum,</strong></span> 
     </span>
    </p>
   </div>
   <div class='ocr_carea' id='block_1_116' title="bbox 2072 5484 3657 5562">
    <p class='ocr_par' dir='ltr' id='par_1_116' title="bbox 2072 5484 3657 5562">
     <span class='ocr_line' id='line_1_116' title="bbox 2072 5484 3657 5562; baseline 0.011 -25"><span class='ocrx_word' id='word_1_936' title='bbox 2072 5484 2226 5539; x_wconf 91' lang='lat' dir='ltr'><strong>vobis</strong></span> <span class='ocrx_word' id='word_1_937' title='bbox 2252 5492 2429 5539; x_wconf 87' lang='lat' dir='ltr'><strong>autem</strong></span> <span class='ocrx_word' id='word_1_938' title='bbox 2459 5499 2566 5543; x_wconf 87' lang='lat' dir='ltr'><strong>non</strong></span> <span class='ocrx_word' id='word_1_939' title='bbox 2593 5499 2844 5554; x_wconf 86' lang='lat' dir='ltr'><strong>magnum</strong></span> <span class='ocrx_word' id='word_1_940' title='bbox 2867 5484 3024 5540; x_wconf 72' lang='lat' dir='ltr'><strong>erat?</strong></span> <span class='ocrx_word' id='word_1_941' title='bbox 3051 5486 3255 5543; x_wconf 85' lang='lat' dir='ltr'><strong>idcirco</strong></span> <span class='ocrx_word' id='word_1_942' title='bbox 3281 5491 3519 5548; x_wconf 83' lang='lat' dir='ltr'><strong>subdidit</strong></span> <span class='ocrx_word' id='word_1_943' title='bbox 3539 5535 3560 5562; x_wconf 87' lang='lat'><strong>,</strong></span> <span class='ocrx_word' id='word_1_944' title='bbox 3587 5496 3657 5554; x_wconf 82' lang='lat' dir='ltr'><strong>Et</strong></span> 
     </span>
    </p>
   </div>
   <div class='ocr_carea' id='block_1_117' title="bbox 2073 5575 3658 5658">
    <p class='ocr_par' dir='ltr' id='par_1_117' title="bbox 2073 5575 3658 5658">
     <span class='ocr_line' id='line_1_117' title="bbox 2073 5575 3658 5658; baseline 0.005 -27"><span class='ocrx_word' id='word_1_945' title='bbox 2073 5589 2324 5647; x_wconf 83' lang='lat' dir='ltr'><strong>magnum</strong></span> <span class='ocrx_word' id='word_1_946' title='bbox 2348 5584 2467 5632; x_wconf 84' lang='lat' dir='ltr'><strong>erat</strong></span> <span class='ocrx_word' id='word_1_947' title='bbox 2486 5584 2540 5632; x_wconf 90' lang='lat' dir='ltr'><strong>et</strong></span> <span class='ocrx_word' id='word_1_948' title='bbox 2561 5575 2706 5632; x_wconf 89' lang='lat' dir='ltr'><strong>vires</strong></span> <span class='ocrx_word' id='word_1_949' title='bbox 2731 5585 2950 5631; x_wconf 86' lang='lat' dir='ltr'><strong>nostras</strong></span> <span class='ocrx_word' id='word_1_950' title='bbox 2968 5579 3282 5647; x_wconf 84' lang='lat' dir='ltr'><strong>superabat,</strong></span> <span class='ocrx_word' id='word_1_951' title='bbox 3301 5589 3466 5653; x_wconf 88' lang='lat' dir='ltr'><strong>atque</strong></span> <span class='ocrx_word' id='word_1_952' title='bbox 3487 5599 3658 5658; x_wconf 70' lang='lat' dir='ltr'><strong>usque</strong></span> 
     </span>
    </p>
   </div>
   <div class='ocr_carea' id='block_1_118' title="bbox 2073 5667 3657 5738">
    <p class='ocr_par' dir='ltr' id='par_1_118' title="bbox 2073 5667 3657 5738">
     <span class='ocr_line' id='line_1_118' title="bbox 2073 5667 3657 5738; baseline 0.007 -16"><span class='ocrx_word' id='word_1_953' title='bbox 2073 5667 2210 5724; x_wconf 88' lang='lat' dir='ltr'><strong>adeo</strong></span> <span class='ocrx_word' id='word_1_954' title='bbox 2254 5668 2573 5738; x_wconf 87' lang='lat' dir='ltr'><strong>superabat,</strong></span> <span class='ocrx_word' id='word_1_955' title='bbox 2607 5676 2666 5723; x_wconf 90' lang='lat' dir='ltr'><strong>ut</strong></span> <span class='ocrx_word' id='word_1_956' title='bbox 2693 5667 2856 5724; x_wconf 87' lang='lat' dir='ltr'><strong>etiam</strong></span> <span class='ocrx_word' id='word_1_957' title='bbox 2902 5667 3085 5724; x_wconf 85' lang='lat' dir='ltr'><strong>vivere</strong></span> <span class='ocrx_word' id='word_1_958' title='bbox 3133 5684 3234 5726; x_wconf 86' lang='lat' dir='ltr'><strong>uos</strong></span> <span class='ocrx_word' id='word_1_959' title='bbox 3263 5671 3524 5730; x_wconf 71' lang='lat' dir='ltr'><strong>tmderet:</strong></span> <span class='ocrx_word' id='word_1_960' title='bbox 3559 5677 3657 5736; x_wconf 86' lang='lat' dir='ltr'><strong>hoc</strong></span> 
     </span>
    </p>
   </div>
   <div class='ocr_carea' id='block_1_119' title="bbox 2074 5759 3660 5833">
    <p class='ocr_par' dir='ltr' id='par_1_119' title="bbox 2074 5759 3660 5833">
     <span class='ocr_line' id='line_1_119' title="bbox 2074 5759 3660 5833; baseline 0.006 -18"><span class='ocrx_word' id='word_1_961' title='bbox 2074 5771 2192 5828; x_wconf 86' lang='lat' dir='ltr'><strong>est,</strong></span> <span class='ocrx_word' id='word_1_962' title='bbox 2219 5761 2415 5817; x_wconf 85' lang='lat' dir='ltr'><strong>nullam</strong></span> <span class='ocrx_word' id='word_1_963' title='bbox 2453 5777 2606 5833; x_wconf 87' lang='lat' dir='ltr'><strong>spem</strong></span> <span class='ocrx_word' id='word_1_964' title='bbox 2631 5771 2685 5816; x_wconf 89' lang='lat' dir='ltr'><strong>et</strong></span> <span class='ocrx_word' id='word_1_965' title='bbox 2713 5761 3168 5831; x_wconf 77' lang='lat' dir='ltr'><strong>exspectationem</strong></span> <span class='ocrx_word' id='word_1_966' title='bbox 3210 5759 3534 5823; x_wconf 78' lang='lat' dir='ltr'><strong>haberemus</strong></span> <span class='ocrx_word' id='word_1_967' title='bbox 3560 5784 3660 5825; x_wconf 80' lang='lat' dir='ltr'><strong>nos</strong></span> 
     </span>
    </p>
   </div>
   <div class='ocr_carea' id='block_1_120' title="bbox 2079 5854 3648 5937">
    <p class='ocr_par' dir='ltr' id='par_1_120' title="bbox 2079 5854 3648 5937">
     <span class='ocr_line' id='line_1_120' title="bbox 2079 5854 3648 5937; baseline 0.006 -26"><span class='ocrx_word' id='word_1_968' title='bbox 2079 5855 2313 5928; x_wconf 87' lang='lat' dir='ltr'><strong>amplius</strong></span> <span class='ocrx_word' id='word_1_969' title='bbox 2338 5856 2594 5914; x_wconf 85' lang='lat' dir='ltr'><strong>victuros.</strong></span> <span class='ocrx_word' id='word_1_970' title='bbox 2639 5854 2694 5912; x_wconf 92' lang='lat' dir='ltr'><strong>ld</strong></span> <span class='ocrx_word' id='word_1_971' title='bbox 2745 5855 2888 5928; x_wconf 89' lang='lat' dir='ltr'><strong>quod</strong></span> <span class='ocrx_word' id='word_1_972' title='bbox 2923 5855 3086 5914; x_wconf 87' lang='lat' dir='ltr'><strong>David</strong></span> <span class='ocrx_word' id='word_1_973' title='bbox 3132 5857 3420 5918; x_wconf 78' lang='lat' dir='ltr'><strong>inferorum</strong></span> <span class='ocrx_word' id='word_1_974' title='bbox 3451 5871 3648 5937; x_wconf 78' lang='lat' dir='ltr'><strong>portas,</strong></span> 
     </span>
    </p>
   </div>
   <div class='ocr_carea' id='block_1_121' title="bbox 3613 417 3801 494">
    <p class='ocr_par' dir='ltr' id='par_1_121' title="bbox 3613 417 3801 494">
     <span class='ocr_line' id='line_1_121' title="bbox 3613 417 3801 494; baseline -0.021 -18"><span class='ocrx_word' id='word_1_975' title='bbox 3613 417 3716 476; x_wconf 68' lang='lat' dir='ltr'><strong>aut</strong></span> <span class='ocrx_word' id='word_1_976' title='bbox 3787 485 3801 494; x_wconf 36' lang='grc' dir='ltr'><strong>ο</strong></span> 
     </span>
    </p>
   </div>
  </div>
