4122 6226
479 410 583 464 595

487 537 552 575 ac
581 532 767 593 partus
800 519 1050 574 dub-res.
1083 527 1134 570 et
1168 515 1354 568 mortis
1389 513 1635 567 umbram
1669 511 1935 581 appellat,
1968 510 2069 564 hoc

490 613 742 667 nimirum
771 611 856 665 hic
885 625 1098 678 quoque
1127 607 1324 660 Paulus
1355 604 1486 658 dicit
1505 646 1520 668 ,
1553 601 1830 672 Ejusmodi
1857 602 2067 671 perieu-

490 708 594 760 lum
640 704 932 768 subiimus,
977 699 1120 770 quod
1171 698 1393 752 omnino
1438 705 1667 751 mortem
1718 694 1934 748 afferret
1963 732 1976 745 .
2009 692 2064 747 9.

489 797 595 853 Sed
625 797 722 866 ipsi
750 797 803 847 in
831 792 972 847 nobis
1001 793 1124 862 ipsis
1151 806 1446 861 responsum
1483 787 1656 840 mortis
1687 785 1983 850 habuimus,
2012 794 2068 836 ut

487 906 584 943 non
615 888 772 941 simus
822 884 1034 954 ﬁdentes
1061 885 1113 936 in
1164 881 1304 935 nobis
1325 921 1341 946 ,
1367 879 1455 934 sed
1486 880 1538 932 in
1569 876 1676 930 Deo
1722 877 1805 946 qui
1857 875 2068 930 suscitat

487 990 726 1032 mortuos.
755 976 891 1045 Quid
921 985 1002 1031 est
1020 1017 1034 1038 ,
1068 975 1384 1043 Responsum
1409 969 1582 1024 mortis
1606 968 1914 1022 habuimus?
1935 965 2067 1021 Sen-

486 1069 704 1124 tentiam
728 1109 742 1132 ,
770 1065 1030 1135 judicium
1052 1105 1067 1130 ,
1099 1063 1573 1138 exspectationem.
1605 1058 1787 1112 Talem
1816 1057 1955 1111 enim
1979 1071 2066 1110 res

486 1163 614 1230 ipsa:
657 1173 842 1213 vocem
887 1157 1201 1218 mittebam,
1246 1154 1351 1208 tale
1398 1165 1714 1220 responsum
1768 1149 1965 1204 dabant
2005 1163 2065 1202 ea

485 1269 601 1323 quae
631 1257 956 1312 evenerant,
995 1261 1188 1316 nempe
1213 1245 1353 1315 quod
1385 1243 1686 1298 certissime
1717 1241 1958 1296 morituri
1981 1255 2070 1295 es-

486 1359 686 1398 semus.
721 1342 915 1395 Verum
954 1339 1003 1393 id
1039 1353 1204 1408 usque
1233 1337 1298 1391 ad
1345 1352 1458 1390 rem
1488 1336 1658 1405 ipsam
1687 1334 1906 1388 minime
1939 1347 2065 1402 pro-

486 1437 674 1498 cessit,
733 1434 827 1489 sed
880 1434 1016 1486 intra
1069 1429 1428 1498 suspicionem
1493 1435 1733 1481 nostram
1799 1425 2058 1480 substitit.

485 1531 812 1594 Quamquam
844 1523 984 1577 enim
1018 1537 1195 1575 rerqu
1224 1528 1409 1572 natura
1442 1518 1543 1571 hoc
1588 1515 2063 1586 pronuntiaverat,

486 1629 662 1672 tamen
710 1617 802 1670 Dei
850 1617 1080 1684 potentia
1121 1612 1441 1666 sententiam
1492 1610 1542 1662 in
1591 1623 1725 1677 Opus
1767 1607 1918 1662 exire
1959 1621 2063 1660 non

485 1724 640 1780 passa
668 1716 772 1773 est,
802 1705 896 1760 sed
929 1706 979 1758 in
1006 1705 1120 1758 sola
1151 1711 1334 1756 nostra
1358 1701 1679 1770 cogitatione
1706 1709 1867 1770 atque
1892 1700 1943 1754 iu
1969 1715 2064 1753 ex-

484 1803 815 1871 spectatione
847 1799 948 1854 hoc
977 1797 1294 1866 coatingere
1342 1795 1585 1865 permisit
1619 1814 1632 1848 :
1685 1794 1912 1864 ideoque
1955 1794 2064 1860 ait,

485 1893 552 1948 In
593 1893 737 1946 nobis
769 1891 894 1960 ipsis
938 1904 1232 1958 responsum
1264 1887 1436 1940 mortis
1463 1886 1762 1952 habuimus,
1797 1903 1901 1939 non
1927 1887 1980 1939 in
2010 1902 2068 1940 re

485 1989 620 2056 ipsa.
652 1985 761 2039 Cur
787 1992 963 2035 autem
992 1993 1194 2034 tantum
1225 1979 1518 2049 periculum
1549 1977 1703 2032 nobis
1733 1977 1906 2031 creari
1939 1992 2065 2046 per-

485 2077 720 2141 miserit,
753 2083 808 2127 ut
840 2074 959 2126 vitae
985 2087 1108 2140 spes
1138 2071 1312 2124 oumis
1341 2069 1495 2124 nobis
1523 2079 1705 2137 erepta
1736 2069 1916 2122 esset?
1945 2065 2028 2121 Ne
2047 2108 2063 2133 ,

486 2169 690 2238 inquit,
724 2167 937 2236 ﬁdentes
963 2166 1119 2219 simus
1145 2165 1197 2216 in
1226 2164 1366 2216 nobis
1385 2203 1398 2227 ,
1429 2164 1517 2216 sed
1545 2163 1596 2215 in
1626 2160 1755 2215 Deo.

553 2261 608 2315 5.
635 2259 728 2313 llis
764 2268 940 2313 autem
969 2257 1146 2311 verbis
1181 2256 1375 2310 Paulus
1401 2297 1416 2322 ,
1445 2270 1550 2308 non
1585 2255 1725 2326 quod
1757 2255 1869 2325 ipse
1899 2255 1970 2308 ita
1992 2255 2070 2309 af-

485 2353 654 2408 fectus
681 2360 824 2406 esset
843 2393 856 2413 ,
891 2350 1030 2404 absit
1053 2349 1154 2403 hoc
1179 2390 1193 2413 ,
1233 2348 1328 2402 sed
1363 2357 1418 2402 ut
1447 2348 1580 2402 alios
1621 2363 1713 2418 per
1735 2363 1820 2414 ea,
1851 2363 1969 2417 qtae
1999 2347 2068 2402 de

484 2445 664 2513 seipso
692 2442 925 2510 dicebat,
952 2442 1274 2504 institueret,
1308 2441 1569 2509 simulque
1599 2441 1758 2494 etiam
1790 2440 2066 2513 modestiae

481 2535 662 2590 studio
683 2535 896 2599 ductus,
921 2533 1170 2588 utebatur
1199 2551 1212 2585 :
1239 2531 1670 2602 quandoquidem
1701 2533 1752 2586 in
1781 2547 2066 2602 progressu

483 2644 695 2699 quoque
720 2629 814 2692 ait,
865 2626 1033 2680 Datus
1068 2635 1140 2680 est
1185 2626 1308 2678 mihi
1354 2624 1588 2679 stimulus
1616 2625 1782 2679 carnis
1835 2624 1911 2696 (2.
1944 2624 2060 2681 Cor.

483 2720 572 2774 12.
623 2721 703 2789 7),
752 2719 854 2773 hoc
899 2727 1001 2784 est,
1053 2716 1398 2784 tentationes,
1427 2725 1485 2771 ut
1518 2731 1587 2771 ne
1616 2717 1866 2772 extollar.
1905 2717 2066 2788 Atqui

481 2811 626 2866 Deus
656 2826 760 2863 non
792 2809 914 2862 ideo
955 2823 1014 2863 se
1045 2807 1358 2878 permisisse
1381 2807 1473 2873 ait,
1504 2807 1599 2862 sed
1619 2809 1839 2863 alteram
1862 2809 1931 2864 ob
1950 2825 2068 2864 cau-

478 2918 620 2957 sam.
666 2902 834 2969 Quam
887 2900 1157 2955 tandem?
1206 2899 1464 2954 Nimirum
1511 2911 1569 2954 ut
1618 2902 1783 2970 ipsius
1828 2904 2065 2973 potentia

484 2995 651 3064 magis
679 2995 914 3048 eluceret
943 3012 956 3046 ε
981 2991 1180 3062 Sufﬁcit
1207 2992 1351 3046 enim
1376 2992 1480 3056 tibi,
1514 2992 1702 3061 inquit,
1733 2995 1899 3062 gratia
1919 3010 2066 3057 mea;

484 3103 601 3140 nam
633 3085 788 3140 virtus
830 3099 939 3137 mea
985 3083 1035 3136 in
1068 3083 1362 3151 inﬁrmitate
1400 3083 1663 3152 per/icitur
1697 3080 1857 3155 (Ibid.
1892 3099 1940 3136 υ.
1984 3086 2062 3154 7).

484 3177 722 3243 Verum,
753 3185 810 3230 ut
851 3191 879 3228 a
913 3190 998 3229 me
1041 3173 1242 3228 dictum
1282 3183 1385 3240 est,
1435 3189 1694 3242 nusquam
1723 3189 1900 3228 mores
1938 3190 2065 3230 suos

481 3269 834 3333 obliviscitur,
866 3269 1100 3338 seipsum
1133 3269 1272 3321 inter
1300 3281 1429 3334 eos,
1467 3268 1557 3336 qui
1585 3267 1746 3338 longe
1782 3267 2063 3324 inferiores

480 3373 634 3419 erant
669 3377 733 3416 ac
772 3361 938 3415 multa
978 3360 1258 3428 disciplina
1290 3367 1346 3414 et
1376 3359 1714 3414 correctione
1738 3375 1872 3429 opus
1901 3359 2066 3415 habe-

479 3460 628 3523 bant,
680 3470 993 3510 acccnseus.
1045 3453 1176 3508 Nam
1236 3453 1454 3522 alioqui,
1503 3468 1626 3507 eum
1673 3453 1742 3508 ad
1787 3453 2062 3508 meliorem

482 3560 714 3604 mentem
739 3545 1069 3602 revocandos
1095 3547 1255 3599 etiam
1280 3546 1528 3616 vulgares
1550 3546 1815 3612 homines,
1848 3562 1951 3599 una
1973 3556 2065 3601 aut

479 3647 644 3697 altera
711 3640 933 3696 tentatio
986 3649 1166 3693 coorta
1222 3639 1510 3704 sufficiat;
1559 3655 1790 3709 quonam
1849 3639 2061 3694 tandem

480 3734 640 3788 modo
664 3733 730 3798 is,
757 3733 846 3801 qui
872 3745 1034 3800 supra
1075 3731 1330 3784 mortales
1359 3745 1548 3784 onmes
1575 3729 1927 3784 humilitatem
1970 3746 2064 3800 per

479 3840 694 3879 onmem
733 3824 856 3878 vita:
902 3838 1117 3877 cursqu
1146 3822 1406 3887 coluerat,
1443 3822 1699 3891 pluraque
1724 3837 1884 3892 quam
1915 3823 2064 3890 quis-

480 3933 639 3987 quam
668 3917 802 3970 alius
831 3929 1111 3985 perpessus
1149 3913 1339 3975 fuerat,
1376 3923 1496 3982 post
1523 3923 1599 3966 tot
1634 3929 1802 3966 annos
1829 3928 1891 3968 ac
1917 3913 2062 3968 oculis

477 4013 691 4080 dignam
721 4007 1130 4078 philosOphiam,
1148 4005 1246 4060 hac
1267 4005 1631 4059 admonitione
1654 4021 1787 4073 opus
1803 4005 2061 4060 haberet?

487 4102 560 4157 Ex
590 4117 695 4172 quo
723 4101 1062 4171 perspicuum
1093 4098 1223 4153 illud
1266 4108 1386 4165 est,
1418 4113 1540 4152 cum
1577 4099 1680 4152 hoc
1719 4098 1836 4154 loco
1868 4097 2059 4167 partim

481 4196 756 4251 modestia:
783 4195 982 4260 studio,
1012 4193 1200 4263 partim
1226 4202 1409 4257 uteos,
1440 4192 1526 4262 qui
1557 4191 1622 4247 de
1644 4191 1836 4260 seipsis
1857 4193 2060 4259 magni-

449 4321 454 4326 -
481 4289 578 4341 tice
605 4287 905 4342 sentiebant
933 4295 1090 4355 atque
1129 4292 1441 4353 arroganter
1469 4298 1527 4336 sc
1549 4283 1842 4352 jactabant,
1875 4283 2056 4352 depri-

478 4388 652 4433 meret
675 4393 736 4432 ac
765 4386 1060 4441 coercet-et,
1097 4375 1179 4428 his
1218 4375 1396 4429 verbis
1437 4391 1589 4428 usum
1616 4375 1815 4440 fuisse,
1860 4375 1928 4430 Ut
1957 4393 2056 4429 non

475 4474 634 4525 sinitis
665 4470 874 4539 ﬁdentes
902 4470 954 4522 in
985 4468 1146 4532 nobis,
1175 4468 1263 4521 sed
1289 4467 1341 4520 in
1371 4465 1494 4520 Deo.
1529 4469 1606 4521 Ac
1632 4467 1750 4522 vide
1788 4467 2058 4537 quomodo

481 4564 581 4617 hac
621 4577 831 4632 quoque
861 4562 1066 4615 ratione
1105 4561 1313 4613 animos
1353 4574 1540 4614 eorum
1577 4557 1816 4614 deliuiat.
1859 4560 2058 4616 'l'enta-

477 4661 652 4711 tiones
680 4658 821 4710 enim
848 4697 862 4718 ,
895 4654 1101 4722 inquit,
1135 4661 1309 4706 vestra
1335 4667 1495 4706 causa
1527 4651 1681 4705 nobis
1710 4652 1893 4707 inferri
1931 4669 2055 4722 per-

477 4749 656 4804 missa:
681 4759 837 4812 sunt;
867 4757 1013 4801 tanto
1040 4746 1089 4800 iu
1115 4745 1286 4814 pretio
1313 4759 1407 4798 vos
1438 4745 1578 4799 Deus
1605 4743 1764 4799 habet
1794 4764 1805 4797 :
1835 4747 1902 4801 Si
1923 4749 2056 4802 enim

475 4840 778 4894 tribulamur
797 4881 811 4903 ,
843 4839 1034 4910 inquit,
1064 4854 1156 4908 pro
1185 4845 1347 4890 vestra
1385 4837 1740 4889 consolatione.
1759 4846 1806 4889 et
1843 4839 2008 4892 salute
2036 4855 2055 4893 :

476 4939 533 4982 at
581 4928 860 4982 immodica
918 4929 1276 4983 calamitatum
1334 4928 1643 4998 magnitudo
1694 4939 1912 4998 pr0pter
1954 4945 2054 4987 nos

475 5021 733 5088 contigit,
780 5037 846 5074 ne
893 5022 1170 5090 magniﬁce
1203 5023 1496 5076 sentiamus
1529 5039 1542 5075 :
1573 5021 1712 5076 Nam
1745 5038 1901 5093 supra
1927 5025 2054 5078 vires

472 5111 732 5186 aggrat'ati
763 5128 954 5176 sumus,
984 5122 1037 5163 ut
1067 5129 1128 5165 ne
1157 5114 1366 5178 ﬁdentes
1395 5115 1554 5167 simus
1579 5115 1630 5168 in
1656 5116 1944 5184 nobisipsis,
1964 5117 2053 5172 sed

469 5210 523 5260 in
552 5205 658 5260 Deo
695 5203 783 5273 qui
811 5203 1018 5256 suscitat
1057 5211 1298 5257 mortuos.
1329 5203 1535 5258 Rursus
1563 5205 1861 5261 doctrinam
1881 5207 1949 5262 de
1969 5225 2053 5264 re-

471 5300 821 5364 surreCtione,
851 5295 919 5351 de
945 5310 1048 5364 qua
1077 5304 1153 5350 tot
1181 5295 1234 5349 in
1261 5296 1426 5365 priori
1461 5298 1685 5366 epistola
1721 5301 1882 5355 verba
1910 5301 2052 5355 fece-

469 5402 574 5455 rat,
616 5391 667 5445 in
709 5387 1022 5444 memoriam
1065 5385 1192 5456 ipsis
1231 5395 1478 5452 revocat,
1521 5397 1684 5458 atque
1711 5405 1742 5443 a
1771 5389 2051 5460 przesenti-

468 5483 569 5537 bus
589 5483 750 5536 rebus
792 5482 840 5536 ei
887 5480 1048 5535 fidem
1072 5477 1301 5534 adstruit
1328 5495 1342 5530 :
1375 5477 1518 5534 unde
1542 5480 1703 5533 etiam
1747 5480 2044 5548 subjunxit,

467 5573 556 5627 10.
589 5573 688 5637 Qui
709 5575 771 5626 de
797 5575 951 5628 tantis
996 5571 1238 5626 mortibus
1261 5587 1352 5625 nos
1376 5571 1584 5640 eripuit.
1616 5569 1731 5626 Non
1768 5571 1931 5636 dixit,
1963 5570 2044 5625 Ex

466 5675 543 5719 tot
569 5666 820 5734 periculis
850 5683 864 5720 :
894 5680 1001 5736 quo
1028 5665 1185 5720 simul
1211 5671 1264 5718 et
1285 5662 1673 5717 intolerandam
1692 5662 2041 5718 tentationum

463 5757 806 5812 acerbitatem
847 5756 1114 5821 ostendat,
1143 5765 1199 5809 et
1225 5754 1372 5808 illum
1402 5768 1560 5822 quem
1592 5753 1702 5806 dixi
1733 5768 2036 5809 sermonem

463 5849 763 5907 conﬁrmet.
811 5848 1066 5917 Quoniam
1103 5847 1276 5901 futura
1310 5861 1396 5901 res
1427 5855 1540 5901 erat
1570 5845 1895 5901 resurrectio
1915 5887 1929 5915 ,
1959 5847 2040 5902 id-

1193 405 1249 460 S.
1288 400 1566 458 JOANNIS
1603 397 2071 454 CHRYSOSTOMI
2111 397 2422 453 ARCHIEP.
2463 399 2992 460 CONSTANTINOP.

3662 407 3765 465 896

2175 511 2318 565 circo
2345 510 2484 568 banc
2512 515 2749 583 quotidie
2774 515 2888 572 ﬂeri
2916 516 3170 573 ostendit.
3196 517 3330 574 Nam
3355 534 3476 574 cum
3504 519 3647 576 Deus
3669 523 3765 577 ho-

2177 603 2401 668 minem,
2431 602 2500 659 de
2527 620 2632 674 qtto
2661 622 2784 676 spes
2810 609 2992 662 omnis
3013 608 3124 679 jam
3151 609 3360 680 abjecta
3388 620 3524 677 erat,
3567 614 3764 684 quique

2175 693 2239 747 ad
2269 695 2411 763 ipsas
2434 711 2600 765 usque
2633 699 2818 752 mortis
2862 709 3048 770 portas
3070 711 3406 767 accesserat,
3435 703 3491 757 in
3531 705 3764 762 sublime

2175 795 2412 851 revocat,
2455 786 2587 840 nihil
2634 788 2778 842 aliud
2820 805 2979 858 quam
3030 793 3444 848 resurrectionis
3489 796 3760 864 specimen

2176 878 2409 946 pra-bet,
2441 878 2508 933 ab
2537 879 2666 948 ipsis
2695 883 2884 936 mortis
2913 882 3154 939 faucibus
3175 900 3297 939 eum
3338 886 3640 953 retrahens,
3671 888 3761 958 qui

2175 971 2228 1024 in
2275 987 2368 1026 eas
2414 971 2690 1027 inciderat.
2744 973 2862 1040 Quo
2902 976 3061 1030 etiam
3102 975 3179 1044 tit,
3235 986 3293 1031 ut
3341 977 3409 1032 de
3434 979 3638 1044 multis,
3668 982 3760 1050 qui

2173 1078 2294 1116 eum
2324 1062 2392 1116 ab
2415 1065 2664 1119 erunibus
2686 1064 2950 1134 deplorati
2971 1067 3190 1133 fuerint,
3215 1083 3279 1122 ac
3298 1068 3496 1124 deinde
3515 1085 3585 1124 ex
3613 1072 3760 1141 gravi

2174 1154 2360 1208 tnorbo
2381 1163 2472 1208 aut
2493 1155 2844 1210 intolerandis
2861 1158 3174 1226 quibusdam
3194 1161 3580 1216 tentationibus
3596 1177 3763 1218 emer-

2173 1245 2363 1312 serint,
2397 1245 2526 1300 illud
2569 1249 2810 1317 usurpari
2854 1249 3025 1304 soleat
3054 1268 3068 1304 :
3101 1250 3432 1306 Morinorum
3482 1270 3758 1311 resurreco

2173 1337 2370 1390 tionem
2419 1337 2470 1390 in
2502 1337 2604 1392 hoc
2647 1337 2866 1394 homine
2907 1340 3158 1396 vidimus.
3191 1341 3257 1394 In
3301 1360 3447 1412 quem
3492 1363 3761 1416 speramus

2171 1431 2409 1499 quoniam
2437 1440 2486 1485 et
2512 1431 2682 1485 adhuc
2705 1433 2913 1503 eripiet,
2956 1435 3042 1490 Η.
3067 1435 3425 1506 adjuvantibus
3446 1439 3596 1492 etiam
3620 1419 3782 1494 vobis.

2171 1521 2223 1574 in
2263 1523 2489 1575 oratione
2535 1540 2628 1593 pro
2657 1523 2798 1578 nobis
2827 1540 2846 1578 :
2875 1534 2928 1578 ut
2957 1541 3022 1578 ea:
3051 1527 3324 1580 multorum
3359 1533 3582 1597 personis
3618 1532 3752 1600 ejus,

2171 1629 2284 1681 qua:
2309 1615 2361 1667 in
2385 1599 2534 1668 nobis
2555 1624 2659 1680 est,
2691 1615 2982 1670 donationis
3014 1634 3104 1685 per
3131 1618 3312 1671 multos
3333 1620 3512 1688 gratia:
3533 1631 3757 1690 agantur

2172 1721 2263 1772 pro
2293 1705 2453 1758 nobis.
2499 1704 2759 1772 Quoniam
2791 1705 2845 1760 id
2873 1707 3015 1776 quod
3061 1708 3289 1774 dixerat,
3326 1707 3393 1762 Ut
3419 1726 3483 1763 ne
3504 1711 3664 1764 simus
3694 1712 3759 1779 ﬁ-

2171 1795 2343 1848 dentes
2384 1795 2437 1847 in
2475 1795 2764 1864 nobisipsis,
2805 1812 3091 1853 commune
3135 1799 3338 1854 crimen
3390 1809 3447 1854 et
3486 1803 3757 1855 accusatio

2171 1901 2290 1941 esse
2320 1887 2621 1956 videbatur,
2650 1906 2771 1959 qua:
2800 1892 3088 1947 nonnullos
3128 1907 3314 1946 eorum
3345 1895 3754 1966 perstringeret,

2170 1980 2376 2049 mitigat
2400 1995 2588 2036 rursus
2612 1981 2665 2035 id
2690 1982 2831 2052 quod
2859 1982 3014 2047 dixit,
3039 1999 3232 2053 preces
3259 1985 3499 2054 ipsorum
3527 1991 3756 2059 ingentis

2173 2070 2404 2137 praesidii
2434 2071 2553 2126 loco
2583 2073 2898 2141 implorans,
2928 2074 3162 2144 illudque
3192 2075 3353 2131 simul
3381 2077 3646 2144 indicans,
3676 2081 3755 2134 vi-

2172 2173 2276 2216 tam
2319 2172 2555 2218 nostram
2598 2165 2650 2218 in
2684 2174 2936 2234 perpetua
2980 2180 3108 2220 cura
3147 2177 3201 2222 et
3240 2167 3600 2226 sollicitudine
3631 2187 3756 2227 esse

2170 2265 2438 2324 oportere.
2472 2257 2602 2312 Nam
2631 2258 2755 2311 dum
2783 2259 2877 2323 ait,
2913 2258 3193 2329 Speramus
3237 2271 3406 2315 autem
3431 2263 3670 2332 quoniam
3707 2273 3754 2318 et

2172 2349 2340 2404 adhuc
2367 2351 2564 2417 eripiet,
2598 2351 2886 2404 multarum
2917 2352 3268 2406 tentationum
3293 2368 3482 2424 agmen
3513 2371 3755 2425 praenun-

2171 2442 2285 2506 tiat,
2315 2457 2412 2496 nec
2443 2452 2618 2497 tamen
2646 2457 2868 2512 usquam
2899 2442 3304 2498 derelictionem
3325 2486 3340 2510 ,
3370 2445 3465 2500 sed
3494 2447 3750 2502 auxilium

2168 2549 2230 2588 ac
2256 2535 2546 2604 suppetias.
2580 2534 2780 2589 Deinde
2799 2575 2814 2597 ,
2844 2550 2918 2592 ne.
2939 2533 3059 2590 ideo
3085 2536 3279 2590 animis
3305 2548 3748 2606 consternantur,

2167 2625 2307 2696 quod
2326 2626 2545 2680 audiant
2567 2625 2704 2691 fore,
2728 2635 2784 2679 ut
2805 2626 2857 2680 in
2883 2627 3157 2697 perpetuis
3180 2627 3427 2696 periculis
3446 2640 3749 2694 versentur,

2167 2720 2316 2789 prius
2352 2719 2600 2789 quidnam
2629 2718 2866 2787 pericula
2897 2717 3139 2772 utilitatis
3165 2717 3390 2773 atl'erant
3412 2717 3751 2774 demonstra-

2167 2811 2260 2875 vit,
2293 2826 2504 2878 nempe,
2539 2808 2619 2862 Ne
2663 2810 2818 2862 simus
2840 2808 3051 2877 ﬁdentes
3090 2809 3143 2862 in
3180 2808 3467 2878 nobisipsis,
3510 2809 3613 2866 hoc
3642 2825 3746 2878 εει,

2168 2913 2224 2954 ut
2257 2903 2396 2955 Deus
2428 2914 2527 2953 nos
2572 2901 2623 2953 in
2653 2909 2906 2969 perpetua
2936 2900 3235 2955 humilitate
3258 2904 3562 2969 contineat;
3603 2913 3656 2959 ct
3691 2915 3750 2958 ut

2165 2993 2311 3046 Salus
2366 3006 2550 3046 eorum
2606 3001 2958 3060 proaurctur,
3015 3003 3175 3061 atque
3227 2992 3332 3047 alia
3383 2996 3542 3049 etiam
3595 2997 3746 3066 plura

2166 3085 2459 3150 exsistant,
2517 3083 2662 3138 velut
2723 3082 2938 3138 Christo
2991 3086 3424 3152 communicare;
3477 3087 3750 3144 Abundant

2165 3177 2339 3244 enim,
2373 3176 2564 3245 inquit,
2611 3176 2870 3245 passiones
2904 3173 3093 3230 Christi
3121 3178 3173 3230 in
3202 3179 3344 3232 nobis
3367 3194 3388 3244 ,'
3413 3188 3468 3235 et
3495 3195 3590 3250 pro
3617 3183 3750 3238 lide-

2167 3271 2302 3324 libus
2333 3269 2468 3338 pati;
2503 3268 2622 3323 Sive
2647 3267 2790 3322 enim
2829 3269 3155 3335 tribuiamur,
3204 3271 3410 3341 inquit,
3443 3290 3535 3343 pro
3579 3285 3746 3328 vestra

2164 3361 2506 3416 ronsolatione
2529 3376 2588 3414 ac
2611 3359 2810 3426 salute;
2829 3371 2936 3416 tum
2958 3363 3118 3418 etiam
3136 3365 3277 3434 quod
3303 3365 3416 3421 huic
3440 3367 3552 3436 ipsa
3578 3369 3748 3438 magis

2163 3455 2402 3517 eluceat;
2449 3453 2526 3507 sic
2571 3451 2713 3507 enim
2764 3452 2858 3516 ait,
2914 3453 3041 3520 Qua:
3093 3466 3334 3526 operatur
3379 3457 3433 3510 in
3478 3458 3748 3512 tolerantia

2165 3545 2452 3600 earumdem
2476 3545 2804 3612 passionum;
2833 3545 2961 3599 illud
2995 3545 3142 3608 item,
3165 3546 3304 3615 quod
3334 3547 3457 3600 hinc
3487 3546 3650 3601 fortes
3679 3564 3748 3604 ac

2165 3637 2452 3690 tolerantes
2489 3634 2824 3701 efficiantur;
2871 3649 2935 3689 ac
2982 3645 3258 3705 pra-terea,
3311 3637 3450 3705 quod
3499 3652 3744 3692 resurre-

2163 3728 2393 3781 ctionem
2445 3736 2568 3780 ante
2619 3727 2805 3780 oculos
2847 3742 2976 3782 suos
3005 3727 3339 3796 etl‘ulgcntem
3364 3738 3619 3794 cernant;
3654 3727 3744 3784 Ex

2164 3821 2316 3875 tantis
2345 3819 2510 3884 enim,
2568 3819 2769 3887 inquit,
2818 3822 3064 3873 mortibus
3105 3836 3194 3873 nos
3236 3821 3454 3889 eripuit;
3502 3820 3570 3876 ad
3623 3821 3745 3878 haec

2161 3911 2302 3983 quod
2339 3928 2400 3966 ea
2445 3912 2652 3966 ratione
2701 3912 2914 3966 solliciti
2959 3912 3267 3976 reddantur,
3313 3919 3474 3982 atque
3526 3912 3578 3966 in
3617 3929 3742 3967 eum

2161 4019 2374 4074 semper
2426 4003 2714 4073 respiciant
2748 4021 2761 4058 :
2794 4004 3075 4073 Speremus
3129 4005 3297 4068 enim,
3356 4005 3562 4074 inquit,
3607 4007 3743 4075 quod

2160 4097 2378 4166 eripiet;
2417 4111 2481 4150 ac
2530 4095 2797 4165 denique,
2863 4095 3007 4165 quod
3081 4098 3328 4166 precibus
3388 4095 3534 4151 affixi
3597 4098 3738 4161 sint;

2162 4187 2529 4259 Adjuvantibus
2556 4187 2722 4251 enim,
2754 4187 2943 4256 inquit,
2967 4187 3104 4242 vobis
3129 4189 3182 4241 in
3211 4189 3439 4242 oratione
3459 4206 3551 4257 pro
3577 4190 3736 4243 nobis.

2161 4280 2512 4348 Posteaquam
2555 4279 2711 4347 igitur
2747 4277 3098 4332 atllictionum
3145 4279 3425 4334 utilitatem
3468 4278 3736 4343 ostendit,

2159 4389 2223 4427 ac
2250 4372 2440 4426 deinde
2467 4371 2881 4426 sollicitudinem
2911 4372 3041 4440 ipsis
3069 4371 3278 4440 injecit,
3325 4385 3511 4426 rursus
3550 4386 3736 4425 eorum

2158 4466 2366 4518 animos
2413 4465 2555 4517 acuit
2596 4471 2756 4531 atque
2789 4461 2855 4516 ad
2887 4463 3133 4517 virtutem
3163 4463 3518 4532 promptiores
3547 4462 3737 4529 eﬂicit,

2160 4572 2408 4624 magnum
2440 4555 2677 4624 ipsorum
2717 4555 2962 4625 precibus
2991 4555 3352 4608 testimonium
3383 4556 3658 4620 tribuens,
3691 4557 3736 4608 si

2156 4648 2370 4718 quidem
2417 4647 2487 4701 ob
2521 4663 2612 4701 eas
2645 4647 2865 4700 Paulum
2899 4647 3026 4716 ipsis
3053 4645 3302 4700 donat-int
3328 4663 3341 4702 :
3372 4646 3740 4717 Adjuuantibus

2155 4741 2322 4806 enim,
2352 4739 2542 4809 inquit,
2573 4739 2708 4792 vobis
2733 4740 2783 4791 in
2811 4739 3054 4791 oratione.
3087 4738 3224 4805 Quid
3251 4749 3428 4793 autem
3460 4749 3564 4806 est,
3597 4739 3662 4793 Ut
3685 4741 3739 4793 in

2156 4833 2326 4887 multis
2366 4832 2590 4902 personis
2635 4833 2766 4900 ejus,
2793 4846 2905 4899 qua:
2928 4832 2980 4884 in
3023 4831 3166 4885 nobis
3193 4841 3296 4897 est,
3330 4832 3618 4886 donationis
3647 4849 3739 4902 per

2156 4927 2353 4980 multos"
2376 4925 2553 4994 gratia:
2585 4932 2806 4993 agantur
2846 4939 2938 4992 pro
2984 4923 3170 4976 nobis?
3200 4923 3276 4977 Ex
3322 4924 3584 4978 mortibus
3629 4925 3738 4979 illis

2155 5034 2253 5074 nos
2281 5019 2504 5088 eripuit,
2549 5017 2928 5084 adjuvantibus
2967 5018 3128 5071 etiam
3174 5017 3324 5071 vobis
3369 5018 3422 5072 in
3463 5019 3732 5084 oratione,

2155 5111 2328 5180 inquit
2359 5125 2371 5160 :
2407 5109 2509 5162 hoc
2537 5118 2640 5175 est,
2673 5109 2828 5163 vobis
2857 5107 3106 5162 oumibus
3139 5117 3321 5162 nostra
3347 5123 3509 5164 causa
3538 5110 3736 5180 depre-

2155 5205 2419 5258 cantibus.
2453 5202 2775 5256 Beneficium
2800 5202 2944 5257 enim
2970 5202 3023 5256 in
3054 5217 3151 5256 nos
3179 5202 3434 5257 collatum
3459 5245 3473 5267 ,
3503 5201 3603 5258 hoc
3625 5213 3733 5270 est,

2153 5297 2380 5349 salutem
2424 5303 2682 5359 nostram,
2724 5295 2876 5350 vobis
2915 5295 3166 5350 omnibus
3206 5295 3384 5366 largiri
3430 5296 3642 5350 voluit:
3677 5306 3738 5352 ut

2153 5387 2333 5441 multa:
2383 5399 2627 5454 personae.
2677 5387 2880 5455 gratias
2927 5387 3025 5455 ipsi
3067 5396 3247 5457 agant,
3297 5385 3729 5457 quandoquidem

2150 5479 2332 5532 multae
2355 5493 2569 5548 quoque
2587 5480 2814 5548 gratiam
2839 5489 3182 5549 acceperunt.

2219 5571 2271 5624 4.
2301 5572 2424 5624 lla-c
2448 5585 2604 5641 porro
2630 5586 2696 5626 eo
2725 5573 2958 5638 dicebat,
2982 5573 3173 5641 partim
3200 5580 3256 5626 ut
3278 5571 3423 5642 ipsos
3449 5572 3516 5627 ad
3545 5587 3734 5641 preces

2146 5663 2369 5716 aliorum
2399 5677 2608 5732 quoque
2649 5679 2809 5718 causa
2864 5663 3161 5718 fundendus
3200 5663 3482 5727 excitaret,
3534 5665 3730 5734 partim

2146 5755 2271 5808 item
2302 5764 2358 5807 ut
2380 5769 2475 5824 pro
2503 5753 2569 5808 iis
2597 5755 2758 5808 etiam
2805 5755 3235 5822 calamitatibus,
3266 5755 3460 5826 quibus
3489 5755 3578 5808 alii
3608 5755 3728 5806 alti-

2141 5859 2423 5918 ccrcntur,
2455 5851 2637 5922 gratiis
2668 5849 2780 5908 Deo
2799 5865 3016 5921 semper
3041 5846 3261 5918 agendis
3305 5848 3452 5920 ipsos
3488 5845 3729 5902 assuefa-
