4122 6226
524 299 628 358 397

523 411 686 480 τέραν
711 407 973 480 ἐϐουλήθη
1004 409 1168 462 πᾶσιν
1201 408 1328 476 ὑμῖν
1351 406 1706 478 χαρίσασθαι,
1725 408 1812 461 ἵνα
1838 408 1908 461 τά
1928 405 2096 460 πολλά

526 502 793 568 πρόσωπα
836 498 986 568 αὐτῷ
1022 498 1412 570 εὐχαριστήσῃ,
1459 498 1648 570 ἐπειδὴ
1687 500 1780 553 καὶ
1825 499 1893 552 τὰ
1927 499 2095 553 πολλά

521 593 622 666 τὴν
655 594 818 666 χάριν
841 591 1024 644 ἔλαϐε.
1071 609 1078 612 ·

589 770 650 822 δ’.
669 766 853 820 Ταῦτα
865 765 921 819 δὲ
944 765 1296 836 ἐλεγεν,όμοῦ
1309 769 1407 835 μὲν
1420 764 1513 816 καὶ
1528 765 1607 827 εἰς
1619 764 1716 827 τάς
1736 765 1875 836 ὑπὲρ
1893 765 2093 836 ἐτέρων

518 859 682 928 εὐχὰς
709 856 906 922 αὐτοὺς
936 857 1239 928 διεγείρων,
1276 856 1411 927 ὁμοῦ
1433 858 1489 910 δὲ
1515 857 1708 922 ἐθίζων
1739 857 1830 910 καὶ
1851 856 1992 928 ὑπὲρ
2018 851 2092 910 ῶν

515 949 580 1003 ἂν
614 949 792 1020 ἕτεροι
827 947 1097 1013 πάθωσιν,
1131 949 1472 1018 εὐχαριστεῖν
1501 947 1588 1000 ἀεὶ
1619 947 1695 1019 τῷ
1718 947 1859 1019 Θεῷ,
1881 949 2090 1012 δεικνὺς

515 1043 596 1095 ὅτι
635 1040 870 1112 μάλιστα
894 1040 1051 1093 τοῦτο
1084 1039 1329 1110 βούλεται
1358 1041 1453 1092 καὶ
1487 1039 1668 1103 αὐτός.
1703 1041 1766 1093 OE
1797 1040 1904 1110 1&9
1935 1040 2092 1112 μελε-

514 1135 779 1205 τὴσαντες
820 1131 959 1203 ὑπὲρ
995 1131 1197 1201 ἐτέρων
1234 1129 1409 1183 ταῦτα
1449 1133 1644 1196 ποιεῖν,
1680 1131 1860 1202 πολλῷ
1892 1131 2090 1201 μᾶλλον

516 1226 655 1296 ὑπὲρ
689 1222 897 1279 ἑαυτῶν
920 1221 1279 1286 ἐπιδείξονται
1311 1222 1486 1276 ταῦτα
1524 1222 1830 1292 ἀμφότερα.
1861 1221 2005 1293 Πρὸς
2034 1221 2090 1274 δέ

511 1317 745 1379 τούτοις,
782 1315 877 1368 καὶ
919 1313 1425 1384 ταπεινοφροσύνην
1461 1315 1659 1378 αὐτοὺς
1705 1313 1965 1378 διδάσκει,
1995 1314 2090 1366 καὶ

513 1411 595 1471 εἰς
625 1407 842 1476 ἀγάπην
872 1406 994 1473 ἀγει
1019 1406 1379 1477 θερμοτέραν.
1409 1405 1472 1458 Εἰ
1502 1406 1610 1476 γάρ
1649 1405 1811 1468 αὐτὸς
1840 1405 1870 1457 6
1905 1405 2090 1458 τοσοῦ-

513 1514 604 1550 τον
631 1497 809 1550 αὐτῶν
839 1497 1166 1567 ὑψηλότερος
1192 1495 1288 1561 ῶν,
1318 1497 1383 1548 ἐκ
1409 1495 1516 1549 τῶν
1544 1496 1718 1566 εὐχῶν
1746 1495 1970 1550 ἐκείνων
2000 1512 2089 1548 σε-

516 1588 722 1642 σῶσθαί
757 1604 910 1658 φησι,
942 1587 1034 1641 καὶ
1060 1587 1301 1659 χάρισμα
1328 1587 1504 1640 αὐτῶν
1541 1589 1661 1650 ταῖς
1694 1586 1910 1657 δεήσεσι
1944 1586 2088 1639 δεδό-

517 1684 643 1734 σθαι
673 1677 823 1750 [455]
858 1677 1007 1748 αὐτῷ
1033 1677 1183 1748 παρὰ
1212 1678 1304 1731 τοῦ
1335 1677 1492 1743 Θεοῦ,
1523 1678 1773 1749 ἐννόησον
1796 1677 1914 1742 πῶς
1943 1678 2087 1731 ἐκεί-

513 1789 638 1835 νους
686 1771 792 1825 ἔδει
844 1769 1148 1824 διακεῖσθαι
1204 1770 1302 1824 καὶ
1363 1771 1693 1842 μετριάζειν.
1756 1771 1829 1823 Σύ
1875 1769 1933 1823 δέ
1996 1787 2085 1840 μοι

513 1863 735 1917 κάκεῖνο
794 1861 1006 1926 σκόπει,
1048 1861 1128 1913 ὅτι
1164 1859 1266 1914 κᾶν
1303 1861 1412 1913 ἀπὸ
1453 1859 1752 1932 οἰκτιρμῶν
1787 1862 1817 1914 6
1861 1860 1994 1924 Θεός
2033 1877 2085 1913 τι

511 1956 662 2026 ποιῇ,
705 1952 916 2026 μεγάλα
975 1951 1211 2007 ἐνταῦθα
1269 1953 1364 2007 καὶ⁵
1409 1953 1443 2023 ἡ
1505 1954 1639 2025 εὐχὴ
1693 1953 2082 2024 συμϐάλλεται.

523 2045 850 2117 Ἀρχόμενος
887 2045 985 2116 μέν
1015 2044 1146 2115 γὰρ,
1175 2044 1289 2107 τοῖς
1314 2043 1619 2116 οίκτιρμοῖς
1652 2045 1817 2098 αὐτοῦ
1851 2045 1948 2116 τὴν
1984 2063 2086 2098 σω-

509 2135 707 2209 τηρίαν
752 2135 1053 2204 ἐλογίσατο·
1097 2135 1162 2188 '0
1201 2132 1348 2200 Θεὸς
1388 2135 1518 2205 1&9,
1544 2137 1697 2206 φησὶ,
1721 2135 1840 2188 τῶν
1874 2138 2085 2202 οἰκτιρ-

506 2227 657 2298 μῶν,
693 2227 876 2294 αὐτὸς
914 2226 1074 2296 ἡμᾶς
1111 2227 1428 2295 ιὲίρῤύσατό⁹
1461 2227 1695 2280 ἐνταῦθα
1740 2228 1795 2280 δέ
1835 2229 1926 2280 καὶ
1964 2230 2084 2289 ταῖς

511 2324 699 2392 εὐχαῖς
728 2338 742 2353 ·
777 2321 900 2374 ἐπεὶ
935 2321 1186 2373 κάκεῖνον
1237 2321 1329 2374 τὸν
1367 2320 1436 2375 τὰ
1475 2321 1644 2391 μύρια
1677 2321 1962 2390 ὀφείλοντα
1993 2323 2086 2374 τά-

509 2415 698 2480 λαντα,
730 2415 868 2485 μετά
904 2414 966 2468 τὸ
1008 2415 1338 2484 προσπεσεῖν
1370 2413 1595 2484 ὴλέησε,
1636 2413 1815 2466 καίτοι
1844 2430 1908 2480 γε
1937 2414 2085 2484 εῖρη-

509 2525 620 2572 ται,
669 2509 751 2562 ὅτι
795 2506 1280 2577 Σπλαγχνισθεὶς
1311 2506 1626 2561 ἀπέλυσεν
1647 2505 1861 2560 αὐτόν·
1890 2504 1985 2558 καὶ
2017 2507 2082 2575 τῇ

510 2598 788 2670 Χαναναία
815 2610 841 2639 α
873 2599 930 2652 δὲ
963 2597 1099 2670 μετά
1128 2596 1226 2668 τὴν
1257 2596 1454 2670 πολλὴν
1502 2595 1827 2667 προσεδρίαν
1866 2595 2084 2666 ἐκείνην

510 2690 604 2742 καὶ
631 2689 923 2760 καρτερίαν
947 2689 1069 2742 τότε
1100 2689 1392 2759 ἐχαρίσατο
1417 2687 1515 2758 τῆς
1543 2687 1812 2758 θυγατρὸς
1853 2686 1952 2758 τὴν
1981 2703 2085 2739 σω-

509 2779 723 2848 τηρίαν,
757 2777 935 2831 καίτοι
964 2795 1026 2847 γε
1053 2779 1159 2832 ἀπὸ
1187 2779 1338 2831 ἐλέου
1365 2778 1535 2849 αὐτὴν
1556 2777 1781 2831 ἔσωσεν.
1818 2776 1951 2828 Ἀπὸ
1971 2774 2086 2828 τούο

509 2887 602 2922 του
629 2871 806 2923 τοίνυν
835 2871 1199 2940 μανθάνομεν,
1234 2871 1316 2922 δτι
1343 2871 1441 2923 κᾶν
1470 2868 1736 2922 ἐλεεῖσθαι
1774 2868 2082 2940 μέλλωμεν,

509 2961 693 3026 ἀξίους
729 2959 822 3012 τοῦ
863 2961 1014 3012 ἐλέου
1062 2961 1325 3032 πρότερον
1371 2961 1635 3033 παρέχειν
1669 2961 1817 3032 ἡμᾶς
1858 2960 2084 3023 ἑαυτοὺς

510 3054 637 3124 χρή.
673 3051 791 3106 Κᾶν
817 3051 926 3123 γάρ
961 3052 1106 3115 ἔλεος
1134 3048 1190 3124 ᾗ,
1218 3054 1344 3116 τούς
1371 3051 1554 3117 ἀξίους
1590 3052 1858 3124 ἐπιζητεῖ·
1885 3053 1946 3104 οὐ
1975 3052 2084 3123 1&9

512 3143 696 3206 ἁπλῶς
724 3143 933 3196 ἔπεισιν
964 3141 1160 3207 ἀπασι,
1187 3144 1281 3197 καὶ
1309 3145 1422 3206 τοῖς
1443 3143 1783 3216 ἀναισθήτως
1807 3144 2085 3215 διακειμέ-

511 3253 642 3298 νοις’
688 3235 957 3303 Ἐλεήσω
1015 3233 1144 3306 1&9,
1184 3236 1371 3305 φησιν,
1427 3235 1500 3289 ὃν
1545 3236 1622 3290 ἂν
1659 3235 1830 3302 ἐλεῶ,
1877 3236 1974 3291 καὶ
2009 3237 2085 3290 ol-

510 3331 821 3397 κτειρήσω,
863 3328 935 3382 ὃν
972 3328 1049 3382 ἂν
1076 3329 1360 3396 οἰκτείρω.
1393 3329 1535 3399 Ὅρα
1564 3327 1695 3398 γοῦν
1730 3332 1824 3383 καὶ
1849 3329 2083 3383 ἐνταῦθα

508 3422 561 3475 τί
609 3437 760 3491 φησι⁹
796 3420 1387 3489 Συνυπουργούντων
1412 3420 1511 3474 καὶ
1553 3419 1722 3490 ὑμῶν
1750 3419 1824 3489 τῇ
1855 3420 2078 3484 δεήσει.

509 3515 618 3567 Καὶ⁸
642 3513 764 3566 οὕτε
781 3513 840 3566 τὸ
864 3515 972 3568 πᾶν
995 3512 1177 3576 αὐτοῖς
1200 3511 1418 3575 ἔδωκεν,
1444 3513 1530 3565 ἵνα
1561 3512 1634 3584 μὴ
1658 3512 1854 3576 αὐτοὺς
1879 3513 2080 3583 ἐπάρῃ,

509 3603 632 3656 οὐτε
665 3604 841 3674 πάντη
873 3602 1232 3672 ἡλλοτρίωσεν
1266 3602 1464 3666 αὐτοὺς
1497 3603 1591 3655 τοῦ
1631 3601 2079 3673 κατορθώματος,

509 3698 595 3750 ⁹ἕνα
621 3694 898 3766 προτρέψῃ
927 3695 1021 3747 καὶ
1048 3693 1484 3764 προθυμοτέρους
1511 3693 1812 3766 ἐργάσηται
1839 3695 1933 3747 καὶ
1960 3711 2084 3747 συν-

510 3787 692 3858 αγάγῃ
749 3785 886 3857 πρὸς
929 3785 1194 3856 ἀλλήλους
1238 3784 1455 3848 αὐτούς.
1489 3784 1578 3839 Διὸ
1625 3785 1719 3838 καὶ
1763 3784 1968 3853 ἔλεγεν,
1998 3786 2080 3839 ὅτι

521 3879 679 3945 Ὑμῖν
697 3876 1021 3947 ἐχαρίσατό
1051 3894 1172 3945 μου
1202 3877 1316 3946 τὴν
1347 3877 1666 3944 σωτηρίαν.
1701 3877 1811 3930 Καὶ
1843 3875 1952 3947 1&9
1987 3879 2080 3931 καὶ

508 3969 711 4040 πλῆθος
742 3969 1069 4023 δυσωπεῖται
1110 3967 1372 4034 πολλάκις
1423 3970 1453 4024 6
1505 3967 1638 4030 Θεὸς
1688 3968 1946 4038 ὁμονοοῦν
1985 3968 2080 4023 καὶ

509 4059 834 4130 συμφωνοῦν
883 4061 963 4123 είς
994 4059 1185 4131 εὐχήν·
1225 4059 1303 4115 διὸ
1345 4062 1437 4113 καὶ
1487 4059 1624 4131 πρὸς
1652 4059 1745 4117 τὸν
1789 4061 2081 4134 προφήτην.

507 4154 711 4222 ἔλεγεν*
747 4153 894 4222 Ἐγὼ
924 4153 993 4205 δὲ
1025 4155 1098 4208 οὐ
1125 4153 1406 4222 φείσομαι
1435 4151 1545 4220 τῆς
1557 4154 1804 4225 ςτόλεως
1834 4155 2075 4224 ταύτης,

506 4246 577 4298 ἐν
613 4245 651 4312 ᾖ
679 4245 1027 4298 κατοικοῦσι
1051 4246 1304 4311 πλείους
1333 4244 1369 4312 ἢ
1404 4244 1633 4297 δώδεκα
1654 4245 1942 4313 μιφιάδες
1970 4247 2076 4301 ἀν-

509 4336 787 4403 θρώπων;
813 4331 946 4388 Εἶτα
977 4336 1065 4388 ἴνα
1106 4335 1180 4406 μὴ
1215 4336 1464 4408 νομίσῃς,
1490 4337 1570 4389 ὃτι
1610 4336 1811 4406 πλῆθος
1846 4338 2077 4394 αἰδεῖται

509 4425 691 4496 μόνον,
722 4425 904 4494 φησίν·
928 4440 930 4442 '
953 4425 1096 4479 Ἐὰν
1125 4421 1164 4494 ᾖ
1199 4428 1232 4477 ὁ
1261 4425 1504 4492 ἀριθμὸς
1547 4425 1653 4478 τοῦ
1698 4425 1946 4495 Ἰσραὴλ
1995 4428 2075 4494 ὡς

505 4518 545 4583 ἡ
574 4515 764 4584 ἄμμος
797 4515 905 4582 τῆς
935 4515 1275 4581 θαλάσσης,
1308 4513 1376 4567 τὸ
1403 4516 1772 4584 κατάλειμμα
1801 4518 2074 4587 σωθήσε-

505 4622 618 4661 τιιι.
657 4605 779 4668 Πῶς
811 4601 902 4658 οὖν
927 4607 1213 4668 Νινευῖτας
1235 4605 1473 4670 ἔσωσεν;
1503 4607 1623 4659 Ὅτι
1648 4608 1708 4658 οὐ
1742 4607 1941 4677 πλῆθος
1981 4611 2074 4680 μό-

505 4715 594 4749 νον
635 4693 726 4766 ἦν,
761 4696 895 4750 ἀλλά
942 4696 1144 4767 πλῆθος
1189 4696 1325 4766 μετά
1363 4697 1596 4765 ἀρετῆςα
1631 4700 1922 4770 μετενόησε
1967 4701 2070 4773 1&9

504 4788 733 4850 ἕκαστος
759 4789 864 4840 ἀπὸ
889 4789 988 4858 τῆς
1007 4787 1127 4841 ὁδοῦ
1156 4786 1318 4840 αὐτοῦ
1339 4788 1436 4856 τῆς
1460 4791 1720 4858 πονηρᾶς.
1751 4790 1860 4843 Καὶ
1886 4791 2072 4856 σώζων

504 4880 561 4931 δὲ
589 4881 782 4943 αὐτοὺς
814 4880 1018 4947 ἔλεγεν,
1047 4882 1131 4935 ὅτι
1169 4884 1288 4935 Οὐκ
1323 4881 1598 4950 ἔγνωσαν
1636 4880 1846 4944 δεξιὰν
1877 4882 1915 4952 ἢ
1944 4885 2071 4953 ἀρι-

506 4971 745 5037 στεράν.
785 4972 944 5026 Ὅθεν
973 4973 1151 5043 δῆλον,
1181 4974 1261 5026 ὃτι
1295 4974 1388 5026 καί
1436 4973 1504 5026 τά
1548 4973 1790 5044 πρότερα
1838 4973 1898 5038 ἐξ
1940 4977 2072 5043 ἀφε-

505 5060 652 5122 λείας
693 5060 889 5128 μᾶλλον
928 5063 1170 5130 ἐπταιον,
1201 5067 1234 5135 ἦ
1271 5067 1555 5136 πονηρίας·
1585 5067 1680 5120 καὶ
1708 5066 1889 5137 δῆλον,
1916 5069 1974 5134 ἐξ
1996 5063 2070 5122 ὧν

509 5146 1134 5219 μετεϐάλλο·ιτο,⁴ὀλίγων
1160 5155 1418 5224 ῥημάτων
1447 5158 1799 5216 ἀκούσαντες.
1832 5158 1894 5210 Ei
1921 5157 1977 5213 δὲ
2014 5159 2072 5211 τὸ

502 5240 706 5292 δώδεκα
740 5241 1004 5311 μυριάδας
1034 5236 1174 5294 εἶναι
1221 5242 1379 5311 μόνον
1423 5244 1642 5314 ἴσχυσεν
1685 5247 1764 5308 είς
1800 5248 1861 5298 τὺ
1901 5247 2070 5302 σῶσαι

502 5333 718 5399 αὐτοὺς,
749 5332 801 5384 τί
831 5335 924 5385 καὶ
957 5332 1063 5405 πρὸ
1084 5332 1274 5386 τούτου
1300 5335 1496 5399 αὐτοὺς
1531 5337 1766 5409 σωθῆναι
1795 5339 2032 5394 ἐκώλυσε
2053 5360 2071 5406 ;¹

501 5424 611 5478 Καὶ
640 5424 784 5488 τίνος
813 5425 998 5478 ἕνεκεν
1029 5425 1130 5478 οὐκ
1168 5420 1288 5477 εἶπε
1320 5425 1455 5497 πρὸς
1489 5427 1674 5493 αὐτὸν,
1720 5429 1861 5497 Ἐγὼ
1898 5430 1954 5482 δέ
2009 5432 2068 5483 οὐ

501 5515 756 5586 φείσομαι
785 5517 881 5586 τῆς
919 5517 1127 5582 πόλεως
1163 5517 1367 5590 ταύτης
1409 5519 1510 5590 τῆς
1553 5521 1695 5575 οὕτω
1745 5524 2070 5594 μεταϐαλλο-

566 5757 581 5781 ῖ
615 5754 727 5814 Mal,
752 5758 832 5810 τὴν
858 5759 1139 5805 Χαναναίαν.

1191 298 1248 349 S.
1283 291 1568 350 JOANNIS
1603 292 2093 353 CHRYSOSTOMI
2129 292 2448 350 ARCHIEP.
2489 291 3039 350 CONSTANTINOP.

3665 297 3774 356 598

2207 404 2413 475 μένης;
2464 403 2600 458 ἀλλά
2646 403 2745 467 τάς
2801 404 3069 475 μυριάδας
3128 404 3402 475 παράγει;
3461 404 3556 456 Ἐκ
3620 420 3774 475 περι-

2203 495 2386 558 ουσίας
2439 496 2533 548 καί⁵
2593 493 2750 548 τοῦτο
2801 495 2988 558 τιθείς.
3036 494 3110 548 Τὸ
3147 494 3247 565 μὲν
3285 495 3392 566 γάρ
3424 489 3492 566 ἦν
3525 492 3705 565 δῆλον,
3734 497 3768 566 ὴ

2207 585 2499 656 μεταϐολή·
2548 586 2578 638 6
2605 584 2663 637 δὲ
2697 585 2927 657 ἀριθμὸς
2970 585 3065 640 καὶ
3110 586 3144 657 ἡ
3192 585 3440 655 ἀφέλεια,
3476 586 3644 656 ἄδηλα
3693 588 3774 658 τῷ

2203 679 2477 747 προφήτῃ.
2512 673 2783 730 Πάντοθεν
2809 675 2986 730 τοίνυν
3014 676 3208 739 αὐτοὺς
3237 675 3620 747 καταμαλάξαι
3648 677 3770 748 βού-

2202 767 2388 820 λεται·
2443 765 2615 837 ίσχύει
2673 766 2782 838 γάρ
2849 768 2944 821 καὶ
3003 767 3238 839 πλῆθος,
3295 769 3428 823 ὅταν
3481 769 3577 822 καὶ
3639 771 3765 840 ἀρε-

2275 971 2423 1046 [454]
2468 972 2639 1026 Τοῦτο
2678 973 2811 1042 γοῦν
2865 975 2960 1028 καὶ
2995 973 3227 1045 ἀλλαχοῦ
3271 973 3424 1045 δηλοῖ
3465 973 3699 1044 λέγουσα
3733 977 3771 1045 ἡ

2200 1064 2410 1135 Γραφή·
2437 1066 2755 1136 Προσευχὴ
2782 1064 2852 1119 δὲ
2876 1062 2954 1136 ἦν
2975 1067 3226 1134 ἐκτενὴς
3246 1065 3370 1121 ὑπὸ
3397 1064 3512 1135 τῆς
3538 1067 3772 1136 Ἑκκλη·

2199 1158 2341 1222 σίας
2390 1156 2542 1225 πρὸς
2579 1157 2685 1211 τὸν
2729 1157 2878 1212 Θεὸν
2907 1157 3183 1229 γινομένη
3233 1155 3386 1226 ὑπὲρ
3419 1156 3606 1212 αὐτοῦ
3630 1175 3644 1189 ·
3674 1158 3773 1212 καὶ

2198 1247 2448 1300 τοσοῦτον
2482 1247 2724 1318 ἴσχυσεν,
2750 1248 2845 1312 ὠς,
2877 1247 3280 1319 κεκλεισμένων
3305 1247 3412 1301 τῶν
3443 1246 3644 1318 θυρῶν,
3674 1248 3776 1303 καὶ

2198 1337 2441 1391 ἁλύσεων
2461 1338 2845 1409 ἐπικειμένων,
2865 1340 2959 1392 καί
2977 1339 3230 1406 φυλάκων
3247 1337 3585 1410 ἑκατέρωθεν
3599 1354 3776 1408 παρα·-

2199 1429 2587 1497 καθευδόντων,
2623 1429 2914 1499 ἐξαγαγεῖν
2944 1431 3035 1484 τὸν
3065 1429 3382 1484 Ἀπόστολον
3405 1431 3497 1482 καὶ
3523 1429 3773 1485 ἀπαλλά-

2198 1523 2286 1589 ξαι
2339 1523 2556 1576 πάντων
2606 1521 2849 1576 ἐκείνων.
2889 1522 3032 1576 Ἀλλ’
3072 1523 3282 1594 ὥσπερ,
3329 1521 3525 1593 ἀρετῆς
3573 1519 3774 1592 οὔσης,

2200 1615 2342 1683 μέγα
2369 1615 2609 1667 δύναται’
2640 1613 2804 1677 οὐτω,
2838 1616 3039 1678 κακίας
3065 1613 3253 1685 οὔσης,
3277 1613 3426 1667 οὐδὲν
3459 1614 3668 1685 ὀνίνησι
3704 1614 3774 1668 τὸ

2197 1705 2420 1776 πλῆθος.
2454 1705 2562 1758 Καὶ
2591 1705 2698 1776 γάρ
2739 1707 2787 1758 οἱ
2828 1705 3179 1776 Ἰσραηλῖται,
3215 1705 3342 1776 περὶ
3375 1699 3449 1758 ῶν
3477 1720 3661 1774 φησιν,
3684 1705 3769 1759 ὅτε

2194 1798 2222 1849 6
2253 1797 2484 1868 ἀριθμὸς
2508 1797 2685 1850 αὐτῶν
2709 1793 2776 1868 ἦν
2803 1797 2877 1860 ὡς
2905 1798 2939 1868 ἡ
2971 1797 3152 1868 ἄμμος
3180 1798 3282 1867 τῆς
3311 1796 3606 1867 θαλάσσης,
3629 1797 3770 1851 πάν-

2195 1903 2284 1949 τες
2313 1883 2610 1938 ἀπώλοντο·
2636 1886 2728 1940 καὶ
2773 1888 2822 1939 οἱ
2856 1887 2949 1938 ἐπὶ
2985 1885 3110 1939 Νῶε
3136 1886 3194 1939 δὲ
3221 1885 3404 1939 πολλοὶ
3431 1885 3526 1939 καὶ
3550 1884 3770 1957 ἄπειροι

2194 1969 2355 2045 ἦσαν,
2404 1974 2500 2026 καὶ
2560 1973 2713 2028 οὐδὲν
2764 1975 2961 2039 αὐτοὺς
2998 1973 3152 2028 τοῦτο
3185 1973 3362 2047 ῶνησε
3388 1991 3403 2005 ⁸
3448 1974 3570 2028 καθ’
3603 1973 3770 2029 ἑαυτὸ

2196 2067 2303 2136 γὰρ
2331 2065 2480 2118 οὐδὲν
2503 2065 2724 2118 δύναται
2754 2065 2978 2135 πλῆθος,
3004 2067 3118 2120 ἀλλ’
3149 2069 3207 2122 ἐν
3241 2066 3562 2139 προσθήκης
3585 2068 3761 2140 μέρει.

2196 2155 2592 2227 Σπουδάζωμεν
2618 2153 2709 2210 οῦν
2736 2156 2974 2209 συνιέναι
3005 2159 3064 2212 ἐν
3096 2160 3218 2221 ταῖς
3246 2158 3481 2228 δεήσεσι,
3509 2160 3600 2212 καὶ
3625 2159 3766 2231 ὐπέρ

2193 2247 2440 2318 ἀλλήλων
2471 2248 2780 2318 εὐχώμεθα,
2815 2247 3065 2320 καθάπερ
3114 2249 3256 2321 ὑπὲρ
3301 2247 3411 2302 τῶν
3453 2249 3764 2304 ἀποστόλων

2193 2341 2412 2394 ἐκεῖνοι.
2446 2341 2557 2392 Καὶ
2581 2341 2690 2410 1&9
2710 2340 2930 2411 ἐντολὴν
2954 2340 3060 2410 πλη
3069 2339 3163 2411 ροῦ
3171 2357 3294 2411 μεν,
3323 2340 3418 2394 καὶ
3445 2341 3525 2404 είς
3545 2341 3765 2410 ἀγάπην

2193 2432 2545 2503 ἀλειφόμεθα·
2589 2433 2720 2486 ὅταν
2765 2433 2823 2486 δὲ
2865 2431 3088 2503 ἀγάπην
3120 2431 3278 2496 εἴπω,
3317 2430 3491 2484 πάντα
3524 2431 3667 2500 λέγω
3691 2431 3769 2486 τὰ.

2192 2523 2394 2591 ἀγαθά·
2426 2523 2520 2576 καὶ
2549 2523 2890 2593 εὐχαριστεῖν
2930 2523 3350 2594 σπουδαιότερον
3381 2522 3760 2593 μανθάνωμεν.

2194 2615 2257 2668 Οί
2295 2613 2404 2685 γὰρ
2435 2612 2576 2684 ὑπὲρ
2608 2612 2716 2665 τῶν
2750 2612 3047 2683 ἀλλοτρίων
3081 2613 3549 2684 εὐχαριστοῦντες,
3581 2613 3770 2688 πολλῷ

2195 2706 2394 2778 μᾶλλον
2425 2705 2561 2777 ὐπέρ
2582 2705 2691 2758 τῶν
2725 2705 2891 2759 ἰδίων.
2915 2704 3086 2759 Τοῦτο
3111 2705 3204 2759 καὶ
3237 2707 3265 2759 6
3294 2704 3456 2758 Δαυῖδ
3478 2705 3650 2759 ἐποίει
3674 2706 3764 2759 λέ-

2192 2817 2324 2868 γων·
2382 2799 2772 2867 Μεγαλύνατε
2824 2797 2934 2851 τὸν
2989 2798 3211 2863 Κύριον
3267 2796 3389 2851 σὺν
3445 2796 3595 2866 ἐμοὶ,
3663 2796 3763 2852 και

2191 2888 2529 2957 ὑψώσωμεν
2579 2886 2643 2940 τὸ
2697 2887 2885 2955 ὄνομα
2929 2885 3117 2940 αὑτοῦ
3155 2885 3256 2938 ἐπὶ
3295 2885 3364 2939 τὸ
3394 2887 3571 2940 αὐτόο
3608 2886 3768 2940 τοῦτο

2194 2981 2289 3032 καὶ
2326 2979 2354 3032 6
2394 2976 2714 3040 Ἀπόστολος
2746 2973 3022 3046 πανταχοῦ
3053 2975 3226 3046 ζητεῖο
3272 2974 3432 3030 τοῦτο
3480 2976 3574 3029 καὶ
3601 2977 3764 3047 ἡμεῖς

2194 3067 2577 3142 ἐργαζώμεθα,
2612 3068 2707 3120 καὶ
2753 3069 2831 3132 είς
2873 3067 3083 3130 πάντας
3120 3067 3216 3122 τοῦ
3244 3067 3380 3121 Θεοῦ
3410 3067 3508 3138 τὴν
3539 3067 3764 3137 εὐεργε-

2194 3158 2315 3211 σίαν
2356 3156 2697 3227 ὲκφέρωμεν,
2730 3156 2817 3209 ῖνα
2845 3157 3136 3217 κοινωνοὺς
3165 3155 3422 3227 λάϐωμεν
3460 3156 3558 3226 τῆς
3597 3157 3768 3227 εὐφη-

2196 3248 2343 3318 μίας.
2386 3247 2448 3300 Εί
2498 3246 2608 3318 γὰρ
2646 3245 2798 3316 παρὰ
2833 3246 3135 3317 ἀνθρώπων
3167 3265 3220 3299 τι
3248 3247 3510 3310 παθόντες
3539 3245 3769 3316 ἀγαθὸν,

2191 3340 2320 3393 ὅταν
2360 3337 2814 3408 ἀνακηρύξωμεν,
2861 3336 3303 3409 προθυμοτέρους
3343 3337 3540 3401 αὐτοὺς
3580 3336 3767 3391 ποιοῦο

2196 3447 2314 3504 μενο
2347 3429 2531 3500 πολλῷ
2572 3429 2772 3500 μᾶλλον
2802 3429 2897 3483 τοῦ
2924 3429 3059 3483 Θεοῦ
3086 3430 3186 3493 τὰς
3221 3430 3542 3501 εὐεργεσίας
3567 3431 3768 3498 ἀναγο-

2193 3521 2465 3595 ρεύοντες,
2506 3523 2586 3585 είς
2625 3520 2846 3574 πλείονα
2879 3520 3040 3574 αὐτὸν
3075 3521 3489 3591 ἐπισπασόμεθα
3521 3519 3764 3576 εὔνοιαν.

2191 3616 2302 3668 Καὶ
2319 3616 2381 3667 »εί
2423 3613 2574 3684 παρά
2595 3613 2900 3684 ἀνθρώπων
2928 3612 3392 3684 εὐεργετηθέντες,
3441 3613 3536 3665 καὶ
3562 3612 3764 3677 ἄλλους

2189 3705 2533 3776 διεγείρομεν
2581 3704 2663 3767 είς
2723 3703 2825 3774 τὴν
2887 3703 3168 3756 κοινωνίαν
3225 3702 3326 3772 τῆς
3383 3703 3760 3774 εὐχαριστίας⁸

2189 3796 2372 3867 πολλῷ
2409 3797 2610 3867 μᾶλλον
2637 3795 2716 3865 τῷ
2747 3795 2867 3866 Θεῷ
2903 3795 3131 3858 πολλοὺς
3173 3794 3464 3866 προσάγειν
3491 3793 3598 3866 χρὴ
3630 3796 3761 3861 τοὺς

2190 3887 2330 3957 ὑπὲρ
2365 3885 2524 3956 ἡμῶν
2556 3885 3074 3955 εὐχαριστήσοντας.
3109 3885 3172 3938 El
3205 3885 3312 3955 1&9
3350 3883 3560 3948 Παῦλος
3601 3883 3770 3938 τοῦτα

2187 3981 2352 4043 ποιεῖ,
2385 3976 2656 4047 τοσαύτην
2685 3976 2824 4047 ἔχων
2853 3978 2952 4048 τὴν
2975 3977 3310 4049 παρρησίαν,
3339 3975 3519 4047 πολλῷ
3559 3975 3762 4048 μᾶλλον

2187 4073 2335 4143 ἡμᾶς
2358 4070 2655 4138 ἀναγκαῖον
2681 4066 2837 4121 τοῦτο
2863 4071 3056 4125 ποιεῖν.

2256 4203 2317 4249 ε’.
2348 4194 2764 4267 Παρακαλῶμεν
2779 4193 2956 4248 τοίνυν
2973 4193 3100 4259 τούς
3127 4196 3318 4264 ἁγίους
3341 4195 3480 4266 ὑπὲρ
3501 4195 3652 4266 ἡμῶν
3669 4196 3760 4248 εὐ-

2185 4290 2466 4359 χαριστεῖν
2484 4327 2499 4351 ,
2541 4286 2635 4340 καὶ
2662 4286 2820 4339 αὐτοὶ
2857 4286 2999 4358 ὐπὶρ
3025 4286 3273 4357 ἀλλήλων
3303 4287 3460 4340 τοῦτο
3491 4287 3754 4356 ποιῶμεν.

2185 4381 2356 4435 Τοῦτο
2378 4379 2570 4451 ἱερέων
2599 4379 2834 4450 μάλιστά
2864 4381 2979 4432 ἐστι
3007 4380 3362 4450 κατόρθωμα,
3388 4378 3574 4450 ἐπειδὴ
3601 4378 3757 4448 μέγι-

2186 4490 2308 4526 στον
2339 4471 2563 4541 ἀγαθόν.
2593 4473 2919 4543 Προσιόντες
2940 4474 3070 4544 γὰρ,
3103 4472 3370 4542 πρότερον
3395 4471 3537 4540 ὑπὲρ
3559 4471 3655 4539 τῆς
3678 4471 3759 4522 οἰ-

2182 4561 2457 4631 κουμένης
2489 4560 2584 4614 καὶ
2607 4561 2718 4615 τῶν
2740 4561 2934 4615 κοινῶν
2957 4559 3395 4631 εὐχαριστοῦμεν
3419 4556 3660 4626 ἀγαθῶν.
3690 4558 3757 4610 El

2182 4653 2290 4723 γάρ
2321 4653 2414 4705 καὶ
2447 4651 2626 4706 κοιναὶ
2654 4653 2711 4707 αἱ
2743 4653 3055 4725 εὐεργεσίαι
3083 4651 3178 4705 τοῦ
3212 4650 3370 4713 Θεοῦ,
3406 4649 3544 4703 ἀλλά
3572 4647 3663 4702 καὶ
3689 4648 3754 4701 σύ

2180 4746 2236 4798 ἐν
2264 4743 2340 4812 τῷ
2363 4743 2529 4814 κοινῷ
2554 4743 2784 4814 ἐσώθης.
2812 4745 2973 4797 Ὥστε
3001 4744 3095 4797 καὶ
3118 4744 3260 4813 ὑπὲρ
3280 4742 3379 4812 τῆς
3411 4741 3548 4804 ἰδίας
3573 4740 3758 4810 κοινὴν

2180 4836 2418 4906 ὀφείλεις
2448 4836 2608 4908 χάριν
2628 4877 2642 4900 ,
2677 4837 2772 4890 καὶ
2804 4836 2945 4908 ὑπὲρ
2973 4836 3072 4906 τῆς
3110 4834 3296 4904 κοινῆς
3331 4832 3637 4897 ἰδιάζουσαν
3672 4830 3755 4883 δί-

2181 4947 2333 4993 καιος
2356 4929 2423 4982 ἂν
2449 4928 2566 5000 εἴης
2591 4929 2880 5000 ἀναφέρειν
2906 4927 3204 4998 εὐφημίαν.
3231 4926 3339 4980 Καὶ
3361 4925 3471 4998 γάρ
3494 4925 3585 4977 τὸν
3604 4923 3758 4994 ἥλιον

2179 5021 2383 5090 ἀνῆψεν
2414 5022 2474 5073 οὐ
2518 5023 2600 5075 σοὶ
2636 5021 2803 5092 μόνῳ,
2838 5019 2975 5073 ἀλλά
3004 5021 3098 5073 καὶ
3127 5017 3207 5089 τῷ
3243 5016 3424 5087 κοινῷ·
3460 5015 3576 5068 ἀλλ’
3605 5015 3756 5087 ὅμως

2179 5118 2236 5167 ἐν
2266 5115 2343 5184 τῷ
2377 5113 2532 5186 μέρει
2561 5113 2623 5166 τὸ
2651 5113 2771 5167 ὅλον
2816 5113 2960 5183 ἔχεις
2979 5130 2992 5142 σ
3022 5112 3117 5165 καὶ
3150 5111 3254 5183 γὰρ
3279 5107 3533 5172 τοσοῦτος
3562 5107 3754 5176 γέγονε

2177 5203 2263 5256 διά
2289 5205 2351 5255 τὸ
2378 5203 2578 5256 κοινόοο
2608 5203 2699 5256 καὶ
2728 5205 2858 5276 ὁρᾷς
2889 5205 2952 5255 σὺ
2982 5203 3142 5273 μόνος
3171 5200 3446 5265 τοσοῦτον,
3468 5201 3590 5252 ὅσον
3615 5193 3754 5250 εἶδον

2181 5297 2381 5357 πάντες
2435 5295 2736 5365 ἄνθρωποι.
2773 5299 2935 5350 Ὥστε
2963 5295 3231 5365 τοσαύτην
3262 5292 3498 5362 ὀφείλεις
3530 5293 3753 5361 εὐχαρι-

2181 5387 2353 5450 στίαν,
2369 5388 2501 5458 ὅσην
2525 5388 2783 5452 ἅπαντες·
2804 5391 2898 5442 καὶ
2912 5389 3051 5459 ὑπὲρ
3072 5388 3180 5441 τῶν
3201 5385 3396 5441 κοινῶν
3415 5382 3757 5453 εὐχαριστεῖν

2178 5478 2244 5530 ἂν
2272 5479 2389 5548 εἴης
2413 5478 2638 5542 δίκαιος,
2672 5480 2766 5532 καὶ
2795 5481 2930 5550 ὑπὲρ
2965 5480 3064 5550 τῆς
3090 5478 3292 5549 ἐτέρων
3319 5475 3540 5547 ἀρετῆς.
3577 5468 3753 5524 Πολλά

2177 5571 2284 5638 1&9
2322 5570 2416 5622 καὶ
2459 5571 2526 5623 δι’
2573 5571 2763 5635 ἄλλους
2808 5573 3092 5642 πάσχομεν
3138 5569 3340 5631 καλῶς.
3391 5567 3502 5621 Καὶ
3549 5563 3654 5635 γάρ
3701 5561 3752 5613 εί

2177 5660 2309 5712 δέκα
2358 5661 2516 5727 μόνον
2561 5664 2619 5713 ἐν
2653 5664 2905 5733 Σοδόμοις
2945 5662 3252 5733 εὑρέθησαν
3279 5659 3509 5723 δίκαιοι,
3551 5655 3650 5708 οὐκ
3686 5649 3756 5704 ἂν

2182 5752 2417 5820 ἔπαθον,
2469 5753 2624 5827 [45ὅῖ
2663 5755 2802 5826 άπερ
2853 5755 3070 5810 ἔπαθον.
3111 5756 3274 5807 Ὥστε
3329 5752 3423 5804 καὶ
3475 5747 3614 5819 ὑπὲρ
3657 5742 3752 5814 τῆς
