4138 6220
433 339 537 398 397

429 458 581 509 ceret
612 463 629 503 :
660 442 951 505 mandens
978 440 1251 508 videlicet,
1282 439 1334 495 id
1357 438 1681 512 ipsiquoque
1703 453 1862 509 quam
1887 451 2009 509 gn-

427 541 698 599 tissimutn
742 550 884 593 esse.
932 533 1066 589 Nam
1107 532 1197 603 qui
1247 530 1366 586 hate
1393 529 1619 585 aliorum
1645 544 1807 585 causa
1834 528 2011 585 facere

426 628 830 693 consueverint,
857 625 1029 682 multo
1053 637 1184 678 sane
1202 621 1370 693 magis
1396 629 1621 691 utraque
1646 618 1764 675 haec
1790 618 1890 688 ipsi
1916 632 2009 673 sua

425 736 591 779 causa
621 717 927 791 praestaturi
952 723 1092 769 sunt.
1119 712 1424 783 Quinetiam
1450 725 1546 767 eos
1569 709 1637 765 ad
1659 709 2011 764 humilitatem

426 812 628 875 erudit,
655 819 816 881 atque
844 806 911 862 ad
939 805 1321 861 lerventiorem
1365 802 1643 856 caritatem
1683 800 1849 856 ducit.
1881 799 2012 854 Nam

428 920 552 959 cum
575 903 710 972 ipse,
743 899 835 970 qui
865 906 945 953 tot
971 896 1210 967 partibus
1231 892 1511 950 sublimior
1536 893 1640 947 illis
1663 902 1798 960 erat,
1825 906 2012 947 eorum

429 996 683 1068 precibus
723 992 954 1047 salutem
998 1004 1058 1044 se
1104 994 1491 1056 consequutum
1515 999 1634 1041 esse
1657 1024 1674 1050 ,
1707 999 1768 1039 ac
1796 991 2015 1054 prOpler

431 1091 671 1159 ipsorum
693 1084 972 1140 orationes
993 1079 1308 1135 beneficium
1334 1077 1608 1147 accepisse
1647 1075 1826 1139 dicat,
1855 1074 2013 1128 velim

431 1190 611 1236 tecum
637 1187 872 1246 reputes.
901 1187 1008 1244 quo
1031 1186 1126 1226 eos
1143 1170 1323 1225 animo
1343 1182 1609 1239 quamque
1632 1165 1874 1220 modesto
1895 1180 2016 1219 esse

431 1267 736 1340 Oportebat.
792 1264 932 1333 Quin
988 1261 1118 1317 illud
1164 1276 1377 1332 quoque
1428 1256 1816 1321 animadverte,
1871 1255 2013 1326 quod

431 1361 644 1418 etiamsi
674 1360 817 1415 Deus
854 1353 1223 1412 misericordia
1269 1359 1546 1424 permotus
1591 1349 1793 1419 aliquid
1836 1347 2013 1412 faciat,

434 1463 613 1509 tamen
642 1451 730 1505 hic
759 1462 971 1520 quoque
1008 1445 1246 1517 precatio
1271 1445 1494 1499 multum
1526 1440 1819 1512 adjumenti
1842 1440 2013 1495 afl'crt.

435 1545 647 1602 Etenim
671 1544 723 1598 in
750 1540 1011 1613 principio
1027 1539 1252 1593 salutem
1284 1552 1433 1591 suam
1464 1536 1555 1590 Dei
1585 1532 2017 1588 miserationibus

433 1648 708 1707 acceptam
738 1634 947 1700 retulit;
990 1631 1127 1686 Deus
1172 1630 1315 1685 enim
1363 1627 1778 1693 miserationum,
1825 1626 2014 1695 inquit,

436 1746 527 1783 nos
556 1727 766 1798 eripuit;
790 1726 877 1780 hic
914 1731 1093 1778 autem
1121 1720 1364 1777 eamdem
1396 1720 1631 1789 ipsorum
1658 1732 1870 1788 quoque
1898 1731 2018 1787 pre-

435 1820 587 1873 cibus
629 1813 935 1887 adscripsit.
967 1811 1099 1867 Nam
1147 1811 1307 1867 etiam
1339 1810 1509 1872 illum,
1553 1809 1644 1880 qui
1697 1809 2017 1864 talentorum

437 1910 624 1966 decem
658 1908 824 1964 millia
852 1903 1103 1966 debebat,
1134 1911 1411 1973 postquam
1436 1900 1502 1955 ad
1535 1900 1701 1971 ipsius
1739 1897 1901 1969 pedes
1926 1912 2019 1951 ac-

436 2005 713 2069 cessisset,
746 2001 1030 2055 miseratus
1067 2004 1152 2051 est
1179 2012 1193 2048 :
1220 2002 1276 2049 et
1305 2003 1485 2049 tamen
1508 1992 1704 2047 dictum
1732 1998 1836 2056 est,
1867 1987 2021 2042 Mise-

437 2093 662 2149 ricordia
708 2096 872 2145 motus
915 2088 1102 2142 dimisit
1131 2102 1265 2139 eum.
1305 2087 1480 2154 Atque
1527 2082 1655 2138 item
1704 2080 2021 2135 Cltanatueze

442 2195 564 2257 post
596 2184 812 2238 multam
839 2181 982 2236 illam
1014 2177 1380 2232 assiduitatem
1423 2188 1486 2229 ac
1519 2172 1877 2234 tolerantiam,
1909 2180 2019 2223 tum

442 2277 678 2346 denique
720 2273 840 2327 filice
889 2270 1115 2329 salutem
1168 2267 1434 2323 concessit
1482 2263 1698 2334 (Matth.
1750 2262 1835 2318 l5.
1885 2259 2019 2333 28):

441 2366 656 2424 etiamsi
684 2364 880 2432 alioqui
922 2359 1290 2417 misericordia
1332 2359 1521 2413 ductus
1556 2356 1656 2427 ipsi
1692 2356 1915 2411 salutem
1942 2364 2026 2409 at-

442 2460 644 2518 tulerit.
669 2459 747 2514 Ex
775 2471 879 2528 quo
903 2454 1155 2510 nimirum
1184 2452 1461 2517 discimus,
1490 2450 1734 2520 quamvis
1766 2451 1906 2503 Deus
1933 2446 2025 2500 mi-

442 2552 786 2610 sericordiam
831 2565 957 2621 erga
999 2563 1099 2603 nos
1139 2547 1473 2602 adhibiturus
1516 2545 1619 2610 sit,
1651 2543 1803 2598 nobis
1847 2552 2023 2597 tamen

443 2645 586 2700 istud
613 2645 760 2715 prius
788 2641 1091 2697 faciendum
1135 2654 1275 2703 esse,
1320 2647 1377 2692 ut
1417 2634 1785 2692 misericordia
1836 2634 2025 2705 dignos

448 2738 695 2806 uosipsos
723 2742 1058 2805 praestemus.
1087 2729 1341 2800 Quamvis
1369 2729 1511 2783 enim
1540 2724 1901 2782 misericordia
1932 2726 2022 2793 sit,

444 2827 637 2897 dignos
670 2835 845 2880 tamen
876 2822 1101 2895 requirit
1145 2841 1158 2877 :
1206 2836 1310 2876 non
1339 2820 1479 2874 enim
1514 2828 1715 2873 temere
1753 2818 2026 2888 quibusvis

443 2917 710 2987 obtingit,
776 2916 936 2971 etiam
991 2923 1210 2983 stupore
1261 2909 1628 2966 laborantibus
1675 2925 1688 2961 :
1750 2907 2028 2962 Miserebor

444 3008 585 3062 enim
616 3048 631 3072 ,
692 3006 906 3075 inquit,
952 3004 1099 3073 cujus
1157 3000 1461 3064 miserebor,-
1516 3009 1565 3052 et
1632 2997 2028 3052 misericordiam

446 3096 695 3168 prwstabo
724 3098 790 3161 ei,
818 3096 900 3149 cui
930 3092 1198 3148 miserebor
1237 3091 1429 3163 (Exod.
1457 3091 1546 3145 33.
1575 3089 1688 3158 l9).
1727 3088 1858 3144 Vide
1883 3089 2029 3158 quip-

444 3206 515 3260 pe
553 3190 804 3260 quidnam
833 3188 921 3245 hic
947 3202 1158 3259 quoque
1185 3185 1330 3240 dicat
1360 3202 1374 3237 :
1403 3182 1772 3248 Adiuuantibus
1819 3190 1867 3236 et
1892 3180 2028 3236 vobis

445 3284 500 3337 in
527 3284 775 3337 oratione.
819 3279 952 3335 Nam
985 3294 1084 3334 nec
1120 3268 1286 3332 totum
1316 3276 1445 3347 ipsis
1477 3274 1691 3339 tribuit,
1737 3288 1804 3328 ue
1841 3288 2029 3328 eorum

449 3376 656 3430 animos
681 3374 899 3439 efferat;
929 3389 1029 3428 nec
1057 3387 1240 3427 rursus
1268 3386 1361 3426 eos
1385 3369 1532 3423 omni
1570 3384 1635 3424 ex
1662 3375 1814 3439 parte
1841 3368 1909 3421 ab
1932 3367 2029 3420 hu~

444 3469 534 3539 jus
556 3468 795 3524 beneficii
820 3467 977 3523 laude
1004 3465 1291 3528 submovit,
1321 3475 1378 3519 ut
1398 3479 1491 3519 eos
1513 3463 1698 3517 incitet
1716 3462 2032 3516 alacriores-

449 3577 553 3631 que
582 3559 797 3624 efficiat,
830 3569 990 3629 atque
1019 3559 1159 3613 inter
1181 3572 1238 3611 se
1263 3556 1548 3613 devinciat.
1582 3553 1735 3611 Unde
1760 3554 1920 3609 etiam
1949 3552 2029 3607 di-

448 3656 637 3719 cehat,
663 3653 904 3709 Salutem
948 3665 1119 3707 meam
1164 3649 1315 3704 vobis
1353 3649 1591 3704 donavit.
1623 3648 1754 3702 Nam
1790 3663 2030 3717 perszepe

451 3760 662 3814 quoque
691 3742 833 3798 Deus
853 3742 1002 3812 quasi
1037 3741 1241 3810 pudore
1283 3750 1669 3805 commovetur,
1697 3753 1818 3793 cum
1846 3735 1994 3792 tnulti
2014 3765 2033 3777 ο

453 3836 692 3890 tudinem
738 3833 802 3888 ad
852 3833 1211 3903 precationem
1258 3830 1577 3885 concordem
1625 3838 1786 3900 atque
1813 3828 2032 3899 conspi—

451 3935 659 3981 rantem
681 3926 851 3980 cernit
880 3942 896 3979 :
928 3924 1153 3994 ideoque
1176 3922 1447 3992 protiheke
1469 3920 1704 3987 dicebat,
1728 3921 1841 3993 Ego
1865 3931 2032 3975 autem

453 4034 556 4070 non
586 4032 793 4088 parcam
836 4017 953 4069 huic
999 4014 1187 4068 civitati
1212 4055 1226 4079 ,
1255 4015 1307 4067 in
1345 4030 1444 4083 qua
1474 4013 1700 4066 habitant
1729 4014 1845 4083 plus
1882 4006 2033 4082 quam

455 4117 656 4165 centum
681 4107 856 4178 viginti
896 4106 1058 4159 millia
1087 4104 1350 4159 hominum
1371 4103 1544 4172 (Joua:
1578 4103 1632 4158 4.
1665 4104 1776 4174 ll).
1810 4102 2028 4165 Deinde,

458 4214 529 4253 uc
560 4207 706 4267 putes
730 4199 892 4252 Deum
921 4196 987 4252 ob
1015 4195 1408 4251 multitudinem
1441 4194 1713 4249 dumtaxat
1738 4195 1804 4249 ad
1827 4194 2032 4250 miseri-

456 4289 692 4343 cordiam
728 4288 950 4355 inflecti,
982 4286 1066 4342 his
1092 4288 1268 4342 verbis
1292 4286 1459 4341 utitur
1486 4302 1499 4339 :
1529 4285 1591 4342 Si
1620 4287 1768 4357 fuerit
1795 4304 2033 4341 numerus

457 4379 623 4434 Israel
676 4389 932 4448 tulitquam
983 4396 1139 4433 arena
1184 4379 1339 4433 maris
1362 4418 1377 4442 ,
1437 4378 1662 4449 reliquid:
1710 4377 1863 4432 salvae
1914 4378 2033 4443 [ient

454 4470 608 4541 (Isai.
638 4471 726 4524 lt).
746 4468 862 4542 εἰ).
890 4469 990 4538 Qui
1019 4468 1214 4525 factum
1242 4479 1322 4524 cst
1346 4468 1525 4540 igitur,
1559 4478 1615 4522 ut
1636 4467 1896 4522 Ninivitas
1920 4483 2034 4523 ser—

453 4562 632 4616 vat-it?
661 4562 863 4633 Nempe
902 4564 1025 4633 quia
1066 4578 1173 4616 non
1221 4561 1504 4617 multitudo
1546 4563 1718 4616 solum
1760 4572 1900 4629 crat,
1939 4561 2031 4617 sed

454 4655 744 4710 multitudo
774 4658 969 4711 virtute
998 4655 1218 4725 praedita
1249 4673 1262 4709 :
1293 4654 1658 4725 paenitentiam
1695 4653 1837 4710 enim
1870 4671 2033 4709 unus—

453 4747 682 4814 quisque
703 4746 830 4816 egit,
863 4756 916 4800 et
947 4760 975 4799 a
1006 4747 1086 4800 via
1108 4760 1202 4799 sua
1227 4760 1385 4814 prava
1413 4745 1651 4799 recessit.
1678 4745 1852 4814 Atque
1872 4743 2034 4799 etiam

456 4835 590 4902 ipse,
628 4837 753 4889 dum
799 4837 1022 4891 salutent
1070 4836 1198 4905 ipsis
1240 4834 1479 4899 afferret,
1511 4835 1688 4891 aiebat
1729 4852 1742 4888 :
1789 4834 2033 4888 Nesciunt

453 4927 575 4991 quid
622 4929 685 4980 sit
738 4928 868 4980 inter
915 4926 1145 4981 dextram
1187 4937 1234 4980 et
1271 4927 1530 4980 sinistram
1559 4925 1705 4991 (Jan.
1750 4925 1783 4978 Ι.
1829 4923 1923 4997 c.).
1955 4924 2033 4980 Ex

453 5032 560 5086 quo
583 5019 924 5088 perstricnum
945 5027 1048 5081 est,
1073 5033 1165 5071 eos
1188 5018 1239 5069 in
1261 5018 1435 5085 priora
1460 5024 1676 5084 peccata
1694 5015 2034 5084 simplicitate

455 5110 635 5181 potius
666 5125 825 5180 quam
848 5110 1011 5163 animi
1033 5110 1380 5180 perversitate
1421 5109 1597 5178 lapsos
1638 5108 1843 5162 fuisse:
1874 5106 2033 5177 idque

457 5217 519 5256 ex
544 5217 611 5256 eo
634 5210 868 5267 constat,
891 5201 1031 5273 quod
1051 5201 1232 5271 paucis
1256 5201 1431 5256 verbis
1452 5200 1647 5256 auditis
1666 5199 1733 5256 ad
1754 5200 2032 5256 meliorem

450 5304 688 5349 utentem
716 5309 776 5349 se
806 5303 1139 5364 receperunt.
1170 5294 1322 5362 Quod
1343 5295 1386 5348 si
1416 5294 1481 5350 ad
1507 5309 1600 5351 eos
1620 5295 1913 5351 servandos
1935 5295 2035 5350 hoc

452 5384 585 5437 satis
612 5385 804 5440 virium
831 5385 1123 5449 habuisset,
1145 5386 1287 5457 quod
1313 5396 1523 5441 centum
1552 5386 1734 5458 viginti
1757 5386 2032 5442 hmninum

453 5477 618 5531 millia
665 5486 841 5542 erant,
887 5477 1135 5548 quidnam
1188 5480 1336 5551 prius
1383 5494 1594 5550 quoque
1647 5479 2028 5549 prohibuisset,

452 5568 581 5636 quin
608 5568 836 5624 salutem
866 5569 1324 5639 adipiscerentur?
1353 5569 1459 5625 Cur
1486 5571 1643 5639 igitur
1668 5586 1773 5626 non
1799 5570 1932 5625 dixit
1958 5570 2029 5632 ei.

453 5658 565 5727 Ego
592 5667 773 5714 autem
813 5674 916 5715 non
949 5675 1159 5730 parcam
1200 5660 1397 5716 civitati
1442 5659 1566 5716 huic
1603 5661 1673 5714 ita
1719 5662 2029 5728 immutata,

454 5748 551 5804 sed
584 5758 666 5808 tot
693 5750 858 5808 millia
887 5752 1129 5824 profert?
1154 5753 1231 5810 Ex
1258 5752 1548 5809 abundanti
1580 5753 1683 5812 hoc
1708 5753 1833 5812 facit
1865 5775 1877 5812 :
1912 5773 2031 5812 nam

1488 324 1557 383 tu
1595 324 1805 383 EPIST.
1848 324 1890 381 ιι
1953 320 2044 379 AD
2079 322 2237 397 con.
2279 323 2509 382 nontL.
2549 324 2617 386 ll.

3587 342 3693 402 398

2132 438 2358 492 mutatio
2392 438 2608 509 quidem
2649 436 2927 495 manifesta
2966 451 3101 508 erat,
3145 459 3400 500 numerus
3436 455 3698 506 autemet

2117 526 2430 596 simplicitas
2476 530 2672 584 civium
2703 530 2979 602 propheta:
3010 533 3187 603 ignota
3235 544 3406 590 erant.
3454 537 3698 610 Undique

2119 617 2280 686 igitur
2296 632 2481 673 eorum
2501 618 2703 674 animos
2724 620 2966 677 emollire
2988 622 3198 678 studet:
3219 640 3340 679 nam
3359 635 3468 680 tum
3491 628 3698 684 viribus

2121 710 2283 778 pollet
2309 710 2611 775 multitudo,
2641 728 2760 766 cum
2787 713 2954 767 virtus
2981 714 3199 783 insuper
3224 716 3447 771 accedit.

2193 798 2450 855 Orationis
2479 792 2571 856 vis.
2594 832 2666 842 —
2695 803 2805 857 lloc
2843 804 3002 859 etiam
3032 805 3137 860 alio
3165 806 3284 863 loco
3318 807 3590 880 Scriptura
3616 811 3701 869 Itis

2119 892 2295 947 verbis
2326 891 2562 947 declarat
2590 911 2603 947 :
2631 891 2808 949 Oratio
2834 904 3001 949 autem
3028 897 3177 964 [iebat
3205 897 3313 952 sine
3336 899 3702 958 intermissione

2120 984 2182 1037 ab
2216 982 2441 1037 Ecclesia
2467 984 2537 1037 ad
2563 983 2725 1038 Deum
2751 1003 2842 1056 pro
2868 1003 2925 1040 eo
2955 987 3106 1055 (Act.
3137 987 3223 1043 η.
3251 988 3321 1059 5)
3348 1007 3361 1043 :
3395 999 3702 1063 tantamque

2120 1075 2226 1130 vim
2260 1076 2461 1143 habuit,
2486 1086 2543 1131 ut
2568 1078 2810 1148 quamvis
2835 1081 2998 1133 etiam
3028 1078 3168 1135 fores
3197 1080 3391 1135 clausa:
3417 1093 3616 1146 essent,
3646 1095 3702 1139 et

2121 1178 2323 1222 ealcum
2352 1170 2648 1239 apostolum
2677 1170 3017 1241 stringerent,
3050 1173 3404 1245 custodesque
3436 1174 3703 1247 utrimque

2121 1260 2186 1314 ad
2210 1261 2376 1329 ipsius
2408 1263 2544 1316 latus
2573 1262 2888 1328 dormirent,
2922 1279 3045 1319 eum
3074 1275 3247 1321 tamen
3275 1269 3517 1323 eduxerit
3542 1279 3703 1340 atque

2123 1369 2189 1407 ex
2206 1354 2453 1411 omnibus
2475 1355 2578 1409 illis
2599 1354 2996 1411 difficultatibus
3018 1358 3277 1414 liberarit.
3296 1360 3496 1416 Verum
3518 1378 3705 1434 quem-

2123 1446 2433 1512 admodum,
2464 1449 2508 1502 si
2539 1450 2706 1503 virtus
2736 1449 2894 1523 adsit,
2923 1466 3168 1520 magnam
3197 1452 3303 1508 vim
3334 1452 3494 1509 habet
3518 1456 3704 1510 multi-

2125 1539 2252 1593 tudo
2284 1557 2297 1593 :
2329 1540 2396 1594 ita
2436 1540 2480 1594 si
2525 1541 2708 1596 vitium
2757 1542 2915 1605 adsit,
2970 1544 3164 1599 nullam
3210 1546 3489 1602 utilitatem
3530 1547 3701 1603 affert.

2125 1628 2399 1699 Siquidem
2446 1642 2500 1686 et
2544 1632 2819 1696 lsraelitac,
2855 1650 2989 1705 quos
3026 1652 3204 1692 arena:
3232 1638 3396 1693 maris
3424 1656 3704 1695 numerum

2124 1720 2434 1791 adaequasse
2461 1723 2731 1793 Scriptura
2762 1725 2961 1790 refert,
2992 1743 3180 1784 omnes
3211 1731 3517 1798 perierunt;
3549 1743 3707 1803 atque

2124 1812 2282 1866 etiam
2312 1823 2549 1883 tempore
2573 1814 2681 1869 Noe
2704 1817 2971 1885 permulti,
2994 1819 3101 1872 imo
3123 1819 3386 1877 innumeri
3410 1832 3584 1891 erant,
3608 1840 3707 1880 nec

2128 1914 2303 1960 tamen
2332 1922 2425 1961 eos
2454 1907 2736 1977 quidquam
2771 1907 2872 1963 hoc
2891 1909 3026 1979 juvit
3049 1928 3062 1964 :
3086 1912 3197 1966 sola
3233 1914 3376 1968 enim
3424 1916 3707 1972 multitudo

2126 1997 2257 2052 nihil
2290 2007 2482 2068 potest,
2507 2015 2689 2055 verum
2713 2008 2822 2054 tum
2845 2001 3057 2057 demum
3087 2017 3206 2057 cum
3234 2005 3559 2061 accchiouis
3588 2007 3708 2063 loco

2127 2099 2230 2144 est.
2282 2088 2476 2144 Demus
2505 2089 2661 2160 igitur
2687 2106 2904 2160 operam
2923 2133 2938 2156 ,
2972 2101 3028 2146 ut
3057 2092 3108 2146 in
3141 2093 3388 2162 precibus
3416 2110 3668 2151 coeamus
3687 2138 3705 2164 ,

2126 2180 2214 2234 alii
2246 2195 2341 2249 pro
2367 2180 2484 2235 aliis
2514 2196 2797 2252 precemur
2819 2224 2835 2249 ,
2867 2182 3312 2253 quemadmodum
3342 2185 3415 2239 illi
3450 2202 3545 2255 pro
3572 2202 3706 2258 apo-

2127 2271 2295 2326 stolis.
2327 2271 2416 2326 Sic
2440 2273 2581 2327 euim
2613 2281 2667 2329 et
2691 2273 3000 2329 mandatum
3027 2276 3330 2345 extilemus,
3353 2286 3408 2332 et
3425 2278 3490 2332 ad
3517 2279 3711 2335 carita-

2131 2376 2235 2417 tem
2281 2363 2560 2418 iucitamur
2590 2383 2605 2419 :
2635 2381 2755 2420 euut
2803 2376 2981 2422 autem
3021 2368 3300 2423 caritatem
3345 2369 3498 2436 dico,
3528 2370 3708 2424 omnia

2128 2454 2265 2509 bona
2297 2453 2398 2508 hoc
2432 2457 2691 2511 vocabulo
2726 2459 3053 2528 complector
3083 2476 3098 2514 :
3130 2470 3290 2529 atque
3316 2460 3477 2515 etiam
3507 2462 3709 2531 majore

2128 2546 2306 2602 studio
2348 2548 2547 2617 gratias
2587 2564 2748 2619 agere
2787 2549 3075 2606 discamus.
3119 2551 3250 2607 Nam
3276 2554 3365 2624 qui
3396 2569 3491 2623 pro
3520 2555 3711 2610 alienis

2128 2638 2326 2709 gratias
2366 2639 2476 2694 Deo
2511 2651 2694 2710 agunt,
2722 2641 2890 2697 multo
2920 2643 3088 2713 magis
3130 2642 3181 2698 id
3221 2658 3316 2715 pro
3338 2645 3449 2702 suis
3484 2644 3707 2701 faciunt.

2128 2729 2243 2786 Hoc
2268 2731 2433 2788 David
2461 2750 2671 2805 quoque
2702 2735 2947 2803 faciebat,
2979 2753 3099 2791 cum
3129 2738 3353 2806 diceret,
3382 2739 3713 2812 Magniﬁcate

2131 2822 2406 2878 Dominum
2436 2842 2650 2892 mecum,
2672 2836 2719 2881 et
2742 2828 3020 2884 exaltemus
3045 2846 3225 2884 nomen
3250 2831 3361 2900 ejus
3398 2833 3451 2886 in
3486 2831 3713 2904 idipsum

2131 2911 2301 2985 (Psal.
2327 2916 2418 2972 '55.
2444 2916 2501 2987 4)
2533 2934 2548 2972 :
2577 2917 2678 2972 hoc
2702 2927 2759 2972 et
2782 2920 3056 2987 apostolus
3087 2920 3281 2991 passim
3303 2923 3579 2992 exposcit:
3608 2922 3714 2980 hoc

2131 3021 2230 3061 nos
2257 3005 2380 3061 item
2410 3006 2682 3075 faciamus,
2715 3018 2873 3079 atque
2897 3011 3037 3079 apud
3065 3027 3252 3067 omnes
3279 3013 3372 3068 Dei
3395 3014 3711 3070 beneficium

2130 3096 2504 3167 praedicemus.
2541 3107 2600 3152 ut
2638 3115 2729 3153 eos
2772 3099 3092 3155 laudationis
3138 3103 3315 3159 socios
3353 3120 3710 3161 assumamus.

2129 3187 2263 3245 Nam
2292 3190 2358 3256 si,
2390 3206 2511 3246 cum
2543 3190 2860 3247 beneficium
2888 3193 3104 3263 aliquod
3130 3194 3198 3250 ab
3229 3195 3532 3252 hominibus
3557 3212 3715 3254 acce-

2133 3286 2306 3356 pimus
2325 3294 2483 3356 atque
2504 3286 2555 3341 id
2572 3286 2921 3353 celebramus,
2938 3290 3292 3358 promptiores
3303 3305 3398 3346 eos
3414 3291 3479 3347 ad
3498 3291 3633 3347 bene
3645 3292 3714 3348 de

2135 3376 2288 3431 nobis
2313 3376 2630 3432 merendum
2661 3377 2935 3433 reddimus
2967 3396 2981 3434 :
3008 3382 3176 3435 multo
3202 3381 3390 3453 magis,
3422 3382 3515 3437 Dei
3545 3382 3712 3439 bene-

2132 3468 2252 3525 ficia
2283 3468 2656 3537 praedicantes,
2679 3468 2746 3523 ad
2777 3469 3033 3540 majorem
3074 3472 3499 3528 benevolentiam
3538 3474 3713 3543 ipsum

2135 3559 2484 3615 attraltemus.
2513 3560 2667 3625 Etsi,
2700 3575 2819 3614 cum
2851 3561 3166 3615 beneficium
3196 3563 3408 3630 aliquod
3439 3563 3506 3617 ab
3537 3563 3713 3619 ltonti-

2135 3650 2292 3704 nihus
2319 3650 2634 3719 consequuti
2664 3666 2848 3705 sumus
2869 3692 2885 3716 ,
2917 3652 2981 3705 ad
3013 3652 3211 3722 gratias
3237 3654 3516 3709 nobiscum
3544 3670 3713 3727 agen-

2134 3739 2231 3793 das
2261 3738 2395 3792 alios
2419 3739 2578 3792 etiam
2604 3740 2919 3806 excitamus,
2954 3742 3124 3796 multo
3153 3744 3392 3813 profecto
3422 3747 3589 3818 magis
3619 3762 3716 3802 no-

2133 3828 2216 3884 bis
2255 3828 2546 3882 curandum
2586 3840 2688 3896 est,
2718 3838 2774 3883 ut
2802 3830 3017 3899 multos,
3058 3833 3147 3903 qui
3185 3836 3386 3904 gratias
3423 3851 3520 3904 pro
3563 3838 3716 3893 nobis

2135 3928 2314 3990 agant,
2356 3918 2423 3974 ad
2470 3919 2636 3974 Deum
2681 3920 3045 3976 adhibeamus.
3092 3923 3332 3994 Cumque
3373 3926 3588 3989 Paulus,
3621 3932 3710 3996 qui

2138 4019 2336 4066 tantam
2381 4009 2625 4066 fiduciam
2673 4012 2966 4077 obtinebat,
3000 4014 3100 4069 hoc
3148 4015 3322 4081 faciat,
3358 4025 3504 4071 tanto
3547 4021 3715 4093 magis

2136 4102 2240 4157 hoc
2291 4116 2323 4156 a
2367 4101 2523 4157 nobis
2580 4103 2693 4157 lieri
2753 4117 2974 4160 necesse
3029 4114 3131 4159 est.

2207 4192 2262 4249 5.
2292 4189 2557 4256 Quocirca
2587 4196 2805 4244 sanctos
2842 4189 2990 4242 viros
3033 4189 3198 4241 etiam
3230 4194 3394 4256 atque
3417 4185 3578 4241 etiam
3610 4186 3710 4241 ob-

2140 4298 2437 4345 secretnus,
2469 4289 2526 4335 ut
2556 4295 2654 4351 pro
2694 4278 2855 4333 nobis
2884 4278 3090 4349 gratias
3121 4285 3318 4347 agant,
3344 4286 3513 4347 atque
3542 4277 3709 4333 etiam

2137 4376 2238 4447 ipsi
2272 4390 2368 4445 pro
2393 4373 2550 4429 nobis
2577 4374 2681 4427 hoc
2704 4372 2936 4426 invicem
2976 4368 3262 4424 faciamus.
3304 4366 3452 4423 Istud
3479 4381 3712 4438 praeser-

2140 4468 2235 4522 tim
2277 4467 2620 4522 sacerdotum
2659 4479 2860 4519 munus
2888 4472 2992 4527 est,
3023 4470 3205 4532 utpote
3234 4461 3434 4515 bonum
3465 4458 3714 4515 omnium

2141 4560 2680 4630 praestantissimum.
2731 4556 3067 4612 Accedentcs
3113 4553 3290 4618 enim,
3346 4553 3580 4621 primum
3616 4564 3716 4620 pro

2140 4654 2399 4709 universo
2417 4652 2549 4706 orbe
2565 4648 3055 4717 communibusque
3070 4643 3372 4701 commodis
3389 4642 3590 4714 gratias
3607 4638 3719 4710 agi.

2141 4761 2281 4799 mus.
2300 4744 2433 4799 Nam
2453 4743 2553 4799 etsi
2571 4741 2884 4797 communia
2901 4740 2989 4794 Dei
3008 4738 3267 4792 beneficia
3287 4748 3433 4801 sunt,
3455 4748 3634 4791 tamen
3658 4742 3717 4790 tu

2138 4849 2350 4904 quoque
2390 4835 2442 4890 in
2489 4834 2758 4890 communi
2787 4834 3012 4888 Salutem
3038 4847 3099 4887 es
3127 4842 3509 4903 consequutus.
3540 4833 3722 4905 Itaque

2142 4934 2251 4980 ttun
2267 4941 2363 4997 pro
2378 4929 2522 4997 priva
2532 4937 2581 4980 ta
2597 4934 2681 4979 tua
2694 4938 3033 4980 communem
3044 4923 3331 4994 gratiarum
3344 4926 3607 4981 actionem
3629 4924 3719 4980 dc-

2138 5017 2255 5081 bes,
2276 5026 2384 5071 tum
2407 5033 2501 5085 pro
2517 5017 2784 5071 communi
2805 5015 3065 5085 privatam
3089 5016 3195 5071 Deo
3216 5016 3426 5072 laudem
3447 5018 3542 5073 abs
3561 5028 3613 5074 te
3632 5017 3730 5073 ofm

2139 5107 2266 5163 ferri
2290 5123 2499 5176 aequum
2525 5107 2702 5164 fuerit.
2726 5107 2937 5163 Etenim
2957 5108 3123 5164 Solem
3148 5123 3253 5163 non
3278 5109 3372 5165 tibi
3401 5109 3492 5166 uni
3521 5124 3724 5165 accen¢

2139 5202 2235 5263 dit,
2252 5201 2348 5256 sed
2364 5201 2522 5255 etiam
2539 5201 2898 5256 communiter
2917 5202 3192 5268 omnibus;
3217 5212 3268 5257 et
3288 5210 3463 5258 tamen
3493 5203 3544 5257 in
3569 5211 3718 5271 parte

2139 5300 2310 5346 totum
2338 5291 2503 5347 habes
2529 5309 2543 5347 :
2575 5308 2696 5347 nam
2724 5292 2793 5348 ob
2813 5308 3153 5349 communem
3176 5293 3411 5347 omnium
3439 5292 3718 5347 ntilitatetn

2141 5392 2283 5439 tanta
2307 5385 2670 5454 magnitudine
2686 5396 2900 5441 creatus
2925 5395 3039 5451 est;
3070 5396 3123 5438 tu
3143 5394 3319 5438 tamen
3342 5383 3490 5438 solus
3513 5394 3721 5442 tantum

2139 5476 2311 5543 vides,
2344 5486 2597 5546 quantum
2637 5478 2868 5531 universi
2912 5477 3165 5532 mortales
3187 5476 3370 5531 videre
3396 5486 3613 5547 queant.
3642 5477 3720 5535 Ex

2140 5583 2246 5638 quo
2271 5566 2521 5632 efficitur,
2553 5574 2611 5622 ut
2639 5577 2837 5621 tantam
2868 5567 3156 5629 gratiarum
3185 5569 3456 5622 actionem
3480 5567 3678 5624 debeas
3699 5609 3715 5639 ,

2138 5667 2391 5732 quantam
2420 5658 2688 5724 universi;
2731 5673 2793 5714 ac
2823 5667 2874 5713 te
2905 5667 2960 5713 ct
2988 5672 3089 5728 pro
3111 5658 3487 5714 communibus
3513 5657 3719 5715 benefl-

2140 5752 2237 5809 ciis
2275 5751 2473 5825 gratias
2519 5766 2677 5822 agerc
2722 5767 2819 5823 par
2852 5760 2955 5819 est,
3000 5758 3054 5807 et
3095 5765 3191 5823 pro
3231 5749 3460 5808 aliorum
3501 5751 3715 5809 virtute.
