4122 6226
459 339 568 397 399

462 479 639 533 Multis
695 481 839 534 enim
892 477 1051 533 etiam
1094 482 1308 544 propter
1356 474 1492 531 alios
1540 473 1818 531 beneﬂciis
1864 476 2037 531 allici-

462 586 603 623 mur.
648 568 857 623 Etenim
885 568 929 622 si
959 566 1042 620 vel
1080 565 1264 620 decem
1294 565 1392 620 soli
1420 565 1549 635 justi
1586 565 1685 620 viri
1713 569 1765 621 in
1794 567 2042 624 Sodomis

467 662 667 717 inventi
696 660 936 722 fuissent,
968 672 1072 712 non
1104 657 1155 710 in
1184 672 1279 712 eas
1299 698 1314 725 ,
1345 673 1479 727 quas
1510 659 1861 728 pertulerunt,
1894 660 2040 715 cala-

466 756 677 808 mitates
703 750 1034 805 incidissent.
1067 749 1421 818 Quamobrem
1451 764 1548 820 pro
1573 750 1798 804 aliorum
1830 765 2043 821 quoque

463 845 601 913 apud
644 843 812 897 Deum
860 840 1104 895 libertate
1131 856 1195 894 ac
1223 840 1413 895 lidueia
1454 840 1651 910 gratias
1679 855 1897 911 agamus
1929 858 1942 893 :
1972 841 2044 895 si-

461 937 673 1004 quidem
716 933 887 1004 prisca
928 932 1015 988 lex
1061 932 1177 986 lucc
1220 939 1323 997 est,
1350 941 1510 1003 atque
1533 932 1826 1003 antiquitus
1856 933 1907 987 in
1943 932 2044 988 Ec-

466 1024 626 1080 clesia
653 1024 915 1079 instituta.
943 1023 1033 1078 Sic
1063 1021 1258 1076 Paulus
1288 1036 1383 1091 pro
1408 1022 1694 1087 Romanis,
1726 1039 1822 1093 pro
1846 1021 2041 1078 Corin-

461 1113 589 1168 thiis
609 1156 626 1180 ,
668 1129 768 1183 pro
806 1114 1055 1168 universo
1083 1113 1214 1168 orbe
1236 1112 1435 1182 gratias
1464 1114 1591 1184 agit.
1620 1113 1730 1168 Nec
1751 1129 1881 1171 vero
1913 1115 2041 1169 illud

460 1204 594 1259 mihi
618 1204 815 1259 dixeris
840 1223 854 1259 :
884 1203 996 1258 lloc
1028 1202 1340 1272 prmclarum
1369 1201 1572 1258 facinus
1595 1219 1772 1259 meum
1802 1220 1907 1258 non
1935 1213 2037 1259 est.

462 1297 715 1364 Quamvis
742 1296 885 1352 enim
918 1306 1067 1350 tuum
1094 1310 1197 1349 non
1229 1295 1332 1361 sit,
1364 1294 1443 1350 sic
1472 1311 1685 1366 quoque
1715 1306 1892 1351 tamen
1916 1313 2040 1366 gra-

486 1391 564 1444 ias
591 1404 749 1459 agere
774 1388 956 1454 debes,
982 1389 1122 1459 quod
1153 1388 1453 1444 membrum
1479 1400 1627 1444 tuum
1651 1391 1755 1445 tale
1779 1392 1869 1446 sit.
1893 1392 2041 1445 Alio-

460 1480 589 1547 quin
619 1479 778 1533 etiam
810 1488 960 1533 tuum
991 1478 1119 1533 illud
1146 1478 1274 1534 facis
1295 1520 1310 1545 ,
1342 1496 1463 1534 cum
1495 1479 1680 1536 laudas
1707 1492 1762 1537 et
1800 1482 1850 1536 in
1887 1497 2041 1536 coro-

461 1587 652 1625 narum
704 1579 911 1640 partem
962 1571 1080 1640 ipse
1132 1571 1292 1625 etiam
1344 1573 1533 1639 venis,
1586 1582 1745 1644 atque
1796 1573 2041 1630 eamdem

459 1664 685 1733 gratiam
718 1661 1001 1732 percipies.

534 1752 718 1807 Preces
744 1769 834 1823 pro
858 1752 1241 1808 cateclmmenis.
1266 1785 1335 1795 -—-
1358 1754 1439 1809 Ob
1467 1770 1583 1809 eam
1614 1770 1828 1810 cansam
1855 1755 2041 1812 Eccle-

460 1847 555 1900 siae
584 1846 728 1916 leges
747 1844 814 1900 ad
836 1845 975 1900 hunc
1000 1846 1211 1901 modum
1236 1861 1420 1916 preces
1442 1846 1554 1901 ﬁeri
1575 1847 1761 1917 jubent
1786 1866 1799 1901 :
1825 1864 1929 1903 non
1951 1863 2042 1903 eas

461 1937 738 1992 dumtaxat
779 1953 897 2006 quae
938 1952 1037 2010 pro
1074 1938 1340 2004 fidelibus,
1371 1939 1466 1994 sed
1492 1954 1585 1994 eas
1611 1941 1772 1995 etiam
1796 1955 1915 2011 qua:
1946 1956 2041 2010 pro

458 2031 856 2086 catechumeuis
895 2030 1218 2086 adhibentur
1247 2048 1260 2084 :
1285 2031 1546 2099 siquidem
1599 2033 1682 2087 lex
1724 2032 1791 2087 ad
1838 2033 2042 2103 suppli-

456 2120 687 2177 candum
735 2136 829 2189 pro
871 2121 974 2187 his,
1020 2122 1109 2192 qui
1158 2121 1394 2176 nondum
1445 2123 1635 2178 initiati
1678 2134 1822 2189 sunt,
1857 2124 2041 2180 ﬁdeles

458 2213 672 2269 excitat.
702 2212 834 2267 Nam
863 2227 984 2267 cum
1012 2212 1271 2267 diaconus
1296 2213 1391 2279 ait,
1421 2212 1527 2267 Pro
1551 2214 1927 2269 catecltumenis
1956 2215 2039 2267 in-

458 2316 588 2361 tente
621 2323 838 2373 oremus,
879 2306 1008 2360 nihil
1053 2307 1195 2361 aliud
1243 2305 1388 2370 facit,
1434 2323 1590 2377 quam
1637 2317 1694 2362 ut
1737 2308 2038 2363 universam

459 2398 694 2452 ﬁdelium
725 2397 1119 2453 multitudinem
1160 2398 1226 2452 ad
1268 2413 1457 2468 preces
1492 2414 1588 2469 pro
1626 2398 1729 2455 illis
1768 2399 2041 2455 obeundas

457 2490 671 2544 excitet.
707 2489 865 2559 Atqui
898 2488 1056 2544 alieni
1087 2488 1265 2544 adhuc
1295 2499 1417 2544 sunt
1452 2488 1821 2546 catecbumeni
1857 2508 1872 2544 :
1901 2505 2040 2545 non-

456 2583 583 2638 dum
608 2582 751 2639 enim
783 2583 995 2652 corpori
1036 2580 1231 2638 Christi
1272 2584 1415 2638 insiti
1453 2592 1600 2651 sunt,
1633 2598 1730 2639 nec
1760 2583 2042 2654 mysterio-

455 2691 576 2729 rum
607 2674 892 2745 participes
917 2673 1113 2740 ell‘ecti,
1133 2690 1315 2729 verum
1338 2690 1367 2727 a
1392 2674 1650 2744 spirituali
1681 2689 1841 2745 grege
1866 2673 2041 2729 adhuc

457 2764 634 2818 divisi.
660 2764 814 2831 Quod
840 2765 884 2819 si
913 2779 1042 2835 ergo
1070 2779 1169 2835 pro
1196 2765 1278 2818 his
1306 2765 1566 2819 orandum
1589 2774 1692 2832 est,
1722 2765 1891 2820 multo
1913 2779 2042 2820 sane

457 2857 629 2926 magis
661 2870 758 2925 pro
784 2857 981 2910 nostris
1009 2858 1285 2911 membris.
1315 2855 1397 2911 0b
1428 2856 1586 2926 idque
1615 2856 1776 2913 etiam
1805 2858 1917 2922 ait,
1952 2854 2042 2910 Im

458 2957 590 3000 tente
618 2962 839 3011 oremus,
868 2961 933 2999 ne
962 2946 1211 3001 videlicet
1238 2962 1331 3001 eos
1359 2955 1627 3017 tamquam
1655 2947 1860 3002 alienos
1888 2946 2042 3001 abdi-

457 3052 550 3092 ces
569 3051 632 3092 ac
662 3036 891 3104 rejicias,
919 3053 985 3091 ne
1009 3046 1274 3105 tamquam
1299 3038 1610 3107 peregrinos
1632 3053 1735 3091 non
1758 3052 2038 3107 agnoscas.

459 3130 704 3184 Nondum
736 3128 879 3183 enim
922 3128 1037 3199 lege
1074 3130 1366 3195 sancitum,
1395 3137 1554 3197 atque
1585 3145 1615 3183 a
1644 3128 1859 3185 Christo
1892 3130 2040 3186 inve-

456 3233 596 3279 ctam
634 3222 997 3292 precationem
1040 3219 1271 3287 habent;
1319 3220 1555 3275 nondum
1594 3221 1814 3277 liberius
1851 3222 2040 3278 orandi

458 3320 775 3382 potestatem
820 3311 960 3367 nacti
1007 3318 1156 3376 sunt,
1202 3310 1299 3367 sed
1346 3310 1592 3379 aliorum,
1633 3313 1725 3382 qui
1772 3313 2041 3386 mysteriis

458 3406 650 3460 initiati
678 3406 806 3472 sint,
830 3419 932 3474 ope
959 3403 1220 3474 indigent.
1248 3403 1462 3459 Etenim
1490 3413 1642 3460 extra
1663 3406 1929 3461 vestibula
1956 3421 2040 3462 re-

456 3500 540 3567 gia
570 3507 732 3563 stant,
765 3499 1027 3568 longeque
1067 3513 1095 3552 a
1138 3496 1305 3553 sacris
1346 3498 1639 3553 cancellis:
1669 3515 1837 3570 eaque
1877 3499 2039 3555 etiam

456 3590 526 3646 de
564 3606 745 3657 causa,
777 3606 898 3645 cum
943 3590 1235 3645 tremenda:
1280 3604 1467 3659 preces
1508 3589 1661 3656 fiunt,
1703 3593 2034 3662 ablegantur.

456 3680 574 3749 Quo
605 3681 682 3744 lit,
714 3690 771 3736 ut
798 3691 849 3736 te
873 3697 1085 3752 quoque
1112 3682 1357 3736 hortetur
1380 3724 1394 3747 ,
1426 3691 1484 3736 ut
1508 3697 1604 3752 pro
1632 3683 1737 3738 illis
1766 3698 1910 3748 ores,
1931 3699 2039 3753 quo

456 3773 695 3829 membra
722 3783 809 3828 tua
835 3773 983 3839 liant,
1009 3788 1108 3829 nec
1127 3772 1240 3842 jam
1262 3774 1527 3843 peregrini
1550 3783 1711 3844 atque
1730 3775 1888 3829 alieni
1909 3774 2035 3830 sint.

459 3866 590 3922 Illud
614 3868 757 3922 enim
778 3908 793 3933 ,
829 3867 1070 3933 Oremus,
1104 3882 1209 3921 non
1239 3867 1305 3921 ad
1332 3866 1641 3922 sacerdotes
1672 3877 1877 3922 tantum
1898 3909 1913 3935 ,
1943 3868 2038 3924 sed

455 3959 615 4014 etiam
635 3958 700 4013 ad
726 3959 978 4028 populum
1000 3967 1222 4028 spectat.
1246 3957 1377 4013 Nam
1398 3960 1633 4025 cumait,
1655 3957 1811 4013 Recte
1829 3970 2036 4029 stemus,

456 4068 674 4115 oremus,
702 4067 892 4108 omnes
921 4051 989 4106 ad
1018 4050 1343 4121 precandum
1376 4051 1656 4117 hortatur;
1688 4067 1752 4107 ae
1776 4062 1885 4107 tum
1917 4068 2040 4123 pre-

453 4145 717 4200 cntionem
748 4142 1051 4213 auspicans,
1076 4143 1170 4205 ait,
1198 4141 1263 4196 Ut
1292 4142 1783 4198 misericordissimus
1807 4160 1867 4197 ac
1893 4144 2040 4200 mise-

456 4246 596 4289 rator
625 4234 759 4288 Deus
785 4235 1038 4288 orationes
1064 4250 1237 4288 eorum
1258 4235 1518 4291 exaudiat.
1547 4236 1756 4290 Etenim
1781 4251 1848 4291 ne
1867 4236 2032 4303 dicas,

454 4326 592 4396 Quid
614 4336 696 4382 est
713 4327 854 4397 quod
876 4327 1127 4382 oremus?
1152 4327 1311 4382 alieni
1332 4336 1477 4391 sunt,
1501 4328 1737 4383 nondum
1760 4328 2036 4384 nobiscum

457 4418 727 4488 conjuncti
774 4436 788 4472 :
834 4417 975 4474 unde
1019 4419 1185 4472 Deum
1226 4434 1546 4488 permovere
1592 4418 1849 4489 possum?
1896 4419 2037 4475 unde

455 4527 578 4566 cum
603 4510 893 4576 adducere,
924 4521 979 4565 ut
1021 4510 1441 4566 misericordiam
1469 4528 1531 4568 ae
1560 4512 1770 4567 veniam
1798 4512 1903 4567 illis
1934 4513 2035 4568 im-

459 4602 692 4671 pertiat?
720 4618 808 4667 ne,
837 4602 1075 4671 inquam,
1098 4601 1214 4656 haec
1241 4617 1487 4671 quazrens
1513 4602 1736 4668 hmreas,
1760 4602 1880 4659 vide
1903 4620 2038 4675 quo-

457 4694 616 4750 modo
665 4693 748 4748 bis
792 4691 967 4749 verbis
1003 4690 1385 4747 dubitationem
1436 4701 1578 4747 tuam
1620 4693 1870 4748 discutiat
1914 4712 1928 4749 :
1968 4693 2037 4749 Ut

458 4786 950 4842 misericordissima
977 4802 1038 4839 ac
1067 4786 1331 4841 miserator
1359 4784 1517 4841 Deus.
1546 4785 1795 4851 Audisti,
1832 4785 2037 4841 Miseri-

455 4879 804 4935 cordissimus
835 4881 1009 4937 Deus?
1035 4880 1296 4953 Perplexo
1312 4880 1423 4951 jam
1448 4881 1628 4937 animo
1653 4895 1775 4937 esse
1802 4879 1988 4936 desine
2017 4896 2031 4934 :

458 4970 992 5029 utisericordissimus
1020 4974 1162 5029 enim
1194 4974 1316 5042 ille,
1347 4974 1583 5029 omnium
1604 5015 1620 5041 ,
1648 4973 1750 5028 hoc
1780 4982 1900 5040 est,
1927 4983 2033 5027 tam

457 5071 796 5139 peccatorum
827 5079 985 5133 quam
1009 5065 1326 5134 amicorum,
1350 5068 1654 5123 miseretur.
1682 5065 1941 5134 Quocirca
1966 5082 2036 5123 ne

454 5156 695 5224 dixeris,
726 5156 969 5224 Quonam
1009 5156 1169 5211 modo
1212 5172 1399 5213 eorum
1435 5174 1595 5215 causa
1637 5159 1802 5215 Deum
1839 5159 2036 5216 adibo?

454 5253 572 5325 ipse
601 5250 743 5307 enim
768 5263 953 5306 eorum
984 5262 1167 5319 preces
1195 5250 1462 5305 exaudiet.
1487 5253 1738 5320 Quaenam
1758 5266 1914 5325 porro
1933 5254 2035 5308 alia

453 5343 961 5403 eatechumenorum
976 5341 1213 5413 precatio
1240 5342 1418 5408 fuerit,
1437 5359 1592 5413 quam
1616 5354 1672 5400 ut
1700 5362 1766 5402 ne
1787 5345 2036 5403 catechu-

452 5438 597 5493 meni
638 5437 925 5494 maneant?
962 5436 1083 5493 Mox
1128 5436 1530 5508 supplicationis
1570 5454 1781 5509 quoque
1819 5439 2037 5495 modum

447 5529 638 5586 dictat.
682 5529 936 5599 Quisnam
965 5538 1143 5587 autem
1170 5531 1259 5587 ille
1285 5530 1408 5586 est?
1460 5528 1527 5586 Ut
1555 5531 1783 5585 cordium
1808 5531 2038 5602 ipsorum

452 5636 602 5675 aures
626 5622 842 5691 aperiat.
874 5621 1113 5679 Occlusae
1141 5622 1283 5678 enim
1313 5626 1369 5678 et
1394 5623 1657 5678 obturatas
1685 5622 1860 5677 adhuc
1886 5630 2032 5676 sunt.

456 5714 630 5767 Aures
660 5727 821 5781 porro
850 5728 956 5767 non
984 5721 1235 5770 externas
1263 5713 1457 5777 hasce,
1489 5713 1584 5769 sed
1613 5714 1807 5768 mentis
1832 5712 2035 5768 intelli-

452 5802 546 5876 git.
584 5801 655 5861 Ul
676 5802 887 5858 audiant
911 5820 1023 5875 qute
1051 5804 1223 5862 oculus
1247 5821 1349 5861 non
1378 5805 1520 5875 vidit,
1539 5821 1628 5859 nec
1657 5806 1796 5860 auris
1818 5804 2031 5875 audivit,

1277 339 1333 393 S.
1371 331 1649 392 JOANNIS
1675 320 2149 391 CIIRYSOSTOMI
2186 335 2496 394 ARCHIEP.
2539 335 3068 394 CONSTANTINUP.

3625 348 3733 403 ωο

2149 472 2237 511 nec
2273 455 2327 510 in
2364 473 2451 510 cor
2489 455 2705 511 hominis
2742 456 3100 513 ascenderunt.
3139 457 3324 529 Neque
3350 458 3495 513 enim
3531 475 3731 515 arcana

2146 550 2399 621 mysteria
2417 549 2717 616 audierunt,
2738 550 2830 606 sed
2855 550 3036 620 procul
3054 559 3107 605 et
3127 551 3337 607 eminus
3354 560 3517 608 stant.
3550 555 3728 624 Atque

2146 643 2307 698 etiam
2328 643 2374 696 si
2398 641 2636 708 audiant,
2655 642 2795 697 haud
2817 650 2995 699 tamen
3017 642 3144 713 quid
3163 643 3371 699 dicatur
3394 644 3726 716 intelligunt:

2146 737 2410 809 siquidem
2447 753 2510 793 ea
2552 739 2819 809 ingentem
2862 740 3204 811 sagacitatem
3235 751 3291 795 et
3318 742 3723 814 intelligentiam

2148 832 2444 902 requirunt,
2473 847 2578 886 non
2619 841 2796 887 autem
2842 842 2903 888 ut
2944 834 3228 889 dumtaxat
3271 835 3593 900 audiantur;
3625 835 3723 905 ipsi

2146 941 2273 981 vero
2298 925 2536 980 internas
2557 940 2713 980 aures
2738 926 2973 981 nondum
2997 937 3342 997 acceperunt.
3383 927 3538 984 Unde
3564 928 3726 983 etiam

2148 1015 2439 1085 prophetia:
2484 1017 2710 1087 gratiam
2758 1018 2886 1088 ipsis
2930 1027 3080 1088 optat
3110 1037 3125 1074 :
3152 1018 3419 1089 siquidem
3462 1018 3729 1090 propheta

2145 1108 2210 1161 ad
2242 1106 2384 1162 hunc
2412 1108 2625 1162 modum
2654 1109 2972 1179 loquebatur
3001 1124 3016 1165 :
3046 1109 3293 1166 Dominus
3330 1111 3417 1165 dat
3455 1112 3581 1165 mihi
3622 1110 3727 1164 lin-

2143 1217 2296 1271 guam
2316 1200 2588 1266 eruditam,
2619 1210 2676 1254 ut
2704 1202 2863 1255 sciam
2890 1202 3091 1273 quando
3119 1211 3348 1273 oporteat
3368 1204 3596 1273 proferre
3620 1218 3730 1257 serb

2145 1310 2340 1347 monent
2372 1308 2391 1347 :
2413 1294 2649 1364 quoniam
2671 1293 2780 1364 ipse
2797 1294 2960 1363 aperit
2984 1310 3040 1349 os
3068 1310 3254 1359 meum,
3272 1295 3439 1365 posuit
3458 1311 3537 1348 me
3556 1311 3726 1361 mane,

2144 1388 2377 1455 apposuit
2402 1385 2526 1438 mihi
2546 1396 2721 1440 aurem
2743 1385 3026 1440 audientem
3053 1384 3207 1457 (Isai.
3231 1385 3321 1442 50.
3339 1386 3393 1440 4.
3422 1384 3500 1455 5).
3528 1385 3729 1452 Quem-

2144 1477 2428 1533 admodum
2450 1477 2590 1533 enim
2620 1478 2899 1548 prophetae
2926 1479 3030 1534 alio
3058 1477 3216 1534 modo
3242 1494 3307 1533 ac
3330 1478 3522 1549 reliqui
3550 1479 3726 1533 homi-

2146 1586 2241 1626 nes
2286 1570 2577 1627 audiebant
2600 1587 2613 1624 :
2638 1572 2717 1626 sic
2762 1570 2934 1627 lidelis
2976 1586 3189 1642 quoque
3225 1571 3331 1626 alio
3369 1571 3531 1625 modo
3564 1586 3725 1641 quam

2144 1660 2532 1716 catecbumeni.
2581 1662 2756 1732 Atque
2785 1661 2913 1717 hinc
2939 1661 3101 1717 etiam
3132 1661 3357 1718 docetur
3384 1661 3727 1718 catechume-

2144 1769 2266 1820 nus,
2300 1769 2358 1809 se
2385 1754 2452 1809 ab
2481 1753 2788 1810 hominibus
2812 1753 2927 1811 haec
2949 1770 3055 1810 non
3078 1754 3307 1821 discere,
3340 1769 3514 1826 neque
3538 1754 3727 1811 audire

2145 1842 2344 1912 (Nolite
2368 1844 2510 1900 enim
2532 1886 2551 1911 ,
2584 1845 2787 1916 inquit,
2813 1849 2990 1901 vocare
3015 1847 3152 1902 vobis
3182 1848 3475 1919 magistrum
3506 1848 3561 1902 in
3588 1857 3726 1902 terra

2146 1934 2355 2006 [Matt/t.
2384 1935 2474 1992 25.
2500 1935 2617 2006 8|),
2648 1936 2743 1992 sed
2776 1937 3077 1993 sublimitus
3106 1948 3268 2006 atque
3292 1953 3322 1994 e
3347 1938 3487 1993 caelis
3511 1956 3526 1993 :
3549 1937 3722 1993 Erunt

2144 2028 2286 2082 enim
2315 2044 2508 2094 onmes,
2533 2029 2703 2097 inquit
2731 2027 3029 2100 Scriptura,
3056 2029 3295 2084 docibiles
3321 2028 3418 2083 Dei
3446 2029 3598 2100 (lsai.
3626 2030 3722 2085 54.

2147 2126 2257 2194 15).
2294 2127 2466 2196 Atque
2495 2124 2693 2180 ideirco
2717 2128 2808 2190 ait,
2842 2124 2909 2179 Et
2934 2125 3142 2179 instillet
3168 2125 3289 2196 ipsis
3311 2124 3512 2180 verbum
3536 2124 3723 2179 verita-

2143 2223 2206 2272 tis
2232 2235 2250 2272 :
2280 2218 2350 2274 ita
2380 2228 2437 2273 ut
2465 2219 2674 2273 interne
2701 2218 2752 2273 in
2783 2218 2929 2288 ipsos
2954 2217 3278 2273 infundatur.
3299 2216 3536 2273 Necdum
3557 2217 3722 2287 enim,

2145 2320 2320 2379 utpar
2345 2319 2447 2373 est,
2470 2308 2708 2364 veritatis
2733 2307 2953 2363 verbum
2977 2316 3191 2363 norunt.
3228 2306 3295 2362 Ut
3317 2309 3547 2363 timorem
3574 2325 3725 2362 suum

2144 2399 2196 2454 in
2242 2400 2366 2469 ipsis
2411 2399 2639 2453 seminet.
2686 2398 2756 2453 At
2795 2398 2897 2453 hoc
2939 2398 3158 2453 minime
3197 2398 3555 2454 sullicit:alia
3579 2398 3723 2454 enim

2143 2493 2452 2547 ceciderunt
2476 2506 2632 2547 secus
2662 2491 2821 2557 viam,
2850 2491 2952 2547 alia
2982 2505 3143 2561 super
3171 2500 3368 2561 petras.

2217 2586 2270 2640 6.
2300 2584 2499 2640 Verum
2530 2598 2630 2639 nos
2659 2599 2765 2638 non
2805 2583 2869 2638 ad
2912 2586 3057 2639 hunc
3097 2582 3311 2640 modum
3351 2584 3721 2655 postulamus;

2142 2676 2238 2732 sed
2269 2675 2409 2731 sicut
2435 2685 2672 2730 aratrum
2716 2675 2771 2731 in
2814 2675 2990 2746 pingui
3035 2684 3175 2730 terra
3214 2676 3393 2732 sulcos
3426 2676 3726 2746 aperit,sie

2141 2769 2302 2825 etiam
2334 2768 2420 2825 hic
2448 2777 2508 2824 ut
2537 2768 2629 2823 ﬁat
2658 2783 2967 2838 precamur,
3003 2784 3196 2839 nempe
3222 2776 3281 2823 ut
3314 2768 3365 2822 in
3393 2770 3587 2825 mentis
3614 2770 3731 2824 imo

2144 2860 2402 2925 innovati,
2426 2860 2628 2915 semina
2657 2858 2850 2930 injecta
2871 2860 3157 2928 excipiant,
3178 2875 3241 2914 ac
3260 2860 3513 2931 quidquid
3535 2860 3722 2917 audie-

2142 2953 2252 3007 rint
2284 2960 2531 3006 accurate
2567 2954 2855 3006 retineant.
2901 2950 3053 3008 Unde
3080 2952 3242 3007 etiam
3269 2952 3382 3008 haec
3408 2953 3569 3009 verba
3591 2954 3723 3009 sub-

2143 3045 2346 3110 nectit,
2376 3042 2444 3097 Et
2471 3044 2732 3112 confirmet
2753 3044 2909 3112 ﬁdem
2928 3061 3073 3098 suam
3097 3045 3150 3098 in
3174 3045 3358 3100 animis
3386 3062 3580 3101 eorum.
3610 3047 3725 3103 Hoc

2142 3145 2227 3191 est
2263 3144 2322 3189 ut
2359 3149 2428 3189 ne
2467 3135 2518 3189 in
2558 3135 2841 3204 superﬁcie
2869 3135 3064 3204 jaceat,
3092 3135 3187 3190 sed
3210 3135 3318 3192 alte
3347 3138 3556 3193 radices
3580 3149 3722 3210 agat.

2147 3223 2217 3281 Ut
2243 3226 2460 3297 justitiw
2490 3227 2803 3298 evangelium
2840 3227 2961 3298 ipsis
3000 3228 3200 3282 revelet.
3244 3227 3451 3298 Duplex
3478 3230 3721 3286 velamen

2143 3332 2264 3373 esse
2307 3317 2574 3383 ostendit;
2620 3319 2845 3373 alterum
2886 3318 3009 3390 quia
3054 3320 3249 3375 mentis
3297 3322 3534 3391 ipsorum
3579 3322 3724 3378 oculi

2142 3407 2311 3463 clausi
2338 3417 2482 3474 sunt,
2510 3408 2737 3463 alterum
2777 3408 2901 3479 quia
2938 3418 3181 3478 cpertum
3231 3410 3336 3466 illis
3376 3419 3460 3466 est
3495 3427 3728 3484 evange-

2143 3500 2291 3554 lium.
2321 3500 2397 3554 Ac
2421 3498 2642 3565 proinde
2670 3500 2914 3570 superius
2941 3499 3155 3570 quidem
3178 3499 3404 3563 dicebat,
3434 3500 3503 3555 Ut
3522 3503 3726 3572 aperiat

2143 3609 2290 3648 aures
2318 3592 2484 3646 cordis
2511 3593 2767 3664 ipsorum;
2798 3591 2884 3649 hic
2919 3603 3126 3658 autem,
3162 3591 3230 3648 Ut
3257 3594 3474 3663 justitite
3505 3609 3721 3665 evange-

2143 3686 2267 3739 lium
2286 3685 2408 3754 ipsis
2436 3684 2668 3754 detegat;
2695 3684 2798 3740 hoc
2821 3693 2923 3750 est,
2949 3692 3005 3739 ut
3026 3685 3292 3754 sapientes
3310 3699 3404 3740 eos
3422 3694 3477 3739 et
3495 3685 3560 3740 ad
3584 3686 3719 3741 illud

2147 3774 2514 3845 excipiendum
2561 3775 2781 3831 idoneos
2809 3775 3027 3843 reddat,
3058 3786 3216 3847 atque
3249 3785 3304 3831 ut
3330 3775 3521 3832 doceat
3547 3792 3611 3833 ac
3635 3793 3720 3833 se-

2143 3871 2284 3926 mina
2304 3871 2486 3941 jaciat.
2514 3868 2646 3925 Nam
2669 3869 2786 3925 sive
2815 3869 2991 3926 idonei
3015 3870 3141 3932 sint,
3164 3869 3297 3924 nihil
3320 3879 3496 3927 tamen
3519 3869 3571 3925 id
3592 3869 3720 3941 ipsis

2141 3962 2486 4018 emolumenti
2515 3960 2788 4027 attulerit,
2826 3961 2930 4015 nisi
2961 3962 3099 4016 Deus
3118 3961 3382 4017 detexerit
3406 3979 3420 4015 :
3444 3961 3557 4017 sive
3582 3962 3720 4018 Deus

2141 4054 2375 4125 detegat,
2406 4055 2503 4125 ipsi
2532 4064 2711 4110 autem
2733 4054 3048 4126 repudient,
3087 4055 3139 4110 in
3170 4054 3312 4110 idem
3340 4071 3529 4113 rursus
3550 4057 3716 4113 detri-

2142 4156 2379 4202 mentum
2410 4146 2773 4216 prolabentur.
2818 4146 2929 4202 liae
2961 4147 3029 4202 de
3069 4162 3227 4202 causa
3260 4158 3541 4219 utrumque
3582 4149 3713 4219 peti-

2142 4255 2281 4306 mus,
2312 4254 2506 4308 nempe
2530 4250 2588 4294 nt
2611 4248 2665 4294 et
2690 4238 2853 4294 corda
2877 4239 3100 4309 aperiat,
3126 4248 3182 4295 et
3205 4241 3541 4311 evangelium
3574 4249 3720 4311 pate-

2142 4330 2319 4387 faciat.
2350 4329 2532 4402 Neque
2559 4330 2702 4385 enim
2724 4331 2768 4385 si
2795 4333 3000 4400 regium
3029 4330 3467 4400 paludamentum
3486 4330 3719 4401 superja-

2140 4431 2228 4478 cto
2271 4424 2392 4478 velo
2440 4431 2635 4477 tectum
2674 4421 2889 4492 jaceat,
2934 4421 3219 4491 quicquam
3259 4421 3365 4477 hoc
3401 4420 3717 4476 intuentium

2140 4513 2310 4569 oculis
2332 4513 2591 4582 profuerit
2613 4530 2626 4565 :
2649 4511 3095 4582 quemadmodum
3123 4526 3334 4567 rursum
3357 4512 3432 4566 nil
3452 4510 3717 4568 detectum

2141 4605 2273 4662 illud
2319 4620 2441 4661 esse
2478 4604 2713 4675 juverit,
2758 4606 2803 4661 si
2849 4605 2991 4660 oculi
3029 4604 3249 4659 minime
3279 4603 3517 4673 vigileut.
3546 4602 3718 4658 Ambo

2142 4712 2303 4768 porro
2329 4696 2427 4751 ista
2450 4696 2778 4768 contingent,
2807 4697 2853 4752 si
2881 4696 2957 4752 illi
2983 4697 3131 4765 prius
3151 4694 3437 4751 voluerint.
3455 4693 3717 4763 Quidnam

2140 4799 2318 4847 autem
2346 4798 2450 4855 est,
2476 4788 2699 4867 Iustitia
2717 4790 3069 4861 evangelium?
3092 4788 3355 4844 Nimirum
3380 4788 3524 4859 quod
3546 4788 3722 4858 justas

2140 4883 2326 4940 efﬁcit.
2369 4882 2465 4939 His
2501 4882 2644 4937 enim
2675 4881 2852 4937 verbis
2876 4881 3125 4952 baptismi
3150 4880 3475 4937 desiderium
3506 4881 3561 4935 in
3592 4881 3721 4951 ipsis

2140 4979 2264 5043 ciet,
2289 4978 2416 5033 dum
2443 4975 2571 5030 illud
2592 4974 2847 5040 ostendit,
2867 4974 3198 5045 evangelium
3225 4987 3333 5028 non
3362 4982 3568 5027 tantum
3595 4986 3722 5041 pec.

2139 5079 2259 5125 cata
2289 5068 2586 5133 remittere,
2605 5066 2699 5122 sed
2715 5065 2974 5135 justitiam
2996 5065 3158 5120 etiam
3179 5063 3393 5119 aﬂ'erre.
3426 5061 3495 5119 Ut
3516 5064 3601 5119 det
3619 5062 3722 5117 illis

2140 5169 2354 5213 mentem
2374 5157 2617 5223 divinam,
2636 5165 2827 5210 castam
2844 5155 3216 5226 cogitationem,
3233 5155 3389 5209 vitam
3408 5170 3524 5209 cum
3543 5155 3723 5209 virtuts

2139 5251 2479 5320 conjunctam.
2509 5248 2742 5303 Audiant
2767 5248 2883 5303 hzce
2905 5246 3111 5313 ﬁdeles,
3134 5247 3225 5318 qui
3246 5247 3368 5302 vita.
3390 5245 3613 5316 hujusce
3634 5260 3723 5299 ne-

2139 5342 2298 5413 gotiis
2320 5339 2467 5395 afﬁxi
2487 5348 2631 5394 sunt.
2654 5338 2788 5395 Nam
2812 5339 2859 5395 si
2884 5339 2970 5405 iis,
2996 5336 3090 5409 qui
3111 5338 3335 5394 minime
3356 5337 3550 5392 initiati
3572 5344 3717 5399 sunt,

2141 5434 2259 5490 hzec
2288 5432 2560 5504 postulare
2584 5431 2837 5503 iubemur
2854 5472 2874 5501 ,
2901 5430 3298 5488 animadvertas
3324 5430 3508 5496 velim,
3538 5428 3722 5501 quales

2140 5527 2389 5597 nosipsos
2417 5539 2539 5581 esse
2562 5533 2807 5595 oporteat
2831 5524 2924 5596 qui
2950 5522 3066 5580 haec
3092 5523 3213 5579 aliis
3244 5522 3575 5592 postulamus
3605 5537 3618 5573 :
3651 5520 3718 5574 si-

2137 5616 2357 5689 quidem
2385 5616 2437 5676 ld
2459 5615 2725 5688 agendum
2749 5625 2865 5684 est,
2895 5625 2953 5672 ut
2980 5615 3087 5671 vita
3113 5624 3300 5671 nostra
3326 5614 3610 5685 evangelio
3640 5626 3722 5667 re-

2139 5709 2419 5782 spondeat.
2453 5709 2571 5778 Quo
2593 5710 2754 5767 etiam
2784 5709 2862 5776 lit,
2891 5717 2950 5764 ut
2975 5706 3296 5778 precationis
3317 5705 3406 5760 lex
3425 5720 3454 5758 a
3480 5704 3721 5760 doctrina

2144 5804 2210 5860 ad
2240 5806 2402 5862 vitam
2431 5812 2683 5863 transeat.
2725 5803 3014 5873 Postquam
3041 5798 3185 5855 enim
3221 5795 3391 5865 dixit,
3424 5793 3492 5852 Ut
3518 5797 3724 5863 iustitia
