4122 6226
377 386 484 442 399

378 500 586 570 ἐτέρων
618 495 933 568 παρρησίας
963 492 1395 564 εὐχαριστῶμεν.
1429 489 1539 543 Καὶ
1576 487 1685 558 γὰρ
1723 488 1948 558 ἀρχαῖος

375 569 580 650 οῦτοςὸ
601 588 763 656 νόμος
780 586 947 648 ἐστὶν,
976 583 1180 637 ἀνωθεν
1202 584 1260 634 ὲν
1279 583 1346 650 τῇ
1376 569 1674 648 Ἐκκλησία
1694 591 1957 645 πεφυτευ-

382 680 562 750 μένος.
595 677 749 731 Οῦτω
776 677 868 729 καὶ
897 675 1104 736 Παῦλος
1134 672 1444 743 εὐχαριστεῖ
1469 669 1608 738 ὑπὲρ
1646 666 1954 736 Ῥωμαίων,

378 772 528 840 ὑπὲρ
553 769 877 840 Κορινθίων,
915 767 1055 835 ὑπὲρ
1086 766 1183 833 τῆς
1219 761 1544 832 οἰκουμένης
1575 759 1814 828 ἀπάσης.
1850 756 1960 808 Καὶ

384 863 463 932 μή
508 878 599 930 μοι
629 859 772 926 λέγε·
830 858 944 909 Οὐκ
987 855 1132 907 ἐστιν
1172 853 1302 920 ἐμὸν
1348 851 1410 902 τὸ
1447 847 1801 918 κατόρθωμα.
1844 843 1960 896 Κᾶν

381 953 497 1022 γάρ
532 950 606 1022 μὴ
639 949 729 1002 σὺν
759 945 816 1022 ᾖ,
853 949 946 1000 καὶ
984 945 1157 1008 οὕτως
1197 945 1538 1014 εὐχαριστεῖν
1576 939 1844 1009 ὀφείλεις,
1880 938 1961 990 ὅτι

382 1046 451 1097 τὸ
478 1043 638 1114 μέλος
665 1059 758 1094 σου
790 1039 1026 1092 τοιοῦτόν
1052 1039 1219 1090 ἐστιν.
1261 1036 1472 1096 ΙἈλλως
1498 1034 1552 1086 δὲ
1586 1034 1679 1085 καὶ
1710 1031 1800 1083 σὸν
1829 1029 1962 1082 αὐτὸ

384 1136 563 1196 ποιεῖς
589 1131 675 1184 διά
695 1130 796 1198 τῆς
813 1127 1109 1197 εὐφημίας,
1125 1128 1218 1178 καὶ
1241 1121 1635 1185 κοινωνεῑςτῶν
1658 1119 1959 1188 στεφάνων,

386 1227 482 1280 καὶ
515 1223 658 1293 λήψῃ
694 1223 787 1273 κα)⁸
813 1219 972 1282 αὐτὸς
1005 1218 1063 1270 τὸ
1095 1218 1362 1289 χάρισμα.

461 1315 561 1368 Διά
597 1329 678 1364 τοι
721 1309 880 1363 τοῦτο
902 1309 995 1362 καὶ
1026 1309 1126 1372 τὰς
1162 1308 1328 1376 εὐχὰς
1370 1304 1512 1358 οὕτω
1546 1301 1788 1371 γίνεσθαι
1810 1309 1830 1330 ⁸
1875 1316 1966 1352 κε-

389 1406 638 1462 λεύουσιν
667 1404 716 1456 οί
756 1403 854 1471 τῆς
902 1399 1227 1470 Ἐκκλησίας
1252 1398 1426 1466 νόμοι,
1457 1397 1516 1449 οὐ
1548 1397 1645 1457 τὰς
1675 1393 1816 1463 ὑπὲρ
1857 1390 1964 1444 τῶν

392 1495 603 1550 πιστῶν
645 1494 826 1563 μόνον,
866 1489 1003 1546 ἀλλὰ
1029 1492 1123 1543 καὶ
1157 1489 1256 1551 τὰς
1287 1489 1427 1559 ὑπὲρ
1464 1487 1570 1539 τῶν
1619 1482 1966 1554 κατηχουμέ-

391 1604 521 1641 νων.
560 1586 697 1648 Τοὺς
728 1582 836 1653 γὰρ
877 1582 1098 1643 πιστοὺς
1133 1583 1160 1633 ὁ
1197 1580 1358 1649 νόμος
1402 1577 1660 1647 διεγείρει
1705 1574 1840 1644 πρὸς
1869 1571 1966 1643 τὴν

393 1678 503 1732 τῶν
527 1677 789 1748 ἀμυήτων
819 1674 1120 1744 ἱκετηρίαν.
1156 1673 1324 1724 Ὅταν
1351 1670 1459 1741 γὰρ
1538 1670 1786 1730 διάκονος
1810 1665 1964 1734 λέγῃ,

404 1771 586 1839 ’Υπὲρ
618 1768 734 1823 τῶν
757 1762 1486 1836 κατηχουμένωνέκτενῶς
1517 1759 1838 1828 δεηθῶμεν,
1877 1756 1969 1808 οὐ-

392 1865 482 1918 δὲν
511 1862 638 1917 ἀλλο
668 1861 700 1929 ἢ
736 1859 827 1912 τὸν
861 1858 1032 1928 δῆμον
1063 1856 1278 1909 ἅπαντα
1321 1855 1428 1907 τῶν
1459 1851 1666 1905 πιστῶν
1701 1848 1971 1915 διανίστη-

396 1967 483 2005 σιν
522 1950 602 2010 είς
629 1950 726 2010 τὰς
751 1946 890 2012 ὑπὲρ
919 1943 1142 1997 ἐκείνων
1169 1943 1356 2012 εὐχάς.
1389 1941 1583 1994 Καίτοι
1611 1956 1674 2008 γε
1701 1937 1970 2007 ἀλλότριοι

391 2041 533 2104 τέως
563 2039 699 2092 εἰσὶν
727 2039 775 2091 οἱ
809 2035 1231 2106 κατηχούμενοι.
1263 2033 1492 2088 Οὐδέπω
1520 2033 1626 2102 γὰρ
1655 2029 1747 2083 τοῦ
1782 2028 1972 2097 σῶμα-

392 2135 489 2198 τός
522 2135 628 2186 εισι
657 2131 749 2185 τοῦ
783 2129 1046 2200 Χριστοῦ,
1079 2127 1292 2181 οὐδέπω
1326 2126 1639 2197 μυστηρίων
1678 2120 1974 2190 ἐκοινώνη-

398 2245 527 2290 σαν,
558 2224 673 2278 ἀλλ’
701 2223 780 2276 ἔτι
805 2220 1126 2292 διῃρημένοι
1155 2218 1486 2288 τυγχάνουσι
1514 2215 1615 2285 τῆς
1647 2213 1848 2283 ἀγέλης
1875 2211 1975 2280 τῆς

397 2316 802 2388 πνευματικῆς.
842 2315 904 2368 Εἰ
949 2313 1004 2366 δὲ
1054 2313 1194 2383 ὑπὲρ
1239 2310 1444 2364 τούτων
1497 2306 1833 2377 παρακαλεῖν
1874 2304 1974 2367 δεῖ,

397 2409 582 2480 πολλῷ
618 2408 816 2479 μᾶλλον
850 2405 988 2476 ὑπὲρ
1030 2404 1139 2457 τῶν
1176 2401 1354 2474 μελῶν
1386 2400 1492 2454 τῶν
1529 2398 1834 2469 ἡμετέρων.
1879 2393 1978 2446 Διά

397 2503 511 2572 γὰρ
536 2501 696 2554 τοῦτο
727 2499 843 2562 καὶ,
887 2493 1200 2561 Ἐκτενῶς,
1233 2493 1389 2564 φησι,
1417 2489 1746 2558 δεηθῶμεν,
1778 2487 1866 2539 ἵνα
1905 2483 1978 2556 μὴ

399 2595 477 2657 ὡς
499 2590 814 2661 ἀλλοτρίους
840 2587 1174 2658 ἀποποιήσῃ,
1199 2583 1286 2636 ἵνα
1311 2585 1384 2653 μὴ
1407 2581 1481 2644 ὡς
1508 2581 1689 2645 ξένους
1717 2578 1975 2648 ἀγνοήσῃ.

402 2682 628 2738 Οὐδέπω
655 2679 764 2750 γὰρ
793 2677 957 2748 εὐχὴν
992 2675 1174 2744 ἔχουσι
1201 2673 1300 2743 τὴν
1335 2669 1729 2740 νενομισμένην
1749 2667 1842 2720 καὶ
1871 2667 1982 2718 εἰσ-

401 2773 710 2843 ενεχθεῖσαν
774 2769 879 2822 ὐπὸ
926 2767 1018 2820 τοῦ
1074 2764 1313 2836 Χριστοῦ
1337 2781 1351 2795 ·
1407 2762 1617 2816 οὐδέπω
1666 2759 1981 2830 παρρησίαν

402 2865 721 2934 κέκτηνται,
760 2860 876 2916 ἀλλ’
911 2857 1114 2931 ἑτέρων
1146 2856 1354 2910 δέονται
1386 2855 1493 2908 τῶν
1529 2850 1984 2924 μυσταγωγηθέν-

402 2977 533 3014 των.
585 2957 731 3024 Ἐξω
779 2954 889 3026 γὰρ
935 2952 1045 3007 τῶν
1098 2947 1394 3020 βασιλικῶν
1439 2947 1736 3016 ἑστήκασιν
1775 2941 1979 3004 αὐλῶν,

404 3053 596 3123 πόρῤω
617 3050 724 3103 τῶν
750 3047 912 3119 ἱερῶν
943 3042 1270 3116 περιϐόλων.
1305 3038 1405 3092 Διά
1431 3037 1592 3090 τοῦτο
1618 3036 1714 3088 καὶ
1746 3031 1987 3088 ἀπελαύ-

405 3160 612 3207 νονται,
651 3141 761 3195 τῶν
794 3137 1038 3210 φρικτῶν
1074 3132 1250 3205 εὐχῶν
1282 3131 1506 3183 ἐκείνων
1535 3126 1855 3196 γινομένων.
1887 3121 1987 3176 Διά

407 3236 566 3290 τοῦτο
596 3233 692 3288 καὶ
741 3233 802 3286 σὲ
853 3228 1164 3301 παρακαλεῖ
1203 3223 1412 3278 δεῖσθαι
1461 3220 1600 3290 ὑπὲρ
1639 3217 1850 3281 αὐτῶν,
1901 3217 1987 3270 ἴνα

412 3327 552 3398 μέλη
589 3325 854 3394 γένωνται
898 3321 988 3387 σά,
1025 3321 1110 3373 ἵνα
1148 3318 1223 3388 μὴ
1265 3316 1346 3368 ἔτι
1381 3308 1482 3367 ὦσι
1522 3312 1662 3376 ξένοι
1705 3311 1799 3363 καὶ
1831 3308 1990 3379 ἠλλο-

407 3417 724 3490 τριωμένοι.
755 3417 829 3468 Τὸ
861 3414 1002 3487 γὰρ,
1032 3409 1344 3479 Δεηθῶμεν
1365 3448 1378 3470 ,
1414 3406 1474 3459 οὐ
1517 3407 1630 3467 τοῖς
1662 3403 1867 3472 ἱερεῦσι
1901 3401 1990 3454 λέ-

410 3527 567 3580 γεται
600 3509 782 3582 μόνον,
812 3505 950 3560 ἀλλά
981 3505 1075 3558 καὶ
1102 3506 1214 3566 τοῖς
1245 3503 1324 3565 είς
1347 3500 1441 3553 τὸν
1463 3497 1592 3551 λαὸν
1620 3495 1985 3550 συντελοῦσιν.

413 3602 584 3655 Ὅταν
613 3598 722 3669 γὰρ
746 3599 895 3668 εῐπῃ,
910 3595 1148 3665 Στῶμεν
1172 3591 1394 3656 καλῶς,
1411 3587 1734 3656 δεηθῶμεν,
1759 3586 1988 3650 πάντας,

412 3695 492 3756 είς
521 3692 620 3762 τὴν
643 3691 808 3760 εὐχὴν
844 3685 1168 3757 παρακαλεῖ.
1201 3679 1334 3737 Εἶτα
1364 3682 1666 3752 ἀρχόμενος
1698 3680 1796 3748 τῆς
1826 3677 1993 3746 εὐχῆς

415 3801 610 3856 φησιν·
659 3783 798 3836 Ἵνα
842 3783 875 3834 ὁ
914 3776 1309 3846 πανελεήμων
1349 3777 1445 3828 καὶ
1495 3773 1808 3840 οἰκτίρμων
1851 3768 1993 3832 Θεὸς

415 3876 730 3944 ἐπακούσῃ
754 3872 876 3928 τῶν
897 3871 1167 3941 δεήσεων
1190 3867 1408 3924 αὐτῶν.
1435 3867 1556 3920 Ἵνα
1574 3864 1680 3934 γὰρ
1705 3864 1777 3934 μὴ
1803 3862 1990 3931 λέγῃς.

416 3969 485 4024 Τί
511 3968 837 4040 δεηθῶμεν;
885 3963 1310 4036 ἠλλοτριωμένοι
1338 3961 1502 4024 εἰσὶν,
1537 3957 1747 4011 οὐδέπω
1788 3972 1994 4024 συνημ-

424 4061 598 4134 μένοι·
646 4058 807 4114 πόθεν
855 4059 963 4128 ἔχω
993 4054 1314 4124 δυσωπῆσαι
1353 4052 1446 4104 τὸν
1477 4050 1640 4113 Θεόν;
1678 4047 1840 4101 πόθεν
1889 4047 1996 4114 ἔχω

422 4155 612 4207 πεῖσαι
643 4150 958 4222 μεταδοῦναι
992 4148 1142 4201 ἐλέου
1177 4147 1270 4199 καὶ
1301 4139 1630 4210 συγγνώμης
1662 4139 1878 4203 αὐτοῖς;
1908 4137 1996 4190 ἴνα

425 4245 505 4318 μὴ
558 4243 731 4299 ταῦτα
765 4243 942 4316 ζητῶν
987 4244 1236 4311 ἀπορῇς,
1287 4239 1389 4308 ὅρα
1432 4234 1550 4293 πῶς
1599 4251 1692 4286 σου
1736 4231 1853 4284 λύει
1901 4231 1996 4302 τὴν

422 4334 662 4408 ἀπορίαν
686 4334 878 4404 λέγων·
915 4335 1040 4387 Ἵνα
1063 4334 1096 4386 ό
1125 4327 1525 4396 πανελεήμων
1554 4323 1651 4378 καὶ
1681 4323 1999 4391 οἰκτίρμων

423 4427 592 4494 Θεός.
638 4428 943 4489 Ἤκουσας,
997 4419 1396 4488 Πανελεήμων
1443 4420 1622 4482 Θεός;
1660 4417 1752 4485 Μὴ
1805 4414 1998 4484 ἀπόρει

420 4519 633 4575 λοιπόν·
655 4521 684 4572 ὁ
711 4518 820 4589 γὰρ
851 4517 1208 4586 πανελεήμων
1247 4513 1453 4574 πάντας
1491 4512 1632 4563 ἐλεεῖ
1652 4550 1667 4575 ,
1699 4508 1793 4560 καὶ
1821 4509 2001 4576 ἀμαρ-

422 4613 628 4676 τωλοὺς
650 4615 746 4665 καὶ
776 4611 982 4682 φίλους.
1007 4608 1098 4679 Μὴ
1124 4605 1302 4660 τοίνυν
1325 4604 1472 4672 λέγε,
1499 4603 1622 4666 Πῶς
1651 4603 1790 4673 ὑπὲρ
1819 4600 2000 4655 αὐτῶν

423 4700 744 4773 «post-510w;
797 4700 962 4762 αὐτὸς
1003 4696 1299 4750 ὲπακούσει
1353 4694 1461 4746 τῶν
1507 4693 1743 4762 δεήσεων
1800 4691 1998 4746 αὐτῶν.

424 4794 622 4865 Δέησις
649 4793 707 4846 δὲ
732 4791 1156 4861 κατηχουμένων
1194 4787 1279 4850 τίς
1312 4786 1377 4840 ἂν
1409 4786 1516 4856 εἴη,
1552 4785 1666 4838 ἀλλ’
1696 4784 1730 4855 ἢ
1757 4783 1897 4837 ῶστε
1928 4783 2004 4855 μὴ

429 4888 616 4962 μεῖναι
644 4883 1083 4955 κατηχουμένους
1105 4900 1119 4949 ;
1143 4878 1277 4934 Εἶτα
1298 4880 1390 4932 καὶ
1416 4877 1743 4949 ὑπαγορεύει
1763 4878 1862 4946 τῆς
1889 4879 2002 4929 ἱκε-

425 4976 628 5048 τηρίας
674 4975 764 5029 τδν
811 4975 1029 5046 τρόπον.
1073 4973 1168 5036 Τίς
1206 4972 1263 5025 δὲ
1322 4965 1475 5033 οῦτός
1519 4972 1696 5034 ὲστιν;
1749 4970 1880 5024 Ἵνα
1921 4969 2005 5022 δι-

425 5066 646 5136 σνοίξῃ
669 5068 741 5120 τὰ
765 5061 886 5120 ὦτα
905 5064 1024 5120 τῶν
1049 5064 1304 5132 καρδιῶν
1335 5061 1550 5117 αὐτῶν.
1586 5061 1812 5131 Μέμυκε
1840 5061 1869 5101 ιι
1899 5061 2006 5132 γὰρ

430 5156 537 5222 ἔτι,
568 5157 665 5209 καὶ
690 5155 970 5226 βέϐυσται.
1001 5149 1141 5206 Ὦτα
1165 5153 1221 5206 δὲ
1250 5153 1310 5205 οὐ
1337 5151 1510 5206 ταῦτά
1537 5167 1668 5220 φησι
1699 5149 1766 5202 τὰ
1789 5148 2006 5214 ἔξωθεν,

430 5245 576 5301 ἀλλά
592 5247 660 5300 τά
679 5245 834 5319 [ιδθι
855 5246 951 5316 τῆς
972 5245 1230 5307 διανοίας.
1253 5246 1431 5296 ’Ὥστε
1451 5241 1708 5298 ἀκοῦσαι
1733 5240 1772 5295 ἃ
1789 5241 2010 5310 ὀφθαλ-

427 5337 548 5410 μὸς
568 5341 682 5395 οὐκ
697 5335 840 5404 εἶδε,
862 5338 962 5392 καὶ
989 5333 1099 5404 οὖς
1120 5340 1230 5391 οὐκ
1253 5335 1482 5397 ἤκουσε
1527 5337 1622 5389 καὶ
1642 5334 1741 5388 ἐπὶ
1763 5334 2012 5404 καρδίαν

501 5487 530 5554 _‘
557 5483 669 5542 Mm,
841 5485 1081 5554 τιμᾶσθαι.
1109 5483 1257 5554 Edﬂj,
1281 5483 1406 5554 οῦτω
1428 5482 1652 5554 γίνεσθαι..
1680 5481 1798 5540 Quae
1821 5480 1884 5554 d0
1909 5485 2011 5550 ca}-

437 5540 736 5596 echuménis
780 5547 859 5595 hic
881 5540 1132 5604 dicuntur,
1179 5543 1403 5593 Diui-ibus
1423 5540 1680 5604 disquisita
1720 5544 1944 5604 reperles
1962 5540 2009 5590 in

438 5609 736 5658 Praﬂalione
760 5607 1000 5668 generali.

501 5669 530 5709 b
554 5669 666 5727 Ms.,
692 5664 878 5731 βέϐυιε.
922 5668 1072 5731 Error
1106 5671 1244 5731 qrtus
1277 5678 1340 5712 ex
1373 5664 1694 5731 similitudine;
1736 5666 2010 5714 litterarum

441 5737 472 5794 β
499 5741 552 5781 et
577 5748 628 5792 μ,
654 5726 706 5778 ili
751 5744 835 5781 ms.
863 5729 1220 5794 azvﬁi_c_ujusdam
1267 5735 1322 5778 ul.
1373 5726 1539 5774 videre
1564 5727 1717 5788 possis
1752 5729 1801 5777 iu
1828 5728 2010 5777 Palam-

439 5791 644 5856 graphia
662 5799 829 5843 nostra
850 5806 896 5854 p.
928 5791 1039 5839 556.

1410 377 1475 432 IN
1517 375 1736 432 EPIST.
1771 375 1814 430 11
1852 376 1944 430 ΔΙ)
1984 376 2142 432 COR.
2213 377 2441 431 HOMIL.
2485 379 2544 435 ll.

3530 376 3628 431 ιοο

2063 488 2379 557 ἀνθρώπου
2407 491 2518 544 οὐκ
2545 491 2744 557 ἀνέϐη.
2780 489 2914 542 Οὐδὲ
2940 490 3045 558 γὰρ
3073 490 3311 559 ῆκουσαν
3333 485 3440 538 τῶν
3465 487 3633 556 ἀπορ-

2064 578 2242 651 ρήτων
2298 581 2645 652 μυστηρίων,
2705 581 2840 634 ἀλλά
2887 581 3080 653 πόρρω
3131 596 3234 631 που
3282 576 3377 630 καὶ
3417 577 3634 646 μακρὰν

2062 674 2344 744 ἑστήκασι.
2378 672 2494 726 Κᾶν
2525 674 2796 725 ἀκούσωσι
2824 673 2902 733 δὲ,
2936 673 3035 724 οὐκ
3064 672 3211 723 ἴσασι
3242 669 3310 721 τὰ
3341 667 3629 737 λεγόμενα·

2063 765 2330 822 συνέσεως
2364 765 2473 834 γὰρ
2503 765 2674 817 δεῖται
2708 764 2910 834 πολλῆς
2941 765 3143 824 ἐκεῖνα,
3183 762 3283 812 οὐκ
3319 758 3636 828 ἀκροάσεως

2065 856 2253 926 μόνης·
2291 855 2390 919 τὰς
2424 857 2571 908 ἔνδον
2606 856 2663 908 δὲ
2695 855 2908 908 οὐδέπω
2939 854 3151 924 ἔχουσιν
3185 853 3374 914 ἀκοάς.
3421 849 3512 901 Διδ
3543 849 3638 901 καὶ

2065 949 2403 1020 προφητικὸν
2449 950 2633 1011 αὐτοῖς
2673 947 2960 1016 ἐπεύχεται
3001 946 3276 1016 χάρισμα·
3323 941 3416 994 καὶ
3461 939 3570 1007 γὰρ
3609 937 3639 988 ὁ

2071 1041 2356 1110 προφήτης
2383 1038 2554 1102 οὕτως
2580 1038 2767 1105 ἔλεγεν
2789 1055 2802 1068 ⁸
2844 1038 2905 1090 '0
2935 1037 3078 1100 Θεὸς
3099 1032 3310 1087 δίδωσί
3325 1049 3422 1100 μοι
3443 1031 3641 1098 γλῶσς-

2067 1146 2189 1182 σαν
2208 1131 2500 1195 παιδείας,
2531 1131 2636 1184 τοῦ
2659 1129 2876 1196 γνῶναι
2905 1129 3086 1195 ἡνίκα
3110 1125 3198 1178 δεῖ
3217 1122 3406 1177 εἰπεῖν
3430 1123 3634 1190 λόγον·

2067 1219 2155 1273 ὅτι
2187 1220 2372 1285 αὐτὸς
2395 1222 2620 1290 ἀνοίγει
2642 1239 2760 1289 μου
2787 1223 2851 1272 τὸ
2881 1221 3095 1287 στόμα,
3125 1215 3308 1269 ἔδωκέ
3335 1233 3434 1284 μοι
3470 1213 3638 1281 πρωῒ,

2068 1313 2404 1380 προσέθηκέ
2431 1331 2533 1380 μοι
2593 1313 2771 1365 ὠτίον
2815 1311 3058 1365 ἀκούειν
3077 1321 3122 1363 ο.
3177 1309 3388 1378 Ὥσπερ
3441 1306 3548 1374 γὰρ
3591 1305 3640 1356 οἱ

2071 1405 2348 1475 προφῆται
2387 1405 2559 1468 ἄλλως
2595 1406 2792 1475 ἤκουον
2837 1403 2988 1474 παρά
3037 1403 3166 1465 τοὺς
3200 1400 3458 1462 πολλοὺς,
3501 1396 3645 1450 οὕτω

2071 1499 2163 1552 καὶ
2190 1498 2240 1549 οἱ
2276 1497 2459 1550 πιστοὶ
2502 1496 2650 1567 παρά
2688 1497 2813 1559 τοὺς
2854 1494 3312 1565 κατηχουμένους.
3363 1487 3643 1542 Ἐντεῦθεν

2075 1588 2336 1659 μανθάνει
2378 1590 2470 1642 καὶ
2509 1591 2536 1642 ὁ
2584 1590 3012 1659 κατηχούμενος,
3053 1588 3126 1658 μὴ
3163 1585 3310 1656 παρά
3345 1580 3646 1648 ἀνθρώπων

2072 1679 2246 1733 ταῦτα
2275 1680 2590 1750 μανθάνειν,
2623 1681 2755 1750 μηδὲ
2787 1680 3007 1734 ἀκούειν
3045 1679 3162 1750 (Μὴ
3193 1675 3492 1740 καλέσητε
3512 1672 3642 1742 γὰρ,

2075 1773 2230 1842 φησὶ,
2267 1772 2646 1826 διδάσκαλον
2673 1773 2770 1826 ἐπὶ
2816 1771 2926 1839 τῆς
2973 1772 3142 1842 γῆς),
3179 1769 3294 1823 ἀλλ’
3330 1766 3533 1820 ἀνωθεν
3584 1765 3649 1816 ἐκ

2073 1865 2182 1917 τῶν
2203 1864 2464 1937 οὐρανῶν·
2500 1867 2788 1918 Ἔσονται
2810 1864 2916 1936 γάρ
2947 1862 3168 1928 πάντες
3189 1859 3450 1913 διδακτοὶ
3477 1856 3646 1911 Θεοῦ.

2075 1955 2166 2008 Διό
2197 1971 2359 2024 φησι·
2396 1956 2504 2007 Καὶ
2535 1954 2857 2023 κατηχήσῃ
2891 1952 3111 2016 αὐτοὺς
3148 1949 3256 2002 τὸν
3306 1949 3491 2016 λόγον
3538 1945 3650 2012 τῆς

2076 2047 2382 2113 ἀληθείας·
2413 2047 2553 2100 ὥστε
2592 2045 2803 2098 ἔνδοθεν
2830 2045 3014 2106 αὐτοῖς
3045 2040 3375 2111 ὲνηχεῖσθαι.
3424 2039 3511 2099 Ὠς
3541 2035 3650 2106 γὰρ

2079 2137 2278 2192 εἰδέναι
2325 2139 2451 2208 χρὴ,
2483 2138 2693 2190 οὐδέπω
2724 2137 2871 2190 ἴσασι
2906 2134 2996 2188 τὸν
3027 2134 3186 2200 λόγον
3217 2131 3315 2199 τῆς
3369 2127 3648 2197 ἀληθείας.

2081 2230 2206 2283 Ἵνα
2228 2231 2600 2298 κατασπείρῃ
2618 2229 2725 2283 τὸν
2747 2225 3134 2298 φόϐοναύτοῦ
3160 2224 3230 2278 ἐν
3249 2221 3472 2286 αὐτοῖς.
3512 2218 3653 2271 Ἀλλ’

2079 2324 2180 2376 οὐκ
2210 2325 2373 2394 ἀρκεῖ
2399 2321 2560 2376 τοῦτο
2579 2341 2593 2352 ·
2622 2323 2690 2375 τά
2736 2322 2833 2392 μὲν
2859 2320 2965 2391 γάρ
3001 2319 3163 2371 ἔπεσε
3197 2316 3346 2389 παρά
3375 2314 3474 2384 τὴν
3510 2313 3651 2375 ὁδδνν

2079 2415 2148 2469 τὰ
2176 2416 2233 2468 δὲ
2264 2416 2356 2468 ἐπὶ
2385 2416 2483 2485 τῆς
2506 2416 2732 2485 πέτρας.

2140 2515 2219 2572 ς’.
2237 2508 2376 2562 Ἀλλ’
2405 2509 2566 2578 ἡμεῖς
2585 2509 2683 2578 οὐχ
2711 2507 2882 2569 οὕτως
2914 2504 3066 2560 αίτοῦ
3075 2519 3194 2575 μεν·
3227 2502 3338 2555 ἀλλ’
3358 2500 3508 2553 ῶσπε
3517 2516 3548 2568 ρ
3563 2496 3658 2550 ἐπὶ

2082 2599 2188 2668 γῆς
2229 2599 2466 2669 λιπαρᾶς
2498 2601 2705 2668 ἀνοίγει
2738 2600 2834 2661 τὰς
2867 2597 3108 2654 αὔλακας
3136 2595 3196 2648 τὸ
3228 2594 3476 2665 ἄροτρον,
3513 2590 3656 2644 οὕτω

2083 2694 2177 2746 καὶ
2204 2692 2437 2746 ἐνταῦθα
2477 2692 2730 2761 γενέσθαι
2770 2691 3036 2758 δεόμεθα,
3086 2688 3226 2742 ὥστε
3271 2687 3568 2748 νεωθέντας
3597 2685 3656 2736 ὲν

2083 2787 2160 2856 τῷ
2198 2787 2350 2858 βάθει
2382 2787 2482 2848 τῆς
2512 2786 2750 2848 διανοίας
2781 2783 3036 2850 δέξασθαι
3070 2782 3140 2834 τὰ
3185 2777 3658 2846 καταϐαλλόμενα,

2086 2875 2181 2928 καὶ
2232 2877 2340 2928 πᾶν
2380 2875 2517 2944 ὅπερ
2549 2875 2789 2939 ἥκουσαν
2830 2872 2970 2940 μετὰ
3018 2869 3302 2941 ἀκριϐείας
3345 2867 3657 2935 κατασχεῖν.

2087 2967 2176 3020 Διὸ
2203 2966 2709 3034 καὶὲπάγειλέγων·
2735 2962 3156 3028 Καὶβεϐαιώσῃ
3177 2960 3292 3028 τὴν
3320 2959 3528 3012 πίστιν
3557 2958 3664 3010 αὑ-

2087 3061 2193 3115 τοῦ
2222 3061 2291 3114 ἐν
2338 3060 2466 3126 ταῖς
2502 3059 2795 3124 διανοίαις
2839 3057 3047 3111 αὐτοῦ.
3100 3055 3424 3116 Τουτέστιν,
3453 3052 3540 3105 ῖνα
3584 3051 3662 3121 μὴ
3723 3065 3738 3070 ‘

2088 3153 2415 3222 ἐξεπιπολῆς
2455 3153 2674 3223 κέηται,
2706 3151 2821 3203 ἀλλ’
2853 3151 2942 3202 ἵνα
2980 3147 3120 3202 κατὰ
3163 3146 3360 3217 βάθους
3398 3143 3534 3213 βάλῃ
3565 3141 3665 3211 τὴν

2093 3246 2266 3315 ῥίζαν.
2298 3247 2430 3299 Ἵνα
2457 3243 2825 3311 ἀποκαλύψῃ
2859 3238 3063 3305 αὐτοῖς
3087 3238 3152 3291 τὸ
3182 3234 3532 3306 εὐαγγέλιον
3553 3230 3665 3300 τῆς

2090 3336 2505 3402 δικαιοσύνης.
2541 3335 2791 3387 Δείκνυσι
2825 3330 3046 3385 διπλοῦν
3075 3330 3136 3382 τὸ
3161 3328 3446 3398 κάλυμμα·
3474 3325 3534 3378 τὸ
3567 3323 3666 3394 μὲν

2092 3427 2182 3481 διά
2215 3427 2276 3480 τὸ
2312 3426 2615 3496 μεμυκέναι
2664 3424 2846 3477 αὐτῶν
2885 3423 3012 3484 τοὺς
3057 3419 3371 3489 ὀφθαλμοὺς
3410 3416 3510 3484 τῆς
3547 3413 3667 3468 δια-

2095 3519 2265 3581 νοίας,
2295 3518 2353 3570 τὸ
2376 3517 2433 3570 δὲ
2459 3516 2548 3570 διὰ
2575 3516 2636 3570 τὸ
2665 3514 3008 3583 κεκαλύφθαι
3035 3514 3220 3574 αὐτοῖς
3242 3510 3304 3562 τὸ
3325 3507 3664 3576 εὐαγγέλιον.

2095 3609 2187 3662 Διὸ
2222 3608 2480 3676 ἀνωτέρω
2534 3607 2630 3676 μὲν
2676 3605 2880 3672 ἔλεγεν·
2936 3603 3071 3657 Ἵνα
3119 3600 3393 3666 διανοίξῃ
3437 3599 3508 3651 τὰ
3550 3592 3672 3650 ὦτα

2097 3700 2214 3754 τῶν
2245 3697 2502 3766 καρδιῶν
2530 3695 2746 3750 αὐτῶν·
2779 3694 3014 3748 ἐνταῦθα
3042 3693 3119 3757 δὲ,
3154 3693 3278 3746 Ἵνα
3300 3689 3671 3758 ἀποκαλύψῃ

2097 3789 2300 3855 αὐτοῖς
2321 3789 2389 3841 τὸ
2419 3787 2771 3858 εὐαγγέλιον
2795 3785 2901 3854 τῆς
2931 3784 3343 3850 δικαιοσύνης·
3368 3781 3670 3844 τουτέστιν,

2100 3884 2187 3937 ἵνα
2228 3882 2323 3936 καὶ
2369 3882 2566 3943 αὐτοὺς
2619 3881 2813 3947 σοφοὺς
2857 3879 3159 3946 ἐργάσηται
3195 3876 3290 3928 καὶ
3332 3872 3672 3943 ἐπιτηδείους

2101 3977 2238 4048 πρὸς
2273 3973 2560 4043 ὑποδοχὴν,
2606 3972 2699 4024 καὶ
2745 3971 2831 4023 ἵνα
2884 3969 3092 4038 διδάξῃ,
3143 3967 3237 4020 κα)⁸
3276 3964 3562 4035 καταΰάλῃ
3603 3963 3673 4016 τὰ

2104 4071 2414 4140 σπέρματα.
2448 4067 2548 4118 Ἀν
2572 4082 2632 4116 τε
2656 4064 2764 4133 γὰρ
2789 4060 3082 4130 ἐπιτήδειοι
3108 4052 3262 4120 ὦσιν,
3283 4055 3434 4108 οὐδὲν
3457 4053 3670 4122 ὄφελος,

2103 4161 2195 4214 τοῦ
2230 4159 2365 4212 Θεοῦ
2415 4159 2490 4229 μὴ
2521 4155 2978 4216 ὲκκαλύπτοντος³
3013 4151 3079 4204 ἄν
3117 4167 3175 4202 τε
3210 4145 3556 4218 ἀποκαλύψῃ.
3597 4144 3672 4214 μὴ

2103 4252 2360 4316 δέξωνται
2393 4251 2471 4314 δὲ,
2503 4249 2664 4303 πάλιν
2689 4250 2769 4310 εἰς
2793 4247 2854 4300 τὸ
2881 4245 3013 4298 αὐτὸ
3043 4245 3076 4315 ὴ
3102 4241 3274 4312 ζημία
3308 4238 3670 4309 περιίσταται.

2105 4346 2202 4398 Διά
2239 4343 2399 4397 τοῦτο
2443 4342 2730 4414 ἀμφότερα
2765 4337 3046 4408 αἰτοῦμεν,
3092 4336 3178 4388 ἵνα
3221 4332 3317 4387 καὶ
3350 4329 3532 4400 ἀνοίξῃ
3576 4326 3676 4388 τὰς

2105 4439 2350 4512 καρδίας,
2377 4436 2472 4490 καὶ
2495 4433 2823 4504 ἀποκαλύψῃ
2852 4431 2912 4483 τὸ
2939 4427 3277 4496 εὐαγγέλιον.
3307 4419 3599 4488 Οὐδὲνγάρ,
3628 4419 3678 4471 εἰ

2107 4511 2309 4603 κόσμος
2331 4530 2510 4583 κέοιτο
2538 4523 2812 4597 βασιλικὸς
2836 4520 3043 4575 ἀνωθεν
3066 4514 3502 4586 κεκαλυμμένος,
3525 4511 3678 4562 ἔσται

2106 4646 2160 4680 τι
2192 4626 2353 4678 πλέον
2390 4621 2684 4692 ὀφθαλμῶν
2727 4617 3048 4688 βλεπόντων·
3089 4611 3276 4681 ὥσπερ
3305 4603 3400 4661 οῦν
3432 4605 3553 4660 οὐδὲ
3583 4619 3680 4671 γε-

2108 4717 2492 4789 γυμνωμένου,
2545 4711 2750 4765 τούτων
2809 4707 2883 4778 μὴ
2928 4702 3326 4776 ἐγρηγορότων.
3387 4697 3574 4752 Ταῦτα
3623 4694 3682 4747 δὲ

2110 4811 2397 4880 ἀμφότερα
2423 4806 2664 4876 γίνεται,
2701 4801 2768 4854 ἂν
2794 4801 2992 4853 ἐκεῖνοι
3025 4795 3255 4848 ἕλωνται
3285 4791 3570 4861 πρότερον.
3616 4787 3683 4840 Τί

2111 4905 2175 4975 δή
2232 4905 2414 4965 ἐστιν,
2461 4894 2828 4964 Εὐαγγέλιον
2886 4889 3316 4953 δικαιοσύνης;
3369 4883 3442 4936 Τὸ
3495 4880 3684 4935 ποιοῦν

2113 4973 2371 5057 δικαίους.
2399 4991 2498 5044 Διὰ
2520 4987 2722 5041 τούτων
2746 4982 2854 5050 γὰρ
2881 4982 2960 5043 εἰς
2997 4978 3292 5048 ἐπιθυμίαν
3337 4975 3532 5038 αὐτοὺς
3559 4973 3683 5042 ἄγει

2114 5087 2207 5141 τοῦ
2269 5082 2674 5155 βαπτίσματος,
2725 5073 2939 5134 δεικνὺς
2994 5071 3074 5123 ὅτι
3130 5069 3228 5138 οὐχ
3273 5065 3687 5138 ἁμαρτημάτων

2115 5175 2364 5248 ἀφέσεώς
2401 5176 2517 5225 ἐστι
2574 5170 2734 5238 μόνον
2781 5165 2842 5218 τὸ
2898 5162 3240 5230 εὐαγγέλιον,
3285 5158 3423 5213 ἀλλά
3472 5157 3567 5211 καὶ
3607 5156 3687 5208 δι-

2118 5245 2412 5335 καιοσύνης
2441 5262 2591 5334 [437]
2636 5258 2937 5329 ποιητικόν.
2974 5257 3096 5310 Ἵνα
3131 5252 3334 5318 αὐτοῖς
3361 5251 3493 5315 δοίη
3537 5245 3689 5300 νοῦν

2117 5365 2355 5423 ἔνθεον,
2387 5354 2668 5423 σώφρονα
2698 5348 3013 5420 λογισμὸν,
3058 5345 3157 5401 καὶ
3202 5342 3482 5410 ἐνάρετον
3516 5341 3689 5390 πολι-

2118 5452 2302 5506 τείαν.
2351 5443 2724 5498 Ἀκουέτωσαν
2767 5441 2816 5492 οἱ
2857 5438 3056 5501 πιστοὶ,
3095 5437 3210 5488 ὅσοι
3259 5434 3372 5494 τοῖς
3419 5429 3688 5500 βιωτικοῖς

2118 5548 2222 5600 εἱσι
2257 5535 2670 5612 προσηλωμένοι
2696 5531 3034 5600 πράγμασιν.
3065 5527 3128 5581 Et
3151 5525 3254 5595 γὰρ
3279 5525 3391 5586 τοῖς
3420 5519 3687 5592 ἀμυήτοις

2194 5785 2215 5814 ε
2247 5779 2356 5839 313.,
2381 5774 2589 5837 ἀκούειν,
2610 5779 2662 5824 et
2681 5775 2749 5823 ιω
2772 5770 2958 5834 legitur
2983 5781 3031 5819 In
3059 5764 3246 5816 Bibﬂis.
3271 5761 3442 5823 Edili.,
3476 5758 3661 5811 ἀκοῦον.
