4122 6226
509 315 610 372 401

1251 319 1311 372 S.
1348 312 1642 370 JOANMS
1679 313 2168 374 CHRYSOSTOMI
2207 319 2530 379 ARCHIEP.
2579 324 3126 386 CONSTANTINOP.

3651 335 3758 391 633

505 430 838 502 κελευόμεθα
854 431 1028 486 ταῦτα
1045 435 1238 497 αἰτεῖν,
1261 433 1513 504 ἐννόησον
1537 433 1594 486 ἐν
1613 432 1756 487 τίσιν
1775 435 1922 504 ἡμᾶς
1945 429 2083 486 εἶναι
2192 439 2300 510 γὰρ
2343 441 2453 496 τῶν
2496 445 2799 516 εἰρημένων
2835 445 2929 498 καὶ
2967 437 3484 515 συγκατασκευάζει
3518 447 3580 500 τὸ
3617 449 3760 520 πλη.

506 524 635 594 χρὴ,
660 524 790 586 τοὺς
815 525 988 576 ταῦτα
1019 524 1225 592 ἑτέροις
1251 521 1557 586 αἰτοῦνταςο
1589 524 1682 578 καὶ
1711 523 1820 595 769
1849 525 2082 594 ἐφάμιλ-

384 619 397 630 ’
503 613 595 667 λον
641 613 723 666 δεῖ
752 614 830 683 τῷ
867 614 1188 684 Εὐαγγελίῳ
1230 613 1328 685 τὴν
1374 614 1649 668 πολιτείαν
1698 615 1860 685 ἔχειν.
1899 615 1990 668 Διὸ
2021 615 2084 685 δὴ

506 703 602 754 καὶ
626 701 724 769 τῆς
765 702 930 771 εὐχῆς
974 703 1002 754 6
1047 697 1211 772 νόμος
1249 703 1356 756 ἀπὸ
1395 703 1504 756 τῶν
1529 703 1813 774 δογμάτων
1847 705 1939 757 ἐπὶ
1985 703 2084 775 τὴν

506 793 786 845 πολιτείαν
821 793 1156 863 μεταϐαίνει.
1191 795 1376 854 Εἰπὼν
1398 795 1530 868 769,
1565 797 1698 851 ’Ἰνα
1716 798 2082 866 ἀποκαλύψῃ

503 882 709 947 αὐτοῖς
733 882 798 936 τὸ
824 884 1180 954 εὐαγγέλιον
1208 885 1318 954 τῆς
1344 886 1751 954 δικαιοσύνης,
1780 888 2080 958 ἐπήγαγεν·

505 971 632 1024 Ἵνα
662 971 744 1037 δῷ
770 973 975 1039 αὐτοῖς
1017 974 1164 1028 νοῦν
1192 975 1422 1029 ἔνθεον.
1455 974 1518 1026 Τί
1550 974 1608 1027 δέ
1637 977 1804 1039 ἐστιν,
1837 975 2082 1038 ἕνθεον;

505 1062 622 1114 ’Ἰνα
665 1065 692 1116 6
721 1063 852 1126 Θεὸς
882 1066 1004 1135 οἰκῇ
1052 1066 1110 1116 ἐν
1147 1064 1314 1136 αὐτῷ·
1363 1065 1687 1131 Ἐνοικήσω
1723 1065 1853 1136 769,
1895 1066 2082 1135 φησὶν,

506 1156 578 1208 ἐν
608 1155 814 1220 αὐτοῖς
848 1155 950 1208 καὶ
981 1156 1460 1224 έμπεριπατήσω.
1503 1157 1671 1210 Ὅταν
1704 1157 1812 1226 769
1857 1156 2084 1226 γένηται

505 1245 713 1308 δίκαιος
761 1247 789 1298 6
844 1245 1002 1308 v06;,
1053 1247 1179 1299 ὅταν
1211 1247 1544 1314 άποδύσηται
1578 1248 1644 1300 :6
1672 1247 2080 1317 ἁμαρτήματα,

506 1330 655 1396 οἶκος
688 1335 896 1401 γίνεται
927 1335 1020 1387 τοῦ
1055 1335 1210 1388 Θεοῦ·
1249 1338 1376 1390 ὅταν
1403 1337 1458 1390 δέ
1486 1340 1513 1390 6
1545 1337 1677 1401 Θεὸς
1703 1338 1906 1408 ἐνοικῇ,
1928 1338 2084 1392 οὐδὲν

508 1426 848 1494 ἀνθρώπινον
883 1426 1035 1480 ἐσται
1065 1427 1270 1484 λοιπόν.
1304 1430 1416 1482 Καὶ
1443 1428 1584 1483 οὕτω
1609 1431 1816 1498 γίνεται
1841 1429 2028 1494 ἔνθους
2054 1431 2084 1484 6

507 1518 651 1583 v06;,
689 1516 905 1570 ἅπαντα
937 1517 1308 1587 φθεγγόμενος
1353 1521 1562 1573 ἐκεῖθεν
1583 1563 1598 1585 ,
1641 1520 1830 1593 ὥσπερ
1862 1517 1954 1574 οὖν
1987 1522 2082 1576 καὶ

507 1609 655 1673 οἶκος
679 1610 772 1663 τοῦ
799 1609 934 1664 Θεοῦ
975 1611 1122 1666 ἔνδον
1150 1612 1445 1677 οἰκοῦντος.
1496 1615 1554 1667 ’0
1583 1616 1950 1686 αἰσχρολογῶν
1973 1616 2081 1688 ἄρα

507 1702 608 1754 οὐκ
637 1701 750 1771 ἔχει
778 1700 958 1753 ἔνθεον
991 1701 1138 1765 νοῦν,
1171 1703 1290 1756 οὐδὲ
1331 1705 1359 1756 6
1400 1705 1733 1778 εὐτραπελίᾳ
1763 1708 1857 1759 καὶ
1880 1706 2080 1774 γέλωτι

507 1792 734 1863 χαίρων.
775 1790 1059 1859 Σώφρονα
1087 1793 1401 1861 λογισμόν.
1433 1795 1546 1847 K61
1576 1795 1629 1847 τί
1660 1795 1790 1848 ποτέ
1825 1797 1940 1848 ἐστι
1977 1794 2081 1848 σώ-

509 1897 683 1951 φρονα
710 1880 968 1951 λογισμὸν
1000 1880 1177 1953 ἔχειν;
1213 1883 1284 1935 Τὸ
1311 1883 1408 1953 τὴν
1438 1885 1625 1952 ὑγείαν
1660 1885 1957 1956 κεκτῆσθαι
1979 1885 2078 1956 τὴν

509 1973 651 2027 κατὰ
669 1973 865 2043 ψυχήν·
890 1973 963 2038 ὡς
985 1975 1012 2027 ὃ
1034 1993 1096 2043 γε
1121 1977 1482 2047 κατεχόμενος
1503 1978 1768 2049 ἐπιθυμία
1789 1978 2076 2050 πονηρίας,

509 2065 602 2119 καὶ
634 2062 772 2133 πρὸς
808 2065 875 2116 τὰ
921 2065 1163 2135 παρόντα
1198 2069 1532 2139 ἐπτοημένος
1554 2108 1569 2134 ,
1610 2071 1710 2124 οὐκ
1742 2069 1808 2123 ἂν
1852 2069 1938 2140 εῐη
1975 2069 2079 2122 σώ-

507 2171 681 2227 φρων,
710 2155 1005 2220 τουτέστιν,
1045 2159 1222 2226 ὑγιής.
1248 2159 1356 2212 Καὶ
1381 2159 1570 2230 ὥσπερ
1599 2163 1628 2214 6
1651 2161 1822 2214 νοσῶν
1851 2161 1946 2214 καὶ
1969 2160 2077 2216 τῶν

506 2247 568 2299 06
623 2247 1011 2314 προσηκόντων
1063 2248 1340 2319 ἐπιθυμεῖ,
1397 2249 1539 2304 οὕτω
1588 2251 1685 2304 καὶ
1739 2245 1914 2314 οὗτος.
1965 2249 2077 2304 Καί

504 2333 788 2402 ἐνάρετον
839 2336 1171 2391 πολιτείαν.
1231 2338 1310 2390 T6
1361 2339 1468 2409 769
1515 2339 1762 2410 δόγματα
1805 2338 2075 2402 πολιτείας

506 2427 693 2497 χρείαν
729 2423 863 2495 ἔχει.
893 2427 1183 2483 Ἀκούσατε
1205 2431 1428 2499 τούτων,
1458 2432 1507 2483 οἱ
1538 2431 1673 2502 πρὸς
1695 2432 1772 2501 τῷ
1799 2433 1945 2486 τέλει
1979 2431 2073 2486 τοῦ

508 2518 625 2587 βίου
663 2517 755 2569 ἐπὶ
788 2517 847 2570 τὸ
884 2518 1168 2592 βάπτισμα
1206 2523 1397 2586 ἰόντες.
1457 2524 1649 2595 Ἡμεῖς
1693 2526 1792 2595 μέν
1829 2525 1937 2596 769
1981 2525 2074 2578 εὐ-

505 2608 733 2680 χόμεθα,
772 2608 855 2662 ἵνα
890 2610 1029 2679 μετὰ
1055 2611 1117 2665 τὸ
1147 2612 1430 2686 βάπτισμα
1462 2616 1556 2669 καὶ
1582 2614 1858 2670 πολιτείαν
1885 2616 2071 2686 σχῆτε·

506 2703 570 2754 σὺ
603 2700 660 2753 δὲ
710 2701 960 2765 σπεύδεις
1003 2704 1098 2756 καὶ
1144 2704 1320 2760 πάντα
1371 2709 1565 2772 ποιεῖς,
1610 2706 1752 2760 ὥστε
1799 2707 2073 2770 πολιτείας

502 2793 708 2864 ἔρημος
735 2792 1008 2847 ἀπελθεῖν.
1045 2795 1110 2848 Τί
1152 2797 1283 2869 769,
1332 2799 1380 2850 εἰ
1410 2800 1504 2851 καὶ
1536 2799 1743 2863 δίκαιος
1775 2799 1922 2871 γίνῃ,
1957 2798 2072 2853 ἀλλ’

501 2886 612 2940 ἀπὸ
644 2884 743 2956 τῆς
769 2883 1003 2950 πίστεως
1035 2887 1237 2958 μόνης;
1277 2889 1467 2959 Ἡμεῖς
1489 2890 1549 2942 δέ
1583 2892 1678 2944 καὶ
1711 2890 1809 2962 τὴν
1839 2891 1946 2944 ἀπὸ
1966 2890 2072 2943 τῶν

501 2976 942 3048 κατορθωμάτων
967 2978 1239 3050 εὐχόμεθα
1269 2984 1416 3051 σχεῖν
1454 2983 1788 3054 παρρησίαν.
1817 2985 2072 3036 Διαπαν-

500 3071 604 3137 τὸς
641 3070 714 3124 τὰ
739 3070 924 3124 αὐτοῦ
965 3071 1150 3135 νοεῖν,
1179 3072 1250 3127 τὰ
1279 3072 1466 3128 αὐτοῦ
1495 3074 1759 3142 φρονεῖν,
1789 3075 1858 3129 τὰ
1885 3074 2072 3128 αὐτοῦ

493 3161 778 3232 μελετᾶν.
810 3162 1070 3235 Σώφρονα
1098 3164 1204 3236 769
1239 3165 1496 3235 λογισμὸν
1518 3166 1613 3218 καὶ
1638 3167 1890 3238 ἐνάρετον
1917 3166 2071 3220 πολι-

496 3253 646 3306 τείαν
689 3253 748 3307 06
792 3254 920 3325 μίαν
957 3255 1171 3327 ἡμέραν
1215 3257 1338 3311 οὐδὲ
1376 3255 1469 3311 δύο
1508 3258 1604 3312 καὶ
1634 3261 1782 3330 τρεῖς
1812 3259 2070 3330 αἰτοῦμεν

501 3345 683 3414 μόνον,
717 3345 852 3398 ἀλλὰ
883 3345 972 3400 6:6
999 3348 1199 3412 παντὸς
1239 3348 1334 3401 τοῦ
1368 3349 1482 3420 βίου
1518 3350 1611 3404 καὶ
1646 3351 1743 3420 τῆς
1777 3351 1941 3421 ζωῆς,
1975 3352 2070 3404 καί¹

496 3439 596 3506 τὴν
643 3436 898 3490 ὑπόθεσιν
942 3439 1048 3492 τῶν
1093 3439 1317 3508 ἀγαθῶν
1351 3441 1626 3508 ἁπάντων,
1679 3441 1741 3494 τὸ
1789 3441 1857 3495 τὰ
1904 3442 2066 3496 αὐτοῦ

498 3531 732 3598 φρονεῖν.
771 3532 836 3583 Ol
867 3528 978 3598 γὰρ
1009 3531 1229 3584 πολλοὶ
1269 3531 1342 3586 τὰ
1382 3532 1613 3587 ἑαυτῶν
1655 3532 1954 3600 ζητοῦσιν,
1997 3535 2068 3588 οὐ

493 3619 568 3673 τὰ
601 3620 796 3687 Ἰησοῦ
823 3622 1101 3689 Χριστοῦ.
1133 3623 1257 3688 Πῶς
1289 3620 1382 3677 06v
1416 3625 1573 3678 :06:0
1606 3623 1672 3678 6v
1701 3625 1944 3694 γένοιτο;
1989 3627 2070 3679 δεῖ

495 3712 604 3781 γὰρ
647 3711 786 3782 μετὰ
816 3713 915 3783 τῆς
957 3713 1122 3784 εὐχῆς
1153 3715 1249 3768 καὶ
1280 3715 1348 3768 :6
1379 3718 1510 3787 παρ’
1544 3717 1753 3770 ἑαυτῶν
1787 3719 2068 3786 συνεισφέ-

499 3819 632 3872 ρειν.
669 3804 794 3856 Ἐάν
832 3809 891 3858 ἐν
918 3803 996 3876 τῷ
1024 3805 1174 3878 νόμῳ
1211 3807 1378 3861 αὐτοῦ
1404 3807 1824 3879 καταγινὼμεθα
1849 3810 2068 3882 ἡμέρας

495 3895 592 3948 καὶ
647 3896 862 3958 νυκτός·
909 3896 989 3950 διὸ
1033 3899 1126 3950 καὶ
1178 3898 1374 3967 ἐπάγει
1399 3899 1556 3952 τοῦτο
1603 3901 1772 3953 αἰτῶν
1803 3916 1817 3931 °
1865 3903 1959 3954 Ἐν
1987 3901 2067 3966 τῷ

493 3987 656 4055 νόμῳ
710 3987 900 4041 αὑτοῦ
951 3991 1395 4058 καταγίνεσθαι.
1448 3991 1556 4043 Καὶ
1601 3991 1788 4063 ῶσπερ
1823 3993 1933 4046 ἄνω
1982 3994 2063 4054 :6,

491 4079 844 4145 Διαπαντός,
902 4076 1079 4142 εἶπεν,
1135 4080 1307 4144 οὕτως
1356 4081 1614 4147 ἐνταῦθα,
1678 4083 1917 4150 Ἡμέρας
1966 4083 2064 4138 καί

491 4167 735 4232 νυκτός.
760 4168 852 4220 Διὸ
879 4168 976 4221 καὶ
1001 4169 1325 4240 αἰσχύνομαι
1346 4171 1434 4224 6:6
1458 4172 1583 4234 :06;
1604 4171 1750 4236 ἇπαξ
1768 4171 1861 4226 τοῦ
1891 4174 2066 4225 ἐνιαυ-

491 4255 587 4308 τοῦ
617 4257 770 4326 μόλις
798 4259 856 4310 ἐν
885 4259 1150 4329 ἐκκλησίᾳ
1179 4263 1558 4330 φαινομένους.
1593 4261 1725 4314 Τίνα
1749 4262 1855 4333 769
1889 4266 2064 4332 σχοῖεν

493 4345 790 4415 ἀπολογίαν
809 4349 858 4401 οί
881 4348 947 4400 δι’
974 4349 1186 4420 ἡμέρας
1207 4351 1300 4404 καὶ
1321 4351 1512 4415 νυκτὸς
1533 4353 1631 4423 οὐχ
1655 4353 1838 4416 ἁπλῶς
1855 4354 2064 4425 ὁμιλεῖν

491 4435 571 4506 τῷ
603 4438 772 4507 νόμῳ,
809 4439 945 4493 ἀλλὰ
977 4443 1367 4509 καταγίνεσθαι
1415 4445 1785 4516 κελευόμενοι,
1816 4445 2064 4498 τουτέστι

493 4527 972 4598 προσαδολεσχεῖν,
1009 4532 1104 4583 καὶ
1149 4533 1284 4602 μηδέ
1333 4534 1394 4586 :6
1440 4535 1728 4588 πολλοστὸν
1772 4536 1936 4610 μέρος
1964 4537 2063 4606 τῆς

491 4613 638 4686 ζωῆς
671 4618 831 4672 τοῦτο
861 4620 1174 4685 ποιοῦντες,
1220 4622 1328 4675 τῶν
1369 4624 1598 4678 ἐντολῶν
1644 4625 1808 4679 αὐτοῦ
1851 4644 2064 4701 μνημο-

489 4707 687 4771 νεύειν,
717 4710 786 4764 :6
812 4709 1154 4782 δικαιώματα
1183 4713 1347 4766 αὐτοῦ
1379 4715 1704 4783 φυλάσσειν;

561 4799 625 4864 ζ’.
656 4798 808 4866 Εἶδες
834 4804 1019 4876 σειρὰν
1058 4805 1308 4876 ἀρίστην,
1352 4806 1444 4859 καὶ
1473 4807 1590 4870 πῶς
1617 4807 1847 4864 ἕκαστον
1883 4812 2062 4869 αὐτῶν

489 4887 585 4941 τοῦ
627 4889 776 4963 [458]
825 4895 1053 4964 πλησίον
1097 4896 1299 4967 ἔχεται,
1349 4898 1530 4970 πάσης
1573 4901 1778 4971 χρυσῆς
1823 4901 2064 4968 ἁλύσεως

490 4977 896 5052 ἀσφαλέστερόν
939 5005 998 5039 τε
1035 4990 1129 5040 καὶ
1177 4991 1619 5064 εὐπρεπέστερον
1667 4993 2058 5065 συγκείμενον;

2106 610 2148 624 μ’»

2191 531 2328 597 σίον,
2364 534 2459 587 καὶ
2493 538 3065 602 συγκατασκευάζεται
3115 540 3246 610 παρ’
3288 537 3492 605 66:06,
3537 540 3762 610 συνέχον

2195 640 2250 676 τε
2296 625 2427 677 αὐτὸ
2456 626 2551 679 x61
2580 629 2934 697 συνεχόμενον
2962 632 3094 699 παρ’
3133 627 3322 683 αὐτοῦ.
3371 631 3494 683 ’Ἔτι
3525 631 3760 685 ἐκτενέ-

2192 733 2410 784 στερον
2434 719 2582 787 ὑπὲρ
2607 720 2801 774 αὐτῶν
2833 722 3364 791 παρακαλέσωμεν.
3402 722 3620 794 Ἐπειδὴ
3648 723 3760 794 γὰρ

2191 809 2249 860 ἐν
2281 808 2360 878 τῷ
2398 807 2589 880 μακρῷ
2628 811 2768 881 λόγῳ
2799 813 3266 884 καταδαρθάνειν⁶
3298 812 3490 866 είωθεν
3523 815 3556 884 ή
3586 813 3759 885 ψυχὴ,

2192 898 2353 952 πάλιν
2392 900 2561 970 αὐτὴν
2592 901 2912 971 διανίστησι.
2953 904 3182 974 Μεγάλα
3212 905 3321 976 γὰρ
3358 905 3607 975 βούλεταί
3637 923 3758 960 τινα

2189 991 2408 1060 αἰτῆσαι
2427 992 2589 1046 πάλιν
2613 992 2707 1046 καὶ
2729 993 2924 1063 ὑψηλά·
2947 995 3025 1048 διό
3047 1013 3233 1068 φησιν’
3260 997 3390 1054 Ἔτι
3411 997 3758 1051 ἐκτενέστε-

2181 1097 2296 1148 ρον
2343 1080 2497 1150 ὐπὲρ
2543 1081 2744 1137 αὐτῶν
2791 1085 3323 1157 παρακαλέσωμεν.
3369 1088 3434 1140 Τί
3485 1087 3545 1140 δέ
3599 1087 3758 1141 τοῦτό

2189 1176 2367 1238 ἐστιν;
2398 1174 2522 1228 Ἵνα
2541 1174 2818 1243 ἐξέληται
2847 1177 3065 1244 αὐτοὺς
3088 1179 3206 1232 ἀπὸ
3229 1179 3460 1246 παντὸς
3487 1179 3760 1246 πονηροῦ

2189 1264 2288 1318 καί
2325 1266 2551 1319 ἀτόπου
2583 1266 2948 1337 πράγματος.
2989 1268 3252 1322 Ἐνταῦθα
3281 1269 3342 1322 :6
3375 1269 3449 1340 μὴ
3496 1269 3759 1323 εἰσελθεῖν

2189 1359 2270 1420 εἰς
2302 1357 2601 1427 πειρασμὸν
2630 1358 2723 1410 καὶ
2754 1358 2817 1411 :6
2844 1359 3025 1430 πάσης
3055 1358 3349 1430 ἐπιϐουλῆς
3376 1359 3759 1432 ἀπαλλαγῆναι

2189 1447 2446 1517 αἰτοῦμεν
2481 1447 2664 1510 αὐτοῖς
2699 1449 3028 1518 σωματικῶν
3069 1465 3127 1502 τε
3155 1448 3291 1520 ὁμοῦ
3335 1451 3429 1502 καὶ
3457 1467 3759 1521 πνευματι-
3803 1435 3827 1451 ’

2189 1539 2300 1593 κῶν
2328 1540 2356 1579 ιι
2377 1555 2390 1568 ·
2417 1539 2497 1592 διὸ
2521 1539 2616 1592 καὶ
2644 1539 2838 1609 ἐπάγει
2867 1540 3065 1609 λέγων’
3105 1540 3234 1595 Ἀπὸ
3255 1541 3479 1607 παντὸς
3501 1543 3760 1612 ἁμαρτή-

2182 1647 2370 1700 ματος
2401 1629 2742 1685 διαϐολικοῦ
2757 1672 2772 1698 ,
2814 1633 2915 1685 καὶ
2965 1631 3165 1700 πάσης
3203 1632 3611 1702 περιστάσεως
3649 1634 3762 1688 τοῦ

2202 1722 2640 1792 Ἀντικεψένου
2660 1738 2676 1755 ⁸
2710 1724 2836 1787 τοὺς
2887 1724 3228 1796 πειρασμοὺς
3282 1723 3460 1794 δηλῶν
3511 1726 3608 1778 καὶ
3655 1724 3758 1788 τὰς

2186 1812 2478 1884 ἁμαρτίας.

2254 1902 2659 1975 Εὐπερίστατον
2689 1902 2797 1975 769
2819 1905 2854 1974 ἡ
2878 1903 3122 1975 ἁμαρτία
3139 1944 3154 1968 ,
3177 1903 3445 1959 πάντοθεν
3466 1905 3751 1976 ισταμένη,

2184 1989 2516 2061 ἔμπροσθεν,
2540 1991 2785 2057 δπισθεν,
2821 1990 2916 2044 καὶ
2941 1991 3115 2056 οὕτως
3142 1994 3288 2064 ἡμᾶς
3319 1993 3751 2049 καταϐάλλουσα.

2198 2083 2413 2155 Ἐπειδὴ
2445 2083 2556 2154 769
2585 2078 2736 2137 εἶπεν
2762 2083 2799 2136 ἃ
2837 2083 2918 2136 δεῖ
2944 2082 3199 2151 γενέσθαι
3221 2084 3352 2154 παρ’
3376 2084 3552 2154 ήμῶν,
3583 2087 3640 2136 ἐν
3669 2083 3758 2155 τῷ

2183 2176 2332 2246 νόμῳ
2363 2175 2526 2228 αὐτοῦ
2568 2175 2984 2243 καταγίνεσθαι,
3014 2175 3124 2228 τῶν
3157 2173 3384 2228 ἐντολῶν
3415 2173 3580 2229 66:06
3616 2193 3758 2246 μνη-

2186 2265 2463 2337 μονεύειν,
2494 2265 2564 2319 τὰ
2605 2263 2948 2336 δικαιώματα
2994 2265 3160 2319 αὐτοῦ
3211 2265 3534 2335 φυλάττειν’
3579 2265 3756 2322 πείθει

2182 2355 2386 2420 λοιπὸν,
2421 2357 2501 2409 ὅτι
2540 2355 2662 2409 οὐδὲ
2693 2356 2868 2408 ταῦτα
2893 2356 3073 2426 ἀρκεῖ,
3101 2356 3168 2409 ἂν
3199 2357 3275 2427 μή
3301 2355 3462 2419 αὐτὸς
3486 2359 3633 2429 παρῇ
3661 2357 3762 2411 καὶ

2183 2443 2373 2516 βοηθῇ.
2419 2444 2553 2498 Ἐὰν
2572 2445 2680 2516 γὰρ
2706 2445 2794 2514 μὴ
2823 2447 3040 2514 Κύριος
3063 2445 3436 2515 οἰκοδομήσῃ
3460 2443 3646 2513 οἷκον,
3667 2449 3759 2513 εις

2176 2537 2375 2607 μάτην
2415 2537 2751 2590 ἐκοπίασαν
2787 2539 2842 2590 οί
2887 2535 3342 2606 οίκοδομοῦντες
3391 2537 3578 2591 αὐτόν
3596 2554 3611 2570 ο
3660 2538 3760 2590 καὶ

2183 2629 2418 2700 μάλιστα
2446 2630 2541 2682 ἐπὶ
2570 2627 2777 2683 τούτων
2795 2669 2810 2694 ,
2841 2627 2890 2680 οἳ
2921 2628 3002 2681 ἔτι
3035 2629 3357 2699 πρόκεινται
3380 2629 3460 2699 τῷ
3489 2627 3755 2699 διαϐόλῳ,

2180 2722 2275 2775 καί
2305 2719 2410 2774 ὐπὸ
2442 2722 2540 2787 τὴν
2569 2720 2743 2791 ἀρχήν
2771 2720 2877 2772 εἰσι
2907 2719 3008 2790 τὴν
3035 2718 3224 2774 66:06.
3266 2720 3378 2774 Καὶ
3423 2720 3539 2773 ῖστε
3579 2719 3756 2775 ταῦτα

2180 2814 2230 2865 οἱ
2280 2809 2642 2882 μεμυημένοι.
2704 2809 3116 2880 Ἀναμνήσθητε
3171 2809 3303 2880 γοῦν
3349 2811 3462 2865 τῶν
3491 2811 3755 2883 ῥημάτων

2180 2901 2427 2964 ἐκείνων,
2457 2899 2524 2951 δι’
2551 2893 2626 2952 ὧν
2649 2896 2998 2964 ἁπετάξασθε
3018 2899 3184 2954 αὐτοῦ
3211 2903 3279 2973 τῇ
3309 2902 3603 2972 τυραννίδι,
3623 2903 3753 2972 γόνυ

2179 2989 2476 3052 κλίναντες,
2502 2988 2595 3040 καὶ
2619 2989 2756 3058 πρὸς
2777 2989 2870 3042 τὸν
2885 2989 3118 3043 Βασιλέα
3141 2990 3637 3063 αὐτομολήσαντες,
3658 2994 3754 3047 καὶ

2178 3079 2245 3133 :6
2278 3076 2524 3150 φρικώδη
2549 3077 2734 3130 ἐκεῖνα
2759 3077 3127 3148 φθεγξάμενοι
3157 3078 3404 3148 ῥήματα,
3426 3077 3494 3131 δι’
3523 3071 3597 3132 ὧν
3623 3095 3752 3134 παι-

2176 3169 2444 3239 δευόμεθα
2469 3169 2634 3240 μηδὲν
2653 3168 2802 3238 αὐτῷ
2823 3167 3055 3223 καθόλου
3081 3167 3387 3224 πείθεσθαι.
3425 3170 3753 3239 Ἀντικείμε-

2177 3283 2266 3319 νον
2287 3264 2345 3317 δέ
2365 3263 2526 3316 αὐτὸν
2548 3261 2703 3316 καλεῖ
2725 3263 2817 3314 καὶ
2835 3261 3104 3326 διάϐολον,
3129 3262 3318 3334 ἐπειδὴ
3345 3263 3442 3316 καὶ
3461 3262 3592 3316 Θεὸν
3616 3262 3752 3332 πρὸς

2176 3353 2494 3426 ἀνθρώπους
2523 3352 2816 3420 διαϐάλλει,
2843 3353 2937 3407 καὶ
2957 3354 3108 3424 ἡμᾶς
3129 3352 3269 3424 πρὸς
3297 3353 3456 3420 Θεὸν,
3479 3355 3570 3408 καὶ
3593 3353 3751 3407 πάλιν

2175 3449 2324 3517 ἡμᾶς
2353 3447 2549 3509 αὐτοὺς
2575 3447 2712 3518 πρὸς
2736 3445 2998 3517 ἀλλήλους
3017 3461 3031 3477 ⁸
3066 3446 3198 3499 ποτὲ
3228 3447 3332 3518 μὲν
3362 3447 3472 3518 γὰρ
3499 3447 3590 3501 τὸν
3631 3444 3751 3500 Ἰὼϐ

2177 3541 2314 3611 πρὸς
2335 3541 2423 3593 τὸν
2443 3541 2596 3602 Θεὸν,
2619 3539 2812 3608 λέγων’
2842 3539 2939 3607 Μὴ
2967 3537 3193 3606 δωρεὰν
3217 3539 3459 3595 σέϐεται
3494 3541 3623 3596 Ἰὼϐ
3646 3537 3751 3592 τὸν

2174 3634 2425 3701 Κύριον;
2475 3631 2568 3686 καὶ
2599 3631 2758 3686 πάλιν
2795 3630 2887 3685 τὸν
2931 3630 3064 3683 Θεὸν
3113 3630 3253 3701 πρὸς
3292 3631 3386 3685 τὸν
3447 3631 3586 3686 Ἰὼϐ·
3623 3629 3746 3697 Πῦρ

2174 3721 2476 3790 κατῆλθεν
2514 3721 2584 3774 ἐκ
2629 3721 2734 3774 τοῦ
2781 3721 3042 3790 οὐρανοῦ
3068 3735 3080 3750 ·
3126 3721 3223 3774 καὶ
3267 3723 3407 3792 πρὸς
3451 3722 3540 3776 τὸν
3583 3720 3746 3790 Ἀδάμ

2175 3811 2335 3865 πάλιν
2377 3810 2466 3863 τὸν
2515 3809 2666 3870 Θεὸν,
2706 3809 2794 3863 ὅτε
2843 3809 2995 3878 ἔλεγε
3039 3809 3520 3880 διανοιχθήσεσθαι
3567 3805 3741 3859 αὐτῶν

2172 3903 2297 3965 τοὺς
2339 3898 2674 3970 ὀφθαλμούς·
2704 3899 2797 3952 καὶ
2828 3900 2962 3970 πρὸς
3001 3899 3232 3964 πολλοὺς
3264 3899 3377 3952 τῶν
3403 3898 3495 3951 νῦν
3530 3892 3732 3964 ἀνθρὼ-

2176 4009 2310 4056 πων,
2341 3991 2544 4059 λέγων’
2573 3991 2648 4043 Οὐ
2689 3992 2908 4060 προνοεῖ
2933 3988 3066 4051 Θεὸς
3107 3988 3217 4040 τῶν
3253 3987 3568 4058 ὁρωμένων,
3607 3980 3738 4036 ἀλλά

2171 4081 2419 4152 δαίμοσιν
2446 4080 2626 4149 ἀφῆκε
2662 4077 2734 4131 τὰ
2761 4077 2882 4131 καθ’
2930 4078 3094 4148 ὑμᾶς’
3127 4077 3226 4129 καὶ
3256 4076 3398 4148 πρὸς
3427 4072 3649 4136 πολλοὺς
3682 4070 3738 4124 δέ

2171 4173 2280 4227 τῶν
2344 4172 2613 4226 Ἰουδαίων
2649 4170 2740 4223 τὸν
2789 4168 3023 4240 Χριστὸν
3081 4167 3295 4220 διέϐαλε
3322 4207 3338 4231 ,
3393 4165 3592 4219 πλάνον
3647 4161 3739 4216 καὶ

2171 4265 2342 4334 γόητα
2375 4263 2573 4318 καλῶν.
2617 4261 2741 4323 Πῶς
2785 4260 2844 4314 δέ
2883 4261 3133 4329 ἐνεργεῖ,
3185 4258 3316 4322 tam;
3359 4253 3605 4327 βούλεταί
3655 4271 3738 4316 τις

2175 4353 2326 4426 [439]
2353 4353 2604 4407 ἀκοῦσαι.
2644 4353 2812 4405 Ὅταν
2850 4350 2926 4422 μὴ
2958 4349 3096 4423 εῦρῃ
3121 4350 3245 4404 νοῦν
3277 4348 3476 4413 ἔνθεον,
3500 4349 3630 4401 ὅταν
3661 4346 3741 4418 μὴ

2174 4445 2425 4516 σώφρονα
2469 4443 2645 4514 ψυχὴν
2673 4482 2688 4509 ,
2728 4443 2853 4496 ὃταν
2900 4441 2976 4513 μὴ
3017 4439 3330 4512 μνημονεύῃ
3366 4438 3476 4492 τῶν
3507 4438 3739 4492 ἐντολῶν

2170 4535 2264 4590 τοῦ
2295 4535 2451 4601 Θεοῦ,
2483 4535 2618 4606 μηδέ
2647 4534 2900 4606 φυλάσσῃ
2930 4533 2999 4586 τὰ
3024 4531 3370 4603 δικαιώματα
3398 4529 3587 4595 αὐτοῦ,
3618 4530 3736 4582 τότε

2169 4625 2510 4696 αἰχμάλωτον
2541 4625 2719 4680 λαϐὼν
2758 4626 2995 4680 ἄπεισιν.
3039 4624 3096 4679 '0
3127 4623 3260 4693 706v
3299 4622 3470 4691 Ἀδὰμ
3497 4622 3547 4673 εἰ
3573 4621 3737 4690 ἐμνη-

2175 4719 2368 4790 μόνευε
2400 4719 2497 4788 τῆς
2524 4718 2743 4788 ἐντολῆς
2773 4717 3038 4788 λεγούσης
3056 4756 3070 4780 ,
3112 4715 3254 4770 Ἀπὸ
3289 4713 3518 4778 παντὸς
3547 4712 3738 4776 ξύλου

2169 4808 2354 4880 φαγῇ,
2397 4810 2446 4862 εἰ
2493 4808 2762 4878 ἐφύλασσε
2795 4807 2855 4861 τὸ
2892 4807 3166 4876 δικαίωμα
3199 4804 3261 4858 τὸ
3289 4804 3446 4871 λέγον
3469 4842 3487 4866 ,
3534 4795 3618 4873 *ῌ
3661 4800 3738 4854 ἂν

2167 4900 2361 4970 ’ἡμέρᾳ
2390 4900 2638 4970 φάγητε,
2669 4901 2801 4954 τότε
2831 4899 3062 4966 θανάτῳ
3087 4895 3505 4952 άποθιινεῖσθε’
3537 4895 3639 4948 οὐκ
3669 4893 3737 4947 ἂν

2169 4991 2369 5044 ἔπαθεν
2413 4991 2556 5060 άπερ
2587 4991 2806 5044 ἔπαθεν.
2853 4989 2988 5043 Ἵνα
3027 4985 3371 5054 καταξιώσῃ
3410 4983 3635 5049 αὐτοὺς
3667 4982 3737 5036 ἐν

2169 5082 2351 5149 καιρῷ
2389 5081 2607 5144 εὐθέτῳ
2645 5080 2756 5148 τῆς
2792 5079 2900 5133 τοῦ
2935 5078 3196 5146 λουτροῦ
3235 5074 3733 5147 παλιγγενεσίας,

1914 5181 2057 5242 ετᾷν.
2169 5173 2279 5242 τῆς
2313 5171 2583 5242 ἀφέσεως
2610 5171 2727 5226 τῶν
2755 5171 3074 5241 ἁμαρτιῶν.
3109 5169 3192 5223 T6
3221 5170 3318 5241 μὲν
3351 5168 3459 5240 769
3489 5168 3735 5240 παρόντα

490 5345 635 5416 ἐχειν
679 5346 964 5418 διηνεκῶς.
1018 5350 1142 5416 Πῶς
1192 5352 1237 5406 δ’
1274 5352 1341 5407 ἂν
1383 5355 1734 5429 πεισθείησαν
1783 5361 2061 5435 ἄνθρωποι

489 5439 648 5493 τοῦτο
667 5483 683 5507 ,
727 5443 792 5496 Εἰ
819 5443 918 5506 τὰς
946 5445 1164 5512 ἐντολάς
1205 5448 1370 5502 αὑτοῦ
1397 5454 1636 5523 τηροῖεν·
1677 5456 1876 5524 μᾶλλον
1914 5458 1970 5511 δὲ
1999 5460 2062 5512 ἐκ

489 5529 584 5580 τοῦ
613 5531 692 5600 τῷ
728 5531 878 5603 νόμῳ
923 5536 1243 5608 προσέχε..ν,
1277 5540 1371 5593 καὶ
1399 5541 1460 5594 τὸ
1493 5542 1590 5606 τὰς
1629 5543 1848 5608 ἐντολὰς
1873 5543 2061 5617 τηρεῖν

490 5619 722 5679 γίνεται·
757 5623 948 5697 ὥσπερ
971 5624 1064 5683 οὖν
1095 5632 1189 5684 καί
1215 5633 1278 5684 ἐκ
1303 5631 1397 5684 τοῦ
1423 5633 1492 5684 τά
1521 5633 1687 5686 αὐτοῦ
1719 5639 1936 5705 φρονεῖν
1969 5640 2063 5691 καὶ

491 5708 672 5766 ἑνθεον
706 5712 851 5784 ἔχειν
901 5719 1045 5790 νοῦν,
1081 5720 1144 5776 τὸ

2036 5304 2063 5314 -
2168 5262 2426 5333 αἰτοῦμεν
2446 5301 2461 5326 ,
2505 5262 2574 5315 τὰ
2601 5261 2657 5316 δέ
2699 5262 2958 5332 μέλλοντα
2977 5278 2990 5292 ·
3039 5262 3135 5316 καί⁷
3167 5258 3565 5330 φιλοσοφοῦμεν
3597 5256 3736 5328 ὑπὲρ

2168 5354 2260 5409 τοῦ
2293 5353 2517 5424 λουτροῦ
2540 5393 2556 5419 ,
2594 5354 2688 5407 καὶ
2725 5357 2782 5408 ἐν
2813 5357 2878 5426 τῇ
2915 5355 3129 5425 αἰτήσει
3166 5351 3492 5422 παιδεύομεν
3537 5348 3736 5409 αὐτοὺς

2168 5443 2362 5496 εἰδέναι
2392 5442 2556 5496 αὐτοῦ
2586 5443 2685 5514 τὴν
2725 5442 2898 5515 ἰσχύν.
2942 5443 3224 5497 Ἐντεῦθεν
3251 5443 3358 5516 769
3387 5442 3488 5513 ήδη
3521 5443 3551 5494 6
3581 5440 3736 5508 λόγος

2233 5621 2259 5698 ξ
2282 5618 2989 5698 Ξάἰῑξξλόγιρεκαταδαρθάνειν.
3018 5622 3105 5682 δίη
3130 5622 3258 5698 λόγῳ
3280 5638 3611 5698 καταπιειτιιγ.

2231 5681 2260 5721 b
2281 5681 2369 5748 My.
2394 5685 2468 5733 sic
2492 5681 2672 5736 mélius
2683 5681 2828 5748 quain
2839 5681 3272 5747 εὼιὶ,σωματικόν
3291 5699 3346 5734 τε
3364 5682 3490 5746 δμοῦ
3499 5685 3582 5732 καὶ
3598 5695 3734 5732 πνευ-

1185 5723 1253 5777 :6
1299 5723 1464 5778 66:06
1499 5724 1751 5796 μελετᾷν.
1795 5727 2060 5786 ’Ἐκαστον
2171 5723 2385 5797 ματιῖιέζ,
