2061 3113
154 138 204 165 ωι

152 194 312 230 evangelium
326 194 389 227 ipsis
402 193 509 228 delegat,
527 192 662 227 snbjnnxit
673 212 679 223 ,
698 190 732 218 Ut
745 192 786 218 det
798 190 862 226 ipsis
873 199 945 219 men-

153 245 204 266 tem
219 238 341 266 divinant.
355 238 423 272 Quid
438 243 489 271 est,
507 237 638 265 divinam?
651 237 707 264 lloc
722 242 773 269 eat,
790 241 818 266 ut
830 236 902 264 Deus
919 236 946 263 in

153 293 186 312 ea
201 284 304 312 ltabitct
317 293 323 311 :
337 283 489 310 Inhabitabo
502 283 572 309 enim
585 283 611 309 in
627 283 699 317 ipsis,
715 282 810 317 inquit,
825 286 849 309 et
862 281 947 308 inam-

154 329 246 356 bulubo
263 328 333 363 (Leu.
345 328 390 355 26.
406 328 459 363 12).
480 327 545 355 Nam
561 335 620 354 cum
636 335 710 354 mens
721 327 822 362 justitia
837 326 946 362 praedita

154 380 195 403 est
207 382 238 402 ac
254 380 359 409 peccata
371 375 454 404 exuit,
468 374 512 401 Dei
526 373 620 400 domus
633 373 747 400 efﬁcitur
763 381 768 399 :
785 380 845 401 cum
858 377 947 399 autem

155 421 181 447 in
197 428 227 448 ea
241 420 405 448 domicilium
419 419 469 446 sibi
484 419 666 449 constituerit.
687 418 750 445 nihil
773 417 883 452 posthac
898 417 948 444 hu-

155 474 263 493 manum
278 466 338 492 erit.
355 465 399 493 Sic
414 465 501 492 divina
519 472 593 491 mens
608 464 736 496 redditur,
752 463 878 490 divinitus
890 470 948 489 om-

154 512 198 539 nia
214 512 384 547 proloqueus,
399 518 430 538 ac
445 510 517 538 velut
531 510 626 537 domus
643 509 690 536 Dei
706 510 731 536 in
746 516 776 535 ea
791 507 945 535 habitatttis.

156 557 194 584 Ex
208 564 261 591 quo
275 556 408 591 colligitur
422 563 482 583 eum
497 559 613 583 mentetn
627 555 743 582 divinam
761 562 813 581 nott
834 553 945 586 habere,

156 606 203 640 qui
220 604 345 637 turpibus
356 603 529 630 sermonibus
545 603 645 634 utitur,
667 607 713 629 aut
728 601 893 629 scurrilitate
914 607 947 627 ac

155 652 213 678 risu
247 649 405 676 delectatur.
436 647 545 674 Castam
583 648 779 682 cogitationem.
809 645 946 679 Quidnam

155 696 245 720 autem
259 697 299 719 est
313 697 412 718 castam
426 692 613 726 cogitationem
626 691 744 718 habere?
758 690 858 725 Nempe
869 690 947 725 spiri-

157 737 220 764 tuali
235 738 347 764 sanitate
361 737 502 771 prmditunt
517 745 587 764 esse.
605 736 708 763 Etenim
725 737 757 768 is,
770 736 813 770 qui
828 735 882 762 vitii
898 743 946 762 ett-

156 784 268 819 piditate
281 788 418 818 correptus
431 788 545 814 tenetur,
561 783 755 817 prmsenliaqnc
766 781 798 808 ad
809 786 944 816 stuporem

155 836 240 864 usque
261 829 381 860 miratur,
403 832 500 860 castus,
522 827 572 854 ltoc
592 832 633 854 est
654 834 743 857 sanus,
766 834 824 853 esse
845 826 942 860 nequit,

154 874 384 908 Quemadmodum
398 873 468 900 enim
483 873 527 907 qui
539 873 564 899 in
577 873 670 899 morbo
681 877 812 905 versatur,
824 879 854 898 ea
865 872 945 898 etiam

155 921 271 955 appetit,
295 928 353 955 qua:
373 920 482 946 minime
506 919 629 947 convenit
646 928 652 946 :
669 919 762 946 eodem
778 918 821 945 hic
841 924 946 952 quoque

154 966 245 994 modo.
258 965 342 992 Vitam
352 974 409 992 cum
420 966 510 992 virtute
523 965 693 999 conjunctam.
710 963 834 991 Doctrina
848 963 946 998 quippe

153 1013 236 1039 vitam
247 1012 326 1039 etiam
338 1011 481 1039 desiderat.
495 1011 590 1038 Audite
602 1011 669 1044 iure,
681 1011 723 1046 qni
735 1010 784 1037 sub
793 1011 855 1037 vita:
866 1010 944 1036 linem

153 1059 186 1085 ad
198 1058 359 1093 baptismum
372 1057 508 1085 acceditis.
524 1057 589 1084 Nam
602 1065 651 1084 nos
662 1057 769 1092 quidem
783 1056 807 1084 id
822 1056 946 1091 precibus

152 1112 168 1130 a
182 1103 241 1131 Deo
255 1103 448 1135 contendimus,
464 1107 492 1129 ut
506 1108 566 1137 post
585 1103 744 1137 baptismum
762 1110 868 1137 quoque
882 1109 945 1137 pro-

152 1149 215 1176 bam
240 1149 320 1175 vitam
345 1148 462 1175 habeatis
479 1157 485 1175 :
501 1153 528 1175 tu
551 1152 643 1176 contra
664 1148 690 1175 in
717 1148 769 1175 hoc
792 1148 943 1181 incumbis,

152 1195 274 1229 nihilque
293 1202 346 1222 non
363 1194 437 1228 lacis,
454 1199 484 1221 ut
501 1195 559 1222 sine
578 1194 660 1230 proba
678 1195 730 1221 vita
747 1194 808 1221 hinc
819 1194 943 1222 excedas.

152 1240 220 1274 Quid
230 1241 313 1273 enim,
327 1241 349 1268 si
360 1240 447 1275 justus
458 1241 564 1276 quidem
576 1242 633 1274 ﬁas,
645 1241 691 1268 sed
702 1248 715 1267 a
728 1241 779 1268 ﬁde
790 1241 945 1268 dumtaxat?

151 1288 187 1313 At
209 1294 257 1313 nos
278 1291 305 1313 ut
326 1294 340 1314 a
360 1287 487 1314 virtutum
501 1294 605 1322 quoque
620 1287 774 1314 muneribus
789 1287 833 1314 tibi
849 1286 944 1314 ﬁducia

151 1336 332 1367 comparetur,
347 1339 465 1359 oramus.
482 1331 608 1367 Perpetuo
626 1340 683 1367 qum
700 1333 780 1367 ipsius
798 1337 857 1359 sunt
876 1332 946 1367 cogi-

150 1384 216 1411 tare,
230 1386 286 1413 qua:
297 1379 377 1413 ipsius
390 1384 448 1405 sunt
460 1387 558 1413 sapere,
572 1387 627 1414 qua:
646 1379 725 1413 ipsius
739 1383 797 1405 sunt
816 1378 942 1404 meditari.

150 1425 258 1451 Castam
279 1424 350 1451 euitn
373 1425 561 1459 cogitationem
585 1428 664 1459 atque
686 1425 824 1451 honestam
849 1423 941 1457 vitam,

151 1478 205 1497 non
234 1470 266 1497 ad
295 1479 375 1498 unum
399 1471 538 1498 dumtaxat
563 1475 609 1497 aut
634 1470 702 1497 duos
727 1475 772 1497 aut
796 1474 852 1497 tres
872 1469 941 1504 dies,

150 1515 198 1543 sed
229 1524 275 1551 per
299 1516 452 1543 universum
474 1516 536 1543 vitae
557 1516 718 1543 curriculum
741 1517 874 1551 petimus,
898 1520 940 1548 et,

150 1562 222 1598 quod
244 1563 374 1590 bonorum
395 1563 512 1590 omnium
535 1570 614 1589 causa
634 1568 684 1594 est,
700 1570 759 1597 qua:
780 1562 862 1597 ipsius
880 1567 943 1590 sunt

150 1616 254 1643 sapere.
273 1608 391 1644 Plerique
401 1610 467 1636 cnim
482 1618 537 1644 qua:
548 1618 595 1636 sua
605 1614 663 1637 sunt
675 1615 790 1644 quierunt
800 1630 807 1642 ,
824 1618 873 1636 non
886 1617 943 1645 qua:

149 1655 212 1682 Jesu
224 1655 316 1682 Clu-isti
326 1654 453 1690 (Philipp.
466 1655 491 1681 2.
504 1655 560 1690 21).
576 1655 696 1689 Quonatn
711 1656 789 1690 igitur
800 1655 880 1682 modo
892 1655 942 1683 hoc

149 1701 207 1728 ﬁeri
231 1701 333 1736 possit?
354 1701 387 1728 ad
411 1709 516 1737 precem
539 1702 608 1729 enim
634 1702 683 1728 hoc
707 1709 812 1737 quoque
833 1701 943 1729 accedat

149 1751 255 1781 oportet
266 1768 273 1780 ,
288 1751 317 1775 ut
329 1755 388 1782 qum
403 1753 493 1774 nostra
509 1751 570 1773 sunt
586 1752 753 1781 prinstemns.
775 1747 804 1773 Si
819 1746 846 1773 in
861 1746 942 1780 ipsius

149 1794 204 1828 lege
223 1794 276 1820 dies
296 1798 429 1827 noctesque
451 1801 577 1819 versemur
591 1801 600 1819 :
616 1792 685 1819 unde
708 1792 788 1818 etiam
813 1791 941 1825 deinceps

150 1840 200 1866 hoc
212 1840 286 1874 petit,
304 1839 334 1866 lu
349 1839 428 1874 ipsius
439 1839 492 1874 lege
502 1838 542 1865 die
552 1847 581 1865 ac
595 1843 666 1865 nocte
679 1839 783 1864 morari.
800 1838 833 1865 Et
846 1845 940 1872 quem-

149 1885 291 1912 admodum
312 1885 435 1919 superius
454 1884 568 1915 dixerat,
585 1883 710 1917 l’erpeluo
723 1892 732 1909 :
747 1882 841 1910 eodem
861 1881 942 1909 tnodo

149 1931 203 1962 hic,
218 1931 268 1958 Die
279 1939 310 1957 ac
323 1935 406 1958 nocte.
429 1930 519 1965 Itaque
537 1938 629 1957 eorum
650 1938 694 1956 me
714 1929 803 1964 pudet,
821 1928 864 1963 qui
885 1932 941 1955 toto

148 1986 221 2004 anno
231 1978 275 2004 vix
287 1977 370 2005 semel
382 1978 408 2004 in
419 1977 531 2005 ecclesia
543 1976 754 2011 conspiciuntur.
771 1976 855 2008 Quam
869 1974 939 2001 enim

147 2024 350 2053 excusationem
364 2024 481 2051 nancisci
496 2028 609 2059 queant,
623 2023 667 2057 qui
683 2030 742 2050 cutn
758 2022 802 2049 die
815 2029 846 2048 ac
860 2026 940 2048 noctu

147 2073 174 2099 in
187 2072 235 2099 Dei
247 2071 315 2106 lege,
322 2080 372 2099 non
379 2071 466 2099 dicam
475 2071 586 2102 versari,
594 2070 640 2098 sed
650 2069 759 2103 morari,
769 2069 819 2096 hoc
827 2072 941 2095 estsem-

146 2127 197 2154 per
213 2118 335 2146 meditari
353 2118 509 2154 jubeantur,
525 2122 614 2144 tamen
631 2125 664 2144 ne
680 2116 816 2143 minimam
833 2114 940 2150 quidem

148 2165 210 2192 vitae
223 2169 324 2199 partem
336 2165 362 2191 in
375 2164 425 2192 hoc
436 2164 603 2199 impendunt,
615 2168 644 2189 ut
654 2162 736 2197 ipsius
750 2161 872 2188 mandata
885 2168 941 2188 me-

146 2210 234 2237 moria
244 2214 381 2244 usurpent,
389 2215 469 2245 atque
479 2210 560 2244 ipsius
567 2208 770 2244 justiﬁcationes
776 2205 942 2234 custodiant?

183 2256 209 2283 7.
232 2255 349 2283 Videsne
363 2260 483 2283 catenam
497 2256 639 2289 optimam,
654 2260 787 2289 quamque
801 2258 862 2287 apte
877 2251 939 2279 sin-

146 2302 208 2336 gula
221 2301 279 2329 hinc
293 2302 363 2329 inter
376 2309 405 2329 se
419 2301 584 2333 coltazrcant,
599 2305 679 2335 atque
694 2299 787 2335 quavis
801 2307 881 2326 aurea
895 2306 948 2326 ca-t

147 2352 209 2375 tena
226 2347 330 2375 ﬁrmius
343 2352 370 2375 et
388 2347 554 2382 elegantius?
570 2346 713 2381 Postquam
727 2345 799 2373 enim
821 2349 938 2372 mentem

146 2393 266 2420 divinam
284 2393 427 2428 postulavit
438 2414 444 2425 ,
464 2393 573 2428 exponit
585 2400 700 2427 quonam
717 2397 793 2427 pacto
805 2392 865 2418 talis
880 2399 940 2419 esse

146 2443 238 2473 queat.
255 2438 396 2472 Quomodo
419 2438 528 2466 autem?
551 2437 679 2464 Nimirum
701 2437 722 2464 si
737 2436 797 2471 quis
810 2440 940 2471 perpetuo

146 2492 197 2516 ea,
213 2491 274 2519 qua:
288 2484 335 2512 Dei
351 2489 432 2517 sunt,
457 2483 610 2511 meditetur.
635 2483 692 2509 iloc
712 2487 802 2509 autem
825 2488 939 2517 quanam

146 2530 253 2557 ratione
264 2531 395 2565 quispiam
407 2530 535 2565 consequi
548 2529 652 2564 possit?
661 2529 689 2557 Si
700 2529 798 2556 divina:
813 2527 864 2563 legi
876 2534 939 2562 ope-

146 2584 204 2604 ram
225 2576 292 2604 dare
316 2583 461 2611 numquam
485 2575 653 2603 intermittat.
678 2574 798 2609 Quonam
822 2578 899 2608 pacto
913 2572 939 2600 id

147 2622 307 2649 mortalibus
319 2622 474 2657 persuaderi
495 2621 592 2657 queat?
615 2621 641 2648 Si
658 2620 780 2648 mandata
796 2619 879 2654 ipsius
892 2618 941 2646 ob-

146 2672 276 2696 servent:
291 2668 355 2703 quin
378 2668 465 2701 potius
488 2675 519 2695 ex
533 2675 566 2694 eo
594 2667 668 2702 ipso,
684 2666 754 2701 quod
779 2666 828 2701 legi
844 2663 941 2692 diiinm

147 2715 282 2748 quispiam
296 2714 419 2746 studeat,
440 2714 465 2741 id
479 2714 662 2748 consequitur,
684 2720 713 2739 ut
732 2712 857 2739 mandata
882 2718 941 2738 ser-

147 2765 212 2791 vet;
227 2760 453 2793 quemadmodum
476 2760 578 2787 scilicet
604 2766 638 2786 ex
662 2766 711 2791 eu,
728 2758 798 2793 quod
823 2758 883 2793 quis
909 2764 941 2784 ea

149 2813 210 2838 qua:
224 2805 309 2839 ipsius
324 2810 388 2832 sunt
397 2806 475 2840 sapit,
488 2813 518 2832 ac
533 2810 649 2832 mentem
662 2804 779 2830 divinam
794 2804 887 2833 habet.
904 2802 939 2830 ιι-

149 2851 196 2878 Ind
211 2851 370 2886 adipiscitur
384 2857 411 2879 ut
425 2859 482 2887 qum
496 2851 578 2887 ipsius
593 2855 655 2878 sunt
667 2849 818 2878 meditetur.
831 2850 942 2886 Singula

706 132 739 162 ΙΝ
758 132 866 162 EPIST.
881 133 903 162 ll
936 133 980 160 AD
998 132 1076 161 COR.
1094 132 1209 163 HOMIL.
1231 133 1263 163 ll.

1737 136 1789 163 £02

1002 191 1073 218 enim
1085 199 1116 218 ex
1131 190 1172 218 his
1184 199 1244 225 qua:
1257 190 1387 224 diximus,
1401 195 1428 218 et
1442 190 1468 219 id
1480 191 1550 227 quod
1565 192 1682 221 vicinum
1696 200 1738 225 est
1751 198 1790 224 ef.

1001 236 1107 268 liciuut,
1121 240 1150 263 et
1163 236 1196 263 ab
1211 243 1244 263 eo
1258 236 1430 269 efﬁciuntur;
1445 241 1473 264 et
1494 238 1580 272 ipsum
1595 239 1747 271 continent,
1763 249 1791 269 et

1000 281 1033 307 ab
1054 281 1111 315 ipso
1126 281 1307 308 continentur.
1329 280 1459 309 lntensius
1473 283 1557 310 adhuc
1572 292 1619 318 pro
1640 284 1702 319 ipsis
1716 294 1788 320 rage-

1000 335 1065 354 mus.
1090 327 1221 361 Quoniam
1244 328 1350 355 animus
1375 329 1402 355 in
1428 330 1530 363 prolixa
1554 331 1676 359 oratione
1688 331 1789 359 obdor-

1001 373 1113 400 miscere
1126 373 1282 406 COIISIIe\'i'.,
1299 381 1393 401 rursus
1407 382 1466 401 eum
1480 375 1588 403 excitat.
1610 376 1703 412 Magna
1711 375 1789 405 enim

1000 425 1106 444 rursum
1119 423 1198 453 atque
1218 419 1325 446 excelsa
1349 420 1484 453 postulare
1501 421 1557 447 vult
1578 429 1585 448 :
1601 421 1716 457 ideoque
1730 424 1788 456 ait,

1001 462 1128 491 lntensius
1136 464 1219 491 adhuc
1228 473 1274 500 pro
1285 465 1347 500 ipsis
1360 474 1485 501 rogemus.
1496 466 1626 499 Quidnam
1641 473 1728 495 autent
1739 470 1789 496 huc

1000 509 1057 536 est?
1073 508 1107 536 Ut
1121 510 1213 544 eripiat
1236 519 1278 538 eos
1298 511 1329 537 ab
1350 512 1417 538 omni
1440 512 1507 538 malo
1519 517 1543 538 et
1556 512 1665 540 absurdo
1678 514 1788 549 negotio.

1000 554 1057 582 Hoc
1071 555 1131 582 loco
1146 555 1171 581 id
1187 555 1251 589 ipsis
1266 556 1397 590 petimus,
1409 561 1438 583 nt
1460 564 1494 584 ne
1509 557 1611 584 intrent
1625 558 1649 584 in
1665 560 1790 586 teutatio—

1000 607 1073 634 nem,
1086 605 1165 635 atque
1180 605 1209 628 ut
1221 601 1255 629 ab
1268 602 1394 629 omnibus
1408 608 1461 629 tam
1483 603 1621 637 corporeis
1635 611 1714 638 quam
1736 604 1789 639 spi-

1000 646 1140 674 ritualibus
1154 647 1257 675 insidiis
1280 648 1437 675 liberentur.
1454 647 1494 675 0b
1508 648 1533 675 id
1548 649 1627 676 etiam
1641 649 1697 676 haec
1707 650 1789 677 verba

1000 691 1145 725 subjunxit,
1157 692 1194 719 Ab
1205 692 1274 719 omni
1286 698 1388 727 peccato
1400 693 1534 726 diabolica,
1547 698 1569 720 et
1580 694 1647 720 omni
1662 694 1790 721 obsidione

1000 736 1147 764 adversarii.
1159 738 1259 771 Quibus
1271 739 1358 766 verbis
1370 739 1530 766 tentaliones
1541 746 1572 766 ac
1584 744 1693 774 peccata
1707 740 1790 775 signi-

1001 782 1069 809 ﬁcat.

1035 827 1137 855 Peccali
1151 833 1252 855 natura.
1267 843 1303 849 —
1315 829 1421 857 Peccati
1438 830 1509 857 enim
1525 837 1555 857 ea
1578 835 1672 857 natura
1687 835 1729 858 est
1739 851 1748 862 .
1762 836 1790 858 ut

998 872 1075 900 laede
1089 873 1224 900 hominem
1236 874 1357 901 obsideat
1372 880 1452 909 atque
1464 874 1580 909 undique
1595 880 1657 908 stet,
1671 883 1686 902 a
1702 876 1789 904 fronte

999 926 1095 953 nempe
1117 923 1142 946 et
1166 927 1181 945 a
1206 924 1300 954 tergo,
1317 920 1409 954 sicque
1432 927 1481 947 nos
1504 920 1621 955 dcjiciat.
1645 921 1789 956 Postquam

999 964 1070 991 enim
1084 971 1142 999 qua:
1156 972 1170 990 a
1185 964 1263 991 nobis
1283 964 1433 999 praestanda
1448 965 1502 992 sint
1516 966 1649 1000 exposuit,
1663 966 1714 994 hoc
1728 972 1787 1000 est,

999 1010 1066 1037 utin
1082 1011 1141 1044 ejus
1160 1010 1219 1045 lege
1231 1018 1387 1044 versemur,
1415 1010 1498 1046 ipsius
1519 1012 1644 1039 mandata
1660 1014 1788 1040 memoria

999 1061 1149 1090 teneamus,
1163 1056 1369 1091 justiﬁcationes
1382 1056 1440 1091 ejus
1454 1057 1651 1091 custodiamus,
1669 1058 1720 1086 hoc
1732 1059 1788 1094 jam

998 1102 1142 1134 admonet,
1160 1109 1194 1129 ne
1218 1102 1268 1129 ista
1284 1102 1391 1137 quidem
1416 1101 1557 1135 sufﬁcere,
1578 1103 1630 1130 nisi
1645 1103 1716 1131 adsit
1731 1104 1788 1139 ipse

998 1152 1077 1183 atque
1090 1155 1167 1183 opem
1181 1148 1259 1175 ferat.
1275 1148 1331 1175 Nisi
1345 1148 1416 1175 enim
1430 1147 1554 1176 Dominus
1568 1149 1730 1183 aedificaverit
1743 1150 1790 1176 do-

998 1202 1077 1225 mum,
1093 1194 1120 1220 in
1134 1201 1227 1220 vanum
1240 1194 1417 1221 laboraverunt
1427 1194 1471 1229 qui
1484 1194 1611 1228 cedi/icon!
1625 1203 1680 1221 eam
1693 1194 1787 1231 (Psal.

999 1238 1061 1266 126.
1076 1239 1103 1273 1)
1116 1246 1122 1265 :
1134 1246 1165 1266 ac
1181 1239 1331 1273 prtesertim
1355 1239 1381 1266 in
1395 1239 1438 1272 iis,
1454 1240 1500 1274 qui
1514 1239 1623 1267 diabolo
1636 1239 1724 1266 adhuc
1739 1240 1788 1267 ob-

995 1284 1060 1318 jecti
1075 1288 1137 1311 sunt
1149 1305 1156 1317 ,
1172 1291 1203 1311 ac
1216 1284 1265 1311 sub
1287 1284 1371 1319 ipsius
1392 1285 1505 1319 imperio
1517 1289 1544 1311 et
1556 1283 1668 1312 ditione.
1685 1285 1723 1311 Ac
1739 1292 1787 1312 vos

998 1329 1056 1356 hau:
1071 1330 1155 1356 nostis
1168 1351 1175 1361 ,
1191 1330 1235 1365 qui
1251 1329 1335 1357 sacris
1349 1330 1444 1357 initiati
1459 1330 1534 1357 estis.
1550 1330 1639 1357 Facile
1652 1331 1723 1357 enim
1743 1331 1788 1358 illa

997 1374 1079 1402 verba
1093 1374 1171 1402 vobis
1191 1375 1217 1401 in
1230 1375 1387 1402 memoriam
1412 1374 1542 1408 redeant,
1564 1382 1612 1410 per
1623 1383 1682 1410 quae
1705 1375 1788 1409 ipsius

998 1419 1130 1455 tyrannidi
1145 1420 1268 1447 nuntium
1283 1420 1437 1453 remisistis,
1453 1428 1513 1447 cum
1527 1420 1597 1447 ﬂexo
1609 1428 1678 1455 genu
1690 1420 1723 1447 ad
1739 1420 1788 1448 Re-

996 1473 1056 1501 gem
1071 1465 1259 1500 translugistis,
1272 1473 1303 1493 ac
1315 1466 1452 1493 tremenda
1468 1466 1511 1493 illa
1525 1466 1605 1493 verba
1621 1466 1779 1501 protulistis,

997 1513 1093 1548 quibus
1115 1517 1230 1548 tyranno
1252 1512 1326 1539 nullo
1342 1519 1452 1547 prorsus
1474 1512 1554 1539 modo
1576 1512 1687 1546 obsequi
1702 1512 1785 1539 doce-

997 1567 1067 1585 mur.
1081 1558 1274 1586 Adversarinm
1291 1565 1373 1593 porro
1389 1564 1421 1584 ac
1434 1557 1571 1584 diabolum
1592 1557 1678 1592 ipsum
1695 1557 1788 1592 appel—

996 1604 1053 1638 lat,
1077 1605 1202 1639 quoniam
1217 1608 1244 1631 et
1260 1604 1343 1630 Deum
1365 1602 1435 1638 apud
1459 1602 1581 1630 homines
1593 1623 1600 1634 ,
1615 1607 1641 1629 et
1664 1601 1786 1630 homines

996 1651 1066 1686 apud
1081 1651 1175 1684 Deum,
1191 1657 1223 1678 ac
1237 1658 1285 1677 nos
1308 1650 1382 1684 ipsos
1402 1649 1472 1676 inter
1486 1656 1536 1676 nos
1550 1648 1718 1676 criminatur.
1735 1648 1785 1675 Et—

997 1697 1067 1724 enim
1081 1698 1136 1731 ipse
1149 1696 1213 1724 olim
1227 1696 1324 1724 Johum
1332 1694 1403 1730 apud
1417 1695 1500 1722 Deum
1514 1695 1540 1721 in
1551 1694 1652 1722 crimen
1665 1694 1786 1726 vocabat,

996 1751 1056 1769 etnn
1071 1743 1183 1775 diceret,
1199 1741 1270 1768 Nunt
1283 1740 1333 1768 Job
1353 1741 1449 1775 {rustra
1462 1740 1521 1767 colit
1534 1739 1616 1766 Deum
1630 1739 1701 1775 (Job.
1717 1740 1742 1767 1.
1757 1739 1784 1768 9.

997 1789 1103 1824 iﬁjiac
1116 1796 1222 1816 rursum
1240 1788 1323 1815 Deum
1338 1787 1407 1822 apud
1421 1786 1518 1814 Jobum
1540 1786 1582 1813 itis
1596 1786 1696 1818 verbis,
1712 1785 1785 1820 Ignis

996 1835 1124 1862 descendit
1138 1835 1169 1862 de
1180 1834 1242 1861 caelo
1255 1841 1265 1861 :
1276 1837 1357 1869 atque
1378 1832 1442 1860 item
1458 1832 1542 1859 Deum
1553 1831 1623 1866 apud
1637 1831 1766 1858 Adamum
1779 1853 1785 1861 ,

995 1889 1056 1908 cum
1071 1877 1246 1913 dicercll'ore,
1261 1884 1290 1906 ut
1304 1886 1398 1906 eorum
1409 1878 1477 1905 oculi
1492 1876 1745 1912 aperiretttur(Gen.
1757 1876 1785 1903 5.

997 1927 1026 1962 5)
1041 1934 1090 1954 :ac
1112 1933 1183 1953 nunc
1200 1926 1280 1952 etiam
1303 1923 1371 1959 apud
1394 1924 1535 1958 plerOSque
1557 1922 1720 1955 mortalium,
1744 1922 1785 1948 di-

996 1979 1060 2000 cens
1076 1981 1082 1999 :
1098 1972 1168 1999 Deus
1181 1971 1223 2003 iis,
1241 1978 1301 2005 quze
1314 1969 1399 1996 oculis
1415 1973 1563 1996 cernuntur
1578 1976 1630 1994 non
1646 1967 1784 2001 prospicit,

997 2019 1044 2047 sed
1059 2026 1103 2046 res
1115 2023 1216 2046 vestras
1226 2016 1394 2044 datmonibus
1406 2014 1536 2050 permisit.
1549 2013 1617 2047 Quin
1631 2012 1699 2048 apud
1710 2020 1785 2039 com-

998 2066 1089 2102 plures
1102 2071 1207 2099 quoque
1215 2063 1322 2091 Judzeos
1331 2062 1466 2089 Christum
1479 2059 1644 2092 traducebat,
1659 2059 1786 2092 imposta-

997 2120 1054 2139 rem
1068 2119 1098 2138 ac
1111 2110 1332 2146 prmstigiatorem
1354 2115 1413 2135 eum
1436 2107 1583 2142 appellans.
1601 2107 1721 2138 Quonam
1735 2113 1784 2130 an-

998 2163 1051 2186 tem
1071 2158 1151 2185 modo
1171 2159 1313 2191 operetur,
1335 2155 1427 2181 audire
1448 2153 1561 2183 fortasse
1584 2152 1679 2186 aliquis
1700 2150 1783 2185 cupit.

996 2205 1062 2233 Cum
1078 2208 1193 2231 mentem
1209 2210 1261 2230 non
1274 2201 1404 2229 divinitus
1426 2199 1542 2227 alliatam
1557 2203 1583 2226 et
1598 2206 1651 2226 non
1667 2197 1784 2225 sobriam

997 2250 1185 2286 cogitationem
1209 2248 1328 2279 invenit,
1343 2255 1402 2283 qum
1415 2246 1462 2274 Dei
1486 2245 1610 2273 mandata
1627 2252 1679 2272 non
1697 2251 1788 2271 ret-or-

1000 2296 1093 2329 detur,
1124 2302 1173 2322 nec
1207 2294 1290 2329 ipsius
1318 2292 1522 2328 justiﬁcationes
1543 2290 1695 2323 custodiat,
1731 2294 1786 2316 tum

996 2343 1105 2371 demum
1142 2341 1274 2376 captivam
1307 2348 1366 2367 eam
1397 2346 1488 2367 secum
1523 2337 1640 2365 abducit.
1669 2336 1787 2363 Adamus

998 2389 1106 2424 quippe,
1123 2388 1145 2415 si
1160 2387 1273 2422 hujusce
1288 2385 1407 2414 mandati
1431 2384 1612 2415 meminisset,
1624 2382 1663 2409 De
1677 2381 1744 2409 omni
1755 2381 1787 2407 li—

998 2442 1047 2469 gno
1060 2433 1170 2465 comede,
1187 2432 1208 2460 si
1222 2432 1307 2467 legem
1321 2439 1380 2458 eam
1394 2433 1529 2457 servasset
1541 2436 1600 2464 qum
1614 2427 1736 2459 dicebat,
1754 2425 1785 2453 ln

998 2487 1153 2516 quaeautque
1162 2478 1204 2505 die
1218 2476 1374 2505 camederitis
1387 2496 1395 2508 ,
1410 2479 1490 2502 morte
1504 2473 1645 2501 moriemini
1659 2472 1668 2508 (
1680 2472 1743 2499 Gen.
1757 2472 1784 2499 2.

1000 2527 1032 2554 17
1043 2527 1070 2562 );
1085 2534 1137 2553 non
1151 2532 1182 2552 ea
1194 2545 1201 2556 ,
1215 2531 1275 2559 qua:
1295 2529 1390 2558 passus
1402 2525 1461 2555 est,
1477 2528 1570 2556 paSsns
1582 2519 1686 2547 luisset.
1702 2518 1734 2546 Ut
1749 2519 1787 2545 rli-

999 2577 1088 2608 gnelur
1098 2580 1139 2598 eos
1150 2571 1176 2597 in
1187 2575 1298 2605 tempore
1308 2573 1449 2604 opportuno
1461 2568 1562 2595 lavacra
1575 2566 1781 2603 regenerationis,

998 2624 1022 2646 et
1044 2617 1189 2645 remissione
1209 2620 1379 2652 peccatorum.
1405 2613 1532 2647 Quaedam
1552 2613 1624 2641 enim
1645 2611 1788 2647 praesentia

998 2664 1121 2699 petimus,
1137 2662 1259 2697 quaedam
1274 2661 1363 2689 futura
1378 2669 1384 2687 :
1400 2668 1432 2687 ac
1448 2660 1482 2687 de
1495 2660 1602 2687 lavacro
1616 2657 1787 2693 philosopha-

998 2718 1072 2742 tnur,
1095 2713 1175 2744 atque
1194 2707 1220 2735 in
1236 2708 1292 2742 ipsa
1309 2705 1437 2741 petitione
1462 2705 1588 2732 docemus
1607 2711 1653 2731 eos
1675 2703 1728 2729 vim
1744 2702 1790 2729 ba—

999 2756 1087 2792 ptismi
1103 2755 1237 2790 cognitam
1259 2752 1370 2779 habere.
1396 2750 1464 2777 lliuc
1485 2750 1556 2777 enim
1570 2749 1624 2783 jam
1640 2755 1730 2776 sermo
1744 2755 1791 2774 eos

999 2802 1159 2831 assuclaeit.
1183 2805 1212 2827 ut
1234 2798 1385 2832 intelligant
1408 2803 1465 2823 rem
1480 2802 1540 2822 eam
1555 2793 1788 2830 regenerationem

1000 2856 1060 2878 esse
1070 2870 1077 2883 ,
1094 2853 1194 2881 nosque
1218 2849 1246 2872 ut
1265 2851 1280 2871 a
1295 2842 1374 2871 vulva
1386 2861 1394 2875 ,
1408 2841 1447 2869 sic
1461 2841 1495 2868 ab
1510 2839 1585 2876 aquis
1600 2838 1689 2867 deum)
1702 2837 1792 2874 gigni:
