4138 6220
524 289 634 347 6θὸ

526 414 584 460 ut
612 419 680 460 ne
698 403 775 459 illi
803 417 923 459 cum
950 398 1241 457 Nieodemo
1269 395 1488 460 dicant,
1528 392 1796 458 Quomodo
1827 399 1986 462 potest
2012 390 2103 443 Ito-

523 512 609 550 mo
635 495 775 549 nasci
799 510 912 549 eum
931 492 996 546 sit
1020 489 1210 545 senex?
1231 495 1454 556 potestne
1473 486 1525 538 in
1550 493 1770 538 ventrem
1797 481 1974 536 matris
1998 495 2106 535 sua:

523 583 765 648 introire,
797 598 860 636 ac
902 580 1046 634 nasci
1089 578 1252 632 denuo
1281 575 1471 647 (Jonn.
1500 575 1552 629 5.
1583 572 1699 645 υτ
1726 572 1926 628 Deinde
1954 579 2104 641 post-

522 692 683 748 quam
707 683 1046 745 peccatorum
1066 669 1437 725 remissionem
1466 667 1619 727 dixit,
1655 683 1750 736 per
1783 681 1844 721 ea
1874 681 1993 736 quae
2018 680 2107 720 se-

526 774 764 838 quuntur
802 766 972 834 ipsam
995 763 1276 818 conﬁrmat
1321 760 1508 816 dicens
1536 778 1550 813 :
1577 760 1890 814 Indumenta
1927 759 2102 813 incor-

525 856 797 926 ruptionis.
825 854 1035 910 Etenim
1063 853 1152 924 qui
1186 853 1277 906 ﬁlii
1324 852 1637 922 dignitatem
1685 850 1875 917 induit,
1919 849 2104 920 procul

523 945 688 1002 dubio
735 945 1155 1016 iucorruptibilis
1204 928 1456 999 efﬁcitur.
1488 942 1623 1010 Quid
1654 951 1831 997 autem
1871 951 1994 1007 cst,
2037 941 2104 996 In

527 1047 748 1109 tempore
773 1038 1083 1108 Opportuna?
1106 1036 1367 1092 Nimirum
1395 1051 1512 1090 cum
1539 1035 1657 1105 quis
1688 1034 1856 1104 probe
1883 1033 2106 1090 allectus

524 1139 637 1196 est,
667 1145 788 1185 cum
812 1129 994 1184 animo
1017 1128 1179 1183 alacri
1206 1136 1260 1182 et
1284 1143 1408 1183 cum
1437 1127 1539 1181 lidc
1558 1127 1764 1181 accedit
1789 1125 1994 1182 :ﬁdelis
2019 1134 2104 1181 et-

524 1219 666 1275 enim
689 1219 921 1274 hominis
951 1229 1311 1289 opportunum
1341 1226 1551 1288 tempus
1595 1218 1696 1272 hoc
1726 1227 1828 1272 est.
1865 1216 1932 1272 Ut
1957 1220 2109 1270 berle-

525 1312 660 1365 dicat
685 1311 919 1365 introitus
944 1321 990 1365 et
1018 1312 1185 1365 exitus
1210 1327 1420 1376 eorum,
1452 1327 1649 1364 onmem
1675 1311 1830 1363 vitam
1854 1309 2105 1380 ipsorum.

526 1401 639 1456 Hoc
664 1402 781 1457 loco
809 1401 1030 1472 aliquid,
1062 1401 1204 1470 quod
1233 1402 1299 1456 ad
1326 1415 1522 1472 corpus
1546 1410 1773 1470 spectet,
1806 1410 1991 1470 petere
2012 1398 2107 1468 ju-

523 1496 751 1562 bentur,
782 1504 840 1550 ut
865 1496 954 1566 qui
997 1495 1171 1551 adhuc
1218 1495 1512 1551 imbecilles
1540 1495 1669 1549 sint.
1713 1493 1908 1549 Domos
1933 1510 2107 1549 eorum

523 1594 572 1640 et
611 1585 960 1640 habitationes.
990 1585 1104 1641 Hoc
1127 1595 1246 1651 est,
1287 1586 1400 1642 sive
1436 1586 1660 1640 famulos
1689 1586 1923 1641 habeant
1946 1628 1960 1652 ,
1992 1587 2107 1642 sive

525 1688 805 1751 cognatos,
829 1681 943 1735 sive
972 1681 1105 1735 alios
1135 1679 1394 1751 quosdam
1425 1680 1778 1735 necessarios.
1811 1679 1938 1735 Haec
1962 1680 2105 1735 enim

524 1777 679 1827 eram
698 1770 907 1827 Veteris
929 1771 1259 1828 Testamenti
1289 1772 1505 1842 prmmia
1528 1788 1541 1825 :
1563 1786 1663 1826 nec
1680 1771 1967 1842 quidquam
1988 1787 2108 1841 per.

526 1861 651 1916 inde
688 1876 868 1931 grave,
899 1870 1058 1932 atque
1085 1862 1338 1917 acerbum
1368 1877 1489 1917 esse
1516 1862 1816 1926 videbatur.
1846 1872 1900 1918 nt
1930 1862 2106 1918 vidui-

526 1961 630 2018 tas,
659 1959 716 2006 ut
743 1951 999 2007 sterilitas
1019 1996 1033 2019 ,
1063 1962 1119 2007 ut
1148 1962 1466 2022 praematura
1496 1953 1705 2020 funera,
1728 1962 1788 2008 ut
1816 1953 2016 2019 fames,
2054 1962 2109 2008 ct

524 2041 738 2098 adversi
765 2058 944 2100 rerum
976 2058 1276 2100 successus.
1308 2044 1387 2099 0b
1414 2059 1534 2099 eam
1564 2059 1776 2099 causam
1803 2045 1856 2099 in
1892 2045 2107 2115 petitio-

524 2135 686 2199 nibus
717 2136 785 2191 ad
825 2150 1021 2207 corpus
1067 2136 1457 2206 pertinentibus
1497 2151 1592 2191 eos
1639 2136 1912 2192 immorari
1955 2138 2103 2204 sinit,

526 2229 779 2301 paulatim
802 2230 946 2301 ipsos
970 2229 1023 2284 in
1048 2230 1214 2285 altum
1236 2229 1559 2285 subvehens.
1581 2229 1694 2284 Hoc
1713 2230 1855 2284 enim
1879 2240 1933 2284 et
1953 2229 2108 2285 Chri-

524 2331 641 2379 stus
667 2322 793 2378 facit
822 2331 881 2379 et
904 2322 1127 2390 Paulus,
1150 2323 1398 2392 antiquas
1428 2322 1678 2377 videlicet
1704 2321 2106 2377 benedictioncs

527 2424 753 2487 uterque
797 2415 850 2471 in
899 2414 1213 2471 memoriam
1261 2428 1521 2471 revocans
1552 2413 1831 2469 :Cltristus
1876 2428 2105 2483 nempe,

524 2522 645 2562 cum
672 2507 767 2574 ait,
792 2506 940 2563 Beati
966 2507 1108 2561 mites
1129 2548 1144 2571 ,
1170 2508 1410 2576 quoniam
1440 2506 1542 2576 ipsi
1571 2505 1897 2577 possidebunt
1922 2516 2108 2559 terram

526 2600 740 2670 (Matth.
772 2601 826 2656 5.
857 2600 913 2673 ι)
937 2616 952 2655 :
982 2600 1177 2655 Paulus
1196 2609 1374 2656 autem
1395 2641 1411 2668 ,
1438 2599 1653 2654 Honora
1682 2609 1871 2669 patrem
1892 2608 2033 2652 tuum
2062 2607 2109 2653 et

524 2701 737 2746 matrem
766 2700 925 2754 tuam,
954 2701 1008 2746 ut
1034 2691 1103 2746 sis
1127 2691 1383 2763 longaevus
1407 2707 1561 2762 super
1586 2701 1795 2745 terram.
1827 2688 1994 2745 Filios
2019 2706 2107 2744 eo-

523 2800 673 2851 rum,
724 2792 779 2839 ut
815 2801 898 2839 eos
934 2800 1120 2855 augeas
1154 2795 1199 2839 et
1226 2783 1526 2850 benedicas,
1549 2795 1700 2853 atque
1721 2785 1790 2837 ad
1819 2799 2108 2839 mensuram

526 2876 691 2928 wtatis
718 2874 986 2943 perductos
1004 2876 1253 2944 sapientia
1280 2877 1503 2930 instruas
1526 2873 1740 2948 (Ep/tes.
1770 2875 1822 2931 6.
1851 2875 1903 2929 2.
1937 2873 2015 2947 5).

595 2968 650 3022 8.
686 2967 783 3023 llic
811 2981 996 3023 rursus
1024 2969 1215 3039 partim
1237 2983 1580 3040 corporeum,
1605 2969 1795 3037 partim
1827 2968 2107 3038 spirituale

528 3059 844 3116 beneﬁcium
876 3061 1006 3132 ipsis
1042 3064 1207 3131 poscit
1235 3102 1251 3128 ,
1283 3069 1468 3131 utpote
1499 3061 1692 3131 puerili
1715 3060 1891 3117 adhuc
1925 3061 2106 3117 animo

531 3151 788 3222 prteditis.
818 3151 970 3221 Quod
996 3161 1172 3208 autem
1200 3152 1463 3223 sequitur,
1490 3152 1636 3207 omni
1670 3168 1734 3207 ex
1759 3162 1910 3223 parte
1942 3152 2104 3224 spiri-

525 3248 668 3304 luale
690 3256 792 3314 est,
827 3247 897 3305 Ut
922 3250 1093 3304 omnia
1121 3264 1234 3318 quoe
1268 3247 1394 3317 ipsis
1424 3247 1683 3318 preposita
1708 3258 1885 3311 erunt,
1917 3247 1985 3301 ad
2007 3248 2108 3301 uti-

522 3338 714 3393 litatem
741 3338 948 3410 dirigat.
999 3338 1116 3393 Non
1139 3337 1282 3393 enim
1323 3336 1643 3413 simpliciter
1667 3353 1788 3408 qua:
1832 3339 2105 3408 proposita

522 3440 699 3499 erunt,
729 3431 826 3488 sed
855 3448 975 3503 quae
1001 3432 1068 3486 ad
1098 3431 1403 3487 utilitatem.
1434 3430 1590 3501 Saepe
1617 3430 1760 3486 enim
1794 3431 2104 3500 peregrina-

524 3521 600 3576 tio
622 3522 795 3592 aliqua
834 3522 1165 3589 instituitur,
1206 3522 1301 3577 sed
1347 3521 1568 3578 minime
1614 3521 1898 3587 conducit;
1944 3531 2105 3591 atque

522 3612 667 3667 aliud
696 3612 950 3683 quiddam
996 3613 1199 3679 simile,
1241 3602 1383 3683 quod
1432 3628 1531 3668 nec
1574 3613 1702 3668 item
1733 3612 1860 3667 utile
1885 3619 1989 3668 est.
2024 3611 2101 3667 Ex

522 3702 716 3772 quibus
759 3703 861 3758 hoc
885 3703 1137 3770 discunt,
1172 3705 1282 3760 Deo
1329 3705 1381 3759 in
1411 3704 1663 3760 omnibus
1710 3704 1874 3760 rebus
1900 3704 2101 3775 gratias

520 3809 719 3865 agere,
751 3804 809 3850 ut
854 3812 974 3866 quae
1013 3796 1083 3852 ad
1128 3813 1316 3853 eorum
1363 3799 1704 3857 commodum
1737 3809 1792 3854 et
1820 3800 2099 3855 utilitatem

522 3887 674 3943 ﬁant.
722 3888 849 3944 Post
890 3888 1007 3944 hmo
1032 3889 1209 3944 omnia
1248 3890 1361 3959 jam
1391 3905 1487 3946 eos
1514 3906 1735 3962 surgere
1765 3891 1937 3960 jubet.
1968 3889 2099 3944 Nam

519 3994 642 4035 cum
669 3981 812 4050 prius
836 3995 931 4036 eos
959 3982 1104 4036 humi
1125 3992 1426 4053 prostratos
1450 3984 1729 4051 tenuisset,
1753 3994 2100 4053 posteaquam

518 4089 582 4129 ea
614 4074 882 4145 petierunt
904 4090 1022 4146 quas
1065 4077 1369 4146 petierunt,
1397 4090 1461 4131 ac
1488 4074 1681 4131 ﬁducia
1724 4075 1911 4146 repleti
1941 4083 2098 4140 sunt,

514 4166 627 4236 jam
656 4182 750 4222 cos
770 4181 950 4222 sermo
976 4166 1152 4238 erigit,
1179 4181 1244 4222 ac
1270 4167 1529 4237 deinceps
1559 4168 1704 4237 ipsos
1729 4182 1939 4238 quoque
1963 4182 2091 4238 pre-

518 4261 785 4316 cationem
808 4262 872 4315 ad
897 4262 1060 4316 Deum
1086 4261 1331 4332 amplecti
1355 4261 1529 4331 jubet.
1552 4261 1825 4332 Siquidem
1853 4261 2097 4333 qnmdam

521 4366 619 4406 nos
685 4352 952 4418 dicimus,
1002 4352 1247 4422 quaedam
1299 4368 1485 4408 rursus
1516 4352 1647 4423 ipsis
1675 4353 2095 4422 committimus,

518 4446 785 4515 petitionis
862 4462 1053 4517 nempe
1110 4446 1304 4516 januas
1369 4448 1501 4517 ipsis
1571 4448 1875 4518 aperientes
1927 4464 1942 4503 :
1989 4461 2093 4502 non

513 4554 670 4594 secus
696 4539 948 4595 videlicet
974 4554 1036 4594 ac
1067 4554 1265 4610 pueros
1290 4541 1521 4610 primum
1545 4540 1643 4610 ipsi
1665 4541 1942 4606 docemus,
1975 4546 2096 4610 post

512 4639 690 4687 autem
733 4632 879 4703 ipsos
903 4646 1114 4701 quoque
1157 4630 1301 4701 loqui
1321 4630 1594 4701 jubemus.
1622 4629 1807 4702 Itaque
1833 4629 1937 4685 hoc
1964 4629 2094 4700 ipsis

510 4722 772 4791 dicimus,
804 4722 1052 4795 Angelum
1095 4722 1235 4794 pacis
1302 4721 1493 4793 petite,
1519 4737 1553 4775 o
1594 4722 1959 4776 catechumeni.
1998 4720 2095 4776 Est

509 4813 705 4882 quippe
729 4812 953 4883 angelus
971 4813 1133 4869 etiam
1160 4812 1459 4868 cruciatum
1486 4808 1745 4877 inferens,
1769 4820 1826 4864 ut
1846 4826 1967 4866 cum
2000 4811 2091 4866 ille

509 4904 620 4970 ait,
669 4904 1042 4961 lmmissionem
1077 4923 1168 4977 per
1201 4904 1409 4978 angelos
1451 4904 1614 4959 malos
1640 4901 1812 4978 (Psal.
1847 4903 1936 4959 77.
1967 4904 2085 4977 54).

509 4992 604 5046 Est
627 5002 682 5046 et
699 4995 919 5064 angelus
935 4998 1339 5054 exterminator.
1363 4998 1440 5052 Ac
1468 4994 1691 5067 provide
1720 5009 1815 5052 eos
1835 4995 2084 5066 angelum

508 5081 656 5154 pacis
676 5091 857 5151 petere
876 5084 1152 5154 iubemus,
1174 5086 1430 5142 docentes
1452 5102 1567 5153 eos,
1587 5086 1638 5144 id
1656 5087 1797 5158 quod
1820 5086 2080 5143 bonorum

503 5175 742 5235 omnium
760 5174 1028 5231 vinculum
1041 5184 1147 5242 est,
1159 5176 1263 5231 hoc
1277 5186 1380 5243 est,
1414 5192 1596 5247 pacem
1614 5179 1918 5249 postulare:
1937 5180 2006 5235 ita
2027 5187 2085 5233 ut

501 5274 573 5329 ab
595 5270 741 5327 omni
772 5284 947 5342 pugna
977 5309 992 5334 ,
1019 5268 1087 5325 ab
1128 5269 1276 5323 omni
1309 5268 1469 5334 bello,
1498 5280 1553 5326 et
1581 5271 1650 5325 ab
1678 5273 1825 5328 omni
1852 5272 2079 5328 dissidio

500 5365 696 5421 absint.
727 5362 953 5434 Paciﬁco
972 5361 1108 5417 uobis
1126 5360 1296 5417 omnia
1323 5375 1437 5432 qua
1454 5372 1827 5432 proponuntur.
1856 5362 2082 5420 Utcum-

500 5471 606 5526 que
634 5456 775 5513 enim
798 5470 961 5528 grave
988 5452 1185 5526 aliquid
1212 5453 1311 5522 sit,
1344 5451 1471 5510 dum
1505 5462 1683 5511 tamen
1711 5471 1895 5527 pacem
1921 5455 2073 5526 quis-

1264 279 1321 336 S.
1349 274 1626 334 JOANNIS
1661 265 2133 328 CHRYSOSTOMI
2168 266 2483 331 ARCHIEP.
2521 272 3053 340 CONSTANTINOP.

3680 276 3782 333 ιω

2214 388 2356 455 piam
2386 391 2599 462 habeat,
2618 396 2735 455 leve
2761 410 2862 456 est.
2897 402 3083 475 quue
3117 405 3278 462 etiam
3308 410 3525 468 nomine
3551 411 3799 475 Christus

2210 480 2454 581 dicebat,
2485 485 2672 543 Pacem
2699 507 2863 547 meam
2885 493 2951 549 do
2970 496 3108 551 vobis
3131 497 3152 567 (
3167 496 3421 558 10am”.
3451 505 3522 559 27
3540 504 3583 576 ).
3609 506 3797 581 Neque

2210 573 2353 628 enim
2382 575 2548 632 ullum
2570 594 2841 638 armorum
2872 601 3041 655 genus
3070 588 3287 647 diabolo
3314 608 3466 663 teque
3494 573 3799 657 ﬁrmumac

2212 665 2443 764 validum
2473 680 2576 734 est,
2602 680 2660 727 ut
2691 690 2863 745 pugna
2890 687 2944 733 et
2973 678 3217 735 simultas
3243 698 3307 739 ac
3347 685 3568 744 bellum.
3597 688 3799 764 Paci/i-

2211 772 2328 854 erim
2353 759 2488 816 hunc
2507 765 2676 834 diem,
2697 778 2846 839 atque
2865 787 3036 827 omnes
3058 775 3172 830 vita:
3191 786 3366 833 vestrm
3389 780 3496 837 dies
3521 759 3796 854 postulate.

2212 849 2460 908 Vidistin‘
2480 871 2667 912 rursus
2688 864 2955 930 quomodo
2981 867 3287 924 universam
3320 872 3481 928 vitam
3515 849 3567 931 in
3592 882 3795 935 virtute

2215 947 2431 1019 transigi
2462 948 2677 1019 iubeat?
2703 952 3017 1013 Christianos
3046 970 3236 1016 uestros
3262 963 3425 1032 ﬁnes;
3452 970 3669 1039 etquod
3698 972 3799 1027 bo-

2212 1053 2402 1094 norum
2428 1056 2488 1095 ca
2496 1053 2589 1112 put
2614 1053 2718 1113 est,
2741 1048 2877 1117 quod
2895 1051 3159 1107 honestum
3178 1064 3249 1108 est
3270 1064 3316 1109 et
3341 1058 3475 1127 quod
3492 1061 3635 1117 utile.
3659 1062 3796 1120 Nam

2211 1128 2354 1200 quod
2384 1129 2670 1224 honestum
2696 1151 2803 1191 non
2834 1148 2936 1205 est,
2967 1141 3017 1195 id
3047 1158 3115 1198 ne
3146 1144 3276 1199 utile
3304 1146 3520 1215 quidem
3547 1166 3669 1208 esse
3697 1169 3801 1224 po-

2213 1228 2337 1275 test.
2371 1223 2489 1278 Alia
2515 1226 2659 1281 enim
2706 1244 2885 1285 rerum
2914 1233 3123 1287 utilium
3152 1236 3294 1304 apud
3325 1253 3424 1293 nos
3452 1249 3637 1297 natura
3670 1223 3753 1300 est
3776 1287 3795 1309 .

2212 1328 2372 1383 quam
2409 1317 2596 1388 vulgus
2625 1320 2893 1391 opinatur.
2934 1323 3033 1379 Vos
3059 1327 3195 1395 ipsos
3228 1326 3333 1383 Deo
3359 1330 3538 1385 viventi
3561 1334 3796 1391 aeCIn-i-

2212 1415 2289 1460 sto
2314 1407 2474 1477 ipsius
2499 1413 2869 1470 commendate.
2908 1415 3157 1473 Nondum
3185 1421 3328 1475 enim
3380 1423 3481 1478 hoc
3510 1424 3616 1481 illis
3643 1442 3797 1484 com-

2213 1499 2496 1570 tnittimus,
2526 1513 2584 1560 ut
2621 1521 2720 1582 pro
2742 1507 2864 1564 aliis
2894 1519 3087 1577 orent,
3118 1512 3212 1568 sed
3245 1515 3497 1583 prmclare
3524 1518 3607 1589 agi
3636 1532 3799 1591 puta-

2213 1610 2355 1661 mus,
2383 1596 2429 1651 si
2457 1612 2554 1668 pro
2574 1600 2766 1670 seipsis
2786 1616 2943 1658 orare
2964 1613 3181 1673 queant.
3203 1605 3435 1665 Videsne
3456 1624 3615 1680 quam
3637 1614 3796 1682 plena

2212 1696 2263 1743 et
2292 1689 2531 1745 numeris
2551 1692 2797 1749 omnibus
2817 1693 3060 1751 absoluta
3085 1700 3319 1767 precatio
3341 1702 3430 1768 sit,
3456 1703 3568 1759 sive
3593 1705 3802 1762 doctri-

2215 1795 2335 1834 nam
2390 1783 2505 1838 sive
2530 1783 2692 1839 vitam
2738 1788 3090 1845 consideres?
3132 1791 3263 1845 Nam
3301 1807 3424 1849 cum
3464 1800 3796 1869 evangelium

2211 1869 2462 1937 dicimus,
2494 1889 2615 1929 cum
2646 1874 3063 1948 incorruptionis
3093 1881 3465 1941 indumentum
3489 1929 3506 1953 ,
3534 1903 3655 1943 cum
3700 1907 3795 1947 reo

2212 1963 2577 2031 generationis
2602 1966 2893 2036 lavacrum,
2916 1970 3214 2029 doctrinam
3243 1977 3542 2034 universam
3569 1980 3652 2038 his
3677 1999 3803 2041 ver-

2214 2055 2300 2113 bis
2343 2060 2774 2131 complectimur.
2826 2065 3033 2123 Rursus
3063 2084 3188 2125 cum
3234 2080 3468 2129 mentem
3493 2074 3673 2132 divino
3698 2095 3799 2134 nu,

2213 2148 2359 2206 mine
2375 2150 2607 2207 amatam
2627 2195 2642 2219 ,
2675 2169 2794 2210 cum
2814 2156 3049 2212 sobriam
3076 2160 3476 2231 cogitationem,
3503 2180 3623 2221 cum
3645 2167 3799 2224 deni-

2212 2259 2318 2313 que
2342 2253 2535 2309 czetera
2559 2288 2574 2313 ,
2602 2262 2723 2318 qua:
2755 2264 2784 2302 a
2827 2250 2985 2308 nobis
3009 2265 3428 2311 commemorata
3457 2268 3603 2326 sunt,
3632 2262 3798 2319 vitam

2213 2338 2600 2407 signiﬁcamus.
2632 2341 2856 2396 Domum
2882 2358 2978 2399 eos
3004 2345 3182 2416 capita
3209 2347 3470 2406 inclinare
3512 2350 3795 2421 jubemus.

2215 2427 2320 2483 hoc
2349 2429 2599 2487 videlicet
2645 2443 2960 2504 argumento
3008 2452 3196 2507 preces
3221 2441 3502 2497 exauditas
3528 2458 3652 2500 esse
3678 2455 3796 2501 sta-

2214 2526 2446 2587 tuentes,
2479 2524 2621 2593 quod
2643 2525 2783 2581 Deus
2807 2542 2900 2582 eos
2920 2527 3225 2587 benedicat.
3252 2532 3438 2604 Neque
3462 2537 3604 2592 enim
3633 2538 3798 2594 homo

2213 2621 2298 2666 est
2327 2614 2415 2683 qui
2448 2615 2746 2683 benedicit,
2775 2618 2870 2674 sed
2915 2635 3010 2689 per
3053 2622 3197 2677 illius
3226 2640 3445 2680 manum
3473 2642 3537 2683 ac
3560 2628 3794 2700 linguam

2188 2730 2189 2733 η
2213 2704 2326 2774 regi
2348 2704 2449 2774 ipsi
2465 2708 2637 2777 capita
2659 2724 2872 2778 eorum,
2895 2714 2985 2782 qui
3015 2712 3232 2781 adsunt,
3255 2715 3551 2774 oderimus.
3582 2720 3794 2776 Actum

2214 2794 2503 2854 inclamant
2523 2808 2734 2869 omnes,
2765 2803 2947 2860 Amen.
2979 2804 3103 2862 Haec
3130 2817 3309 2864 autem
3333 2813 3512 2867 omnia
3536 2830 3792 2885 quorsum

2215 2888 2429 2945 tandem
2460 2906 2490 2945 a
2522 2907 2609 2948 me
2651 2893 2794 2950 dicta
2840 2897 2999 2952 sunt?
3044 2898 3117 2955 Ut
3162 2899 3385 2956 doceam
3434 2919 3534 2959 nos
3560 2905 3792 2962 aliorum

2212 2982 2492 3038 commoda
2518 3000 2764 3054 quaerere
2791 2987 3016 3055 debere,
3048 3004 3112 3047 ac
3136 3006 3203 3046 ne
3226 3001 3414 3062 putent
3443 2994 3630 3053 ﬁdeles
3654 2997 3792 3065 lucc,

2210 3076 2332 3128 cu’m
2379 3076 2705 3143 recitantur,
2751 3079 2883 3136 nihil
2926 3080 2994 3137 ad
3024 3097 3085 3139 se
3114 3086 3410 3154 pertinere.
3439 3086 3620 3159 Neque
3649 3094 3792 3147 enim

2210 3163 2276 3219 ad
2304 3166 2535 3235 parietes
2563 3168 2821 3227 diaconus
2855 3171 3111 3243 loquitur,
3141 3192 3264 3231 cum
3309 3178 3421 3243 ait,
3459 3179 3671 3236 Oremus
3698 3200 3795 3253 pro

2208 3257 2601 3315 catechumenis.
2630 3261 2827 3318 Verum
2879 3266 3118 3321 nonnulli
3163 3269 3301 3324 adeo
3327 3282 3602 3339 amentes,
3633 3284 3795 3345 atque

2210 3347 2384 3418 ignavi
2408 3365 2474 3406 ac
2501 3351 2744 3436 dissoluti
2773 3366 2921 3422 sunt,
2950 3367 3008 3412 ut
3035 3372 3140 3413 non
3169 3362 3331 3416 modo
3365 3364 3419 3420 in
3446 3365 3792 3425 catechume-

2210 3458 2421 3509 norum,
2457 3444 2550 3500 sed
2582 3447 2742 3501 etiam
2772 3447 3007 3505 ﬁdelium
3041 3461 3281 3525 tempore
3310 3464 3452 3512 stent
3477 3468 3637 3529 atque
3659 3477 3790 3517 con-

2211 3531 2535 3590 fabulemur.
2582 3537 2717 3593 Hinc
2759 3542 2939 3598 omnia
2979 3544 3234 3601 subversa
3263 3555 3422 3611 sunt,
3455 3533 3579 3606 hinc
3605 3554 3791 3609 omnia

2211 3627 2485 3697 perierunt
2516 3646 2529 3683 :
2561 3632 2683 3700 quia
2712 3648 2818 3703 quo
2849 3643 3090 3706 tempore
3118 3638 3349 3693 maxime
3379 3640 3674 3696 curandum
3701 3655 3791 3700 est

2209 3728 2266 3773 ut
2292 3718 2461 3774 Deum
2500 3722 2660 3778 nobis
2690 3725 3099 3783 reconciliemus
3120 3768 3136 3795 ,
3166 3720 3267 3783 hoc
3309 3729 3427 3799 ipso
3454 3729 3525 3784 ita
3552 3731 3789 3789 discedi-

2206 3823 2328 3863 mus
2348 3850 2362 3871 ,
2392 3818 2446 3864 ut
2476 3811 2593 3880 ejus
2637 3811 2769 3867 iram
2801 3815 2852 3868 in
2883 3831 2980 3870 nos
3009 3817 3358 3874 concitemus.
3387 3819 3663 3890 Siquidem
3694 3838 3784 3880 co-

2206 3915 2319 3954 ram
2353 3900 2600 3957 ﬁdelibus
2626 3919 2723 3973 pro
2748 3906 3036 3977 episcopis,
3066 3924 3163 3979 pro
3190 3912 3538 3983 presbyteris,
3566 3930 3665 3987 pro
3695 3932 3788 3972 re-

2205 3993 2395 4063 gibus,
2436 4010 2533 4064 pro
2585 3997 3033 4067 imperatoribus,
3084 4017 3182 4072 pro
3226 4013 3365 4060 terra
3410 4013 3466 4061 et
3494 4000 3657 4075 mari,
3690 4024 3788 4079 pro

2203 4085 2345 4141 aeris
2371 4088 2628 4159 temperie
2650 4132 2666 4156 ,
2695 4090 2929 4162 denique
2959 4109 3057 4163 pro
3085 4096 3338 4154 universo
3364 4105 3627 4155 terrarum
3652 4101 3787 4157 orbe

2204 4175 2489 4248 benignum
2514 4179 2794 4235 Dominum
2818 4180 2967 4237 adire
2983 4183 3256 4252 jubemur.
3283 4186 3638 4254 Quamobrem
3659 4205 3785 4248 cum

2174 4342 2177 4345 ἤ
2204 4284 2323 4334 nos,
2343 4270 2430 4340 qui
2459 4280 2603 4326 tanta
2632 4270 2821 4329 ﬁducia
2845 4275 3053 4345 prmditi
3081 4291 3204 4334 esse
3233 4277 3515 4349 debemus,
3544 4282 3781 4337 utetiam

2202 4376 2298 4431 pro
2340 4362 2461 4419 aliis
2489 4379 2742 4433 oremus,
2791 4382 2860 4423 ne
2901 4383 2997 4438 pro
3044 4369 3200 4426 nobis
3240 4370 3457 4440 quidem
3484 4380 3688 4429 attento
3718 4389 3785 4431 ac

2203 4454 2439 4523 vigilanti
2502 4457 2685 4513 animo
2732 4474 3051 4528 precemur,
3106 4462 3326 4529 quinam
3379 4465 3777 4532 excuSationis,

2197 4547 2415 4616 quinam
2447 4551 2617 4604 venia:
2666 4552 2822 4607 nobis
2852 4553 3004 4609 locus
3041 4569 3162 4611 esse
3204 4555 3407 4627 possit?
3447 4560 3525 4614 Ac
3555 4560 3782 4630 proinde

2197 4639 2444 4707 obsecro,
2475 4650 2533 4695 ut
2557 4640 2672 4697 haec
2698 4645 2875 4699 omnia
2902 4646 3084 4701 animo
3110 4662 3175 4702 ac
3202 4656 3382 4705 mente
3410 4650 3780 4719 complecten-

2198 4736 2311 4794 tes,
2346 4731 2670 4802 precationis
2727 4742 2937 4804 tempus
2976 4750 3363 4807 agnoscamus,
3411 4739 3781 4811 sublimesque

2194 4823 2481 4881 ell‘cramur
2508 4836 2669 4896 atque
2697 4842 2727 4882 a
2758 4838 2899 4884 terra
2939 4828 3260 4885 excedamus
3280 4872 3295 4896 ,
3329 4831 3610 4903 ipsumque
3656 4835 3775 4888 cmli

2192 4918 2454 4975 fornicem
2493 4921 2853 4992 attingamus,
2898 4932 2956 4977 ut
3000 4923 3166 4978 Deum
3212 4922 3365 4980 nobis
3402 4925 3688 4995 propitium
3720 4937 3777 4981 et

2193 5009 2460 5080 placidum
2487 5010 2734 5077 reddere,
2761 5027 2825 5068 ac
2854 5015 3116 5083 promissa
3145 5014 3283 5071 bona
3312 5016 3568 5087 consequi
3600 5017 3775 5087 possi-

2188 5117 2347 5158 mus:
2370 5118 2490 5173 qute
2512 5102 2714 5158 utinam
2739 5105 2993 5174 consequi
3017 5106 3172 5160 nobis
3197 5109 3492 5175 contingat,
3524 5123 3620 5179 per
3644 5124 3773 5179 gra-

2189 5192 2317 5248 tiam
2347 5208 2411 5248 ac
2437 5195 2858 5249 misericordiam
2891 5195 3102 5251 Domini
3136 5186 3323 5253 nostri
3366 5198 3492 5253 lesn
3518 5198 3719 5255 Christi
3744 5241 3761 5264 ,

2186 5284 2401 5353 quicum
2422 5286 2562 5341 Patri
2584 5297 2638 5342 et
2660 5287 2879 5357 Spiritui
2901 5296 3090 5344 sancto
3109 5288 3300 5360 gloria,
3329 5289 3636 5361 imperium,
3663 5289 3766 5346 ho-

2186 5392 2319 5443 nor,
2370 5392 2511 5435 nunc
2556 5388 2610 5437 et
2658 5395 2909 5451 semper,
2959 5390 3015 5437 et
3064 5381 3116 5437 in
3158 5382 3354 5439 saecula
3412 5382 3765 5441 saeculorum.

2184 5467 2377 5523 Amen.
