4122 6226
417 227 526 285 403

414 338 618 401 αὐτοὺς
649 336 917 402 συνεθίζει
942 337 1164 403 εἰδέναι,
1185 340 1268 393 ὅτι
1292 339 1648 410 ἀναγέννησις
1677 339 1738 394 τὸ
1760 341 1995 411 πρᾶγμά

410 431 557 492 ἐστι,
582 429 678 483 καὶ
709 428 869 483 πάλιν
901 427 1243 500 γεννώμεθα,
1267 429 1458 503 ὥσπερ
1488 430 1596 484 ἀπὸ
1618 431 1717 501 τῆς
1753 433 1990 502 μήτρας,

409 518 588 583 οὕτως
622 520 732 574 ἀπὸ
756 518 867 573 τῶν
892 519 1120 573 ὑδάτων·
1157 521 1244 574 ἵνα
1287 520 1362 592 μὴ
1388 520 1589 591 λέγωσι
1615 522 1757 576 κατὰ
1778 522 1869 574 τὸν
1896 522 1993 575 Νι-

409 612 542 683 κόδη
553 629 675 681 μον,
706 608 837 677 Πῶς
869 611 1124 665 δύναταί
1152 628 1242 678 τις
1267 608 1628 682 γεννηθῆναι
1656 614 1842 682 γέρων
1868 612 1993 680 ὢν;

390 700 494 773 ’μὴ
511 702 761 756 δύναται
786 703 873 768 εἰς
890 718 924 755 τ
929 700 1003 769 ἦν
1024 704 1261 756 κοιλίαν
1277 701 1387 771 τῆς
1404 703 1632 773 μητρὸς
1656 704 1844 758 αὑτοῦ
1868 708 1992 759 εἰσ-

406 791 611 847 ελθεῖν
633 831 650 855 ,
694 792 791 846 καί
850 791 1216 862 γεννηθῆναι
1273 793 1504 850 ἄνωθεν
1520 810 1541 858 ;
1585 791 1749 859 Εἶτα,
1801 795 1989 868 ἐπειδὴ

405 886 606 954 ἄφεσιν
639 879 792 939 εἶπεν
820 883 1124 955 ἁμαρτιῶν,
1155 885 1243 938 διὰ
1270 884 1380 938 τῶν
1404 886 1531 956 ἑξῆς
1565 887 1736 957 αὐτὴν
1767 888 1991 941 πιστοῦ-

405 994 501 1031 ται
531 976 723 1044 λέγων·
761 975 870 1030 Τοῦ
893 975 1226 1045 ἐνδύματος
1248 974 1360 1046 τῆς
1389 976 1746 1046 ἀφθαρσίας.
1793 979 1850 1032 '0
1880 980 1988 1050 γὰρ

406 1068 639 1139 νεότητα
664 1067 1007 1137 ἐνδυόμενος,
1036 1066 1196 1136 δῆλον
1233 1068 1318 1120 ὅτι
1347 1067 1624 1139 ἄφθαρτος
1656 1068 1886 1129 γίνεται.
1921 1069 1987 1121 Τί

403 1157 467 1212 δέ
501 1159 673 1223 ἐστιν,
711 1157 808 1210 Ἐν
842 1155 1025 1225 καιρῷ
1058 1157 1314 1224 εὐθέτῳ;
1344 1159 1514 1213 Ὅταν
1544 1152 1602 1213 εῦ
1644 1158 1985 1230 διακείμενος

400 1244 467 1324 ᾖ,
509 1249 638 1302 ὅταν
677 1246 817 1319 μετά
861 1247 1174 1320 προθυμίας
1224 1250 1320 1302 καὶ
1367 1250 1603 1313 πίστεως
1637 1251 1854 1324 προσίῃ·
1887 1250 1982 1304 τοῦ

399 1340 519 1411 γάρ
549 1338 743 1394 πιστοῦ
776 1340 965 1410 καιρὸς
997 1339 1215 1403 εῦθετος
1242 1334 1399 1403 οὗτός
1439 1343 1606 1393 ἐστιν.
1638 1342 1774 1395 Ἵνα
1809 1342 1980 1394 εὐλο-

388 1431 571 1504 ’τήσῃ
590 1433 697 1499 τὰς
720 1432 998 1499 εἰσόδους
1018 1433 1217 1487 αὐτῶν
1239 1433 1336 1486 καὶ
1364 1432 1471 1500 τὰς
1487 1432 1760 1499 ἐξόδους,
1785 1431 1984 1485 πάντα

397 1523 515 1576 τὸν
553 1522 702 1589 βίον
737 1521 960 1577 αὐτῶν.
1024 1523 1290 1578 Ἐνταῦθα
1332 1524 1391 1577 δὲ
1429 1525 1525 1578 καὶ
1565 1523 1874 1594 σωματικόν
1927 1540 1981 1576 τι

400 1613 576 1667 αίτεῖν
614 1610 960 1677 κελεύονται,
990 1613 1067 1675 ώς
1103 1612 1183 1666 ἔτι
1213 1612 1593 1684 ἀσθενέστεροι
1622 1613 1793 1676 ὄντες.
1831 1613 1980 1679 Τοὺς

398 1704 610 1770 οἴκους
634 1703 855 1767 αὐτῶν,
883 1703 987 1758 καί
1016 1705 1125 1771 τὰς
1154 1704 1434 1770 οίκετίας.
1474 1704 1764 1769 Τουτέστιν
1781 1744 1796 1770 ,
1823 1704 1888 1758 ἀν
1919 1721 1979 1759 τε

400 1794 744 1866 θεράποντας
772 1793 990 1866 ἔχωσιν,
1019 1795 1085 1849 ἄν
1115 1811 1177 1847 τε
1219 1795 1522 1863 συγγενεῖς,
1563 1794 1628 1848 ἄν
1665 1812 1725 1847 τε
1758 1795 1981 1866 ἑτέρους

396 1886 556 1951 τινάς
592 1889 985 1958 προσήκοντας.
1025 1886 1211 1941 Ταῦτα
1243 1887 1353 1958 γὰρ
1397 1883 1466 1959 ἦν
1503 1888 1603 1958 τῆς
1634 1888 1882 1953 Παλαιᾶς
1911 1889 1979 1943 τά

395 1979 653 2034 ἔπαθλα·
698 1978 794 2034 καὶ
844 1978 998 2033 οὐδὲν
1045 1978 1188 2034 οὕτω
1237 1980 1410 2035 δεινὸν
1467 1981 1642 2035 ἐδόκει
1695 1978 1854 2044 εἶναι,
1905 1981 1980 2045 ὡς

394 2071 625 2143 χηρεία,
664 2070 741 2136 ὡς
771 2072 1020 2137 ἀπαιδία,
1056 2072 1131 2135 ὡς
1168 2072 1236 2126 τὰ
1266 2073 1436 2145 πένθη
1485 2074 1554 2127 τὰ
1590 2075 1777 2146 ἄωρα,
1812 2073 1888 2137 ὠς
1918 2074 1980 2127 τὸ

400 2165 464 2216 ὲν
493 2161 636 2234 λιμῷ
661 2161 822 2230 εἶναι,
856 2162 930 2228 ὡς
955 2164 1016 2217 τὸ
1046 2163 1119 2236 μὴ
1151 2165 1210 2229 ἐξ
1238 2167 1426 2237 οὐρίας
1453 2166 1522 2219 τὰ
1550 2167 1853 2238 πράγματα
1883 2168 1982 2221 αύ-

396 2254 822 2325 τοῖςφέρεσθαι.
850 2258 946 2311 Διά
973 2257 1036 2329 δὴ
1068 2258 1227 2311 τοῦτο
1256 2260 1350 2312 καὶ
1376 2259 1599 2322 τούτους
1628 2260 1852 2330 ἀφίησιν
1879 2261 1980 2331 ἐμ-

398 2345 729 2417 φιλοχωρεῖν
747 2349 867 2411 ταῖς
890 2349 1140 2419 αίτήσεσι
1155 2352 1276 2412 ταῖς
1307 2349 1811 2423 σωματικωτέραις,
1834 2350 1979 2405 κατά

404 2438 601 2510 μικρὸν
623 2438 823 2504 αὐτοὺς
850 2439 1218 2506 ἀναϐιϐάζων.
1245 2441 1418 2496 Τοῦτο
1439 2444 1547 2513 γὰρ
1577 2444 1672 2496 καὶ
1694 2444 1723 2496 6
1744 2443 1978 2515 Χριστὸς

400 2532 570 2593 ποιεῖ,
599 2529 759 2587 τοῦτο
798 2532 895 2586 καὶ
919 2533 948 2585 6
980 2533 1215 2598 Παῦλος,
1241 2534 1487 2588 παλαιῶν
1520 2537 1866 2607 μεμνημένος
1889 2536 1979 2588 εύ-

402 2620 620 2691 λογιῶν·
666 2622 696 2676 6
750 2622 851 2694 μὲν
909 2624 1173 2696 Χριστὸς,
1213 2626 1340 2679 ὅταν
1391 2626 1544 2698 λέγῃ·
1605 2626 1893 2695 Μακάριοι
1922 2630 1977 2681 at

403 2713 634 2783 πραεῖς,
659 2713 747 2769 ὅτι
767 2715 940 2770 αὐτοὶ
968 2716 1501 2788 κληρονομήσουσι
1527 2716 1665 2787 γῆν·
1695 2717 1800 2771 όδὲ
1829 2717 1977 2771 Παῦ-

401 2804 522 2871 λος,
557 2803 704 2875 Τίμα
740 2804 849 2860 τὸν
884 2808 1111 2877 πατέρα
1140 2824 1257 2862 σου
1287 2808 1385 2865 καί
1420 2808 1536 2876 τὴν
1568 2808 1798 2878 μητέρα
1836 2798 1973 2872 σου,

401 2895 503 2951 καί
527 2896 645 2965 ἄσῃ
672 2899 1113 2968 μακροχρόνιος
1133 2899 1231 2954 ἐπὶ
1257 2899 1369 2969 τῆς
1396 2898 1528 2971 γῆς.
1567 2901 1642 2954 Τὰ
1667 2900 1849 2954 τέκνα
1872 2903 1978 2955 αὺ-

398 2986 522 3042 τῶν
559 2987 661 3042 ινα
684 2988 966 3057 αὐξήσας
988 2990 1319 3062 εὐλογήσῃ,
1351 2992 1451 3046 καί
1492 2993 1580 3059 εις
1600 2992 1822 3063 μέτρον
1845 2992 1979 3061 ήλιυ

394 3079 541 3147 addc
576 3080 820 3150 ἀγαγὼν
853 3081 1106 3152 σοφίσῃ.

468 3175 544 3241 η’.
562 3168 732 3225 Πάλιν
761 3171 995 3227 ἐνταῦθα
1020 3173 1117 3228 καὶ
1133 3177 1447 3246 σωματικὸν
1469 3175 1563 3230 καὶ
1584 3177 1974 3248 πνευματικὸν,

397 3261 503 3318 ἅτε
515 3262 944 3334 νηπιωδέστερον
966 3264 1349 3336 διακειμένοις.
1366 3260 1498 3319 Εἶτα
1513 3266 1574 3319 τὸ
1594 3267 1721 3320 ὓστε
1730 3284 1818 3339 ρον
1846 3266 1977 3321 καθ-

395 3352 526 3409 όλου
561 3357 961 3427 πνευματικόν·
996 3356 1124 3412 Ἵνα
1184 3359 1519 3426 κατευθύνῃ
1548 3358 1753 3426 αὐτοῖς
1781 3360 1977 3414 πάντα

398 3445 480 3504 τὰ
503 3450 865 3521 προκείμενα
892 3451 1042 3520 πρὸς
1071 3451 1138 3505 τὸ
1177 3451 1510 3522 συμφέρον.
1546 3452 1622 3505 Ού
1651 3452 1758 3522 γὰρ
1789 3452 1977 3516 ἀπλῶς

396 3540 474 3596 τὰ
503 3541 866 3614 προκείμενα,
911 3540 1049 3596 ἀλλὰ
1095 3543 1233 3617 πρὸς
1272 3544 1334 3597 τὸ
1364 3544 1661 3615 συμφέρον.
1710 3543 1976 3608 Πολλάκις

396 3630 510 3704 γὰρ
527 3633 817 3705 πρόκειται
839 3633 1139 3706 ἀποδημία,
1166 3633 1281 3687 ἀλλ’
1302 3634 1363 3687 οὐ
1390 3635 1688 3705 συμφέρει·
1713 3634 1897 3706 ἔτερόν
1926 3653 1976 3688 τι

394 3723 664 3789 τοιοῦτον,
720 3722 836 3779 ἀλλ’
886 3724 989 3780 οὐκ
1042 3724 1160 3779 ἐστι
1210 3725 1543 3780 λυσιτελοῦν.
1593 3726 1724 3780 Ἀπὸ
1772 3728 1977 3782 τούτων

396 3814 748 3872 παιδεύονται
777 3816 835 3870 ἔν
874 3818 1042 3870 πᾶσιν
1077 3817 1418 3889 εὐχαριστεῖν
1446 3816 1524 3887 τῷ
1555 3816 1694 3887 Θεῷ,
1725 3817 1801 3881 ὡς
1839 3835 1977 3889 συμ-

397 3904 677 3979 φερόντως
702 3905 1031 3978 γινομένοις.
1078 3905 1192 3962 Καὶ
1225 3906 1364 3977 μετὰ
1408 3905 1581 3960 ταῦτα
1607 3907 1785 3961 πάντα
1830 3907 1975 3975 ἐγεί-

400 3996 596 4070 ρεσθαι
623 3997 833 4053 κελεύει
860 3999 1068 4054 λοιπόν.
1117 3998 1386 4071 Πρότερον
1422 3998 1530 4070 γὰρ
1572 3999 1771 4063 αὐτοὺς
1801 4001 1975 4071 χαμαὶ

400 4088 592 4161 ῥίψας,
619 4082 707 4145 ὅτε
732 4090 940 4164 ᾔτησαν
975 4091 1119 4164 άπερ
1162 4092 1371 4163 ᾔτησαν
1403 4092 1496 4145 καὶ
1539 4091 1853 4164 παρρησίας
1886 4094 1973 4146 ὲν-

395 4180 765 4254 επλήσθησαν,
807 4182 962 4256 [ιιο]
1005 4183 1287 4255 ἀνίστησιν
1335 4183 1531 4247 αὐτοὺς
1573 4185 1601 4237 6
1648 4183 1823 4253 λόγος,
1878 4186 1971 4238 καὶ

397 4272 610 4330 κελεύει
635 4273 819 4329 λοιπὸν
847 4276 943 4330 καὶ
969 4276 1166 4339 αὐτοὺς
1193 4273 1412 4345 ἔχεσθαι
1441 4275 1541 4345 τῆς
1567 4275 1704 4346 πρὸς
1726 4275 1817 4329 τὸν
1838 4277 1969 4345 Θεὸν

397 4358 704 4440 ἱκετηρίας.
743 4366 824 4420 Τά
864 4366 963 4438 μὲν
991 4366 1101 4437 γὰρ
1130 4367 1292 4437 ἡμεῖς
1326 4363 1579 4436 λέγομεν,
1611 4364 1678 4419 τὰ
1702 4364 1759 4418 δὲ
1788 4367 1970 4432 αὐτοῖς

394 4458 789 4531 ἐπιτρέπομεν,
832 4456 934 4530 ἢδη
968 4458 1070 4522 τὰς
1104 4457 1274 4528 θύρας
1317 4456 1501 4520 αὐτοῖς
1534 4456 1842 4525 ἀνοίγοντες
1876 4458 1969 4511 τοῦ

392 4551 564 4605 αίτεῖν
583 4566 599 4581 ·
633 4549 885 4620 καθάπερ
912 4549 1038 4612 τοὺς
1069 4548 1265 4612 παῖδας
1296 4546 1562 4618 πρότερον
1596 4546 1696 4618 μὲν
1719 4547 1873 4601 αὐτοὶ
1892 4547 1970 4601 δι-

390 4634 688 4712 δάσκομεν,
720 4638 912 4695 ῑπειτα
957 4639 1014 4694 δὲ
1055 4639 1151 4695 καὶ
1182 4639 1248 4693 δι’
1275 4638 1483 4692 ἑαυτῶν
1511 4638 1846 4709 φθέγγεσθαι
1877 4657 1969 4693 κε-

390 4729 626 4805 λεύομεν
699 4731 949 4801 λέγοντες
976 4747 991 4763 ·
1063 4731 1175 4787 Τὸν
1236 4730 1496 4802 ἄγγελον
1552 4731 1664 4800 τῆς
1726 4732 1971 4801 εἰρήνης

390 4824 702 4896 aluimus,
729 4829 784 4881 οί
814 4828 1269 4898 κατηχούμενοι.
1304 4827 1459 4879 Ἔστι
1485 4824 1594 4894 γάρ
1618 4826 1845 4895 ἅγγελος
1874 4827 1969 4881 κό-

390 4916 547 4972 λασιν
575 4916 738 4989 ἔχων,
766 4916 843 4983 ὠς
860 4919 987 4972 ὃταν
1007 4918 1160 4991 λέγῃ·
1198 4918 1571 4986 Ἀποστολὴν
1598 4918 1672 4971 δι’
1700 4920 1971 4989 ἀγγέλων

390 5006 693 5079 πονηρῶν.
713 5010 904 5064 Ἔστιν
932 5010 1273 5083 όλοθρευτής.
1311 5010 1412 5065 Διά
1441 5009 1602 5064 τοῦτο
1622 5010 1711 5064 τὸν
1738 5011 1967 5081 ἄγγελον

391 5100 491 5171 τῆς
510 5099 735 5173 ιίρήνης
762 5100 1055 5172 κελεύομεν
1078 5104 1271 5166 αἰτεῖν,
1306 5102 1676 5169 παιδεύοντες,
1699 5102 1729 5156 δ
1750 5103 1969 5159 πάντων

389 5189 511 5244 ἑστι
523 5189 821 5264 σύνδεσμος
834 5192 944 5247 τῶν
959 5193 1422 5268 άγαθῶν,είρήνη,
1438 5195 1598 5251 τοῦτο
1609 5195 1813 5267 ζητεῖν,
1827 5195 1967 5251 ὥστε

391 5281 579 5351 πάσης
616 5282 969 5357 ἀπηλλάχθαι
1017 5288 1218 5358 μάχης,
1257 5289 1461 5352 παντὸς
1498 5287 1759 5359 πολέμου,
1787 5288 1967 5359 πάσης

392 5371 659 5440 στάσεως.
671 5375 955 5447 Εἰρηνικὰ
972 5377 1117 5448 ὑμῖν
1131 5377 1329 5433 πάντα
1352 5379 1423 5436 τὰ
1442 5379 1821 5449 προκείμενα.
1847 5381 1965 5435 Κᾶν

1497 226 1564 282 IN
1598 225 1813 282 EPIST.
1838 226 1883 282 11
1914 226 2005 282 Al)
2025 224 2185 282 (ΞΟΠ.
2216 222 2451 280 ΗΟΜΙΙ..
2483 224 2547 279 ΙΙ.

3564 223 3667 283 ιω

2097 339 2205 410 γάρ
2241 337 2495 411 φορτικὸν
2591 354 2668 403 τι,
2697 337 2923 407 εἰρήνην
2943 334 3001 389 δὲ
3022 333 3142 406 ἔχη,
3170 332 3371 402 κοῦφόν
3406 336 3541 389 ἐστι.
3572 338 3671 392 Διὰ

2094 429 2252 483 τοῦτο
2280 430 2372 482 καὶ
2399 431 2427 482 6
2450 428 2684 499 Χριστὸς
2716 427 2904 496 ἔλεγεν
2930 444 2944 457 ·
2967 423 3235 495 Εἰρήνην
3257 424 3374 493 τὴν
3405 426 3559 494 ἐμὴν
3586 424 3676 478 δί-

2093 520 2238 590 δωμι
2295 521 2455 590 ὑμῖν.
2513 519 2680 575 Οὐδὲν
2731 520 2842 591 γάρ
2892 518 3067 582 οὕτως
3117 516 3281 571 ὅπλον
3319 516 3537 588 ἰσχυρὸν
3596 516 3675 588 τῷ

2091 614 2333 684 διοϐόλῳ.
2361 613 2437 676 ὼς
2460 613 2609 684 μάχη
2630 614 2723 667 καὶ
2747 612 2916 683 ἔχθρα
2947 611 3041 664 καὶ
3068 609 3318 680 πόλεμος.
3350 607 3675 677 Είρηνικήν

2091 703 2208 771 τὴν
2255 703 2575 772 παροῦσαν
2612 702 2862 771 ἡμέραν,
2914 701 3013 756 καὶ
3048 700 3252 766 πάσας
3303 700 3412 765 τὰς
3447 698 3671 768 ἡμέρας

2089 796 2201 864 τῆς
2229 794 2379 864 ζωῆς
2417 794 2583 864 ὑμῶν
2619 794 2969 861 αἰτήσασθε.
3013 789 3165 856 Εἶδες
3213 791 3331 855 πῶς
3359 790 3519 844 πάλιν
3551 791 3669 843 ὁλό-

2090 887 2293 959 κληρον
2327 886 2416 940 τὸν
2448 886 2563 957 βίον
2595 888 2653 941 ὲν
2684 888 2853 956 ἁρετῇ
2904 885 3117 939 κελεύει
3141 881 3309 951 εἶναις
3344 885 3671 954 Χριστιανὰ

2088 977 2253 1049 ὑμῶν
2280 978 2352 1032 τὰ
2397 978 2572 1046 τέλη·
2602 978 2665 1031 τὸ
2696 977 2993 1045 κεφάλαιον
3037 976 3144 1030 τῶν
3178 976 3420 1045 ἀγαθῶν,
3465 975 3532 1028 τὸ
3565 993 3671 1028 κα-

2085 1070 2201 1125 λὸν
2260 1070 2359 1123 καὶ
2420 1069 2487 1123 τὸ
2553 1068 2883 1139 συμφέρον.
2945 1072 3011 1123 ὐ
3042 1071 3150 1141 γάρ
3209 1068 3282 1140 μὴ
3329 1069 3512 1131 καλὸν,
3547 1067 3670 1120 οὐδὲ

2086 1162 2387 1231 συμφέρον.
2424 1162 2590 1231 Ἀλλη
2617 1163 2726 1230 γὰρ
2753 1161 2888 1231 παρ’
2916 1163 3048 1232 ημῖν
3075 1160 3184 1213 τῶν
3214 1160 3601 1229 συμφερόντων
3629 1160 3665 1227 ἡ

2084 1254 2248 1322 φύσις
2298 1254 2449 1324 παρά
2499 1251 2597 1322 τὴν
2643 1252 2756 1305 τῶν
2794 1251 3002 1305 πολλῶν
3054 1250 3343 1321 ὑπόληψιν.
3388 1249 3668 1314 Ἑαυτοὺς

2082 1342 2161 1409 τῷ
2192 1342 2358 1403 ζῶντι
2390 1342 2512 1408 θεῷ
2555 1343 2654 1396 καὶ
2685 1340 2768 1407 τῷ
2795 1340 3027 1411 Χριστῷ
3058 1341 3245 1396 αὐτοῦ
3274 1341 3663 1410 παραθέσθαι.

2083 1436 2253 1490 Ούπω
2303 1436 2412 1509 γὰρ
2457 1437 2565 1488 τῶν
2606 1437 2745 1507 ὑπὲρ
2797 1436 3001 1508 ἑτέρων
3041 1437 3224 1499 αὐτοῖς
3276 1436 3664 1507 ἐπιτρέπομεν.

2081 1527 2195 1581 ἀλλ’
2214 1540 2240 1567 α
2273 1526 2556 1596 ἀγαπητὸν
2583 1527 2723 1600 ὑπὲρ
2749 1526 2933 1580 αὐτῶν
2953 1526 3215 1581 δύνασθαι
3246 1526 3479 1580 δεῖσθαι.
3514 1522 3666 1589 Εἶδες

2080 1617 2245 1688 εὐχὴν
2275 1615 2717 1686 ἀπηρτισμένην,
2755 1616 2849 1669 καὶ
2881 1615 3169 1685 δογμάτων
3211 1612 3399 1669 ἕνεκεν
3440 1614 3537 1668 καὶ⁵
3567 1632 3667 1668 πο-

2079 1705 2314 1771 λιτείας;
2345 1706 2515 1759 Ὅταν
2534 1705 2643 1776 γὰρ
2668 1705 3001 1774 Εύαγγέλιον
3026 1706 3291 1776 εἴπωμεν,
3309 1706 3437 1758 ὅταν
3462 1704 3666 1774 ἔνδυμα

2081 1792 2412 1863 ἀφθαρσίας,
2453 1794 2581 1845 ὃταν
2608 1793 2836 1865 λουτρὸν
2861 1793 3301 1862 παλιγγενεσίας,
3326 1794 3393 1847 τά
3419 1793 3666 1863 δόγματα

2081 1884 2309 1953 εἴπομεν
2362 1883 2570 1937 πάντα·
2617 1886 2747 1939 ὅταν
2801 1884 2926 1938 νοῦν
2983 1883 3185 1948 ἔνθεον,
3235 1885 3362 1937 ὅταν
3408 1884 3666 1955 σώφρονα

2080 1975 2361 2045 λογισμὸν,
2410 1975 2536 2029 ὃταν
2564 1975 2635 2029 τὰ
2672 1975 2808 2030 ἀλλα
2842 1975 2987 2047 ἅπερ
3016 1976 3341 2047 εἰρήκαμεν,
3375 1974 3476 2048 τὴν
3514 1975 3664 2028 πολι-

2079 2067 2232 2120 τείαν
2280 2064 2605 2138 ῄνιξάμεθα.
2636 2060 2772 2119 Εἶτα
2808 2066 2990 2120 κλῖναι
3036 2066 3136 2128 τὰς
3173 2065 3415 2134 κεφαλάς
3442 2064 3662 2118 κελεύοε

2083 2173 2205 2227 μεν,
2232 2158 2533 2227 τεκμήριον
2559 2154 2656 2209 τοῦ
2682 2156 2779 2221 τὰς
2801 2157 2970 2227 εὐχὰς
2992 2155 3325 2226 ἀκουσθῆναι
3349 2155 3662 2226 ποιούμενοι

2077 2246 2139 2301 τὸ
2170 2248 2262 2300 τὸν
2296 2247 2426 2301 Θεὸν
2470 2247 2734 2316 εὐλογεῖν.
2785 2248 2859 2301 Οὐ
2905 2248 3015 2318 γὰρ
3039 2246 3103 2317 δὴ
3136 2246 3423 2318 ἄνθρωπός
3453 2247 3601 2298 ἐστιν
3631 2246 3663 2297 6

2079 2337 2340 2407 εὐλογῶν,
2386 2338 2522 2392 ἀλλά
2571 2338 2659 2392 διὰ
2705 2338 2805 2410 τῆς
2842 2339 3051 2391 ἐκείνου
3078 2338 3261 2408 χειρὸς
3290 2337 3384 2390 καὶ
3414 2336 3662 2407 γλώττης

2078 2427 2226 2497 αύτῷ
2281 2427 2632 2498 προσάγομεν
2686 2425 2761 2497 τῷ
2811 2426 3032 2479 Βασιλεῖ
3082 2424 3181 2488 τὰς
3241 2424 3487 2494 κεφαλάς
3549 2422 3660 2477 τῶν

2079 2521 2447 2591 παρεστώτων
2467 2519 2519 2574 ι).
2560 2518 2671 2573 Καὶ
2718 2518 3010 2572 ἐπιϐοῶσιν
3048 2518 3289 2581 ἅπαντες
3320 2516 3401 2582 τὸ,
3452 2514 3659 2584 Ἀμήν.

2078 2606 2266 2661 Ταῦτα
2313 2607 2371 2660 δέ
2423 2623 2515 2677 μοι
2563 2607 2739 2661 πάντα
2790 2606 2935 2670 τίνος
2986 2605 3174 2659 ἕνεκεν
3229 2605 3480 2677 arment;
3536 2604 3661 2659 'lva.

2077 2693 2272 2760 διδάξω
2300 2696 2382 2749 ὅτι
2417 2695 2479 2748 τὸ
2520 2696 2723 2765 ἐτέρων
2754 2695 2835 2749 δεῖ
2883 2695 3089 2766 ζητεῖν,
3127 2694 3216 2749 ίνα
3254 2693 3331 2766 μὴ
3362 2694 3659 2765 νομίσωσιν

2076 2788 2125 2841 οἱ
2151 2788 2331 2840 πιστοὶ
2378 2787 2547 2858 μηδὲν
2583 2783 2723 2842 εἶναι
2755 2787 2891 2859 πρὸς
2936 2788 3155 2853 αὐτοὺς,
3191 2787 3320 2841 ὅταν
3365 2786 3543 2842 ταῦτα
3570 2787 3661 2842 λέι

2078 2894 2267 2949 γηται.
2310 2880 2385 2932 Ού
2439 2877 2550 2949 γάρ
2600 2879 2666 2950 δὴ
2713 2882 2829 2944 τοῖς
2869 2879 3069 2950 τοίχοις
3120 2882 3149 2934 6
3203 2879 3451 2943 διάκονος
3484 2878 3655 2946 λέγει·

2077 2967 2386 3038 Δεηθῶμεν
2428 2968 2583 3037 ὑπὲρ
2629 2967 2748 3022 τῶν
2780 2968 3267 3040 κατηχουμένων.
3313 2968 3476 3025 ’Δλλά
3515 2985 3661 3033 τινες

2077 3057 2249 3122 οὕτως
2274 3058 2412 3111 εἰσὶν
2450 3057 2670 3129 ἀνόητοι
2696 3060 2791 3113 καὶ
2819 3058 3016 3129 βλᾶκες
3043 3058 3136 3112 καὶ
3165 3057 3557 3129 διαλελυμένοι,
3582 3057 3659 3120 ὡς

2080 3147 2156 3219 μὴ
2186 3148 2346 3219 μόνον
2374 3149 2434 3201 ὲν
2461 3148 2539 3220 τῷ
2574 3147 2748 3220 καιρῷ
2777 3148 2888 3202 τῶν
2927 3164 3164 3218 κατηχου
3173 3149 3372 3219 μένων,
3402 3146 3538 3201 ἀλλὰ
3559 3145 3659 3202 καὶ

2077 3240 2136 3291 ὲν
2167 3237 2245 3309 τῷ
2289 3239 2469 3311 καιρῷ
2512 3238 2623 3292 τῶν
2652 3239 2862 3293 πιστῶν
2908 3240 3131 3294 ἑστάναι
3159 3239 3252 3292 καὶ
3287 3237 3656 3309 διαλέγεσθαι.

2090 3329 2369 3384 Ἐντεῦθεν
2408 3332 2585 3386 πάντα
2625 3331 3005 3402 διέστραπται,
3054 3329 3305 3384 ἐντεῦθεν
3335 3329 3514 3383 πάντα
3549 3329 3658 3383 ἀπ-

2080 3422 2299 3487 όλωλεν,
2330 3422 2413 3476 ὅτι
2443 3424 2500 3475 ὲν
2531 3421 2611 3492 τῷ
2639 3420 2840 3493 καιρῷ,
2863 3422 2923 3474 ὲν
2956 3413 3000 3489 ᾧ
3028 3419 3264 3492 μάλιστα
3297 3421 3378 3473 δεῖ
3401 3420 3495 3474 τὸν
3524 3418 3657 3473 Θεὸν

2076 3511 2488 3576 καταλλάττειν,
2554 3513 2612 3567 ὲν
2668 3511 2841 3583 τούτῳ
2908 3511 3305 3584 παροξύνοντες
3328 3522 3351 3551 ο
3425 3510 3653 3582 ἄπιμεν.

2077 3594 2189 3655 Καὶ.
2236 3600 2346 3672 γὰρ
2390 3601 2484 3654 ἐπὶ
2533 3599 2644 3654 τῶν
2697 3600 2907 3654 πιστῶν
2958 3600 3099 3670 ὑπὲρ
3143 3600 3478 3667 ἐπισκόπων,
3514 3599 3654 3671 ὑπὲρ

2076 3693 2489 3765 πρεσϐυτέρων,
2527 3693 2669 3765 ὑπὲρ
2717 3692 3004 3764 βασιλέων,
3040 3692 3181 3763 ὑπὲρ
3226 3693 3337 3747 τῶν
3389 3691 3655 3764 κρατοῦν·

2074 3801 2204 3848 των,
2239 3784 2380 3855 ὑπὲρ
2410 3785 2514 3855 γῆς
2539 3785 2635 3839 καὶ
2661 3784 2959 3855 θαλάσσης,
2988 3785 3130 3856 ὑπὲρ
3157 3785 3357 3856 ἀέρων,
3389 3785 3529 3856 ὑπὲρ
3551 3784 3654 3855 τῆς

2076 3876 2402 3947 οἰκουμένης
2438 3876 2658 3947 ἁπάσης
2686 3874 2837 3949 [441]
2882 3876 3218 3946 κελευόμεθα
3252 3876 3535 3948 προσιέναι
3571 3876 3652 3948 τῷ

2076 3968 2446 4040 φιλανθρώπῳ
2472 3967 2614 4039 Θεῷ.
2646 3968 2819 4023 Ὅταν
2845 3962 2940 4021 οὖν
2966 3969 3017 4021 οἱ
3051 3966 3319 4038 τοσαύτην
3346 3965 3652 4036 ὀφείλοντες

2077 4060 2223 4131 ἔχειν
2253 4060 2588 4132 παρρησίαν,
2621 4059 2697 4123 ώς
2735 4059 2876 4131 ὑπὲρ
2908 4058 3205 4130 ἀλλοτρίων
3245 4056 3472 4124 δεῖσθαι,
3515 4058 3652 4129 μηδὲ

2079 4153 2219 4222 ὑπὲρ
2264 4151 2473 4205 ἑαυτῶν
2524 4152 2789 4221 νήφοντες
2849 4148 3301 4223 προσευχώμεθα,
3343 4149 3421 4213 τίς
3453 4150 3583 4220 ἡμῖν
3611 4150 3646 4219 ἠ

2072 4244 2365 4314 ἁπολογία;
2398 4244 2528 4297 ποία
2556 4242 2888 4315 συγγνώμης
2919 4241 3010 4319 Διὸ
3052 4244 3118 4315 δὴ
3149 4240 3451 4313 παρακαλῶ
3476 4240 3649 4295 ταῦτα

2072 4338 2251 4392 πάντα
2270 4337 2651 4407 έννοήσαντας,
2675 4334 2873 4389 ειδέναι
2897 4334 3086 4405 καιρὸν
3112 4332 3301 4403 εὐχῆς,
3329 4332 3423 4387 καὶ
3452 4347 3649 4402 μεταρ·

2074 4430 2223 4493 σ’ίους
2268 4428 2535 4499 γίνεσθαι,
2584 4428 2679 4482 καὶ
2733 4425 3173 4482 ἀπαλλάττεσθαι
3220 4424 3320 4494 τῆς
3376 4422 3501 4494 γῆς,
3553 4422 3648 4475 καὶ

2072 4521 2252 4578 αὐτῶν
2280 4519 2549 4577 ἅπτεσθαι
2582 4519 2689 4573 τῶν
2710 4517 2917 4590 ἀψίδων
2948 4515 3042 4571 τοῦ
3074 4514 3332 4589 ούρανοῦ,
3369 4516 3457 4568 ἵνα
3484 4514 3646 4584 δυνη-

2072 4604 2253 4686 θῶμεν
2283 4611 2374 4666 τὸν
2398 4611 2533 4666 Θεὸν
2557 4610 2715 4664 ἵλεων
2738 4609 2983 4681 ποιῆσαι,
3016 4607 3108 4662 καὶ
3131 4608 3319 4680 τυχεῖν
3342 4605 3452 4659 τῶν
3483 4607 3651 4675 ἐπηγ-

2070 4705 2349 4777 γελμένων
2384 4701 2637 4773 ἀγαθῶν·
2677 4694 2753 4757 ὧν
2795 4702 3008 4771 γένοιτο
3043 4701 3251 4763 πάντας
3281 4699 3426 4770 ἡμᾶς
3454 4700 3645 4751 ἐπιτυο

2071 4798 2211 4866 χεῖν,
2264 4794 2449 4866 χάριτι
2499 4793 2596 4847 καὶ
2653 4790 3035 4862 φιλανθρωπίᾳ
3081 4790 3174 4844 τοῦ
3226 4787 3429 4859 Κυρίου
3485 4786 3646 4857 ἡμῶν

2083 4884 2257 4956 Ἰησοῦ
2306 4882 2564 4956 Χριστοῦ,
2611 4882 2732 4954 μεθ’
2779 4876 2840 4936 οὗ
2883 4881 2961 4952 τῷ
2993 4881 3168 4952 Πατρὶ
3217 4879 3332 4951 ἅμα
3380 4878 3459 4950 τῷ
3505 4877 3646 4949 ἁγίῳ

2071 4978 2349 5048 Πνεύματι
2383 4975 2531 5041 δόξα,
2568 4975 2792 5046 κράτος,
2832 4971 2991 5045 τιμὴ,
3043 4971 3139 5027 νῦν
3171 4972 3265 5027 καὶ
3294 4972 3403 5038 ἀεὶ,
3434 4971 3531 5025 καὶ
3563 4970 3642 5034 εἰς

2069 5073 2194 5132 τοὺς
2224 5067 2426 5130 αἰῶνας
2451 5065 2559 5119 τῶν
2580 5064 2815 5122 αἰώνων.
2859 5064 3054 5137 Ἀμήν.
3636 5050 3643 5057 ’

2130 5267 2155 5340 ξ
2179 5264 2620 5340 §9vililegendllm
2643 5266 2837 5340 gpnjici}
2859 5266 3167 5340 ἐπιτρέπομεν
3197 5264 3356 5328 εὐχὴν,
3379 5262 3513 5314 ἀλλ’.

2130 5327 2157 5367 1ο
2189 5327 2274 5390 Ms.
2298 5337 2351 5376 el.
2374 5327 2527 5390 marg.
2555 5328 2704 5377 Savil.
2721 5327 2747 5387 ,⁷
2768 5328 2865 5376 τῶν
2886 5327 3220 5390 προεστώτων.

2134 5392 2154 5417 υ
2186 5389 2294 5448 Μελ,
2312 5388 2661 5451 παροξύνοντες.
