4122 6226
474 260 582 313 405

1157 270 1216 324 S.
1259 265 1550 324 IOANNIS
1588 263 2075 321 CIIRYSOSTOMI
2116 265 2434 320 AIHZIIIEP.
2469 263 3012 320 CONSTANTINOP.
3624 265 3728 318 ιυίί

1945 650 2189 703 UMIAIA
2226 649 2298 702 Γ.

492 807 554 858 Ἠ
591 806 697 884 γὰρ
724 802 1024 884 καύχησις
1063 802 1232 884 ἠμῷν
1251 805 1426 884 αὕτη.
1442 805 1592 884 ἐστὶ,
1621 805 1689 884 τὸ
1727 804 2051 884 μαρτύριοκ

551 873 660 939 τῆς
700 873 1108 940 συνειδήσεως
1154 873 1341 941 ἡμῶν,
1395 874 1483 926 ὅτι
1528 875 1596 926 ἐν
1624 875 1913 938 ἁπλότητι
1952 873 2050 924 καὶ

549 942 914 1012 είλικρινείςι,
967 946 1075 994 οὐκ
1127 943 1194 1012 ἐν
1232 945 1415 1012 σοφίᾳ
1465 943 1742 1012 σαρκικῇ,
1797 943 1933 996 ἀλλ’
1983 943 2052 995 ἐν

548 1012 742 1082 χάριτι
778 1011 924 1065 Θεοῦ
955 1011 1415 1081 ἀνεστράφημεν
1441 1015 1512 1067 ἐν
1538 1011 1617 1078 τῷ
1653 1015 1874 1082 κόσμῳ.

541 1173 610 1221 α’.
629 1165 887 1220 Ἐνταῦθα
903 1167 1064 1221 πάλιν
1077 1168 1171 1220 καὶ
1186 1168 1378 1238 ἑτέραν
1391 1169 1784 1238 παρακλήσεως
1799 1167 2052 1222 ὑπόθεσιν

475 1259 538 1313 οὐ
569 1259 769 1329 μικράν
802 1260 932 1328 ἡμῖν
964 1259 1357 1321 ἀνακαλύπτει,
1407 1259 1544 1311 ἀλλά
1580 1261 1671 1312 καλ⁸
1704 1259 1907 1328 σφόδρα
1957 1276 2054 1325 με-

477 1348 671 1418 γάλην,
703 1349 797 1402 καὶ
823 1347 1012 1419 ἱκανὴν
1037 1349 1347 1418 ἀνορθῶσαι
1382 1348 1622 1403 διάνοιαν
1657 1350 1761 1402 ὐπὸ
1791 1349 2051 1404 κινδύνων

479 1438 900 1510 βαπτιζομένην.
939 1441 1155 1511 Ἐπειδὴ
1179 1440 1286 1511 γὰρ
1308 1437 1481 1500 εἶπεν.
1510 1442 1592 1494 ότι
1630 1442 1694 1495 ’0
1728 1441 1870 1507 Θεὸς
1893 1439 2054 1511 ἡμᾶς

474 1531 790 1599 ἐρρύσατο,
818 1533 912 1586 καὶ
940 1536 1054 1596 τοῖς
1071 1535 1378 1603 οίκτιρμοῖς
1404 1533 1568 1586 αὐτοῦ
1603 1533 1698 1585 καλ⁵
1721 1535 1839 1596 ταῖς
1863 1532 2052 1602 εὐχαῖς

475 1622 680 1676 τούτων
699 1624 759 1676 τὺ
789 1626 895 1677 πᾶν
917 1625 1178 1695 ἀνέθηκεν
1198 1643 1211 1656 ο
1241 1625 1330 1678 ἴνα
1363 1627 1435 1695 μὴ
1459 1624 1633 1696 ταύτῃ
1661 1625 1749 1678 τὸν
1773 1624 2052 1695 ἀκροατὴν

475 1711 666 1767 ὕπτιον
690 1715 996 1786 ποιήσῃ,τῷ
1008 1715 1144 1785 ἐλέῳ
1157 1714 1248 1767 τοῦ
1271 1715 1408 1768 Θεοῦ
1427 1717 1586 1786 μόνον
1605 1717 1696 1767 καί
1709 1717 1827 1776 ταῖς
1850 1716 2052 1786 ἑτέρων

474 1807 663 1875 εὐχαῖς
699 1804 1027 1877 θαρροῦντα,
1060 1806 1333 1858 δείκνυσιν
1358 1807 1442 1858 ὅτι
1469 1807 1562 1858 καὶ
1583 1805 1736 1859 αὐτοὶ
1763 1806 1823 1859 οὐ
1857 1807 2052 1876 μικρὸν

472 1897 684 1952 οἴκοθεν
729 1900 1176 1970 συνεισήνεγκαν.
1222 1901 1330 1953 Καὶ
1361 1901 1597 1971 ἐδήλωσε
1631 1900 1730 1970 μὲν
1776 1901 1907 1954 αὐτὸ
1957 1902 2050 1955 καὶ

473 1989 784 2060 ἔμπροσθεν
819 1989 1010 2054 εἲπὼν,
1037 1991 1120 2044 ὅτι
1149 1991 1354 2057 Καθὼς
1381 1992 1726 2058 περισσεύει
1759 1992 1831 2046 τὰ
1859 1993 2051 2061 παθή-

467 2098 627 2150 ματα
652 2083 756 2136 τοῦ
776 2085 1054 2150 Χριστοῦ,
1100 2085 1444 2151 περισσεύει
1473 2085 1571 2138 καὶ
1600 2087 1639 2154 ἡ
1670 2086 2050 2153 παράκλησις

471 2173 675 2242 ἡμῶνο
703 2175 936 2230 ἐνταῦθα
965 2177 1024 2230 δὲ
1048 2177 1142 2231 καὶ
1165 2177 1350 2248 ἔτερόν
1370 2195 1423 2232 τι
1452 2177 1600 2246 λέγει
1629 2180 1827 2232 οίκεῖον
1856 2179 2049 2250 κατόρ-

471 2265 652 2338 θωμα.
688 2269 848 2324 Ποῖον
887 2270 950 2341 δὴ
992 2270 1188 2335 τοῦτο;
1244 2273 1368 2323 Ὅτι
1418 2272 1478 2324 ὲν
1511 2271 1736 2342 καθαρῷ
1783 2273 2048 2325 συνειδότι

470 2357 764 2428 καὶ·ἀδόλῳ
787 2359 1065 2428 πανταχοῦ
1096 2359 1194 2429 τῆς
1217 2360 1545 2430 οἰκουμένης
1573 2360 2044 2432 ἀναστρεφόμεθα,

469 2447 655 2517 φησίν.
699 2448 774 2502 οὐ
805 2450 999 2520 μικρὸν
1039 2450 1098 2503 δὲ
1124 2450 1282 2504 τοῦτο
1307 2452 1438 2521 ἡμῖν
1467 2453 1548 2514 είς
1577 2452 1931 2522 παραμυθίαν
1953 2453 2048 2506 καὶ

469 2539 848 2610 παράκλησιν·
903 2539 1104 2610 μᾶλλον
1136 2541 1193 2594 δὲ
1224 2542 1326 2594 οὐκ
1354 2543 1434 2604 είς
1469 2541 1825 2613 »παράκλησιν
1861 2542 2045 2613 μόνον,

467 2628 604 2684 ἀλλά
631 2630 724 2684 καὶ
761 2631 842 2694 είς
882 2631 1090 2701 ἕτερον,
1134 2631 1163 2684 δ
1195 2630 1377 2702 πολλῷ
1415 2631 1600 2702 μεῖζον
1627 2632 1725 2701 τῆς
1757 2631 2047 2704 παρακλή-

469 2719 609 2785 σεώς
635 2723 771 2789 ἐστι,
805 2724 897 2775 καὶ
923 2725 1004 2787 είς
1028 2723 1316 2794 καύχησιν.
1351 2723 1540 2778 Ταῦτα
1563 2723 1624 2777 δὲ
1654 2725 1828 2794 ἔλεγε,
1859 2727 2048 2780 κάκεί-

468 2828 594 2876 νους
627 2812 902 2868 παιδεύων
927 2816 983 2868 ὲν
1008 2820 1131 2880 ταῖς
1163 2817 1375 2887 θλίψεσι
1403 2820 1478 2890 μὴ
1503 2821 1888 2886 καταπίπτειν,
1913 2821 2048 2876 άλλά

468 2903 566 2954 καὶ
595 2902 1010 2973 ὲναϐρύνεσθαι,
1042 2907 1172 2960 ὅταν
1209 2907 1447 2978 καθαρὸν
1473 2909 1636 2978 ἔχωσι
1670 2912 1928 2978 συνειδὸς,
1955 2912 2047 2965 καὶ

468 2991 572 3064 ὴρέ
579 3011 654 3064 μα
665 2995 1080 3066 καθαπτόμενος
1099 2997 1206 3050 τῶν
1226 2999 1396 3068 ψευδα
1405 2999 1698 3052 ποστόλων.
1732 3001 1839 3054 Καὶ
1859 3001 2047 3074 ὥσπερ

469 3087 528 3138 ὲν
564 3090 631 3158 τῇ
682 3087 926 3159 προτέρᾳ
961 3089 1147 3160 φησὶν,
1179 3090 1261 3143 ὅτι
1307 3090 1656 3144 Ἀπέστειλε
1684 3108 1761 3160 με
1793 3092 2048 3160 Χριστός

467 3177 968 3248 εὐαγγελίζεσθαι,
1011 3181 1119 3233 οὐκ
1147 3181 1214 3233 ἐν
1243 3185 1429 3249 σοφίᾳ
1461 3181 1667 3249 λόγου,
1699 3182 1800 3234 ἵνα
1836 3182 1918 3250 μὴ
1949 3199 2046 3236 κε-

467 3268 630 3338 νωθῇ
661 3272 695 3324 ό
719 3271 982 3340 σταυρὸς
1008 3271 1114 3325 τοῦ
1148 3272 1406 3340 Χριστοῦ
1427 3289 1442 3304 ο
1467 3273 1583 3333 καὶ,
1615 3273 1749 3327 Ἵνα
1775 3275 1814 3342 ἡ
1843 3276 2047 3342 πίστις

467 3358 634 3428 ὑμῶν
661 3360 748 3429 μὴ
776 3355 820 3432 ᾖ
851 3361 920 3414 ἐν
947 3361 1134 3430 σοφίᾳ
1165 3360 1508 3428 ἀνθρώπων,
1541 3361 1678 3416 ἀλλ’
1707 3363 1778 3416 ἐν
1801 3363 2047 3433 δυνάμει

472 3449 648 3504 Θεοῦο
698 3451 841 3504 οὓτω
890 3452 983 3504 καὶ
1034 3451 1268 3506 ἐνταῦθά
1322 3469 1506 3522 φησιν·
1554 3455 1675 3508 Οὐκ
1721 3455 1792 3508 ἐν
1834 3456 2044 3524 σοφίᾳ,

465 3541 603 3594 ἀλλ’
629 3542 700 3595 ἐν
732 3541 926 3611 χάριτι
979 3543 1253 3610 Χριστοῦ.
1297 3546 1405 3597 Καὶ
1433 3545 1618 3617 ἕτερον
1658 3546 1715 3599 δέ
1749 3567 1799 3601 τι
1830 3548 2048 3621 ᾐνίξατο

467 3631 660 3698 εἰπὼν,
681 3635 803 3688 Οὐκ
823 3635 894 3688 ἐν
923 3636 1130 3704 σοφίᾳ,
1160 3636 1462 3703 τουτέστιν,
1491 3638 1591 3691 οὐκ
1633 3641 1691 3692 ὲν
1716 3641 1918 3714 ἀπάτῃ,
1953 3642 2046 3694 καὶ

467 3724 644 3798 ταύτῃ
671 3725 876 3796 βάλλων
915 3726 1014 3798 τὴν
1047 3726 1152 3790 ἔξω
1183 3726 1485 3782 παίδευσιν.
1530 3729 1591 3784 Ἡ
1617 3729 1728 3801 γὰρ
1749 3733 2046 3802 καύχησις

467 3817 638 3887 ἡμῶν
670 3819 821 3887 αὕτη
853 3819 1005 3885 ἐστὶ,
1035 3821 1187 3889 φησὶ,
1229 3819 1298 3873 τό
1323 3822 1652 3890 μαρτύριον
1699 3822 1809 3892 τῆς
1840 3837 2045 3878 συνει-

466 3908 703 3978 δήσεως
727 3909 916 3980 ἡμῶν·
940 3912 1238 3975 τουτέστιν,
1266 3911 1330 3964 Ἢ
1349 3912 1657 3984 συνείδησις
1685 3913 1836 3986 442]
1867 3916 1898 3985 ἡ
1908 3915 2042 3985 μῶν,

467 4002 567 4055 οὐκ
618 4002 815 4072 ἔχουσα
855 4003 1006 4073 ἡμᾶς
1051 4001 1459 4069 καταδικάζειν,
1515 4004 1590 4068 ώς
1646 4006 1738 4058 ἐπὶ
1793 4011 2047 4078 πονηροῖς

468 4093 791 4164 πράγμασιν
821 4095 1231 4163 ἐλαυνομένους.
1267 4094 1385 4148 Κάν
1414 4095 1523 4167 γάρ
1549 4097 1716 4167 μυρία
1747 4098 2046 4170 πάσχωμεν

465 4185 635 4247 δεινά,
677 4186 782 4240 κᾶν
817 4187 1079 4240 πάντοθεν
1111 4186 1438 4258 βαλλώμεθα
1484 4188 1576 4241 καὶ
1623 4188 2043 4261 κινδυνεύωμεν,

468 4277 632 4346 ἀρκεῖ
674 4279 753 4340 είς
788 4278 1142 4350 παραμυθίαν
1175 4279 1328 4348 ἡμῖν,
1363 4279 1563 4349 μᾶλλον
1585 4279 1641 4332 δὲ
1680 4282 1741 4334 οὐ
1778 4283 1937 4352 μόνον
1967 4286 2046 4348 εἰς

469 4368 844 4438 παραμυθίαν,
877 4370 1013 4424 ἀλλά
1047 4372 1140 4425 καὶ
1179 4373 1258 4436 εἰς
1288 4373 1347 4425 τὸ
1387 4373 1804 4443 στεφανοῦσθαι,
1836 4375 1894 4430 τὸ
1924 4394 2046 4430 συν-

467 4458 629 4523 ειδὸς,
657 4460 896 4532 καθαρὸν
933 4461 991 4514 ὃν
1029 4463 1124 4515 καὶ
1157 4463 1468 4534 μαρτυροῦν
1507 4467 1658 4536 ἡμῖν,
1683 4466 1762 4520 ὅτι
1805 4467 1872 4521 δι’
1895 4467 2045 4522 οὐδὲν

468 4551 726 4622 πονηρὸν,
749 4551 884 4605 ἀλλά
905 4551 993 4604 διὰ
1018 4553 1078 4606 τὺ
1099 4552 1176 4624 τῷ
1199 4553 1318 4623 Θεῷ
1340 4555 1529 4607 δοκοῦν
1551 4555 1722 4609 ταῦτα
1744 4556 2044 4627 πάσχομεν,

466 4639 534 4694 δι’
559 4641 779 4712 ἀρετὴν,
811 4641 899 4695 διά
923 4642 1261 4712 φιλοσοφίαν,
1280 4643 1367 4696 διά
1387 4644 1487 4714 τὴν
1509 4646 1617 4697 τῶν
1644 4647 1854 4700 πολλῶν
1879 4665 2051 4718 σωτη-

467 4732 614 4802 ρίαν.
655 4734 870 4805 Ἑκείνη
919 4734 1016 4805 μὲν
1053 4729 1204 4805 οὖνὴ
1252 4733 1492 4804 προτέρα
1519 4735 1866 4807 παράκλησις
1900 4743 2049 4811 παρά

466 4821 560 4875 τοῦ
587 4823 722 4877 Θεοῦ
752 4821 850 4897 ἦν·
895 4825 1036 4896 αῦτη
1069 4825 1125 4879 δὲ
1159 4826 1290 4896 παρ’
1326 4824 1506 4878 αὐτῶν
1557 4825 1652 4878 καὶ
1676 4827 1776 4897 τῆς
1800 4828 1895 4881 τοῦ
1928 4830 2044 4899 βίου

468 4911 842 4985 καθαρότητος
884 4915 1256 4985 συνεισήγετο.
1295 4914 1386 4968 Διὸ
1432 4913 1528 4968 καὶ
1566 4913 1833 4986 καύχησιν
1874 4918 2045 4990 αὐτὴν

467 5001 644 5067 καλεῖ,
682 5005 764 5056 ὅτι
788 5006 886 5076 τῆς
917 5007 1128 5070 οἰκείας
1151 5008 1336 5062 αὐτῶν
1365 5009 1567 5081 ἀρετῆς
1592 5009 1925 5082 κατόρθωμα
1953 5007 2041 5083 ἦν.

465 5094 566 5160 Τίς
603 5089 696 5148 οῦν
726 5096 874 5149 ἐστιν
905 5099 937 5168 ὴ
977 5098 1268 5167 καύχησις,
1313 5101 1407 5153 καὶ
1436 5101 1489 5153 τί
1526 5105 1797 5172 μαρτυρεῖ
1824 5105 1957 5174 ἡμῖν
1985 5105 2046 5158 τὸ

469 5188 705 5252 συνειδὸς
749 5187 930 5258 ἡμῶν,
975 5189 1101 5241 Ὀτι
1136 5189 1206 5241 ἑν
1233 5191 1525 5258 ἁπλότητι
1558 5194 1654 5248 καὶ
1699 5196 1769 5248 ἑν
1798 5201 2044 5265 εἱλικρι-

464 5282 632 5349 νείᾳ;
659 5279 968 5344 Τουτέττιν,
1015 5279 1169 5332 οὐδὲν
1203 5280 1438 5350 δολερὸν,
1470 5285 1567 5353 οὐχ
1599 5286 1914 5358 ὑπόκρισιν,
1944 5291 2045 5345 οὐκ

463 5373 768 5446 εἰρωνείαν,
792 5373 851 5426 οὐ
885 5371 1194 5437 κολακείαν,
1227 5374 1328 5427 οὐκ
1357 5374 1650 5446 ἐπιϐουλὴν
1679 5381 1772 5432 καὶ
1801 5383 2039 5456 ἀπάτην,

462 5466 566 5516 οὐκ
603 5465 729 5518 ἄλλο
761 5482 814 5518 τι
853 5465 960 5518 τῶν
1011 5465 1270 5518 τοιούτων
1297 5465 1470 5530 οὐδὲν,
1517 5468 1630 5521 ἀλλ’
1660 5470 1718 5524 ἐν
1755 5472 2038 5547 ἐλευθερία

466 5555 638 5627 πάσῃ,
675 5557 732 5608 ὲν
757 5557 1037 5629 ἁπλότητι,
1069 5560 1126 5612 ὲν
1159 5559 1404 5630 ἀληθείᾳ,
1431 5562 1488 5613 ἐν
1528 5562 1743 5633 καθαρᾷ
1779 5567 1872 5619 καὶ
1904 5569 2038 5621 ἀπο-

468 5647 616 5718 νὴρῳ
646 5649 857 5721 γνώμῃ,
894 5652 950 5704 ἐν
994 5650 1163 5705 ἀδόλω
1197 5651 1424 5711 διανοία.
1451 5651 1603 5704 οὐδὲν
1650 5653 1864 5721 ἔχοντες
1909 5674 2037 5710 συν-

2154 803 2532 872 εσκιασμένον,
2554 805 2676 858 οὐδὲ
2705 805 2953 860 ῦπουλον.
2983 806 3102 858 Οὐκ
3131 805 3201 859 ἐν
3228 804 3413 874 σοφίᾳ
3438 805 3720 874 σαρκικῇ.

2152 895 2464 959 Τουτέστιν,
2500 897 2601 950 οὐκ
2637 899 2696 948 ἐν
2742 899 3045 968 κακουργίᾳ
3073 896 3193 949 οὐδὲ
3228 897 3481 968 πονηρία,
3515 899 3631 950 οὐδὲ
3663 901 3722 951 ἐν

2150 985 2414 1055 δεινότητι
2436 988 2610 1055 λόγων
2634 987 2667 1059 ἢ
2702 989 2761 1040 ὲν
2790 988 3076 1058 συμπλοκῇ
3115 990 3466 1058 σοφισμάτων
3485 1005 3498 1018 ·
3523 988 3722 1056 ταύτην

2150 1077 2258 1146 γάρ
2279 1077 2426 1146 λέγει
2454 1079 2644 1146 σοφίαν
2667 1081 2956 1150 σαρκικήν.
2979 1079 3086 1132 Καὶ
3111 1078 3194 1146 ἐφ’
3226 1073 3269 1146 ᾧ
3295 1079 3438 1148 μέγα
3463 1079 3720 1149 ἐφρόνουν

2151 1167 2369 1230 ὲκείνοι,
2389 1167 2546 1221 τοῦτο
2564 1163 2717 1232 οὗτος
2735 1171 2974 1241 ἀρνεῖται
2991 1169 3085 1222 καὶ
3100 1167 3397 1233 διωθεῖται,
3418 1167 3634 1232 δεικνὺς
3655 1171 3723 1220 ἐκ

2151 1257 2349 1311 πολλοῦ
2379 1259 2474 1312 τοῦ
2497 1263 2781 1332 περιόντος
2803 1261 2904 1314 οὐκ
2927 1260 2986 1313 ὃν
3015 1259 3164 1324 ἄξιον
3196 1260 3518 1329 καυχήσεως
3541 1259 3720 1324 τοῦτο,

2150 1350 2245 1402 καὶ
2274 1349 2354 1402 ὅτι
2379 1351 2439 1402 οὐ
2478 1350 2636 1420 μόνον
2657 1350 2789 1404 αὐτὸ
2817 1351 2878 1403 οὐ
2903 1349 3074 1420 ζητεῖ,
3109 1349 3244 1402 ἀλλὰ
3265 1349 3359 1404 καὶ
3378 1348 3720 1418 διακρούεται

2152 1442 2246 1494 καὶ
2272 1443 2682 1511 ἐπαισχύνεται.
2735 1441 2900 1496 Ἀλλ’
2932 1442 3002 1494 ἐν
3030 1440 3224 1510 χάριτι
3249 1439 3396 1494 Θεοῦ
3428 1438 3719 1507 ἁνεστρὰο

2149 1549 2348 1602 φημεν
2388 1534 2458 1586 ἐν
2483 1534 2564 1598 τῷ
2599 1536 2824 1602 κόσμῳ.
2869 1533 2935 1586 Τί
2961 1534 3131 1590 ἐστιν.
3175 1533 3270 1585 Ἐν
3299 1531 3492 1600 χάριτι
3522 1531 3670 1585 Θεοῦ
3698 1547 3718 1592 ;

2151 1623 2262 1693 Τὴν
2284 1626 2414 1694 παρ’
2437 1623 2601 1678 αὐτοῦ
2625 1625 2838 1693 σοφίαν,
2863 1623 2961 1694 τὴν
2983 1623 3112 1694 παρ’
3133 1621 3297 1676 αὐτοῦ
3320 1621 3548 1692 δύναμιν
3571 1621 3721 1673 δεδο-

2153 1716 2318 1786 μένην
2344 1720 2478 1786 ἡμῖν
2514 1717 2912 1787 ἐνδεικνύμενοι
2941 1715 3031 1769 διά
3056 1715 3164 1768 τῶν
3203 1714 3468 1784 σημείων,
3512 1711 3599 1766 διά
3626 1710 3720 1764 τοῦ

2150 1803 2531 1875 περιγενέσθαι
2558 1804 2758 1874 σοφῶν,
2789 1803 3054 1874 ρητόρων,
3083 1801 3408 1870 φιλοσόφων,
3437 1799 3718 1870 βασιλέων,

2147 1899 2356 1968 δήμων,
2407 1896 2614 1950 ἰδιῶται
2647 1895 3024 1964 τυγχάνοντες,
3055 1892 3150 1945 καὶ
3180 1892 3344 1962 μηδὲν
3386 1891 3484 1961 τῆς
3519 1890 3720 1956 ἔξωθεν

2153 1989 2340 2058 σοφίας
2369 1987 2774 2058 ἐπιφερόμενοι.
2816 1986 2928 2054 Οὐχ
2957 1985 2990 2055 ἡ
3016 1983 3251 2054 τυχοῦσα
3288 1984 3343 2036 δὲ
3367 1982 3507 2051 αὐτη
3539 1983 3720 2051 παρά-

2149 2081 2342 2151 κλησίς
2371 2098 2430 2133 τε
2454 2080 2547 2132 καλ⁸
2579 2078 2846 2148 καύχησις
2871 2075 2968 2130 τοῦ
3005 2075 3300 2130 συνειδέναι
3318 2087 3344 2115 α
3375 2077 3608 2137 ἑαυτοῖς,
3637 2074 3722 2126 ὅτι

2148 2175 2249 2228 οὐκ
2285 2171 2599 2243 ἀνθρωπίνῃ
2639 2171 2868 2239 δυνάμει
2891 2167 3207 2239 ἐκέχρηντο,
3231 2165 3367 2220 ἀλλά
3391 2166 3510 2236 θείᾳ
3538 2166 3724 2236 χάριτι

2151 2266 2327 2320 πάντα
2367 2263 2702 2334 κατώρθουν.
2763 2263 2860 2313 Ἑν
2901 2258 2980 2325 τῷ
3027 2260 3252 2327 κόσμῳ.
3299 2257 3484 2319 Οὕτως
3531 2257 3632 2309 οὐκ
3663 2258 3722 2308 ὲν

2149 2355 2399 2428 Κορίνθῳ
2441 2355 2621 2426 μόνον,
2647 2353 2783 2407 ἀλλά
2815 2351 2910 2404 καὶ
2938 2348 3214 2419 πανταχοῦ
3245 2349 3343 2416 τῆς
3375 2345 3719 2416 οἰκουμένης.

2149 2447 2596 2517 Περισσοτέρως
2642 2443 2712 2498 δὲ
2764 2442 2914 2511 πρός
2963 2441 3140 2511 ὑμᾶς.
3197 2439 3261 2492 Τί
3323 2439 3721 2510 περισσοτέρως

2151 2541 2287 2612 πρὸς
2317 2541 2488 2610 ὐμᾶςς
2533 2538 2636 2591 'Er
2670 2536 2863 2605 χάριτι
2897 2535 3045 2588 Θεοῦ
3089 2532 3569 2601 ἀνεστράφημεν.
3613 2529 3722 2582 Καὶ

2148 2633 2258 2703 γάρ
2301 2633 2505 2701 σημεῖα
2553 2629 2647 2682 καὶ
2675 2628 2930 2698 θαύματα
2967 2628 3098 2697 παρ’
3132 2625 3260 2696 ὐμίν
3303 2621 3720 2694 ἐπεδειξάμεθα,

2149 2723 2244 2777 καὶ
2264 2721 2484 2774 πλείονα
2502 2717 2786 2788 ἀκρίϐειαν
2809 2717 2900 2770 καὶ
2930 2715 3045 2785 βίον
3074 2713 3332 2783 ἄληπτον.
3358 2711 3469 2764 Καὶ
3497 2708 3605 2779 γάρ
3627 2709 3721 2761 καὶ

2147 2805 2307 2867 τοῦτο
2329 2812 2488 2882 χάριν
2521 2809 2657 2862 Θεοῦ
2686 2809 2860 2867 καλεῖ,
2898 2808 2992 2860 καὶ
3019 2805 3088 2858 τά
3125 2806 3301 2858 οἰκεῖα
3321 2799 3721 2872 κατορθώματα

2147 2905 2285 2974 αὐτῇ
2312 2900 2680 2971 λογιζόμενος.
2719 2900 2865 2952 Ἐκεῖ
2889 2896 2996 2968 γὰρ
3023 2895 3118 2950 καὶ
3143 2895 3209 2948 τά
3236 2893 3534 2964 σκάμματα
3556 2891 3722 2960 ὐπερ-

2148 2995 2267 3068 έ6η,
2316 2994 2589 3048 ἀδάπανον
2641 2990 2809 3055 τιθεὶς
2868 2989 2928 3043 τὸ
2977 2987 3331 3057 Εὐαγγέλιον,
3369 2985 3456 3039 διά
3518 2985 3578 3036 τὸ
3620 2983 3720 3052 τῆς

2146 3085 2430 3148 ἀσθενείας
2451 3083 2629 3137 αὐτῶν
2657 3081 2951 3152 φείδεσθαι.
2980 3082 3062 3134 Οὐ
3089 3083 3198 3149 γὰρ
3224 3079 3385 3132 ἄλλα
3423 3076 3723 3146 ’γράφομεν

2145 3179 2309 3249 ὑμῖν,
2335 3179 2472 3233 ἀλλ’
2501 3177 2539 3245 ἣ
2563 3175 2600 3230 ά
2619 3174 3060 3245 ἀναγινώσκετε
3087 3173 3124 3240 ἢ
3156 3172 3255 3225 καὶ
3279 3169 3718 3240 ἐπιγινώσκετε.

2159 3270 2379 3342 Ἐπειδὴ
2428 3270 2538 3340 γὰρ
2587 3267 2799 3339 μεγάλα
2841 3265 3142 3336 ἐφθέγξατο
3177 3264 3318 3332 ὑπὲρ
3367 3260 3579 3325 ἑαυτοῦ,
3629 3258 3724 3312 καὶ

2149 3364 2324 3429 ἔδοξεν
2369 3361 2548 3432 ἑαυτῷ
2598 3361 2918 3432 μαρτυρεῖν,
2959 3357 3096 3427 ὅπερ
3128 3353 3196 3425 ἦν
3239 3354 3515 3424 φορτικὸν,
3560 3351 3722 3406 πάλιν

2149 3459 2344 3521 αὐτοὺς
2390 3455 2628 3524 παράγει
2670 3453 2952 3523 μάρτυρας
2975 3449 3082 3502 τῶν
3122 3448 3451 3518 λεγομένων.
3487 3446 3578 3514 Μὴ
3613 3444 3723 3513 γάρ

2147 3567 2231 3612 τις
2275 3548 2542 3620 νομιζέτω
2586 3543 2929 3616 πραγμάτων
2975 3536 3115 3595 εἶναι
3159 3541 3366 3609 κόμπον
3391 3538 3418 3576 δ
3461 3536 3528 3589 τά
3561 3534 3719 3601 λεγό-

2151 3658 2308 3712 μενα,
2333 3639 2492 3710 φησί’
2523 3637 2696 3691 ταῦτα
2717 3635 2824 3706 γὰρ
2852 3636 2979 3706 ὐμῖν
3009 3631 3288 3702 δηλοῦμεν,
3323 3629 3358 3682 δ.
3385 3627 3536 3681 αὐτοὶ
3557 3626 3717 3694 ὑμεῖς

2149 3735 2264 3787 ἴστε
2285 3747 2296 3756 ’
2340 3732 2436 3784 καὶ
2469 3731 2551 3784 ὅτι
2579 3729 2638 3783 οὐ
2662 3725 2814 3799 [445]
2842 3723 3165 3795 ψευδόμεθα,
3190 3721 3294 3791 πρὸ
3315 3718 3422 3771 τῶν
3446 3715 3616 3771 ἄλλων
3648 3715 3717 3767 ἂν

2148 3825 2279 3895 ἡμῖν
2316 3821 2718 3894 μαρτυρήσετε.
2772 3814 3259 3885 ’Λναγινώσκοντες
3306 3810 3413 3880 γὰρ
3461 3805 3716 3874 ἐπιγινώ-

2155 3930 2330 3976 σκετε,
2373 3913 2452 3966 ὅτι
2495 3911 2532 3966 ἃ
2562 3909 2779 3964 σύνιστε
2804 3910 2935 3980 ἡμῖν
2959 3908 3016 3960 ὲν
3047 3907 3158 3968 τοῖς
3190 3903 3392 3975 ἔργοις,
3424 3899 3593 3952 ταῦτα
3621 3897 3718 3950 καὶ

2147 4010 2206 4060 ὲν
2259 4007 2370 4068 τοῖς
2423 4003 2705 4075 γράμμασι
2755 4001 3028 4069 λέγομεν·
3087 3997 3184 4049 καὶ
3233 3996 3334 4048 οὐκ
3385 3990 3720 4046 ἐναντιοῦται

2148 4099 2350 4170 ὐμῶνὴ
2375 4095 2651 4168 μαρτυρία
2681 4096 2800 4158 ταῖς
2849 4089 3215 4152 Ἐπιστολαῖς,
3239 4087 3376 4142 ἀλλά
3401 4085 3614 4156 συνᾴδει
3651 4085 3716 4151 τῇ

2147 4190 2450 4261 ἀναγνώσει
2511 4190 2546 4260 ἡ
2591 4188 2815 4258 γνῶσις,
2863 4186 2930 4255 ἣν
2961 4182 3324 4254 προλαϐόντες
3366 4180 3539 4250 εἴχετε
3593 4177 3720 4245 περὶ

2146 4284 2323 4356 ἡμῶν.
2375 4280 2580 4347 Καθὼς
2623 4279 2721 4334 καὶ
2773 4277 3067 4346 ἐπέγνωτε
3118 4271 3276 4342 ἡμᾶς
3326 4270 3445 4326 ἀπὸ
3477 4267 3715 4339 μέρους.

2148 4375 2281 4429 Οὐδὲ
2318 4373 2425 4444 γάρ
2473 4374 2532 4440 ἐξ
2580 4371 2750 4442 ἀκοῆς
2785 4371 2920 4432 ῑστε,
2961 4367 3115 4438 φησὶ,
3147 4366 3216 4419 τὰ
3249 4363 3370 4418 καθ’
3396 4365 3563 4434 ἡμᾶς,
3602 4359 3717 4414 ἀλλ’

2148 4470 2240 4523 ἀπ’
2273 4468 2442 4535 αὐτῆς
2471 4467 2569 4533 τῆς
2603 4463 2816 4534 πείρας.
2840 4461 2914 4515 Τδ
2945 4459 3024 4524 δὲ,
3067 4458 3202 4512 Ἀπὸ
3230 4455 3475 4526 μέρους,
3501 4451 3720 4525 μετριά-

2148 4560 2256 4624 ζων
2284 4555 2454 4611 εἶπεν.
2505 4556 2665 4618 Ἔθος
2699 4555 2808 4624 γάρ
2838 4551 2986 4622 αὐτῷ
3027 4549 3204 4613 τοῦτο,
3241 4547 3460 4600 ἐπειδὰν
3500 4546 3641 4616 μέγα
3665 4562 3720 4596 τι

2147 4650 2448 4723 φθέγξηται
2486 4647 2920 4716 κατεπειγούσης
2969 4646 3212 4710 ἀνάγκης
3261 4640 3422 4702 (οὐδὲ
3478 4638 3588 4707 γὰρ
3621 4637 3718 4690 άλ-

2143 4746 2250 4810 λως
2285 4743 2415 4798 αὐτὸ
2465 4744 2658 4812 ποιεῖ),
2713 4741 2922 4811 ταχέως
2977 4737 3283 4793 συστέλλειν
3317 4733 3480 4785 πάλιν
3525 4730 3615 4784 τὸν
3653 4729 3719 4781 ὲκ

2143 4840 2250 4893 τῶν
2295 4837 2601 4908 εἰρημένων
2637 4835 2800 4903 ὄγκον
2851 4833 3188 4904 βουλόμενος.
3231 4824 3473 4885 Ἐλπίζω
3516 4823 3585 4878 δὲ
3625 4822 3718 4876 ὅτι

2141 4932 2241 4986 καὶ
2269 4931 2380 4999 ἕως
2405 4929 2621 4996 τέλους
2643 4926 3048 4996 ἐπιγνώσεσθε

2216 5113 2282 5183 β’.
2303 5109 2456 5178 Εἶδες
2479 5110 2644 5167 πάλιν
2674 5110 2781 5164 ἀπὸ
2817 5110 2924 5162 τῶν
2954 5106 3331 5180 παρελθόντων
3351 5105 3422 5159 τὰ
3453 5103 3713 5176 μέλλοντα

2143 5207 2520 5276 πιστούμενον,
2563 5205 2658 5257 καὶ
2698 5203 2798 5255 οὐκ
2831 5200 2939 5255 ἀπὸ
2974 5201 3084 5254 τῶν
3117 5197 3496 5270 παρελθόντων
3529 5197 3716 5268 μόνον,

2142 5297 2278 5352 ἀλλά
2326 5300 2422 5350 καὶ
2473 5294 2580 5349 ἀπὸ
2629 5297 2727 5365 τῆς
2774 5293 2867 5347 τοῦ
2919 5291 3055 5346 Θεοῦ
3099 5291 3416 5361 δυνάμεως;
3471 5287 3546 5341 Οὐ
3606 5286 3717 5354 γάρ

2148 5391 2331 5454 ἁπλῶς
2352 5389 2683 5460 ἀπεφήνατο,
2714 5386 2849 5440 ἀλλά
2878 5385 2939 5440 τὸ
2968 5386 3075 5438 πᾶν
3102 5384 3193 5438 ἐπ’
3223 5381 3383 5436 αὐτὸν
3411 5379 3599 5452 ἔρριψε
3623 5377 3717 5430 καὶ

2203 5544 2221 5566 ⁸
2247 5545 2377 5598 Μεδ..
2402 5544 2456 5590 τὸ
2479 5542 2750 5590 συνειδέναι.
3460 5596 3468 5598 _
3562 5595 3586 5598 _
3657 5593 3663 5598 _

2207 5606 2236 5645 b
2261 5593 2404 5653 Ιῖοτίρ
2427 5606 2604 5666 melius
2624 5603 2843 5666 ῥημάτων
2858 5600 2974 5649 εἶναι
2993 5598 3327 5662 κόμπον,‹ιυο‹1
3342 5596 3536 5659 conjici!
3557 5593 3716 5646 Sam-

2147 5679 2199 5720 ρι
2223 5670 2290 5714 εξυ
2316 5668 2431 5728 Ιοεὶι
2460 5663 2709 5727 interpres
2745 5663 2962 5713 Latinus.
3722 5674 3727 5678 ‘
