4122 6226
369 334 477 398 «1ου

1430 311 1496 371 lN
1534 309 1745 368 EPIST.
1787 307 1831 363 ll
1891 307 1984 363 AD
2009 306 2164 364 (10R.
2208 303 2439 362 HOHIL.
2480 302 2568 363 ιιι.

3546 299 3648 358 ιθη

376 439 3641 486 ,Μ

1774 517 2105 582 HOMILIA
2148 517 2253 578 ΙΙΙ.

366 696 504 752 (In.
563 689 617 747 1.
665 704 719 741 v.
764 684 848 741 l2.
883 679 1024 737 Nam
1073 676 1237 750 gloria
1276 681 1448 728 nostra
1481 669 1587 723 lucc
1613 676 1707 732 est,
1736 663 1958 718 testimo-

440 788 587 840 nium
630 776 949 836 conscientia:
987 782 1205 833 nostra,
1256 765 1391 840 quod
1449 765 1502 818 in
1552 758 1873 829 simplicitate
1917 762 1965 808 et

438 878 731 935 sinceritate
772 869 902 938 Dei,
935 875 980 921 et
1020 881 1121 918 non
1148 863 1204 916 in
1235 858 1484 931 sapientia
1527 853 1744 914 carnali,
1796 849 1882 903 scd
1908 849 1962 901 in

438 969 613 1043 gratia
638 964 734 1019 Dei
756 956 1034 1017 conversati
1060 969 1232 1009 sumus
1260 952 1313 1004 in
1338 946 1547 1002 mundo.

443 1031 502 1118 1.
533 1058 616 1115 Ea:
646 1071 773 1126 pura
799 1049 1105 1106 conscientia
1132 1052 1319 1115 quanta
1340 1035 1620 1094 consolatio
1648 1031 1862 1087 oriatur.
1887 1053 1963 1066 σν-

372 1156 477 1211 llic
522 1164 738 1208 rursum
783 1142 927 1200 aliud
957 1152 1169 1211 quoque
1194 1151 1300 1191 non
1329 1146 1550 1204 parvum
1579 1118 1963 1182 consolationis

367 1250 750 1317 argumentum
801 1234 955 1291 nobis
1009 1228 1221 1301 aperit,
1283 1225 1393 1281 imo
1430 1232 1685 1295 perquam
1738 1216 1959 1285 ingens,

368 1340 631 1410 quodque
683 1331 922 1386 animum
977 1326 1032 1380 in
1085 1320 1338 1394 periculis
1385 1316 1690 1371 demersum
1757 1307 1964 1377 erigere

369 1401 564 1505 queat:
591 1424 854 1498 Quoniam
881 1419 1022 1476 enim
1051 1416 1284 1477 dixerat,
1312 1410 1448 1465 Deus
1469 1423 1559 1462 nos
1585 1401 1788 1470 eripuit,
1806 1408 1965 1467 atque

373 1493 425 1583 id
480 1493 653 1578 totum
700 1509 1134 1573 miserationibus
1182 1504 1278 1561 Dei
1322 1499 1675 1573 precibusque
1726 1493 1963 1562 ipsorum

372 1613 778 1685 adscripserat;
824 1620 892 1663 ne
922 1604 1023 1659 hac
1051 1600 1263 1657 ratione
1309 1592 1573 1650 auditoris
1601 1588 1837 1643 animum
1867 1598 1963 1637 su-

376 1712 569 1781 pinum
609 1720 674 1760 ac
716 1697 1026 1772 languidum
1066 1693 1349 1756 redderet,
1383 1696 1565 1756 utpote
1615 1682 1708 1738 Dei
1758 1675 1967 1735 miseri-

375 1773 583 1859 cordia:
610 1799 889 1856 dumtaxat
912 1792 1249 1858 aliorumque
1279 1782 1532 1856 precibus
1580 1773 1963 1834 conﬁdentem,

381 1894 628 1953 ostendit
653 1893 798 1963 ipsos
825 1900 1039 1960 quoque
1065 1898 1170 1937 non
1200 1894 1387 1952 parum
1416 1891 1484 1931 ex
1534 1888 1592 1927 se
1625 1867 1963 1942 praestitisse.

383 1996 569 2062 Atque
612 1958 915 2055 idtquidem
943 1978 1093 2051 prius
1117 1975 1279 2030 etiam
1309 1971 1392 2025 his
1418 1966 1594 2023 verbis
1637 1958 1965 2023 declaravit,

380 2052 537 2139 Sicut
581 2052 839 2133 abundant
887 2072 1148 2145 passiones
1195 2064 1382 2121 Christi
1426 2062 1479 2114 in
1509 2058 1683 2121 nobis,
1710 2054 1782 2108 sic
1817 2052 1969 2105 etiam

379 2173 616 2229 abundat
643 2165 920 2223 consolatio
941 2172 1114 2218 nostra
1145 2175 1163 2214 :
1191 2157 1279 2212 hic
1305 2163 1483 2209 autem
1511 2148 1653 2204 aliud
1678 2162 1709 2200 a
1736 2160 1794 2200 se
1824 2150 1970 2199 recte

381 2272 594 2324 factum
621 2266 1026 2319 commemorat.
1074 2250 1357 2322 Quodnam
1410 2243 1547 2300 hoc?
1596 2239 1857 2309 Quoniam
1914 2234 1969 2288 in

386 2373 527 2432 pura
554 2351 877 2410 conscientia
905 2347 1230 2415 minimeque
1271 2342 1391 2395 licta
1421 2343 1600 2391 mente
1630 2331 1826 2399 ubique
1859 2335 1969 2380 ter-

383 2465 575 2507 rarum
600 2443 902 2502 conversati
932 2452 1137 2502 sumus,
1176 2434 1375 2505 inquit.
1420 2428 1534 2485 Hoc
1582 2438 1745 2497 porro
1771 2421 1837 2476 ad
1871 2435 1969 2473 no-

383 2555 560 2601 stram
584 2538 1006 2596 consolationem
1057 2539 1111 2586 et
1152 2523 1580 2585 cohurtationem
1634 2532 1739 2571 non
1786 2526 1971 2584 parum

386 2632 652 2693 momenti
683 2630 877 2695 habet;
906 2640 1007 2682 nec
1050 2623 1117 2677 ad
1146 2616 1570 2676 consolationem
1604 2617 1845 2671 tantum,
1879 2601 1973 2657 sed

384 2731 460 2787 ad
484 2726 628 2783 aliud
656 2726 817 2781 etiam
844 2722 1084 2790 insuper,
1102 2713 1246 2787 quod
1272 2706 1637 2767 consolatione
1661 2702 1817 2770 longe
1839 2712 1975 2767 pra:-

389 3005 592 3063 animis
619 3002 956 3073 frangantur,
972 2995 1070 3054 sed
1098 2992 1274 3065 potius
1298 2989 1615 3062 glorientur,
1645 2997 1765 3039 cum
1792 2991 1975 3049 puram

390 3069 783 3156 conscientiam
808 3091 1041 3147 habeant
1066 3104 1082 3143 :
1108 3084 1306 3157 partim
1333 3081 1493 3138 etiam
1526 3077 1687 3132 falsos
1705 3069 1978 3145 apostolos

395 3191 567 3249 tacite
615 3182 952 3259 perstringit.
1002 3179 1072 3236 Et
1106 3171 1554 3249 quemadmodum
1611 3168 1663 3222 in
1701 3163 1980 3234 superiore

394 3255 631 3354 epistola
668 3278 765 3341 ait,
802 3274 942 3330 Misit
968 3287 1047 3326 me
1076 3270 1304 3326 Christus
1330 3274 1386 3319 ut
1414 3260 1768 3333 evangelizem,
1792 3273 1893 3310 non
1927 3255 1980 3308 in

396 3374 651 3445 sapientia
677 3369 944 3434 sermonis,
971 3382 1036 3420 ne
1072 3369 1334 3419 evacuetur
1373 3373 1498 3412 crux-
1521 3346 1708 3410 Christi
1748 3351 1824 3418 ll.
1858 3346 1977 3404 Cor.

401 3468 430 3524 1
446 3442 603 3537 .-1ης
626 3472 699 3529 et,
723 3460 793 3517 Ut
813 3459 941 3529 ﬁdes
961 3466 1123 3511 vestra
1146 3470 1247 3508 non
1267 3453 1331 3506 sit
1352 3451 1403 3503 in
1423 3446 1668 3519 sapientia
1695 3442 1975 3502 hominum,

398 3561 497 3616 sed
526 3535 578 3612 in
608 3556 831 3627 potentia
864 3551 954 3606 Dei
981 3550 1057 3622 (1.
1085 3546 1204 3604 Cor.
1230 3545 1283 3599 2.
1313 3546 1368 3613 5)
1402 3560 1415 3597 :
1447 3542 1525 3595 sic
1549 3540 1708 3594 etiam
1735 3536 1835 3590 hoc
1866 3535 1983 3587 loco

400 3656 506 3721 ait,
541 3626 661 3705 Non
689 3651 743 3704 in
766 3645 1041 3719 sapientia,
1070 3641 1159 3697 sed
1186 3639 1238 3694 in
1259 3639 1424 3711 gratia
1450 3634 1654 3689 Christi.
1676 3630 1813 3699 Quin
1839 3626 1980 3681 aliud

397 3760 615 3819 quoque
644 3742 728 3797 his
760 3739 940 3796 verbis
969 3732 1344 3796 subindicavit,
1381 3729 1499 3783 Non
1521 3727 1571 3779 in
1587 3723 1857 3795 sapientia,
1882 3719 1983 3773 hoc

399 3851 523 3905 est,
551 3853 657 3893 non
686 3836 741 3891 in
785 3831 972 3889 fraude
1000 3847 1013 3887 :
1044 3828 1297 3884 nimirum
1340 3823 1426 3879 hic
1454 3833 1669 3892 quoque
1701 3814 1981 3886 profanam

400 3931 762 3989 eruditionem
805 3926 1091 3994 impetens.
1144 3916 1321 3973 Gloria
1365 3915 1497 3970 enim
1548 3921 1722 3965 nostra
1753 3908 1858 3961 lucc
1886 3914 1981 3970 est,

404 4022 607 4091 inquit,
636 4016 976 4074 testimonium
1004 4008 1323 4067 conscientia:
1348 4014 1551 4059 nostraa.
1590 4000 1702 4055 Hoc
1726 4006 1826 4062 est,
1857 4010 1986 4049 con-

404 4113 633 4171 scientia
678 4122 877 4172 nostra,
908 4122 1028 4178 qua:
1067 4118 1168 4160 nos
1215 4098 1574 4155 condemnare
1617 4092 1818 4161 nequit,
1851 4096 1987 4142 tam-

405 4220 573 4279 quam
602 4202 691 4273 qui
714 4202 779 4257 ob
803 4197 1046 4271 improba
1072 4196 1303 4249 facinora
1352 4190 1701 4253 exagitentur.
1733 4180 1985 4251 Quamvis

404 4270 556 4354 enim
590 4270 1294 4349 innumeriscalamitatibus
1321 4278 1636 4340 afﬁciamnr,
1655 4284 1812 4344 atque
1834 4270 1986 4326 undi-

405 4406 517 4462 que
562 4389 881 4460 impetamur
918 4393 973 4438 et
1022 4377 1421 4451 periclitemur,
1485 4368 1640 4424 nobis
1691 4377 1868 4420 tamen
1917 4360 1985 4415 ad

404 4481 854 4543 consolationem,
882 4489 983 4531 nec
1021 4471 1088 4528 ad
1130 4465 1551 4526 consolationem
1600 4466 1803 4514 tantum
1828 4497 1843 4518 ,
1891 4452 1987 4508 sed

405 4576 572 4631 etiam
594 4571 660 4626 ad
682 4584 935 4626 coronam
964 4563 1161 4621 sufﬁcit
1189 4555 1514 4616 conscientia
1545 4566 1664 4624 quae
1707 4563 1837 4620 pura
1881 4554 1984 4611 est,

405 4668 673 4737 nobisque
725 4663 828 4719 hoc
875 4659 1226 4720 testiﬁcatur,
1282 4666 1378 4707 nos
1432 4665 1534 4704 non
1573 4645 1792 4702 sceleris
1827 4641 1988 4698 ullius

406 4733 603 4825 causa,
625 4757 719 4813 sed
749 4756 819 4811 ob
850 4753 941 4809 Dei
970 4752 1322 4807 voluntatem,
1346 4743 1416 4799 ob
1443 4741 1693 4796 virtutem
1717 4778 1731 4802 ,
1776 4735 1846 4791 ob
1874 4733 1989 4805 phi-

409 4855 735 4922 losophiam,
764 4847 834 4902 ob
858 4843 1148 4900 multorum
1176 4837 1403 4893 salutem
1431 4833 1544 4887 haec
1575 4830 1705 4901 pati.
1737 4829 1815 4882 Ae
1843 4825 1990 4897 prior

409 4944 627 5015 quidem
661 4941 747 4995 illa
788 4935 1084 4994 consolatio
1119 4946 1151 4987 a
1191 4930 1305 4985 Deo
1338 4924 1618 4990 manabat;
1663 4922 1779 4975 hare
1814 4926 1989 4973 autem

409 5009 481 5090 ab
531 5034 662 5106 ipsis
712 5040 872 5101 atque
901 5043 933 5083 a
976 5026 1097 5080 vine
1147 5022 1378 5094 puritate
1421 5015 1794 5086 colligebatur.
1826 5009 1985 5067 Unde

410 5103 575 5181 etiam
603 5122 829 5194 gloriam
860 5120 1030 5187 ipsam
1056 5121 1232 5181 vocat,
1257 5109 1509 5182 quoniam
1552 5103 1766 5177 prepria
1804 5115 1990 5155 eorum

413 5193 1066 5285 virtuteicomparabatur.
1093 5208 1347 5275 Qumnam
1370 5202 1528 5273 igitur
1555 5205 1640 5254 est
1662 5196 1778 5251 haec
1801 5193 1989 5264 gloria,

416 5322 472 5365 et
495 5284 933 5379 quidnaminobis
955 5297 1281 5357 conscientia
1298 5304 1477 5350 nostra
1498 5288 1831 5352 testiﬁcatur,
1851 5284 1992 5354 Quo-

415 5378 553 5457 niam
582 5404 636 5456 in
673 5398 996 5470 simplicitate
1021 5403 1068 5449 et
1106 5393 1160 5446 in
1187 5388 1515 5446 sinceritate?
1552 5386 1664 5441 Hoc
1706 5392 1810 5448 est,
1859 5378 1992 5436 nihil

417 5492 836 5557 fraudulentum,
850 5487 981 5544 nihil
995 5501 1087 5557 per
1103 5482 1444 5556 hypocrisim,
1462 5494 1557 5550 per
1575 5475 1990 5537 simulationem,

417 5603 511 5657 per
540 5584 981 5647 assentationem,
1017 5594 1113 5650 per
1137 5576 1379 5639 insidias,
1405 5588 1497 5641 per
1518 5570 1801 5635 fallaciam,
1820 5580 1884 5622 ac
1900 5578 1995 5635 per

417 5677 561 5735 aliud
589 5676 880 5750 quidquam
903 5670 1163 5744 ejusmodi
1191 5668 1448 5729 fecimus;
1475 5662 1567 5718 sed
1597 5662 1647 5716 in
1667 5659 1811 5716 omni
1837 5658 1997 5714 liber-

419 5782 548 5842 tate,
580 5772 639 5829 in
666 5770 911 5837 veritate,
942 5768 996 5822 in
1019 5779 1149 5837 pura
1193 5760 1519 5828 minimeque
1543 5754 1768 5826 maligna
1797 5751 1991 5807 volun-

744 5878 1013 5939 ΡΑτιιοι..
1056 5868 1175 5931 Gtt.
1229 5866 1384 5929 LXI.

2067 664 2195 722 tate,
2224 656 2276 711 in
2303 664 2483 711 mente
2520 654 2589 710 ab
2627 657 2774 712 omni
2803 656 2926 714 dolo
2946 674 3135 724 vacua,
3186 661 3321 717 nihil
3356 673 3553 719 tectum
3591 675 3647 721 et

2068 749 2461 816 adumbratum,
2494 748 2626 805 nihil
2657 748 2886 805 fucatum
2927 768 2990 806 ac
3029 756 3408 809 veteratorium
3438 756 3643 813 haben-

2066 854 2165 895 tes.
2198 838 2321 894 Non
2346 841 2399 913 in
2439 840 2687 911 sapientia
2712 841 2928 895 carnali.
2959 841 3072 898 lloe
3097 854 3199 909 est,
3227 861 3330 900 non
3354 846 3408 900 in
3434 846 3646 904 vafritie

2064 947 2115 989 et
2144 933 2507 1004 improbitate,
2559 947 2661 990 nec
2694 934 2749 989 in
2791 937 3057 991 sermonis
3098 935 3341 992 facundia
3396 955 3645 1011 nexuque

2064 1024 2451 1095 sophismatum
2492 1043 2505 1079 :
2540 1023 2656 1080 haec
2708 1026 2849 1079 enim
2900 1042 2995 1097 per
3022 1028 3292 1083 carnalem
3320 1030 3642 1100 sapientiam

2066 1117 2329 1189 intelligit.
2353 1121 2525 1189 Atque
2555 1119 2630 1184 id,
2648 1119 2790 1174 unde
2812 1120 2885 1173 illi
2909 1135 3230 1192 magnopere
3253 1121 3640 1192 gloriabantur,

2065 1209 2332 1265 inﬁciatur
2358 1211 2472 1281 ipse
2501 1226 2563 1266 ac
2602 1211 2774 1281 reiicit
2804 1228 2818 1265 :
2848 1226 2914 1265 ex
2944 1212 3233 1267 abundanti
3258 1213 3507 1269 videlicet
3543 1231 3636 1270 os-

2066 1302 2314 1369 tendens,
2338 1302 2481 1358 haud
2523 1304 2741 1375 dignum
2787 1305 2926 1358 istud
2957 1319 3100 1370 esse,
3133 1305 3200 1361 de
3225 1321 3331 1375 quo
3359 1308 3638 1379 quisquam

2064 1393 2356 1462 glorietur;
2384 1392 2578 1465 quippe
2606 1410 2727 1449 cum
2772 1393 2886 1465 ipse
2915 1409 3021 1449 non
3044 1395 3203 1450 modo
3231 1395 3282 1449 id
3326 1412 3431 1451 non
3459 1400 3641 1469 requi-

2065 1493 2168 1546 rat,
2193 1499 2371 1538 verum
2401 1484 2563 1539 etiam
2591 1486 2904 1540 submoveat
2931 1500 2994 1540 ac
3022 1485 3219 1556 probro
3247 1485 3427 1541 ducat.
3459 1485 3564 1542 Sed
3588 1490 3643 1542 in

2065 1576 2229 1647 gratia
2258 1574 2355 1629 Dei
2403 1578 2683 1632 conversati
2720 1594 2892 1631 sumus
2932 1578 2985 1631 in
3012 1576 3221 1631 mundo.
3268 1577 3403 1645 Quid
3431 1587 3543 1644 est,
3582 1578 3645 1632 In

2066 1668 2231 1738 gratia
2262 1667 2395 1723 Dei?
2435 1668 2545 1724 Hoc
2582 1678 2683 1731 est.
2710 1669 3024 1740 sapientiam
3061 1683 3124 1722 ac
3153 1650 3442 1738 poiemiam
3479 1671 3645 1742 ipsius

2066 1762 2326 1819 beneﬁcio
2354 1763 2508 1819 nobis
2537 1777 2847 1819 concessam
2872 1778 2968 1832 per
2994 1763 3246 1819 miracula
3279 1763 3647 1820 declarantes:

2067 1862 2227 1923 atque
2253 1851 2376 1908 hinc
2400 1854 2582 1920 etiam,
2612 1852 2774 1922 quod,
2797 1867 2917 1907 cum
2942 1853 3104 1908 rudes
3134 1869 3379 1908 essemus
3408 1856 3649 1926 nihilque

2068 1955 2304 2001 externa:
2317 1945 2574 2001 doctrina:
2589 1945 2863 2000 nobiscum
2877 1944 3212 2008 aﬁerremns,
3237 1947 3423 2001 doctos
3442 1959 3643 2016 tamen,

2069 2048 2330 2104 Oratores,
2359 2036 2704 2108 philosophos
2724 2080 2739 2103 ,
2783 2052 2937 2108 reges
2965 2052 3025 2092 ac
3075 2039 3303 2109 populos
3342 2041 3646 2096 vicerimus.

2071 2130 2239 2184 Porro
2280 2146 2383 2184 non
2424 2129 2660 2200 vulgaris
2685 2139 2769 2185 est
2814 2132 2929 2186 tunc
2951 2131 3250 2186 consolatio
3279 2146 3340 2186 ac
3377 2132 3647 2202 gloriatio,

2072 2234 2265 2290 nempe
2286 2220 2427 2291 quod
2472 2221 2572 2291 ipsi
2609 2220 2710 2276 sibi
2752 2222 2953 2277 conscii
2983 2231 3198 2287 essent,
3226 2239 3285 2277 se
3325 2238 3429 2277 non
3458 2222 3650 2276 humu-

2072 2331 2194 2367 nam
2245 2318 2532 2384 potentiam
2562 2313 2852 2381 adbibere,
2887 2313 2982 2369 sed
3030 2314 3207 2368 divina
3260 2315 3424 2384 gratia
3472 2316 3651 2369 omnia

2073 2402 2357 2459 conﬁcere.
2385 2403 2452 2458 In
2482 2405 2693 2459 mundo.
2742 2403 2819 2459 lla
2848 2420 2955 2459 non
3000 2403 3241 2459 Corinthi
3292 2415 3493 2459 tantum
3516 2448 3532 2472 ,
3556 2405 3653 2461 sed

2075 2496 2272 2565 passim
2300 2510 2510 2566 quoque
2542 2505 2653 2550 toto
2681 2504 2947 2551 terrarum
2969 2494 3120 2549 orbe.
3172 2495 3528 2551 Abundantius
3551 2514 3648 2550 au-

2075 2598 2173 2642 tem
2195 2589 2336 2659 apud
2360 2605 2467 2643 vos.
2492 2588 2628 2655 Quid
2655 2588 3014 2644 abundantius
3039 2588 3104 2642 ad
3134 2589 3262 2644 vos?
3280 2588 3345 2643 In
3372 2591 3537 2662 gratia
3559 2589 3657 2646 Dei

2075 2681 2357 2736 conversati
2380 2699 2575 2737 sumus.
2603 2681 2741 2737 Nam
2768 2694 2822 2737 et
2848 2682 2998 2753 signa
3027 2692 3082 2737 et
3110 2684 3365 2739 miracula
3388 2684 3529 2755 apttd
3559 2700 3657 2740 vos

2074 2774 2359 2837 edidimus,
2389 2783 2443 2829 et
2467 2774 2800 2845 diligentiam
2830 2774 3087 2844 majorem
3112 2775 3450 2830 adhibuimus
3467 2777 3660 2830 vitam-

2076 2881 2181 2937 que
2209 2866 2278 2920 ab
2297 2866 2442 2921 omni
2471 2865 2889 2935 reprehensione
2916 2865 3168 2920 alienam.
3210 2864 3340 2920 Nam
3390 2866 3659 2936 hoc'quo-

2076 2978 2181 3033 que
2209 2962 2433 3030 gratiam
2463 2960 2556 3016 Dei
2577 2971 2750 3023 vocat,
2781 2959 3031 3013 nimirum
3076 2975 3138 3013 ea
3166 2958 3347 3026 etiam,
3388 2974 3507 3029 qua:
3535 2975 3658 3016 cum

2079 3054 2276 3109 virtute
2300 3052 2487 3124 gessit,
2522 3051 2623 3122 ipsi
2650 3050 2982 3105 adscribcns.
3016 3049 3132 3105 Illic
3174 3052 3315 3105 enim
3347 3050 3480 3105 ultra
3507 3061 3660 3122 septa

2082 3146 2329 3217 prosiliit,
2359 3143 2486 3200 dum
2518 3142 2635 3229 sine
2660 3152 2874 3210 sumptu
2912 3141 3248 3213 evangelium
3296 3151 3521 3213 poneret
3542 3183 3558 3205 ,
3601 3152 3663 3198 ut

2080 3251 2265 3293 eorum
2314 3232 2667 3289 imbecillitati
2713 3231 3044 3286 consuleret.
3091 3233 3173 3286 l5.
3219 3229 3340 3285 Non
3382 3232 3514 3287 enim
3554 3232 3663 3287 alia

2078 3326 2342 3382 scribimus
2367 3325 2505 3379 vobis
2527 3366 2545 3391 ,
2589 3339 2743 3395 quam
2767 3337 2880 3393 quae
2905 3321 3070 3392 legitis
3106 3330 3150 3374 et
3189 3321 3485 3391 agnoscitis.
3517 3321 3662 3388 Quo-

2082 3418 2225 3474 niam
2252 3416 2529 3489 magniﬁca
2553 3415 2620 3471 de
2643 3431 2701 3470 se
2731 3415 3085 3487 proloquutus
3112 3412 3285 3468 fuerat
3310 3414 3519 3485 sibique
3551 3415 3655 3485 ipsi

2084 3509 2447 3567 testimonium
2480 3508 2708 3572 dixerat,
2743 3506 2795 3562 id
2825 3504 2972 3577 quod
2994 3507 3354 3575 importunum
3381 3513 3515 3570 erat,
3538 3521 3660 3559 rur-

2082 3617 2201 3657 sum
2228 3615 2418 3657 eorum
2442 3615 2563 3670 quae
2606 3599 2737 3653 dicit
2780 3598 2926 3667 ipsos
2958 3609 3122 3652 teStes
3148 3596 3413 3667 producit.
3441 3595 3518 3653 Ne
3542 3597 3662 3669 quis

2082 3694 2247 3759 enim,
2278 3689 2469 3762 inquit,
2496 3689 2767 3745 existimet
2790 3703 2874 3753 ea,
2906 3704 3025 3758 qua:
3051 3703 3081 3743 a
3110 3704 3196 3743 me
3220 3688 3503 3755 dicuntur,
3532 3704 3664 3743 ver-

2083 3786 2273 3841 borum
2313 3783 2592 3839 dumtaxat
2638 3797 2886 3851 pompam
2926 3795 3046 3835 esse
3091 3798 3106 3834 :
3152 3780 3268 3836 Ιιεεε
3314 3779 3462 3835 enim
3512 3780 3665 3837 vobis

2084 3888 2586 3939 commemoramus,
2637 3888 2754 3942 quae
2797 3870 2950 3926 vobis
2993 3870 3123 3940 ipsis
3170 3871 3449 3940 explorata
3497 3882 3661 3937 sunt;

2085 3969 2334 4040 quodque
2374 3981 2473 4022 nos
2504 3965 2725 4020 minime
2770 3964 3112 4028 mentiamur,
3150 3977 3262 4032 prae
3308 3963 3519 4018 caeteris
3565 3963 3667 4033 ipsi

2086 4072 2250 4117 testes
2280 4074 2399 4116 esse
2423 4058 2649 4129 queatis.
2687 4055 2950 4126 Legentes
2974 4054 3117 4109 enim
3148 4054 3460 4123 agnoscitis,
3487 4055 3656 4123 quod,

2086 4171 2208 4225 quae
2237 4168 2335 4207 nos
2355 4168 2416 4209 re
2442 4152 2554 4222 ipsa
2585 4149 2897 4221 praestitisse
2933 4155 3264 4217 compertum
3312 4145 3522 4201 habetis
3544 4186 3558 4208 ,
3602 4160 3664 4200 ea

2090 4261 2183 4317 per
2224 4245 2408 4299 literas
2456 4257 2671 4314 quoque
2717 4239 3113 4311 praedicamus:
3157 4253 3256 4294 nec
3300 4237 3666 4293 testimonium

2088 4346 2326 4393 vestrum
2356 4336 2525 4391 literis
2553 4335 2755 4390 nostris
2777 4340 3061 4403 repugnat,
3089 4331 3185 4387 sed
3212 4345 3397 4386 earum
3426 4330 3664 4399 ipsarum

2089 4429 2304 4486 lectioni
2348 4439 2607 4484 consonat
2638 4426 2752 4482 base
2781 4426 3016 4496 cognitio
3035 4418 3055 4491 ,
3079 4439 3239 4497 quam
3266 4432 3392 4480 ante
3416 4422 3484 4479 de
3510 4422 3667 4479 nobis

2088 4522 2388 4578 habebatis.
2417 4524 2506 4576 Η.
2532 4520 2681 4576 Sicut
2696 4530 2743 4573 et
2760 4521 3058 4591 eognovistis
3082 4533 3173 4571 nos
3197 4533 3259 4572 ea:
3286 4525 3452 4588 parte.
3475 4514 3661 4586 Neque

2089 4616 2233 4671 enim
2263 4630 2333 4672 ex
2381 4614 2607 4668 aliorum
2656 4625 2907 4667 sermone
2935 4623 3024 4664 res
3054 4619 3269 4663 nostras
3297 4606 3623 4677 cognovistis
3644 4647 3661 4671 ,

2090 4707 2182 4763 sed
2212 4722 2278 4761 ex
2305 4705 2419 4777 ipsa
2447 4703 2792 4775 experientia.
2838 4699 2972 4755 Illud
2998 4709 3175 4755 autem
3198 4739 3217 4765 ,
3245 4697 3326 4753 Ea:
3350 4706 3526 4769 parte,
3554 4712 3668 4752 mo-

2090 4799 2277 4857 destia:
2317 4814 2479 4856 causa
2507 4797 2659 4853 dixit.
2703 4796 2813 4850 Hoc
2843 4796 2985 4849 enim
3035 4792 3135 4863 ipsi
3164 4792 3216 4846 in
3248 4806 3399 4845 more
3436 4790 3667 4860 positum

2091 4905 2194 4961 est,
2220 4908 2342 4949 cum
2373 4890 2691 4947 necessitate
2719 4886 2981 4942 adductus
3007 4885 3026 4956 (
3056 4898 3226 4952 neque
3245 4883 3390 4937 enim
3411 4881 3542 4936 alias
3566 4879 3669 4935 hoc

2092 4984 2242 5057 facit)
2265 4984 2441 5056 magni
2487 4982 2554 5036 de
2593 4995 2653 5035 se
2676 4977 2945 5049 quidpiam
2976 4973 3368 5046 pronuntiarit,
3396 4982 3454 5027 ut
3481 4986 3670 5027 eorum

2093 5095 2213 5149 qua:
2254 5076 2389 5131 dixit
2437 5083 2701 5127 tumorem
2752 5068 2934 5122 statim
2981 5064 3256 5122 retundat.
3301 5064 3464 5137 Spero
3499 5073 3669 5118 autem

2092 5171 2226 5234 quod
2253 5172 2404 5223 etiam
2424 5179 2581 5235 usque
2608 5163 2663 5216 in
2687 5160 2835 5231 ﬁnem
2861 5159 3190 5231 cognoscetis.

2208 5305 2223 5316 ,
2250 5256 2413 5312 Vides
2452 5269 2664 5310 rursum
2689 5267 2797 5324 quo
2825 5260 2982 5323 pacto
3012 5266 3041 5304 a
3073 5248 3357 5319 praeteritis
3385 5245 3545 5300 ﬁdem
3575 5241 3663 5296 fus

2095 5356 2226 5405 turis
2252 5350 2494 5404 adstruat
2514 5390 2530 5413 ,
2562 5360 2660 5401 nec
2682 5360 2713 5400 a
2745 5343 3026 5415 pneteritis
3061 5352 3266 5396 tantum
3286 5381 3302 5405 ,
3332 5337 3426 5393 sed
3450 5335 3609 5391 etiam
3635 5349 3668 5387 a

2098 5441 2191 5497 Dei
2238 5437 2519 5509 potentia?
2565 5437 2748 5507 Neque
2775 5436 2918 5490 enim
2950 5432 3195 5487 absolute
3228 5425 3504 5483 affirmavit
3526 5466 3542 5491 ,
3572 5423 3670 5480 sed

2097 5533 2201 5589 hoc
2230 5540 2398 5585 totum
2428 5527 2494 5583 ad
2525 5529 2698 5598 ipsum
2724 5538 3002 5595 spemque,
3028 5535 3189 5590 quam
3217 5520 3268 5573 in
3296 5519 3414 5588 ipso
3439 5516 3667 5588 positam

2100 5626 2281 5692 habet,
2331 5621 2603 5693 relegavit.
2652 5617 2798 5685 Quod
2838 5617 3002 5689 gloria
3028 5624 3191 5668 uestra
3216 5621 3420 5679 sumus,
3445 5610 3578 5666 sicut
3618 5619 3668 5663 et

2100 5738 2187 5778 vos
2215 5729 2390 5776 nostra
2412 5717 2466 5772 in
2490 5715 2572 5770 die
2598 5711 2804 5769 Domini
2844 5708 3003 5765 nostri
3022 5704 3152 5764 Iesu
3175 5703 3381 5763 Christi.
3413 5701 3528 5759 Hoc
3553 5702 3674 5759 loco

3253 5813 3332 5876 26
