4138 6220
414 259 516 316 ιοτ

415 374 671 430 invidiam
701 416 716 440 ,
743 389 901 446 quam
931 388 993 429 ea
1023 387 1141 443 quae
1185 371 1432 440 superius
1461 366 1670 422 dixerat
1689 365 1788 435 ipsi
1815 362 1996 417 conci-

417 479 531 524 tare
558 475 861 538 potuerant,
887 464 1134 530 succidit,
1162 462 1289 515 dum
1319 461 1384 514 ad
1412 473 1597 514 eorum
1625 471 1748 527 qua:
1768 464 1915 509 recte
1941 462 1993 507 et

417 576 539 615 cum
566 559 761 612 virtute
786 563 1028 628 gesserat
1054 553 1382 608 consortium
1409 566 1474 606 ac
1503 549 1812 604 societatem
1839 546 1984 616 ipsos

422 650 693 706 adsciscit.
729 647 843 702 Non
871 647 1014 700 enim
1058 645 1203 698 intra
1254 659 1355 698 nos
1381 641 1738 697 constiterunt
1762 678 1776 704 ,
1808 637 1902 692 sed
1935 633 2001 690 ad

425 759 520 798 vos
547 755 762 813 quoque
811 739 1122 804 dimanant,
1155 746 1217 791 ac
1245 735 1477 790 vicissim
1509 748 1537 786 a
1570 731 1721 787 vobis
1767 728 1832 783 ad
1881 743 1998 783 nos.

429 836 692 904 Quoniam
743 832 886 887 enim
935 830 1171 900 seipsum
1199 827 1461 882 extulerat
1485 867 1501 894 ,
1527 840 1589 878 ac
1614 822 2003 894 prazteritorum

424 933 792 995 argumentum
818 922 1151 986 exhibuerat,
1167 930 1220 974 et
1240 919 1306 973 de
1330 918 1520 972 futuris
1537 913 1919 986 Spoponderat,
1937 926 2006 965 ne

427 1018 699 1072 auditores
727 1031 849 1070 eum
886 1025 1153 1083 tamquam
1183 1025 1371 1082 magna
1416 1010 1484 1064 de
1527 1023 1585 1064 se
1630 1006 2006 1076 praedicantem

431 1113 780 1174 incesserent,
805 1117 962 1177 atque
984 1108 1034 1160 in
1056 1105 1328 1167 invidiam,
1353 1111 1409 1156 ut
1429 1102 1558 1166 dixi,
1583 1099 2006 1170 prolaberentur,

432 1203 800 1270 gloriationem
827 1217 948 1255 cum
972 1199 1100 1270 ipsis
1123 1197 1508 1260 communicat,
1537 1204 1696 1262 atque
1721 1193 1859 1246 hanc
1885 1191 2005 1245 lau-

436 1297 560 1349 dum
601 1307 854 1349 coronam
903 1293 968 1347 ad
1020 1292 1164 1362 ipsos
1193 1289 1460 1358 pertinere
1491 1287 1585 1340 ait.
1631 1284 1763 1339 Nam
1806 1283 1850 1338 si
1879 1283 2013 1336 tales

437 1403 788 1458 appareamus
812 1427 827 1450 ,
871 1383 1039 1455 inquit
1061 1424 1075 1450 ,
1110 1390 1292 1437 nostra
1339 1383 1454 1435 laus
1482 1387 1658 1435 vestra
1689 1378 1856 1448 gloria
1886 1386 1969 1432 est
1997 1391 2010 1427 :

439 1476 886 1548 quemadmodum
933 1475 1140 1529 scilicet
1167 1487 1264 1528 nos
1291 1485 1503 1541 quoque
1522 1510 1538 1534 ,
1580 1468 1706 1522 dum
1736 1482 1831 1521 vos
1859 1465 2017 1521 laude

442 1583 600 1640 atque
631 1567 795 1640 gloria
826 1567 1049 1631 daretis,
1085 1562 1448 1625 exsultamus,
1476 1561 1732 1632 gestimus
1762 1569 1816 1614 et
1857 1574 2017 1614 caro—

444 1680 654 1717 uamnr.
687 1665 859 1732 Atque
885 1659 973 1715 hic
1015 1673 1228 1729 quoque
1272 1672 1461 1711 rursus
1499 1671 1592 1725 per
1618 1669 1678 1708 ea
1701 1667 1819 1724 qua:
1853 1651 2019 1719 dixit,

444 1760 712 1827 ingentem
767 1752 1079 1807 humilitatis
1129 1765 1240 1806 sua:
1289 1747 1730 1819 significationem
1799 1746 2018 1816 prmbet.

445 1848 562 1903 Non
610 1848 752 1902 enim
783 1855 837 1899 ut
867 1843 1118 1915 Magister
1164 1842 1232 1897 ad
1271 1841 1562 1911 discipulos
1588 1882 1602 1905 ,
1638 1838 1731 1895 sed
1759 1848 1815 1892 ut
1859 1837 2024 1893 disci-

444 1940 599 2010 pulus
649 1937 937 2007 discipulos
991 1935 1309 2005 alloquens,
1367 1933 1441 1987 ita
1493 1947 1801 1988 sermonem
1876 1945 2017 1986 exae-

445 2041 592 2104 quat.
646 2032 722 2085 Ac
783 2030 904 2084 vide
955 2045 1060 2099 quo
1123 2036 1278 2098 pacto
1324 2042 1418 2082 eos
1479 2025 1737 2081 sublimes
1777 2023 2025 2088 efﬁciat,

443 2141 507 2180 ac
554 2122 887 2196 philosophia
937 2121 1174 2190 impleat,
1225 2119 1350 2174 dum
1396 2119 1542 2188 ipsos
1576 2117 1642 2172 ad
1690 2117 1839 2171 illum
1885 2116 2028 2170 diem

449 2214 782 2271 transmittit.
830 2213 906 2267 Nc
953 2213 1097 2267 enim
1146 2211 1275 2266 mihi
1317 2209 1604 2280 prmsentia
1645 2224 2031 2264 commemore-

448 2312 541 2374 tis,
593 2309 790 2378 inquit,
834 2305 938 2360 hoc
979 2314 1062 2359 est
1103 2303 1320 2374 probra,
1364 2301 1642 2367 convicia,
1697 2310 2027 2362 scommata,

451 2419 568 2474 quze
593 2401 741 2455 vobis
772 2415 798 2452 a
833 2397 1102 2468 plerisque
1130 2394 1473 2462 inferuntur;
1503 2409 1678 2464 neque
1704 2394 1846 2448 enim
1875 2391 2034 2462 quid-

452 2508 610 2564 quam
675 2491 760 2546 hic
813 2490 985 2560 magni
1044 2488 1300 2543 momenti
1363 2495 1482 2554 est,
1547 2500 1651 2541 non
1713 2485 1876 2549 laeta,
1929 2499 2034 2539 non

452 2587 693 2648 molesta,
718 2600 823 2637 non
846 2589 1161 2646 scommata,
1187 2595 1291 2635 non
1325 2580 1570 2634 humanae
1597 2577 1782 2633 laudes
1808 2596 1822 2632 :
1851 2593 2035 2633 verum

456 2674 717 2731 tremendi
755 2673 897 2728 illius
930 2680 1090 2742 atque
1129 2670 1380 2726 horrendi
1407 2669 1510 2725 diei
1541 2668 1693 2724 vobis
1726 2670 1775 2722 in
1805 2678 2038 2722 mentem

457 2769 656 2834 veniat,
685 2768 736 2821 in
763 2782 870 2838 quo
897 2767 1076 2822 omnia
1119 2776 1300 2834 aperta
1329 2773 1506 2818 erunt.
1536 2762 1670 2817 Tum
1695 2763 1837 2817 enim
1863 2771 1917 2816 et
1943 2777 2039 2816 nos

460 2862 513 2914 iu
543 2861 712 2924 vobis,
739 2870 792 2915 et
821 2873 917 2914 vos
944 2860 996 2913 in
1027 2857 1180 2913 nobis
1208 2855 1586 2928 gloriabimini,
1608 2870 1728 2910 cum
1761 2864 1814 2910 et
1843 2871 1935 2910 vos
1964 2864 2041 2908 ta-

461 2953 540 3005 les
569 2951 850 3019 magistros
891 2949 1136 3004 habuisse
1168 2948 1505 3018 perSpicuum
1534 2947 1657 3013 erit,
1691 2946 1780 3016 qui
1810 2961 1909 3000 nec
1939 2945 2040 2998 hu-

464 3042 604 3096 mani
634 3040 921 3112 quidquam
965 3038 1276 3103 docuerint,
1302 3052 1401 3092 nec
1430 3036 1670 3106 improbe
1697 3050 1759 3090 ac
1784 3035 2043 3106 flagitiose

464 3133 711 3196 vixerint,
737 3147 837 3188 nec
866 3131 1025 3187 ullam
1053 3130 1162 3186 vitii
1191 3144 1374 3204 ansam
1405 3129 1648 3199 cuiquam
1678 3128 2042 3198 porrexerint,

466 3242 528 3280 ac
560 3227 713 3281 nobis
739 3240 922 3280 rursus
968 3224 1101 3278 tales
1145 3220 1436 3291 discipulos
1483 3219 1667 3287 fuisse,
1699 3219 1789 3290 qui
1815 3233 1913 3273 nec
1945 3219 2044 3272 lut-

471 3320 610 3373 mani
641 3318 838 3389 aliquid
871 3316 1010 3388 passi
1041 3314 1255 3379 fuerint,
1280 3327 1381 3368 nec
1408 3311 1728 3374 vacillarint,
1760 3309 1854 3366 sed
1884 3308 2048 3365 alacri

470 3427 532 3466 ac
577 3421 822 3482 prompto
859 3410 1039 3464 animo
1083 3415 1275 3462 cuncta
1319 3405 1648 3477 exceperint,
1694 3419 1793 3460 uec
1835 3403 1938 3458 ulla
1982 3418 2048 3457 ex

472 3515 624 3576 parte
655 3505 912 3559 fallaciam
938 3503 1039 3560 sibi
1070 3502 1182 3557 fieri
1208 3500 1569 3572 permiserint.
1599 3498 1667 3554 Et
1697 3498 1810 3554 htec
1835 3497 2050 3568 quidem

475 3613 618 3651 nunc
646 3605 825 3650 mente
851 3595 1086 3665 prmditis
1112 3594 1387 3648 manifesta
1409 3601 1557 3659 sunt,
1581 3601 1690 3646 tum
1719 3601 1894 3645 autem
1916 3605 2050 3645 cun-

471 3690 573 3743 ctis
599 3696 773 3743 erunt.
799 3687 979 3756 Itaque
1004 3685 1210 3741 etiamsi
1235 3700 1373 3740 nunc
1393 3684 1698 3755 afﬂigimur,
1722 3699 1827 3738 non
1851 3683 2055 3739 medio-

478 3781 583 3833 cris
616 3780 728 3832 inec
753 3792 963 3848 queque
989 3777 1142 3832 nobis
1163 3777 1456 3833 consolatio
1476 3776 1714 3847 suppetit
1741 3795 1754 3829 :
1786 3792 1904 3846 quae
1932 3776 2053 3845 qui-

477 3874 598 3926 dem
621 3887 758 3928 nunc
774 3888 802 3926 a
816 3872 1144 3928 conscientia
1159 3871 1530 3942 proficiscitur,
1543 3881 1650 3926 tum
1670 3882 1848 3926 autem
1862 3871 1930 3925 ab
1945 3871 2054 3941 ipsa

477 3963 920 4020 manifestatione.
947 3963 1096 4020 Nunc
1123 3965 1266 4020 enim
1292 3963 1616 4019 conscientia
1639 3963 1850 4033 quidem
1877 3972 2058 4018 nostra

478 4060 578 4114 hoc
608 4069 943 4130 perspectum
971 4057 1150 4123 habet,
1169 4072 1267 4112 nos
1298 4057 1391 4112 Dei
1421 4057 1588 4127 gratia
1613 4057 1791 4111 omnia
1823 4055 2056 4120 efﬁcere,

477 4151 925 4220 quemadmodum
954 4151 1053 4220 ipsi
1081 4162 1294 4219 quoque
1323 4148 1470 4203 scitis
1511 4162 1575 4203 ac
1615 4147 1796 4204 scietis
1822 4166 1835 4202 :
1865 4156 1921 4201 at
1950 4156 2059 4201 tum

480 4261 666 4300 omnes
692 4245 851 4298 etiam
885 4242 1161 4308 mortales,
1192 4249 1297 4296 tam
1327 4250 1546 4307 nostra,
1578 4254 1738 4310 quam
1767 4250 1940 4294 vestra
1971 4253 2063 4294 co-

481 4345 769 4406 gnoscent,
805 4349 1008 4405 nosque
1037 4343 1223 4389 mutuo
1251 4331 1385 4387 alios
1411 4331 1479 4386 ab
1505 4331 1624 4386 aliis
1651 4329 1906 4387 celebrari
1937 4346 2062 4400 per-

481 4431 727 4498 spicient.
759 4427 972 4483 Etenim
1000 4441 1069 4483 ne
1094 4426 1243 4483 solus
1273 4428 1386 4496 ipse
1415 4425 1753 4496 splendorem
1782 4440 1849 4479 ex
1872 4425 2066 4494 gloria-

480 4523 627 4577 tione
655 4519 908 4592 consequi
940 4520 1216 4582 videatur,
1245 4519 1374 4588 ipsis
1401 4532 1613 4588 quoque
1639 4516 1900 4587 gloriandi
1936 4531 2063 4570 cau-

482 4629 595 4668 sam
619 4613 841 4684 prmbct,
857 4622 1014 4681 atque
1034 4627 1062 4665 a
1082 4610 1438 4681 praesentibus
1460 4609 1720 4663 molestiis
1742 4624 1836 4663 eos
1858 4617 2063 4663 avocat.

483 4707 742 4777 Quodque
771 4705 822 4759 in
851 4703 1219 4759 consolatione
1250 4699 1482 4765 fecerat,
1510 4714 1631 4754 cum
1662 4699 1898 4765 diceret,
1932 4698 2066 4752 Pro-

485 4807 603 4866 pter
631 4814 727 4854 vos
754 4797 1122 4853 consolatione
1151 4794 1437 4861 aflicimur,
1470 4793 1573 4848 hoc
1596 4794 1757 4848 etiam
1791 4793 1875 4847 hic
1905 4793 2027 4846 facit
2048 4833 2064 4855 ,

487 4906 607 4944 cum
636 4893 728 4952 ait,
765 4892 986 4960 Propter
1013 4906 1108 4946 vos
1136 4890 1448 4960 gloriamur,
1479 4885 1928 4958 quemadmodum
1973 4902 2067 4939 vos

490 4995 703 5050 quoque
722 4991 938 5047 propter
955 4997 1054 5036 nos
1070 4999 1083 5034 :
1101 4982 1298 5051 ubique
1309 4981 1514 5036 scilicet
1526 4994 1619 5036 eos
1637 4994 1817 5034 rerum
1831 4980 2066 5034 omnimn

487 5069 664 5125 Socios
689 5069 968 5135 adhibens,
999 5073 1402 5139 consolationis,
1427 5074 1753 5142 passionum,
1784 5087 1894 5126 sua:
1919 5071 2071 5126 deni-

489 5181 594 5238 que
623 5161 806 5219 salntis
827 5178 839 5214 :
860 5178 979 5216 nam
1008 5165 1143 5217 hanc
1165 5163 1389 5217 salutem
1419 5166 1665 5234 precibus
1685 5181 1898 5236 quoque
1921 5165 2066 5235 ipso-

489 5277 606 5316 rum
629 5257 862 5328 assignat
891 5273 902 5308 :
933 5255 1300 5326 Adjuvantibus
1320 5256 1483 5319 enim,
1509 5257 1700 5324 inquit,
1723 5259 1858 5312 vobis
1879 5259 1930 5311 in
1957 5274 2072 5310 ara-

491 5355 643 5418 tione,
672 5349 809 5404 Deus
830 5365 920 5403 nos
941 5348 1145 5418 eripuit.
1170 5347 1248 5401 Ad
1279 5348 1422 5402 hunc
1447 5347 1601 5419 igitur
1619 5349 1831 5404 modum
1855 5366 1916 5404 ea
1943 5366 2073 5418 qm)-

491 5459 614 5514 quc,
647 5442 716 5498 ob
745 5457 864 5512 qua:
891 5441 1167 5508 gloriatur,
1199 5441 1500 5498 communia
1523 5455 1644 5496 cum
1673 5441 1802 5509 ipsis
1835 5441 1974 5495 facit.
2005 5440 2073 5496 Ut

492 5537 635 5588 enim
664 5536 770 5589 illic
788 5535 883 5600 ait,
913 5535 1140 5590 Scientas
1167 5536 1406 5606 quoniam
1431 5535 1557 5588 sicut
1581 5534 1704 5589 socii
1733 5534 1850 5587 estis
1880 5531 2073 5601 pri-sia-

493 5643 650 5692 num,
681 5629 754 5681 ita
782 5637 827 5682 et
855 5630 1212 5683 consolationis
1237 5643 1258 5680 :
1287 5627 1474 5683 eodem
1503 5626 1587 5680 hic
1623 5641 1834 5695 quoque
1880 5639 2070 5690 moao,

497 5717 674 5775 Gloria
700 5727 862 5772 vestra
890 5735 1082 5788 sumus,
1109 5727 1165 5774 ut
1190 5729 1239 5770 et
1261 5734 1347 5773 vos
1373 5727 1560 5772 nostra.
1591 5717 1675 5772 15.
1705 5715 1770 5770 Et
1796 5719 1889 5770 hac
1910 5713 2070 5784 conﬁ-

1097 254 1155 314 s.
1196 254 1470 313 JOANNIS
1495 215 1970 307 ’cunvsosrout
2011 241 2324 300 ARCIIIEP.
2367 241 2898 302 CONSTANTINOP.

3575 242 3682 310 ωε

2104 363 2274 416 dentia
2301 362 2522 415 volebam
2551 361 2692 432 prius
2717 363 2886 416 venire
2911 361 2978 414 ad
3004 376 3108 416 vos.
3135 360 3377 429 Quanam
3405 363 3656 418 conliden
3673 396 3689 406 -

2106 454 2175 508 tia
2194 455 2217 507 ’ἔ
2237 455 2388 521 Quod
2407 455 2587 508 virtuti
2610 465 2802 510 vestra:
2819 455 3074 524 majorem
3098 455 3150 508 in
3169 454 3384 510 modum
3400 456 3692 525 conﬁdam,

2105 548 2246 620 quod
2280 558 2498 617 promer
2527 563 2620 602 vos
2647 547 2865 618 glorier,
2889 548 3030 619 quod
3057 547 3310 618 gloriatio
3339 556 3520 603 nostra
3550 549 3690 614 sitis,

2107 640 2249 712 quod
2297 656 2390 695 vos
2431 640 2583 696 unice
2612 655 2782 695 amem
2803 681 2817 705 ,
2845 639 2988 710 quod
3021 638 3222 696 nullius
3248 641 3373 695 mali
3403 640 3534 696 mihi
3559 656 3694 696 con-

2107 731 2250 787 scius
2281 732 2405 797 sint,
2435 731 2576 801 quod
2615 747 2719 788 non
2757 731 2991 786 dubitem
3033 733 3160 801 quin
3201 732 3380 787 omnia
3416 731 3555 803 apud
3597 748 3695 788 nos

2109 825 2404 893 spiritualia
2435 825 2561 888 sint,
2592 839 2654 879 ac
2683 840 2777 879 vos
2806 823 2994 879 harum
3036 839 3216 880 rerum
3255 833 3418 880 testes
3445 824 3692 879 habeam.

2125 915 2361 970 Volebam
2386 917 2555 971 venire
2583 916 2651 970 ad
2666 931 2773 982 vos,
2798 917 2884 971 16.
2913 928 2961 970 et
2988 933 3075 985 per
3095 932 3180 971 vos
3212 918 3428 970 transire
3446 917 3500 970 in
3527 916 3699 971 Mace-

2113 1009 2337 1063 doniam.
2367 1009 2525 1078 Atqui
2557 1010 2882 1063 contrarium
2907 1009 2956 1062 in
2982 1008 3157 1078 priore
3184 1009 3406 1078 epistola
3434 1006 3700 1078 pollicitus

2116 1101 2307 1167 fuerat,
2341 1101 2425 1156 his
2457 1101 2636 1156 verbis
2664 1111 2819 1155 utens
2854 1117 2868 1153 :
2907 1099 3116 1154 Veniam
3147 1111 3314 1154 autem
3349 1101 3417 1154 ad
3453 1117 3561 1166 vos,
3584 1116 3701 1153 cum

2117 1191 2473 1248 Macedoniam
2498 1195 2747 1248 transiero
2772 1209 2790 1247 :
2822 1192 3176 1246 Macedoniam
3203 1193 3336 1246 enim
3366 1193 3699 1263 pertransibo.

2115 1287 2215 1354 Qui
2246 1286 2302 1340 fit
2331 1287 2529 1356 itaque,
2556 1295 2613 1340 ut
2641 1285 2728 1339 hic
2758 1285 3041 1354 pugnantia
3071 1283 3248 1338 dicat?
3274 1283 3388 1339 Non
3417 1284 3700 1354 pugnantia

2118 1380 2270 1445 dicit,
2314 1379 2452 1434 absit
2479 1397 2493 1434 :
2529 1377 2644 1433 haec
2672 1379 2814 1433 enim
2841 1392 2960 1432 cum
2989 1379 3054 1432 iis
3083 1377 3295 1448 quidem
3323 1394 3442 1450 qua:
3471 1379 3705 1448 scripse-

2119 1483 2224 1540 rat,
2256 1473 2597 1544 pugnabant;
2625 1489 2746 1526 cum
2775 1473 2839 1526 iis
2868 1481 3067 1536 autem,
3101 1487 3220 1542 qua:
3248 1472 3302 1526 in
3332 1472 3512 1526 animo
3539 1472 3704 1528 hahe-

2123 1565 2245 1632 bat,
2274 1565 2492 1620 minime
2536 1566 2858 1635 pugnabant.
2903 1563 3025 1619 Ideo
3057 1580 3160 1618 non
3194 1563 3280 1618 hic
3309 1563 3474 1630 dixit,
3506 1563 3708 1634 Scripsi

2125 1672 2211 1712 me
2233 1672 2326 1727 per
2347 1673 2439 1710 vos
2458 1657 2508 1710 in
2529 1655 2890 1711 Macedoniam
2915 1657 3282 1723 transiturum,
3303 1656 3414 1721 sed,
3451 1655 3706 1711 Volebam.

2125 1746 2254 1802 Nam
2286 1748 2496 1803 etiamsi
2527 1763 2631 1803 non
2665 1749 2735 1803 ita
2766 1749 3071 1819 scripserim
3096 1790 3110 1814 ,
3145 1749 3344 1817 inquit,
3375 1758 3551 1804 tamen
3593 1759 3709 1804 stu-

2126 1840 2317 1894 debam
2343 1855 2406 1896 ac
2432 1841 2711 1910 cupiebam
2753 1843 2899 1912 prius
2939 1857 3152 1914 quoque
3181 1843 3246 1897 ad
3277 1857 3372 1897 vos
3405 1843 3664 1913 proficisci
3690 1860 3708 1910 ;

2129 1938 2438 2001 tantumque
2465 1931 2637 1994 abest,
2668 1940 2728 1986 ut
2755 1933 2930 1987 serius
2956 1949 3115 2002 quam
3148 1935 3494 2003 promiseram
3519 1934 3586 1989 ad
3616 1950 3713 1988 vos

2132 2039 2216 2078 me
2242 2023 2558 2090 conferrem,
2584 2032 2643 2078 ut
2667 2025 2834 2094 ipsam
2857 2041 3074 2095 quoque
3101 2026 3537 2097 pollicitationem
3565 2037 3709 2081 ante-

2131 2128 2340 2172 vertere
2362 2133 2632 2187 cuperem.
2663 2115 2730 2172 Ut
2751 2119 3025 2173 secundam
3045 2120 3262 2190 gratiam
3287 2121 3554 2175 haberetis.
3578 2121 3710 2188 Quid

2132 2221 2235 2278 est,
2269 2211 2559 2267 Secundam
2579 2212 2606 2265 .7
2641 2211 2912 2281 Duplicem
2944 2230 2958 2266 :
2991 2212 3215 2267 alteram
3247 2228 3438 2283 nempe
3468 2229 3560 2283 per
3592 2213 3713 2268 lite-

2134 2325 2240 2374 ras,
2271 2308 2492 2362 alteram
2523 2323 2617 2376 per
2648 2306 3008 2376 przesentiam.
3038 2305 3141 2361 Per
3175 2308 3397 2377 gratiam
3430 2322 3590 2378 porro
3617 2308 3716 2363 huc

2136 2403 2254 2457 loco
2281 2400 2517 2454 laetitiam
2548 2399 2812 2469 intelligit.
2851 2397 2914 2452 Et
2944 2415 3033 2464 per
3053 2415 3137 2453 vos
3159 2395 3371 2452 transire
3395 2399 3448 2452 in
3477 2399 3718 2453 Macedo-

2139 2491 2296 2555 niam,
2326 2500 2371 2544 et
2397 2507 2572 2544 rursus
2602 2507 2633 2543 a
2666 2489 2967 2544 Macedonia
2997 2490 3212 2544 transire
3239 2490 3307 2543 ad
3333 2506 3436 2556 vos,
3459 2501 3503 2542 et
3527 2507 3557 2541 a
3584 2492 3722 2543 vobis

2139 2584 2320 2638 deduci
2343 2585 2396 2638 in
2422 2582 2680 2639 Iudicum.
2724 2584 2812 2639 17.
2841 2581 2965 2637 Cum
2990 2598 3109 2654 ergo
3137 2583 3230 2636 hoc
3254 2581 3449 2647 vellem,
3481 2584 3724 2650 numun

2139 2676 2342 2730 levitate
2366 2691 2488 2729 usus
2513 2691 2624 2728 sum
2646 2675 2673 2728 ?

2211 2767 2264 2822 5.
2296 2767 2389 2822 Hic
2413 2766 2521 2835 jam
2553 2776 2695 2820 recta
2725 2774 2777 2821 et
2804 2775 2989 2835 aperte
3039 2767 3391 2822 cunctationis
3447 2767 3722 2822 absentia--

2141 2873 2245 2928 que
2271 2861 2472 2912 crimen
2499 2873 2528 2911 a
2557 2874 2614 2914 se
2643 2860 2939 2928 propulsat.
2965 2859 3115 2925 Quod
3145 2861 3285 2914 enim
3314 2861 3408 2922 ait,
3440 2860 3572 2914 hanc
3597 2876 3722 2914 scn-

2145 2949 2363 3004 tentiam
2414 2949 2617 3004 habet:
2652 2949 2903 3004 Volebam
2956 2951 3140 3005 venire
3177 2951 3242 3004 ad
3289 2966 3383 3005 vos
3414 2968 3429 3005 :
3461 2968 3555 3006 cur
3598 2968 3724 3022 ergo

2146 3057 2249 3095 non
2273 3041 2432 3096 veni?
2452 3057 2516 3094 an
2540 3041 2682 3111 quod
2707 3042 2916 3097 levitate
2939 3053 2991 3095 et
3014 3043 3365 3096 inconstantia
3392 3042 3685 3098 laborarem
3702 3043 3728 3094 '.'

2149 3134 2248 3190 hoc
2275 3135 2416 3190 enim
2444 3133 2699 3203 signiﬁcat
2729 3134 2888 3198 istud,
2919 3133 3186 3207 Numquid
3210 3137 3406 3190 levitate
3433 3153 3552 3191 usus
3576 3136 3727 3190 sum?

2147 3226 2382 3281 Minime.
2415 3224 2552 3293 Quid
2580 3227 2737 3296 igitur
2762 3241 2934 3280 causa:
2962 3229 3085 3280 est?
3130 3227 3382 3294 Quoniam
3410 3240 3523 3299 quae
3544 3230 3726 3299 cogito,

2149 3336 2252 3373 non
2279 3319 2554 3373 secundum
2581 3334 2781 3372 carnem
2807 3319 2990 3389 cogito.
3022 3318 3156 3387 Quid
3186 3329 3288 3384 est,
3315 3318 3435 3374 Non
3458 3321 3730 3374 secundant

2149 3428 2351 3467 carnem
2372 3409 2574 3483 cogito?
2603 3410 2717 3465 Non
2748 3411 2949 3465 carnali
2981 3410 3158 3465 modo.
3191 3410 3256 3467 L't
3275 3413 3341 3466 sit
3359 3413 3498 3482 apud
3516 3430 3615 3479 me,
3638 3411 3732 3466 Est

2152 3520 2243 3572 est,
2266 3507 2406 3572 Non,
2422 3525 2542 3561 non.
2560 3509 2622 3560 At
2639 3507 2690 3561 id
2708 3522 2917 3577 quoque
2930 3506 3212 3562 obscurum
3234 3517 3336 3561 est.
3352 3506 3612 3574 Quidnam
3635 3508 3733 3576 igi-

2155 3611 2240 3656 tur
2267 3602 2350 3656 his
2375 3601 2551 3656 verbis
2581 3600 2680 3656 sibi
2711 3601 2861 3655 vult?
2891 3601 3128 3656 Carnalis
3155 3602 3330 3665 homo,
3365 3600 3468 3655 hoc
3505 3611 3606 3665 est,
3637 3602 3730 3672 qui

2154 3696 2505 3766 praesentibus
2533 3695 2696 3751 rebus
2721 3696 2912 3751 affixus
2939 3704 3020 3750 est
3044 3711 3106 3750 ac
3135 3703 3388 3765 perpetuo
3420 3695 3474 3749 in
3511 3695 3578 3750 iis
3605 3712 3732 3750 ver-

2156 3798 2320 3852 satur,
2351 3796 2404 3843 et
2433 3802 2462 3840 a
2491 3786 2718 3857 Spiritus
2745 3788 3058 3857 operatione
3103 3787 3305 3843 alienus
3326 3795 3431 3854 est,
3469 3788 3734 3859 quaslibet

2157 3881 2211 3934 iu
2242 3894 2364 3935 oras
2391 3879 2650 3950 proﬁcisci
2678 3891 2732 3935 et
2756 3881 2934 3952 vagari
2977 3896 3071 3951 pro
3109 3880 3274 3935 lubito
3305 3891 3498 3950 potest.
3524 3885 3594 3935 At
3613 3881 3736 3952 Spi-

2160 3972 2292 4026 ritus
2332 3972 2596 4038 minister,
2627 3973 2822 4042 quique
2867 3973 2934 4026 ab
2977 3986 3041 4027 eo
3067 3973 3279 4026 afflatur
3302 3987 3365 4026 ac
3391 3973 3736 4028 circumduci-

2161 4073 2276 4129 tur,
2318 4079 2421 4118 non
2467 4073 2642 4135 potest
2683 4065 2879 4135 ubique
2915 4079 3011 4135 pro
3052 4065 3275 4120 arbitrio
3299 4081 3398 4120 suo
3435 4082 3492 4121 se
3519 4082 3736 4137 gerere.

2162 4157 2357 4226 quippe
2383 4171 2540 4226 quem
2568 4155 2799 4224 Spiritus
2827 4157 3128 4212 auctoritati
3162 4158 3231 4210 ita
3266 4157 3561 4222 addixerit,
3591 4169 3645 4212 ut
3675 4174 3738 4213 ex

2164 4249 2329 4317 ipsius
2357 4260 2485 4303 nutu
2518 4248 2748 4318 pendeat
2775 4270 2788 4303 :
2817 4264 2997 4302 vermn
3023 4249 3244 4317 perinde
3271 4249 3347 4302 illi
3373 4249 3580 4312 accidit,
3612 4259 3668 4302 ut
3697 4251 3740 4305 si

2166 4342 2360 4409 probus
2375 4341 2636 4410 quispiam
2657 4355 2861 4404 servus,
2883 4340 2972 4409 qui
2990 4339 3060 4393 ob
3076 4340 3261 4394 herilia
3283 4341 3499 4410 imperia
3515 4324 3743 4411 quaquo.

2165 4447 2375 4486 versum
2399 4431 2734 4499 distrahitur,
2763 4448 2860 4487 nec
2890 4433 2969 4485 sui
2994 4433 3128 4501 juris
3151 4442 3309 4503 atque
3330 4433 3534 4488 arbitrii
3553 4443 3654 4498 est,
3685 4450 3747 4489 ac

2167 4539 2234 4576 ne
2266 4523 2525 4576 tantillum
2549 4524 2761 4593 quidem
2783 4523 3076 4592 respirandi
3100 4523 3400 4579 facultatem
3423 4524 3602 4588 habet,
3621 4540 3744 4579 con-

2167 4617 2337 4669 servis
2367 4617 2478 4670 suis
2505 4616 2680 4686 aliqua
2711 4617 3023 4685 promittat,
3049 4631 3108 4669 ac
3131 4615 3323 4670 deinde
3341 4659 3354 4680 ,
3387 4617 3509 4686 quit
3532 4616 3753 4670 domino

2168 4709 2320 4762 aliter
2353 4709 2588 4778 placeat,
2624 4711 2840 4763 minime
2869 4719 3085 4778 praestet
3109 4727 3227 4780 qua:
3259 4712 3596 4780 promiserat.
3639 4711 3754 4764 Η(ιο

2171 4803 2328 4871 igitur
2368 4803 2472 4866 ait,
2512 4802 2627 4856 Non
2670 4803 2963 4856 secundum
3004 4819 3220 4857 carnem
3259 4803 3534 4868 consulte,
3580 4819 3754 4870 neque

2170 4909 2198 4947 a
2241 4893 2473 4964 Spiritus
2506 4895 2889 4964 gubernatione
2934 4895 3069 4949 liber
3110 4906 3268 4964 atque
3304 4895 3556 4950 immunis
3595 4911 3746 4962 sum,

2173 5002 2272 5041 nrc
2311 4986 2473 5051 mihi,
2516 5000 2623 5056 quo
2667 4986 2866 5050 libeat,
2902 4986 3166 5056 proficisci
3214 4987 3356 5041 licet.
3407 4986 3539 5042 Nam
3589 4987 3750 5040 Para-

2171 5080 2294 5132 cleti
2326 5077 2549 5147 imperio
2574 5086 2627 5132 et
2655 5077 2842 5132 edictis
2863 5077 3149 5146 subjicior,
3181 5088 3340 5146 atque
3366 5077 3432 5132 ad
3461 5077 3627 5147 ipsius
3657 5077 3755 5130 ral-

2173 5171 2349 5223 cnlum
2377 5185 2506 5239 agor
2529 5184 2592 5223 ac
2615 5168 2969 5239 circumagor.
2992 5169 3127 5223 Hinc
3157 5168 3350 5223 factum
3380 5178 3465 5223 est
3495 5177 3547 5222 ut
3573 5169 3760 5224 venire

2173 5261 2506 5330 nequiverim
2552 5276 2704 5315 :uon
2765 5261 2906 5316 enim
2961 5261 3182 5330 Spiritui
3240 5261 3454 5330 placuit.
3507 5259 3564 5314 Id
3617 5258 3758 5330 quod

2174 5351 2333 5406 etiam
2362 5351 2414 5403 in
2439 5351 2662 5405 Actuum
2696 5351 2833 5405 libro
2862 5352 3128 5421 plerisque
3159 5353 3289 5405 locis
3331 5351 3429 5421 ipsi
3469 5365 3566 5403 usu
3614 5349 3759 5403 venit

2175 5441 2321 5512 (Act.
2381 5440 2526 5510 16):
2577 5442 2684 5497 alio
2731 5443 2873 5497 enim
2925 5457 2983 5497 se
3031 5442 3280 5498 Conferre
3339 5442 3761 5498 censtituentent

2176 5532 2406 5601 Spiritus
2430 5532 2535 5587 alio
2560 5535 2821 5603 prolicisci
2847 5534 3084 5604 jnbebat.
3111 5534 3466 5602 Quamobrem
3491 5548 3598 5586 non
3619 5546 3755 5585 mere

2177 5624 2405 5681 levitatis
2434 5635 2488 5680 et
2525 5627 2897 5681 inconstantiae
2925 5637 3028 5691 est,
3059 5627 3250 5696 inquit,
3281 5627 3420 5696 quod
3454 5640 3560 5678 non
3592 5638 3754 5677 vene-

2177 5720 2314 5787 rim,
2343 5716 2438 5774 sed
2482 5719 2623 5790 quod
2662 5717 2921 5791 Spiritui,
2962 5719 3047 5775 cui
3078 5719 3348 5796 subjectus
3394 5731 3544 5785 sum,
3572 5729 3764 5788 parcu-
