4122 6226
503 281 605 342 407

498 401 596 472 τὴν
627 402 708 462 είς
735 402 898 456 αὐτὸν
933 403 1141 460 ἐλπίδα.
1185 408 1303 462 ’Ότι
1339 410 1618 478 καύχημα
1649 410 1820 480 ὑμῶν
1859 413 2063 480 ἐσμεν,

495 490 764 560 καθάπερ
804 494 899 548 καὶ
937 498 1104 564 ὑμεῖς
1134 499 1325 568 ἡμῶν,
1367 501 1438 554 ἐν
1474 500 1548 570 τῇ
1595 501 1786 571 ἡμέρᾳ
1818 501 1926 556 τοῦ
1956 507 2070 557 Κυ-

485 585 626 652 ρίου
653 584 823 654 ἡμῶν
881 587 1084 655 Ἰησοῦ
1114 589 1392 657 Χριστοῦ.
1442 592 1708 646 Ἐνταῦθα
1737 592 1829 646 τδν
1869 593 1933 646 ἐκ
1960 595 2069 646 τῶν

491 677 796 746 εἰρημένων
828 678 1191 750 ὑποτέμνεται
1223 682 1436 749 φθόνον,
1465 684 1730 755 μεριστάς
1756 685 1955 748 αὐτοὺς
1976 689 2068 738 καὶ

491 770 782 833 κοινωνοὺς
815 772 1049 842 ποιήσας
1077 772 1177 843 τῆς
1203 774 1360 846 δόξης
1387 776 1496 830 τῶν
1516 776 1680 831 αὐτοῦ
1709 777 2068 849 κατορθωμά-

491 877 620 917 των.
653 862 727 916 Οὐ
775 861 884 933 γὰρ
932 865 1124 938 μέχρις
1167 867 1324 937 ⁴ήμῶν
1369 868 1620 939 ἕστηκεν,
1668 869 1805 922 ἀλλὰ
1848 869 1940 922 καὶ
1988 870 2068 932 είς

490 955 636 1025 ὑμᾶς
663 955 945 1022 διαϐαίνει,
972 959 1067 1011 καὶ
1091 960 1252 1013 πάλιν
1284 961 1376 1031 ἀφ’
1406 961 1558 1032 ὐμῶν
1583 964 1663 1024 είς
1688 963 1853 1032 ἡμᾶς.
1889 962 2069 1014 Ἐπει-

491 1045 555 1117 δὴ
588 1046 694 1118 γὰρ
735 1047 940 1119 ἐπῆρεν
978 1050 1192 1114 ἑαυτὸν,
1234 1053 1329 1106 καὶ
1375 1052 1483 1105 τῶν
1516 1053 1892 1124 παρελθόντων
1923 1069 2065 1122 παρ-

491 1139 647 1211 έσχεν
669 1141 962 1208 ἀπόδειξιν,
997 1143 1090 1195 καὶ
1109 1143 1178 1196 τὰ
1209 1144 1472 1214 μέλλοντα
1499 1146 1864 1216 ἐνεγγυήσατο
1884 1163 1898 1177 ·
1926 1145 2065 1198 ὥστε

493 1233 571 1303 μὴ
612 1233 915 1305 ἐπισκῆψαι
963 1239 1089 1302 τοὺς
1123 1239 1417 1305 ἀκούοντας
1453 1241 1528 1306 ὡς
1575 1240 2063 1312 μεγαληγοροῦντι.

493 1321 629 1392 μηδέ
662 1324 743 1388 είς
774 1325 1092 1394 βασκανίαν,
1122 1331 1258 1400 ὅπερ
1288 1330 1445 1400 ἐφην,
1493 1331 1858 1401 ἐξενεχθῆναι,
1899 1332 2068 1383 κοινοῖ

488 1411 550 1464 τὸ
570 1412 850 1484 καύχημα,
901 1416 996 1469 καὶ
1047 1418 1225 1471 αὐτῶν
1273 1417 1410 1472 εἶναί
1441 1436 1572 1490 φησι
1615 1419 1706 1472 τὸν
1744 1419 1852 1472 τῶν
1887 1421 2062 1488 ἐγκω‹

493 1502 633 1572 μίων
663 1505 926 1574 στέφανον
967 1508 1176 1564 τοῦτον.
1226 1490 1323 1562 "Av
1351 1510 1460 1581 7&9
1505 1509 1739 1564 τοιοῦτοι
1781 1511 2060 1580 φανῶμεν,

490 1590 674 1661 φησὶν,
701 1593 730 1644 ό
767 1592 986 1660 έπαινος
1017 1597 1173 1668 ήμῶν
1197 1597 1352 1670 ὑμῶν
1378 1601 1412 1669 ὴ
1441 1599 1596 1664 δόξα·
1628 1599 1818 1672 ὥσπερ
1849 1595 1942 1654 οὖν
1969 1600 2062 1653 καὶ

490 1681 644 1752 ὐμῶν
673 1682 1103 1755 εὐδοκιμούντων
1137 1689 1298 1758 ἡμεῖς
1325 1689 1676 1760 ἀγαλλόμεθα
1703 1691 1796 1744 καὶ
1826 1691 2061 1757 σκιρτῶσ-

491 1788 593 1840 μεν
617 1772 710 1826 καὶ
741 1776 1170 1849 στεφανούμεθα.
1200 1780 1370 1834 Πάλιν
1404 1781 1685 1836 κάνταῦθα
1711 1783 1846 1836 πολὺ
1875 1783 1937 1836 τὸ
1960 1783 2062 1853 τῆς

488 1867 988 1938 ταπεινοφροσύνης
1019 1869 1184 1924 αὐτοῦ
1209 1872 1276 1925 δι’
1299 1865 1374 1926 ὧν
1407 1874 1630 1945 εἴρηκεν
1664 1874 2057 1928 ἐπιδείκνυται.

489 1953 568 2007 Οὐ
594 1955 702 2027 7&9
730 1957 806 2021 ὡς
851 1958 1168 2026 διδάσκαλος
1215 1964 1503 2036 μαθηταῖς,
1545 1967 1660 2020 ἀλλ’
1697 1967 1770 2031 ὼς
1814 1966 2060 2038 μαθητὴς

493 2046 759 2117 μαθηταῖς
785 2050 1068 2122 ὁμοτίμοις
1093 2054 1490 2127 διαλεγόμενος,
1514 2058 1686 2122 οὕτως
1707 2059 1943 2125 ἐξισάζει
1973 2058 2060 2112 τὸν

491 2136 669 2207 λόγον.
699 2141 808 2194 Καὶ
832 2141 929 2196 θέα
965 2143 1082 2210 πῶς
1110 2147 1306 2212 αὐτοὺς
1335 2148 1571 2221 ὑψηλοὺς
1597 2154 1764 2216 ποιεῖ,
1793 2152 1888 2204 καὶ
1913 2150 2063 2219 φιλο·-

495 2227 690 2299 σοφίας
736 2230 950 2304 πληροῖ,
982 2237 1370 2307 παραπέμπων
1401 2239 1584 2314 ἐκείνῃ
1619 2243 1685 2312 τῇ
1735 2241 1934 2312 ήμέρᾳ.
1967 2240 2059 2310 Μὴ

493 2319 602 2389 γάρ
627 2337 715 2390 μοι
739 2322 808 2377 τὰ
834 2325 1077 2396 παρόντα
1104 2327 1316 2398 εἴπητε,
1341 2331 1496 2401 φησὶ,
1526 2333 1794 2396 τουτέστι,
1826 2334 1895 2387 τὰ
1922 2332 2062 2385 ὀνεί-

489 2411 579 2482 δη,
607 2412 708 2478 τὰς
731 2413 1014 2487 λοιδορίας,
1045 2419 1115 2472 τά
1148 2419 1459 2492 σκώμματα
1490 2423 1558 2476 τά
1588 2425 1738 2494 παρὰ
1783 2425 1892 2478 τῶν
1930 2424 2061 2478 πολ-

491 2503 632 2560 λῶνο
656 2505 812 2560 οὐδὲν
843 2507 951 2578 γὰρ
991 2509 1132 2580 μέγα
1177 2510 1248 2564 τὰ
1285 2513 1535 2579 ἐνταῦθα,
1582 2512 1705 2568 οὔτε
1746 2514 1816 2568 τά
1849 2515 2061 2586 χρηστά

491 2595 612 2652 οὔτε
639 2598 708 2653 τά
727 2598 967 2672 λυπηρὰ,
998 2603 1059 2655 οὐ
1081 2602 1151 2656 τά
1175 2604 1505 2676 σκώμματα,
1535 2606 1596 2659 οὐ
1623 2607 1691 2660 τά
1711 2606 1961 2678 ἐγκώμια
1990 2607 2058 2660 τὰ

493 2687 643 2758 παρά
684 2688 795 2742 τῶν
837 2690 1172 2762 ἀνθρώπων
1221 2693 1336 2748 ἀλλ’
1383 2696 1767 2768 ἀναμνήσθητέ
1829 2714 1918 2768 μοι
1959 2699 2059 2767 τῆς

493 2778 705 2851 ήμέρας
748 2783 962 2855 ἐκείνης
1009 2783 1112 2856 τῆς
1145 2785 1381 2857 φοϐερᾶς
1415 2789 1507 2840 καὶ
1559 2787 1880 2860 φρικώδους,
1919 2790 1979 2841 ἐν

493 2873 667 2927 πάντα
723 2874 1253 2948 ἀνακεκαλυμμένα.
1305 2880 1437 2933 Τότε
1486 2881 1596 2952 γὰρ
1638 2882 1730 2935 καὶ
1781 2883 1942 2952 ἡμεῖς
1999 2883 2058 2933 ἐν

491 2961 620 3034 ύμῖν
653 2963 749 3018 καὶ
783 2965 940 3036 ὑμεῖς
971 2967 1030 3020 ἐν
1059 2968 1192 3038 ήμῖν
1217 2969 1750 3042 καλλωπισθήσεσθε,
1797 2973 1926 3027 ὅταν
1965 2973 2057 3026 καὶ

491 3053 648 3125 ὑμεῖς
675 3056 936 3128 φαίνησθε
979 3060 1253 3126 τοιούτους
1295 3063 1509 3134 ἔχοντες
1538 3065 1912 3132 διδασκάλους,
1952 3085 2058 3138 μη-

489 3143 579 3199 δὲν
603 3145 944 3219 ἀνθρώπινον
972 3149 1344 3216 διδάσκοντας,
1389 3153 1524 3225 μηδὲ
1563 3156 1795 3227 πονηρίᾳ
1835 3158 2058 3228 συνεζη-

491 3233 673 3301 ιιότας,
717 3237 852 3308 μηδὲ
877 3237 1048 3310 λαϐήν
1075 3257 1202 3295 τινα
1229 3241 1547 3307 δεδωκότας,
1579 3245 1674 3298 καὶ
1697 3247 1858 3318 ἡμεῖς
1886 3246 2060 3301 τοιού-

491 3340 616 3392 τους
641 3327 854 3398 ἐχοντες
879 3328 1146 3402 μαθητὰς,
1173 3333 1338 3404 μηδὲν
1361 3334 1700 3406 ἀνθρώπινον
1729 3341 2054 3409 πάσχοντας,

495 3424 630 3497 μηδὲ
677 3425 1090 3498 σαλευομένους,
1142 3429 1276 3483 ἀλλά
1331 3433 1470 3501 μετὰ
1527 3434 1834 3507 προθυμίας
1881 3439 2058 3492 πάντα

495 3516 948 3590 ὑποδεχομένους,
996 3521 1091 3574 καὶ
1149 3521 1461 3592 μηδαμόθεν
1502 3527 2052 3600 παραλογιζομένους.

492 3610 602 3665 Καὶ
633 3610 728 3664 νῦν
759 3610 860 3682 μὲν
887 3611 993 3685 γὰρ
1028 3612 1200 3668 ταῦτα
1227 3614 1362 3685 δῆλα
1388 3619 1500 3682 τοῖς
1524 3618 1647 3672 νοῦν
1673 3619 1857 3690 έχουσι
1889 3636 1903 3650 °
1935 3622 2056 3676 τότε

490 3701 549 3755 δὴ
579 3703 765 3756 πᾶσιν.
799 3703 962 3757 Ὥστε
1002 3706 1052 3758 εί
1091 3706 1186 3760 καὶ
1212 3705 1505 3780 θλιϐόμεθα
1550 3710 1696 3783 [444]
1730 3712 1843 3775 νῦν.
1877 3713 1937 3767 οὐ
1971 3732 2059 3785 μι-

494 3793 634 3864 κρὰν
672 3795 768 3848 καὶ
795 3794 1000 3866 ταύτην
1036 3794 1235 3868 ἔχομεν
1265 3801 1650 3871 παραμυθίανο
1677 3802 1772 3856 νῦν
1817 3803 1917 3874 μὲν
1961 3805 2058 3874 τὴν

489 3885 602 3939 ἀπὸ
624 3886 718 3940 τοῦ
751 3887 1069 3956 συνειδότος,
1106 3890 1228 3942 τότε
1263 3891 1318 3944 δὲ
1350 3893 1443 3946 καὶ
1465 3894 1564 3965 τὴν
1589 3896 1699 3949 ἀπὸ
1727 3897 1826 3968 τῆς
1849 3897 2056 3969 ἐκλάμι

491 3972 637 4042 ψεως
667 3975 856 4047 αὐτῆς.
887 3976 1002 4032 Νῦν
1041 3980 1140 4048 μὲν
1173 3979 1282 4051 γὰρ
1325 3982 1386 4034 τὸ
1421 3984 1657 4048 συνειδὸς
1693 3987 1849 4056 ήμῶν
1895 3984 2056 4054 οἵδεν,

495 4065 578 4118 ὅτι
604 4065 787 4138 χάριτι
817 4068 954 4122 Θεοῦ
986 4071 1161 4126 πάντα
1193 4073 1474 4144 ποιοῦμεν,
1524 4076 1600 4139 ὡς
1633 4079 1726 4130 καὶ
1758 4078 1914 4150 ὑμεῖς
1943 4081 2057 4135 ῖστε

495 4156 595 4210 καὶ
614 4157 822 4214 εῐσεσθε
845 4177 860 4191 ·
895 4161 1018 4216 τότε
1056 4162 1114 4216 δὲ
1143 4164 1236 4216 καὶ
1265 4167 1463 4228 πάντες
1489 4167 1820 4238 μαθήσονται
1850 4170 2059 4243 ἀνθρω-

493 4265 588 4304 τωι
616 4249 710 4304 καὶ
730 4255 800 4305 τά
823 4253 1068 4326 ήμέτερα
1102 4257 1283 4311 καὶτὰ
1306 4257 1478 4327 ὐμῶν,
1512 4259 1606 4312 καὶ
1637 4260 1854 4330 ὄψονται
1874 4262 1941 4316 δι’
1961 4265 2056 4318 ἀλο

492 4341 669 4416 λήλων
699 4346 844 4417 ἡμᾶς
875 4347 1286 4420 δοξαζομένους.
1331 4352 1448 4405 Ἵνα
1482 4351 1590 4424 γὰρ
1627 4355 1700 4425 μὴ
1739 4356 1866 4429 δόξῃ
1900 4358 2057 4428 μόνος

492 4435 655 4500 αὐτὸς
682 4433 822 4491 εῐναι
841 4439 1088 4510 λαμπρὸς
1115 4441 1222 4494 ἀπὸ
1251 4445 1349 4513 τῆς
1374 4445 1716 4514 καυχήσεως,
1754 4447 1845 4500 καὶ
1874 4449 2058 4513 αὐτοῖς

485 4528 704 4584 δίδωσιν
747 4530 924 4585 αἰτίαν
977 4530 1071 4586 τοῦ
1124 4534 1489 4603 καυχήματος,
1540 4537 1634 4590 καὶ
1687 4537 1889 4607 ἀπάγει
1951 4542 2056 4593 τῶν

490 4614 774 4687 παρόντων
805 4616 1082 4689 λυπηρῶν.
1111 4620 1222 4674 Καὶ
1239 4621 1375 4693 ὅπερ
1404 4623 1497 4676 ἐπὶ
1532 4624 1631 4696 τῆς
1652 4627 2054 4699 παρακλήσεως

489 4705 746 4778 ἐποίησεν
764 4707 1134 4774 είπὼν,ὅτιΔι’
1164 4711 1307 4783 ὑμᾶς
1341 4730 1584 4783 παρακα,
1618 4715 1876 4788 λούμεθα,
1898 4719 2054 4772 τοῦτο

490 4800 586 4852 καὶ
611 4799 847 4855 ἐνταῦθα
883 4805 1046 4870 ποιεῖ,
1081 4804 1159 4856 Δι’
1190 4803 1333 4874 ὑμᾶς
1361 4806 1691 4877 καυχώμεθα
1719 4808 1910 4877 λέγων,
1942 4809 2051 4864 ὦσ-

489 4907 599 4965 περ
629 4893 725 4947 καὶ
747 4893 902 4963 ὑμεῖς
927 4895 994 4949 δι’
1023 4896 1190 4967 ἡμᾶς,
1230 4897 1504 4969 πανταχοῦ
1544 4902 1829 4964 κοινωνοὺς
1855 4903 2053 4966 αὐτοὺς

491 4983 661 5039 ποιῶν
687 4985 962 5053 ἀπάντων,
987 4988 1085 5058 τῆς
1106 4987 1521 5060 παρακλήσεως,
1556 4989 1666 5042 τῶν
1694 4990 2050 5062 παθημάτων,

488 5073 592 5146 τῆς
633 5077 907 5148 σωτηρίας
947 5079 1048 5149 τῆς
1094 5080 1258 5134 αὐτοῦ
1293 5096 1308 5111 ⁸
1362 5080 1457 5134 καὶ
1497 5079 1606 5152 γὰρ
1642 5080 1741 5152 τὴν
1781 5086 2052 5156 σωτηρίαν

490 5165 696 5236 ταύτην
735 5170 856 5231 ταῖς
894 5169 1078 5240 εὐχαῖς
1127 5171 1306 5224 αὐτῶν
1355 5170 1624 5240 λογίζεται
1651 5189 1664 5202 ο
1703 5176 2051 5245 Συνυπουρι

491 5260 760 5330 γούντων
788 5261 897 5334 γάρ
939 5262 1100 5332 ὑμῶν
1151 5262 1227 5333 τῇ
1273 5263 1496 5331 δεήσει,
1529 5265 1712 5337 φησὶν,
1757 5266 2051 5336 ἐρρύσατο

491 5350 650 5420 ἡμᾶς
676 5355 710 5406 ό
736 5352 898 5418 Θεός.
934 5353 1088 5406 Οὕτω
1109 5353 1173 5424 δὴ
1211 5355 1304 5407 καὶ
1331 5355 1401 5408 τὰ
1437 5357 1764 5428 καυχήματα
1789 5359 1940 5413 κοινὰ
1969 5361 2051 5412 τί-

492 5437 670 5512 θησιν.
697 5443 907 5514 Ὠσπερ
945 5443 1055 5516 γὰρ
1093 5446 1209 5498 ἐκεῖ
1239 5462 1423 5516 φησιν·
1459 5447 1697 5517 Είδότες
1727 5450 1815 5504 ὅτι
1847 5450 2049 5521 ὥσπερ

491 5532 768 5612 κοινωνοί
789 5533 929 5588 ἐστε
947 5533 1065 5588 τῶν
1085 5536 1462 5606 παθημάτων,
1493 5540 1645 5594 οὕτω
1680 5542 1777 5596 καὶ
1807 5542 1916 5612 τῆς
1941 5560 2050 5598 πα-

481 5621 845 5698 ρακλήσεως
879 5641 893 5655 ο
933 5626 1073 5681 οὕτω
1114 5630 1206 5682 καὶ
1254 5628 1485 5690 ἐνταῦθα
1503 5670 1518 5696 ,
1557 5633 1844 5707 Καύχημα
1884 5638 2050 5705 ὑμῶν

491 5711 700 5783 ἐσμεν,
748 5715 1007 5788 καθάπερ
1047 5719 1143 5773 καὶ
1173 5720 1340 5789 ὑμεῖς
1374 5721 1562 5791 ἡμῶν.
1601 5725 1710 5778 Καὶ
1761 5727 1944 5797 ταύτῃ
1974 5729 2049 5798 τῇ

1547 291 1615 349 IN
1657 292 1880 350 EPIST.
1923 295 1961 351 ll
1990 297 2080 350 AD
2121 297 2275 356 COR.
2317 296 2551 357 HOMIL.
2579 300 2664 355 111.

3649 301 3753 358 ιοε

2182 417 2525 483 πεποιθήσει
2568 415 2906 482 ἐϐουλόμην
2942 416 3228 483 πρότερον
3282 414 3429 483 πρὸς
3466 412 3619 482 ὑμᾶς
3647 414 3752 467 ἐλ-

2177 505 2320 560 θεῖν.
2357 508 2494 578 Ποία
2524 507 2876 575 πεποιθήσει;
2902 506 2993 576 Τῷ
3015 507 3220 577 σφόδρα
3247 505 3472 578 θαρρεῖν
3497 507 3646 574 ύμῖν,
3673 505 3754 575 τῷ

2176 601 2488 670 καυχᾶσθαι
2529 602 2616 670 ἐφ’
2644 602 2794 672 ὑμῖν,
2843 600 2922 671 τῷ
2969 599 3230 670 καύχημα
3274 598 3432 669 ὐμῶν
3473 593 3634 658 εἶναι.
3673 597 3755 668 τῷ

2175 690 2376 760 σφόδρα
2416 692 2562 761 ὑμᾶς
2609 691 2850 762 ἀγαπᾷν,
2897 691 2974 762 τῷ
3024 691 3188 762 μηδὲν
3231 689 3407 760 ἐαυτῷ
3455 688 3752 744 συνειδέναι

2173 783 2442 852 πονηρὸν,
2512 783 2589 853 τῷ
2645 783 2959 836 πεποιθέναι
3025 783 3108 836 ὅτι
3173 781 3351 835 πάντα
3408 781 3752 852 πνευματικὰ

2171 873 2302 944 παρ’
2331 873 2481 943 ήμῖν,
2518 874 2612 926 καὶ
2645 875 2790 945 ὑμᾶς
2813 873 3020 926 τούτων
3047 873 3331 943 μάρτυρας
3353 871 3515 941 ἔχειν.
3553 871 3751 924 Ἐϐου-

2170 967 2368 1033 λόμην
2402 963 2604 1018 ἐλθεῖν
2635 964 2784 1031 πρὸς
2814 963 2993 1033 ὑμᾶς,
3041 961 3141 1016 καὶ
3177 963 3252 1016 δι’
3293 959 3458 1032 ὑμῶν
3487 959 3750 1014 διελθεῖν

2169 1058 2257 1122 εἰς
2295 1055 2690 1110 Μακεδονίαν.
2737 1055 2846 1108 Καὶ
2883 1057 2988 1128 μὴν
3030 1053 3337 1107 τούναντίον
3381 1051 3750 1122 ἐπηγγείλατο

2170 1149 2228 1200 ἐν
2268 1149 2334 1219 τῇ
2374 1147 2636 1218 προτέρᾳ,
2677 1147 2818 1200 οὕτω
2860 1147 3064 1215 λέγων·
3115 1146 3463 1213 Ἐλεύσομαι
3500 1143 3568 1196 δὲ
3597 1143 3746 1210 πρὸς

2168 1237 2345 1306 ὑμᾶς,
2375 1238 2519 1294 ὅταν
2550 1238 2928 1292 Μακεδονίαν
2956 1236 3169 1290 διέλθω
3187 1253 3201 1265 ·
3232 1233 3609 1289 Μακεδονίαν
3637 1233 3746 1302 γὰρ

2167 1329 2488 1400 διέρχομαι.
2520 1331 2643 1393 Πῶς
2669 1326 2761 1383 οὖν
2791 1329 3027 1383 ἐνταῦθα
3056 1327 3316 1381 τάναντία
3340 1325 3542 1396 φησίν;
3575 1325 3648 1377 Οὐ
3675 1323 3745 1376 τά

2168 1425 2386 1479 ἐναντία
2411 1427 2594 1496 φησὶν,
2624 1425 2804 1491 ἄπαγε
2823 1440 2836 1453 ·
2869 1423 3040 1476 ταῦτα
3073 1421 3184 1493 γὰρ
3214 1420 3432 1475 ἐναντία
3472 1419 3570 1489 μὲν
3598 1419 3744 1472 ἐστιν

2167 1510 2248 1580 οἷς
2286 1515 2521 1586 ἔγραψεν
2546 1556 2561 1579 ,
2607 1517 2706 1569 οὐκ
2749 1515 2966 1569 ἐναντία
3001 1514 3056 1567 δέ
3092 1508 3173 1576 οἷς
3221 1512 3487 1566 ἐϐούλετο.
3523 1510 3616 1564 Διὸ
3650 1512 3745 1564 καὶ

2166 1607 2402 1660 ἐνταῦθα
2431 1608 2530 1660 οὐκ
2564 1601 2738 1668 εἶπεν,
2780 1607 2863 1659 ὅτι
2896 1605 3155 1677 Ἔγραψα
3191 1604 3259 1656 δι’
3287 1602 3442 1672 ὐμῶν
3485 1600 3744 1656 ἀπελθεῖν

2166 1701 2244 1763 είς
2281 1699 2634 1766 Μακεδονίαν,
2678 1699 2816 1762 ἀλλ’,
2859 1698 3239 1765 Ἐϐουλόμην.
3273 1696 3337 1748 Εἰ
3373 1694 3483 1764 γὰρ
3513 1693 3608 1746 καὶ
3644 1692 3744 1762 οὐχ

2165 1789 2336 1852 οὕτως
2386 1790 2619 1860 ἔγραψα,
2672 1790 2859 1860 φησὶν,
2912 1787 3027 1841 ἀλλ’
3073 1789 3222 1857 ὅμως
3282 1784 3613 1850 ἐσπούδαζον
3649 1784 3744 1837 καὶ

2166 1878 2468 1949 ἐϐουλόμην
2498 1880 2590 1932 καὶ
2623 1881 2727 1951 πρὸ
2771 1879 2865 1932 τοῦ
2907 1879 3080 1932 ἐλθεῖν
3112 1877 3250 1949 πρὸς
3281 1877 3450 1947 ὑμᾶς·
3485 1873 3742 1928 τοσοῦτον

2165 1971 2403 2042 ἀπέσχον
2435 1972 2528 2025 τοῦ
2561 1970 2890 2042 βουληθῆναι
2913 1969 3212 2040 ὑστερῆσαι
3237 1968 3338 2037 τῆς
3365 1965 3738 2035 ὑποσχέσεως,

2164 2065 2246 2118 ὄτι
2278 2065 2372 2118 καὶ
2410 2064 2614 2132 φθάσαι
2645 2063 2817 2134 αὐτὴν
2855 2062 3117 2132 ἠθέλησα.
3151 2062 3283 2114 Ἵνα
3315 2058 3602 2126 δευτέραν
3635 2055 3742 2125 χό-

2158 2173 2260 2224 ριν
2296 2157 2492 2225 ἔχητε.
2525 2155 2589 2208 Τί
2625 2157 2762 2218 ἐστι,
2816 2153 3141 2222 Δευτέραν;
3185 2153 3303 2205 ἰνα
3352 2150 3546 2219 διπλῆν
3578 2151 3738 2220 χάριν

2163 2245 2346 2315 ἔχητε,
2374 2247 2468 2300 καὶ
2496 2247 2596 2317 τὴν
2624 2246 2713 2300 διὰ
2731 2246 2842 2300 τῶν
2871 2245 3240 2318 γραμμάτων,
3275 2243 3369 2296 καὶ
3405 2242 3505 2314 τὴν
3523 2240 3609 2294 διὰ
3637 2241 3739 2310 τῆς

2165 2337 2485 2408 παρουσίας.
2519 2339 2696 2409 Χάριν
2721 2339 2777 2391 δὲ
2814 2336 3049 2390 ἐνταῦθα
3089 2335 3186 2408 τὴν
3215 2335 3388 2406 χαρὰν
3416 2332 3581 2401 λέγει.
3626 2329 3740 2384 Καὶ

2161 2430 2238 2484 δι’
2258 2430 2423 2501 ὑμῶν
2448 2431 2708 2486 διελθεῖν
2732 2434 2820 2497 είς
2851 2429 3249 2489 Μακεδονίαν,
3274 2428 3371 2480 καί
3401 2425 3589 2480 πάλιν
3616 2423 3736 2479 ἀπὸ

2160 2522 2533 2588 Μακεδονίας
2559 2523 2760 2577 ἐλθεῖν
2782 2521 2932 2591 πρὸς
2954 2520 3129 2590 ὑμᾶς,
3158 2519 3256 2572 καὶ
3282 2520 3379 2587 ὑφ’
3407 2516 3574 2586 ὑμῶν
3596 2531 3739 2584 προ·

2162 2613 2503 2684 πεμφθῆναι
2535 2617 2620 2681 είς
2652 2615 2766 2681 τὴν
2809 2612 3121 2668 Ἰουδαίαν.
3163 2611 3344 2665 Τοῦτο
3370 2604 3486 2664 οὖν
3509 2609 3738 2672 ,βουλό-

2156 2725 2358 2775 μενος.
2382 2705 2466 2776 μή
2495 2724 2549 2760 τι
2571 2707 2684 2775 ἄρα
2722 2705 2798 2774 τῆ
2831 2705 3088 2775 ἐλαφρίᾳ
3125 2702 3524 2773 ἐχρησάμηνς

2231 2897 2301 2959 γ’.
2319 2889 2582 2944 Ἐνταῦθα
2597 2890 2777 2944 λοιπὸν
2793 2890 3077 2955 ἐξεύθείας
3089 2889 3378 2944 ἀποδύεται
3401 2889 3462 2942 τὸ
3483 2885 3737 2958 ἔγκλημα

2159 2985 2221 3036 τὸ
2239 2984 2304 3037 ἐκ
2322 2985 2421 3054 τῆς
2445 2984 2757 3055 μελλήσεως
2782 2985 2994 3056 καὶτῆς
3019 2985 3308 3050 ἀπουσίας.
3342 2987 3407 3037 ⁸0
3429 2982 3538 3055 γὰρ
3563 2982 3732 3053 λέγει,

2160 3075 2398 3131 τοιοῦτόν
2427 3078 2572 3130 ἐστιν
2598 3095 2611 3108 ο
2654 3076 2985 3147 Ἐϐουλόμην
3021 3077 3196 3130 ἐλθεῖν
3221 3077 3355 3148 πρὸς
3385 3079 3528 3150 ὑμᾶς
3548 3093 3563 3108 ο
3589 3075 3737 3140 τίνος

2159 3165 2252 3222 οὖν
2285 3169 2470 3222 ἕνεκεν
2494 3169 2592 3222 οὐκ
2617 3165 2778 3239 ἦλθον
2811 3187 2826 3233 ;
2877 3165 2986 3240 ἄρα
3038 3170 3114 3232 ὡς
3145 3169 3346 3238 κοῦφος
3380 3169 3478 3222 καὶ
3520 3163 3735 3238 ἐύρίπι-

2163 3278 2306 3326 στος;
2337 3261 2493 3314 τοῦτο
2525 3260 2635 3332 γάρ
2664 3263 2800 3323 ἐστι,
2833 3262 2999 3326 Μήτι
3029 3261 3144 3329 ἄρα
3176 3259 3249 3328 τῇ
3279 3260 3536 3328 ἐλαφρίᾳ
3563 3261 3735 3329 έχρη·

2161 3352 2403 3421 σάμην;
2429 3351 2694 3423 Οὐδαμῶς
2713 3365 2727 3379 ⁸
2759 3351 2895 3405 ἀλλά
2917 3353 3005 3406 διὰ
3025 3351 3110 3417 τίς
3136 3353 3262 3405 Ὅτι
3286 3351 3324 3405 ἆ
3337 3351 3731 3419 βουλεύομαι,

2161 3446 2232 3498 οὐ
2282 3445 2430 3498 κατὰ
2469 3443 2664 3513 σάρκα
2706 3444 3098 3512 βουλεύομαι.
3140 3443 3204 3494 Τί
3247 3445 3414 3505 ἐστιν,
3461 3444 3545 3497 Οὐ
3582 3441 3734 3495 κατὰ

2160 3536 2396 3604 σάρκας
2445 3532 2594 3606 [445]
2650 3536 2724 3588 Οὐ
2781 3534 3060 3603 σαρκικῶς
3105 3533 3444 3604 βουλεύομαι.
3508 3534 3642 3588 Ἵνα
3691 3527 3733 3602 ᾖ

2161 3628 2295 3694 παρ’
2319 3627 2446 3694 ἐμοὶ
2487 3626 2550 3678 τὸ
2579 3626 2689 3679 Ναὶ
2723 3624 2845 3689 ναί,
2880 3624 2976 3677 καί
3005 3625 3069 3678 τὸ
3100 3623 3182 3677 Οΰ
3210 3625 3302 3682 οὔ.
3344 3623 3483 3678 Ἀλλ’
3510 3624 3592 3676 ἔτι
3639 3624 3733 3676 καὶ

2161 3717 2316 3771 τοῦτο
2360 3716 2589 3785 ἀσαφές.
2631 3715 2696 3768 Τί
2730 3711 2822 3768 οῦν
2863 3717 3010 3769 ἐστιν
3044 3717 3074 3769 ὅ
3119 3733 3322 3787 φησιν;
3368 3717 3428 3770 '0
3471 3715 3732 3787 σαρκικὸς

2162 3807 2464 3878 ἄνθρωπος,
2503 3805 2802 3870 τουτέστιν,
2828 3808 2858 3859 ό
2896 3810 3008 3867 τοῖς
3039 3807 3274 3877 παροῦσι
3303 3806 3731 3878 προσηλωμένος

2162 3902 2254 3953 καὶ
2277 3902 2335 3952 ὲν
2357 3897 2566 3961 τούτοις
2594 3897 2884 3961 διαπαντὸς
2915 3898 3012 3962 ὢν,
3039 3900 3134 3951 καὶ
3162 3899 3260 3968 τῆς
3292 3898 3387 3951 τοῦ
3410 3898 3550 3952 Πνεύ
3561 3913 3731 3967 ματος

2161 3993 2441 4064 ἐνεργείας
2471 3992 2626 4055 ἐκτὸς
2667 3992 2971 4061 τυγχάνων,
3012 3991 3289 4060 πανταχοῦ
3313 3992 3531 4045 ἀπιέναι
3573 3990 3733 4050 δύνα-

2160 4105 2270 4152 ται,
2314 4087 2406 4140 καὶ
2453 4085 2756 4140 πλανᾶσθαι
2797 4087 2930 4138 ὃπου
2977 4085 3255 4156 βούλεταυ
3289 4085 3318 4136 ό
3360 4084 3416 4137 δέ
3451 4084 3733 4154 ὑπηρέτης

2161 4174 2255 4228 τοῦ
2287 4173 2625 4244 Πνεύματος.
2655 4174 2748 4227 καὶ
2777 4173 2867 4224 ὐπ’
2904 4173 3111 4227 ἐκείνου
3155 4175 3418 4245 ἀγόμενος
3447 4175 3540 4226 καὶ
3569 4189 3730 4243 περι-

2161 4265 2445 4336 αγόμενος,
2475 4265 2534 4317 οὐ
2558 4265 2779 4319 δύναται
2799 4266 2988 4334 κύριος
3010 4261 3148 4318 εἶναι
3168 4265 3268 4336 τῆς
3285 4264 3478 4318 ἐαυτοῦ
3501 4265 3728 4336 γνώμης

2161 4354 2456 4425 πανταχοῦ,
2503 4356 2600 4426 τῆς
2639 4357 2849 4408 ἐκεῖθεν
2890 4356 3136 4420 ἐξουσίας
3177 4356 3483 4428 ἐξαρτήσας
3519 4356 3687 4426 αὐτήν
3710 4372 3726 4385 ·

2159 4447 2294 4502 ἀλλὰ
2352 4446 2590 4500 τοιοῦτον
2624 4448 2904 4517 ὑπομένει,
2949 4445 3058 4502 οἷον
3092 4449 3159 4503 ἂν
3203 4451 3254 4502 εί
3294 4449 3480 4512 δοῦλος
3519 4449 3727 4503 εὐδοκι-

2163 4541 2300 4608 μῶν,
2322 4541 2416 4594 καὶ
2442 4539 2717 4612 πανταχοῦ
2759 4542 3172 4613 περιελκόμενος
3207 4541 3312 4596 ὐπὸ
3338 4542 3447 4595 τῶν
3476 4541 3728 4595 δεσποτι-

2159 4633 2269 4685 κῶν
2297 4633 2712 4705 ἐπιταγμάτων,
2757 4635 2849 4688 καὶ
2890 4635 2990 4688 οὐκ
3037 4634 3176 4704 ἔχων
3217 4634 3462 4700 ἐξουσίαν
3508 4635 3726 4698 ἐαυτοῦ,

2156 4725 2278 4778 οὐδὲ
2321 4725 2656 4780 ἀναπνεῦσαι
2695 4726 2988 4796 δυνάμενος
3013 4727 3134 4779 οὐδέ
3179 4727 3394 4798 μικρὸν,
3447 4725 3726 4795 ἐπαγγέλο

2158 4817 2301 4871 λοιτό
2331 4834 2454 4872 τινα
2476 4819 2587 4880 τοῖς
2617 4817 2936 4880 συνδούλοις,
2959 4815 3077 4871 εἶτα
3101 4819 3181 4888 τῷ
3207 4819 3444 4891 δεσπότῃ
3470 4818 3729 4872 τάναντία

2155 4910 2436 4973 δοκοῦντα,
2471 4910 2544 4981 μὴ
2578 4908 2728 4962 ἀνύοι
2757 4908 2827 4962 τά
2854 4909 3265 4980 ἀπηγγελμένα.
3301 4909 3471 4964 Τοῦτο
3500 4906 3594 4964 οὖν
3624 4926 3726 4980 φη-

2159 5019 2262 5064 σιν,
2282 5003 2364 5054 ότι
2399 5003 2482 5054 Οὐ
2504 5000 2653 5053 κατὰ
2675 4998 2872 5066 σάρκα
2888 5001 3287 5070 βουλεύομαι,
3321 5001 3414 5056 καὶ
3464 5002 3564 5054 οὐκ
3608 5001 3726 5072 είμὶ

2155 5093 2255 5160 τῆς
2281 5091 2371 5144 τοῦ
2403 5089 2716 5159 Πνεύματος
2737 5090 2890 5153 ἐκτὸς
2913 5090 3308 5162 κυϐερνήσεως,
3331 5092 3452 5146 οὐδὲ
3480 5091 3722 5156 ἐξουσίαν

2155 5185 2264 5253 ἔχω
2287 5183 2519 5251 βαδίζειν
2547 5183 2680 5234 ὅπου
2706 5182 2984 5254 βούλομαι.
3017 5186 3128 5238 Καὶ
3175 5186 3284 5257 γὰρ
3321 5187 3615 5255 ὐπόκειμαι
3635 5185 3721 5237 δε-

2156 5273 2378 5344 σποτεία
2397 5276 2460 5344 τῇ
2489 5273 2582 5326 τοῦ
2610 5275 2967 5346 Παρακλήτου
2987 5278 3080 5332 καὶ
3098 5279 3455 5348 ἐπιτάγμασι,
3478 5277 3572 5330 καὶ
3599 5279 3720 5340 ταῖς

2153 5365 2359 5417 ἐκείνου
2397 5365 2599 5436 ψήφοις
2633 5366 2837 5438 ἄγομαι
2885 5371 2978 5422 καὶ
3023 5370 3381 5441 περιάγομαι.
3435 5370 3534 5424 Διά
3565 5369 3720 5423 τοῦτο

2152 5457 2251 5510 οὐκ
2273 5456 2544 5527 ἠδυνήθην
2584 5457 2759 5511 ἐλθεῖν
2784 5474 2798 5487 °
2833 5459 2893 5510 οὐ
2934 5460 3042 5530 7&9
3085 5460 3264 5524 ἔδοξεν
3299 5460 3379 5532 τῷ
3415 5462 3714 5528 Πνεύματι.

2159 5550 2224 5602 Ὃ
2243 5549 2337 5602 καὶ
2365 5549 2422 5601 ἐν
2444 5551 2562 5610 ταῖς
2590 5547 2828 5619 Πράξεσι
2859 5549 3126 5621 πολλαχοῦ
3170 5551 3392 5620 γέγονεν
3421 5571 3436 5585 θ
3482 5553 3716 5625 ἀλλαχοῦ

2152 5645 2262 5714 γὰρ
2289 5639 2669 5714 προῃρημένον
2707 5640 2900 5706 ἐλθεῖν,
2943 5643 3005 5697 τδ
3045 5643 3268 5714 Πνεῦμα
3307 5645 3540 5717 ἀλλαχοῦ
3569 5646 3718 5716 βαδί-

2161 5739 2273 5800 ζειν
2292 5733 2556 5788 ἐκέλευεν.
2584 5732 2745 5785 Ὥστε
2771 5733 2831 5787 οὐ
2856 5736 2952 5807 τῆς
2983 5737 3121 5808 ἐμῆς
3140 5737 3420 5809 ἐλαφρίας,
3449 5739 3712 5797 τουτέστι.
