  <div class='ocr_page' id='page_1' title='image "/cluster/home/n/w/nwhite01/storage/ocr_20150623/61/hvd.32044054166368/413.png"; bbox 0 0 4098 6222; ppageno 0'>
   <div class='ocr_carea' id='block_1_1' title="bbox 401 290 501 347">
    <p class='ocr_par' dir='ltr' id='par_1_1' title="bbox 401 290 501 347">
     <span class='ocr_line' id='line_1_1' title="bbox 401 290 501 347; baseline 0.02 -2"><span class='ocrx_word' id='word_1_1' title='bbox 401 290 501 347; x_wconf 69' lang='grc' dir='ltr'>ιον</span> 
     </span>
    </p>
   </div>
   <div class='ocr_carea' id='block_1_2' title="bbox 398 400 1956 480">
    <p class='ocr_par' dir='ltr' id='par_1_2' title="bbox 398 400 1956 480">
     <span class='ocr_line' id='line_1_2' title="bbox 398 400 1956 480; baseline -0.003 -22"><span class='ocrx_word' id='word_1_2' title='bbox 398 404 748 475; x_wconf 75' lang='grc' dir='ltr'>κουφότητος,</span> <span class='ocrx_word' id='word_1_3' title='bbox 783 400 850 461; x_wconf 73' lang='grc' dir='ltr'>’τὸ</span> <span class='ocrx_word' id='word_1_4' title='bbox 886 408 959 480; x_wconf 78' lang='grc' dir='ltr'>μὴ</span> <span class='ocrx_word' id='word_1_5' title='bbox 990 406 1187 471; x_wconf 71' lang='grc' dir='ltr'>ἓλθεῖν,</span> <span class='ocrx_word' id='word_1_6' title='bbox 1226 404 1362 459; x_wconf 80' lang='grc' dir='ltr'>ἀλλά</span> <span class='ocrx_word' id='word_1_7' title='bbox 1386 403 1449 456; x_wconf 76' lang='grc' dir='ltr'>τὸ</span> <span class='ocrx_word' id='word_1_8' title='bbox 1492 401 1586 455; x_wconf 91' lang='grc' dir='ltr'>τοῦ</span> <span class='ocrx_word' id='word_1_9' title='bbox 1621 401 1956 471; x_wconf 77' lang='grc' dir='ltr'>Πνεῦματος,</span> 
     </span>
    </p>
   </div>
   <div class='ocr_carea' id='block_1_3' title="bbox 397 488 1965 570">
    <p class='ocr_par' dir='ltr' id='par_1_3' title="bbox 397 488 1965 570">
     <span class='ocr_line' id='line_1_3' title="bbox 397 488 1965 570; baseline -0.004 -21"><span class='ocrx_word' id='word_1_10' title='bbox 397 496 757 569; x_wconf 76' lang='grc' dir='ltr'>ὑποκείμενον</span> <span class='ocrx_word' id='word_1_11' title='bbox 789 498 981 570; x_wconf 77' lang='grc' dir='ltr'>ἐκείνῳ</span> <span class='ocrx_word' id='word_1_12' title='bbox 1016 495 1316 551; x_wconf 88' lang='grc' dir='ltr'>πείθεσθαι.</span> <span class='ocrx_word' id='word_1_13' title='bbox 1341 490 1493 558; x_wconf 72' lang='grc' dir='ltr'>Εἶδες</span> <span class='ocrx_word' id='word_1_14' title='bbox 1526 493 1688 548; x_wconf 82' lang='grc' dir='ltr'>πάλιν</span> <span class='ocrx_word' id='word_1_15' title='bbox 1720 492 1883 546; x_wconf 81' lang='grc' dir='ltr'>αὑτοῦ</span> <span class='ocrx_word' id='word_1_16' title='bbox 1904 488 1965 543; x_wconf 75' lang='grc' dir='ltr'>τὸ</span> 
     </span>
    </p>
   </div>
   <div class='ocr_carea' id='block_1_4' title="bbox 397 582 1964 661">
    <p class='ocr_par' dir='ltr' id='par_1_4' title="bbox 397 582 1964 661">
     <span class='ocr_line' id='line_1_4' title="bbox 397 582 1964 661; baseline -0.002 -22"><span class='ocrx_word' id='word_1_17' title='bbox 397 587 627 661; x_wconf 80' lang='grc' dir='ltr'>σύνηθες</span> <span class='ocrx_word' id='word_1_18' title='bbox 661 588 956 661; x_wconf 81' lang='grc' dir='ltr'>θεώρημα;</span> <span class='ocrx_word' id='word_1_19' title='bbox 998 582 1209 656; x_wconf 81' lang='grc' dir='ltr'>Ἀφ’ὦν</span> <span class='ocrx_word' id='word_1_20' title='bbox 1233 586 1480 658; x_wconf 76' lang='grc' dir='ltr'>ἐνόμιζον</span> <span class='ocrx_word' id='word_1_21' title='bbox 1512 586 1673 641; x_wconf 79' lang='grc' dir='ltr'>αὐτὸν</span> <span class='ocrx_word' id='word_1_22' title='bbox 1695 582 1964 639; x_wconf 82' lang='grc' dir='ltr'>δεικνύναι</span> 
     </span>
    </p>
   </div>
   <div class='ocr_carea' id='block_1_5' title="bbox 399 672 1968 750">
    <p class='ocr_par' dir='ltr' id='par_1_5' title="bbox 399 672 1968 750">
     <span class='ocr_line' id='line_1_5' title="bbox 399 672 1968 750; baseline -0.002 -20"><span class='ocrx_word' id='word_1_23' title='bbox 399 680 681 750; x_wconf 81' lang='grc' dir='ltr'>σαρκικῶς</span> <span class='ocrx_word' id='word_1_24' title='bbox 732 678 1136 749; x_wconf 76' lang='grc' dir='ltr'>βουλευόμενον,</span> <span class='ocrx_word' id='word_1_25' title='bbox 1184 679 1248 731; x_wconf 87' lang='grc' dir='ltr'>ἐκ</span> <span class='ocrx_word' id='word_1_26' title='bbox 1290 677 1385 731; x_wconf 88' lang='grc' dir='ltr'>τοῦ</span> <span class='ocrx_word' id='word_1_27' title='bbox 1428 678 1504 749; x_wconf 83' lang='grc' dir='ltr'>μὴ</span> <span class='ocrx_word' id='word_1_28' title='bbox 1553 675 1837 748; x_wconf 85' lang='grc' dir='ltr'>πληρῶσαι</span> <span class='ocrx_word' id='word_1_29' title='bbox 1865 672 1968 746; x_wconf 71' lang='grc' dir='ltr'>τὴν</span> 
     </span>
    </p>
   </div>
   <div class='ocr_carea' id='block_1_6' title="bbox 398 763 1964 841">
    <p class='ocr_par' dir='ltr' id='par_1_6' title="bbox 398 763 1964 841">
     <span class='ocr_line' id='line_1_6' title="bbox 398 763 1964 841; baseline -0.003 -18"><span class='ocrx_word' id='word_1_30' title='bbox 398 772 708 841; x_wconf 83' lang='grc' dir='ltr'>ὑπόσχεσιν,</span> <span class='ocrx_word' id='word_1_31' title='bbox 732 772 796 823; x_wconf 84' lang='grc' dir='ltr'>ἐκ</span> <span class='ocrx_word' id='word_1_32' title='bbox 824 770 1015 824; x_wconf 86' lang='grc' dir='ltr'>τούτου</span> <span class='ocrx_word' id='word_1_33' title='bbox 1045 769 1286 824; x_wconf 88' lang='grc' dir='ltr'>δείκνυσι</span> <span class='ocrx_word' id='word_1_34' title='bbox 1321 769 1556 840; x_wconf 85' lang='grc' dir='ltr'>μάλιστα</span> <span class='ocrx_word' id='word_1_35' title='bbox 1581 763 1964 837; x_wconf 82' lang='grc' dir='ltr'>πνευματικῶς</span> 
     </span>
    </p>
   </div>
   <div class='ocr_carea' id='block_1_7' title="bbox 398 846 1966 935">
    <p class='ocr_par' dir='ltr' id='par_1_7' title="bbox 398 846 1966 935">
     <span class='ocr_line' id='line_1_7' title="bbox 398 846 1966 935; baseline -0.003 -18"><span class='ocrx_word' id='word_1_36' title='bbox 398 862 841 932; x_wconf 85' lang='grc' dir='ltr'>βεϐουλευμένον,</span> <span class='ocrx_word' id='word_1_37' title='bbox 890 861 987 918; x_wconf 75' lang='grc' dir='ltr'>καὶ</span> <span class='ocrx_word' id='word_1_38' title='bbox 1042 864 1353 918; x_wconf 71' lang='grc' dir='ltr'>τούναντίον</span> <span class='ocrx_word' id='word_1_39' title='bbox 1392 846 1671 935; x_wconf 75' lang='grc' dir='ltr'>σαρκικῶς</span> <span class='ocrx_word' id='word_1_40' title='bbox 1715 860 1966 933; x_wconf 57' lang='grc' dir='ltr'>βουλεύε-</span> 
     </span>
    </p>
   </div>
   <div class='ocr_carea' id='block_1_8' title="bbox 401 949 1969 1027">
    <p class='ocr_par' dir='ltr' id='par_1_8' title="bbox 401 949 1969 1027">
     <span class='ocr_line' id='line_1_8' title="bbox 401 949 1969 1027; baseline 0 -20"><span class='ocrx_word' id='word_1_41' title='bbox 401 955 544 1013; x_wconf 89' lang='grc' dir='ltr'>σθαι.</span> <span class='ocrx_word' id='word_1_42' title='bbox 586 955 651 1007; x_wconf 90' lang='grc' dir='ltr'>Τί</span> <span class='ocrx_word' id='word_1_43' title='bbox 676 949 789 1019; x_wconf 79' lang='grc' dir='ltr'>οῦν,</span> <span class='ocrx_word' id='word_1_44' title='bbox 821 955 1022 1027; x_wconf 83' lang='grc' dir='ltr'>φησίν;</span> <span class='ocrx_word' id='word_1_45' title='bbox 1052 956 1114 1010; x_wconf 83' lang='grc' dir='ltr'>οὐ</span> <span class='ocrx_word' id='word_1_46' title='bbox 1151 957 1288 1027; x_wconf 88' lang='grc' dir='ltr'>μετά</span> <span class='ocrx_word' id='word_1_47' title='bbox 1331 956 1423 1010; x_wconf 82' lang='grc' dir='ltr'>τοῦ</span> <span class='ocrx_word' id='word_1_48' title='bbox 1452 953 1766 1026; x_wconf 86' lang='grc' dir='ltr'>Πνεύματος</span> <span class='ocrx_word' id='word_1_49' title='bbox 1794 955 1969 1024; x_wconf 86' lang='grc' dir='ltr'>ἐπηγ-</span> 
     </span>
    </p>
   </div>
   <div class='ocr_carea' id='block_1_9' title="bbox 390 1044 1966 1118">
    <p class='ocr_par' dir='ltr' id='par_1_9' title="bbox 390 1044 1966 1118">
     <span class='ocr_line' id='line_1_9' title="bbox 390 1044 1966 1118; baseline -0.001 -19"><span class='ocrx_word' id='word_1_50' title='bbox 390 1046 648 1114; x_wconf 75' lang='grc' dir='ltr'>γείλατο;</span> <span class='ocrx_word' id='word_1_51' title='bbox 688 1047 951 1118; x_wconf 80' lang='grc' dir='ltr'><strong>Οὐδαμῶς</strong></span> <span class='ocrx_word' id='word_1_52' title='bbox 976 1064 990 1079; x_wconf 71' lang='grc' dir='ltr'><strong>ο</strong></span> <span class='ocrx_word' id='word_1_53' title='bbox 1026 1050 1120 1102; x_wconf 78' lang='grc' dir='ltr'>καὶ</span> <span class='ocrx_word' id='word_1_54' title='bbox 1162 1048 1272 1118; x_wconf 88' lang='lat'>7&amp;9</span> <span class='ocrx_word' id='word_1_55' title='bbox 1314 1050 1406 1103; x_wconf 79' lang='grc' dir='ltr'>καὶ</span> <span class='ocrx_word' id='word_1_56' title='bbox 1445 1049 1546 1118; x_wconf 72' lang='grc' dir='ltr'>ἤδη</span> <span class='ocrx_word' id='word_1_57' title='bbox 1586 1044 1757 1109; x_wconf 81' lang='grc' dir='ltr'>εἶπον,</span> <span class='ocrx_word' id='word_1_58' title='bbox 1784 1047 1864 1100; x_wconf 79' lang='grc' dir='ltr'>ὅτι</span> <span class='ocrx_word' id='word_1_59' title='bbox 1903 1046 1966 1100; x_wconf 85' lang='grc' dir='ltr'>οῦ</span> 
     </span>
    </p>
   </div>
   <div class='ocr_carea' id='block_1_10' title="bbox 400 1137 1966 1211">
    <p class='ocr_par' dir='ltr' id='par_1_10' title="bbox 400 1137 1966 1211">
     <span class='ocr_line' id='line_1_10' title="bbox 400 1137 1966 1211; baseline 0 -19"><span class='ocrx_word' id='word_1_60' title='bbox 400 1138 578 1193; x_wconf 79' lang='grc' dir='ltr'>πάντα</span> <span class='ocrx_word' id='word_1_61' title='bbox 609 1138 830 1211; x_wconf 75' lang='grc' dir='ltr'>προῄδει</span> <span class='ocrx_word' id='word_1_62' title='bbox 860 1140 1071 1205; x_wconf 78' lang='grc' dir='ltr'>Παῦλος</span> <span class='ocrx_word' id='word_1_63' title='bbox 1096 1141 1166 1195; x_wconf 87' lang='grc' dir='ltr'>τά</span> <span class='ocrx_word' id='word_1_64' title='bbox 1189 1141 1450 1211; x_wconf 85' lang='grc' dir='ltr'>μέλλοντα</span> <span class='ocrx_word' id='word_1_65' title='bbox 1480 1140 1573 1192; x_wconf 73' lang='grc' dir='ltr'>καὶ</span> <span class='ocrx_word' id='word_1_66' title='bbox 1597 1137 1966 1209; x_wconf 80' lang='grc' dir='ltr'>συμφέροντα.</span> 
     </span>
    </p>
   </div>
   <div class='ocr_carea' id='block_1_11' title="bbox 390 1227 1969 1304">
    <p class='ocr_par' dir='ltr' id='par_1_11' title="bbox 390 1227 1969 1304">
     <span class='ocr_line' id='line_1_11' title="bbox 390 1227 1969 1304; baseline 0 -21"><span class='ocrx_word' id='word_1_67' title='bbox 390 1230 498 1284; x_wconf 76' lang='grc' dir='ltr'>Διά</span> <span class='ocrx_word' id='word_1_68' title='bbox 525 1230 589 1303; x_wconf 82' lang='grc' dir='ltr'>δὴ</span> <span class='ocrx_word' id='word_1_69' title='bbox 618 1231 775 1285; x_wconf 86' lang='grc' dir='ltr'>τοῦτο</span> <span class='ocrx_word' id='word_1_70' title='bbox 819 1233 877 1284; x_wconf 88' lang='grc' dir='ltr'>ἐν</span> <span class='ocrx_word' id='word_1_71' title='bbox 910 1235 1008 1303; x_wconf 82' lang='grc' dir='ltr'>μὲν</span> <span class='ocrx_word' id='word_1_72' title='bbox 1049 1234 1117 1303; x_wconf 76' lang='grc' dir='ltr'>τῇ</span> <span class='ocrx_word' id='word_1_73' title='bbox 1155 1232 1398 1304; x_wconf 77' lang='grc' dir='ltr'>προτέρᾳ</span> <span class='ocrx_word' id='word_1_74' title='bbox 1424 1232 1608 1301; x_wconf 77' lang='grc' dir='ltr'>φησὶν,</span> <span class='ocrx_word' id='word_1_75' title='bbox 1640 1231 1762 1283; x_wconf 85' lang='grc' dir='ltr'>Ἵνα</span> <span class='ocrx_word' id='word_1_76' title='bbox 1800 1227 1969 1297; x_wconf 78' lang='grc' dir='ltr'>ὑμεῖς</span> 
     </span>
    </p>
   </div>
   <div class='ocr_carea' id='block_1_12' title="bbox 395 1316 1970 1390">
    <p class='ocr_par' dir='ltr' id='par_1_12' title="bbox 395 1316 1970 1390">
     <span class='ocr_line' id='line_1_12' title="bbox 395 1316 1970 1390; baseline -0.001 -17"><span class='ocrx_word' id='word_1_77' title='bbox 395 1336 470 1389; x_wconf 87' lang='grc' dir='ltr'>με</span> <span class='ocrx_word' id='word_1_78' title='bbox 502 1320 893 1390; x_wconf 69' lang='grc' dir='ltr'>προπέμψητε</span> <span class='ocrx_word' id='word_1_79' title='bbox 929 1316 1000 1376; x_wconf 83' lang='grc' dir='ltr'>οὗ</span> <span class='ocrx_word' id='word_1_80' title='bbox 1035 1320 1143 1374; x_wconf 79' lang='grc' dir='ltr'>ἐὰν</span> <span class='ocrx_word' id='word_1_81' title='bbox 1175 1322 1531 1389; x_wconf 76' lang='grc' dir='ltr'>πορεύωμαι,</span> <span class='ocrx_word' id='word_1_82' title='bbox 1554 1318 1805 1383; x_wconf 88' lang='grc' dir='ltr'>δεδοικὼς</span> <span class='ocrx_word' id='word_1_83' title='bbox 1837 1318 1970 1372; x_wconf 80' lang='grc' dir='ltr'>αὐτὸ</span> 
     </span>
    </p>
   </div>
   <div class='ocr_carea' id='block_1_13' title="bbox 394 1409 1970 1485">
    <p class='ocr_par' dir='ltr' id='par_1_13' title="bbox 394 1409 1970 1485">
     <span class='ocr_line' id='line_1_13' title="bbox 394 1409 1970 1485; baseline -0.001 -21"><span class='ocrx_word' id='word_1_84' title='bbox 394 1412 573 1474; x_wconf 73' lang='grc' dir='ltr'>τοῦτο,</span> <span class='ocrx_word' id='word_1_85' title='bbox 606 1412 680 1483; x_wconf 78' lang='grc' dir='ltr'>μὴ</span> <span class='ocrx_word' id='word_1_86' title='bbox 726 1415 807 1476; x_wconf 85' lang='grc' dir='ltr'>εἰς</span> <span class='ocrx_word' id='word_1_87' title='bbox 836 1413 935 1485; x_wconf 80' lang='grc' dir='ltr'>τὴν</span> <span class='ocrx_word' id='word_1_88' title='bbox 978 1413 1236 1466; x_wconf 75' lang='grc' dir='ltr'>Ἰουδαίαν</span> <span class='ocrx_word' id='word_1_89' title='bbox 1266 1410 1453 1474; x_wconf 82' lang='grc' dir='ltr'>εἰπὼν,</span> <span class='ocrx_word' id='word_1_90' title='bbox 1484 1410 1800 1480; x_wconf 79' lang='grc' dir='ltr'>ἀναγκασθῇ</span> <span class='ocrx_word' id='word_1_91' title='bbox 1849 1409 1970 1463; x_wconf 84' lang='grc' dir='ltr'>ἐτέ-</span> 
     </span>
    </p>
   </div>
   <div class='ocr_carea' id='block_1_14' title="bbox 401 1502 1970 1574">
    <p class='ocr_par' dir='ltr' id='par_1_14' title="bbox 401 1502 1970 1574">
     <span class='ocr_line' id='line_1_14' title="bbox 401 1502 1970 1574; baseline -0.001 -19"><span class='ocrx_word' id='word_1_92' title='bbox 401 1504 537 1574; x_wconf 80' lang='grc' dir='ltr'>ρωθι</span> <span class='ocrx_word' id='word_1_93' title='bbox 579 1504 869 1558; x_wconf 80' lang='grc' dir='ltr'>ἀπελθεῖν·</span> <span class='ocrx_word' id='word_1_94' title='bbox 918 1503 1151 1559; x_wconf 85' lang='grc' dir='ltr'>ἐνταῦθα</span> <span class='ocrx_word' id='word_1_95' title='bbox 1199 1504 1256 1558; x_wconf 77' lang='grc' dir='ltr'>δέ</span> <span class='ocrx_word' id='word_1_96' title='bbox 1296 1504 1484 1574; x_wconf 81' lang='grc' dir='ltr'>ἐπειδὴ</span> <span class='ocrx_word' id='word_1_97' title='bbox 1521 1502 1778 1573; x_wconf 78' lang='grc' dir='ltr'>ἀπέτυχε,</span> <span class='ocrx_word' id='word_1_98' title='bbox 1824 1503 1970 1570; x_wconf 87' lang='grc' dir='ltr'>λέγει</span> 
     </span>
    </p>
   </div>
   <div class='ocr_carea' id='block_1_15' title="bbox 400 1594 1965 1666">
    <p class='ocr_par' dir='ltr' id='par_1_15' title="bbox 400 1594 1965 1666">
     <span class='ocr_line' id='line_1_15' title="bbox 400 1594 1965 1666; baseline 0 -18"><span class='ocrx_word' id='word_1_99' title='bbox 400 1595 552 1660; x_wconf 70' lang='grc' dir='ltr'>αὐτο,</span> <span class='ocrx_word' id='word_1_100' title='bbox 576 1596 686 1649; x_wconf 79' lang='grc' dir='ltr'>Καὶ</span> <span class='ocrx_word' id='word_1_101' title='bbox 722 1598 825 1666; x_wconf 73' lang='grc' dir='ltr'>ὑφ’</span> <span class='ocrx_word' id='word_1_102' title='bbox 860 1594 1027 1666; x_wconf 77' lang='grc' dir='ltr'>ὑμῶν</span> <span class='ocrx_word' id='word_1_103' title='bbox 1053 1595 1512 1666; x_wconf 71' lang='grc' dir='ltr'>προπεμφθῆναι</span> <span class='ocrx_word' id='word_1_104' title='bbox 1553 1597 1643 1662; x_wconf 83' lang='grc' dir='ltr'>είς</span> <span class='ocrx_word' id='word_1_105' title='bbox 1671 1594 1790 1663; x_wconf 78' lang='grc' dir='ltr'>τὴν</span> <span class='ocrx_word' id='word_1_106' title='bbox 1826 1594 1965 1648; x_wconf 84' lang='grc' dir='ltr'>Ἰου·</span> 
     </span>
    </p>
   </div>
   <div class='ocr_carea' id='block_1_16' title="bbox 400 1682 1973 1758">
    <p class='ocr_par' dir='ltr' id='par_1_16' title="bbox 400 1682 1973 1758">
     <span class='ocr_line' id='line_1_16' title="bbox 400 1682 1973 1758; baseline 0 -21"><span class='ocrx_word' id='word_1_107' title='bbox 400 1685 596 1740; x_wconf 65' lang='lat' dir='ltr'>anim.</span> <span class='ocrx_word' id='word_1_108' title='bbox 634 1687 701 1740; x_wconf 87' lang='grc' dir='ltr'><strong>Ὃ</strong></span> <span class='ocrx_word' id='word_1_109' title='bbox 752 1687 851 1757; x_wconf 84' lang='grc' dir='ltr'>μὲν</span> <span class='ocrx_word' id='word_1_110' title='bbox 894 1686 1003 1757; x_wconf 81' lang='grc' dir='ltr'>γὰρ</span> <span class='ocrx_word' id='word_1_111' title='bbox 1040 1682 1108 1758; x_wconf 78' lang='grc' dir='ltr'>ἦν</span> <span class='ocrx_word' id='word_1_112' title='bbox 1157 1686 1397 1757; x_wconf 80' lang='grc' dir='ltr'>ἀγάπης,</span> <span class='ocrx_word' id='word_1_113' title='bbox 1434 1685 1632 1757; x_wconf 86' lang='grc' dir='ltr'>τίθησι,</span> <span class='ocrx_word' id='word_1_114' title='bbox 1689 1686 1751 1739; x_wconf 80' lang='grc' dir='ltr'>τὸ</span> <span class='ocrx_word' id='word_1_115' title='bbox 1798 1684 1973 1738; x_wconf 81' lang='grc' dir='ltr'>ἐλθεῖν</span> 
     </span>
    </p>
   </div>
   <div class='ocr_carea' id='block_1_17' title="bbox 402 1773 1973 1849">
    <p class='ocr_par' dir='ltr' id='par_1_17' title="bbox 402 1773 1973 1849">
     <span class='ocr_line' id='line_1_17' title="bbox 402 1773 1973 1849; baseline 0.001 -20"><span class='ocrx_word' id='word_1_116' title='bbox 402 1776 540 1846; x_wconf 80' lang='grc' dir='ltr'>πρὸς</span> <span class='ocrx_word' id='word_1_117' title='bbox 566 1777 762 1841; x_wconf 84' lang='grc' dir='ltr'>αὐτούς</span> <span class='ocrx_word' id='word_1_118' title='bbox 791 1794 805 1807; x_wconf 91' lang='grc'><strong>·</strong></span> <span class='ocrx_word' id='word_1_119' title='bbox 832 1778 860 1831; x_wconf 88' lang='grc' dir='ltr'>δ</span> <span class='ocrx_word' id='word_1_120' title='bbox 879 1779 935 1831; x_wconf 82' lang='grc' dir='ltr'>δὲ</span> <span class='ocrx_word' id='word_1_121' title='bbox 958 1779 1110 1832; x_wconf 72' lang='grc' dir='ltr'>οὐδὲν</span> <span class='ocrx_word' id='word_1_122' title='bbox 1134 1779 1270 1849; x_wconf 77' lang='grc' dir='ltr'>πρὸς</span> <span class='ocrx_word' id='word_1_123' title='bbox 1297 1778 1492 1841; x_wconf 77' lang='grc' dir='ltr'>αὐτοὺς</span> <span class='ocrx_word' id='word_1_124' title='bbox 1514 1773 1602 1848; x_wconf 78' lang='grc' dir='ltr'>ἦν,</span> <span class='ocrx_word' id='word_1_125' title='bbox 1633 1776 1694 1830; x_wconf 89' lang='grc' dir='ltr'>τδ</span> <span class='ocrx_word' id='word_1_126' title='bbox 1716 1775 1973 1831; x_wconf 78' lang='grc' dir='ltr'>ἀπελθεῖν</span> 
     </span>
    </p>
   </div>
   <div class='ocr_carea' id='block_1_18' title="bbox 402 1866 1972 1941">
    <p class='ocr_par' dir='ltr' id='par_1_18' title="bbox 402 1866 1972 1941">
     <span class='ocr_line' id='line_1_18' title="bbox 402 1866 1972 1941; baseline -0.002 -19"><span class='ocrx_word' id='word_1_127' title='bbox 402 1871 485 1932; x_wconf 87' lang='grc' dir='ltr'>είς</span> <span class='ocrx_word' id='word_1_128' title='bbox 524 1868 625 1940; x_wconf 81' lang='grc' dir='ltr'>τὴν</span> <span class='ocrx_word' id='word_1_129' title='bbox 670 1869 959 1930; x_wconf 80' lang='grc' dir='ltr'>Ἰουδαίαν,</span> <span class='ocrx_word' id='word_1_130' title='bbox 991 1869 1175 1923; x_wconf 82' lang='grc' dir='ltr'>οὐκέτι</span> <span class='ocrx_word' id='word_1_131' title='bbox 1226 1869 1320 1923; x_wconf 80' lang='grc' dir='ltr'>καὶ</span> <span class='ocrx_word' id='word_1_132' title='bbox 1348 1869 1505 1923; x_wconf 89' lang='grc' dir='ltr'>τοῦτο</span> <span class='ocrx_word' id='word_1_133' title='bbox 1535 1867 1861 1941; x_wconf 87' lang='grc' dir='ltr'>προστίθησι</span> <span class='ocrx_word' id='word_1_134' title='bbox 1890 1866 1972 1920; x_wconf 87' lang='grc' dir='ltr'>δι-</span> 
     </span>
    </p>
   </div>
   <div class='ocr_carea' id='block_1_19' title="bbox 403 1958 1974 2033">
    <p class='ocr_par' dir='ltr' id='par_1_19' title="bbox 403 1958 1974 2033">
     <span class='ocr_line' id='line_1_19' title="bbox 403 1958 1974 2033; baseline -0.002 -20"><span class='ocrx_word' id='word_1_135' title='bbox 403 1960 745 2031; x_wconf 86' lang='grc' dir='ltr'>ωρισμένως.</span> <span class='ocrx_word' id='word_1_136' title='bbox 792 1960 1009 2031; x_wconf 80' lang='grc' dir='ltr'>Ἐπειδὴ</span> <span class='ocrx_word' id='word_1_137' title='bbox 1035 1959 1091 2013; x_wconf 82' lang='grc' dir='ltr'>δὲ</span> <span class='ocrx_word' id='word_1_138' title='bbox 1125 1960 1468 2033; x_wconf 78' lang='grc' dir='ltr'>ἐλήλεγκται,</span> <span class='ocrx_word' id='word_1_139' title='bbox 1500 1958 1733 2014; x_wconf 80' lang='grc' dir='ltr'>ἐνταῦθα</span> <span class='ocrx_word' id='word_1_140' title='bbox 1757 1958 1974 2031; x_wconf 71' lang='grc' dir='ltr'>θαρῤὦν</span> 
     </span>
    </p>
   </div>
   <div class='ocr_carea' id='block_1_20' title="bbox 403 2049 1973 2121">
    <p class='ocr_par' dir='ltr' id='par_1_20' title="bbox 403 2049 1973 2121">
     <span class='ocr_line' id='line_1_20' title="bbox 403 2049 1973 2121; baseline -0.003 -15"><span class='ocrx_word' id='word_1_141' title='bbox 403 2052 550 2121; x_wconf 78' lang='grc' dir='ltr'>λέγει</span> <span class='ocrx_word' id='word_1_142' title='bbox 578 2052 787 2119; x_wconf 77' lang='grc' dir='ltr'>λοιπὸν,</span> <span class='ocrx_word' id='word_1_143' title='bbox 816 2053 897 2106; x_wconf 83' lang='grc' dir='ltr'>ὅτι</span> <span class='ocrx_word' id='word_1_144' title='bbox 928 2054 1029 2119; x_wconf 84' lang='grc' dir='ltr'>Είς</span> <span class='ocrx_word' id='word_1_145' title='bbox 1059 2051 1174 2121; x_wconf 75' lang='grc' dir='ltr'>τὴν</span> <span class='ocrx_word' id='word_1_146' title='bbox 1225 2051 1542 2107; x_wconf 73' lang='grc' dir='ltr'>Ἰουδαίαν.</span> <span class='ocrx_word' id='word_1_147' title='bbox 1590 2051 1702 2105; x_wconf 78' lang='grc' dir='ltr'>Καὶ</span> <span class='ocrx_word' id='word_1_148' title='bbox 1725 2049 1882 2103; x_wconf 86' lang='grc' dir='ltr'>τοῦτο</span> <span class='ocrx_word' id='word_1_149' title='bbox 1915 2049 1973 2103; x_wconf 84' lang='grc' dir='ltr'>δὲ</span> 
     </span>
    </p>
   </div>
   <div class='ocr_carea' id='block_1_21' title="bbox 406 2141 1975 2216">
    <p class='ocr_par' dir='ltr' id='par_1_21' title="bbox 406 2141 1975 2216">
     <span class='ocr_line' id='line_1_21' title="bbox 406 2141 1975 2216; baseline -0.003 -19"><span class='ocrx_word' id='word_1_150' title='bbox 406 2145 789 2216; x_wconf 80' lang='grc' dir='ltr'>συμφερόντως</span> <span class='ocrx_word' id='word_1_151' title='bbox 817 2144 1044 2213; x_wconf 80' lang='grc' dir='ltr'>ἐγίνετο,</span> <span class='ocrx_word' id='word_1_152' title='bbox 1075 2145 1162 2197; x_wconf 77' lang='grc' dir='ltr'>ἵνα</span> <span class='ocrx_word' id='word_1_153' title='bbox 1186 2144 1260 2216; x_wconf 89' lang='grc' dir='ltr'>μή</span> <span class='ocrx_word' id='word_1_154' title='bbox 1290 2161 1373 2207; x_wconf 90' lang='grc' dir='ltr'>τις</span> <span class='ocrx_word' id='word_1_155' title='bbox 1399 2143 1578 2197; x_wconf 84' lang='grc' dir='ltr'>αὐτῶν</span> <span class='ocrx_word' id='word_1_156' title='bbox 1602 2141 1825 2214; x_wconf 78' lang='grc' dir='ltr'>μείζονα</span> <span class='ocrx_word' id='word_1_157' title='bbox 1847 2141 1975 2213; x_wconf 74' lang='grc' dir='ltr'>περὶ</span> 
     </span>
    </p>
   </div>
   <div class='ocr_carea' id='block_1_22' title="bbox 403 2232 1975 2309">
    <p class='ocr_par' dir='ltr' id='par_1_22' title="bbox 403 2232 1975 2309">
     <span class='ocr_line' id='line_1_22' title="bbox 403 2232 1975 2309; baseline -0.002 -20"><span class='ocrx_word' id='word_1_158' title='bbox 403 2236 567 2290; x_wconf 80' lang='grc' dir='ltr'>αὑτὸν</span> <span class='ocrx_word' id='word_1_159' title='bbox 591 2237 691 2307; x_wconf 79' lang='grc' dir='ltr'>τῆς</span> <span class='ocrx_word' id='word_1_160' title='bbox 718 2237 875 2302; x_wconf 80' lang='grc' dir='ltr'>ἀξίας</span> <span class='ocrx_word' id='word_1_161' title='bbox 920 2235 1172 2291; x_wconf 71' lang='grc' dir='ltr'>ὑπόνοιαν</span> <span class='ocrx_word' id='word_1_162' title='bbox 1221 2235 1339 2309; x_wconf 79' lang='grc' dir='ltr'>ἔχη.</span> <span class='ocrx_word' id='word_1_163' title='bbox 1390 2235 1451 2290; x_wconf 69' lang='lat' dir='ltr'>El</span> <span class='ocrx_word' id='word_1_164' title='bbox 1490 2234 1599 2305; x_wconf 98' lang='lat'>7&amp;9</span> <span class='ocrx_word' id='word_1_165' title='bbox 1647 2232 1975 2288; x_wconf 74' lang='grc' dir='ltr'>καὶτούτων</span> 
     </span>
    </p>
   </div>
   <div class='ocr_carea' id='block_1_23' title="bbox 405 2323 1977 2399">
    <p class='ocr_par' dir='ltr' id='par_1_23' title="bbox 405 2323 1977 2399">
     <span class='ocr_line' id='line_1_23' title="bbox 405 2323 1977 2399; baseline -0.002 -18"><span class='ocrx_word' id='word_1_166' title='bbox 405 2326 572 2381; x_wconf 72' lang='grc' dir='ltr'>ϐντων</span> <span class='ocrx_word' id='word_1_167' title='bbox 598 2328 746 2382; x_wconf 87' lang='grc' dir='ltr'>θύειν</span> <span class='ocrx_word' id='word_1_168' title='bbox 791 2330 973 2392; x_wconf 78' lang='grc' dir='ltr'>αὐτοῖς</span> <span class='ocrx_word' id='word_1_169' title='bbox 1007 2328 1292 2382; x_wconf 84' lang='grc' dir='ltr'>ἐϐούλοντο</span> <span class='ocrx_word' id='word_1_170' title='bbox 1325 2326 1582 2399; x_wconf 84' lang='grc' dir='ltr'>ταύρους.</span> <span class='ocrx_word' id='word_1_171' title='bbox 1631 2324 1736 2380; x_wconf 86' lang='grc' dir='ltr'>ποῦ</span> <span class='ocrx_word' id='word_1_172' title='bbox 1769 2326 1871 2379; x_wconf 79' lang='grc' dir='ltr'>οὐκ</span> <span class='ocrx_word' id='word_1_173' title='bbox 1910 2323 1977 2379; x_wconf 77' lang='grc' dir='ltr'>ἂν</span> 
     </span>
    </p>
   </div>
   <div class='ocr_carea' id='block_1_24' title="bbox 406 2416 1976 2492">
    <p class='ocr_par' dir='ltr' id='par_1_24' title="bbox 406 2416 1976 2492">
     <span class='ocr_line' id='line_1_24' title="bbox 406 2416 1976 2492; baseline -0.003 -19"><span class='ocrx_word' id='word_1_174' title='bbox 406 2419 701 2485; x_wconf 74' lang='grc' dir='ltr'>ἐξώκειλαν</span> <span class='ocrx_word' id='word_1_175' title='bbox 727 2420 1001 2485; x_wconf 89' lang='grc' dir='ltr'>ἀσεϐείας,</span> <span class='ocrx_word' id='word_1_176' title='bbox 1045 2422 1093 2473; x_wconf 85' lang='grc' dir='ltr'>εί</span> <span class='ocrx_word' id='word_1_177' title='bbox 1124 2421 1199 2492; x_wconf 86' lang='grc' dir='ltr'>μὴ</span> <span class='ocrx_word' id='word_1_178' title='bbox 1242 2419 1413 2475; x_wconf 87' lang='grc' dir='ltr'>πολλά</span> <span class='ocrx_word' id='word_1_179' title='bbox 1446 2418 1717 2488; x_wconf 78' lang='grc' dir='ltr'>δείγματα</span> <span class='ocrx_word' id='word_1_180' title='bbox 1741 2416 1842 2487; x_wconf 74' lang='grc' dir='ltr'>τῆς</span> <span class='ocrx_word' id='word_1_181' title='bbox 1880 2418 1976 2470; x_wconf 88' lang='grc' dir='ltr'>άν-</span> 
     </span>
    </p>
   </div>
   <div class='ocr_carea' id='block_1_25' title="bbox 409 2507 1974 2583">
    <p class='ocr_par' dir='ltr' id='par_1_25' title="bbox 409 2507 1974 2583">
     <span class='ocr_line' id='line_1_25' title="bbox 409 2507 1974 2583; baseline -0.002 -19"><span class='ocrx_word' id='word_1_182' title='bbox 409 2512 688 2583; x_wconf 81' lang='grc' dir='ltr'>θρωπίνης</span> <span class='ocrx_word' id='word_1_183' title='bbox 714 2512 995 2576; x_wconf 81' lang='grc' dir='ltr'>ἀσθενείας</span> <span class='ocrx_word' id='word_1_184' title='bbox 1034 2513 1386 2582; x_wconf 88' lang='grc' dir='ltr'>παρείχοντο;</span> <span class='ocrx_word' id='word_1_185' title='bbox 1421 2510 1532 2563; x_wconf 72' lang='grc' dir='ltr'>Καὶ</span> <span class='ocrx_word' id='word_1_186' title='bbox 1564 2508 1617 2562; x_wconf 90' lang='grc' dir='ltr'>τί</span> <span class='ocrx_word' id='word_1_187' title='bbox 1653 2507 1974 2580; x_wconf 76' lang='grc' dir='ltr'>θαυμάζεις,</span> 
     </span>
    </p>
   </div>
   <div class='ocr_carea' id='block_1_26' title="bbox 410 2600 1979 2677">
    <p class='ocr_par' dir='ltr' id='par_1_26' title="bbox 410 2600 1979 2677">
     <span class='ocr_line' id='line_1_26' title="bbox 410 2600 1979 2677; baseline -0.003 -20"><span class='ocrx_word' id='word_1_188' title='bbox 410 2605 459 2657; x_wconf 85' lang='grc' dir='ltr'>εί</span> <span class='ocrx_word' id='word_1_189' title='bbox 486 2602 554 2658; x_wconf 73' lang='grc' dir='ltr'>τά</span> <span class='ocrx_word' id='word_1_190' title='bbox 582 2604 844 2677; x_wconf 78' lang='grc' dir='ltr'>μέλλοντα</span> <span class='ocrx_word' id='word_1_191' title='bbox 876 2604 1055 2657; x_wconf 83' lang='grc' dir='ltr'>πάντα</span> <span class='ocrx_word' id='word_1_192' title='bbox 1084 2603 1185 2657; x_wconf 80' lang='grc' dir='ltr'>οῦκ</span> <span class='ocrx_word' id='word_1_193' title='bbox 1223 2603 1362 2675; x_wconf 72' lang='grc' dir='ltr'>ᾔδει,</span> <span class='ocrx_word' id='word_1_194' title='bbox 1406 2601 1539 2655; x_wconf 84' lang='grc' dir='ltr'>ὅπου</span> <span class='ocrx_word' id='word_1_195' title='bbox 1568 2601 1662 2655; x_wconf 65' lang='grc' dir='ltr'>καί¹</span> <span class='ocrx_word' id='word_1_196' title='bbox 1686 2601 1746 2654; x_wconf 84' lang='grc' dir='ltr'>ἐν</span> <span class='ocrx_word' id='word_1_197' title='bbox 1790 2600 1979 2670; x_wconf 80' lang='grc' dir='ltr'>εὐχαῖς</span> 
     </span>
    </p>
   </div>
   <div class='ocr_carea' id='block_1_27' title="bbox 409 2693 1982 2767">
    <p class='ocr_par' dir='ltr' id='par_1_27' title="bbox 409 2693 1982 2767">
     <span class='ocr_line' id='line_1_27' title="bbox 409 2693 1982 2767; baseline -0.002 -17"><span class='ocrx_word' id='word_1_198' title='bbox 409 2695 681 2767; x_wconf 79' lang='grc' dir='ltr'>πολλαχοῦ</span> <span class='ocrx_word' id='word_1_199' title='bbox 702 2697 764 2749; x_wconf 82' lang='grc' dir='ltr'>τὸ</span> <span class='ocrx_word' id='word_1_200' title='bbox 797 2695 1077 2766; x_wconf 83' lang='grc' dir='ltr'>συμφέρον</span> <span class='ocrx_word' id='word_1_201' title='bbox 1107 2696 1323 2764; x_wconf 75' lang='grc' dir='ltr'>ἀγνοεῖς</span> <span class='ocrx_word' id='word_1_202' title='bbox 1372 2693 1443 2748; x_wconf 83' lang='grc' dir='ltr'>Τὸ</span> <span class='ocrx_word' id='word_1_203' title='bbox 1473 2693 1602 2765; x_wconf 80' lang='lat'><strong>7&amp;9,</strong></span> <span class='ocrx_word' id='word_1_204' title='bbox 1635 2693 1693 2746; x_wconf 85' lang='grc' dir='ltr'>τί</span> <span class='ocrx_word' id='word_1_205' title='bbox 1730 2709 1982 2761; x_wconf 82' lang='grc' dir='ltr'>προσευ-</span> 
     </span>
    </p>
   </div>
   <div class='ocr_carea' id='block_1_28' title="bbox 409 2784 1978 2857">
    <p class='ocr_par' dir='ltr' id='par_1_28' title="bbox 409 2784 1978 2857">
     <span class='ocr_line' id='line_1_28' title="bbox 409 2784 1978 2857; baseline -0.004 -14"><span class='ocrx_word' id='word_1_206' title='bbox 409 2788 631 2857; x_wconf 76' lang='grc' dir='ltr'>ξόμεθα</span> <span class='ocrx_word' id='word_1_207' title='bbox 654 2828 669 2852; x_wconf 93' lang='grc'>,</span> <span class='ocrx_word' id='word_1_208' title='bbox 732 2787 887 2857; x_wconf 76' lang='grc' dir='ltr'>φησὶ,</span> <span class='ocrx_word' id='word_1_209' title='bbox 934 2787 1080 2841; x_wconf 83' lang='grc' dir='ltr'>καθὸ</span> <span class='ocrx_word' id='word_1_210' title='bbox 1120 2786 1230 2852; x_wconf 81' lang='grc' dir='ltr'>δεῖ,</span> <span class='ocrx_word' id='word_1_211' title='bbox 1289 2787 1400 2840; x_wconf 79' lang='grc' dir='ltr'>οὐκ</span> <span class='ocrx_word' id='word_1_212' title='bbox 1441 2784 1707 2855; x_wconf 78' lang='grc' dir='ltr'>οἴδαμεν.</span> <span class='ocrx_word' id='word_1_213' title='bbox 1779 2784 1887 2837; x_wconf 69' lang='grc' dir='ltr'>Καὶ</span> <span class='ocrx_word' id='word_1_214' title='bbox 1916 2784 1978 2836; x_wconf 77' lang='grc' dir='ltr'>οὐ</span> 
     </span>
    </p>
   </div>
   <div class='ocr_carea' id='block_1_29' title="bbox 407 2871 1980 2948">
    <p class='ocr_par' dir='ltr' id='par_1_29' title="bbox 407 2871 1980 2948">
     <span class='ocr_line' id='line_1_29' title="bbox 407 2871 1980 2948; baseline -0.003 -19"><span class='ocrx_word' id='word_1_215' title='bbox 407 2876 557 2945; x_wconf 82' lang='grc' dir='ltr'>λέγει</span> <span class='ocrx_word' id='word_1_216' title='bbox 585 2875 744 2930; x_wconf 90' lang='grc' dir='ltr'>τοῦτο</span> <span class='ocrx_word' id='word_1_217' title='bbox 769 2876 950 2947; x_wconf 89' lang='grc' dir='ltr'>μόνον,</span> <span class='ocrx_word' id='word_1_218' title='bbox 981 2876 1070 2930; x_wconf 81' lang='grc' dir='ltr'>ἶνα</span> <span class='ocrx_word' id='word_1_219' title='bbox 1093 2874 1263 2948; x_wconf 77' lang='grc' dir='ltr'>δόξῃα</span> <span class='ocrx_word' id='word_1_220' title='bbox 1297 2872 1633 2947; x_wconf 74' lang='grc' dir='ltr'>μετριάζειν,</span> <span class='ocrx_word' id='word_1_221' title='bbox 1670 2871 1818 2945; x_wconf 74' lang='grc'>[446]</span> <span class='ocrx_word' id='word_1_222' title='bbox 1845 2872 1980 2927; x_wconf 88' lang='grc' dir='ltr'>ἀλλά</span> 
     </span>
    </p>
   </div>
   <div class='ocr_carea' id='block_1_30' title="bbox 410 2965 1977 3039">
    <p class='ocr_par' dir='ltr' id='par_1_30' title="bbox 410 2965 1977 3039">
     <span class='ocr_line' id='line_1_30' title="bbox 410 2965 1977 3039; baseline -0.004 -15"><span class='ocrx_word' id='word_1_223' title='bbox 410 2972 507 3024; x_wconf 61' lang='grc' dir='ltr'>καὶ⁹</span> <span class='ocrx_word' id='word_1_224' title='bbox 534 2969 798 3035; x_wconf 83' lang='grc' dir='ltr'>δείκνυσι,</span> <span class='ocrx_word' id='word_1_225' title='bbox 843 2966 948 3023; x_wconf 87' lang='grc' dir='ltr'>ποῦ</span> <span class='ocrx_word' id='word_1_226' title='bbox 980 2968 1043 3023; x_wconf 79' lang='grc' dir='ltr'>τὸ</span> <span class='ocrx_word' id='word_1_227' title='bbox 1094 2970 1371 3039; x_wconf 85' lang='grc' dir='ltr'>συμφέρον</span> <span class='ocrx_word' id='word_1_228' title='bbox 1399 2968 1458 3021; x_wconf 85' lang='grc' dir='ltr'>ἐν</span> <span class='ocrx_word' id='word_1_229' title='bbox 1502 2967 1689 3037; x_wconf 78' lang='grc' dir='ltr'>εὐχαῖς</span> <span class='ocrx_word' id='word_1_230' title='bbox 1721 2965 1977 3036; x_wconf 72' lang='grc' dir='ltr'>⁴ήγνόησε.</span> 
     </span>
    </p>
   </div>
   <div class='ocr_carea' id='block_1_31' title="bbox 412 3059 1983 3135">
    <p class='ocr_par' dir='ltr' id='par_1_31' title="bbox 412 3059 1983 3135">
     <span class='ocr_line' id='line_1_31' title="bbox 412 3059 1983 3135; baseline -0.004 -16"><span class='ocrx_word' id='word_1_231' title='bbox 412 3065 523 3120; x_wconf 85' lang='grc' dir='ltr'>Ποῦ</span> <span class='ocrx_word' id='word_1_232' title='bbox 556 3065 735 3120; x_wconf 82' lang='grc' dir='ltr'>τοίνυν</span> <span class='ocrx_word' id='word_1_233' title='bbox 773 3063 1078 3135; x_wconf 71' lang='grc' dir='ltr'>ἠγνόησενς</span> <span class='ocrx_word' id='word_1_234' title='bbox 1124 3063 1317 3117; x_wconf 81' lang='grc' dir='ltr'>Ἥνίκα</span> <span class='ocrx_word' id='word_1_235' title='bbox 1367 3061 1664 3133; x_wconf 79' lang='grc' dir='ltr'>παρεκάλει</span> <span class='ocrx_word' id='word_1_236' title='bbox 1714 3059 1821 3114; x_wconf 85' lang='grc' dir='ltr'>τῶν</span> <span class='ocrx_word' id='word_1_237' title='bbox 1867 3077 1983 3112; x_wconf 85' lang='grc' dir='ltr'>πει-</span> 
     </span>
    </p>
   </div>
   <div class='ocr_carea' id='block_1_32' title="bbox 415 3152 1984 3229">
    <p class='ocr_par' dir='ltr' id='par_1_32' title="bbox 415 3152 1984 3229">
     <span class='ocr_line' id='line_1_32' title="bbox 415 3152 1984 3229; baseline -0.004 -17"><span class='ocrx_word' id='word_1_238' title='bbox 415 3157 639 3229; x_wconf 81' lang='grc' dir='ltr'>ρασμῶν</span> <span class='ocrx_word' id='word_1_239' title='bbox 679 3157 1083 3228; x_wconf 83' lang='grc' dir='ltr'>ἀπαλλαγῆναι,</span> <span class='ocrx_word' id='word_1_240' title='bbox 1123 3155 1316 3224; x_wconf 84' lang='grc' dir='ltr'>λέγων·</span> <span class='ocrx_word' id='word_1_241' title='bbox 1367 3153 1575 3220; x_wconf 78' lang='grc' dir='ltr'>Ἐδόθη</span> <span class='ocrx_word' id='word_1_242' title='bbox 1609 3169 1707 3222; x_wconf 86' lang='grc' dir='ltr'>μοι</span> <span class='ocrx_word' id='word_1_243' title='bbox 1737 3152 1984 3220; x_wconf 72' lang='grc' dir='ltr'>σκόλοψ</span> 
     </span>
    </p>
   </div>
   <div class='ocr_carea' id='block_1_33' title="bbox 410 3240 1983 3319">
    <p class='ocr_par' dir='ltr' id='par_1_33' title="bbox 410 3240 1983 3319">
     <span class='ocr_line' id='line_1_33' title="bbox 410 3240 1983 3319; baseline -0.006 -15"><span class='ocrx_word' id='word_1_244' title='bbox 410 3248 488 3319; x_wconf 75' lang='grc' dir='ltr'>τῇ</span> <span class='ocrx_word' id='word_1_245' title='bbox 510 3250 687 3317; x_wconf 79' lang='grc' dir='ltr'>σαρκί</span> <span class='ocrx_word' id='word_1_246' title='bbox 708 3248 964 3319; x_wconf 70' lang='grc' dir='ltr'>ἄγγελος</span> <span class='ocrx_word' id='word_1_247' title='bbox 987 3246 1207 3311; x_wconf 85' lang='grc' dir='ltr'>Σατᾶν,</span> <span class='ocrx_word' id='word_1_248' title='bbox 1231 3246 1331 3301; x_wconf 77' lang='grc' dir='ltr'>ἵνα</span> <span class='ocrx_word' id='word_1_249' title='bbox 1340 3261 1417 3315; x_wconf 84' lang='grc' dir='ltr'>με</span> <span class='ocrx_word' id='word_1_250' title='bbox 1444 3240 1754 3312; x_wconf 70' lang='grc' dir='ltr'>κολαφίζῃ.</span> <span class='ocrx_word' id='word_1_251' title='bbox 1804 3242 1983 3311; x_wconf 83' lang='grc' dir='ltr'>’Υπὲρ</span> 
     </span>
    </p>
   </div>
   <div class='ocr_carea' id='block_1_34' title="bbox 412 3328 1986 3409">
    <p class='ocr_par' dir='ltr' id='par_1_34' title="bbox 412 3328 1986 3409">
     <span class='ocr_line' id='line_1_34' title="bbox 412 3328 1986 3409; baseline -0.006 -16"><span class='ocrx_word' id='word_1_252' title='bbox 412 3342 627 3394; x_wconf 79' lang='grc' dir='ltr'>τούτου</span> <span class='ocrx_word' id='word_1_253' title='bbox 672 3339 798 3409; x_wconf 81' lang='grc' dir='ltr'>τρίς</span> <span class='ocrx_word' id='word_1_254' title='bbox 839 3340 949 3393; x_wconf 81' lang='grc' dir='ltr'>τὸν</span> <span class='ocrx_word' id='word_1_255' title='bbox 990 3340 1207 3407; x_wconf 70' lang='grc' dir='ltr'>Κύριον</span> <span class='ocrx_word' id='word_1_256' title='bbox 1253 3334 1656 3405; x_wconf 74' lang='grc' dir='ltr'>παρεκάλεσα,</span> <span class='ocrx_word' id='word_1_257' title='bbox 1713 3333 1814 3387; x_wconf 77' lang='grc' dir='ltr'>καὶ</span> <span class='ocrx_word' id='word_1_258' title='bbox 1854 3328 1986 3386; x_wconf 83' lang='grc' dir='ltr'>εἷπέ</span> 
     </span>
    </p>
   </div>
   <div class='ocr_carea' id='block_1_35' title="bbox 410 3422 1984 3501">
    <p class='ocr_par' dir='ltr' id='par_1_35' title="bbox 410 3422 1984 3501">
     <span class='ocr_line' id='line_1_35' title="bbox 410 3422 1984 3501; baseline -0.008 -16"><span class='ocrx_word' id='word_1_259' title='bbox 410 3448 533 3501; x_wconf 85' lang='grc' dir='ltr'>μοι.</span> <span class='ocrx_word' id='word_1_260' title='bbox 578 3429 766 3494; x_wconf 79' lang='grc' dir='ltr'>Ἀρκεῖ</span> <span class='ocrx_word' id='word_1_261' title='bbox 786 3446 886 3484; x_wconf 88' lang='grc' dir='ltr'>σοι</span> <span class='ocrx_word' id='word_1_262' title='bbox 919 3431 958 3498; x_wconf 74' lang='grc' dir='ltr'><strong><em>ἡ</em></strong></span> <span class='ocrx_word' id='word_1_263' title='bbox 994 3428 1168 3499; x_wconf 79' lang='grc' dir='ltr'>χάρις</span> <span class='ocrx_word' id='word_1_264' title='bbox 1194 3444 1343 3498; x_wconf 76' lang='grc' dir='ltr'>μουο</span> <span class='ocrx_word' id='word_1_265' title='bbox 1371 3425 1410 3492; x_wconf 74' lang='grc' dir='ltr'><strong>ἡ</strong></span> <span class='ocrx_word' id='word_1_266' title='bbox 1448 3426 1558 3498; x_wconf 80' lang='grc' dir='ltr'>γὰρ</span> <span class='ocrx_word' id='word_1_267' title='bbox 1588 3422 1842 3493; x_wconf 78' lang='grc' dir='ltr'>δύναμίς</span> <span class='ocrx_word' id='word_1_268' title='bbox 1865 3439 1984 3490; x_wconf 89' lang='grc' dir='ltr'>μου</span> 
     </span>
    </p>
   </div>
   <div class='ocr_carea' id='block_1_36' title="bbox 416 3509 1988 3586">
    <p class='ocr_par' dir='ltr' id='par_1_36' title="bbox 416 3509 1988 3586">
     <span class='ocr_line' id='line_1_36' title="bbox 416 3509 1988 3586; baseline -0.009 -9"><span class='ocrx_word' id='word_1_269' title='bbox 416 3522 487 3577; x_wconf 75' lang='grc' dir='ltr'>ἐν</span> <span class='ocrx_word' id='word_1_270' title='bbox 528 3520 812 3586; x_wconf 73' lang='grc' dir='ltr'>ἀσθενείᾳ</span> <span class='ocrx_word' id='word_1_271' title='bbox 859 3518 1206 3573; x_wconf 71' lang='grc' dir='ltr'>τελειοῦται.</span> <span class='ocrx_word' id='word_1_272' title='bbox 1254 3511 1408 3579; x_wconf 75' lang='grc' dir='ltr'>Εἶδες</span> <span class='ocrx_word' id='word_1_273' title='bbox 1462 3514 1578 3577; x_wconf 84' lang='grc' dir='ltr'>πῶς</span> <span class='ocrx_word' id='word_1_274' title='bbox 1613 3514 1716 3567; x_wconf 86' lang='grc' dir='ltr'>οὐκ</span> <span class='ocrx_word' id='word_1_275' title='bbox 1748 3511 1888 3577; x_wconf 78' lang='grc' dir='ltr'>ἔγνω</span> <span class='ocrx_word' id='word_1_276' title='bbox 1919 3509 1988 3563; x_wconf 76' lang='grc' dir='ltr'>τὰ</span> 
     </span>
    </p>
   </div>
   <div class='ocr_carea' id='block_1_37' title="bbox 334 3600 1988 3681">
    <p class='ocr_par' dir='ltr' id='par_1_37' title="bbox 334 3600 1988 3681">
     <span class='ocr_line' id='line_1_37' title="bbox 334 3600 1988 3681; baseline -0.008 -15"><span class='ocrx_word' id='word_1_277' title='bbox 334 3650 339 3655; x_wconf 59' lang='grc' dir='ltr'><strong><em>μ</em></strong></span> <span class='ocrx_word' id='word_1_278' title='bbox 424 3610 767 3681; x_wconf 79' lang='grc' dir='ltr'>συμφέροντα</span> <span class='ocrx_word' id='word_1_279' title='bbox 825 3608 1082 3679; x_wconf 79' lang='grc' dir='ltr'>αίτῆσαι;</span> <span class='ocrx_word' id='word_1_280' title='bbox 1111 3607 1204 3661; x_wconf 77' lang='grc' dir='ltr'>Διὸ</span> <span class='ocrx_word' id='word_1_281' title='bbox 1230 3607 1353 3661; x_wconf 78' lang='grc' dir='ltr'>οὐδὲ</span> <span class='ocrx_word' id='word_1_282' title='bbox 1377 3605 1558 3669; x_wconf 83' lang='grc' dir='ltr'>ἐλαϐε,</span> <span class='ocrx_word' id='word_1_283' title='bbox 1594 3604 1689 3658; x_wconf 73' lang='grc' dir='ltr'>καὶ</span> <span class='ocrx_word' id='word_1_284' title='bbox 1731 3600 1988 3664; x_wconf 82' lang='grc' dir='ltr'>πολλάκις</span> 
     </span>
    </p>
   </div>
   <div class='ocr_carea' id='block_1_38' title="bbox 419 3692 1989 3776">
    <p class='ocr_par' dir='ltr' id='par_1_38' title="bbox 419 3692 1989 3776">
     <span class='ocr_line' id='line_1_38' title="bbox 419 3692 1989 3776; baseline -0.007 -20"><span class='ocrx_word' id='word_1_285' title='bbox 419 3705 668 3776; x_wconf 74' lang='grc' dir='ltr'>αἰτήσας.</span> <span class='ocrx_word' id='word_1_286' title='bbox 715 3699 936 3767; x_wconf 87' lang='grc' dir='ltr'>Πιστὸς</span> <span class='ocrx_word' id='word_1_287' title='bbox 979 3700 1048 3753; x_wconf 85' lang='grc' dir='ltr'>ὃὲ</span> <span class='ocrx_word' id='word_1_288' title='bbox 1080 3702 1113 3754; x_wconf 85' lang='grc' dir='ltr'>ό</span> <span class='ocrx_word' id='word_1_289' title='bbox 1161 3699 1324 3765; x_wconf 80' lang='grc' dir='ltr'>Θεὸς,</span> <span class='ocrx_word' id='word_1_290' title='bbox 1352 3698 1441 3752; x_wconf 86' lang='grc' dir='ltr'>ὅτι</span> <span class='ocrx_word' id='word_1_291' title='bbox 1479 3701 1512 3752; x_wconf 85' lang='grc' dir='ltr'>ό</span> <span class='ocrx_word' id='word_1_292' title='bbox 1540 3699 1725 3766; x_wconf 66' lang='grc' dir='ltr'>λόγος</span> <span class='ocrx_word' id='word_1_293' title='bbox 1756 3692 1925 3765; x_wconf 78' lang='grc' dir='ltr'>ἡμῶν</span> <span class='ocrx_word' id='word_1_294' title='bbox 1956 3695 1989 3747; x_wconf 87' lang='grc' dir='ltr'>ό</span> 
     </span>
    </p>
   </div>
   <div class='ocr_carea' id='block_1_39' title="bbox 420 3788 1991 3865">
    <p class='ocr_par' dir='ltr' id='par_1_39' title="bbox 420 3788 1991 3865">
     <span class='ocr_line' id='line_1_39' title="bbox 420 3788 1991 3865; baseline -0.01 -11"><span class='ocrx_word' id='word_1_295' title='bbox 420 3796 571 3865; x_wconf 80' lang='grc' dir='ltr'>πρὸς</span> <span class='ocrx_word' id='word_1_296' title='bbox 599 3793 755 3864; x_wconf 84' lang='grc' dir='ltr'>ὑμᾶς</span> <span class='ocrx_word' id='word_1_297' title='bbox 789 3796 900 3849; x_wconf 85' lang='grc' dir='ltr'>οὐκ</span> <span class='ocrx_word' id='word_1_298' title='bbox 942 3792 1178 3863; x_wconf 79' lang='grc' dir='ltr'>ἐγένετο</span> <span class='ocrx_word' id='word_1_299' title='bbox 1207 3792 1317 3847; x_wconf 78' lang='grc' dir='ltr'>Ναί</span> <span class='ocrx_word' id='word_1_300' title='bbox 1347 3792 1445 3847; x_wconf 80' lang='grc' dir='ltr'>καί</span> <span class='ocrx_word' id='word_1_301' title='bbox 1478 3792 1579 3846; x_wconf 83' lang='grc' dir='ltr'>οὔ.</span> <span class='ocrx_word' id='word_1_302' title='bbox 1616 3788 1813 3852; x_wconf 84' lang='grc' dir='ltr'>Καλῶς</span> <span class='ocrx_word' id='word_1_303' title='bbox 1846 3788 1991 3841; x_wconf 87' lang='grc' dir='ltr'>ἀντί-</span> 
     </span>
    </p>
   </div>
   <div class='ocr_carea' id='block_1_40' title="bbox 422 3877 1988 3951">
    <p class='ocr_par' dir='ltr' id='par_1_40' title="bbox 422 3877 1988 3951">
     <span class='ocr_line' id='line_1_40' title="bbox 422 3877 1988 3951; baseline -0.007 -11"><span class='ocrx_word' id='word_1_304' title='bbox 422 3882 571 3940; x_wconf 79' lang='grc' dir='ltr'>θεσιν</span> <span class='ocrx_word' id='word_1_305' title='bbox 599 3883 1015 3939; x_wconf 81' lang='grc' dir='ltr'>ἀνακύπτουσαν</span> <span class='ocrx_word' id='word_1_306' title='bbox 1053 3881 1331 3937; x_wconf 81' lang='grc' dir='ltr'>καταλύει.</span> <span class='ocrx_word' id='word_1_307' title='bbox 1363 3882 1424 3935; x_wconf 79' lang='lat' dir='ltr'>Ei</span> <span class='ocrx_word' id='word_1_308' title='bbox 1453 3879 1561 3951; x_wconf 78' lang='grc' dir='ltr'>γὰρ</span> <span class='ocrx_word' id='word_1_309' title='bbox 1599 3877 1988 3950; x_wconf 78' lang='grc' dir='ltr'>ὑποσχόμενος,</span> 
     </span>
    </p>
   </div>
   <div class='ocr_carea' id='block_1_41' title="bbox 421 3968 1993 4052">
    <p class='ocr_par' dir='ltr' id='par_1_41' title="bbox 421 3968 1993 4052">
     <span class='ocr_line' id='line_1_41' title="bbox 421 3968 1993 4052; baseline -0.008 -18"><span class='ocrx_word' id='word_1_310' title='bbox 421 3980 578 4052; x_wconf 70' lang='grc' dir='ltr'>φησι,</span> <span class='ocrx_word' id='word_1_311' title='bbox 625 3976 1020 4050; x_wconf 89' lang='grc' dir='ltr'>παραγίνεσθαι</span> <span class='ocrx_word' id='word_1_312' title='bbox 1067 3974 1356 4047; x_wconf 78' lang='grc' dir='ltr'>ὑπερέθου,</span> <span class='ocrx_word' id='word_1_313' title='bbox 1412 3973 1505 4027; x_wconf 74' lang='grc' dir='ltr'>καὶ</span> <span class='ocrx_word' id='word_1_314' title='bbox 1542 3972 1642 4026; x_wconf 85' lang='grc' dir='ltr'>οὐκ</span> <span class='ocrx_word' id='word_1_315' title='bbox 1688 3970 1803 4024; x_wconf 77' lang='grc' dir='ltr'>ἐστι</span> <span class='ocrx_word' id='word_1_316' title='bbox 1843 3968 1993 4038; x_wconf 84' lang='grc' dir='ltr'>παρὰ</span> 
     </span>
    </p>
   </div>
   <div class='ocr_carea' id='block_1_42' title="bbox 423 4060 1993 4136">
    <p class='ocr_par' dir='ltr' id='par_1_42' title="bbox 423 4060 1993 4136">
     <span class='ocr_line' id='line_1_42' title="bbox 423 4060 1993 4136; baseline -0.009 -10"><span class='ocrx_word' id='word_1_317' title='bbox 423 4074 510 4126; x_wconf 74' lang='grc' dir='ltr'>σοὶ</span> <span class='ocrx_word' id='word_1_318' title='bbox 546 4071 654 4126; x_wconf 77' lang='grc' dir='ltr'>Ναὶ</span> <span class='ocrx_word' id='word_1_319' title='bbox 678 4071 786 4136; x_wconf 78' lang='grc' dir='ltr'>ναὶ,</span> <span class='ocrx_word' id='word_1_320' title='bbox 817 4069 913 4123; x_wconf 79' lang='grc' dir='ltr'>καὶ</span> <span class='ocrx_word' id='word_1_321' title='bbox 949 4067 1026 4124; x_wconf 85' lang='grc' dir='ltr'>Οὒ</span> <span class='ocrx_word' id='word_1_322' title='bbox 1057 4066 1142 4130; x_wconf 80' lang='grc' dir='ltr'>οὒ,</span> <span class='ocrx_word' id='word_1_323' title='bbox 1194 4064 1329 4120; x_wconf 89' lang='grc' dir='ltr'>ἀλλά</span> <span class='ocrx_word' id='word_1_324' title='bbox 1359 4063 1454 4117; x_wconf 90' lang='grc' dir='ltr'>νῦν</span> <span class='ocrx_word' id='word_1_325' title='bbox 1490 4062 1526 4118; x_wconf 76' lang='grc' dir='ltr'>ἃ</span> <span class='ocrx_word' id='word_1_326' title='bbox 1555 4063 1731 4131; x_wconf 88' lang='grc' dir='ltr'>λέγεις</span> <span class='ocrx_word' id='word_1_327' title='bbox 1760 4060 1993 4131; x_wconf 85' lang='grc' dir='ltr'>ἀνατρέ-</span> 
     </span>
    </p>
   </div>
   <div class='ocr_carea' id='block_1_43' title="bbox 424 4154 1994 4236">
    <p class='ocr_par' dir='ltr' id='par_1_43' title="bbox 424 4154 1994 4236">
     <span class='ocr_line' id='line_1_43' title="bbox 424 4154 1994 4236; baseline -0.007 -16"><span class='ocrx_word' id='word_1_328' title='bbox 424 4183 548 4230; x_wconf 89' lang='grc' dir='ltr'>πεις</span> <span class='ocrx_word' id='word_1_329' title='bbox 603 4166 745 4236; x_wconf 86' lang='grc' dir='ltr'>μετά</span> <span class='ocrx_word' id='word_1_330' title='bbox 780 4162 975 4227; x_wconf 87' lang='grc' dir='ltr'>ταῦτα,</span> <span class='ocrx_word' id='word_1_331' title='bbox 1022 4160 1210 4232; x_wconf 84' lang='grc' dir='ltr'>ὥσπερ</span> <span class='ocrx_word' id='word_1_332' title='bbox 1258 4160 1352 4212; x_wconf 75' lang='grc' dir='ltr'>ἐπὶ</span> <span class='ocrx_word' id='word_1_333' title='bbox 1406 4158 1506 4228; x_wconf 85' lang='grc' dir='ltr'>τῆς</span> <span class='ocrx_word' id='word_1_334' title='bbox 1545 4160 1644 4229; x_wconf 82' lang='grc' dir='ltr'>σῆς</span> <span class='ocrx_word' id='word_1_335' title='bbox 1702 4154 1994 4226; x_wconf 74' lang='grc' dir='ltr'>ἐπιδημίας</span> 
     </span>
    </p>
   </div>
   <div class='ocr_carea' id='block_1_44' title="bbox 425 4246 1995 4332">
    <p class='ocr_par' dir='ltr' id='par_1_44' title="bbox 425 4246 1995 4332">
     <span class='ocr_line' id='line_1_44' title="bbox 425 4246 1995 4332; baseline -0.01 -18"><span class='ocrx_word' id='word_1_336' title='bbox 425 4256 718 4332; x_wconf 76' lang='grc' dir='ltr'>ἐποίησας’</span> <span class='ocrx_word' id='word_1_337' title='bbox 759 4255 884 4310; x_wconf 76' lang='grc' dir='ltr'>οὐαὶ</span> <span class='ocrx_word' id='word_1_338' title='bbox 910 4256 1065 4325; x_wconf 85' lang='grc' dir='ltr'>ήμίν,</span> <span class='ocrx_word' id='word_1_339' title='bbox 1101 4252 1308 4323; x_wconf 83' lang='grc' dir='ltr'>μήποτε</span> <span class='ocrx_word' id='word_1_340' title='bbox 1336 4249 1430 4303; x_wconf 76' lang='grc' dir='ltr'>καὶ</span> <span class='ocrx_word' id='word_1_341' title='bbox 1469 4249 1529 4302; x_wconf 90' lang='grc' dir='ltr'>ἐν</span> <span class='ocrx_word' id='word_1_342' title='bbox 1577 4247 1655 4319; x_wconf 83' lang='grc' dir='ltr'>τῷ</span> <span class='ocrx_word' id='word_1_343' title='bbox 1679 4246 1995 4319; x_wconf 82' lang='grc' dir='ltr'>κηρύγματι</span> 
     </span>
    </p>
   </div>
   <div class='ocr_carea' id='block_1_45' title="bbox 426 4340 1997 4419">
    <p class='ocr_par' dir='ltr' id='par_1_45' title="bbox 426 4340 1997 4419">
     <span class='ocr_line' id='line_1_45' title="bbox 426 4340 1997 4419; baseline -0.009 -13"><span class='ocrx_word' id='word_1_344' title='bbox 426 4349 586 4406; x_wconf 85' lang='grc' dir='ltr'>τοῦτο</span> <span class='ocrx_word' id='word_1_345' title='bbox 635 4349 880 4419; x_wconf 85' lang='grc' dir='ltr'>γέγονεν.</span> <span class='ocrx_word' id='word_1_346' title='bbox 936 4345 1033 4401; x_wconf 77' lang='grc' dir='ltr'>’1ν’</span> <span class='ocrx_word' id='word_1_347' title='bbox 1078 4340 1171 4400; x_wconf 77' lang='grc' dir='ltr'>οὖν</span> <span class='ocrx_word' id='word_1_348' title='bbox 1216 4342 1292 4417; x_wconf 83' lang='grc' dir='ltr'>μὴ</span> <span class='ocrx_word' id='word_1_349' title='bbox 1336 4342 1508 4396; x_wconf 89' lang='grc' dir='ltr'>ταῦτα</span> <span class='ocrx_word' id='word_1_350' title='bbox 1558 4340 1800 4405; x_wconf 82' lang='grc' dir='ltr'>ἐννοῶσι,</span> <span class='ocrx_word' id='word_1_351' title='bbox 1860 4340 1997 4412; x_wconf 87' lang='grc' dir='ltr'>μηδέ</span> 
     </span>
    </p>
   </div>
   <div class='ocr_carea' id='block_1_46' title="bbox 428 4420 1997 4517">
    <p class='ocr_par' dir='ltr' id='par_1_46' title="bbox 428 4420 1997 4517">
     <span class='ocr_line' id='line_1_46' title="bbox 428 4420 1997 4517; baseline -0.005 -20"><span class='ocrx_word' id='word_1_352' title='bbox 428 4443 788 4517; x_wconf 86' lang='grc' dir='ltr'>θορυϐῶνται,</span> <span class='ocrx_word' id='word_1_353' title='bbox 829 4439 993 4513; x_wconf 71' lang='grc' dir='ltr'>φησί⁸</span> <span class='ocrx_word' id='word_1_354' title='bbox 1025 4420 1245 4505; x_wconf 83' lang='grc' dir='ltr'>Πιστὸς</span> <span class='ocrx_word' id='word_1_355' title='bbox 1268 4436 1338 4491; x_wconf 77' lang='grc' dir='ltr'>δὲ</span> <span class='ocrx_word' id='word_1_356' title='bbox 1368 4440 1402 4492; x_wconf 85' lang='grc' dir='ltr'>ό</span> <span class='ocrx_word' id='word_1_357' title='bbox 1430 4435 1594 4503; x_wconf 82' lang='grc' dir='ltr'>Θεὸς.</span> <span class='ocrx_word' id='word_1_358' title='bbox 1622 4434 1711 4489; x_wconf 86' lang='grc' dir='ltr'>ὅτι</span> <span class='ocrx_word' id='word_1_359' title='bbox 1745 4437 1780 4490; x_wconf 85' lang='grc' dir='ltr'><em>ὁ</em></span> <span class='ocrx_word' id='word_1_360' title='bbox 1815 4435 1997 4505; x_wconf 80' lang='grc' dir='ltr'>λόγος</span> 
     </span>
    </p>
   </div>
   <div class='ocr_carea' id='block_1_47' title="bbox 427 4527 1997 4608">
    <p class='ocr_par' dir='ltr' id='par_1_47' title="bbox 427 4527 1997 4608">
     <span class='ocr_line' id='line_1_47' title="bbox 427 4527 1997 4608; baseline 0.002 -29"><span class='ocrx_word' id='word_1_361' title='bbox 427 4537 599 4608; x_wconf 62' lang='grc' dir='ltr'>ἡμῶν</span> <span class='ocrx_word' id='word_1_362' title='bbox 642 4539 676 4593; x_wconf 80' lang='grc' dir='ltr'><em>δ</em></span> <span class='ocrx_word' id='word_1_363' title='bbox 704 4535 854 4606; x_wconf 81' lang='grc' dir='ltr'>πρὸς</span> <span class='ocrx_word' id='word_1_364' title='bbox 879 4532 1038 4605; x_wconf 78' lang='grc' dir='ltr'>ὑμᾶς</span> <span class='ocrx_word' id='word_1_365' title='bbox 1075 4533 1185 4588; x_wconf 80' lang='grc' dir='ltr'>οὐκ</span> <span class='ocrx_word' id='word_1_366' title='bbox 1211 4529 1448 4601; x_wconf 79' lang='grc' dir='ltr'>ἐγένετο</span> <span class='ocrx_word' id='word_1_367' title='bbox 1474 4528 1587 4583; x_wconf 76' lang='grc' dir='ltr'>Ναί</span> <span class='ocrx_word' id='word_1_368' title='bbox 1623 4527 1723 4583; x_wconf 78' lang='grc' dir='ltr'>καὶ</span> <span class='ocrx_word' id='word_1_369' title='bbox 1758 4528 1860 4583; x_wconf 86' lang='grc' dir='ltr'>Οὔ.</span> <span class='ocrx_word' id='word_1_370' title='bbox 1907 4528 1997 4582; x_wconf 82' lang='grc' dir='ltr'>Ἐν</span> 
     </span>
    </p>
   </div>
   <div class='ocr_carea' id='block_1_48' title="bbox 427 4617 1997 4703">
    <p class='ocr_par' dir='ltr' id='par_1_48' title="bbox 427 4617 1997 4703">
     <span class='ocr_line' id='line_1_48' title="bbox 427 4617 1997 4703; baseline -0.01 -19"><span class='ocrx_word' id='word_1_371' title='bbox 427 4629 538 4703; x_wconf 84' lang='grc' dir='ltr'>γὰρ</span> <span class='ocrx_word' id='word_1_372' title='bbox 564 4627 642 4700; x_wconf 83' lang='grc' dir='ltr'>τῷ</span> <span class='ocrx_word' id='word_1_373' title='bbox 669 4627 1003 4702; x_wconf 82' lang='grc' dir='ltr'>κηρύγματι,</span> <span class='ocrx_word' id='word_1_374' title='bbox 1035 4622 1188 4694; x_wconf 81' lang='grc' dir='ltr'>φησὶ,</span> <span class='ocrx_word' id='word_1_375' title='bbox 1216 4619 1376 4674; x_wconf 85' lang='grc' dir='ltr'>τοῦτο</span> <span class='ocrx_word' id='word_1_376' title='bbox 1402 4620 1502 4673; x_wconf 85' lang='grc' dir='ltr'>οὐκ</span> <span class='ocrx_word' id='word_1_377' title='bbox 1527 4620 1763 4688; x_wconf 87' lang='grc' dir='ltr'>ἐγένετο,</span> <span class='ocrx_word' id='word_1_378' title='bbox 1796 4617 1910 4679; x_wconf 81' lang='grc' dir='ltr'>ἀλλ’</span> <span class='ocrx_word' id='word_1_379' title='bbox 1938 4618 1997 4670; x_wconf 86' lang='grc' dir='ltr'>ἐν</span> 
     </span>
    </p>
   </div>
   <div class='ocr_carea' id='block_1_49' title="bbox 428 4709 1998 4787">
    <p class='ocr_par' dir='ltr' id='par_1_49' title="bbox 428 4709 1998 4787">
     <span class='ocr_line' id='line_1_49' title="bbox 428 4709 1998 4787; baseline -0.01 -9"><span class='ocrx_word' id='word_1_380' title='bbox 428 4726 549 4787; x_wconf 80' lang='grc' dir='ltr'>ταῖς</span> <span class='ocrx_word' id='word_1_381' title='bbox 596 4723 737 4787; x_wconf 81' lang='grc' dir='ltr'>ὁδοῖς</span> <span class='ocrx_word' id='word_1_382' title='bbox 781 4721 877 4774; x_wconf 71' lang='grc' dir='ltr'>καλ⁸</span> <span class='ocrx_word' id='word_1_383' title='bbox 921 4719 1042 4780; x_wconf 84' lang='grc' dir='ltr'>ταῖς</span> <span class='ocrx_word' id='word_1_384' title='bbox 1089 4711 1420 4784; x_wconf 77' lang='grc' dir='ltr'>ἀποδημίαις</span> <span class='ocrx_word' id='word_1_385' title='bbox 1471 4711 1649 4783; x_wconf 89' lang='grc' dir='ltr'>μόνον.</span> <span class='ocrx_word' id='word_1_386' title='bbox 1707 4712 1799 4764; x_wconf 86' lang='grc' dir='ltr'>Ἐν</span> <span class='ocrx_word' id='word_1_387' title='bbox 1827 4711 1887 4764; x_wconf 85' lang='grc' dir='ltr'>δέ</span> <span class='ocrx_word' id='word_1_388' title='bbox 1919 4709 1998 4781; x_wconf 81' lang='grc' dir='ltr'>τῷ</span> 
     </span>
    </p>
   </div>
   <div class='ocr_carea' id='block_1_50' title="bbox 429 4800 1997 4889">
    <p class='ocr_par' dir='ltr' id='par_1_50' title="bbox 429 4800 1997 4889">
     <span class='ocr_line' id='line_1_50' title="bbox 429 4800 1997 4889; baseline -0.009 -22"><span class='ocrx_word' id='word_1_389' title='bbox 429 4813 755 4889; x_wconf 75' lang='grc' dir='ltr'>κηρύγματι</span> <span class='ocrx_word' id='word_1_390' title='bbox 786 4811 936 4883; x_wconf 80' lang='grc' dir='ltr'>μένει</span> <span class='ocrx_word' id='word_1_391' title='bbox 976 4807 1167 4881; x_wconf 80' lang='grc' dir='ltr'>βέϐαια</span> <span class='ocrx_word' id='word_1_392' title='bbox 1206 4807 1311 4862; x_wconf 71' lang='grc' dir='ltr'>καὶ</span> <span class='ocrx_word' id='word_1_393' title='bbox 1329 4802 1562 4876; x_wconf 84' lang='grc' dir='ltr'>ἀκίνητα</span> <span class='ocrx_word' id='word_1_394' title='bbox 1590 4800 1733 4872; x_wconf 78' lang='grc' dir='ltr'>άπερ</span> <span class='ocrx_word' id='word_1_395' title='bbox 1768 4802 1997 4873; x_wconf 86' lang='grc' dir='ltr'>εἰρήκα-</span> 
     </span>
    </p>
   </div>
   <div class='ocr_carea' id='block_1_51' title="bbox 437 4889 2000 4975">
    <p class='ocr_par' dir='ltr' id='par_1_51' title="bbox 437 4889 2000 4975">
     <span class='ocr_line' id='line_1_51' title="bbox 437 4889 2000 4975; baseline -0.004 -20"><span class='ocrx_word' id='word_1_396' title='bbox 437 4921 553 4974; x_wconf 82' lang='grc' dir='ltr'>μεν.</span> <span class='ocrx_word' id='word_1_397' title='bbox 587 4905 759 4973; x_wconf 89' lang='grc' dir='ltr'>Λόγον</span> <span class='ocrx_word' id='word_1_398' title='bbox 803 4904 914 4975; x_wconf 89' lang='lat'>7&amp;9</span> <span class='ocrx_word' id='word_1_399' title='bbox 966 4902 1197 4959; x_wconf 86' lang='grc' dir='ltr'>ἐνταῦθα</span> <span class='ocrx_word' id='word_1_400' title='bbox 1238 4900 1301 4955; x_wconf 79' lang='grc' dir='ltr'>τὸ</span> <span class='ocrx_word' id='word_1_401' title='bbox 1348 4900 1608 4971; x_wconf 85' lang='grc' dir='ltr'>κήρυγμα</span> <span class='ocrx_word' id='word_1_402' title='bbox 1655 4895 1829 4951; x_wconf 88' lang='grc' dir='ltr'>καλεῖ.</span> <span class='ocrx_word' id='word_1_403' title='bbox 1868 4889 2000 4948; x_wconf 80' lang='grc' dir='ltr'>Εἶτα</span> 
     </span>
    </p>
   </div>
   <div class='ocr_carea' id='block_1_52' title="bbox 435 4988 2001 5070">
    <p class='ocr_par' dir='ltr' id='par_1_52' title="bbox 435 4988 2001 5070">
     <span class='ocr_line' id='line_1_52' title="bbox 435 4988 2001 5070; baseline -0.007 -19"><span class='ocrx_word' id='word_1_404' title='bbox 435 4994 707 5061; x_wconf 82' lang='grc' dir='ltr'>ἀπόδειξιν</span> <span class='ocrx_word' id='word_1_405' title='bbox 738 4996 1127 5070; x_wconf 75' lang='grc' dir='ltr'>ἀναντίρρητον</span> <span class='ocrx_word' id='word_1_406' title='bbox 1153 4996 1379 5068; x_wconf 81' lang='grc' dir='ltr'>παρέχει</span> <span class='ocrx_word' id='word_1_407' title='bbox 1402 4991 1615 5053; x_wconf 84' lang='grc' dir='ltr'>τούτου,</span> <span class='ocrx_word' id='word_1_408' title='bbox 1647 4991 1727 5054; x_wconf 86' lang='grc' dir='ltr'>είς</span> <span class='ocrx_word' id='word_1_409' title='bbox 1759 4989 1850 5043; x_wconf 86' lang='grc' dir='ltr'>τὸν</span> <span class='ocrx_word' id='word_1_410' title='bbox 1868 4988 2001 5042; x_wconf 66' lang='grc' dir='ltr'>Θεὸν</span> 
     </span>
    </p>
   </div>
   <div class='ocr_carea' id='block_1_53' title="bbox 434 5081 2000 5155">
    <p class='ocr_par' dir='ltr' id='par_1_53' title="bbox 434 5081 2000 5155">
     <span class='ocr_line' id='line_1_53' title="bbox 434 5081 2000 5155; baseline -0.007 -11"><span class='ocrx_word' id='word_1_411' title='bbox 434 5090 498 5144; x_wconf 72' lang='grc' dir='ltr'>τὸ</span> <span class='ocrx_word' id='word_1_412' title='bbox 526 5090 635 5143; x_wconf 81' lang='grc' dir='ltr'>πᾶν</span> <span class='ocrx_word' id='word_1_413' title='bbox 665 5087 881 5155; x_wconf 85' lang='grc' dir='ltr'>ἀνάγων</span> <span class='ocrx_word' id='word_1_414' title='bbox 941 5089 1007 5140; x_wconf 89' lang='grc' dir='ltr'>Ὅ</span> <span class='ocrx_word' id='word_1_415' title='bbox 1055 5088 1113 5140; x_wconf 87' lang='grc' dir='ltr'>δέ</span> <span class='ocrx_word' id='word_1_416' title='bbox 1144 5087 1311 5155; x_wconf 87' lang='grc' dir='ltr'>λέγει,</span> <span class='ocrx_word' id='word_1_417' title='bbox 1344 5086 1499 5140; x_wconf 85' lang='grc' dir='ltr'>τοῦτό</span> <span class='ocrx_word' id='word_1_418' title='bbox 1549 5086 1725 5138; x_wconf 79' lang='grc' dir='ltr'>ἐστιν·</span> <span class='ocrx_word' id='word_1_419' title='bbox 1769 5083 1836 5136; x_wconf 81' lang='grc' dir='ltr'><strong>Ἠ</strong></span> <span class='ocrx_word' id='word_1_420' title='bbox 1868 5081 2000 5135; x_wconf 83' lang='grc' dir='ltr'>ὑπό-</span> 
     </span>
    </p>
   </div>
   <div class='ocr_carea' id='block_1_54' title="bbox 437 5171 2001 5250">
    <p class='ocr_par' dir='ltr' id='par_1_54' title="bbox 437 5171 2001 5250">
     <span class='ocr_line' id='line_1_54' title="bbox 437 5171 2001 5250; baseline -0.006 -17"><span class='ocrx_word' id='word_1_421' title='bbox 437 5193 620 5250; x_wconf 90' lang='grc' dir='ltr'>σχεσις</span> <span class='ocrx_word' id='word_1_422' title='bbox 643 5176 742 5246; x_wconf 82' lang='grc' dir='ltr'>τῆς</span> <span class='ocrx_word' id='word_1_423' title='bbox 772 5174 1071 5245; x_wconf 78' lang='grc' dir='ltr'>παρουσίας</span> <span class='ocrx_word' id='word_1_424' title='bbox 1090 5176 1196 5244; x_wconf 85' lang='grc' dir='ltr'>ἐμὴ</span> <span class='ocrx_word' id='word_1_425' title='bbox 1220 5171 1308 5245; x_wconf 80' lang='grc' dir='ltr'>ἦν,</span> <span class='ocrx_word' id='word_1_426' title='bbox 1340 5176 1432 5228; x_wconf 74' lang='grc' dir='ltr'>καὶ</span> <span class='ocrx_word' id='word_1_427' title='bbox 1463 5174 1572 5242; x_wconf 85' lang='grc' dir='ltr'>ἐγὼ</span> <span class='ocrx_word' id='word_1_428' title='bbox 1590 5173 1800 5228; x_wconf 75' lang='grc' dir='ltr'>οἴκοθεν</span> <span class='ocrx_word' id='word_1_429' title='bbox 1829 5174 2001 5240; x_wconf 79' lang='grc' dir='ltr'>ἐπηγ-</span> 
     </span>
    </p>
   </div>
   <div class='ocr_carea' id='block_1_55' title="bbox 435 5264 1991 5344">
    <p class='ocr_par' dir='ltr' id='par_1_55' title="bbox 435 5264 1991 5344">
     <span class='ocr_line' id='line_1_55' title="bbox 435 5264 1991 5344; baseline -0.007 -16"><span class='ocrx_word' id='word_1_430' title='bbox 435 5272 707 5344; x_wconf 87' lang='grc' dir='ltr'>γειλάμην</span> <span class='ocrx_word' id='word_1_431' title='bbox 744 5269 954 5323; x_wconf 74' lang='grc' dir='ltr'>ἐκεῖνοο</span> <span class='ocrx_word' id='word_1_432' title='bbox 1001 5267 1062 5320; x_wconf 81' lang='grc' dir='ltr'>τὸ</span> <span class='ocrx_word' id='word_1_433' title='bbox 1095 5266 1153 5320; x_wconf 71' lang='grc' dir='ltr'>δὲ</span> <span class='ocrx_word' id='word_1_434' title='bbox 1181 5266 1443 5337; x_wconf 85' lang='grc' dir='ltr'>κήρυγμα</span> <span class='ocrx_word' id='word_1_435' title='bbox 1473 5267 1573 5318; x_wconf 80' lang='grc' dir='ltr'>οὐκ</span> <span class='ocrx_word' id='word_1_436' title='bbox 1597 5266 1728 5336; x_wconf 81' lang='grc' dir='ltr'>ἐμὸν</span> <span class='ocrx_word' id='word_1_437' title='bbox 1758 5265 1880 5319; x_wconf 77' lang='grc' dir='ltr'>οὐδὲ</span> <span class='ocrx_word' id='word_1_438' title='bbox 1905 5264 1991 5318; x_wconf 56' lang='grc' dir='ltr'>ἀν</span> 
     </span>
    </p>
   </div>
   <div class='ocr_carea' id='block_1_56' title="bbox 436 5355 2003 5437">
    <p class='ocr_par' dir='ltr' id='par_1_56' title="bbox 436 5355 2003 5437">
     <span class='ocr_line' id='line_1_56' title="bbox 436 5355 2003 5437; baseline -0.006 -17"><span class='ocrx_word' id='word_1_439' title='bbox 436 5363 730 5437; x_wconf 73' lang='grc' dir='ltr'>θρὼπινον,</span> <span class='ocrx_word' id='word_1_440' title='bbox 775 5362 911 5418; x_wconf 90' lang='grc' dir='ltr'>ἀλλά</span> <span class='ocrx_word' id='word_1_441' title='bbox 938 5360 1031 5414; x_wconf 88' lang='grc' dir='ltr'>τοῦ</span> <span class='ocrx_word' id='word_1_442' title='bbox 1057 5358 1192 5413; x_wconf 82' lang='grc' dir='ltr'>Θεοῦ</span> <span class='ocrx_word' id='word_1_443' title='bbox 1213 5376 1227 5390; x_wconf 92' lang='grc'><strong>·</strong></span> <span class='ocrx_word' id='word_1_444' title='bbox 1257 5358 1327 5413; x_wconf 88' lang='grc' dir='ltr'>τά</span> <span class='ocrx_word' id='word_1_445' title='bbox 1356 5357 1414 5413; x_wconf 79' lang='grc' dir='ltr'>δέ</span> <span class='ocrx_word' id='word_1_446' title='bbox 1439 5356 1534 5412; x_wconf 86' lang='grc' dir='ltr'>τοῦ</span> <span class='ocrx_word' id='word_1_447' title='bbox 1557 5355 1693 5411; x_wconf 85' lang='grc' dir='ltr'>Θεοῦ</span> <span class='ocrx_word' id='word_1_448' title='bbox 1725 5358 2003 5429; x_wconf 85' lang='grc' dir='ltr'>ἀμήχανον</span> 
     </span>
    </p>
   </div>
   <div class='ocr_carea' id='block_1_57' title="bbox 435 5447 2005 5528">
    <p class='ocr_par' dir='ltr' id='par_1_57' title="bbox 435 5447 2005 5528">
     <span class='ocr_line' id='line_1_57' title="bbox 435 5447 2005 5528; baseline -0.004 -19"><span class='ocrx_word' id='word_1_449' title='bbox 435 5455 823 5528; x_wconf 75' lang='grc' dir='ltr'>διαψεύσασθαι</span> <span class='ocrx_word' id='word_1_450' title='bbox 842 5473 858 5488; x_wconf 85' lang='grc'><strong>·</strong></span> <span class='ocrx_word' id='word_1_451' title='bbox 890 5454 971 5509; x_wconf 74' lang='grc' dir='ltr'>διὸ</span> <span class='ocrx_word' id='word_1_452' title='bbox 991 5454 1084 5509; x_wconf 79' lang='grc' dir='ltr'>καὶ</span> <span class='ocrx_word' id='word_1_453' title='bbox 1106 5452 1228 5523; x_wconf 75' lang='grc' dir='ltr'>ἔφη·</span> <span class='ocrx_word' id='word_1_454' title='bbox 1254 5449 1477 5518; x_wconf 83' lang='grc' dir='ltr'>Πιστὸς</span> <span class='ocrx_word' id='word_1_455' title='bbox 1501 5447 1572 5504; x_wconf 72' lang='grc' dir='ltr'>δὲ</span> <span class='ocrx_word' id='word_1_456' title='bbox 1592 5450 1627 5505; x_wconf 82' lang='grc' dir='ltr'>ό</span> <span class='ocrx_word' id='word_1_457' title='bbox 1653 5449 1797 5516; x_wconf 68' lang='lat' dir='ltr'>Oed;</span> <span class='ocrx_word' id='word_1_458' title='bbox 1811 5465 1827 5481; x_wconf 80' lang='grc'><strong><em>⁸</em></strong></span> <span class='ocrx_word' id='word_1_459' title='bbox 1849 5466 2005 5505; x_wconf 69' lang='grc' dir='ltr'>τουτο</span> 
     </span>
    </p>
   </div>
   <div class='ocr_carea' id='block_1_58' title="bbox 444 5541 2000 5620">
    <p class='ocr_par' dir='ltr' id='par_1_58' title="bbox 444 5541 2000 5620">
     <span class='ocr_line' id='line_1_58' title="bbox 444 5541 2000 5620; baseline -0.005 -19"><span class='ocrx_word' id='word_1_460' title='bbox 444 5549 611 5613; x_wconf 76' lang='grc' dir='ltr'>ἐστιν,</span> <span class='ocrx_word' id='word_1_461' title='bbox 645 5548 867 5620; x_wconf 63' lang='grc' dir='ltr'>ἀληθής.</span> <span class='ocrx_word' id='word_1_462' title='bbox 916 5548 1009 5618; x_wconf 80' lang='grc' dir='ltr'>Μὴ</span> <span class='ocrx_word' id='word_1_463' title='bbox 1038 5547 1214 5602; x_wconf 86' lang='grc' dir='ltr'>τοίνυν</span> <span class='ocrx_word' id='word_1_464' title='bbox 1262 5543 1594 5599; x_wconf 82' lang='grc' dir='ltr'>ὑποπτεύετε</span> <span class='ocrx_word' id='word_1_465' title='bbox 1640 5541 1710 5597; x_wconf 90' lang='grc' dir='ltr'>τά</span> <span class='ocrx_word' id='word_1_466' title='bbox 1756 5541 2000 5596; x_wconf 80' lang='grc' dir='ltr'>ἐκείνου·</span> 
     </span>
    </p>
   </div>
   <div class='ocr_carea' id='block_1_59' title="bbox 511 5672 2013 5757">
    <p class='ocr_par' dir='ltr' id='par_1_59' title="bbox 511 5672 2013 5757">
     <span class='ocr_line' id='line_1_59' title="bbox 511 5672 2013 5757; baseline -0.008 -12"><span class='ocrx_word' id='word_1_467' title='bbox 511 5696 539 5726; x_wconf 76' lang='grc'><strong>⁸</strong></span> <span class='ocrx_word' id='word_1_468' title='bbox 566 5695 649 5757; x_wconf 71' lang='lat' dir='ltr'>Sic</span> <span class='ocrx_word' id='word_1_469' title='bbox 686 5696 971 5757; x_wconf 76' lang='lat' dir='ltr'>legendum,</span> <span class='ocrx_word' id='word_1_470' title='bbox 994 5701 1052 5746; x_wconf 75' lang='lat' dir='ltr'><strong>ut</strong></span> <span class='ocrx_word' id='word_1_471' title='bbox 1086 5696 1285 5752; x_wconf 79' lang='lat' dir='ltr'><strong>coniicit</strong></span> <span class='ocrx_word' id='word_1_472' title='bbox 1322 5691 1495 5757; x_wconf 53' lang='lat'><strong>$9111.,</strong></span> <span class='ocrx_word' id='word_1_473' title='bbox 1519 5694 1572 5742; x_wconf 77' lang='lat' dir='ltr'><strong>et</strong></span> <span class='ocrx_word' id='word_1_474' title='bbox 1610 5691 1675 5741; x_wconf 77' lang='lat' dir='ltr'>Ita</span> <span class='ocrx_word' id='word_1_475' title='bbox 1699 5688 1822 5753; x_wconf 69' lang='lat' dir='ltr'>legit</span> <span class='ocrx_word' id='word_1_476' title='bbox 1844 5672 2013 5736; x_wconf 11' lang='lat' dir='ltr'>inter-7</span> 
     </span>
    </p>
   </div>
   <div class='ocr_carea' id='block_1_60' title="bbox 447 5754 1466 5822">
    <p class='ocr_par' dir='ltr' id='par_1_60' title="bbox 447 5754 1466 5822">
     <span class='ocr_line' id='line_1_60' title="bbox 447 5754 1466 5822; baseline -0.007 -14"><span class='ocrx_word' id='word_1_477' title='bbox 447 5768 567 5822; x_wconf 77' lang='lat' dir='ltr'>pres</span> <span class='ocrx_word' id='word_1_478' title='bbox 601 5754 816 5811; x_wconf 58' lang='lat' dir='ltr'>Latinis.</span> <span class='ocrx_word' id='word_1_479' title='bbox 838 5757 969 5808; x_wconf 80' lang='lat' dir='ltr'>Edm</span> <span class='ocrx_word' id='word_1_480' title='bbox 995 5757 1142 5816; x_wconf 82' lang='lat' dir='ltr'>male,</span> <span class='ocrx_word' id='word_1_481' title='bbox 1166 5758 1242 5803; x_wconf 74' lang='grc' dir='ltr'>ἵνα</span> <span class='ocrx_word' id='word_1_482' title='bbox 1268 5757 1330 5815; x_wconf 64' lang='grc' dir='ltr'>μῦ</span> <span class='ocrx_word' id='word_1_483' title='bbox 1358 5754 1466 5811; x_wconf 84' lang='grc' dir='ltr'>δόεη</span> 
     </span>
    </p>
   </div>
   <div class='ocr_carea' id='block_1_61' title="bbox 1099 274 2945 346">
    <p class='ocr_par' dir='ltr' id='par_1_61' title="bbox 1099 274 2945 346">
     <span class='ocr_line' id='line_1_61' title="bbox 1099 274 2945 346; baseline -0.008 -3"><span class='ocrx_word' id='word_1_484' title='bbox 1099 291 1158 345; x_wconf 81' lang='lat' dir='ltr'>S.</span> <span class='ocrx_word' id='word_1_485' title='bbox 1197 286 1481 346; x_wconf 69' lang='lat' dir='ltr'>JOANMS</span> <span class='ocrx_word' id='word_1_486' title='bbox 1517 279 2004 340; x_wconf 66' lang='lat' dir='ltr'>CHRYSOS&#39;IOII</span> <span class='ocrx_word' id='word_1_487' title='bbox 2042 282 2340 339; x_wconf 76' lang='lat' dir='ltr'>ABCIIIEP</span> <span class='ocrx_word' id='word_1_488' title='bbox 2403 274 2945 337; x_wconf 74' lang='lat' dir='ltr'>CONSTANTINOP.</span> 
     </span>
    </p>
   </div>
   <div class='ocr_carea' id='block_1_62' title="bbox 3537 268 3634 325">
    <p class='ocr_par' dir='ltr' id='par_1_62' title="bbox 3537 268 3634 325">
     <span class='ocr_line' id='line_1_62' title="bbox 3537 268 3634 325; baseline -0.01 -1"><span class='ocrx_word' id='word_1_489' title='bbox 3537 268 3634 325; x_wconf 83' lang='grc' dir='ltr'>ιιο</span> 
     </span>
    </p>
   </div>
   <div class='ocr_carea' id='block_1_63' title="bbox 2070 380 3635 473">
    <p class='ocr_par' dir='ltr' id='par_1_63' title="bbox 2070 380 3635 473">
     <span class='ocr_line' id='line_1_63' title="bbox 2070 380 3635 473; baseline -0.01 -21"><span class='ocrx_word' id='word_1_490' title='bbox 2070 400 2223 455; x_wconf 78' lang='grc' dir='ltr'>οὐδὲν</span> <span class='ocrx_word' id='word_1_491' title='bbox 2257 401 2358 473; x_wconf 65' lang='grc' dir='ltr'>γάρ</span> <span class='ocrx_word' id='word_1_492' title='bbox 2394 402 2452 453; x_wconf 80' lang='grc' dir='ltr'>ἐν</span> <span class='ocrx_word' id='word_1_493' title='bbox 2499 397 2682 458; x_wconf 81' lang='grc' dir='ltr'>αὐτοῖς</span> <span class='ocrx_word' id='word_1_494' title='bbox 2732 393 3092 465; x_wconf 82' lang='grc' dir='ltr'>ἀνθρώπινον.</span> <span class='ocrx_word' id='word_1_495' title='bbox 3129 390 3239 445; x_wconf 80' lang='grc' dir='ltr'>Καὶ</span> <span class='ocrx_word' id='word_1_496' title='bbox 3281 386 3471 458; x_wconf 78' lang='grc' dir='ltr'>ἐπειδὴ</span> <span class='ocrx_word' id='word_1_497' title='bbox 3518 380 3635 439; x_wconf 75' lang='grc' dir='ltr'>εἶπε</span> 
     </span>
    </p>
   </div>
   <div class='ocr_carea' id='block_1_64' title="bbox 2070 481 3462 564">
    <p class='ocr_par' dir='ltr' id='par_1_64' title="bbox 2070 481 3462 564">
     <span class='ocr_line' id='line_1_64' title="bbox 2070 481 3462 564; baseline -0.011 -15"><span class='ocrx_word' id='word_1_498' title='bbox 2070 495 2245 564; x_wconf 86' lang='grc' dir='ltr'>λόγον.</span> <span class='ocrx_word' id='word_1_499' title='bbox 2280 496 2473 564; x_wconf 83' lang='grc' dir='ltr'>ἐπάγει</span> <span class='ocrx_word' id='word_1_500' title='bbox 2504 491 2688 546; x_wconf 80' lang='grc' dir='ltr'>λοιπὸν</span> <span class='ocrx_word' id='word_1_501' title='bbox 2716 488 2927 551; x_wconf 75' lang='grc' dir='ltr'>δεικνὺς</span> <span class='ocrx_word' id='word_1_502' title='bbox 2957 487 3105 538; x_wconf 78' lang='grc' dir='ltr'>ποῖον</span> <span class='ocrx_word' id='word_1_503' title='bbox 3132 483 3286 552; x_wconf 86' lang='grc' dir='ltr'>λόγον</span> <span class='ocrx_word' id='word_1_504' title='bbox 3307 481 3462 552; x_wconf 83' lang='grc' dir='ltr'>φησί.</span> 
     </span>
    </p>
   </div>
   <div class='ocr_carea' id='block_1_65' title="bbox 2142 689 3641 773">
    <p class='ocr_par' dir='ltr' id='par_1_65' title="bbox 2142 689 3641 773">
     <span class='ocr_line' id='line_1_65' title="bbox 2142 689 3641 773; baseline -0.011 -12"><span class='ocrx_word' id='word_1_505' title='bbox 2142 710 2203 761; x_wconf 84' lang='grc' dir='ltr'>δ’.</span> <span class='ocrx_word' id='word_1_506' title='bbox 2231 708 2387 770; x_wconf 80' lang='grc' dir='ltr'>Ποϊος</span> <span class='ocrx_word' id='word_1_507' title='bbox 2409 701 2503 760; x_wconf 83' lang='grc' dir='ltr'>οὗν</span> <span class='ocrx_word' id='word_1_508' title='bbox 2535 702 2694 773; x_wconf 85' lang='grc' dir='ltr'>λόγος</span> <span class='ocrx_word' id='word_1_509' title='bbox 2719 700 2867 766; x_wconf 75' lang='grc' dir='ltr'>ιῖτὸς</span> <span class='ocrx_word' id='word_1_510' title='bbox 2902 704 3080 766; x_wconf 81' lang='grc' dir='ltr'>ἐστιν,</span> <span class='ocrx_word' id='word_1_511' title='bbox 3122 699 3174 751; x_wconf 89' lang='lat'>&#39;0</span> <span class='ocrx_word' id='word_1_512' title='bbox 3220 696 3331 765; x_wconf 81' lang='grc' dir='ltr'>γὰρ</span> <span class='ocrx_word' id='word_1_513' title='bbox 3357 693 3464 750; x_wconf 83' lang='grc' dir='ltr'>τοῦ</span> <span class='ocrx_word' id='word_1_514' title='bbox 3493 689 3641 747; x_wconf 81' lang='grc' dir='ltr'>Θεοῦ</span> 
     </span>
    </p>
   </div>
   <div class='ocr_carea' id='block_1_66' title="bbox 2080 780 3641 869">
    <p class='ocr_par' dir='ltr' id='par_1_66' title="bbox 2080 780 3641 869">
     <span class='ocr_line' id='line_1_66' title="bbox 2080 780 3641 869; baseline -0.013 -14"><span class='ocrx_word' id='word_1_515' title='bbox 2080 801 2237 867; x_wconf 87' lang='grc' dir='ltr'>Υἱὸς,</span> <span class='ocrx_word' id='word_1_516' title='bbox 2286 798 2472 869; x_wconf 59' lang='grc' dir='ltr'>φησὶν,</span> <span class='ocrx_word' id='word_1_517' title='bbox 2524 800 2558 852; x_wconf 85' lang='grc' dir='ltr'>ό</span> <span class='ocrx_word' id='word_1_518' title='bbox 2600 795 2671 849; x_wconf 80' lang='grc' dir='ltr'>ἐν</span> <span class='ocrx_word' id='word_1_519' title='bbox 2701 792 2841 862; x_wconf 79' lang='grc' dir='ltr'>ὑμῖν</span> <span class='ocrx_word' id='word_1_520' title='bbox 2873 790 3139 862; x_wconf 78' lang='grc' dir='ltr'>δι’ὴμῶν</span> <span class='ocrx_word' id='word_1_521' title='bbox 3181 785 3519 858; x_wconf 75' lang='grc' dir='ltr'>κηρυχθείς,</span> <span class='ocrx_word' id='word_1_522' title='bbox 3567 780 3641 836; x_wconf 82' lang='grc' dir='ltr'>δι’</span> 
     </span>
    </p>
   </div>
   <div class='ocr_carea' id='block_1_67' title="bbox 2072 877 3643 964">
    <p class='ocr_par' dir='ltr' id='par_1_67' title="bbox 2072 877 3643 964">
     <span class='ocr_line' id='line_1_67' title="bbox 2072 877 3643 964; baseline -0.012 -16"><span class='ocrx_word' id='word_1_523' title='bbox 2072 892 2217 964; x_wconf 72' lang='grc' dir='ltr'>ἐμοῦ</span> <span class='ocrx_word' id='word_1_524' title='bbox 2256 891 2354 946; x_wconf 80' lang='grc' dir='ltr'>καὶ</span> <span class='ocrx_word' id='word_1_525' title='bbox 2404 885 2741 946; x_wconf 69' lang='grc' dir='ltr'>Σιλουανοῦ</span> <span class='ocrx_word' id='word_1_526' title='bbox 2782 884 2879 939; x_wconf 77' lang='grc' dir='ltr'>καί</span> <span class='ocrx_word' id='word_1_527' title='bbox 2924 882 3223 954; x_wconf 85' lang='grc' dir='ltr'>Τιμοθέου,</span> <span class='ocrx_word' id='word_1_528' title='bbox 3261 883 3372 934; x_wconf 82' lang='grc' dir='ltr'>οὐκ</span> <span class='ocrx_word' id='word_1_529' title='bbox 3408 877 3643 948; x_wconf 76' lang='grc' dir='ltr'>ἐγένετο</span> 
     </span>
    </p>
   </div>
   <div class='ocr_carea' id='block_1_68' title="bbox 2072 967 3642 1050">
    <p class='ocr_par' dir='ltr' id='par_1_68' title="bbox 2072 967 3642 1050">
     <span class='ocr_line' id='line_1_68' title="bbox 2072 967 3642 1050; baseline -0.013 -11"><span class='ocrx_word' id='word_1_530' title='bbox 2072 984 2183 1039; x_wconf 82' lang='grc' dir='ltr'>Ναί</span> <span class='ocrx_word' id='word_1_531' title='bbox 2230 983 2329 1037; x_wconf 78' lang='grc' dir='ltr'>καί</span> <span class='ocrx_word' id='word_1_532' title='bbox 2382 981 2484 1035; x_wconf 84' lang='grc' dir='ltr'>Οὔ.</span> <span class='ocrx_word' id='word_1_533' title='bbox 2536 978 2636 1033; x_wconf 87' lang='grc' dir='ltr'>Διά</span> <span class='ocrx_word' id='word_1_534' title='bbox 2681 976 2789 1047; x_wconf 88' lang='grc' dir='ltr'>γάρ</span> <span class='ocrx_word' id='word_1_535' title='bbox 2818 974 2975 1050; x_wconf 73' lang='grc' dir='ltr'>τοῦτο</span> <span class='ocrx_word' id='word_1_536' title='bbox 3002 974 3097 1027; x_wconf 82' lang='grc' dir='ltr'>καὶ</span> <span class='ocrx_word' id='word_1_537' title='bbox 3121 975 3212 1025; x_wconf 85' lang='grc' dir='ltr'>τδν</span> <span class='ocrx_word' id='word_1_538' title='bbox 3245 969 3405 1043; x_wconf 75' lang='grc' dir='ltr'>χορὸν</span> <span class='ocrx_word' id='word_1_539' title='bbox 3434 967 3642 1033; x_wconf 75' lang='grc' dir='ltr'>εἰσάγει</span> 
     </span>
    </p>
   </div>
   <div class='ocr_carea' id='block_1_69' title="bbox 2073 1057 3645 1140">
    <p class='ocr_par' dir='ltr' id='par_1_69' title="bbox 2073 1057 3645 1140">
     <span class='ocr_line' id='line_1_69' title="bbox 2073 1057 3645 1140; baseline -0.012 -10"><span class='ocrx_word' id='word_1_540' title='bbox 2073 1076 2181 1130; x_wconf 84' lang='grc' dir='ltr'>τῶν</span> <span class='ocrx_word' id='word_1_541' title='bbox 2230 1071 2568 1128; x_wconf 81' lang='grc' dir='ltr'>διδασκάλων</span> <span class='ocrx_word' id='word_1_542' title='bbox 2620 1071 2701 1133; x_wconf 81' lang='grc' dir='ltr'>εἰς</span> <span class='ocrx_word' id='word_1_543' title='bbox 2743 1068 2928 1140; x_wconf 85' lang='grc' dir='ltr'>μέσον,</span> <span class='ocrx_word' id='word_1_544' title='bbox 2980 1064 3293 1133; x_wconf 83' lang='grc' dir='ltr'>ἀξιόπιστον</span> <span class='ocrx_word' id='word_1_545' title='bbox 3350 1057 3645 1116; x_wconf 84' lang='grc' dir='ltr'>κάντεῦθεν</span> 
     </span>
    </p>
   </div>
   <div class='ocr_carea' id='block_1_70' title="bbox 2074 1152 3642 1239">
    <p class='ocr_par' dir='ltr' id='par_1_70' title="bbox 2074 1152 3642 1239">
     <span class='ocr_line' id='line_1_70' title="bbox 2074 1152 3642 1239; baseline -0.011 -17"><span class='ocrx_word' id='word_1_546' title='bbox 2074 1167 2173 1239; x_wconf 82' lang='grc' dir='ltr'>τὴν</span> <span class='ocrx_word' id='word_1_547' title='bbox 2196 1165 2500 1239; x_wconf 88' lang='grc' dir='ltr'>μαρτυρίαν</span> <span class='ocrx_word' id='word_1_548' title='bbox 2535 1161 2725 1224; x_wconf 85' lang='grc' dir='ltr'>ποιῶν.</span> <span class='ocrx_word' id='word_1_549' title='bbox 2746 1160 2806 1214; x_wconf 82' lang='grc' dir='ltr'>οὐ</span> <span class='ocrx_word' id='word_1_550' title='bbox 2837 1159 2922 1215; x_wconf 78' lang='grc' dir='ltr'>διὰ</span> <span class='ocrx_word' id='word_1_551' title='bbox 2948 1159 3055 1212; x_wconf 81' lang='grc' dir='ltr'>τῶν</span> <span class='ocrx_word' id='word_1_552' title='bbox 3085 1155 3435 1211; x_wconf 84' lang='grc' dir='ltr'>ἀκουσάντων</span> <span class='ocrx_word' id='word_1_553' title='bbox 3464 1152 3642 1224; x_wconf 83' lang='grc' dir='ltr'>μόνον,</span> 
     </span>
    </p>
   </div>
   <div class='ocr_carea' id='block_1_71' title="bbox 2075 1239 3640 1320">
    <p class='ocr_par' dir='ltr' id='par_1_71' title="bbox 2075 1239 3640 1320">
     <span class='ocr_line' id='line_1_71' title="bbox 2075 1239 3640 1320; baseline -0.012 -6"><span class='ocrx_word' id='word_1_554' title='bbox 2075 1259 2212 1315; x_wconf 83' lang='grc' dir='ltr'>ἀλλά</span> <span class='ocrx_word' id='word_1_555' title='bbox 2237 1259 2331 1313; x_wconf 78' lang='grc' dir='ltr'>καὶ</span> <span class='ocrx_word' id='word_1_556' title='bbox 2352 1255 2443 1312; x_wconf 89' lang='grc' dir='ltr'>διά</span> <span class='ocrx_word' id='word_1_557' title='bbox 2468 1254 2578 1310; x_wconf 83' lang='grc' dir='ltr'>τῶν</span> <span class='ocrx_word' id='word_1_558' title='bbox 2604 1252 2948 1320; x_wconf 80' lang='grc' dir='ltr'>διδαξάντων.</span> <span class='ocrx_word' id='word_1_559' title='bbox 2983 1249 3175 1304; x_wconf 80' lang='grc' dir='ltr'>Καίτοι</span> <span class='ocrx_word' id='word_1_560' title='bbox 3207 1245 3443 1318; x_wconf 76' lang='grc' dir='ltr'>μαθηταὶ</span> <span class='ocrx_word' id='word_1_561' title='bbox 3473 1239 3640 1314; x_wconf 81' lang='grc' dir='ltr'>ἦσαν·</span> 
     </span>
    </p>
   </div>
   <div class='ocr_carea' id='block_1_72' title="bbox 2074 1333 3642 1420">
    <p class='ocr_par' dir='ltr' id='par_1_72' title="bbox 2074 1333 3642 1420">
     <span class='ocr_line' id='line_1_72' title="bbox 2074 1333 3642 1420; baseline -0.011 -15"><span class='ocrx_word' id='word_1_562' title='bbox 2074 1349 2211 1405; x_wconf 90' lang='grc' dir='ltr'>ἀλλά</span> <span class='ocrx_word' id='word_1_563' title='bbox 2238 1346 2563 1420; x_wconf 77' lang='grc' dir='ltr'>μετριάζων,</span> <span class='ocrx_word' id='word_1_564' title='bbox 2585 1346 2642 1398; x_wconf 80' lang='grc' dir='ltr'>ἐν</span> <span class='ocrx_word' id='word_1_565' title='bbox 2663 1343 2814 1410; x_wconf 79' lang='grc' dir='ltr'>τάξει</span> <span class='ocrx_word' id='word_1_566' title='bbox 2832 1339 3164 1396; x_wconf 87' lang='grc' dir='ltr'>διδασκάλων</span> <span class='ocrx_word' id='word_1_567' title='bbox 3183 1336 3379 1399; x_wconf 83' lang='grc' dir='ltr'>αὐτοὺς</span> <span class='ocrx_word' id='word_1_568' title='bbox 3401 1333 3642 1405; x_wconf 78' lang='grc' dir='ltr'>ἀριθμεῖ.</span> 
     </span>
    </p>
   </div>
   <div class='ocr_carea' id='block_1_73' title="bbox 2076 1425 3644 1505">
    <p class='ocr_par' dir='ltr' id='par_1_73' title="bbox 2076 1425 3644 1505">
     <span class='ocr_line' id='line_1_73' title="bbox 2076 1425 3644 1505; baseline -0.011 -10"><span class='ocrx_word' id='word_1_569' title='bbox 2076 1441 2143 1495; x_wconf 85' lang='grc' dir='ltr'>Τί</span> <span class='ocrx_word' id='word_1_570' title='bbox 2180 1439 2239 1494; x_wconf 85' lang='grc' dir='ltr'>δέ</span> <span class='ocrx_word' id='word_1_571' title='bbox 2284 1439 2452 1503; x_wconf 82' lang='grc' dir='ltr'>ἐστιν,</span> <span class='ocrx_word' id='word_1_572' title='bbox 2496 1438 2618 1490; x_wconf 83' lang='grc' dir='ltr'>Οὐκ</span> <span class='ocrx_word' id='word_1_573' title='bbox 2664 1436 2900 1505; x_wconf 80' lang='grc' dir='ltr'>ἐγένετο</span> <span class='ocrx_word' id='word_1_574' title='bbox 2942 1431 3054 1487; x_wconf 80' lang='grc' dir='ltr'>Ναί</span> <span class='ocrx_word' id='word_1_575' title='bbox 3100 1429 3199 1483; x_wconf 78' lang='grc' dir='ltr'>καὶ</span> <span class='ocrx_word' id='word_1_576' title='bbox 3231 1429 3349 1491; x_wconf 81' lang='grc' dir='ltr'>Οὕ;</span> <span class='ocrx_word' id='word_1_577' title='bbox 3399 1426 3514 1481; x_wconf 79' lang='grc' dir='ltr'>οὐκ</span> <span class='ocrx_word' id='word_1_578' title='bbox 3550 1425 3644 1478; x_wconf 82' lang='grc' dir='ltr'>ἀν-</span> 
     </span>
    </p>
   </div>
   <div class='ocr_carea' id='block_1_74' title="bbox 2080 1516 3643 1603">
    <p class='ocr_par' dir='ltr' id='par_1_74' title="bbox 2080 1516 3643 1603">
     <span class='ocr_line' id='line_1_74' title="bbox 2080 1516 3643 1603; baseline -0.012 -18"><span class='ocrx_word' id='word_1_579' title='bbox 2080 1528 2304 1603; x_wconf 76' lang='grc' dir='ltr'>έτρεψα,</span> <span class='ocrx_word' id='word_1_580' title='bbox 2339 1526 2522 1599; x_wconf 73' lang='grc' dir='ltr'>φησὶν,</span> <span class='ocrx_word' id='word_1_581' title='bbox 2565 1524 2602 1580; x_wconf 82' lang='grc' dir='ltr'>ἀ</span> <span class='ocrx_word' id='word_1_582' title='bbox 2633 1526 2894 1597; x_wconf 72' lang='grc' dir='ltr'>πρότερον</span> <span class='ocrx_word' id='word_1_583' title='bbox 2927 1519 3079 1576; x_wconf 73' lang='grc' dir='ltr'>εἶπον</span> <span class='ocrx_word' id='word_1_584' title='bbox 3103 1522 3160 1574; x_wconf 82' lang='grc' dir='ltr'>ἐν</span> <span class='ocrx_word' id='word_1_585' title='bbox 3188 1518 3267 1590; x_wconf 83' lang='grc' dir='ltr'>τῷ</span> <span class='ocrx_word' id='word_1_586' title='bbox 3296 1516 3643 1588; x_wconf 84' lang='grc' dir='ltr'>κηρύγματι·</span> 
     </span>
    </p>
   </div>
   <div class='ocr_carea' id='block_1_75' title="bbox 2078 1607 3643 1690">
    <p class='ocr_par' dir='ltr' id='par_1_75' title="bbox 2078 1607 3643 1690">
     <span class='ocr_line' id='line_1_75' title="bbox 2078 1607 3643 1690; baseline -0.01 -15"><span class='ocrx_word' id='word_1_587' title='bbox 2078 1622 2140 1675; x_wconf 82' lang='grc' dir='ltr'>οὐ</span> <span class='ocrx_word' id='word_1_588' title='bbox 2194 1620 2289 1674; x_wconf 86' lang='grc' dir='ltr'>νῦν</span> <span class='ocrx_word' id='word_1_589' title='bbox 2344 1620 2441 1690; x_wconf 81' lang='grc' dir='ltr'>μὲν</span> <span class='ocrx_word' id='word_1_590' title='bbox 2491 1616 2670 1679; x_wconf 88' lang='grc' dir='ltr'>τοῦτο,</span> <span class='ocrx_word' id='word_1_591' title='bbox 2717 1614 2811 1668; x_wconf 88' lang='grc' dir='ltr'>νῦν</span> <span class='ocrx_word' id='word_1_592' title='bbox 2856 1614 2914 1668; x_wconf 86' lang='grc' dir='ltr'>δὲ</span> <span class='ocrx_word' id='word_1_593' title='bbox 2963 1614 3138 1666; x_wconf 87' lang='grc' dir='ltr'>ἐκεῖνο</span> <span class='ocrx_word' id='word_1_594' title='bbox 3165 1607 3443 1679; x_wconf 81' lang='grc' dir='ltr'>διελέχθην</span> <span class='ocrx_word' id='word_1_595' title='bbox 3487 1608 3643 1678; x_wconf 83' lang='grc' dir='ltr'>ύμῖν⁸</span> 
     </span>
    </p>
   </div>
   <div class='ocr_carea' id='block_1_76' title="bbox 2079 1699 3649 1782">
    <p class='ocr_par' dir='ltr' id='par_1_76' title="bbox 2079 1699 3649 1782">
     <span class='ocr_line' id='line_1_76' title="bbox 2079 1699 3649 1782; baseline -0.01 -15"><span class='ocrx_word' id='word_1_596' title='bbox 2079 1713 2236 1768; x_wconf 87' lang='grc' dir='ltr'>τοῦτο</span> <span class='ocrx_word' id='word_1_597' title='bbox 2295 1712 2405 1782; x_wconf 84' lang='grc' dir='ltr'>γὰρ</span> <span class='ocrx_word' id='word_1_598' title='bbox 2458 1708 2643 1764; x_wconf 79' lang='grc' dir='ltr'>οὐκέτι</span> <span class='ocrx_word' id='word_1_599' title='bbox 2696 1707 2964 1771; x_wconf 86' lang='grc' dir='ltr'>πίστεως,</span> <span class='ocrx_word' id='word_1_600' title='bbox 3027 1704 3162 1760; x_wconf 89' lang='grc' dir='ltr'>ἀλλά</span> <span class='ocrx_word' id='word_1_601' title='bbox 3228 1699 3649 1773; x_wconf 80' lang='grc' dir='ltr'>πεπλανημένης</span> 
     </span>
    </p>
   </div>
   <div class='ocr_carea' id='block_1_77' title="bbox 2078 1790 3647 1868">
    <p class='ocr_par' dir='ltr' id='par_1_77' title="bbox 2078 1790 3647 1868">
     <span class='ocr_line' id='line_1_77' title="bbox 2078 1790 3647 1868; baseline -0.01 -10"><span class='ocrx_word' id='word_1_602' title='bbox 2078 1804 2312 1868; x_wconf 85' lang='grc' dir='ltr'>διανοίας</span> <span class='ocrx_word' id='word_1_603' title='bbox 2336 1802 2501 1856; x_wconf 84' lang='grc' dir='ltr'>ἐστίν.</span> <span class='ocrx_word' id='word_1_604' title='bbox 2561 1799 2745 1856; x_wconf 71' lang='grc' dir='ltr'>Ἀλλὰ</span> <span class='ocrx_word' id='word_1_605' title='bbox 2772 1797 2883 1853; x_wconf 82' lang='grc' dir='ltr'>Ναί</span> <span class='ocrx_word' id='word_1_606' title='bbox 2929 1797 2999 1851; x_wconf 78' lang='grc' dir='ltr'>ἐν</span> <span class='ocrx_word' id='word_1_607' title='bbox 3026 1794 3185 1861; x_wconf 82' lang='grc' dir='ltr'>αὐτῷ</span> <span class='ocrx_word' id='word_1_608' title='bbox 3215 1793 3440 1865; x_wconf 82' lang='grc' dir='ltr'>γέγονε.</span> <span class='ocrx_word' id='word_1_609' title='bbox 3483 1790 3647 1844; x_wconf 83' lang='grc' dir='ltr'>Τουτ-</span> 
     </span>
    </p>
   </div>
   <div class='ocr_carea' id='block_1_78' title="bbox 2081 1882 3640 1967">
    <p class='ocr_par' dir='ltr' id='par_1_78' title="bbox 2081 1882 3640 1967">
     <span class='ocr_line' id='line_1_78' title="bbox 2081 1882 3640 1967; baseline -0.011 -15"><span class='ocrx_word' id='word_1_610' title='bbox 2081 1897 2248 1963; x_wconf 87' lang='grc' dir='ltr'>ἐστιν,</span> <span class='ocrx_word' id='word_1_611' title='bbox 2303 1894 2749 1967; x_wconf 87' lang='grc' dir='ltr'>ἀπαρασάλευτος</span> <span class='ocrx_word' id='word_1_612' title='bbox 2799 1891 2893 1944; x_wconf 68' lang='grc' dir='ltr'>καὶ</span> <span class='ocrx_word' id='word_1_613' title='bbox 2949 1889 3164 1960; x_wconf 87' lang='grc' dir='ltr'>βέϐαιος</span> <span class='ocrx_word' id='word_1_614' title='bbox 3208 1887 3238 1940; x_wconf 82' lang='grc' dir='ltr'><strong>ὁ</strong></span> <span class='ocrx_word' id='word_1_615' title='bbox 3274 1886 3430 1954; x_wconf 88' lang='grc' dir='ltr'>λόγος</span> <span class='ocrx_word' id='word_1_616' title='bbox 3477 1882 3640 1953; x_wconf 83' lang='grc' dir='ltr'>μένει.</span> 
     </span>
    </p>
   </div>
   <div class='ocr_carea' id='block_1_79' title="bbox 2083 1973 3647 2060">
    <p class='ocr_par' dir='ltr' id='par_1_79' title="bbox 2083 1973 3647 2060">
     <span class='ocr_line' id='line_1_79' title="bbox 2083 1973 3647 2060; baseline -0.012 -15"><span class='ocrx_word' id='word_1_617' title='bbox 2083 1991 2261 2045; x_wconf 87' lang='grc' dir='ltr'>Ὅσαι</span> <span class='ocrx_word' id='word_1_618' title='bbox 2284 1989 2389 2060; x_wconf 76' lang='grc' dir='ltr'>γὰρ</span> <span class='ocrx_word' id='word_1_619' title='bbox 2409 1987 2753 2059; x_wconf 72' lang='grc' dir='ltr'>ἐπαγγελίαι</span> <span class='ocrx_word' id='word_1_620' title='bbox 2776 1982 2944 2048; x_wconf 86' lang='grc' dir='ltr'>Θεοῦ,</span> <span class='ocrx_word' id='word_1_621' title='bbox 2970 1983 3041 2035; x_wconf 78' lang='grc' dir='ltr'>ἐν</span> <span class='ocrx_word' id='word_1_622' title='bbox 3058 1976 3216 2044; x_wconf 84' lang='grc' dir='ltr'>αὐτῷ</span> <span class='ocrx_word' id='word_1_623' title='bbox 3231 1978 3295 2032; x_wconf 82' lang='grc' dir='ltr'>τὸ</span> <span class='ocrx_word' id='word_1_624' title='bbox 3314 1975 3445 2040; x_wconf 79' lang='grc' dir='ltr'>Ναί,</span> <span class='ocrx_word' id='word_1_625' title='bbox 3467 1973 3560 2031; x_wconf 82' lang='grc' dir='ltr'>καί</span> <span class='ocrx_word' id='word_1_626' title='bbox 3577 1975 3647 2028; x_wconf 78' lang='grc' dir='ltr'>ἐν</span> 
     </span>
    </p>
   </div>
   <div class='ocr_carea' id='block_1_80' title="bbox 2081 2063 3649 2149">
    <p class='ocr_par' dir='ltr' id='par_1_80' title="bbox 2081 2063 3649 2149">
     <span class='ocr_line' id='line_1_80' title="bbox 2081 2063 3649 2149; baseline -0.012 -12"><span class='ocrx_word' id='word_1_627' title='bbox 2081 2079 2241 2147; x_wconf 87' lang='grc' dir='ltr'>αὐτῷ</span> <span class='ocrx_word' id='word_1_628' title='bbox 2267 2080 2336 2135; x_wconf 83' lang='grc' dir='ltr'>τὸ</span> <span class='ocrx_word' id='word_1_629' title='bbox 2376 2079 2582 2149; x_wconf 79' lang='grc' dir='ltr'>Ἀμὴν,</span> <span class='ocrx_word' id='word_1_630' title='bbox 2613 2076 2694 2143; x_wconf 86' lang='grc' dir='ltr'>τῷ</span> <span class='ocrx_word' id='word_1_631' title='bbox 2724 2075 2844 2142; x_wconf 87' lang='grc' dir='ltr'>Θεῷ</span> <span class='ocrx_word' id='word_1_632' title='bbox 2872 2074 3021 2141; x_wconf 83' lang='grc' dir='ltr'>πρὸς</span> <span class='ocrx_word' id='word_1_633' title='bbox 3051 2070 3241 2136; x_wconf 79' lang='grc' dir='ltr'>δόξαν</span> <span class='ocrx_word' id='word_1_634' title='bbox 3269 2067 3343 2122; x_wconf 81' lang='grc' dir='ltr'>δι’</span> <span class='ocrx_word' id='word_1_635' title='bbox 3373 2065 3557 2138; x_wconf 73' lang='grc' dir='ltr'>ἡμῶν.</span> <span class='ocrx_word' id='word_1_636' title='bbox 3583 2063 3649 2119; x_wconf 81' lang='grc' dir='ltr'>Τί</span> 
     </span>
    </p>
   </div>
   <div class='ocr_carea' id='block_1_81' title="bbox 2082 2157 3655 2239">
    <p class='ocr_par' dir='ltr' id='par_1_81' title="bbox 2082 2157 3655 2239">
     <span class='ocr_line' id='line_1_81' title="bbox 2082 2157 3655 2239; baseline -0.012 -12"><span class='ocrx_word' id='word_1_637' title='bbox 2082 2174 2251 2238; x_wconf 85' lang='grc' dir='ltr'>ἐστιν,</span> <span class='ocrx_word' id='word_1_638' title='bbox 2278 2172 2457 2225; x_wconf 86' lang='grc' dir='ltr'>Ὅσαι</span> <span class='ocrx_word' id='word_1_639' title='bbox 2488 2167 2835 2239; x_wconf 73' lang='grc' dir='ltr'>ἐπαγγελίαι</span> <span class='ocrx_word' id='word_1_640' title='bbox 2883 2162 3068 2225; x_wconf 85' lang='grc' dir='ltr'>Θεοῦ;</span> <span class='ocrx_word' id='word_1_641' title='bbox 3103 2158 3280 2239; x_wconf 80' lang='grc' dir='ltr'>Πολλὰ</span> <span class='ocrx_word' id='word_1_642' title='bbox 3306 2158 3368 2212; x_wconf 78' lang='grc' dir='ltr'>τὸ</span> <span class='ocrx_word' id='word_1_643' title='bbox 3390 2157 3655 2228; x_wconf 87' lang='grc' dir='ltr'>κήρυγμα</span> 
     </span>
    </p>
   </div>
   <div class='ocr_carea' id='block_1_82' title="bbox 2085 2234 3657 2336">
    <p class='ocr_par' dir='ltr' id='par_1_82' title="bbox 2085 2234 3657 2336">
     <span class='ocr_line' id='line_1_82' title="bbox 2085 2234 3657 2336; baseline -0.013 -17"><span class='ocrx_word' id='word_1_644' title='bbox 2085 2234 2416 2336; x_wconf 82' lang='grc' dir='ltr'>ὑπισχνεῖτο,</span> <span class='ocrx_word' id='word_1_645' title='bbox 2446 2262 2540 2315; x_wconf 73' lang='grc' dir='ltr'>καὶ</span> <span class='ocrx_word' id='word_1_646' title='bbox 2568 2234 2721 2313; x_wconf 72' lang='grc' dir='ltr'>αὐτοὶ</span> <span class='ocrx_word' id='word_1_647' title='bbox 2754 2256 2825 2310; x_wconf 87' lang='grc' dir='ltr'>τά</span> <span class='ocrx_word' id='word_1_648' title='bbox 2860 2252 3031 2309; x_wconf 80' lang='grc' dir='ltr'>πολλὰ</span> <span class='ocrx_word' id='word_1_649' title='bbox 3055 2234 3237 2306; x_wconf 80' lang='grc' dir='ltr'>ταῦτα’</span> <span class='ocrx_word' id='word_1_650' title='bbox 3258 2248 3657 2321; x_wconf 78' lang='grc' dir='ltr'>ἐπηγγέλλοντο</span> 
     </span>
    </p>
   </div>
   <div class='ocr_carea' id='block_1_83' title="bbox 2084 2337 3655 2427">
    <p class='ocr_par' dir='ltr' id='par_1_83' title="bbox 2084 2337 3655 2427">
     <span class='ocr_line' id='line_1_83' title="bbox 2084 2337 3655 2427; baseline -0.013 -16"><span class='ocrx_word' id='word_1_651' title='bbox 2084 2356 2180 2411; x_wconf 70' lang='grc' dir='ltr'>καλ⁸</span> <span class='ocrx_word' id='word_1_652' title='bbox 2212 2355 2528 2427; x_wconf 87' lang='grc' dir='ltr'>ἐκήρυττον.</span> <span class='ocrx_word' id='word_1_653' title='bbox 2554 2350 2667 2405; x_wconf 76' lang='grc' dir='ltr'>Καὶ</span> <span class='ocrx_word' id='word_1_654' title='bbox 2695 2349 2805 2420; x_wconf 85' lang='lat'>7&amp;9</span> <span class='ocrx_word' id='word_1_655' title='bbox 2835 2345 2961 2419; x_wconf 63' lang='grc' dir='ltr'>περὶΙ</span> <span class='ocrx_word' id='word_1_656' title='bbox 3007 2341 3355 2405; x_wconf 82' lang='grc' dir='ltr'>ἀναστάσεως</span> <span class='ocrx_word' id='word_1_657' title='bbox 3380 2337 3655 2409; x_wconf 87' lang='grc' dir='ltr'>διελέχθη-</span> 
     </span>
    </p>
   </div>
   <div class='ocr_carea' id='block_1_84' title="bbox 2087 2427 3652 2515">
    <p class='ocr_par' dir='ltr' id='par_1_84' title="bbox 2087 2427 3652 2515">
     <span class='ocr_line' id='line_1_84' title="bbox 2087 2427 3652 2515; baseline -0.013 -14"><span class='ocrx_word' id='word_1_658' title='bbox 2087 2465 2206 2510; x_wconf 88' lang='grc' dir='ltr'>σαν,</span> <span class='ocrx_word' id='word_1_659' title='bbox 2236 2447 2330 2500; x_wconf 76' lang='grc' dir='ltr'>καὶ</span> <span class='ocrx_word' id='word_1_660' title='bbox 2368 2442 2495 2515; x_wconf 59' lang='grc' dir='ltr'>περὶ⁸</span> <span class='ocrx_word' id='word_1_661' title='bbox 2524 2439 2861 2513; x_wconf 82' lang='grc' dir='ltr'>ἀναλήψεως,</span> <span class='ocrx_word' id='word_1_662' title='bbox 2890 2438 2984 2491; x_wconf 74' lang='grc' dir='ltr'>καὶ</span> <span class='ocrx_word' id='word_1_663' title='bbox 3027 2435 3155 2507; x_wconf 73' lang='grc' dir='ltr'>περὶ</span> <span class='ocrx_word' id='word_1_664' title='bbox 3196 2430 3529 2507; x_wconf 82' lang='grc' dir='ltr'>ἀφθαρσίας,</span> <span class='ocrx_word' id='word_1_665' title='bbox 3558 2427 3652 2482; x_wconf 79' lang='grc' dir='ltr'>καὶ</span> 
     </span>
    </p>
   </div>
   <div class='ocr_carea' id='block_1_85' title="bbox 2086 2523 3656 2613">
    <p class='ocr_par' dir='ltr' id='par_1_85' title="bbox 2086 2523 3656 2613">
     <span class='ocr_line' id='line_1_85' title="bbox 2086 2523 3656 2613; baseline -0.015 -14"><span class='ocrx_word' id='word_1_666' title='bbox 2086 2563 2154 2598; x_wconf 88' lang='grc' dir='ltr'>πε</span> <span class='ocrx_word' id='word_1_667' title='bbox 2163 2545 2215 2613; x_wconf 73' lang='grc' dir='ltr'>ρὶ</span> <span class='ocrx_word' id='word_1_668' title='bbox 2262 2542 2368 2597; x_wconf 84' lang='grc' dir='ltr'>τῶν</span> <span class='ocrx_word' id='word_1_669' title='bbox 2422 2538 2673 2612; x_wconf 87' lang='grc' dir='ltr'>μεγάλων</span> <span class='ocrx_word' id='word_1_670' title='bbox 2721 2533 2968 2590; x_wconf 76' lang='grc' dir='ltr'>ἐπάθλων</span> <span class='ocrx_word' id='word_1_671' title='bbox 3020 2530 3118 2585; x_wconf 75' lang='grc' dir='ltr'>καὶ</span> <span class='ocrx_word' id='word_1_672' title='bbox 3174 2528 3281 2582; x_wconf 84' lang='grc' dir='ltr'>τῶν</span> <span class='ocrx_word' id='word_1_673' title='bbox 3332 2523 3656 2596; x_wconf 78' lang='grc' dir='ltr'>ἀπορρήτων</span> 
     </span>
    </p>
   </div>
   <div class='ocr_carea' id='block_1_86' title="bbox 2086 2614 3656 2705">
    <p class='ocr_par' dir='ltr' id='par_1_86' title="bbox 2086 2614 3656 2705">
     <span class='ocr_line' id='line_1_86' title="bbox 2086 2614 3656 2705; baseline -0.016 -13"><span class='ocrx_word' id='word_1_674' title='bbox 2086 2634 2304 2705; x_wconf 86' lang='grc' dir='ltr'>ἀγαθῶν</span> <span class='ocrx_word' id='word_1_675' title='bbox 2333 2632 2574 2688; x_wconf 84' lang='grc' dir='ltr'>ἐκείνων.</span> <span class='ocrx_word' id='word_1_676' title='bbox 2608 2627 2824 2692; x_wconf 87' lang='grc' dir='ltr'>Ταύτας</span> <span class='ocrx_word' id='word_1_677' title='bbox 2855 2621 2948 2680; x_wconf 81' lang='grc' dir='ltr'>οῦν</span> <span class='ocrx_word' id='word_1_678' title='bbox 2982 2622 3082 2686; x_wconf 88' lang='grc' dir='ltr'>τάς</span> <span class='ocrx_word' id='word_1_679' title='bbox 3117 2617 3450 2689; x_wconf 88' lang='grc' dir='ltr'>ἐπαγγελίας</span> <span class='ocrx_word' id='word_1_680' title='bbox 3474 2614 3656 2685; x_wconf 80' lang='grc' dir='ltr'>μένειν</span> 
     </span>
    </p>
   </div>
   <div class='ocr_carea' id='block_1_87' title="bbox 2086 2706 3658 2797">
    <p class='ocr_par' dir='ltr' id='par_1_87' title="bbox 2086 2706 3658 2797">
     <span class='ocr_line' id='line_1_87' title="bbox 2086 2706 3658 2797; baseline -0.016 -13"><span class='ocrx_word' id='word_1_681' title='bbox 2086 2729 2376 2797; x_wconf 90' lang='grc' dir='ltr'>ἀκινήτους</span> <span class='ocrx_word' id='word_1_682' title='bbox 2417 2723 2573 2796; x_wconf 70' lang='grc' dir='ltr'>φησὶ,</span> <span class='ocrx_word' id='word_1_683' title='bbox 2611 2722 2704 2777; x_wconf 61' lang='grc' dir='ltr'>καί¹</span> <span class='ocrx_word' id='word_1_684' title='bbox 2735 2721 2833 2774; x_wconf 81' lang='grc' dir='ltr'>οὐκ</span> <span class='ocrx_word' id='word_1_685' title='bbox 2869 2717 3081 2788; x_wconf 86' lang='grc' dir='ltr'>ἐγένετο</span> <span class='ocrx_word' id='word_1_686' title='bbox 3107 2713 3216 2768; x_wconf 69' lang='grc' dir='ltr'>Ναὶ</span> <span class='ocrx_word' id='word_1_687' title='bbox 3243 2711 3338 2765; x_wconf 75' lang='grc' dir='ltr'>καὶ</span> <span class='ocrx_word' id='word_1_688' title='bbox 3371 2710 3445 2764; x_wconf 84' lang='grc' dir='ltr'>Οὔ</span> <span class='ocrx_word' id='word_1_689' title='bbox 3473 2711 3532 2762; x_wconf 83' lang='grc' dir='ltr'>ὲν</span> <span class='ocrx_word' id='word_1_690' title='bbox 3563 2706 3658 2761; x_wconf 71' lang='grc' dir='ltr'>αὐο</span> 
     </span>
    </p>
   </div>
   <div class='ocr_carea' id='block_1_88' title="bbox 2086 2797 3653 2883">
    <p class='ocr_par' dir='ltr' id='par_1_88' title="bbox 2086 2797 3653 2883">
     <span class='ocr_line' id='line_1_88' title="bbox 2086 2797 3653 2883; baseline -0.016 -9"><span class='ocrx_word' id='word_1_691' title='bbox 2086 2816 2556 2883; x_wconf 84' lang='grc' dir='ltr'>ταῖς.Τουτέστιν,</span> <span class='ocrx_word' id='word_1_692' title='bbox 2601 2812 2676 2867; x_wconf 78' lang='grc' dir='ltr'>Οὐ</span> <span class='ocrx_word' id='word_1_693' title='bbox 2725 2810 2856 2865; x_wconf 80' lang='grc' dir='ltr'>ποτὲ</span> <span class='ocrx_word' id='word_1_694' title='bbox 2903 2808 2999 2878; x_wconf 75' lang='grc' dir='ltr'>μὲν</span> <span class='ocrx_word' id='word_1_695' title='bbox 3035 2803 3207 2876; x_wconf 86' lang='grc' dir='ltr'>ἀληθῆ</span> <span class='ocrx_word' id='word_1_696' title='bbox 3267 2799 3340 2855; x_wconf 89' lang='grc' dir='ltr'>τά</span> <span class='ocrx_word' id='word_1_697' title='bbox 3367 2797 3653 2871; x_wconf 73' lang='grc' dir='ltr'>εἰρημένα,</span> 
     </span>
    </p>
   </div>
   <div class='ocr_carea' id='block_1_89' title="bbox 2091 2888 3652 2987">
    <p class='ocr_par' dir='ltr' id='par_1_89' title="bbox 2091 2888 3652 2987">
     <span class='ocr_line' id='line_1_89' title="bbox 2091 2888 3652 2987; baseline -0.016 -21"><span class='ocrx_word' id='word_1_698' title='bbox 2091 2909 2240 2987; x_wconf 68' lang='grc'><strong>[447]</strong></span> <span class='ocrx_word' id='word_1_699' title='bbox 2283 2909 2412 2962; x_wconf 84' lang='grc' dir='ltr'>ποτέ</span> <span class='ocrx_word' id='word_1_700' title='bbox 2450 2907 2508 2961; x_wconf 80' lang='grc' dir='ltr'>δὲ</span> <span class='ocrx_word' id='word_1_701' title='bbox 2534 2905 2726 2977; x_wconf 75' lang='grc' dir='ltr'>ψευδῆ,</span> <span class='ocrx_word' id='word_1_702' title='bbox 2775 2901 3027 2973; x_wconf 88' lang='grc' dir='ltr'>καθάπερ</span> <span class='ocrx_word' id='word_1_703' title='bbox 3078 2893 3398 2969; x_wconf 78' lang='grc' dir='ltr'>ήὲπιδημία</span> <span class='ocrx_word' id='word_1_704' title='bbox 3443 2894 3479 2963; x_wconf 85' lang='grc' dir='ltr'>ή</span> <span class='ocrx_word' id='word_1_705' title='bbox 3526 2888 3652 2962; x_wconf 77' lang='grc' dir='ltr'>ἐμὴ,</span> 
     </span>
    </p>
   </div>
   <div class='ocr_carea' id='block_1_90' title="bbox 2089 2980 3658 3070">
    <p class='ocr_par' dir='ltr' id='par_1_90' title="bbox 2089 2980 3658 3070">
     <span class='ocr_line' id='line_1_90' title="bbox 2089 2980 3658 3070; baseline -0.016 -12"><span class='ocrx_word' id='word_1_706' title='bbox 2089 2980 2203 3058; x_wconf 80' lang='grc' dir='ltr'>ἀλλ’</span> <span class='ocrx_word' id='word_1_707' title='bbox 2221 2980 2337 3056; x_wconf 28' lang='grc' dir='ltr'>Ἷάεὶ</span> <span class='ocrx_word' id='word_1_708' title='bbox 2366 2997 2563 3070; x_wconf 85' lang='grc' dir='ltr'>ἀληθῆ.</span> <span class='ocrx_word' id='word_1_709' title='bbox 2596 2994 2708 3049; x_wconf 66' lang='grc' dir='ltr'>Καὶ</span> <span class='ocrx_word' id='word_1_710' title='bbox 2755 2991 2970 3063; x_wconf 81' lang='grc' dir='ltr'>πρῶτον</span> <span class='ocrx_word' id='word_1_711' title='bbox 3013 2988 3110 3061; x_wconf 83' lang='grc' dir='ltr'>μὲν</span> <span class='ocrx_word' id='word_1_712' title='bbox 3128 2985 3278 3058; x_wconf 69' lang='grc' dir='ltr'>’ὑπὲρ</span> <span class='ocrx_word' id='word_1_713' title='bbox 3303 2983 3410 3038; x_wconf 80' lang='grc' dir='ltr'>τῶν</span> <span class='ocrx_word' id='word_1_714' title='bbox 3440 2982 3539 3053; x_wconf 85' lang='grc' dir='ltr'>τῆς</span> <span class='ocrx_word' id='word_1_715' title='bbox 3568 2980 3658 3034; x_wconf 69' lang='grc' dir='ltr'>πι-</span> 
     </span>
    </p>
   </div>
   <div class='ocr_carea' id='block_1_91' title="bbox 2092 3070 3658 3159">
    <p class='ocr_par' dir='ltr' id='par_1_91' title="bbox 2092 3070 3658 3159">
     <span class='ocr_line' id='line_1_91' title="bbox 2092 3070 3658 3159; baseline -0.015 -13"><span class='ocrx_word' id='word_1_716' title='bbox 2092 3108 2259 3154; x_wconf 86' lang='grc' dir='ltr'>στεως</span> <span class='ocrx_word' id='word_1_717' title='bbox 2288 3087 2569 3159; x_wconf 89' lang='grc' dir='ltr'>δογμάτων</span> <span class='ocrx_word' id='word_1_718' title='bbox 2598 3083 2692 3137; x_wconf 72' lang='grc' dir='ltr'>καὶ</span> <span class='ocrx_word' id='word_1_719' title='bbox 2728 3080 2823 3136; x_wconf 91' lang='grc' dir='ltr'>τοῦ</span> <span class='ocrx_word' id='word_1_720' title='bbox 2853 3097 2920 3132; x_wconf 88' lang='grc' dir='ltr'>πε</span> <span class='ocrx_word' id='word_1_721' title='bbox 2931 3079 2982 3152; x_wconf 76' lang='grc' dir='ltr'>ρὶ</span> <span class='ocrx_word' id='word_1_722' title='bbox 3010 3074 3243 3149; x_wconf 82' lang='grc' dir='ltr'>Χριστοῦ</span> <span class='ocrx_word' id='word_1_723' title='bbox 3275 3073 3434 3143; x_wconf 88' lang='grc' dir='ltr'>λόγου</span> <span class='ocrx_word' id='word_1_724' title='bbox 3460 3070 3658 3140; x_wconf 88' lang='grc' dir='ltr'>ἀγωνί-</span> 
     </span>
    </p>
   </div>
   <div class='ocr_carea' id='block_1_92' title="bbox 2091 3164 3656 3251">
    <p class='ocr_par' dir='ltr' id='par_1_92' title="bbox 2091 3164 3656 3251">
     <span class='ocr_line' id='line_1_92' title="bbox 2091 3164 3656 3251; baseline -0.015 -12"><span class='ocrx_word' id='word_1_725' title='bbox 2091 3184 2242 3249; x_wconf 81' lang='grc' dir='ltr'>ζεται</span> <span class='ocrx_word' id='word_1_726' title='bbox 2279 3182 2473 3251; x_wconf 84' lang='grc' dir='ltr'>λέγων·</span> <span class='ocrx_word' id='word_1_727' title='bbox 2536 3179 2589 3232; x_wconf 89' lang='grc' dir='ltr'><strong><em>Ὀ</em></strong></span> <span class='ocrx_word' id='word_1_728' title='bbox 2636 3177 2819 3246; x_wconf 72' lang='grc' dir='ltr'>,λόγος</span> <span class='ocrx_word' id='word_1_729' title='bbox 2866 3190 2984 3244; x_wconf 90' lang='grc' dir='ltr'>μου</span> <span class='ocrx_word' id='word_1_730' title='bbox 3016 3170 3110 3224; x_wconf 67' lang='grc' dir='ltr'>καλ⁸</span> <span class='ocrx_word' id='word_1_731' title='bbox 3156 3168 3218 3221; x_wconf 81' lang='grc' dir='ltr'>τὸ</span> <span class='ocrx_word' id='word_1_732' title='bbox 3254 3164 3520 3241; x_wconf 87' lang='grc' dir='ltr'>κήρυγμά</span> <span class='ocrx_word' id='word_1_733' title='bbox 3556 3180 3656 3234; x_wconf 87' lang='grc' dir='ltr'>μου</span> 
     </span>
    </p>
   </div>
   <div class='ocr_carea' id='block_1_93' title="bbox 2091 3254 3657 3346">
    <p class='ocr_par' dir='ltr' id='par_1_93' title="bbox 2091 3254 3657 3346">
     <span class='ocr_line' id='line_1_93' title="bbox 2091 3254 3657 3346; baseline -0.016 -14"><span class='ocrx_word' id='word_1_734' title='bbox 2091 3280 2203 3332; x_wconf 85' lang='grc' dir='ltr'>οὐκ</span> <span class='ocrx_word' id='word_1_735' title='bbox 2231 3274 2469 3346; x_wconf 80' lang='grc' dir='ltr'>ἐγένετο</span> <span class='ocrx_word' id='word_1_736' title='bbox 2483 3272 2592 3326; x_wconf 81' lang='grc' dir='ltr'>Ναί</span> <span class='ocrx_word' id='word_1_737' title='bbox 2628 3268 2728 3324; x_wconf 80' lang='grc' dir='ltr'>καὶ</span> <span class='ocrx_word' id='word_1_738' title='bbox 2752 3267 2865 3322; x_wconf 81' lang='grc' dir='ltr'>Οὔ·</span> <span class='ocrx_word' id='word_1_739' title='bbox 2900 3265 3088 3319; x_wconf 74' lang='grc' dir='ltr'>ἔπειτα</span> <span class='ocrx_word' id='word_1_740' title='bbox 3120 3261 3259 3333; x_wconf 81' lang='grc' dir='ltr'>ὑπὲρ</span> <span class='ocrx_word' id='word_1_741' title='bbox 3288 3261 3396 3312; x_wconf 87' lang='grc' dir='ltr'>τῶν</span> <span class='ocrx_word' id='word_1_742' title='bbox 3436 3254 3657 3326; x_wconf 71' lang='grc' dir='ltr'>ὑποσχέο</span> 
     </span>
    </p>
   </div>
   <div class='ocr_carea' id='block_1_94' title="bbox 2096 3343 3655 3432">
    <p class='ocr_par' dir='ltr' id='par_1_94' title="bbox 2096 3343 3655 3432">
     <span class='ocr_line' id='line_1_94' title="bbox 2096 3343 3655 3432; baseline -0.015 -10"><span class='ocrx_word' id='word_1_743' title='bbox 2096 3383 2251 3420; x_wconf 85' lang='grc' dir='ltr'>σεων·</span> <span class='ocrx_word' id='word_1_744' title='bbox 2272 3343 2447 3420; x_wconf 70' lang='grc' dir='ltr'>Ὅσαι</span> <span class='ocrx_word' id='word_1_745' title='bbox 2470 3361 2580 3432; x_wconf 81' lang='grc' dir='ltr'>γὰρ</span> <span class='ocrx_word' id='word_1_746' title='bbox 2599 3358 2943 3429; x_wconf 71' lang='grc' dir='ltr'>ἐπαγγελίαι</span> <span class='ocrx_word' id='word_1_747' title='bbox 2971 3351 3139 3417; x_wconf 85' lang='grc' dir='ltr'>Θεοῦ,</span> <span class='ocrx_word' id='word_1_748' title='bbox 3167 3350 3237 3404; x_wconf 79' lang='grc' dir='ltr'>ἐν</span> <span class='ocrx_word' id='word_1_749' title='bbox 3262 3346 3422 3414; x_wconf 81' lang='grc' dir='ltr'>αὐτῷ</span> <span class='ocrx_word' id='word_1_750' title='bbox 3435 3345 3501 3401; x_wconf 85' lang='grc' dir='ltr'>τὸ</span> <span class='ocrx_word' id='word_1_751' title='bbox 3523 3343 3655 3399; x_wconf 88' lang='grc' dir='ltr'>Ναί.</span> 
     </span>
    </p>
   </div>
   <div class='ocr_carea' id='block_1_95' title="bbox 2094 3433 3661 3525">
    <p class='ocr_par' dir='ltr' id='par_1_95' title="bbox 2094 3433 3661 3525">
     <span class='ocr_line' id='line_1_95' title="bbox 2094 3433 3661 3525; baseline -0.019 -12"><span class='ocrx_word' id='word_1_752' title='bbox 2094 3459 2235 3513; x_wconf 83' lang='grc' dir='ltr'>Είδέ</span> <span class='ocrx_word' id='word_1_753' title='bbox 2265 3457 2301 3511; x_wconf 80' lang='grc' dir='ltr'>ἀ</span> <span class='ocrx_word' id='word_1_754' title='bbox 2341 3454 2607 3525; x_wconf 79' lang='grc' dir='ltr'>ὑπέσχετο</span> <span class='ocrx_word' id='word_1_755' title='bbox 2646 3449 2838 3521; x_wconf 87' lang='grc' dir='ltr'>βέϐαια</span> <span class='ocrx_word' id='word_1_756' title='bbox 2879 3446 2973 3501; x_wconf 77' lang='grc' dir='ltr'>καὶ</span> <span class='ocrx_word' id='word_1_757' title='bbox 3021 3442 3180 3499; x_wconf 86' lang='grc' dir='ltr'>δώσει</span> <span class='ocrx_word' id='word_1_758' title='bbox 3211 3442 3447 3502; x_wconf 63' lang='grc' dir='ltr'>⁴ςιάντως,</span> <span class='ocrx_word' id='word_1_759' title='bbox 3482 3433 3661 3504; x_wconf 81' lang='grc' dir='ltr'>πολλῷ</span> 
     </span>
    </p>
   </div>
   <div class='ocr_carea' id='block_1_96' title="bbox 2099 3530 3654 3623">
    <p class='ocr_par' dir='ltr' id='par_1_96' title="bbox 2099 3530 3654 3623">
     <span class='ocr_line' id='line_1_96' title="bbox 2099 3530 3654 3623; baseline -0.016 -18"><span class='ocrx_word' id='word_1_760' title='bbox 2099 3549 2297 3623; x_wconf 79' lang='grc' dir='ltr'>μᾶλλον</span> <span class='ocrx_word' id='word_1_761' title='bbox 2329 3546 2489 3610; x_wconf 78' lang='grc' dir='ltr'>αὐτὸς</span> <span class='ocrx_word' id='word_1_762' title='bbox 2526 3544 2621 3598; x_wconf 76' lang='grc' dir='ltr'>καὶ</span> <span class='ocrx_word' id='word_1_763' title='bbox 2652 3544 2681 3597; x_wconf 85' lang='grc' dir='ltr'>ὁ</span> <span class='ocrx_word' id='word_1_764' title='bbox 2720 3541 2848 3612; x_wconf 76' lang='grc' dir='ltr'>περὶ</span> <span class='ocrx_word' id='word_1_765' title='bbox 2893 3537 3058 3594; x_wconf 82' lang='grc' dir='ltr'>αὐτοῦ</span> <span class='ocrx_word' id='word_1_766' title='bbox 3097 3536 3255 3604; x_wconf 87' lang='grc' dir='ltr'>λόγος</span> <span class='ocrx_word' id='word_1_767' title='bbox 3282 3532 3396 3587; x_wconf 84' lang='grc' dir='ltr'>ἐστὶ</span> <span class='ocrx_word' id='word_1_768' title='bbox 3421 3530 3654 3602; x_wconf 82' lang='grc' dir='ltr'>βέϐαιος,</span> 
     </span>
    </p>
   </div>
   <div class='ocr_carea' id='block_1_97' title="bbox 2097 3619 3654 3702">
    <p class='ocr_par' dir='ltr' id='par_1_97' title="bbox 2097 3619 3654 3702">
     <span class='ocr_line' id='line_1_97' title="bbox 2097 3619 3654 3702; baseline -0.017 -4"><span class='ocrx_word' id='word_1_769' title='bbox 2097 3619 2193 3697; x_wconf 79' lang='grc' dir='ltr'>καὶ</span> <span class='ocrx_word' id='word_1_770' title='bbox 2228 3642 2329 3695; x_wconf 79' lang='grc' dir='ltr'>οὐκ</span> <span class='ocrx_word' id='word_1_771' title='bbox 2364 3638 2511 3692; x_wconf 74' lang='grc' dir='ltr'>ἔστιν</span> <span class='ocrx_word' id='word_1_772' title='bbox 2545 3637 2740 3702; x_wconf 77' lang='grc' dir='ltr'>εἰπεῖν,</span> <span class='ocrx_word' id='word_1_773' title='bbox 2768 3634 2851 3687; x_wconf 85' lang='grc' dir='ltr'>ὃτι</span> <span class='ocrx_word' id='word_1_774' title='bbox 2880 3630 2973 3685; x_wconf 89' lang='grc' dir='ltr'>νῦν</span> <span class='ocrx_word' id='word_1_775' title='bbox 3027 3629 3128 3702; x_wconf 82' lang='grc' dir='ltr'>μὲν</span> <span class='ocrx_word' id='word_1_776' title='bbox 3158 3628 3288 3689; x_wconf 78' lang='grc' dir='ltr'>ἔστι,</span> <span class='ocrx_word' id='word_1_777' title='bbox 3321 3623 3416 3676; x_wconf 89' lang='grc' dir='ltr'>νῦν</span> <span class='ocrx_word' id='word_1_778' title='bbox 3452 3621 3509 3675; x_wconf 65' lang='grc' dir='ltr'>δὲ</span> <span class='ocrx_word' id='word_1_779' title='bbox 3554 3619 3654 3673; x_wconf 82' lang='grc' dir='ltr'>ούκ</span> 
     </span>
    </p>
   </div>
   <div class='ocr_carea' id='block_1_98' title="bbox 2097 3722 3222 3795">
    <p class='ocr_par' dir='ltr' id='par_1_98' title="bbox 2097 3722 3222 3795">
     <span class='ocr_line' id='line_1_98' title="bbox 2097 3722 3222 3795; baseline -0.017 -5"><span class='ocrx_word' id='word_1_780' title='bbox 2097 3736 2265 3795; x_wconf 81' lang='grc' dir='ltr'>ἔστιν.</span> <span class='ocrx_word' id='word_1_781' title='bbox 2295 3730 2412 3787; x_wconf 87' lang='grc' dir='ltr'>ἀλλ’</span> <span class='ocrx_word' id='word_1_782' title='bbox 2445 3729 2530 3784; x_wconf 87' lang='grc' dir='ltr'>ἀεί</span> <span class='ocrx_word' id='word_1_783' title='bbox 2556 3730 2691 3790; x_wconf 90' lang='grc' dir='ltr'>ἐστι,</span> <span class='ocrx_word' id='word_1_784' title='bbox 2722 3725 2814 3779; x_wconf 77' lang='grc' dir='ltr'>καὶ</span> <span class='ocrx_word' id='word_1_785' title='bbox 2841 3726 2870 3777; x_wconf 86' lang='grc' dir='ltr'>ό</span> <span class='ocrx_word' id='word_1_786' title='bbox 2900 3722 3060 3786; x_wconf 80' lang='grc' dir='ltr'>αὑτός</span> <span class='ocrx_word' id='word_1_787' title='bbox 3090 3722 3222 3773; x_wconf 86' lang='grc' dir='ltr'>ἐστι.</span> 
     </span>
    </p>
   </div>
   <div class='ocr_carea' id='block_1_99' title="bbox 2169 3880 3654 3964">
    <p class='ocr_par' dir='ltr' id='par_1_99' title="bbox 2169 3880 3654 3964">
     <span class='ocr_line' id='line_1_99' title="bbox 2169 3880 3654 3964; baseline -0.018 -2"><span class='ocrx_word' id='word_1_788' title='bbox 2169 3907 2232 3962; x_wconf 86' lang='grc' dir='ltr'>Τί</span> <span class='ocrx_word' id='word_1_789' title='bbox 2269 3905 2326 3960; x_wconf 85' lang='grc' dir='ltr'>δέ</span> <span class='ocrx_word' id='word_1_790' title='bbox 2370 3906 2537 3964; x_wconf 85' lang='grc' dir='ltr'>ἐστιν,</span> <span class='ocrx_word' id='word_1_791' title='bbox 2572 3898 2676 3954; x_wconf 84' lang='grc' dir='ltr'>Ἐν</span> <span class='ocrx_word' id='word_1_792' title='bbox 2707 3893 2952 3962; x_wconf 83' lang='grc' dir='ltr'>αὑτῷτὸ</span> <span class='ocrx_word' id='word_1_793' title='bbox 3009 3890 3120 3946; x_wconf 79' lang='grc' dir='ltr'>Ναί</span> <span class='ocrx_word' id='word_1_794' title='bbox 3146 3929 3162 3953; x_wconf 89' lang='grc'>,</span> <span class='ocrx_word' id='word_1_795' title='bbox 3191 3887 3291 3943; x_wconf 81' lang='grc' dir='ltr'>καί</span> <span class='ocrx_word' id='word_1_796' title='bbox 3322 3885 3387 3941; x_wconf 80' lang='grc' dir='ltr'>τὸ</span> <span class='ocrx_word' id='word_1_797' title='bbox 3432 3880 3654 3954; x_wconf 79' lang='grc' dir='ltr'>Ἀμήν;</span> 
     </span>
    </p>
   </div>
   <div class='ocr_carea' id='block_1_100' title="bbox 2100 3973 3660 4065">
    <p class='ocr_par' dir='ltr' id='par_1_100' title="bbox 2100 3973 3660 4065">
     <span class='ocr_line' id='line_1_100' title="bbox 2100 3973 3660 4065; baseline -0.02 -9"><span class='ocrx_word' id='word_1_798' title='bbox 2100 4002 2174 4056; x_wconf 87' lang='grc' dir='ltr'>Τδ</span> <span class='ocrx_word' id='word_1_799' title='bbox 2221 4000 2439 4060; x_wconf 86' lang='grc' dir='ltr'>πάντως</span> <span class='ocrx_word' id='word_1_800' title='bbox 2486 3993 2744 4065; x_wconf 82' lang='grc' dir='ltr'>ἐσόμενον</span> <span class='ocrx_word' id='word_1_801' title='bbox 2776 3987 2945 4058; x_wconf 80' lang='grc' dir='ltr'>δηλοῖ.</span> <span class='ocrx_word' id='word_1_802' title='bbox 2981 3986 3047 4039; x_wconf 79' lang='grc' dir='ltr'>Δί</span> <span class='ocrx_word' id='word_1_803' title='bbox 3093 3980 3202 4053; x_wconf 86' lang='lat'>7&amp;9</span> <span class='ocrx_word' id='word_1_804' title='bbox 3243 3975 3567 4048; x_wconf 83' lang='grc' dir='ltr'>ἐπαγγελίαι</span> <span class='ocrx_word' id='word_1_805' title='bbox 3600 3973 3660 4065; x_wconf 75' lang='grc' dir='ltr'>ἐν</span> 
     </span>
    </p>
   </div>
   <div class='ocr_carea' id='block_1_101' title="bbox 2101 4063 3665 4164">
    <p class='ocr_par' dir='ltr' id='par_1_101' title="bbox 2101 4063 3665 4164">
     <span class='ocr_line' id='line_1_101' title="bbox 2101 4063 3665 4164; baseline -0.02 -15"><span class='ocrx_word' id='word_1_806' title='bbox 2101 4093 2285 4164; x_wconf 78' lang='grc' dir='ltr'>αὐτῷ,</span> <span class='ocrx_word' id='word_1_807' title='bbox 2337 4089 2437 4144; x_wconf 83' lang='grc' dir='ltr'>οὐκ</span> <span class='ocrx_word' id='word_1_808' title='bbox 2477 4088 2535 4141; x_wconf 89' lang='grc' dir='ltr'>ἐν</span> <span class='ocrx_word' id='word_1_809' title='bbox 2587 4063 2899 4155; x_wconf 84' lang='grc' dir='ltr'>ἀνθρώπῳ,</span> <span class='ocrx_word' id='word_1_810' title='bbox 2946 4078 3008 4132; x_wconf 84' lang='grc' dir='ltr'>τὸ</span> <span class='ocrx_word' id='word_1_811' title='bbox 3051 4072 3306 4144; x_wconf 86' lang='grc' dir='ltr'>γενέσθαι</span> <span class='ocrx_word' id='word_1_812' title='bbox 3348 4070 3530 4141; x_wconf 79' lang='grc' dir='ltr'>έχουσι</span> <span class='ocrx_word' id='word_1_813' title='bbox 3570 4063 3665 4120; x_wconf 69' lang='grc' dir='ltr'>καὶ</span> 
     </span>
    </p>
   </div>
   <div class='ocr_carea' id='block_1_102' title="bbox 2104 4155 3669 4257">
    <p class='ocr_par' dir='ltr' id='par_1_102' title="bbox 2104 4155 3669 4257">
     <span class='ocr_line' id='line_1_102' title="bbox 2104 4155 3669 4257; baseline -0.02 -17"><span class='ocrx_word' id='word_1_814' title='bbox 2104 4155 2481 4257; x_wconf 76' lang='grc' dir='ltr'>πληρωθῆναι.</span> <span class='ocrx_word' id='word_1_815' title='bbox 2523 4176 2617 4247; x_wconf 80' lang='grc' dir='ltr'>Μή</span> <span class='ocrx_word' id='word_1_816' title='bbox 2659 4172 2841 4226; x_wconf 86' lang='grc' dir='ltr'>τοίνυν</span> <span class='ocrx_word' id='word_1_817' title='bbox 2891 4168 3105 4239; x_wconf 74' lang='grc' dir='ltr'>δείσηςο</span> <span class='ocrx_word' id='word_1_818' title='bbox 3137 4164 3198 4217; x_wconf 82' lang='grc' dir='ltr'>ού</span> <span class='ocrx_word' id='word_1_819' title='bbox 3233 4162 3342 4234; x_wconf 86' lang='grc' dir='ltr'>γὰρ</span> <span class='ocrx_word' id='word_1_820' title='bbox 3383 4155 3669 4257; x_wconf 59' lang='grc' dir='ltr'>ἄνθρωπός</span> 
     </span>
    </p>
   </div>
   <div class='ocr_carea' id='block_1_103' title="bbox 2103 4245 3664 4339">
    <p class='ocr_par' dir='ltr' id='par_1_103' title="bbox 2103 4245 3664 4339">
     <span class='ocr_line' id='line_1_103' title="bbox 2103 4245 3664 4339; baseline -0.019 -9"><span class='ocrx_word' id='word_1_821' title='bbox 2103 4245 2272 4338; x_wconf 56' lang='grc' dir='ltr'>ἐστίν,</span> <span class='ocrx_word' id='word_1_822' title='bbox 2295 4245 2381 4327; x_wconf 79' lang='grc' dir='ltr'>ἶνα</span> <span class='ocrx_word' id='word_1_823' title='bbox 2401 4245 2772 4339; x_wconf 76' lang='grc' dir='ltr'>ὑποπτεύσῃς,</span> <span class='ocrx_word' id='word_1_824' title='bbox 2798 4261 2936 4317; x_wconf 91' lang='grc' dir='ltr'>ἀλλά</span> <span class='ocrx_word' id='word_1_825' title='bbox 2959 4259 3091 4321; x_wconf 87' lang='grc' dir='ltr'>Θεός</span> <span class='ocrx_word' id='word_1_826' title='bbox 3120 4257 3288 4316; x_wconf 83' lang='grc' dir='ltr'>ἐστιν.</span> <span class='ocrx_word' id='word_1_827' title='bbox 3320 4254 3348 4305; x_wconf 84' lang='grc' dir='ltr'>ό</span> <span class='ocrx_word' id='word_1_828' title='bbox 3375 4252 3472 4306; x_wconf 72' lang='grc' dir='ltr'>καὶ</span> <span class='ocrx_word' id='word_1_829' title='bbox 3494 4245 3664 4339; x_wconf 84' lang='grc' dir='ltr'>είπὼν</span> 
     </span>
    </p>
   </div>
   <div class='ocr_carea' id='block_1_104' title="bbox 2103 4338 3663 4435">
    <p class='ocr_par' dir='ltr' id='par_1_104' title="bbox 2103 4338 3663 4435">
     <span class='ocr_line' id='line_1_104' title="bbox 2103 4338 3663 4435; baseline -0.019 -13"><span class='ocrx_word' id='word_1_830' title='bbox 2103 4369 2201 4423; x_wconf 69' lang='grc' dir='ltr'>καὶ</span> <span class='ocrx_word' id='word_1_831' title='bbox 2232 4361 2477 4435; x_wconf 86' lang='grc' dir='ltr'>πληρῶν.</span> <span class='ocrx_word' id='word_1_832' title='bbox 2533 4358 2619 4425; x_wconf 84' lang='grc' dir='ltr'>Τῷ</span> <span class='ocrx_word' id='word_1_833' title='bbox 2675 4338 2797 4421; x_wconf 86' lang='grc' dir='ltr'>Θεῷ</span> <span class='ocrx_word' id='word_1_834' title='bbox 2840 4351 2992 4421; x_wconf 83' lang='grc' dir='ltr'>πρὸς</span> <span class='ocrx_word' id='word_1_835' title='bbox 3028 4348 3216 4413; x_wconf 78' lang='grc' dir='ltr'>δόξαν</span> <span class='ocrx_word' id='word_1_836' title='bbox 3247 4344 3322 4399; x_wconf 79' lang='grc' dir='ltr'>δι’</span> <span class='ocrx_word' id='word_1_837' title='bbox 3372 4343 3564 4414; x_wconf 78' lang='grc' dir='ltr'>ἡμῶν.</span> <span class='ocrx_word' id='word_1_838' title='bbox 3598 4338 3663 4393; x_wconf 87' lang='grc' dir='ltr'>Τί</span> 
     </span>
    </p>
   </div>
   <div class='ocr_carea' id='block_1_105' title="bbox 2104 4433 3661 4524">
    <p class='ocr_par' dir='ltr' id='par_1_105' title="bbox 2104 4433 3661 4524">
     <span class='ocr_line' id='line_1_105' title="bbox 2104 4433 3661 4524; baseline -0.018 -11"><span class='ocrx_word' id='word_1_839' title='bbox 2104 4460 2244 4523; x_wconf 78' lang='grc' dir='ltr'>ἐστι,</span> <span class='ocrx_word' id='word_1_840' title='bbox 2268 4433 2423 4524; x_wconf 68' lang='grc' dir='ltr'>Πρός</span> <span class='ocrx_word' id='word_1_841' title='bbox 2441 4451 2629 4516; x_wconf 83' lang='grc' dir='ltr'>δόξαν</span> <span class='ocrx_word' id='word_1_842' title='bbox 2645 4447 2722 4502; x_wconf 79' lang='grc' dir='ltr'>δι’</span> <span class='ocrx_word' id='word_1_843' title='bbox 2751 4442 2920 4513; x_wconf 81' lang='grc' dir='ltr'>ἡμῶν</span> <span class='ocrx_word' id='word_1_844' title='bbox 2931 4458 2951 4507; x_wconf 89' lang='grc'><strong><em>;</em></strong></span> <span class='ocrx_word' id='word_1_845' title='bbox 2982 4441 3098 4509; x_wconf 85' lang='grc' dir='ltr'>Πλη</span> <span class='ocrx_word' id='word_1_846' title='bbox 3109 4442 3192 4510; x_wconf 85' lang='grc' dir='ltr'>ροῖ</span> <span class='ocrx_word' id='word_1_847' title='bbox 3209 4436 3380 4499; x_wconf 83' lang='grc' dir='ltr'>αύτάς</span> <span class='ocrx_word' id='word_1_848' title='bbox 3394 4437 3462 4489; x_wconf 84' lang='grc' dir='ltr'>δι’</span> <span class='ocrx_word' id='word_1_849' title='bbox 3479 4433 3634 4505; x_wconf 81' lang='grc' dir='ltr'>ήμῶν</span> <span class='ocrx_word' id='word_1_850' title='bbox 3649 4448 3661 4461; x_wconf 89' lang='grc'><strong>·</strong></span> 
     </span>
    </p>
   </div>
   <div class='ocr_carea' id='block_1_106' title="bbox 2105 4524 3667 4610">
    <p class='ocr_par' dir='ltr' id='par_1_106' title="bbox 2105 4524 3667 4610">
     <span class='ocr_line' id='line_1_106' title="bbox 2105 4524 3667 4610; baseline -0.017 -6"><span class='ocrx_word' id='word_1_851' title='bbox 2105 4548 2351 4604; x_wconf 84' lang='grc' dir='ltr'>τουτέστι</span> <span class='ocrx_word' id='word_1_852' title='bbox 2370 4584 2384 4610; x_wconf 94' lang='grc'>,</span> <span class='ocrx_word' id='word_1_853' title='bbox 2409 4542 2497 4597; x_wconf 81' lang='grc' dir='ltr'>διὰ</span> <span class='ocrx_word' id='word_1_854' title='bbox 2528 4541 2637 4594; x_wconf 80' lang='grc' dir='ltr'>τῶν</span> <span class='ocrx_word' id='word_1_855' title='bbox 2671 4539 2752 4602; x_wconf 84' lang='grc' dir='ltr'>είς</span> <span class='ocrx_word' id='word_1_856' title='bbox 2790 4537 2935 4607; x_wconf 71' lang='grc' dir='ltr'>ἡμᾶς</span> <span class='ocrx_word' id='word_1_857' title='bbox 2985 4529 3315 4602; x_wconf 83' lang='grc' dir='ltr'>εῦεργεσιῶν</span> <span class='ocrx_word' id='word_1_858' title='bbox 3345 4528 3481 4598; x_wconf 81' lang='grc' dir='ltr'>πρὸς</span> <span class='ocrx_word' id='word_1_859' title='bbox 3511 4524 3667 4589; x_wconf 83' lang='grc' dir='ltr'>δόξαν</span> 
     </span>
    </p>
   </div>
   <div class='ocr_carea' id='block_1_107' title="bbox 2107 4616 3666 4704">
    <p class='ocr_par' dir='ltr' id='par_1_107' title="bbox 2107 4616 3666 4704">
     <span class='ocr_line' id='line_1_107' title="bbox 2107 4616 3666 4704; baseline -0.019 -8"><span class='ocrx_word' id='word_1_860' title='bbox 2107 4639 2277 4695; x_wconf 78' lang='grc' dir='ltr'>αὐτοῦ</span> <span class='ocrx_word' id='word_1_861' title='bbox 2300 4654 2313 4667; x_wconf 89' lang='grc'><strong>·</strong></span> <span class='ocrx_word' id='word_1_862' title='bbox 2350 4635 2510 4690; x_wconf 89' lang='grc' dir='ltr'>τοῦτο</span> <span class='ocrx_word' id='word_1_863' title='bbox 2545 4632 2655 4704; x_wconf 86' lang='grc' dir='ltr'>γάρ</span> <span class='ocrx_word' id='word_1_864' title='bbox 2702 4632 2853 4692; x_wconf 82' lang='grc' dir='ltr'>ἐστι,</span> <span class='ocrx_word' id='word_1_865' title='bbox 2893 4625 2978 4691; x_wconf 85' lang='grc' dir='ltr'>Τῷ</span> <span class='ocrx_word' id='word_1_866' title='bbox 3016 4621 3138 4688; x_wconf 85' lang='grc' dir='ltr'>Θεῷ</span> <span class='ocrx_word' id='word_1_867' title='bbox 3167 4622 3318 4691; x_wconf 85' lang='grc' dir='ltr'>πρὸς</span> <span class='ocrx_word' id='word_1_868' title='bbox 3353 4618 3561 4684; x_wconf 78' lang='grc' dir='ltr'>δόξαν.</span> <span class='ocrx_word' id='word_1_869' title='bbox 3605 4616 3666 4669; x_wconf 72' lang='lat' dir='ltr'>Et</span> 
     </span>
    </p>
   </div>
   <div class='ocr_carea' id='block_1_108' title="bbox 2105 4708 3667 4802">
    <p class='ocr_par' dir='ltr' id='par_1_108' title="bbox 2105 4708 3667 4802">
     <span class='ocr_line' id='line_1_108' title="bbox 2105 4708 3667 4802; baseline -0.019 -14"><span class='ocrx_word' id='word_1_870' title='bbox 2105 4733 2162 4788; x_wconf 78' lang='grc' dir='ltr'>δὲ</span> <span class='ocrx_word' id='word_1_871' title='bbox 2205 4730 2342 4802; x_wconf 78' lang='grc' dir='ltr'>πρὸς</span> <span class='ocrx_word' id='word_1_872' title='bbox 2380 4726 2537 4793; x_wconf 83' lang='grc' dir='ltr'>δόξαν</span> <span class='ocrx_word' id='word_1_873' title='bbox 2586 4723 2681 4777; x_wconf 88' lang='grc' dir='ltr'>τοῦ</span> <span class='ocrx_word' id='word_1_874' title='bbox 2719 4718 2878 4784; x_wconf 87' lang='grc' dir='ltr'>Θεοῦ,</span> <span class='ocrx_word' id='word_1_875' title='bbox 2919 4716 3137 4779; x_wconf 86' lang='grc' dir='ltr'>πάντως</span> <span class='ocrx_word' id='word_1_876' title='bbox 3191 4714 3368 4768; x_wconf 72' lang='grc' dir='ltr'>ἔσται.</span> <span class='ocrx_word' id='word_1_877' title='bbox 3405 4710 3519 4780; x_wconf 81' lang='grc' dir='ltr'>Τῆς</span> <span class='ocrx_word' id='word_1_878' title='bbox 3558 4708 3667 4778; x_wconf 88' lang='lat'>7&amp;9</span> 
     </span>
    </p>
   </div>
   <div class='ocr_carea' id='block_1_109' title="bbox 2108 4804 3668 4892">
    <p class='ocr_par' dir='ltr' id='par_1_109' title="bbox 2108 4804 3668 4892">
     <span class='ocr_line' id='line_1_109' title="bbox 2108 4804 3668 4892; baseline -0.019 -11"><span class='ocrx_word' id='word_1_879' title='bbox 2108 4822 2274 4881; x_wconf 77' lang='grc' dir='ltr'>αὑτοῦ</span> <span class='ocrx_word' id='word_1_880' title='bbox 2308 4819 2465 4892; x_wconf 80' lang='grc' dir='ltr'>δόξης</span> <span class='ocrx_word' id='word_1_881' title='bbox 2511 4818 2572 4872; x_wconf 75' lang='grc' dir='ltr'>οὐ</span> <span class='ocrx_word' id='word_1_882' title='bbox 2607 4811 3032 4885; x_wconf 81' lang='grc' dir='ltr'>καταφρονήσει,</span> <span class='ocrx_word' id='word_1_883' title='bbox 3067 4809 3114 4862; x_wconf 86' lang='grc' dir='ltr'>εί</span> <span class='ocrx_word' id='word_1_884' title='bbox 3143 4806 3237 4861; x_wconf 77' lang='grc' dir='ltr'>καὶ</span> <span class='ocrx_word' id='word_1_885' title='bbox 3272 4806 3370 4875; x_wconf 77' lang='grc' dir='ltr'>τῆς</span> <span class='ocrx_word' id='word_1_886' title='bbox 3394 4804 3668 4873; x_wconf 79' lang='grc' dir='ltr'>ἡμετέρας</span> 
     </span>
    </p>
   </div>
   <div class='ocr_carea' id='block_1_110' title="bbox 2108 4893 3670 4989">
    <p class='ocr_par' dir='ltr' id='par_1_110' title="bbox 2108 4893 3670 4989">
     <span class='ocr_line' id='line_1_110' title="bbox 2108 4893 3670 4989; baseline -0.019 -16"><span class='ocrx_word' id='word_1_887' title='bbox 2108 4915 2430 4989; x_wconf 80' lang='grc' dir='ltr'>κατεφρόνει</span> <span class='ocrx_word' id='word_1_888' title='bbox 2464 4908 2768 4982; x_wconf 81' lang='grc' dir='ltr'>σωτηρίας’</span> <span class='ocrx_word' id='word_1_889' title='bbox 2807 4905 2902 4959; x_wconf 70' lang='grc' dir='ltr'>καὶ</span> <span class='ocrx_word' id='word_1_890' title='bbox 2923 4902 3012 4958; x_wconf 89' lang='grc' dir='ltr'>διά</span> <span class='ocrx_word' id='word_1_891' title='bbox 3038 4900 3101 4955; x_wconf 79' lang='grc' dir='ltr'>τὸ</span> <span class='ocrx_word' id='word_1_892' title='bbox 3131 4897 3332 4968; x_wconf 77' lang='grc' dir='ltr'>σφόδρα</span> <span class='ocrx_word' id='word_1_893' title='bbox 3361 4893 3670 4966; x_wconf 83' lang='grc' dir='ltr'>φιλάνθρω-</span> 
     </span>
    </p>
   </div>
   <div class='ocr_carea' id='block_1_111' title="bbox 2112 4984 3670 5076">
    <p class='ocr_par' dir='ltr' id='par_1_111' title="bbox 2112 4984 3670 5076">
     <span class='ocr_line' id='line_1_111' title="bbox 2112 4984 3670 5076; baseline -0.019 -10"><span class='ocrx_word' id='word_1_894' title='bbox 2112 5028 2216 5076; x_wconf 89' lang='grc' dir='ltr'>πος</span> <span class='ocrx_word' id='word_1_895' title='bbox 2259 4984 2421 5063; x_wconf 67' lang='grc' dir='ltr'>είναι.</span> <span class='ocrx_word' id='word_1_896' title='bbox 2463 5004 2576 5058; x_wconf 67' lang='grc' dir='ltr'>Καὶ</span> <span class='ocrx_word' id='word_1_897' title='bbox 2604 4999 2741 5071; x_wconf 80' lang='grc' dir='ltr'>πρὸς</span> <span class='ocrx_word' id='word_1_898' title='bbox 2772 4997 2929 5052; x_wconf 88' lang='grc' dir='ltr'>τοῦτο</span> <span class='ocrx_word' id='word_1_899' title='bbox 2969 4992 3124 5066; x_wconf 79' lang='grc' dir='ltr'>ἡμῶν</span> <span class='ocrx_word' id='word_1_900' title='bbox 3151 4993 3186 5061; x_wconf 86' lang='grc' dir='ltr'>ή</span> <span class='ocrx_word' id='word_1_901' title='bbox 3216 4988 3462 5059; x_wconf 84' lang='grc' dir='ltr'>σωτηρία</span> <span class='ocrx_word' id='word_1_902' title='bbox 3487 4984 3670 5039; x_wconf 84' lang='grc' dir='ltr'>συνδέ-</span> 
     </span>
    </p>
   </div>
   <div class='ocr_carea' id='block_1_112' title="bbox 2108 5080 3673 5171">
    <p class='ocr_par' dir='ltr' id='par_1_112' title="bbox 2108 5080 3673 5171">
     <span class='ocr_line' id='line_1_112' title="bbox 2108 5080 3673 5171; baseline -0.02 -12"><span class='ocrx_word' id='word_1_903' title='bbox 2108 5105 2258 5159; x_wconf 84' lang='grc' dir='ltr'>δεται</span> <span class='ocrx_word' id='word_1_904' title='bbox 2290 5102 2356 5171; x_wconf 79' lang='grc' dir='ltr'>τῇ</span> <span class='ocrx_word' id='word_1_905' title='bbox 2399 5092 2566 5152; x_wconf 78' lang='grc' dir='ltr'>αὐτοῦ</span> <span class='ocrx_word' id='word_1_906' title='bbox 2624 5090 2750 5162; x_wconf 82' lang='grc' dir='ltr'>δόξῃ</span> <span class='ocrx_word' id='word_1_907' title='bbox 2771 5092 2838 5161; x_wconf 83' lang='grc' dir='ltr'>τῇ</span> <span class='ocrx_word' id='word_1_908' title='bbox 2873 5087 2964 5141; x_wconf 79' lang='grc' dir='ltr'>ἐπὶ</span> <span class='ocrx_word' id='word_1_909' title='bbox 2998 5084 3229 5145; x_wconf 83' lang='grc' dir='ltr'>τούτοις.</span> <span class='ocrx_word' id='word_1_910' title='bbox 3263 5080 3426 5133; x_wconf 81' lang='grc' dir='ltr'>Ὥστε</span> <span class='ocrx_word' id='word_1_911' title='bbox 3456 5080 3505 5132; x_wconf 88' lang='grc' dir='ltr'>εί</span> <span class='ocrx_word' id='word_1_912' title='bbox 3536 5083 3673 5150; x_wconf 77' lang='grc' dir='ltr'>προς</span> 
     </span>
    </p>
   </div>
   <div class='ocr_carea' id='block_1_113' title="bbox 2108 5169 3672 5260">
    <p class='ocr_par' dir='ltr' id='par_1_113' title="bbox 2108 5169 3672 5260">
     <span class='ocr_line' id='line_1_113' title="bbox 2108 5169 3672 5260; baseline -0.021 -9"><span class='ocrx_word' id='word_1_913' title='bbox 2108 5194 2264 5260; x_wconf 81' lang='grc' dir='ltr'>δόξαν</span> <span class='ocrx_word' id='word_1_914' title='bbox 2301 5169 2461 5245; x_wconf 73' lang='grc' dir='ltr'>αῦτοῦ</span> <span class='ocrx_word' id='word_1_915' title='bbox 2503 5188 2642 5240; x_wconf 73' lang='grc' dir='ltr'>εἰσιν</span> <span class='ocrx_word' id='word_1_916' title='bbox 2676 5183 2730 5235; x_wconf 81' lang='grc' dir='ltr'>αἱ</span> <span class='ocrx_word' id='word_1_917' title='bbox 2771 5176 3126 5248; x_wconf 78' lang='grc' dir='ltr'>ἐπαγγελίαι,</span> <span class='ocrx_word' id='word_1_918' title='bbox 3150 5172 3367 5234; x_wconf 87' lang='grc' dir='ltr'>πάντως</span> <span class='ocrx_word' id='word_1_919' title='bbox 3392 5169 3539 5239; x_wconf 77' lang='grc' dir='ltr'>καὶὴ</span> <span class='ocrx_word' id='word_1_920' title='bbox 3572 5182 3672 5220; x_wconf 86' lang='grc' dir='ltr'>σω-</span> 
     </span>
    </p>
   </div>
   <div class='ocr_carea' id='block_1_114' title="bbox 2110 5259 3673 5358">
    <p class='ocr_par' dir='ltr' id='par_1_114' title="bbox 2110 5259 3673 5358">
     <span class='ocr_line' id='line_1_114' title="bbox 2110 5259 3673 5358; baseline -0.021 -15"><span class='ocrx_word' id='word_1_921' title='bbox 2110 5286 2278 5358; x_wconf 89' lang='grc' dir='ltr'>τηρία</span> <span class='ocrx_word' id='word_1_922' title='bbox 2325 5281 2486 5355; x_wconf 80' lang='grc' dir='ltr'>ἡμῶν</span> <span class='ocrx_word' id='word_1_923' title='bbox 2528 5277 2739 5347; x_wconf 67' lang='grc' dir='ltr'>ἕψεται.</span> <span class='ocrx_word' id='word_1_924' title='bbox 2777 5274 2842 5327; x_wconf 84' lang='lat'><strong>&#39;0</strong></span> <span class='ocrx_word' id='word_1_925' title='bbox 2874 5270 2969 5326; x_wconf 73' lang='grc' dir='ltr'>καὶ</span> <span class='ocrx_word' id='word_1_926' title='bbox 3005 5270 3064 5322; x_wconf 81' lang='grc' dir='ltr'>ἐν</span> <span class='ocrx_word' id='word_1_927' title='bbox 3106 5267 3175 5338; x_wconf 66' lang='grc' dir='ltr'>τῇ</span> <span class='ocrx_word' id='word_1_928' title='bbox 3223 5263 3358 5334; x_wconf 79' lang='grc' dir='ltr'>πρὸς</span> <span class='ocrx_word' id='word_1_929' title='bbox 3393 5259 3673 5358; x_wconf 54' lang='grc' dir='ltr'>Ἐφεσίοιις</span> 
     </span>
    </p>
   </div>
   <div class='ocr_carea' id='block_1_115' title="bbox 2117 5348 3676 5449">
    <p class='ocr_par' dir='ltr' id='par_1_115' title="bbox 2117 5348 3676 5449">
     <span class='ocr_line' id='line_1_115' title="bbox 2117 5348 3676 5449; baseline -0.021 -13"><span class='ocrx_word' id='word_1_930' title='bbox 2117 5348 2968 5449; x_wconf 24' lang='grc' dir='ltr'>σύνεχῶςτπεριστρέφειλέγων·</span> <span class='ocrx_word' id='word_1_931' title='bbox 3003 5358 3108 5425; x_wconf 63' lang='lat' dir='ltr'>Et;</span> <span class='ocrx_word' id='word_1_932' title='bbox 3144 5354 3532 5425; x_wconf 81' lang='grc' dir='ltr'>περιποίησιν</span> <span class='ocrx_word' id='word_1_933' title='bbox 3565 5348 3676 5416; x_wconf 78' lang='grc' dir='ltr'>τῆς</span> 
     </span>
    </p>
   </div>
   <div class='ocr_carea' id='block_1_116' title="bbox 2114 5443 3677 5540">
    <p class='ocr_par' dir='ltr' id='par_1_116' title="bbox 2114 5443 3677 5540">
     <span class='ocr_line' id='line_1_116' title="bbox 2114 5443 3677 5540; baseline -0.018 -15"><span class='ocrx_word' id='word_1_934' title='bbox 2114 5443 2303 5540; x_wconf 71' lang='grc' dir='ltr'>δόξης</span> <span class='ocrx_word' id='word_1_935' title='bbox 2329 5463 2540 5522; x_wconf 79' lang='grc' dir='ltr'>αὐτοῦ,</span> <span class='ocrx_word' id='word_1_936' title='bbox 2577 5462 2687 5516; x_wconf 73' lang='grc' dir='ltr'>Καὶ</span> <span class='ocrx_word' id='word_1_937' title='bbox 2718 5452 2994 5527; x_wconf 84' lang='grc' dir='ltr'>πανταχοῦ</span> <span class='ocrx_word' id='word_1_938' title='bbox 3025 5450 3184 5507; x_wconf 84' lang='grc' dir='ltr'>τοῦτο</span> <span class='ocrx_word' id='word_1_939' title='bbox 3215 5448 3402 5520; x_wconf 87' lang='grc' dir='ltr'>τίθησι</span> <span class='ocrx_word' id='word_1_940' title='bbox 3422 5486 3438 5511; x_wconf 94' lang='grc'>,</span> <span class='ocrx_word' id='word_1_941' title='bbox 3465 5443 3677 5506; x_wconf 72' lang='grc' dir='ltr'>δεικνὺς</span> 
     </span>
    </p>
   </div>
   <div class='ocr_carea' id='block_1_117' title="bbox 2118 5540 3674 5630">
    <p class='ocr_par' dir='ltr' id='par_1_117' title="bbox 2118 5540 3674 5630">
     <span class='ocr_line' id='line_1_117' title="bbox 2118 5540 3674 5630; baseline -0.02 -10"><span class='ocrx_word' id='word_1_942' title='bbox 2118 5569 2181 5622; x_wconf 76' lang='grc' dir='ltr'>τὸ</span> <span class='ocrx_word' id='word_1_943' title='bbox 2219 5561 2520 5630; x_wconf 80' lang='grc' dir='ltr'>ἀναγκαῖον</span> <span class='ocrx_word' id='word_1_944' title='bbox 2556 5555 2657 5626; x_wconf 80' lang='grc' dir='ltr'>τῆς</span> <span class='ocrx_word' id='word_1_945' title='bbox 2685 5551 2962 5613; x_wconf 84' lang='grc' dir='ltr'>ἐκϐάσεως</span> <span class='ocrx_word' id='word_1_946' title='bbox 2984 5563 3000 5580; x_wconf 82' lang='grc'><strong><em>⁸</em></strong></span> <span class='ocrx_word' id='word_1_947' title='bbox 3039 5547 3068 5600; x_wconf 85' lang='grc' dir='ltr'>δ</span> <span class='ocrx_word' id='word_1_948' title='bbox 3103 5544 3201 5599; x_wconf 77' lang='grc' dir='ltr'>καὶ</span> <span class='ocrx_word' id='word_1_949' title='bbox 3229 5540 3465 5597; x_wconf 82' lang='grc' dir='ltr'>ἐνταῦθά</span> <span class='ocrx_word' id='word_1_950' title='bbox 3489 5555 3674 5610; x_wconf 81' lang='grc' dir='ltr'>φησιν.</span> 
     </span>
    </p>
   </div>
   <div class='ocr_carea' id='block_1_118' title="bbox 2115 5630 3681 5722">
    <p class='ocr_par' dir='ltr' id='par_1_118' title="bbox 2115 5630 3681 5722">
     <span class='ocr_line' id='line_1_118' title="bbox 2115 5630 3681 5722; baseline -0.022 -7"><span class='ocrx_word' id='word_1_951' title='bbox 2115 5663 2197 5715; x_wconf 83' lang='grc' dir='ltr'>ὃτι</span> <span class='ocrx_word' id='word_1_952' title='bbox 2231 5657 2288 5713; x_wconf 85' lang='grc' dir='ltr'>αί</span> <span class='ocrx_word' id='word_1_953' title='bbox 2317 5648 2636 5722; x_wconf 81' lang='grc' dir='ltr'>ἐπαγγελίαι</span> <span class='ocrx_word' id='word_1_954' title='bbox 2669 5645 2832 5701; x_wconf 80' lang='grc' dir='ltr'>αὐτοῦ</span> <span class='ocrx_word' id='word_1_955' title='bbox 2850 5643 2916 5697; x_wconf 71' lang='grc' dir='ltr'>οὐ</span> <span class='ocrx_word' id='word_1_956' title='bbox 2946 5638 3250 5710; x_wconf 73' lang='grc' dir='ltr'>ψεύδονται.</span> <span class='ocrx_word' id='word_1_957' title='bbox 3278 5635 3355 5688; x_wconf 83' lang='grc' dir='ltr'>Ού</span> <span class='ocrx_word' id='word_1_958' title='bbox 3392 5633 3502 5705; x_wconf 82' lang='grc' dir='ltr'>γὰρ</span> <span class='ocrx_word' id='word_1_959' title='bbox 3532 5630 3681 5722; x_wconf 65' lang='grc' dir='ltr'>ἡμας</span> 
     </span>
    </p>
   </div>
   <div class='ocr_carea' id='block_1_119' title="bbox 2124 5720 3678 5822">
    <p class='ocr_par' dir='ltr' id='par_1_119' title="bbox 2124 5720 3678 5822">
     <span class='ocr_line' id='line_1_119' title="bbox 2124 5720 3678 5822; baseline -0.021 -15"><span class='ocrx_word' id='word_1_960' title='bbox 2124 5752 2286 5822; x_wconf 84' lang='grc' dir='ltr'>μόνον</span> <span class='ocrx_word' id='word_1_961' title='bbox 2329 5720 2628 5812; x_wconf 79' lang='grc' dir='ltr'>σώζουσιν,</span> <span class='ocrx_word' id='word_1_962' title='bbox 2658 5738 2793 5796; x_wconf 81' lang='grc' dir='ltr'>ἀλλὰ</span> <span class='ocrx_word' id='word_1_963' title='bbox 2824 5736 2917 5792; x_wconf 69' lang='grc' dir='ltr'>καὶ</span> <span class='ocrx_word' id='word_1_964' title='bbox 2940 5733 3101 5789; x_wconf 76' lang='grc' dir='ltr'>αὐτὸν</span> <span class='ocrx_word' id='word_1_965' title='bbox 3120 5726 3420 5795; x_wconf 76' lang='grc' dir='ltr'>δοξάζουσι.</span> <span class='ocrx_word' id='word_1_966' title='bbox 3455 5723 3548 5796; x_wconf 76' lang='grc' dir='ltr'>Μὴ</span> <span class='ocrx_word' id='word_1_967' title='bbox 3566 5720 3678 5777; x_wconf 81' lang='grc' dir='ltr'>τοί-</span> 
     </span>
    </p>
   </div>
  </div>
