4098 6222
451 351 548 405 411

449 460 696 516 ostendat
736 460 787 514 id
827 457 1126 513 necessario
1151 457 1458 505 eventurum
1489 464 1502 498 :
1534 445 1672 515 quod
1705 446 1863 499 etiam
1909 444 2010 500 huc

454 555 574 608 loco
599 554 702 616 ait,
739 565 926 617 nempe
959 546 1094 613 quod
1149 543 1314 610 ipsius
1361 537 1768 610 pollicitationes
1794 537 2010 590 miniu'ie

453 648 656 702 fallant.
708 643 884 710 Neque
926 639 1064 692 enim
1106 633 1257 688 nobis
1299 632 1572 687 dumtaxat
1614 630 1870 694 salutem,
1916 627 2011 682 sed

455 737 556 804 ipsi
582 749 788 804 quoque
811 730 1032 799 gloriam
1070 725 1315 780 afferunt.
1363 723 1439 778 Ne
1481 735 1612 793 ergo
1659 721 1788 774 illud
1839 730 2010 773 tecum

453 837 684 894 reputes,
715 821 853 892 quod
881 836 974 889 per
1003 833 1099 873 nos
1139 817 1238 872 ista
1289 819 1545 886 promissa
1587 815 1693 869 sint
1713 855 1728 879 ,
1757 829 1857 868 nec
1895 829 2016 881 prov

457 928 630 984 pter-ea
660 915 726 968 de
761 914 825 968 iis
854 912 1064 967 dubites
1093 928 1106 963 :
1141 925 1312 979 neque
1337 909 1478 963 enim
1510 924 1602 977 per
1631 923 1728 960 nos
1749 949 1762 970 ,
1794 905 1889 960 sed
1922 921 2018 974 per

451 1025 572 1064 eum
614 1006 928 1075 explentur;
960 1014 1013 1060 et
1057 1003 1436 1074 promis-siones
1484 1016 1577 1069 per
1620 1001 1791 1068 ipsum
1840 1005 2011 1060 sunt;

455 1115 560 1152 non
586 1097 729 1152 enim
759 1104 938 1149 nostra
963 1135 980 1159 ,
1026 1095 1116 1147 sed
1153 1109 1268 1162 qua:
1297 1092 1386 1145 Dei
1419 1101 1561 1152 sunt,
1592 1089 1742 1142 vobis
1767 1088 2014 1142 diximus.

453 1188 548 1246 21.
583 1188 681 1254 Qui
719 1197 884 1240 autem
910 1187 1175 1254 conﬁrmat
1216 1200 1304 1236 nos
1331 1181 1582 1235 vobiscum
1611 1181 1662 1232 in
1691 1179 1888 1233 Christo
1915 1218 1931 1242 ,
1971 1189 2018 1232 et

455 1283 539 1350 qui
567 1281 706 1334 unin
744 1295 854 1340 nos,
888 1276 1060 1339 Deus;
1083 1275 1172 1330 2‘2.
1216 1275 1302 1343 qui
1337 1283 1384 1326 et
1411 1273 1624 1342 signavit
1651 1288 1736 1324 vos
1757 1311 1770 1334 ,
1810 1281 1855 1321 et
1885 1268 2022 1321 dedit

459 1373 640 1442 pignus
710 1369 936 1436 Spiritus
1006 1369 1056 1419 in
1113 1364 1345 1419 cordibus
1401 1366 1606 1416 nostris.
1657 1360 1882 1413 Rursum
1927 1373 2021 1427 per

460 1461 725 1531 praeterita
757 1459 912 1512 fidem
964 1457 1148 1510 futuris
1187 1455 1454 1508 conciliat.
1501 1451 1633 1506 Nam
1675 1451 1720 1504 si
1757 1450 1869 1518 ipse
1898 1457 2018 1513 est,

457 1554 548 1623 qui
576 1567 672 1612 nos
699 1552 752 1606 in
781 1551 990 1606 Christo
1019 1548 1335 1608 confirmat,
1367 1543 1468 1598 hoc
1489 1553 1591 1607 est,
1621 1543 1709 1612 qui
1739 1556 1834 1594 nos
1861 1554 1889 1592 a
1921 1539 2024 1592 fide

459 1659 579 1713 qua:
626 1643 676 1703 in
702 1641 970 1696 Christum
998 1647 1076 1693 est
1109 1635 1367 1690 dimoveri
1398 1649 1506 1688 non
1532 1633 1696 1696 sinit;
1727 1639 1883 1701 atque
1912 1630 2024 1697 ipse

462 1737 620 1791 etiam
652 1742 735 1788 est
758 1775 772 1798 ,
805 1732 894 1802 qui
940 1745 1036 1783 nos
1064 1729 1250 1794 unxit,
1286 1725 1647 1796 Spiritutnque
1687 1723 1738 1776 iu
1777 1720 2026 1776 cordibus

464 1827 657 1888 “ibitis
692 1825 837 1879 dedit
865 1842 878 1876 ;
906 1821 1172 1893 quomodo
1211 1835 1317 1874 non
1362 1817 1533 1872 futura
1562 1830 1772 1886 quoque
1809 1815 2026 1868 daturus

461 1918 585 1977 est?
611 1915 740 1970 Nam
768 1930 887 1969 cutn
919 1912 1175 1983 principia
1216 1920 1272 1965 et
1313 1909 1593 1964 materiam
1629 1921 1692 1960 ac
1717 1905 1948 1959 radicem
1975 1912 2028 1957 et

463 2011 682 2075 fluitem,
709 2007 809 2061 hoc
838 2015 938 2070 est,
973 2020 1150 2060 veram
1181 2003 1346 2072 ipsius
1372 1999 1730 2071 cognitionem
1770 2011 1833 2051 ac
1856 1994 2027 2065 Spiri-

467 2113 549 2164 tus
577 2098 1035 2171 participationem
1066 2095 1284 2165 largitus
1309 2094 1381 2148 sit
1411 2111 1426 2147 :
1456 2093 1542 2162 qui
1583 2090 1699 2146 ﬁeri
1729 2097 1940 2160 potest,
1972 2093 2030 2140 ut

467 2209 572 2256 non
612 2207 675 2247 ea
703 2191 862 2246 etiam
899 2190 1153 2260 largiatur
1175 2229 1189 2250 ,
1231 2203 1351 2258 qua:
1373 2202 1438 2242 ex
1471 2185 1552 2239 his
1580 2181 1868 2240 oriuntur?
1896 2180 2026 2236 Nam

467 2300 587 2343 eum
616 2283 703 2336 illa
731 2281 918 2337 horum
938 2295 1096 2336 causa
1121 2280 1388 2335 donentur
1410 2318 1426 2344 ,
1461 2277 1627 2332 multo
1655 2275 1821 2344 magis
1847 2274 1912 2337 is,
1939 2273 2028 2343 qui

469 2376 532 2426 lia
551 2390 581 2428 c
606 2372 777 2436 dedit,
814 2372 901 2426 illa
929 2385 1140 2441 quoque
1167 2368 1425 2440 praebebit
1454 2386 1468 2422 :
1497 2376 1694 2422 etcum
1726 2367 1839 2420 lnec
1857 2363 2031 2419 adhuc

469 2464 709 2519 hostibus
728 2463 956 2526 dederit,
979 2462 1143 2517 multo
1171 2461 1338 2532 magis
1363 2461 1451 2515 illa
1478 2459 1664 2514 amicis
1691 2458 1929 2513 donabit.
1953 2458 2030 2511 Ac

469 2557 692 2627 proinde
736 2573 802 2612 ne
837 2555 1091 2626 Spiritum
1127 2555 1341 2625 quidem
1390 2553 1706 2620 simpliciter
1732 2553 1905 2617 dixit,
1936 2551 2030 2606 sed

469 2650 656 2720 pignus
687 2646 1000 2711 nominavit,
1031 2655 1087 2700 nt
1117 2660 1212 2714 per
1230 2646 1332 2700 hoc
1359 2645 1427 2700 de
1453 2654 1564 2700 toto
1591 2644 1833 2699 fiduciam
1855 2644 2034 2698 conci-

468 2741 604 2814 pias.
634 2737 818 2808 Neque
837 2737 978 2791 enim
1007 2737 1052 2789 si
1083 2745 1249 2789 totum
1279 2736 1496 2790 daturus
1521 2752 1624 2789 non
1651 2744 1812 2802 esset,
1844 2735 2033 2806 pignus

472 2829 730 2899 prmbcre,
762 2841 823 2880 ac
845 2826 1035 2879 frustra
1062 2833 1115 2878 ct
1140 2832 1336 2878 temere
1363 2824 1586 2892 perdere
1612 2826 1918 2879 inanimum
1948 2825 2032 2878 in—

469 2921 727 2976 duxisset.
770 2919 846 2970 Ac
877 2915 1032 2978 vide,
1075 2928 1272 2983 quaeso,
1317 2914 1464 2968 Pauli
1515 2916 1850 2983 probitatem.
1895 2915 2030 2981 Quid

470 3012 636 3073 enim,
668 3007 857 3077 inquit,
885 3005 1063 3059 dicere
1081 3003 1288 3067 attinet,
1322 3005 1729 3068 promissionum
1756 3006 2032 3060 veritatem

473 3105 525 3170 in
554 3099 706 3155 nobis
746 3097 966 3153 minime
1000 3095 1153 3149 sitam
1181 3094 1342 3150 esse?
1372 3097 1479 3150 imo
1503 3093 1606 3150 hoc
1634 3097 1804 3164 ipsum
1831 3137 1846 3161 ,
1892 3097 2033 3167 quod

475 3212 568 3251 vos
598 3193 733 3248 firmi
761 3199 920 3260 atque
951 3189 1250 3243 innnobiles
1289 3188 1440 3243 statis
1465 3227 1480 3253 ,
1511 3203 1619 3243 non
1649 3189 1701 3243 in
1730 3188 1884 3244 nobis
1906 3199 1987 3244 est
2013 3231 2030 3257 ,

475 3286 568 3352 sed
597 3285 685 3340 Dei
726 3281 1035 3338 beneﬁcium
1067 3288 1147 3335 est
1176 3295 1189 3334 :
1224 3277 1324 3346 Qui
1352 3279 1494 3334 enim
1519 3280 1782 3348 conﬁrmat
1811 3297 1924 3345 vos,
1956 3281 2036 3336 in-

475 3378 611 3450 quit,
640 3375 776 3431 Deus
800 3383 890 3428 est.
920 3372 1036 3428 Non
1075 3385 1199 3442 ergo
1233 3387 1332 3426 nos
1371 3386 1554 3426 sumus
1577 3412 1594 3436 ,
1620 3371 1711 3442 qui
1741 3386 1834 3426 vos
1875 3371 2032 3427 fulci-

479 3485 594 3536 nius
623 3487 636 3523 :
670 3482 791 3522 nam
818 3465 916 3536 ipsi
943 3479 1155 3535 quoque
1189 3463 1550 3518 confirmantis
1570 3479 1672 3533 Ope
1715 3463 2030 3534 indigemus.

474 3557 734 3628 Quocirca
772 3573 878 3610 non
905 3566 1016 3620 est,
1045 3554 1184 3624 quod
1212 3555 1487 3624 quisquam
1520 3553 1948 3624 pradicationem
1979 3556 2034 3610 in

477 3651 629 3719 nobis
656 3648 938 3720 periclitari
970 3646 1236 3702 existimet
1265 3663 1278 3698 :
1312 3647 1425 3717 ipse
1455 3657 1620 3703 totum
1652 3647 1753 3704 hoc
1782 3649 1834 3702 in
1872 3663 1930 3704 se
1952 3664 2036 3704 re-

477 3740 638 3810 cepit,
666 3740 762 3810 ipsi
792 3739 952 3793 totius
983 3738 1176 3807 negotii
1207 3751 1331 3792 cura
1360 3745 1461 3793 est.

447 3807 454 3812 ‘
642 3807 777 3902 Quid
805 3841 978 3887 autem
1004 3839 1105 3895 est,
1139 3829 1236 3898 Qui
1265 3831 1407 3884 unxit
1432 3841 1478 3886 et
1503 3831 1716 3902 signavit
1739 3833 1763 3885 Ρ
1789 3832 1901 3887 lloc
1931 3841 2031 3898 est,

479 3928 566 3997 qui
595 3926 844 3995 Spiritum
874 3923 1038 3989 dedit,
1069 3937 1164 3992 per
1189 3936 1347 3994 quem
1375 3932 1657 3992 utrumque
1686 3922 1874 3978 hormn
1904 3923 2036 3978 effet-

479 4020 570 4085 cit,
603 4017 852 4073 nimirum
882 4015 1036 4070 simul
1065 4023 1119 4068 et
1147 4012 1432 4083 prophetas
1455 4023 1506 4068 et
1535 4014 1839 4069 sacerdotes
1869 4023 1921 4068 et
1950 4030 2036 4070 re-

478 4125 572 4182 ges
599 4108 835 4167 efficiens
864 4124 878 4161 :
909 4104 1171 4178 siquidem
1218 4105 1331 4159 [nec
1368 4103 1641 4159 hominum
1670 4120 1865 4174 genera
1908 4106 2034 4160 olim

481 4200 830 4270 angebantur.
871 4198 938 4260 At
967 4213 1062 4252 nos
1089 4210 1193 4250 non
1222 4210 1377 4249 unam
1403 4236 1418 4262 ,
1458 4193 1550 4250 sed
1583 4205 1692 4250 tres
1720 4195 1847 4250 istas
1867 4195 2036 4266 digni-

483 4305 618 4366 tates
667 4291 1032 4365 praestantiore
1075 4289 1380 4348 conditione
1421 4287 1724 4344 obtinemus
1766 4307 1779 4342 :
1825 4305 1944 4343 nam
1984 4299 2038 4344 et

482 4402 646 4458 regno
673 4384 886 4456 potituri
921 4396 1125 4448 sumus,
1157 4388 1231 4454 et,
1263 4395 1382 4436 cum
1414 4380 1642 4435 victimae
1668 4380 1785 4434 loco
1812 4395 2036 4451 corpora

481 4488 660 4544 poma
677 4476 965 4544 ofl'erimus,
985 4473 1290 4536 sacerdotes
1311 4471 1590 4538 efficimur;
1612 4471 1854 4527 Exhibete
1871 4475 2032 4541 enim,

479 4568 669 4638 inquit,
699 4567 918 4629 membra
969 4574 1131 4629 vestra
1179 4564 1393 4618 hostiam
1435 4563 1718 4629 viventem,
1763 4565 2037 4634 placentem

480 4659 587 4714 Deo
608 4659 780 4728 (Rom.
809 4657 894 4714 12.
921 4656 1012 4728 l);
1042 4663 1200 4726 atque
1224 4655 1440 4722 insuper
1465 4654 1735 4724 prophetas
1759 4655 2037 4710 constitui-

479 4765 617 4818 mur.
645 4750 770 4817 Quae
795 4748 927 4802 enim
953 4746 1129 4801 oculus
1159 4760 1259 4809 non
1288 4743 1430 4805 vidit,
1461 4759 1549 4796 nec
1574 4743 1712 4809 auris
1737 4745 1948 4813 audivit,
1979 4761 2039 4799 ea

480 4839 620 4907 nobis
650 4839 900 4909 patefacta
929 4848 1045 4894 sunt
1072 4837 1146 4912 (l.
1177 4835 1296 4892 Cor.
1329 4833 1386 4904 2.
1414 4833 1495 4906 9).
1527 4833 1853 4904 Quamquam
1879 4835 2036 4891 etiam

479 4930 581 4999 alia
603 4931 808 4984 ratione
837 4947 989 5002 reges
1014 4930 1276 4993 efﬁcimur
1296 4971 1311 4991 ,
1351 4929 1396 4983 si
1425 4927 1680 4999 improbis
1703 4928 2037 4998 cogitationi-

479 5021 581 5078 bus
607 5021 870 5091 imperare
913 5021 1256 5088 voluerimus.
1296 5020 1426 5075 Nam
1453 5021 1594 5092 quod
1621 5021 1667 5075 is
1693 5020 1782 5092 qui
1821 5019 1941 5077 talis
1969 5021 2040 5076 sit

481 5109 688 5184 regnet,
709 5119 767 5166 et
787 5109 996 5180 quidem
1019 5113 1206 5181 magis,
1229 5127 1385 5180 quam
1410 5114 1499 5182 qui
1519 5112 1818 5170 diademate
1835 5113 2039 5169 cinctus

480 5216 582 5274 est,
613 5202 812 5274 liquido
827 5201 933 5272 jam
962 5201 1112 5266 vobis
1132 5202 1526 5267 demonstrabo.
1559 5205 1751 5262 Multos
1776 5206 1862 5262 ille
1886 5222 2037 5261 exer-

479 5278 612 5353 citus
640 5297 829 5361 habet;
869 5305 924 5348 at
974 5309 1070 5349 nos
1097 5308 1306 5365 quoque
1335 5295 1513 5363 plures
1551 5295 1659 5351 illis
1685 5299 2036 5372 cogitationes

479 5390 734 5454 habemus
759 5406 772 5442 :
800 5402 971 5459 neque
999 5387 1139 5442 enim
1170 5385 1371 5447 infinita
1401 5385 1796 5455 cogitationum,
1828 5406 1946 5460 qua:
1982 5390 2036 5444 in

480 5483 635 5550 nobis
676 5491 836 5553 sunt,
879 5480 1160 5544 multitudo
1199 5479 1500 5545 enumerari
1539 5489 1728 5549 potest.
1774 5481 1882 5549 Nec
1911 5496 2037 5535 vero

483 5572 870 5626 multitudinem
897 5571 1176 5628 dumtaxat
1199 5571 1390 5626 intueri
1422 5570 1564 5636 licet,
1594 5570 1686 5625 sed
1714 5570 1872 5624 etiam
1899 5568 2036 5636 mul-

479 5681 564 5730 tos
601 5668 654 5735 in
685 5670 783 5723 hac
813 5670 1188 5739 cogitationum
1217 5669 1369 5737 copia
1395 5667 1557 5734 duces
1576 5706 1590 5728 ,
1623 5661 1858 5717 tribunos
1881 5705 1896 5721 .
1928 5671 2038 5717 tur-

477 5773 682 5828 marqu
726 5760 1026 5834 pr.efectos,
1069 5759 1401 5830 sagittarios,
1443 5753 1842 5822 fundibularios.
1890 5753 2028 5822 Quid

1169 340 1224 396 S.
1261 334 1534 394 JOANNIS
1567 330 2037 388 CHRYSOSTOMI
2078 330 2385 385 Al‘tClllEP.
2409 333 2930 392 CONSTANTINOP.

3567 343 3669 403 412

2113 444 2250 498 aliud
2271 455 2369 509 est,
2393 448 2530 515 quod
2560 465 2731 518 regem
2761 452 2995 506 efﬁciat?
3021 457 3306 510 vestesne?
3338 461 3405 511 At
3431 457 3518 514 hic
3539 477 3671 530 quo-

2113 551 2215 604 que
2241 536 2440 590 meliori
2471 553 2532 591 ac
2563 543 2912 606 praestantiori
2945 555 3089 598 veste
3126 547 3354 600 amictus
3378 557 3480 614 est,
3510 566 3665 619 quam

2114 639 2212 678 nec
2241 627 2376 679 tinea
2403 637 2583 692 exest,
2615 645 2711 684 nec
2737 640 2967 686 vetustas
2991 634 3222 688 conficit.
3245 637 3390 704 'Quin
3419 641 3673 710 multipli-

2113 728 2230 768 cem
2257 731 2463 785 qttoque
2502 733 2749 772 coronam
2778 721 2971 791 habet,
3005 740 3194 796 nempe
3221 728 3407 797 gloria:
3436 739 3491 783 et
3517 734 3674 786 misce

2118 805 2377 860 rationum
2404 808 2495 862 Dei
2521 826 2534 862 :
2566 809 2780 864 Benedic
2809 814 2970 877 enim,
3001 816 3202 884 inquit,
3234 820 3408 871 anima
3434 838 3541 873 mea
3566 821 3678 875 Do-

2118 897 2252 949 mino
2272 939 2286 961 ,
2315 899 2398 967 qui
2427 911 2633 952 coronat
2659 912 2706 954 te
2742 904 2792 956 in
2830 906 3171 960 misericordia
3205 920 3250 962 et
3277 911 3678 968 irriserationibtrs

2119 986 2285 1054 (Ρεηι.
2319 989 2438 1043 102.
2466 991 2521 1044 2.
2553 991 2606 1062 4)
2641 1010 2654 1045 :
2705 1003 2757 1047 et
2782 995 2996 1064 glorias;
3036 998 3209 1052 Gloria
3244 1003 3383 1056 enim
3407 1044 3421 1068 ,
3466 1005 3629 1072 inquit
3657 1047 3674 1072 ,

2119 1089 2164 1130 et
2191 1079 2377 1133 honore
2403 1085 2654 1136 coronastt'
2679 1101 2791 1137 eum
2823 1085 2988 1152 (Paul.
3018 1089 3071 1143 8.
3099 1090 3155 1159 6)
3181 1108 3193 1143 :
3226 1103 3279 1146 et
3310 1095 3461 1148 bona:
3493 1098 3681 1151 Volun-

2123 1173 2282 1231 tatis;
2317 1171 2384 1225 Ut
2411 1185 2553 1228 scuto
2589 1177 2730 1230 enim
2753 1219 2766 1240 ,
2799 1177 3000 1248 inquit,
3046 1182 3190 1236 bonte
3231 1186 3500 1243 voluntatis
3529 1207 3677 1244 coro-

2122 1264 2251 1315 nasti
2280 1281 2370 1319 nos
2397 1265 2566 1331 (Psal.
2585 1267 2638 1321 5.
2666 1268 2752 1338 15)
2786 1288 2800 1322 :
2823 1279 2874 1323 et
2899 1273 3181 1339 gratiarum
3203 1292 3218 1340 ;
3244 1275 3492 1332 Coronam
3511 1283 3675 1346 enim,

2125 1355 2329 1423 inquit,
2379 1358 2656 1426 gratiarum
2699 1361 2910 1432 accipies
2948 1365 3098 1433 capiti
3141 1376 3224 1420 tua
3267 1367 3461 1437 (Prov.
3504 1374 3549 1426 ί.
3583 1374 3672 1444 9).

2123 1443 2352 1500 Videsne
2389 1463 2544 1516 quam
2585 1450 2727 1504 varie
2773 1460 2969 1507 textum
3022 1467 3321 1528 quantoque
3367 1464 3586 1531 gratius,
3615 1443 3678 1520 ac

2125 1539 2394 1592 venustius
2418 1539 2487 1594 sit
2513 1541 2650 1595 istud
2672 1542 2912 1598 diadema
2935 1547 2959 1598 ?
2985 1545 3178 1602 Verum
3210 1549 3366 1606 altius
3393 1571 3599 1611 rursum
3625 1568 3677 1614 et

2127 1629 2420 1683 accuratius
2464 1629 2650 1685 horum
2695 1648 2874 1703 regum
2919 1645 3114 1691 statum
3158 1641 3541 1710 expendamus.
3589 1649 3679 1706 Ille

2127 1714 2466 1784 stipatoribus
2496 1721 2606 1775 suis
2631 1722 2933 1778 dominatur
2960 1735 3014 1780 et
3049 1730 3253 1796 cunctis
3285 1730 3535 1802 imperat,
3565 1755 3678 1790 ont-

2130 1821 2327 1876 ncsquc
2359 1810 2454 1878 ipsi
2478 1822 2660 1878 parent
2681 1823 2734 1867 et
2759 1814 3122 1886 obsequuntur
3149 1838 3162 1874 :
3193 1830 3248 1875 at
3276 1839 3373 1893 ego
3399 1825 3484 1881 hic
3509 1831 3674 1899 majus

2131 1900 2570 1969 prazstantinsque
2594 1902 2871 1973 imperium
2905 1908 2994 1961 tibi
3019 1912 3261 1966 ostendo.
3284 1913 3413 1968 Nam
3446 1921 3675 1976 multitu-

2128 1985 2197 2040 do
2217 1988 2426 2056 quidem
2459 2007 2552 2060 par
2579 2003 2658 2047 est
2679 2035 2692 2057 ,
2718 2006 2808 2049 aut
2835 1997 2992 2052 etiam
3025 2002 3250 2071 amplior
3278 2021 3292 2069 ;
3323 2020 3562 2076 superest
3589 2028 3682 2068 au-

2134 2087 2240 2134 tem
2301 2091 2356 2134 ut
2394 2083 2772 2152 subjectionem
2815 2088 2982 2158 ipsam
3032 2094 3449 2154 consideremus.
3493 2105 3570 2157 Ac
3618 2123 3684 2162 ne

2132 2171 2259 2225 mihi
2292 2188 2385 2227 eos
2429 2175 2481 2228 in
2521 2177 2751 2233 medium
2791 2180 3060 2249 proferas,
3109 2185 3197 2254 qui
3251 2189 3390 2257 regia
3434 2191 3687 2263 dignitate

2131 2264 2262 2334 lapsi
2301 2276 2423 2321 sunt
2444 2309 2458 2331 ,
2488 2279 2644 2340 atque
2673 2271 2740 2326 ab
2775 2273 3012 2343 ipsismet
3047 2279 3358 2336 satellitibus
3382 2286 3493 2340 suis
3523 2291 3685 2343 truci-

2133 2356 2258 2411 dati.
2283 2357 2378 2423 Ne,
2407 2359 2640 2429 inquam,
2663 2377 2756 2417 eos
2777 2365 2828 2417 in
2849 2367 3077 2421 medium
3108 2369 3476 2441 producamus,
3503 2393 3685 2434 verum

2132 2465 2224 2502 eos
2248 2452 2620 2521 conquiramus
2647 2494 2663 2520 ,
2709 2455 2798 2525 qui
2845 2458 3061 2525 pulchre
3090 2460 3140 2514 in
3173 2472 3390 2534 utraque
3420 2478 3565 2536 parte
3593 2486 3681 2526 re-

2133 2557 2291 2610 gnum
2323 2543 2779 2601 administrarunt.
2811 2550 2886 2603 Ac
2917 2558 2968 2603 tu
2999 2553 3209 2620 quidem
3235 2595 3249 2616 ,
3281 2573 3411 2624 quos
3442 2561 3646 2617 libuerit
3668 2605 3686 2629 ,

2137 2647 2304 2701 pone;
2338 2649 2438 2704 ego
2457 2645 2632 2692 autem
2665 2640 3012 2707 patriar-chain
3043 2660 3198 2699 unum
3229 2649 3433 2703 cunctis
3454 2666 3684 2722 Oppono.

2206 2725 2420 2779 Abralue
2442 2727 2569 2795 [ides
2589 2738 2637 2782 et
2663 2731 2832 2784 virtus.
2851 2755 2920 2771 -κ
2940 2732 3067 2786 Nam
3095 2749 3213 2790 cum
3245 2738 3354 2807 ipse
3382 2741 3541 2797 filium
3576 2762 3691 2800 tua-

2134 2828 2279 2873 ctare
2309 2818 2583 2888 jnberetnr
2613 2819 2769 2890 (Gen.
2805 2823 2876 2877 22
2901 2824 2917 2888 )
2945 2865 2960 2888 ,
2990 2827 3190 2896 cogites
3237 2831 3390 2886 velim
3438 2845 3688 2903 quotnam

2137 2916 2245 2960 tum
2270 2907 2525 2962 adversus
2551 2925 2671 2964 eum
2712 2913 3061 2982 cogitationes
3089 2917 3485 2977 iusurrexerint.
3521 2925 3585 2979 Et
3609 2936 3688 2979 ta-

2138 3014 2257 3052 men
2287 3014 2471 3055 omnes
2509 3000 2736 3072 subegit,
2765 3014 2922 3074 atque
2944 3021 3128 3063 omnes
3168 3025 3290 3066 eum
3329 3016 3492 3084 magis
3533 3033 3687 3088 quam

2135 3105 2314 3159 regem
2341 3091 2594 3147 satellites
2635 3095 3074 3163 pertimescebant
3109 3119 3121 3154 :
3154 3117 3217 3156 ac
3250 3104 3331 3158 vel
3363 3107 3479 3160 solo
3505 3109 3690 3164 obtutu

2136 3194 2319 3235 omnes
2344 3182 2748 3252 comprimebat,
2777 3187 2846 3241 ita
2872 3197 2928 3242 ut
2947 3204 3012 3245 ne
3033 3189 3238 3248 hiscere
3263 3195 3476 3265 quidem
3505 3215 3686 3255 earum

2138 3271 2243 3325 ulla
2267 3271 2520 3339 auderet;
2554 3290 2734 3331 verum
2776 3291 2979 3335 cunctae
3021 3291 3176 3352 caput
3225 3286 3591 3346 submitterent
3626 3310 3690 3350 ac

2137 3363 2280 3418 velut
2307 3364 2416 3433 regi
2437 3369 2709 3434 cederent,
2739 3373 2978 3439 quamvis
3002 3373 3193 3445 alioqui
3224 3381 3496 3436 acerrimae
3515 3397 3691 3442 essent

2137 3463 2294 3524 atque
2318 3455 2576 3525 imprimis
2601 3459 2828 3516 acerbat.
2854 3461 3035 3534 Neque
3056 3468 3196 3520 enim
3219 3467 3483 3526 hastarum
3509 3477 3688 3538 cnspi-

2137 3546 2230 3600 des
2257 3554 2361 3600 tam
2389 3547 2665 3603 horrenda:
2694 3561 2837 3618 sunt,
2859 3568 2976 3607 cum
2999 3569 3028 3608 a
3055 3557 3231 3613 multis
3252 3559 3499 3616 militibus
3523 3565 3686 3618 surri-

2136 3645 2348 3706 guntur,
2367 3653 2521 3706 quam
2547 3649 2655 3693 tum
2677 3639 3030 3700 formidabiles
3050 3658 3198 3701 erant
3213 3647 3308 3703 illa:
3321 3651 3679 3720 cogitationes.

2137 3731 2327 3783 Annon
2357 3730 2499 3783 enim
2527 3728 2693 3787 hastis
2721 3734 2952 3790 atrocior
2996 3747 3112 3791 erat
3139 3739 3261 3802 illa,
3305 3755 3456 3809 quam
3499 3750 3683 3800 natura

2138 3819 2328 3888 ciebat,
2357 3822 2787 3878 commiseratio?
2803 3826 2878 3880 Ac
2900 3827 3118 3895 proinde
3160 3831 3387 3887 animam
3408 3833 3544 3888 illam
3571 3850 3683 3888 ma-

2139 3910 2236 3980 gis,
2261 3927 2415 3981 quam
2443 3924 2705 3983 praracuta
2729 3916 2905 3986 cuspis
2921 3957 2937 3985 ,
2958 3919 3268 3977 exscindere
3295 3933 3556 3993 poterant.
3582 3925 3687 3982 Nec

2139 4005 2279 4058 enim
2307 4005 2409 4058 ulla
2434 4005 2710 4062 hastatam
2737 4018 2890 4063 acuta
2920 4026 3163 4082 umquam
3193 4029 3312 4070 esse
3332 4028 3508 4086 queat,
3539 4034 3692 4089 quam

2138 4098 2511 4167 cogitationum
2535 4099 2738 4154 illarum
2756 4102 2945 4168 aculei,
2975 4104 3064 4173 qui
3091 4106 3157 4158 ab
3180 4106 3381 4165 intimis
3408 4111 3694 4168 visceribus

2139 4191 2460 4245 acuebantur
2479 4207 2542 4247 ac
2568 4194 2982 4262 surrigebantur,
3011 4196 3138 4266 justi
3161 4199 3253 4253 viri
3276 4201 3505 4256 animam
3529 4213 3696 4258 trans-

2142 4283 2388 4352 ﬁgebant.
2418 4284 2546 4338 Nam
2577 4283 2664 4339 hic
2691 4295 2746 4341 et
2775 4296 3011 4358 tempore
3035 4298 3088 4344 et
3112 4291 3334 4346 consilio
3360 4303 3415 4348 et
3444 4296 3589 4365 plaga
3641 4304 3696 4349 et

2141 4375 2327 4430 dolore
2347 4390 2479 4444 opus
2509 4385 2620 4443 est;
2651 4392 2714 4433 ac
2761 4386 2867 4432 tum
2896 4394 3042 4434 mors
3078 4383 3314 4452 sequitur
3342 4402 3354 4436 :
3391 4385 3496 4440 illic
3521 4396 3692 4441 autem

2140 4470 2272 4526 nihil
2302 4471 2488 4524 horum
2521 4471 2917 4542 requirebatur;
2965 4472 3096 4528 adeo
3137 4483 3243 4529 tum
3281 4477 3553 4542 celeriora,
3587 4489 3694 4533 tum

2140 4563 2343 4617 acriora
2374 4563 2591 4618 vulnera
2615 4573 2786 4618 erant.
2827 4561 2895 4617 Et
2925 4575 3118 4630 tamen,
3151 4581 3270 4621 cum
3299 4567 3551 4623 adversus
3573 4582 3693 4624 eum

2141 4655 2484 4725 cogitationes
2528 4671 2671 4710 arma
2699 4655 3010 4721 induissent,
3044 4658 3227 4728 ingens
3260 4668 3373 4713 erat
3403 4661 3696 4729 tranquilli-

2143 4755 2243 4810 tas,
2271 4759 2561 4815 omnesque
2602 4745 2896 4815 composite
2937 4747 3181 4811 stabant,
3233 4759 3479 4804 ornantes
3525 4751 3696 4820 potius

2142 4837 2312 4906 ipsum
2359 4851 2514 4906 quam
2547 4847 2748 4892 terrore
2771 4834 3083 4893 allicientes.
3118 4836 3250 4892 Eum
3296 4839 3435 4893 enim
3465 4840 3693 4911 gladium

2140 4927 2514 4984 extendentem
2543 4937 2667 4983 ante
2691 4928 2873 4983 oculos
2911 4928 3000 4983 tibi
3032 4943 3191 4998 pone,
3220 4945 3281 4985 ac
3309 4946 3440 5000 quos
3466 4932 3694 4988 volueris

2141 5011 2312 5091 reges,
2343 5023 2629 5092 Augustos,
2658 5020 2915 5088 Caesares,
2961 5020 3014 5076 in
3062 5022 3292 5076 medium
3333 5021 3527 5092 profer.
3557 5024 3695 5080 Nihil

2139 5115 2280 5171 enim
2305 5114 2479 5169 simile
2503 5112 2720 5177 dixeris,
2745 5129 2842 5169 nec
2857 5115 3086 5183 speciem
3108 5115 3264 5169 ullam
3285 5115 3540 5183 ejusmodi
3565 5125 3696 5170 tatu-

2140 5223 2243 5277 que
2289 5205 2517 5275 amplam
2547 5213 2602 5259 et
2628 5203 2892 5274 insignem
2916 5221 2978 5261 ac
3003 5207 3148 5262 caelis
3177 5206 3387 5277 dignam
3413 5208 3696 5263 ostendero

2143 5299 2360 5371 poteris.
2391 5297 2522 5352 Tum
2550 5297 2692 5352 enim
2716 5297 2796 5352 vir
2817 5299 2908 5354 ille
2929 5299 3101 5368 justus
3131 5299 3196 5354 de
3223 5301 3580 5369 potentissima
3612 5310 3695 5369 ty-

2143 5391 2359 5446 rannide
2385 5387 2702 5458 triumphum
2723 5390 2861 5458 egit:
2881 5390 3008 5444 nihil
3034 5391 3173 5446 enim
3190 5400 3271 5445 est
3290 5392 3425 5458 quod
3444 5391 3694 5460 majorem

2145 5479 2472 5552 tyrannidem
2492 5477 2701 5544 habeat,
2723 5495 2880 5549 quam
2899 5489 3104 5535 natura.
3123 5482 3295 5549 Atque
3319 5490 3376 5535 ut
3393 5493 3671 5535 sexcentos

2142 5575 2230 5643 qui
2283 5585 2468 5627 neCem
2516 5570 2754 5640 tyrannis
2780 5571 3072 5637 intulerint,
3104 5571 3360 5639 proferas,
3391 5572 3590 5626 nullum
3617 5582 3697 5625 ta-

2143 5679 2262 5717 men
2311 5660 2567 5731 ejusmodi
2596 5660 2748 5715 nobis
2776 5661 3093 5716 ostenderis.
3129 5661 3332 5715 Etenim
3382 5660 3493 5714 haec
3523 5661 3692 5730 palma

2144 5755 2313 5824 angeli
2366 5754 2541 5809 verius
2587 5768 2742 5822 quam
2797 5751 3023 5806 hominis
3063 5760 3184 5807 tunc
3213 5760 3342 5812 erat.
3390 5751 3476 5807 Sic
3502 5752 3695 5823 quippe
