4098 6222
453 319 557 379 Ml

443 449 541 535 νυν
577 432 744 535 τρῦτο
789 436 1071 513 ἐννοήσῃς,
1103 443 1186 499 ὅτι
1234 448 1303 502 δι’
1342 448 1498 523 ἡμῶν
1546 458 1968 535 ἐπηγγέλθησαν
1993 505 2009 530 ,

438 528 537 583 καὶ
596 529 857 606 διστάσῃς
885 552 899 565 ο
928 538 991 590 οὐ
1034 536 1143 610 7&9
1171 540 1238 594 δί’
1271 545 1430 615 ἡμῶν
1478 528 1811 625 πληροῦνται
1832 528 1861 622 ,’
1879 528 2013 616 ἀλλά

437 625 511 679 δι’
540 626 742 683 αὐτοῦ·
768 631 870 731 .xal
924 635 980 686 αί
1019 635 1343 708 ἐπαγγελίαι
1375 643 1433 698 δὲ
1477 646 1546 701 δι’
1568 652 1737 707 αὐτοῦ
1757 670 1772 685 ·
1811 657 1874 710 οὐ
1905 658 2015 731 γάρ

808 730 996 828 ,ᾏάλλά
1025 735 1098 814 τά
1133 698 1300 795 αὐτοῦ
1334 745 1472 817 πρὸς
1507 748 1651 819 ὑμᾶς
1684 698 2013 828 είρήκάμῗενῗ

449 822 515 876 ’0
544 823 615 877 δὲ
639 825 907 889 βεϐαιῶν
937 829 1098 901 ἡμᾶς
1120 872 1135 899 ,
1167 836 1456 910 σὺν-ὑμῖν
1490 848 1579 911 εὶς
1605 822 2014 918 Χριστόνξκαί

438 920 663 990 χρίσας
722 923 912 993 ἡμᾶς,
951 928 1095 997 Bede;
1116 947 1131 963 ·
1166 934 1267 988 καί
1320 943 1816 1013 σφραγισάμενος
1836 986 1853 1008 ,
1914 949 2014 1003 καί

435 1017 586 1085 δοὺς
616 1019 725 1074 τὸν
753 1021 1070 1090 ἀρραϐῶνα
1092 1029 1198 1083 τοῦ
1219 1034 1567 1105 Πνεύματος
1601 1040 1673 1093 ἐν
1699 1042 1830 1110 ταῖς
1865 1061 2011 1113 καρ-

434 1113 618 1211 δίαις·
647 1116 837 1185 ἡμῶν.
884 1121 1051 1175 Πάλιν
1090 1123 1200 1179 ἀπὸ
1235 1128 1342 1183 τῶν
1369 1133 1747 1203 παρελθόντων
1784 1138 1851 1193 τὰ
1881 1141 2006 1211 μελε

442 1208 601 1266 λοντα
649 1213 986 1283 βεϐαιοῦται.
1039 1221 1103 1274 Εἰ
1153 1224 1264 1296 7&9
1299 1229 1461 1293 αὐτός
1514 1232 1664 1286 ἐστιν
1702 1236 1731 1288 6
1775 1208 2010 1306 βεὸαιῶν

441 1309 585 1379 ἡμᾶς
616 1313 698 1377 είς
725 1315 986 1384 Χριστὸν,
1019 1320 1319 1389 τουτέστιν,
1355 1326 1384 1378 6
1417 1327 1491 1399 μὴ
1525 1328 1630 1383 ἐῶν
1658 1331 1805 1403 ἡμᾶς
1831 1351 2010 1404 παρα-

439 1405 769 1463 σαλεύεσθαι
809 1412 875 1466 ὲκ
922 1415 1022 1485 τῆς
1067 1416 1301 1484 πίστεως
1336 1422 1437 1492 τῆς
1474 1424 1555 1487 είς
1582 1424 1674 1479 τὸν
1730 1428 2005 1500 Χριστὸν,

436 1503 531 1557 καὶ
567 1505 729 1570 αὐτὸς
756 1508 784 1562 6
822 1510 1014 1583 χρίσας
1047 1515 1196 1590 ἡμᾶς
1218 1558 1235 1581 ,
1262 1519 1356 1573 καὶ
1418 1519 1540 1585 δοὺς
1574 1522 1636 1575 τὸ
1677 1524 1902 1596 Πνεῦμα
1948 1529 2007 1582 ἐν

431 1601 555 1663 ταῖς
594 1602 845 1675 καρδίαις
892 1608 1051 1678 ἡμῶν
1078 1629 1093 1641 ’
1133 1612 1253 1677 πῶς
1290 1613 1361 1668 τά
1405 1615 1664 1684 μέλλοντα
1707 1622 1772 1675 οὐ
1803 1621 2002 1689 δώσεις

432 1695 497 1748 Et
535 1696 644 1769 7&9
669 1700 770 1765 τάς
819 1703 995 1775 ἀρχὰς
1018 1707 1235 1773 καὶτὰς
1261 1709 1549 1778 ὑποθέσεις
1571 1715 1739 1771 ἔδωκε
1774 1719 1868 1773 καὶ
1907 1720 2006 1791 τὴν

432 1790 589 1862 ῥίζαν
631 1795 728 1849 καὶ
753 1796 854 1870 τήν
897 1801 1102 1874 πηγὴν,
1150 1799 1265 1858 οἷον
1296 1807 1394 1879 τὴν
1451 1809 1625 1882 ἀληθῆ
1675 1815 1806 1885 περὶ
1835 1790 2001 1870 αὐτοῦ

429 1890 630 1958 γνῶσιν
650 1933 666 1959 ,
699 1894 802 1966 τὴν
826 1896 923 1951 τοῦ
966 1900 1283 1971 Πνεύματος
1327 1905 1632 1977 μετάληψιν
1658 1926 1672 1939 ·
1700 1910 1819 1975 πῶς
1846 1913 1915 1967 τὰ
1939 1915 2005 1968 ἐκ

428 1987 636 2044 τούτων
664 1992 726 2046 οὐ
750 1992 949 2062 δώσει;
984 1997 1046 2051 Εἰ
1075 2001 1183 2070 7&9
1210 2002 1404 2057 ἐκεῖνα
1430 2004 1519 2059 διὰ
1544 2006 1721 2062 ταῦτα
1747 2009 2001 2078 δίδονται,

432 2083 617 2154 πολλῷ
633 2087 830 2157 μᾶλλον
844 2091 873 2144 6
884 2090 1056 2146 ταῦτα
1070 2094 1213 2160 δοὺς,
1238 2098 1327 2153 καὶ
1351 2100 1538 2156 ἐκεῖνα
1549 2104 1795 2174 παρέξει·
1831 2110 1924 2161 καὶ
1952 2111 2003 2163 εί

428 2180 605 2235 ταῦτα
648 2183 865 2254 ἐχθροῖς
909 2183 1063 2242 οὖσιν
1096 2190 1265 2246 ἔδωκε
1291 2234 1308 2259 ,
1350 2195 1531 2268 πολλῷ
1569 2199 1769 2269 μᾶλλον
1817 2204 2003 2260 ἐκεῖνα

429 2277 609 2372 φίλοις
649 2283 959 2354 γενομένοις
1002 2290 1293 2358 χαριεῖται.
1324 2292 1423 2347 Διά
1444 2292 1602 2350 τοῦτο
1633 2297 1755 2353 οὐδὲ
1779 2300 2001 2372 Πνεῦμα

426 2370 587 2430 εἷπεν
637 2376 846 2447 ἁπλῶς,
895 2379 1011 2434 ἀλλ’
1050 2383 1348 2456 ἀρραϐῶνα
1397 2388 1706 2462 ὠνόμασεν,
1749 2393 1837 2450 ἵνα
1888 2370 1999 2451 ἀπὸ

422 2470 617 2527 τούτου
643 2474 738 2529 καὶ
766 2477 897 2549 περὶ
930 2479 1024 2533 τοῦ
1054 2481 1257 2546 παντὸς
1285 2482 1527 2558 θαρρῇς.
1559 2488 1635 2542 Οὐ
1669 2491 1812 2562 7&9,
1842 2493 1892 2546 εί
1922 2492 1999 2566 μὴ

424 2567 618 2640 ιμιλλε
640 2569 703 2624 τὸ
729 2572 837 2626 πᾶν
862 2572 1084 2640 διδόναι,
1116 2576 1291 2633 εἵλετο
1317 2578 1383 2634 ἄν
1396 2581 1488 2636 τὸν
1518 2581 1670 2657 [448]
1698 2586 1997 2660 ἀρραϐῶνα

425 2669 730 2737 παρασχεῖν
756 2707 774 2733 ,
797 2669 894 2725 καὶ
933 2669 1200 2727 ἀπολέσαι
1224 2675 1349 2747 είκῆ
1387 2677 1484 2732 xal
1511 2679 1711 2751 μάτην.
1750 2683 1864 2738 Kal
1895 2684 1999 2755 69a

423 2766 845 2841 εὐγνωμοσύνην
888 2771 1099 2828 Παύλου
1122 2774 1210 2828 ,Τί
1230 2776 1357 2851 γὰρ
1372 2777 1453 2832 δεῖ
1480 2779 1679 2850 λέγειν,
1710 2784 1892 2855 φησὶν,
1914 2786 1998 2840 ὅτι

421 2862 525 2916 οὐκ
552 2864 610 2917 έν
639 2866 770 2936 ἡμῖν
793 2867 827 2938 ἡ
871 2867 982 2922 τῶν
1010 2869 1357 2941 ἐπαγγελιῶν
1395 2873 1625 2946 ἀλὴθεια
1645 2894 1661 2944 ;
1680 2878 1815 2932 αὐτὸ
1836 2879 1999 2936 τοῦτο

420 2958 483 3013 τὸ
508 2960 732 3015 ἑστάναι
770 2963 1191 3037 ἀπεριτρέπτως
1219 2969 1315 3023 καὶ
1328 2971 1640 3043 πεπηγέναι
1682 2974 1828 3047 ὑμᾶς
1847 3016 1863 3042 ,
1895 2979 1998 3034 οὐκ

421 3055 482 3112 ἐν
509 3057 639 3129 ἡμῖν
660 3098 676 3124 ,
713 3058 853 3115 ἀλλὰ
879 3062 973 3115 καὶ
1000 3063 1161 3117 τοῦτο
1174 3064 1270 3119 τοῦ
1297 3066 1434 3121 Θεοῦ
1458 3083 1472 3097 ⁸
1513 3068 1566 3123 Ὀ
1586 3070 1700 3144 7&9
1732 3072 1996 3138 ,βεδαιῶν

418 3148 597 3221 ὑμᾶς,
644 3153 803 3224 φησὶ,
843 3157 1009 3224 Θεός.
1041 3159 1155 3213 Οὐκ
1197 3159 1306 3233 ἄρα
1336 3164 1503 3235 ἡμεῖς
1536 3166 1703 3238 ἐσμεν
1726 3169 1777 3221 οἱ
1803 3169 1996 3241 στηρί-

421 3248 608 3315 ζοντες
656 3251 799 3323 ὑμᾶς
825 3267 841 3283 ⁸
883 3256 979 3309 καὶ
1030 3255 1140 3329 7&9
1185 3258 1279 3312 καὶ
1324 3262 1489 3333 ἡμεῖς
1517 3263 1753 3335 δεόμεθα
1778 3265 1872 3319 τοῦ
1905 3265 1996 3337 βε-

423 3346 726 3412 δαιοῦντος.
758 3350 922 3405 Ὥστε
958 3353 1144 3426 μηδεὶς
1169 3356 1228 3407 ἐν
1245 3357 1376 3427 ἡμῖν
1399 3358 1666 3429 νομιζέτω
1688 3361 1996 3417 κινδυνεύε-

425 3441 551 3496 σθαι
594 3443 654 3497 τδ
688 3445 955 3518 κήρυγμα
978 3465 992 3480 ο
1030 3450 1189 3515 αὐτὸς
1228 3454 1290 3506 τὸ
1333 3455 1441 3508 πάν
1478 3456 1804 3528 ἀνεδέξατο,
1841 3459 1993 3532 αὐτῷ

424 3539 576 3612 μέλει
604 3542 696 3597 τοῦ
723 3544 951 3609 παντός.

489 3772 554 3821 ε’.
583 3765 650 3819 Τί
678 3766 737 3821 δέ
768 3768 906 3830 ἐστι.
937 3770 1183 3840 Χρίσας,
1226 3772 1322 3827 καί
1350 3776 1879 3847 σφραγισάμενοω
1923 3779 1997 3834 Τὸ

418 3863 646 3936 Πνεῦμα
669 3864 815 3931 δοὺς,
844 3866 911 3920 δι’
936 3861 998 3920 οὐ
1031 3868 1205 3925 ταῦτα
1227 3870 1513 3944 ἀμφότερα
1544 3876 1825 3946 ἐποίησεν,
1855 3878 1996 3949 ὁμοῦ

418 3965 706 4035 προφήτας
760 3965 858 4019 καὶ
912 3967 1079 4037 ἱερεῖς
1136 3969 1231 4022 καὶ
1271 3967 1526 4039 βασιλέας
1568 3971 1939 4043 ἐργαζόμενος
1971 3991 1986 4008 ’

416 4057 599 4113 ταῦτα
640 4059 749 4132 γὰρ
779 4060 842 4115 τὸ
874 4061 1105 4117 παλαιὸν
1144 4065 1357 4134 ἐχρίετο
1393 4065 1639 4138 τὰγένη.
1670 4068 1809 4123 Ἀλλ’
1834 4072 1999 4142 ἡμεῖς

386 4159 391 4168 ’
418 4155 525 4227 οὐχ
577 4154 637 4209 ἒν
659 4198 677 4223 ,
702 4157 838 4213 ἀλλὰ
864 4159 934 4214 τά
999 4159 1129 4232 τρία
1166 4160 1287 4232 μεθ’
1305 4161 1581 4234 ὑπεροχῆς
1603 4163 1799 4236 ἔχομεν
1828 4166 1995 4232 ἀξιώ-

423 4268 577 4323 ματα
601 4252 697 4308 νῦν
717 4271 731 4286 ·
774 4254 870 4309 καὶ
902 4254 1013 4328 7&9
1044 4255 1322 4328 βασιλείας
1351 4258 1619 4331 μέλλομεν
1660 4261 1994 4331 ἀπολαύειν,

416 4348 518 4405 καὶ
543 4350 710 4422 ίερεῖς
735 4350 999 4423 γινόμεθα
1027 4354 1428 4427 προσφέροντες
1449 4356 1642 4413 θυσίαν
1663 4359 1733 4413 τά
1766 4358 1997 4433 σώματα

413 4446 594 4518 ἡμῶν.
635 4449 1073 4520 Παραστήσατε
1117 4453 1226 4526 γὰρ
1269 4454 1343 4510 τὰ
1385 4455 1546 4526 μέλη
1608 4456 1773 4527 ὑμῶν
1822 4498 1839 4524 ,
1901 4464 1999 4517 θυ-

416 4543 565 4599 σίαν
587 4541 804 4614 ζῶσαν,
842 4546 1174 4617 εὐάρεστον
1202 4550 1283 4617 τῷ
1311 4550 1450 4618 Θεῷ,
1488 4553 1623 4625 φησί
1650 4570 1665 4586 ο
1707 4556 1805 4609 καὶ
1846 4557 1990 4627 μετὰ

414 4642 631 4698 τούτων
659 4644 756 4698 καὶ
779 4645 1059 4717 προφῆται
1084 4645 1489 4719 καθιστάμεθα⁹
1529 4651 1599 4705 Ἀ
1626 4649 1738 4719 γὰρ
1774 4651 1989 4721 ὀφθαλ-

410 4740 529 4811 μὸς
555 4743 670 4797 οὐκ
706 4737 830 4797 εἶδε
848 4783 865 4810 ,
904 4743 1003 4798 καί
1029 4740 1138 4811 οὖς
1168 4747 1279 4801 οὐκ
1308 4745 1538 4816 ἢκουσε
1556 4786 1572 4812 ,
1604 4746 1795 4803 ταῦτα
1827 4748 1995 4804 una.

401 4836 780 4907 Αιαλυμμένα
830 4838 979 4910 ἡμῖν
1028 4841 1181 4897 ἐστι.
1235 4842 1347 4896 Kal
1407 4842 1583 4907 άλλως
1631 4842 1690 4896 δὲ
1753 4842 1997 4914 βασιλεῖς

412 4933 683 5004 γινόμεθα
708 4974 724 4999 ,
751 4936 848 4989 ἐὰν
881 4936 1233 5008 βουληθῶμεν
1276 4939 1498 5010 κρατεῖν
1526 4937 1636 4993 τῶν
1658 4939 1880 4995 ἀτόπων
1907 4941 1998 4995 λο-

414 5030 658 5100 γισμῶν.
683 5033 810 5086 Ὅτι
839 5032 949 5105 7&9
970 5035 999 5087 6
1018 5031 1261 5098 τοιοῦτος
1288 5033 1586 5104 βασιλεύει,
1617 5035 1712 5090 καὶ
1736 5036 1939 5106 μᾶλλον
1961 5037 1995 5110 ἢ

413 5124 448 5176 6
474 5125 536 5179 τὸ
571 5124 811 5198 διάδημα
848 5128 1252 5199 περικείμενος,
1283 5129 1385 5202 ήδη
1415 5128 1577 5185 τοῦτο
1605 5131 1816 5203 ποιήσω
1838 5131 1997 5203 δῆλον

420 5218 576 5288 ὑμῖνσ
600 5220 779 5274 Πολλὰ
804 5220 920 5291 ἔχει
954 5220 1291 5299 στρατόπεδα
1318 5222 1545 5287 ἐκεῖνος,
1561 5220 1696 5277 ἀλλὰ
1726 5223 1816 5276 καὶ
1836 5223 1998 5295 ἡμεῖς

412 5313 628 5370 τούτων
698 5317 920 5382 πλείους
977 5317 1174 5391 ἔχομεν
1214 5319 1542 5392 λογισμούς·
1584 5321 1646 5374 οὐ
1690 5320 1800 5392 γάρ
1845 5319 1996 5376 ἔστιν

414 5411 728 5484 ἀριθμῆσαι
768 5414 831 5469 τὺ
869 5415 1096 5488 ἄπειρον
1132 5414 1243 5469 τῶν
1285 5416 1505 5471 ἐννοιῶν
1548 5416 1754 5489 πλῆθος
1801 5416 1911 5472 τῶν
1936 5417 1995 5473 εν

417 5509 574 5579 ἡμῖν.
621 5510 697 5563 Οὐ
745 5510 950 5583 πλῆθος
1003 5511 1059 5565 δὲ
1103 5511 1264 5582 μόνον
1310 5512 1458 5567 ἔστιν
1509 5512 1659 5578 ίδεῖν,
1714 5513 1853 5569 ἀλλά
1900 5514 1995 5569 καὶ

416 5603 653 5671 πολλοὺς
712 5608 770 5661 ἐν
820 5607 899 5679 τῷ
955 5607 1148 5681 πλήθει
1200 5608 1377 5680 τούτῳ
1434 5608 1545 5663 τῶν
1595 5608 1871 5681 λογισμῶν
1899 5614 1995 5666 καὶ

418 5706 769 5778 στρατηγοὺς
804 5705 901 5761 καὶ
935 5705 1262 5778 ταξιάρχους
1285 5706 1379 5761 καὶ
1403 5705 1669 5778 λοχαγοὺς
1718 5708 1813 5763 καὶ
1838 5708 1982 5777 τοξά-

419 5820 529 5873 τας
569 5803 664 5859 καὶ
706 5803 1091 5876 σφενδονήτας.
1124 5804 1188 5859 Τί
1220 5805 1409 5877 ἕτερον
1440 5806 1586 5859 ποιεῖ
1620 5805 1844 5878 βασιλέα
1863 5826 1897 5878 ι,
1923 5810 1999 5867 τά

1518 336 1591 391 ΙΝ
1625 338 1840 397 EPIST.
1874 342 1918 399 ll
1953 344 2041 400 AD
2079 345 2235 405 (ΞΟΠ.
2278 350 2512 413 HOMIL.
2544 357 2634 415 ΙΙΙ.

3585 354 3691 419 m

2127 470 2369 543 ίμάτια;
2422 477 2584 532 Ἀλλά
2627 481 2723 534 καὶ
2782 471 2936 546 οὗτος
2982 481 3174 552 βελτίω
3231 481 3540 555 περίκειται
3596 481 3690 536 καὶ

2123 569 2333 638 ἀμείνω
2385 573 2599 646 στολὴν,
2647 577 2716 648 ἠν
2777 578 2903 631 οὔτε
2965 578 3080 656 σὴς⁸
3104 578 3298 645 ἐσθίει,
3338 577 3463 631 οὔτε
3498 577 3691 648 χρόνος

2119 663 2366 738 δαπανᾷο
2400 670 2495 723 καὶ
2532 670 2795 741 στέφανον
2832 673 2947 745 ἔχει
2980 673 3222 728 ποικίλον
3247 673 3338 727 τὸν
3388 674 3486 745 τῆς
3510 672 3688 743 δόξης,

2120 760 2212 813 τὸν
2237 762 2345 815 τῶν
2372 765 2675 838 οἰκτιρμῶν
2711 767 2804 822 τοῦ
2834 769 2993 823 Θεοῦ·
3013 772 3269 839 Εὐλόγει
3294 769 3426 841 γὰρ,
3448 769 3486 836 ἡ
3515 770 3688 838 ψυχή

2113 873 2257 925 μου,
2293 860 2468 931 φησὶ,
2509 862 2618 916 τὸν
2662 865 2904 934 Κύριον,
2929 866 3038 921 τὸν
3061 864 3483 935 στεφανοῦντά
3506 881 3580 919 σε
3623 866 3691 919 ἐν

2119 951 2276 1007 ἐλέει
2329 954 2429 1009 καί
2468 958 2793 1028 οίκτιρμοῒς
2816 976 2832 992 ·
2878 960 2971 1014 καὶ
3011 961 3106 1015 τὸν
3136 961 3238 1030 τῆς
3281 959 3442 1029 δόξης
3465 976 3479 991 ⁸
3534 961 3689 1028 Δόξιι

2121 1050 2233 1116 γὰρ
2276 1051 2377 1106 καί
2414 1053 2554 1124 τιμῇ
2591 1056 3023 1126 ἐστεφάνωσας
3053 1057 3243 1111 at)th
3263 1073 3278 1089 ο
3316 1056 3412 1110 καὶ
3442 1054 3556 1128 [τὸν
3586 1059 3691 1125 τῆς

2115 1143 2389 1219 εὐδοκίας]
2407 1164 2420 1177 ·
2452 1148 2547 1215 Ὠς
2564 1150 2733 1216 ὅπλῳ
2753 1150 3035 1218 εὐδοκίας
3058 1146 3485 1221 ἐστεφάνωσας
3508 1151 3687 1220 ἡμᾶς’

2116 1242 2211 1295 καὶ
2240 1244 2330 1297 τὸν
2366 1261 2473 1298 των
2501 1246 2767 1317 χαρίτων*
2794 1248 3100 1318 Στέφανον
3125 1249 3234 1320 7&9
3262 1251 3520 1319 χαρίτων
3541 1248 3688 1320 δέξῃ

2116 1337 2201 1406 σῇ
2252 1340 2526 1410 κεφαλῇ.
2580 1337 2737 1407 Εἶδες
2793 1343 3134 1399 πολύπλοκον
3203 1346 3297 1398 καὶ
3336 1345 3690 1418 χαριέστερον

2115 1436 2265 1489 τουτὶ
2291 1436 2352 1489 τὸ
2368 1436 2605 1509 διάδημα
2625 1454 2639 1504 ;
2664 1438 2810 1510 Πλὴν
2834 1439 2950 1494 ἀλλ’
2967 1439 3173 1493 ἄνωθεν
3200 1440 3346 1497 αὐτὰ
3369 1442 3688 1514 ἀκριϐέστε-

2121 1546 2210 1601 ρον
2263 1531 2610 1604 ἐξετάσωμεν
2666 1535 2835 1590 πάλιν
2889 1536 2958 1590 τὰ
2982 1536 3092 1590 τῶν
3137 1535 3402 1607 βασιλέων
3456 1537 3684 1592 τούτων.

2128 1627 2367 1695 Ἐκεῖνος
2386 1636 2580 1704 κρατεῖ
2602 1634 2711 1689 τῶν
2740 1634 3054 1707 δορυφόρων
3077 1636 3174 1689 καὶ
3190 1637 3354 1689 πᾶσιν
3383 1636 3684 1701 ἐπιτάττει,

2116 1727 2211 1781 καὶ
2238 1729 2440 1795 πάντες
2474 1732 2812 1787 ὑπακούουσι
2850 1738 2946 1788 καὶ
2987 1734 3330 1788 διακονοῦσιν
3359 1734 3539 1806 αὐτῷ·
3569 1735 3685 1789 ἀλλ’

2112 1822 2223 1891 ἐγὼ
2249 1824 2498 1897 δείκνυμι
2527 1826 2751 1899 μείζονα
2778 1829 3010 1884 ἐνταῦθα
3026 1830 3123 1903 τὴν
3148 1832 3341 1903 ἀρχήν.
3366 1831 3437 1885 Τὸ
3456 1831 3555 1902 μὲν
3578 1831 3686 1903 7&9

2116 1918 2319 1990 πλῆθος
2366 1919 2508 1987 ἴσον,
2540 1922 2573 1994 ἢ
2608 1925 2701 1978 καὶ
2736 1924 2918 1979 πλεῖον
2937 1943 2951 1958 ·
2981 1926 3170 1981 λοιπὸν
3192 1927 3249 1979 δὲ
3269 1927 3400 1999 περὶ
3422 1928 3521 1998 τῆς
3545 1928 3683 1980 ὑπος-

2111 2016 2286 2085 ταγῆς
2343 2018 2620 2086 ἐξετάζειν
2657 2022 2755 2077 δεῖ.
2792 2023 2901 2077 Kal
2946 2024 3020 2094 μὴ
3051 2042 3141 2093 μοι
3166 2025 3246 2088 είς
3271 2023 3438 2094 μέσον
3467 2024 3683 2096 ἀγάγῃς

2111 2114 2240 2178 τοὺς
2284 2114 2619 2180 ἐκπεσόντας
2660 2117 2760 2188 τῆς
2792 2117 3095 2188 βασιλείας,
3130 2119 3225 2172 καὶ
3257 2118 3568 2188 σφαγέντας
3590 2118 3684 2171 ὐπ’

2109 2210 2287 2264 αὐτῶν
2319 2210 2427 2267 τῶν
2468 2213 2974 2285 σωματοφυλάκων.
3008 2213 3101 2287 Mi}
3128 2213 3308 2268 τοίνυν
3334 2212 3563 2278 τούτους
3598 2213 3681 2279 εἰς

2110 2307 2275 2377 μέσον
2346 2305 2595 2378 ἄγωμεν,
2646 2307 2781 2363 ἀλλὰ
2822 2310 2951 2374 τοὺς
3001 2309 3183 2373 καλῶς
3237 2310 3298 2365 ἐν
3351 2308 3682 2381 ἀμφοτέροις

2107 2404 2206 2475 τὴν
2237 2405 2448 2459 ἑαυτῶν
2479 2404 2855 2476 διοικήσαντας
2892 2405 3171 2477 βασιλείαν
3197 2406 3544 2478 ζητήσωμεν.
3568 2402 3682 2458 Καὶ

2109 2500 2174 2554 σύ
2217 2502 2351 2573 μὲν,
2390 2500 2481 2566 οὒς
2517 2501 2717 2573 βούλει,
2741 2502 2881 2557 τίθει
2902 2519 2916 2534 ’
2940 2502 3052 2573 ἐγὼ
3088 2503 3144 2557 δέ
3175 2519 3257 2556 σοι
3282 2501 3373 2556 τὸν
3401 2500 3677 2573 πατριάρο

2106 2616 2209 2671 χην
2237 2599 2538 2655 άντιτάττω
2567 2601 2753 2655 πᾶσιν.

2176 2762 2304 2816 Ὅτε
2335 2761 2445 2835 γὰρ
2469 2762 2560 2816 τδν
2587 2763 2701 2817 υίδν
2730 2760 3017 2819 ἐκελεύετο
3045 2761 3372 2834 σφαγιάσαι,
3419 2763 3677 2832 ἐννόησον

2105 2858 2255 2932 [449]
2284 2858 2440 2914 πόσοι
2471 2859 2593 2913 τότε
2634 2860 3011 2931 ἐπανέστησαν
3046 2859 3215 2931 αὐτῷ.
3242 2859 3524 2930 λογισμοί·
3557 2857 3677 2912 ἀλλ’

2103 2958 2254 3029 ὅμως
2295 2958 2503 3022 πάντας
2533 2957 2786 3024 ὑπέταξε,
2834 2958 2930 3011 καὶ
2986 2957 3189 3018 πάντες
3244 2957 3413 3010 αὐτὸν
3442 2955 3678 3029 ἔτρεμον

2109 3052 2330 3125 μᾶλλον,
2356 3053 2390 3125 ἢ
2422 3053 2645 3125 βασιλέα
2666 3056 2721 3108 οί
2748 3054 3056 3126 δορυφόροι,
3093 3057 3186 3107 καὶ
3214 3052 3490 3124 βλέμματι
3529 3051 3679 3124 μόνῳ

2108 3150 2319 3216 πάντας
2349 3150 2697 3217 κατέστελλε,
2732 3150 2828 3205 καὶ
2847 3150 2969 3204 οὐδὲ
2994 3149 3195 3221 γρύξαι
3228 3150 3433 3222 ἐτόλμα
3467 3148 3678 3204 τούτων

2103 3249 2303 3313 οὐδεὶς,
2330 3247 2446 3303 ἀλλ’
2473 3247 2807 3313 ὐπέκυπτον,
2851 3247 2947 3301 καὶ
2974 3247 3051 3311 ὡς
3077 3246 3286 3318 βασιλεῖ
3322 3243 3679 3318 παρεχώρουν

2107 3344 2365 3409 ἅπαντες,
2388 3343 2567 3398 καίτοι
2592 3361 2657 3414 γε
2685 3342 2935 3409 ὀξύτατοι
2959 3342 3112 3408 ὄντες
3157 3343 3260 3398 καὶ·
3300 3343 3519 3413 σφόδρα
3537 3339 3678 3395 ἀπό-

2103 3457 2276 3510 τομοι.
2308 3440 2443 3494 Οὐδέ
2474 3441 2583 3511 7&9
2605 3438 2778 3503 οὕτως
2810 3439 2949 3494 είσὶν
2980 3440 3037 3492 al
3070 3438 3180 3493 τῶν
3208 3438 3452 3510 δοράτων
3478 3434 3680 3507 αίχμαὶ

2104 3545 2356 3617 φοϐεραὶ,
2378 3546 2536 3616 ὀρθαὶ⁵
2562 3544 2667 3601 ὑπὸ
2688 3542 3290 3613 πολλῶν-ἀνιστάμεναι·
3305 3538 3674 3612 στρατιωτῶν,

2104 3649 2179 3713 ὡς
2207 3651 2407 3703 ἐκεῖνοι
2435 3649 2556 3702 τότε
2596 3660 2624 3690 ι
2663 3644 2805 3720 ἦσαν
2835 3646 3060 3719 φοϐεροὶ
3099 3647 3153 3700 οἱ
3181 3645 3452 3715 λογισμοί.
3486 3644 3561 3698 Οὐ
3589 3642 3676 3697 δο-

2109 3746 2286 3816 ράτων
2334 3740 2405 3817 ἦν
2454 3743 2812 3815 χαλεπωτέρα
2860 3744 2895 3814 ἡ
2945 3743 3045 3814 τῆς
3081 3741 3296 3812 φύσεως
3320 3739 3675 3812 συμπάθεια;

2105 3844 2196 3897 Διὸ
2228 3844 2321 3897 καὶ
2348 3843 2553 3914 αἰχμῆς
2572 3843 2741 3912 ἡκονη
2751 3841 2918 3913 μένης
2952 3840 3153 3911 μᾶλλον
3174 3840 3396 3910 τέμνειν
3413 3837 3677 3907 ἡδύναντο

2105 3941 2204 4013 τὴν
2235 3942 2448 3995 ἐκείνου
2475 3940 2674 4012 ψυχήν.
2703 3940 2780 3993 Οὐ
2810 3939 2920 4011 7&9
2949 3937 3123 4001 οὕτως
3167 3937 3261 4002 6ξύ
3307 3936 3435 4008 δόρυ
3475 3934 3699 4004 γένοιτ’·

2105 4040 2170 4094 ἄν
2206 4057 2357 4106 ποτε,
2380 4038 2457 4103 ὡς
2485 4037 2709 4092 ἐκείνων
2737 4035 2846 4091 τῶν
2876 4034 3153 4106 λογισμῶν
3176 4033 3242 4088 τά
3278 4033 3476 4105 κέντρα
3499 4032 3681 4087 κάτως

2106 4141 2198 4196 θεν
2227 4139 2335 4194 ἀπὸ
2361 4139 2469 4194 τῶν
2498 4138 2824 4211 σπλάγχνων
2850 4136 3150 4209 ὀξυνόμενά
3173 4153 3232 4191 τε
3253 4135 3348 4189 καὶ
3371 4133 3677 4207 όρθούμενα

2103 4236 2345 4308 διέπειρε
2374 4235 2467 4290 τοῦ
2493 4234 2702 4290 δικαίου
2729 4234 2827 4307 τὴν
2863 4234 3120 4290 διάνοιαν.
3156 4231 3420 4290 Ἐνταῦθα
3443 4232 3541 4305 μὲν
3566 4229 3697 4302 7&9.

2105 4337 2202 4392 καὶ
2229 4335 2424 4408 χρόνου
2463 4333 2544 4388 δεῖ
2585 4335 2679 4389 καὶ
2712 4333 2907 4406 βουλῆς
2936 4332 3033 4388 καὶ
3070 4333 3288 4405 πληγῆς
3327 4332 3421 4387 xal
3461 4328 3675 4402 ὀδύνης,

2106 4434 2202 4487 καὶ
2225 4432 2348 4485 τότε
2386 4433 2416 4485 6
2454 4430 2684 4493 θάνατος
2720 4430 2934 4486 ἕπεται·
2985 4430 3102 4483 ἐκεῖ
3139 4429 3196 4483 δὲ
3233 4427 3446 4492 οὐδενὸς
3469 4425 3676 4480 τούτων

2105 4529 2229 4583 ἔδει·
2264 4527 2406 4582 οὕτω
2426 4527 2697 4599 ταχύτερα
2727 4526 2823 4581 καὶ
2850 4525 3151 4600 δριμύτερα
3177 4522 3245 4598 ἦν
3273 4523 3343 4579 τά
3364 4524 3675 4597 τραύματα.

2118 4624 2258 4679 Ἀλλ’
2303 4625 2454 4696 ὅμως
2498 4623 2764 4678 τοσούτων
2800 4623 2922 4677 τότε
2966 4622 3332 4678 όπλισθέντων
3360 4621 3481 4677 κατ’
3508 4618 3677 4674 αὐτοῦ

2104 4722 2405 4795 λογισμῶν,
2437 4722 2609 4794 πολλὴ
2637 4718 2705 4795 ἦν
2737 4719 2958 4792 ἡσυχία,
2996 4720 3092 4773 καὶ
3128 4720 3328 4783 πάντες
3354 4717 3678 4789 εἱστήκεσαν

2105 4821 2404 4885 εὐτάκτως,
2440 4817 2775 4891 κοσμοῦντες
2829 4816 3030 4888 μᾶλλον
3073 4816 3256 4880 αὐτὸν,
3284 4816 3318 4886 ἡ
3360 4812 3674 4886 φοϐοῦντες.

2105 4933 2249 5004 Ὅρα
2271 4932 2404 5003 γοῦν
2431 4930 2531 5003 τὴν
2555 4930 2830 5002 μάχαιραν
2858 4927 3021 4982 αὐτδν
3045 4926 3374 4991 ἐκτείνοντα,
3405 4926 3679 5011 καὶρὅους

2105 5029 2285 5101 βούλει
2342 5027 2482 5082 τίθει
2536 5025 2777 5098 βασιλεῖς
2805 5026 2887 5090 είς
2933 5026 2996 5080 τὸ
3059 5024 3244 5097 μέσον,
3307 5023 3676 5091 Δύγούστους.

2102 5125 2407 5197 Καίσαρας.
2466 5122 2607 5177 Ἀλλ’
2640 5121 2795 5176 οὐδὲν
2849 5122 3103 5181 τοσοῦτον
3156 5123 3323 5192 ἐρεῖς,
3368 5120 3492 5175 οὐδὲ
3540 5121 3705 5184 ἕξεις,

2106 5222 2295 5294 σχῆμα
2340 5221 2510 5286 δεῖξαι
2539 5220 2801 5286 τοιοῦτον,
2841 5218 2985 5275 οὕτω
3033 5219 3379 5293 μεγαλοφυὲς
3412 5217 3524 5270 ικαὶ
3556 5214 3679 5275 ,τῶν

2101 5321 2349 5394 οὐρανῶν
2397 5320 2566 5386 ἄξιον.
2610 5320 2770 5374 Κατά
2797 5321 2908 5392 γὰρ
2937 5319 3252 5392 τυραννίδος
3294 5314 3679 5382 δυνατωτάτης

2103 5419 2299 5491 ἔστησε
2335 5418 2594 5490 τρόπαιον
2633 5420 2662 5471 6
2689 5418 2897 5481 δίκαιος
2931 5417 3054 5469 τότε
3103 5417 3342 5477 ἐκεῖνος’
3380 5410 3535 5465 οὐδὲν
3568 5407 3677 5479 7&9

2102 5514 2320 5587 φύσεως
2348 5514 2815 5587 τυραννικώτερον
2840 5528 2853 5541 ·
2890 5513 2995 5566 κᾶν
3036 5510 3261 5583 μυρίους
3294 5507 3448 5579 τιθῇς
3477 5521 3676 5579 τυρανα-

2102 5614 2406 5679 νοκτόνους,
2440 5611 2630 5667 οὐδένα
2665 5610 2906 5667 τοιοῦτον
2928 5607 3210 5682 ,ἐπιδείξῃς
3244 5608 3397 5684 ἡμῖν.
3428 5606 3541 5663 Kal
3567 5606 3700 5678 γᾲω.

2165 5819 2189 5846 ⁸
2215 5813 2475 5883 agebam)?
2493 5814 2627 5867 noxi.
