  <div class='ocr_page' id='page_1' title='image "/cluster/home/n/w/nwhite01/storage/ocr_20150623/61/hvd.32044054166368/418.png"; bbox 0 0 4138 6220; ppageno 0'>
   <div class='ocr_carea' id='block_1_1' title="bbox 438 358 538 414">
    <p class='ocr_par' dir='ltr' id='par_1_1' title="bbox 438 358 538 414">
     <span class='ocr_line' id='line_1_1' title="bbox 438 358 538 414; baseline 0 0"><span class='ocrx_word' id='word_1_1' title='bbox 438 358 538 414; x_wconf 70' lang='grc'><strong>613</strong></span> 
     </span>
    </p>
   </div>
   <div class='ocr_carea' id='block_1_2' title="bbox 435 467 1996 535">
    <p class='ocr_par' dir='ltr' id='par_1_2' title="bbox 435 467 1996 535">
     <span class='ocr_line' id='line_1_2' title="bbox 435 467 1996 535; baseline -0.006 -5"><span class='ocrx_word' id='word_1_2' title='bbox 435 471 708 530; x_wconf 78' lang='lat' dir='ltr'><strong>considera</strong></span> <span class='ocrx_word' id='word_1_3' title='bbox 743 489 756 525; x_wconf 91' lang='lat'><strong>:</strong></span> <span class='ocrx_word' id='word_1_4' title='bbox 789 481 974 526; x_wconf 87' lang='lat' dir='ltr'><strong>natura</strong></span> <span class='ocrx_word' id='word_1_5' title='bbox 1004 486 1122 526; x_wconf 90' lang='lat' dir='ltr'><strong>cum</strong></span> <span class='ocrx_word' id='word_1_6' title='bbox 1148 472 1308 525; x_wconf 90' lang='lat' dir='ltr'><strong>armis</strong></span> <span class='ocrx_word' id='word_1_7' title='bbox 1350 471 1480 535; x_wconf 79' lang='lat' dir='ltr'><strong>suis,</strong></span> <span class='ocrx_word' id='word_1_8' title='bbox 1518 484 1638 524; x_wconf 87' lang='lat' dir='ltr'><strong>curn</strong></span> <span class='ocrx_word' id='word_1_9' title='bbox 1681 467 1996 524; x_wconf 69' lang='lat' dir='ltr'><strong>militaribus</strong></span> 
     </span>
    </p>
   </div>
   <div class='ocr_carea' id='block_1_3' title="bbox 433 557 1995 632">
    <p class='ocr_par' dir='ltr' id='par_1_3' title="bbox 433 557 1995 632">
     <span class='ocr_line' id='line_1_3' title="bbox 433 557 1995 632; baseline -0.004 -14"><span class='ocrx_word' id='word_1_10' title='bbox 433 564 679 618; x_wconf 85' lang='lat' dir='ltr'><strong>omnibus</strong></span> <span class='ocrx_word' id='word_1_11' title='bbox 698 564 866 632; x_wconf 87' lang='lat' dir='ltr'><strong>copiis</strong></span> <span class='ocrx_word' id='word_1_12' title='bbox 884 562 994 616; x_wconf 88' lang='lat' dir='ltr'><strong>suis</strong></span> <span class='ocrx_word' id='word_1_13' title='bbox 1023 561 1167 616; x_wconf 87' lang='lat' dir='ltr'><strong>humi</strong></span> <span class='ocrx_word' id='word_1_14' title='bbox 1190 561 1432 632; x_wconf 88' lang='lat' dir='ltr'><strong>jacebat;</strong></span> <span class='ocrx_word' id='word_1_15' title='bbox 1462 561 1573 630; x_wconf 89' lang='lat' dir='ltr'><strong>ipse</strong></span> <span class='ocrx_word' id='word_1_16' title='bbox 1601 569 1778 615; x_wconf 86' lang='lat' dir='ltr'><strong>autem</strong></span> <span class='ocrx_word' id='word_1_17' title='bbox 1819 557 1995 615; x_wconf 83' lang='lat' dir='ltr'><strong>stabat</strong></span> 
     </span>
    </p>
   </div>
   <div class='ocr_carea' id='block_1_4' title="bbox 431 652 1997 723">
    <p class='ocr_par' dir='ltr' id='par_1_4' title="bbox 431 652 1997 723">
     <span class='ocr_line' id='line_1_4' title="bbox 431 652 1997 723; baseline -0.004 -14"><span class='ocrx_word' id='word_1_18' title='bbox 431 663 642 709; x_wconf 80' lang='lat' dir='ltr'><strong>extenta</strong></span> <span class='ocrx_word' id='word_1_19' title='bbox 673 669 856 720; x_wconf 89' lang='lat' dir='ltr'><strong>manu,</strong></span> <span class='ocrx_word' id='word_1_20' title='bbox 878 669 983 708; x_wconf 90' lang='lat' dir='ltr'><strong>non</strong></span> <span class='ocrx_word' id='word_1_21' title='bbox 1012 667 1282 718; x_wconf 83' lang='lat' dir='ltr'><strong>coronam,</strong></span> <span class='ocrx_word' id='word_1_22' title='bbox 1318 653 1410 708; x_wconf 91' lang='lat' dir='ltr'><strong>sed</strong></span> <span class='ocrx_word' id='word_1_23' title='bbox 1440 652 1673 723; x_wconf 76' lang='lat' dir='ltr'><strong>gladium</strong></span> <span class='ocrx_word' id='word_1_24' title='bbox 1696 653 1881 721; x_wconf 88' lang='lat' dir='ltr'><strong>quavis</strong></span> <span class='ocrx_word' id='word_1_25' title='bbox 1906 664 1997 703; x_wconf 81' lang='lat' dir='ltr'><strong>co-</strong></span> 
     </span>
    </p>
   </div>
   <div class='ocr_carea' id='block_1_5' title="bbox 434 744 1999 814">
    <p class='ocr_par' dir='ltr' id='par_1_5' title="bbox 434 744 1999 814">
     <span class='ocr_line' id='line_1_5' title="bbox 434 744 1999 814; baseline -0.003 -14"><span class='ocrx_word' id='word_1_26' title='bbox 434 761 562 800; x_wconf 89' lang='lat' dir='ltr'><strong>rona</strong></span> <span class='ocrx_word' id='word_1_27' title='bbox 592 746 931 801; x_wconf 75' lang='lat' dir='ltr'><strong>illustriorem</strong></span> <span class='ocrx_word' id='word_1_28' title='bbox 972 754 1184 800; x_wconf 91' lang='lat' dir='ltr'><strong>tenente</strong></span> <span class='ocrx_word' id='word_1_29' title='bbox 1216 761 1228 796; x_wconf 92' lang='lat'>:</span> <span class='ocrx_word' id='word_1_30' title='bbox 1259 754 1416 814; x_wconf 90' lang='lat' dir='ltr'><strong>atque</strong></span> <span class='ocrx_word' id='word_1_31' title='bbox 1457 744 1762 814; x_wconf 79' lang='lat' dir='ltr'><strong>angelorum</strong></span> <span class='ocrx_word' id='word_1_32' title='bbox 1808 755 1999 812; x_wconf 83' lang='lat' dir='ltr'><strong>agmen</strong></span> 
     </span>
    </p>
   </div>
   <div class='ocr_carea' id='block_1_6' title="bbox 433 835 1998 906">
    <p class='ocr_par' dir='ltr' id='par_1_6' title="bbox 433 835 1998 906">
     <span class='ocr_line' id='line_1_6' title="bbox 433 835 1998 906; baseline -0.003 -16"><span class='ocrx_word' id='word_1_33' title='bbox 433 836 804 906; x_wconf 87' lang='lat' dir='ltr'><strong>applaudebat,</strong></span> <span class='ocrx_word' id='word_1_34' title='bbox 832 852 896 892; x_wconf 91' lang='lat' dir='ltr'><strong>ac</strong></span> <span class='ocrx_word' id='word_1_35' title='bbox 926 837 1065 892; x_wconf 88' lang='lat' dir='ltr'><strong>Deus</strong></span> <span class='ocrx_word' id='word_1_36' title='bbox 1093 852 1123 892; x_wconf 90' lang='lat' dir='ltr'><strong>e</strong></span> <span class='ocrx_word' id='word_1_37' title='bbox 1150 835 1293 890; x_wconf 75' lang='lat' dir='ltr'><strong>czrlis</strong></span> <span class='ocrx_word' id='word_1_38' title='bbox 1323 835 1573 891; x_wconf 84' lang='lat' dir='ltr'><strong>victorem</strong></span> <span class='ocrx_word' id='word_1_39' title='bbox 1599 850 1718 889; x_wconf 91' lang='lat' dir='ltr'><strong>eum</strong></span> <span class='ocrx_word' id='word_1_40' title='bbox 1757 847 1998 903; x_wconf 89' lang='lat' dir='ltr'><strong>pronun-</strong></span> 
     </span>
    </p>
   </div>
   <div class='ocr_carea' id='block_1_7' title="bbox 435 923 2000 995">
    <p class='ocr_par' dir='ltr' id='par_1_7' title="bbox 435 923 2000 995">
     <span class='ocr_line' id='line_1_7' title="bbox 435 923 2000 995; baseline -0.003 -15"><span class='ocrx_word' id='word_1_41' title='bbox 435 927 617 981; x_wconf 86' lang='lat' dir='ltr'><strong>tiabat.</strong></span> <span class='ocrx_word' id='word_1_42' title='bbox 637 927 894 995; x_wconf 90' lang='lat' dir='ltr'><strong>Quoniam</strong></span> <span class='ocrx_word' id='word_1_43' title='bbox 910 928 1048 982; x_wconf 91' lang='lat' dir='ltr'><strong>enim</strong></span> <span class='ocrx_word' id='word_1_44' title='bbox 1067 929 1117 980; x_wconf 92' lang='lat' dir='ltr'><strong>in</strong></span> <span class='ocrx_word' id='word_1_45' title='bbox 1140 927 1284 980; x_wconf 63' lang='lat' dir='ltr'><strong>caelis</strong></span> <span class='ocrx_word' id='word_1_46' title='bbox 1300 926 1630 981; x_wconf 84' lang='lat' dir='ltr'><strong>conversatio</strong></span> <span class='ocrx_word' id='word_1_47' title='bbox 1646 933 1779 988; x_wconf 83' lang='lat' dir='ltr'><strong>erat,</strong></span> <span class='ocrx_word' id='word_1_48' title='bbox 1804 923 2000 976; x_wconf 90' lang='lat' dir='ltr'><strong>ideirco</strong></span> 
     </span>
    </p>
   </div>
   <div class='ocr_carea' id='block_1_8' title="bbox 435 1011 1997 1088">
    <p class='ocr_par' dir='ltr' id='par_1_8' title="bbox 435 1011 1997 1088">
     <span class='ocr_line' id='line_1_8' title="bbox 435 1011 1997 1088; baseline -0.004 -16"><span class='ocrx_word' id='word_1_49' title='bbox 435 1018 633 1072; x_wconf 84' lang='lat' dir='ltr'><strong>caelesti</strong></span> <span class='ocrx_word' id='word_1_50' title='bbox 659 1033 871 1088; x_wconf 90' lang='lat' dir='ltr'><strong>quoque</strong></span> <span class='ocrx_word' id='word_1_51' title='bbox 899 1019 1162 1087; x_wconf 66' lang='lat' dir='ltr'><strong>prreconio</strong></span> <span class='ocrx_word' id='word_1_52' title='bbox 1186 1017 1573 1073; x_wconf 87' lang='lat' dir='ltr'><strong>celebrabatur.</strong></span> <span class='ocrx_word' id='word_1_53' title='bbox 1603 1015 1864 1083; x_wconf 87' lang='lat' dir='ltr'><strong>Quidnam</strong></span> <span class='ocrx_word' id='word_1_54' title='bbox 1896 1011 1997 1067; x_wconf 89' lang='lat' dir='ltr'><strong>hoc</strong></span> 
     </span>
    </p>
   </div>
   <div class='ocr_carea' id='block_1_9' title="bbox 435 1101 1998 1176">
    <p class='ocr_par' dir='ltr' id='par_1_9' title="bbox 435 1101 1998 1176">
     <span class='ocr_line' id='line_1_9' title="bbox 435 1101 1998 1176; baseline -0.002 -17"><span class='ocrx_word' id='word_1_55' title='bbox 435 1105 802 1174; x_wconf 83' lang='lat' dir='ltr'><strong>splendidius?</strong></span> <span class='ocrx_word' id='word_1_56' title='bbox 832 1109 937 1160; x_wconf 90' lang='lat' dir='ltr'><strong>imo</strong></span> <span class='ocrx_word' id='word_1_57' title='bbox 961 1106 1210 1176; x_wconf 87' lang='lat' dir='ltr'><strong>quidnam</strong></span> <span class='ocrx_word' id='word_1_58' title='bbox 1238 1121 1360 1162; x_wconf 90' lang='lat' dir='ltr'><strong>cum</strong></span> <span class='ocrx_word' id='word_1_59' title='bbox 1413 1107 1514 1161; x_wconf 93' lang='lat' dir='ltr'><strong>hoc</strong></span> <span class='ocrx_word' id='word_1_60' title='bbox 1543 1113 1743 1174; x_wconf 69' lang='grc' dir='ltr'><strong>ενοι)ωο</strong></span> <span class='ocrx_word' id='word_1_61' title='bbox 1767 1101 1998 1157; x_wconf 89' lang='lat' dir='ltr'><strong>conferri</strong></span> 
     </span>
    </p>
   </div>
   <div class='ocr_carea' id='block_1_10' title="bbox 437 1193 1997 1266">
    <p class='ocr_par' dir='ltr' id='par_1_10' title="bbox 437 1193 1997 1266">
     <span class='ocr_line' id='line_1_10' title="bbox 437 1193 1997 1266; baseline -0.002 -16"><span class='ocrx_word' id='word_1_62' title='bbox 437 1199 630 1266; x_wconf 81' lang='lat' dir='ltr'><strong>queat?</strong></span> <span class='ocrx_word' id='word_1_63' title='bbox 653 1197 785 1252; x_wconf 89' lang='lat' dir='ltr'><strong>Nam</strong></span> <span class='ocrx_word' id='word_1_64' title='bbox 817 1199 881 1261; x_wconf 90' lang='lat' dir='ltr'><strong>si,</strong></span> <span class='ocrx_word' id='word_1_65' title='bbox 911 1213 1030 1252; x_wconf 90' lang='lat' dir='ltr'><strong>cum</strong></span> <span class='ocrx_word' id='word_1_66' title='bbox 1055 1198 1250 1254; x_wconf 82' lang='lat' dir='ltr'><strong>athleta</strong></span> <span class='ocrx_word' id='word_1_67' title='bbox 1275 1198 1506 1262; x_wconf 81' lang='lat' dir='ltr'><strong>vicisset,</strong></span> <span class='ocrx_word' id='word_1_68' title='bbox 1545 1211 1651 1251; x_wconf 91' lang='lat' dir='ltr'><strong>non</strong></span> <span class='ocrx_word' id='word_1_69' title='bbox 1685 1208 1858 1266; x_wconf 65' lang='lat' dir='ltr'><strong>praeco</strong></span> <span class='ocrx_word' id='word_1_70' title='bbox 1883 1193 1997 1263; x_wconf 90' lang='lat' dir='ltr'><strong>qui-</strong></span> 
     </span>
    </p>
   </div>
   <div class='ocr_carea' id='block_1_11' title="bbox 440 1287 2000 1360">
    <p class='ocr_par' dir='ltr' id='par_1_11' title="bbox 440 1287 2000 1360">
     <span class='ocr_line' id='line_1_11' title="bbox 440 1287 2000 1360; baseline -0.002 -18"><span class='ocrx_word' id='word_1_71' title='bbox 440 1288 557 1342; x_wconf 88' lang='lat' dir='ltr'><strong>dam</strong></span> <span class='ocrx_word' id='word_1_72' title='bbox 583 1304 647 1344; x_wconf 82' lang='lat' dir='ltr'><strong>ex</strong></span> <span class='ocrx_word' id='word_1_73' title='bbox 674 1287 910 1343; x_wconf 82' lang='lat' dir='ltr'><strong>inferiori</strong></span> <span class='ocrx_word' id='word_1_74' title='bbox 934 1288 1070 1353; x_wconf 90' lang='lat' dir='ltr'><strong>loco,</strong></span> <span class='ocrx_word' id='word_1_75' title='bbox 1101 1289 1193 1343; x_wconf 90' lang='lat' dir='ltr'><strong>sed</strong></span> <span class='ocrx_word' id='word_1_76' title='bbox 1219 1305 1313 1346; x_wconf 77' lang='lat' dir='ltr'><strong>rex</strong></span> <span class='ocrx_word' id='word_1_77' title='bbox 1341 1291 1454 1360; x_wconf 90' lang='lat' dir='ltr'><strong>ipse</strong></span> <span class='ocrx_word' id='word_1_78' title='bbox 1473 1303 1505 1343; x_wconf 92' lang='lat' dir='ltr'><strong>e</strong></span> <span class='ocrx_word' id='word_1_79' title='bbox 1525 1287 1797 1358; x_wconf 85' lang='lat' dir='ltr'><strong>superiore</strong></span> <span class='ocrx_word' id='word_1_80' title='bbox 1821 1300 2000 1340; x_wconf 82' lang='lat' dir='ltr'><strong>assur-</strong></span> 
     </span>
    </p>
   </div>
   <div class='ocr_carea' id='block_1_12' title="bbox 437 1377 1998 1450">
    <p class='ocr_par' dir='ltr' id='par_1_12' title="bbox 437 1377 1998 1450">
     <span class='ocr_line' id='line_1_12' title="bbox 437 1377 1998 1450; baseline -0.002 -17"><span class='ocrx_word' id='word_1_81' title='bbox 437 1393 566 1448; x_wconf 89' lang='lat' dir='ltr'><strong>gens</strong></span> <span class='ocrx_word' id='word_1_82' title='bbox 595 1379 810 1433; x_wconf 82' lang='lat' dir='ltr'><strong>victoris</strong></span> <span class='ocrx_word' id='word_1_83' title='bbox 835 1378 1014 1434; x_wconf 90' lang='lat' dir='ltr'><strong>laudes</strong></span> <span class='ocrx_word' id='word_1_84' title='bbox 1045 1379 1389 1450; x_wconf 65' lang='lat' dir='ltr'><strong>praedicaret;</strong></span> <span class='ocrx_word' id='word_1_85' title='bbox 1409 1393 1586 1433; x_wconf 90' lang='lat' dir='ltr'><strong>annon</strong></span> <span class='ocrx_word' id='word_1_86' title='bbox 1608 1377 1709 1432; x_wconf 91' lang='lat' dir='ltr'><strong>hoc</strong></span> <span class='ocrx_word' id='word_1_87' title='bbox 1730 1377 1817 1432; x_wconf 88' lang='lat' dir='ltr'><strong>ille</strong></span> <span class='ocrx_word' id='word_1_88' title='bbox 1841 1391 1998 1433; x_wconf 89' lang='lat' dir='ltr'><strong>coro-</strong></span> 
     </span>
    </p>
   </div>
   <div class='ocr_carea' id='block_1_13' title="bbox 441 1467 1998 1537">
    <p class='ocr_par' dir='ltr' id='par_1_13' title="bbox 441 1467 1998 1537">
     <span class='ocr_line' id='line_1_13' title="bbox 441 1467 1998 1537; baseline -0.001 -16"><span class='ocrx_word' id='word_1_89' title='bbox 441 1469 522 1521; x_wconf 90' lang='lat' dir='ltr'><strong>nis</strong></span> <span class='ocrx_word' id='word_1_90' title='bbox 549 1468 672 1537; x_wconf 89' lang='lat' dir='ltr'><strong>ipsis</strong></span> <span class='ocrx_word' id='word_1_91' title='bbox 695 1467 1127 1522; x_wconf 86' lang='lat' dir='ltr'><strong>honoriﬁcentius</strong></span> <span class='ocrx_word' id='word_1_92' title='bbox 1148 1468 1248 1524; x_wconf 89' lang='lat' dir='ltr'><strong>sibi</strong></span> <span class='ocrx_word' id='word_1_93' title='bbox 1263 1482 1382 1524; x_wconf 87' lang='lat' dir='ltr'><strong>esse</strong></span> <span class='ocrx_word' id='word_1_94' title='bbox 1400 1468 1634 1530; x_wconf 88' lang='lat' dir='ltr'><strong>duceret,</strong></span> <span class='ocrx_word' id='word_1_95' title='bbox 1657 1469 1998 1534; x_wconf 85' lang='lat' dir='ltr'><strong>omniumque</strong></span> 
     </span>
    </p>
   </div>
   <div class='ocr_carea' id='block_1_14' title="bbox 440 1558 2000 1627">
    <p class='ocr_par' dir='ltr' id='par_1_14' title="bbox 440 1558 2000 1627">
     <span class='ocr_line' id='line_1_14' title="bbox 440 1558 2000 1627; baseline -0.001 -15"><span class='ocrx_word' id='word_1_96' title='bbox 440 1568 792 1627; x_wconf 86' lang='lat' dir='ltr'><strong>spectatorum</strong></span> <span class='ocrx_word' id='word_1_97' title='bbox 823 1559 1008 1614; x_wconf 89' lang='lat' dir='ltr'><strong>oculos</strong></span> <span class='ocrx_word' id='word_1_98' title='bbox 1057 1559 1122 1612; x_wconf 90' lang='lat' dir='ltr'><strong>ad</strong></span> <span class='ocrx_word' id='word_1_99' title='bbox 1166 1573 1227 1614; x_wconf 90' lang='lat' dir='ltr'><strong>se</strong></span> <span class='ocrx_word' id='word_1_100' title='bbox 1277 1558 1656 1614; x_wconf 86' lang='lat' dir='ltr'><strong>converteret?</strong></span> <span class='ocrx_word' id='word_1_101' title='bbox 1684 1558 1812 1613; x_wconf 88' lang='lat' dir='ltr'><strong>Cum</strong></span> <span class='ocrx_word' id='word_1_102' title='bbox 1845 1558 2000 1627; x_wconf 77' lang='lat' dir='ltr'><strong>igitur</strong></span> 
     </span>
    </p>
   </div>
   <div class='ocr_carea' id='block_1_15' title="bbox 440 1649 2000 1721">
    <p class='ocr_par' dir='ltr' id='par_1_15' title="bbox 440 1649 2000 1721">
     <span class='ocr_line' id='line_1_15' title="bbox 440 1649 2000 1721; baseline -0.001 -18"><span class='ocrx_word' id='word_1_103' title='bbox 440 1666 543 1704; x_wconf 91' lang='lat' dir='ltr'><strong>non</strong></span> <span class='ocrx_word' id='word_1_104' title='bbox 570 1651 806 1705; x_wconf 83' lang='lat' dir='ltr'><strong>mortalis</strong></span> <span class='ocrx_word' id='word_1_105' title='bbox 836 1651 1093 1721; x_wconf 78' lang='lat' dir='ltr'><strong>quispiam</strong></span> <span class='ocrx_word' id='word_1_106' title='bbox 1117 1666 1230 1716; x_wconf 85' lang='lat' dir='ltr'><strong>rex,</strong></span> <span class='ocrx_word' id='word_1_107' title='bbox 1253 1650 1345 1704; x_wconf 91' lang='lat' dir='ltr'><strong>sed</strong></span> <span class='ocrx_word' id='word_1_108' title='bbox 1373 1651 1508 1705; x_wconf 90' lang='lat' dir='ltr'><strong>Deus</strong></span> <span class='ocrx_word' id='word_1_109' title='bbox 1531 1650 1664 1719; x_wconf 88' lang='lat' dir='ltr'><strong>ipse,</strong></span> <span class='ocrx_word' id='word_1_110' title='bbox 1687 1665 1790 1703; x_wconf 92' lang='lat' dir='ltr'><strong>non</strong></span> <span class='ocrx_word' id='word_1_111' title='bbox 1819 1650 1868 1702; x_wconf 93' lang='lat' dir='ltr'><strong>in</strong></span> <span class='ocrx_word' id='word_1_112' title='bbox 1899 1649 2000 1702; x_wconf 89' lang='lat' dir='ltr'><strong>hoc</strong></span> 
     </span>
    </p>
   </div>
   <div class='ocr_carea' id='block_1_16' title="bbox 442 1739 1998 1810">
    <p class='ocr_par' dir='ltr' id='par_1_16' title="bbox 442 1739 1998 1810">
     <span class='ocr_line' id='line_1_16' title="bbox 442 1739 1998 1810; baseline -0.001 -17"><span class='ocrx_word' id='word_1_113' title='bbox 442 1742 665 1805; x_wconf 86' lang='lat' dir='ltr'><strong>theatro,</strong></span> <span class='ocrx_word' id='word_1_114' title='bbox 691 1742 782 1796; x_wconf 89' lang='lat' dir='ltr'><strong>sed</strong></span> <span class='ocrx_word' id='word_1_115' title='bbox 809 1750 923 1795; x_wconf 89' lang='lat' dir='ltr'><strong>toto</strong></span> <span class='ocrx_word' id='word_1_116' title='bbox 953 1741 1082 1796; x_wconf 89' lang='lat' dir='ltr'><strong>orbe</strong></span> <span class='ocrx_word' id='word_1_117' title='bbox 1112 1743 1456 1810; x_wconf 82' lang='lat' dir='ltr'><strong>inspectante,</strong></span> <span class='ocrx_word' id='word_1_118' title='bbox 1494 1749 1652 1809; x_wconf 87' lang='lat' dir='ltr'><strong>atque</strong></span> <span class='ocrx_word' id='word_1_119' title='bbox 1695 1739 1998 1808; x_wconf 88' lang='lat' dir='ltr'><strong>angelorum</strong></span> 
     </span>
    </p>
   </div>
   <div class='ocr_carea' id='block_1_17' title="bbox 439 1833 1997 1906">
    <p class='ocr_par' dir='ltr' id='par_1_17' title="bbox 439 1833 1997 1906">
     <span class='ocr_line' id='line_1_17' title="bbox 439 1833 1997 1906; baseline -0.002 -19"><span class='ocrx_word' id='word_1_120' title='bbox 439 1845 492 1887; x_wconf 89' lang='lat' dir='ltr'><strong>et</strong></span> <span class='ocrx_word' id='word_1_121' title='bbox 521 1835 953 1904; x_wconf 82' lang='lat' dir='ltr'><strong>archangclorum</strong></span> <span class='ocrx_word' id='word_1_122' title='bbox 974 1850 1153 1906; x_wconf 80' lang='lat' dir='ltr'><strong>grege,</strong></span> <span class='ocrx_word' id='word_1_123' title='bbox 1185 1835 1290 1888; x_wconf 89' lang='lat' dir='ltr'><strong>alta</strong></span> <span class='ocrx_word' id='word_1_124' title='bbox 1319 1849 1446 1888; x_wconf 87' lang='lat' dir='ltr'><strong>voce</strong></span> <span class='ocrx_word' id='word_1_125' title='bbox 1475 1834 1540 1888; x_wconf 91' lang='lat' dir='ltr'><strong>de</strong></span> <span class='ocrx_word' id='word_1_126' title='bbox 1577 1834 1705 1888; x_wconf 70' lang='lat' dir='ltr'><strong>ca&#39;lo</strong></span> <span class='ocrx_word' id='word_1_127' title='bbox 1729 1833 1961 1888; x_wconf 89' lang='lat' dir='ltr'><strong>clamans</strong></span> <span class='ocrx_word' id='word_1_128' title='bbox 1980 1869 1997 1896; x_wconf 88' lang='lat'><strong>,</strong></span> 
     </span>
    </p>
   </div>
   <div class='ocr_carea' id='block_1_18' title="bbox 439 1923 1998 1996">
    <p class='ocr_par' dir='ltr' id='par_1_18' title="bbox 439 1923 1998 1996">
     <span class='ocr_line' id='line_1_18' title="bbox 439 1923 1998 1996; baseline -0.001 -20"><span class='ocrx_word' id='word_1_129' title='bbox 439 1927 688 1980; x_wconf 76' lang='lat' dir='ltr'><strong>victorem</strong></span> <span class='ocrx_word' id='word_1_130' title='bbox 719 1927 888 1996; x_wconf 89' lang='lat' dir='ltr'><strong>ipsum</strong></span> <span class='ocrx_word' id='word_1_131' title='bbox 919 1928 1256 1996; x_wconf 87' lang='lat' dir='ltr'><strong>pronuntiet,</strong></span> <span class='ocrx_word' id='word_1_132' title='bbox 1303 1925 1536 1990; x_wconf 87' lang='lat' dir='ltr'><strong>ubinam,</strong></span> <span class='ocrx_word' id='word_1_133' title='bbox 1565 1940 1763 1994; x_wconf 64' lang='lat' dir='ltr'><strong>qumso,</strong></span> <span class='ocrx_word' id='word_1_134' title='bbox 1799 1923 1998 1994; x_wconf 90' lang='lat' dir='ltr'><strong>justum</strong></span> 
     </span>
    </p>
   </div>
   <div class='ocr_carea' id='block_1_19' title="bbox 439 2017 2000 2088">
    <p class='ocr_par' dir='ltr' id='par_1_19' title="bbox 439 2017 2000 2088">
     <span class='ocr_line' id='line_1_19' title="bbox 439 2017 2000 2088; baseline -0.001 -18"><span class='ocrx_word' id='word_1_135' title='bbox 439 2017 586 2071; x_wconf 87' lang='lat' dir='ltr'><strong>illum</strong></span> <span class='ocrx_word' id='word_1_136' title='bbox 616 2017 1032 2073; x_wconf 83' lang='lat' dir='ltr'><strong>collocabimus?</strong></span> <span class='ocrx_word' id='word_1_137' title='bbox 1067 2019 1227 2084; x_wconf 89' lang='lat' dir='ltr'><strong>Quin,</strong></span> <span class='ocrx_word' id='word_1_138' title='bbox 1253 2019 1295 2074; x_wconf 88' lang='lat' dir='ltr'><strong>si</strong></span> <span class='ocrx_word' id='word_1_139' title='bbox 1324 2019 1494 2088; x_wconf 87' lang='lat' dir='ltr'><strong>placet</strong></span> <span class='ocrx_word' id='word_1_140' title='bbox 1516 2056 1533 2082; x_wconf 90' lang='lat'><strong>,</strong></span> <span class='ocrx_word' id='word_1_141' title='bbox 1565 2031 1750 2070; x_wconf 87' lang='lat' dir='ltr'><strong>vocem</strong></span> <span class='ocrx_word' id='word_1_142' title='bbox 1788 2029 2000 2086; x_wconf 87' lang='lat' dir='ltr'><strong>quoque</strong></span> 
     </span>
    </p>
   </div>
   <div class='ocr_carea' id='block_1_20' title="bbox 441 2107 1997 2180">
    <p class='ocr_par' dir='ltr' id='par_1_20' title="bbox 441 2107 1997 2180">
     <span class='ocr_line' id='line_1_20' title="bbox 441 2107 1997 2180; baseline -0.002 -19"><span class='ocrx_word' id='word_1_143' title='bbox 441 2109 606 2177; x_wconf 90' lang='lat' dir='ltr'><strong>ipsam</strong></span> <span class='ocrx_word' id='word_1_144' title='bbox 626 2110 915 2162; x_wconf 80' lang='lat' dir='ltr'><strong>audiamus.</strong></span> <span class='ocrx_word' id='word_1_145' title='bbox 936 2110 1188 2177; x_wconf 70' lang='lat' dir='ltr'><strong>Quaenam</strong></span> <span class='ocrx_word' id='word_1_146' title='bbox 1205 2123 1330 2180; x_wconf 89' lang='lat' dir='ltr'><strong>ergo</strong></span> <span class='ocrx_word' id='word_1_147' title='bbox 1345 2108 1462 2164; x_wconf 79' lang='lat' dir='ltr'><strong>ha:c</strong></span> <span class='ocrx_word' id='word_1_148' title='bbox 1478 2124 1574 2162; x_wconf 86' lang='lat' dir='ltr'><strong>vox</strong></span> <span class='ocrx_word' id='word_1_149' title='bbox 1593 2108 1710 2163; x_wconf 81' lang='lat' dir='ltr'><strong>est?</strong></span> <span class='ocrx_word' id='word_1_150' title='bbox 1725 2107 1997 2172; x_wconf 80' lang='lat' dir='ltr'><strong>Abraham,</strong></span> 
     </span>
    </p>
   </div>
   <div class='ocr_carea' id='block_1_21' title="bbox 443 2196 2001 2266">
    <p class='ocr_par' dir='ltr' id='par_1_21' title="bbox 443 2196 2001 2266">
     <span class='ocr_line' id='line_1_21' title="bbox 443 2196 2001 2266; baseline -0.002 -14"><span class='ocrx_word' id='word_1_151' title='bbox 443 2201 716 2264; x_wconf 82' lang='lat' dir='ltr'><strong>Abraham,</strong></span> <span class='ocrx_word' id='word_1_152' title='bbox 743 2217 838 2253; x_wconf 85' lang='lat' dir='ltr'><strong>non</strong></span> <span class='ocrx_word' id='word_1_153' title='bbox 868 2201 1105 2254; x_wconf 72' lang='lat' dir='ltr'><strong>extendas</strong></span> <span class='ocrx_word' id='word_1_154' title='bbox 1135 2216 1336 2254; x_wconf 83' lang='lat' dir='ltr'><strong>manum</strong></span> <span class='ocrx_word' id='word_1_155' title='bbox 1379 2209 1516 2253; x_wconf 87' lang='lat' dir='ltr'><strong>tuam</strong></span> <span class='ocrx_word' id='word_1_156' title='bbox 1564 2199 1614 2252; x_wconf 87' lang='lat' dir='ltr'><strong>in</strong></span> <span class='ocrx_word' id='word_1_157' title='bbox 1672 2196 1822 2252; x_wconf 86' lang='lat' dir='ltr'><strong>Isaac</strong></span> <span class='ocrx_word' id='word_1_158' title='bbox 1843 2239 1860 2266; x_wconf 95' lang='lat'><strong>,</strong></span> <span class='ocrx_word' id='word_1_159' title='bbox 1911 2211 2001 2250; x_wconf 84' lang='lat' dir='ltr'><strong>nec</strong></span> 
     </span>
    </p>
   </div>
   <div class='ocr_carea' id='block_1_22' title="bbox 442 2291 2003 2363">
    <p class='ocr_par' dir='ltr' id='par_1_22' title="bbox 442 2291 2003 2363">
     <span class='ocr_line' id='line_1_22' title="bbox 442 2291 2003 2363; baseline -0.001 -19"><span class='ocrx_word' id='word_1_160' title='bbox 442 2293 604 2362; x_wconf 81' lang='lat' dir='ltr'><strong>facias</strong></span> <span class='ocrx_word' id='word_1_161' title='bbox 631 2293 706 2346; x_wconf 90' lang='lat' dir='ltr'><strong>illi</strong></span> <span class='ocrx_word' id='word_1_162' title='bbox 726 2293 1011 2362; x_wconf 82' lang='lat' dir='ltr'><strong>quidqttam.</strong></span> <span class='ocrx_word' id='word_1_163' title='bbox 1040 2291 1191 2346; x_wconf 86' lang='lat' dir='ltr'><strong>Nunc</strong></span> <span class='ocrx_word' id='word_1_164' title='bbox 1207 2294 1340 2347; x_wconf 86' lang='lat' dir='ltr'><strong>enim</strong></span> <span class='ocrx_word' id='word_1_165' title='bbox 1365 2291 1573 2363; x_wconf 83' lang='lat' dir='ltr'><strong>cognovi</strong></span> <span class='ocrx_word' id='word_1_166' title='bbox 1596 2292 1728 2361; x_wconf 83' lang='lat' dir='ltr'><strong>quod</strong></span> <span class='ocrx_word' id='word_1_167' title='bbox 1750 2302 1802 2344; x_wconf 86' lang='lat' dir='ltr'><strong>tu</strong></span> <span class='ocrx_word' id='word_1_168' title='bbox 1827 2292 2003 2344; x_wconf 88' lang='lat' dir='ltr'><strong>timeas</strong></span> 
     </span>
    </p>
   </div>
   <div class='ocr_carea' id='block_1_23' title="bbox 447 2383 2002 2456">
    <p class='ocr_par' dir='ltr' id='par_1_23' title="bbox 447 2383 2002 2456">
     <span class='ocr_line' id='line_1_23' title="bbox 447 2383 2002 2456; baseline 0 -19"><span class='ocrx_word' id='word_1_169' title='bbox 447 2383 735 2451; x_wconf 82' lang='lat' dir='ltr'><strong>Dominum,</strong></span> <span class='ocrx_word' id='word_1_170' title='bbox 763 2386 996 2456; x_wconf 83' lang='lat' dir='ltr'><strong>quoniam</strong></span> <span class='ocrx_word' id='word_1_171' title='bbox 1016 2402 1116 2439; x_wconf 84' lang='lat' dir='ltr'><strong>non</strong></span> <span class='ocrx_word' id='word_1_172' title='bbox 1163 2385 1428 2455; x_wconf 77' lang='lat' dir='ltr'><strong>pepercisti</strong></span> <span class='ocrx_word' id='word_1_173' title='bbox 1454 2384 1704 2454; x_wconf 84' lang='lat' dir='ltr'><strong>unigenito</strong></span> <span class='ocrx_word' id='word_1_174' title='bbox 1756 2383 1864 2452; x_wconf 81' lang='lat' dir='ltr'><strong>ﬁlio</strong></span> <span class='ocrx_word' id='word_1_175' title='bbox 1914 2392 2002 2437; x_wconf 87' lang='lat' dir='ltr'><strong>tuo</strong></span> 
     </span>
    </p>
   </div>
   <div class='ocr_carea' id='block_1_24' title="bbox 440 2471 2002 2547">
    <p class='ocr_par' dir='ltr' id='par_1_24' title="bbox 440 2471 2002 2547">
     <span class='ocr_line' id='line_1_24' title="bbox 440 2471 2002 2547; baseline -0.002 -19"><span class='ocrx_word' id='word_1_176' title='bbox 440 2484 644 2546; x_wconf 87' lang='lat' dir='ltr'><strong>propter</strong></span> <span class='ocrx_word' id='word_1_177' title='bbox 668 2491 744 2530; x_wconf 83' lang='lat' dir='ltr'><strong>me</strong></span> <span class='ocrx_word' id='word_1_178' title='bbox 769 2475 930 2546; x_wconf 84' lang='lat' dir='ltr'><strong>(Gen.</strong></span> <span class='ocrx_word' id='word_1_179' title='bbox 953 2475 1041 2529; x_wconf 71' lang='lat'><strong>‘22.</strong></span> <span class='ocrx_word' id='word_1_180' title='bbox 1072 2475 1138 2530; x_wconf 75' lang='grc'><strong>12</strong></span> <span class='ocrx_word' id='word_1_181' title='bbox 1157 2476 1198 2547; x_wconf 92' lang='grc'><strong>).</strong></span> <span class='ocrx_word' id='word_1_182' title='bbox 1229 2474 1364 2543; x_wconf 86' lang='lat' dir='ltr'><strong>Quid</strong></span> <span class='ocrx_word' id='word_1_183' title='bbox 1402 2485 1579 2529; x_wconf 91' lang='lat' dir='ltr'><strong>autem</strong></span> <span class='ocrx_word' id='word_1_184' title='bbox 1605 2471 1743 2527; x_wconf 80' lang='lat' dir='ltr'><strong>hoc?</strong></span> <span class='ocrx_word' id='word_1_185' title='bbox 1771 2474 1885 2526; x_wconf 89' lang='lat' dir='ltr'><strong>isne</strong></span> <span class='ocrx_word' id='word_1_186' title='bbox 1911 2471 2002 2542; x_wconf 90' lang='lat' dir='ltr'><strong>qui</strong></span> 
     </span>
    </p>
   </div>
   <div class='ocr_carea' id='block_1_25' title="bbox 441 2563 2000 2637">
    <p class='ocr_par' dir='ltr' id='par_1_25' title="bbox 441 2563 2000 2637">
     <span class='ocr_line' id='line_1_25' title="bbox 441 2563 2000 2637; baseline -0.003 -17"><span class='ocrx_word' id='word_1_187' title='bbox 441 2568 617 2620; x_wconf 86' lang='lat' dir='ltr'><strong>omnia</strong></span> <span class='ocrx_word' id='word_1_188' title='bbox 644 2568 786 2621; x_wconf 90' lang='lat' dir='ltr'><strong>novit</strong></span> <span class='ocrx_word' id='word_1_189' title='bbox 812 2577 1092 2637; x_wconf 86' lang='lat' dir='ltr'><strong>antequam</strong></span> <span class='ocrx_word' id='word_1_190' title='bbox 1123 2567 1380 2632; x_wconf 85' lang='lat' dir='ltr'><strong>oriantur,</strong></span> <span class='ocrx_word' id='word_1_191' title='bbox 1410 2579 1550 2619; x_wconf 89' lang='lat' dir='ltr'><strong>nunc</strong></span> <span class='ocrx_word' id='word_1_192' title='bbox 1573 2563 1782 2618; x_wconf 91' lang='lat' dir='ltr'><strong>demum</strong></span> <span class='ocrx_word' id='word_1_193' title='bbox 1804 2576 2000 2632; x_wconf 81' lang='lat' dir='ltr'><strong>cogno-</strong></span> 
     </span>
    </p>
   </div>
   <div class='ocr_carea' id='block_1_26' title="bbox 442 2653 2004 2730">
    <p class='ocr_par' dir='ltr' id='par_1_26' title="bbox 442 2653 2004 2730">
     <span class='ocr_line' id='line_1_26' title="bbox 442 2653 2004 2730; baseline -0.003 -18"><span class='ocrx_word' id='word_1_194' title='bbox 442 2659 550 2712; x_wconf 78' lang='lat' dir='ltr'><strong>vit?</strong></span> <span class='ocrx_word' id='word_1_195' title='bbox 573 2661 727 2730; x_wconf 90' lang='lat' dir='ltr'><strong>Atqui</strong></span> <span class='ocrx_word' id='word_1_196' title='bbox 752 2660 1050 2714; x_wconf 90' lang='lat' dir='ltr'><strong>hominibus</strong></span> <span class='ocrx_word' id='word_1_197' title='bbox 1068 2673 1276 2730; x_wconf 89' lang='lat' dir='ltr'><strong>quoque</strong></span> <span class='ocrx_word' id='word_1_198' title='bbox 1298 2655 1688 2727; x_wconf 86' lang='lat' dir='ltr'><strong>perspectajam</strong></span> <span class='ocrx_word' id='word_1_199' title='bbox 1705 2665 1819 2710; x_wconf 87' lang='lat' dir='ltr'><strong>erat</strong></span> <span class='ocrx_word' id='word_1_200' title='bbox 1840 2653 2004 2724; x_wconf 88' lang='lat' dir='ltr'><strong>ipsius</strong></span> 
     </span>
    </p>
   </div>
   <div class='ocr_carea' id='block_1_27' title="bbox 443 2751 2002 2825">
    <p class='ocr_par' dir='ltr' id='par_1_27' title="bbox 443 2751 2002 2825">
     <span class='ocr_line' id='line_1_27' title="bbox 443 2751 2002 2825; baseline -0.004 -16"><span class='ocrx_word' id='word_1_201' title='bbox 443 2756 611 2825; x_wconf 88' lang='lat' dir='ltr'><strong>pietas</strong></span> <span class='ocrx_word' id='word_1_202' title='bbox 639 2773 652 2809; x_wconf 88' lang='lat'><strong>:</strong></span> <span class='ocrx_word' id='word_1_203' title='bbox 686 2765 760 2810; x_wconf 92' lang='lat' dir='ltr'><strong>tot</strong></span> <span class='ocrx_word' id='word_1_204' title='bbox 793 2771 905 2810; x_wconf 81' lang='lat' dir='ltr'><strong>suae</strong></span> <span class='ocrx_word' id='word_1_205' title='bbox 930 2770 1052 2825; x_wconf 89' lang='lat' dir='ltr'><strong>erga</strong></span> <span class='ocrx_word' id='word_1_206' title='bbox 1084 2755 1246 2808; x_wconf 90' lang='lat' dir='ltr'><strong>Deum</strong></span> <span class='ocrx_word' id='word_1_207' title='bbox 1275 2751 1662 2808; x_wconf 77' lang='lat' dir='ltr'><strong>benevolentia:</strong></span> <span class='ocrx_word' id='word_1_208' title='bbox 1691 2757 2002 2819; x_wconf 88' lang='lat' dir='ltr'><strong>argumenta</strong></span> 
     </span>
    </p>
   </div>
   <div class='ocr_carea' id='block_1_28' title="bbox 443 2839 2004 2912">
    <p class='ocr_par' dir='ltr' id='par_1_28' title="bbox 443 2839 2004 2912">
     <span class='ocr_line' id='line_1_28' title="bbox 443 2839 2004 2912; baseline -0.004 -12"><span class='ocrx_word' id='word_1_209' title='bbox 443 2846 688 2912; x_wconf 85' lang='lat' dir='ltr'><strong>dederat;</strong></span> <span class='ocrx_word' id='word_1_210' title='bbox 719 2862 838 2902; x_wconf 93' lang='lat' dir='ltr'><strong>cum</strong></span> <span class='ocrx_word' id='word_1_211' title='bbox 859 2847 998 2901; x_wconf 89' lang='lat' dir='ltr'><strong>Deus</strong></span> <span class='ocrx_word' id='word_1_212' title='bbox 1015 2844 1080 2901; x_wconf 91' lang='lat' dir='ltr'><strong>ad</strong></span> <span class='ocrx_word' id='word_1_213' title='bbox 1106 2860 1225 2900; x_wconf 90' lang='lat' dir='ltr'><strong>eum</strong></span> <span class='ocrx_word' id='word_1_214' title='bbox 1243 2843 1482 2908; x_wconf 86' lang='lat' dir='ltr'><strong>dixisset,</strong></span> <span class='ocrx_word' id='word_1_215' title='bbox 1511 2841 1761 2912; x_wconf 78' lang='lat' dir='ltr'><strong>Egredere</strong></span> <span class='ocrx_word' id='word_1_216' title='bbox 1783 2839 1846 2895; x_wconf 85' lang='lat' dir='ltr'><strong>de</strong></span> <span class='ocrx_word' id='word_1_217' title='bbox 1871 2850 2004 2894; x_wconf 87' lang='lat' dir='ltr'><strong>terra</strong></span> 
     </span>
    </p>
   </div>
   <div class='ocr_carea' id='block_1_29' title="bbox 444 2932 2002 3008">
    <p class='ocr_par' dir='ltr' id='par_1_29' title="bbox 444 2932 2002 3008">
     <span class='ocr_line' id='line_1_29' title="bbox 444 2932 2002 3008; baseline -0.002 -19"><span class='ocrx_word' id='word_1_218' title='bbox 444 2945 551 3003; x_wconf 88' lang='lat' dir='ltr'><strong>tua,</strong></span> <span class='ocrx_word' id='word_1_219' title='bbox 582 2948 627 2990; x_wconf 90' lang='lat' dir='ltr'><strong>et</strong></span> <span class='ocrx_word' id='word_1_220' title='bbox 647 2938 708 2991; x_wconf 89' lang='lat' dir='ltr'><strong>de</strong></span> <span class='ocrx_word' id='word_1_221' title='bbox 730 2938 1025 3008; x_wconf 83' lang='lat' dir='ltr'><strong>cognatione</strong></span> <span class='ocrx_word' id='word_1_222' title='bbox 1049 2947 1137 2990; x_wconf 86' lang='lat' dir='ltr'><strong>tua</strong></span> <span class='ocrx_word' id='word_1_223' title='bbox 1158 2935 1320 3008; x_wconf 80' lang='lat' dir='ltr'><strong>(Gen.</strong></span> <span class='ocrx_word' id='word_1_224' title='bbox 1354 2934 1440 2990; x_wconf 75' lang='grc'><strong>12.</strong></span> <span class='ocrx_word' id='word_1_225' title='bbox 1465 2935 1488 2988; x_wconf 90' lang='grc'><strong>1</strong></span> <span class='ocrx_word' id='word_1_226' title='bbox 1513 2934 1532 3003; x_wconf 92' lang='grc'>)</span> <span class='ocrx_word' id='word_1_227' title='bbox 1562 2951 1574 2987; x_wconf 88' lang='lat'>:</span> <span class='ocrx_word' id='word_1_228' title='bbox 1597 2948 1714 2988; x_wconf 90' lang='lat' dir='ltr'><strong>cum</strong></span> <span class='ocrx_word' id='word_1_229' title='bbox 1737 2932 1804 2987; x_wconf 89' lang='lat' dir='ltr'><strong>ob</strong></span> <span class='ocrx_word' id='word_1_230' title='bbox 1830 2933 2002 3002; x_wconf 85' lang='lat' dir='ltr'><strong>ipsum</strong></span> 
     </span>
    </p>
   </div>
   <div class='ocr_carea' id='block_1_30' title="bbox 443 3021 2006 3098">
    <p class='ocr_par' dir='ltr' id='par_1_30' title="bbox 443 3021 2006 3098">
     <span class='ocr_line' id='line_1_30' title="bbox 443 3021 2006 3098; baseline -0.003 -17"><span class='ocrx_word' id='word_1_231' title='bbox 443 3023 601 3097; x_wconf 83' lang='lat' dir='ltr'><strong>atque</strong></span> <span class='ocrx_word' id='word_1_232' title='bbox 628 3029 842 3082; x_wconf 87' lang='lat' dir='ltr'><strong>honoris</strong></span> <span class='ocrx_word' id='word_1_233' title='bbox 873 3027 1036 3098; x_wconf 91' lang='lat' dir='ltr'><strong>ipsius</strong></span> <span class='ocrx_word' id='word_1_234' title='bbox 1060 3039 1217 3080; x_wconf 90' lang='lat' dir='ltr'><strong>causa</strong></span> <span class='ocrx_word' id='word_1_235' title='bbox 1239 3024 1417 3094; x_wconf 88' lang='lat' dir='ltr'><strong>nepoti</strong></span> <span class='ocrx_word' id='word_1_236' title='bbox 1441 3038 1538 3077; x_wconf 90' lang='lat' dir='ltr'><strong>suo</strong></span> <span class='ocrx_word' id='word_1_237' title='bbox 1559 3024 1789 3095; x_wconf 89' lang='lat' dir='ltr'><strong>primatu</strong></span> <span class='ocrx_word' id='word_1_238' title='bbox 1813 3021 2006 3076; x_wconf 91' lang='lat' dir='ltr'><strong>cessis-</strong></span> 
     </span>
    </p>
   </div>
   <div class='ocr_carea' id='block_1_31' title="bbox 445 3113 1998 3185">
    <p class='ocr_par' dir='ltr' id='par_1_31' title="bbox 445 3113 1998 3185">
     <span class='ocr_line' id='line_1_31' title="bbox 445 3113 1998 3185; baseline -0.003 -15"><span class='ocrx_word' id='word_1_239' title='bbox 445 3127 525 3171; x_wconf 88' lang='lat' dir='ltr'><strong>set</strong></span> <span class='ocrx_word' id='word_1_240' title='bbox 557 3136 570 3171; x_wconf 91' lang='lat'><strong>:</strong></span> <span class='ocrx_word' id='word_1_241' title='bbox 598 3133 718 3171; x_wconf 90' lang='lat' dir='ltr'><strong>cum</strong></span> <span class='ocrx_word' id='word_1_242' title='bbox 749 3133 868 3172; x_wconf 90' lang='lat' dir='ltr'><strong>eum</strong></span> <span class='ocrx_word' id='word_1_243' title='bbox 899 3133 929 3172; x_wconf 92' lang='lat' dir='ltr'><strong>e</strong></span> <span class='ocrx_word' id='word_1_244' title='bbox 959 3127 1033 3171; x_wconf 92' lang='lat' dir='ltr'><strong>tot</strong></span> <span class='ocrx_word' id='word_1_245' title='bbox 1068 3115 1334 3185; x_wconf 90' lang='lat' dir='ltr'><strong>tantisque</strong></span> <span class='ocrx_word' id='word_1_246' title='bbox 1363 3114 1610 3185; x_wconf 89' lang='lat' dir='ltr'><strong>periculis</strong></span> <span class='ocrx_word' id='word_1_247' title='bbox 1639 3113 1956 3167; x_wconf 83' lang='lat' dir='ltr'><strong>extraxisset</strong></span> <span class='ocrx_word' id='word_1_248' title='bbox 1984 3129 1998 3165; x_wconf 87' lang='lat'><strong>:</strong></span> 
     </span>
    </p>
   </div>
   <div class='ocr_carea' id='block_1_32' title="bbox 443 3204 2004 3281">
    <p class='ocr_par' dir='ltr' id='par_1_32' title="bbox 443 3204 2004 3281">
     <span class='ocr_line' id='line_1_32' title="bbox 443 3204 2004 3281; baseline -0.003 -18"><span class='ocrx_word' id='word_1_249' title='bbox 443 3223 563 3263; x_wconf 90' lang='lat' dir='ltr'><strong>cum</strong></span> <span class='ocrx_word' id='word_1_250' title='bbox 585 3209 636 3264; x_wconf 90' lang='lat' dir='ltr'><strong>in</strong></span> <span class='ocrx_word' id='word_1_251' title='bbox 665 3207 949 3281; x_wconf 63' lang='lat' dir='ltr'><strong>Egyptum</strong></span> <span class='ocrx_word' id='word_1_252' title='bbox 979 3209 1143 3280; x_wconf 89' lang='lat' dir='ltr'><strong>ipsius</strong></span> <span class='ocrx_word' id='word_1_253' title='bbox 1155 3208 1305 3278; x_wconf 86' lang='lat' dir='ltr'><strong>jussu</strong></span> <span class='ocrx_word' id='word_1_254' title='bbox 1329 3205 1594 3277; x_wconf 85' lang='lat' dir='ltr'><strong>profectus</strong></span> <span class='ocrx_word' id='word_1_255' title='bbox 1616 3204 1818 3270; x_wconf 82' lang='lat' dir='ltr'><strong>fuisset,</strong></span> <span class='ocrx_word' id='word_1_256' title='bbox 1845 3212 2004 3274; x_wconf 89' lang='lat' dir='ltr'><strong>atque</strong></span> 
     </span>
    </p>
   </div>
   <div class='ocr_carea' id='block_1_33' title="bbox 446 3294 2001 3370">
    <p class='ocr_par' dir='ltr' id='par_1_33' title="bbox 446 3294 2001 3370">
     <span class='ocr_line' id='line_1_33' title="bbox 446 3294 2001 3370; baseline -0.003 -17"><span class='ocrx_word' id='word_1_257' title='bbox 446 3316 609 3354; x_wconf 85' lang='lat' dir='ltr'><strong>uxore</strong></span> <span class='ocrx_word' id='word_1_258' title='bbox 635 3300 733 3355; x_wconf 91' lang='lat' dir='ltr'><strong>sibi</strong></span> <span class='ocrx_word' id='word_1_259' title='bbox 762 3301 1007 3370; x_wconf 89' lang='lat' dir='ltr'><strong>adempta</strong></span> <span class='ocrx_word' id='word_1_260' title='bbox 1035 3315 1139 3354; x_wconf 90' lang='lat' dir='ltr'><strong>non</strong></span> <span class='ocrx_word' id='word_1_261' title='bbox 1187 3298 1600 3369; x_wconf 86' lang='lat' dir='ltr'><strong>indignationem</strong></span> <span class='ocrx_word' id='word_1_262' title='bbox 1631 3294 2001 3365; x_wconf 82' lang='lat' dir='ltr'><strong>concepisset,</strong></span> 
     </span>
    </p>
   </div>
   <div class='ocr_carea' id='block_1_34' title="bbox 445 3386 2001 3461">
    <p class='ocr_par' dir='ltr' id='par_1_34' title="bbox 445 3386 2001 3461">
     <span class='ocr_line' id='line_1_34' title="bbox 445 3386 2001 3461; baseline -0.003 -17"><span class='ocrx_word' id='word_1_263' title='bbox 445 3391 651 3461; x_wconf 87' lang='lat' dir='ltr'><strong>aliaque</strong></span> <span class='ocrx_word' id='word_1_264' title='bbox 677 3391 835 3445; x_wconf 87' lang='lat' dir='ltr'><strong>multa</strong></span> <span class='ocrx_word' id='word_1_265' title='bbox 863 3393 1091 3445; x_wconf 88' lang='lat' dir='ltr'><strong>fecisset.</strong></span> <span class='ocrx_word' id='word_1_266' title='bbox 1125 3390 1325 3458; x_wconf 83' lang='lat' dir='ltr'><strong>Quibus</strong></span> <span class='ocrx_word' id='word_1_267' title='bbox 1352 3404 1415 3444; x_wconf 90' lang='lat' dir='ltr'><strong>ex</strong></span> <span class='ocrx_word' id='word_1_268' title='bbox 1442 3389 1600 3442; x_wconf 90' lang='lat' dir='ltr'><strong>rebus</strong></span> <span class='ocrx_word' id='word_1_269' title='bbox 1626 3386 1786 3441; x_wconf 85' lang='lat' dir='ltr'><strong>homo</strong></span> <span class='ocrx_word' id='word_1_270' title='bbox 1821 3388 2001 3454; x_wconf 90' lang='lat' dir='ltr'><strong>etiam,</strong></span> 
     </span>
    </p>
   </div>
   <div class='ocr_carea' id='block_1_35' title="bbox 446 3479 2004 3552">
    <p class='ocr_par' dir='ltr' id='par_1_35' title="bbox 446 3479 2004 3552">
     <span class='ocr_line' id='line_1_35' title="bbox 446 3479 2004 3552; baseline -0.002 -16"><span class='ocrx_word' id='word_1_271' title='bbox 446 3492 506 3536; x_wconf 90' lang='lat' dir='ltr'><strong>ut</strong></span> <span class='ocrx_word' id='word_1_272' title='bbox 539 3483 644 3551; x_wconf 87' lang='lat' dir='ltr'><strong>jam</strong></span> <span class='ocrx_word' id='word_1_273' title='bbox 690 3482 817 3548; x_wconf 81' lang='lat' dir='ltr'><strong>dixi,</strong></span> <span class='ocrx_word' id='word_1_274' title='bbox 849 3482 1098 3552; x_wconf 87' lang='lat' dir='ltr'><strong>pietatem</strong></span> <span class='ocrx_word' id='word_1_275' title='bbox 1126 3481 1288 3551; x_wconf 92' lang='lat' dir='ltr'><strong>ipsius</strong></span> <span class='ocrx_word' id='word_1_276' title='bbox 1314 3488 1637 3550; x_wconf 87' lang='lat' dir='ltr'><strong>compertam</strong></span> <span class='ocrx_word' id='word_1_277' title='bbox 1687 3479 1880 3534; x_wconf 89' lang='lat' dir='ltr'><strong>habere</strong></span> <span class='ocrx_word' id='word_1_278' title='bbox 1910 3493 2004 3549; x_wconf 86' lang='lat' dir='ltr'><strong>po-</strong></span> 
     </span>
    </p>
   </div>
   <div class='ocr_carea' id='block_1_36' title="bbox 446 3570 2004 3644">
    <p class='ocr_par' dir='ltr' id='par_1_36' title="bbox 446 3570 2004 3644">
     <span class='ocr_line' id='line_1_36' title="bbox 446 3570 2004 3644; baseline -0.003 -15"><span class='ocrx_word' id='word_1_279' title='bbox 446 3577 662 3640; x_wconf 89' lang='lat' dir='ltr'><strong>tuisset,</strong></span> <span class='ocrx_word' id='word_1_280' title='bbox 692 3575 884 3631; x_wconf 90' lang='lat' dir='ltr'><strong>nedum</strong></span> <span class='ocrx_word' id='word_1_281' title='bbox 911 3574 1050 3629; x_wconf 91' lang='lat' dir='ltr'><strong>Deus</strong></span> <span class='ocrx_word' id='word_1_282' title='bbox 1073 3615 1089 3642; x_wconf 93' lang='lat'><strong>,</strong></span> <span class='ocrx_word' id='word_1_283' title='bbox 1121 3573 1210 3644; x_wconf 89' lang='lat' dir='ltr'><strong>qui</strong></span> <span class='ocrx_word' id='word_1_284' title='bbox 1232 3588 1335 3627; x_wconf 93' lang='lat' dir='ltr'><strong>non</strong></span> <span class='ocrx_word' id='word_1_285' title='bbox 1357 3579 1634 3642; x_wconf 76' lang='lat' dir='ltr'><strong>exspectat</strong></span> <span class='ocrx_word' id='word_1_286' title='bbox 1661 3580 1716 3625; x_wconf 92' lang='lat' dir='ltr'><strong>ut</strong></span> <span class='ocrx_word' id='word_1_287' title='bbox 1741 3587 1834 3641; x_wconf 89' lang='lat' dir='ltr'><strong>per</strong></span> <span class='ocrx_word' id='word_1_288' title='bbox 1863 3570 2004 3640; x_wconf 74' lang='lat' dir='ltr'><strong>ipsas</strong></span> 
     </span>
    </p>
   </div>
   <div class='ocr_carea' id='block_1_37' title="bbox 443 3661 2001 3732">
    <p class='ocr_par' dir='ltr' id='par_1_37' title="bbox 443 3661 2001 3732">
     <span class='ocr_line' id='line_1_37' title="bbox 443 3661 2001 3732; baseline -0.004 -10"><span class='ocrx_word' id='word_1_289' title='bbox 443 3681 534 3722; x_wconf 87' lang='lat' dir='ltr'><strong>res</strong></span> <span class='ocrx_word' id='word_1_290' title='bbox 562 3666 718 3720; x_wconf 85' lang='lat' dir='ltr'><strong>linem</strong></span> <span class='ocrx_word' id='word_1_291' title='bbox 742 3675 942 3721; x_wconf 88' lang='lat' dir='ltr'><strong>noscat.</strong></span> <span class='ocrx_word' id='word_1_292' title='bbox 981 3665 1222 3732; x_wconf 88' lang='lat' dir='ltr'><strong>Quonam</strong></span> <span class='ocrx_word' id='word_1_293' title='bbox 1243 3673 1418 3719; x_wconf 87' lang='lat' dir='ltr'><strong>autem</strong></span> <span class='ocrx_word' id='word_1_294' title='bbox 1445 3662 1604 3717; x_wconf 93' lang='lat' dir='ltr'><strong>modo</strong></span> <span class='ocrx_word' id='word_1_295' title='bbox 1630 3662 1777 3716; x_wconf 89' lang='lat' dir='ltr'><strong>illum</strong></span> <span class='ocrx_word' id='word_1_296' title='bbox 1799 3661 2001 3732; x_wconf 88' lang='lat' dir='ltr'><strong>justum</strong></span> 
     </span>
    </p>
   </div>
   <div class='ocr_carea' id='block_1_38' title="bbox 445 3753 2000 3828">
    <p class='ocr_par' dir='ltr' id='par_1_38' title="bbox 445 3753 2000 3828">
     <span class='ocr_line' id='line_1_38' title="bbox 445 3753 2000 3828; baseline -0.005 -16"><span class='ocrx_word' id='word_1_297' title='bbox 445 3758 872 3828; x_wconf 88' lang='lat' dir='ltr'><strong>pronuntiasset,</strong></span> <span class='ocrx_word' id='word_1_298' title='bbox 899 3758 943 3810; x_wconf 89' lang='lat' dir='ltr'><strong>si</strong></span> <span class='ocrx_word' id='word_1_299' title='bbox 972 3758 1141 3826; x_wconf 89' lang='lat' dir='ltr'><strong>ipsum</strong></span> <span class='ocrx_word' id='word_1_300' title='bbox 1181 3753 1515 3827; x_wconf 78' lang='lat' dir='ltr'><strong>ignorasset?</strong></span> <span class='ocrx_word' id='word_1_301' title='bbox 1565 3753 1786 3808; x_wconf 84' lang='lat' dir='ltr'><strong>Credidit</strong></span> <span class='ocrx_word' id='word_1_302' title='bbox 1823 3754 2000 3822; x_wconf 89' lang='lat' dir='ltr'><strong>enim,</strong></span> 
     </span>
    </p>
   </div>
   <div class='ocr_carea' id='block_1_39' title="bbox 443 3845 2002 3994">
    <p class='ocr_par' dir='ltr' id='par_1_39' title="bbox 443 3845 2002 3994">
     <span class='ocr_line' id='line_1_39' title="bbox 443 3845 2002 3994; baseline -0.004 -90"><span class='ocrx_word' id='word_1_303' title='bbox 443 3849 982 3994; x_wconf 47' lang='lat' dir='ltr'><strong>Engoit,4Alg1;ham,</strong></span> <span class='ocrx_word' id='word_1_304' title='bbox 1024 3856 1069 3902; x_wconf 87' lang='lat' dir='ltr'><strong>et</strong></span> <span class='ocrx_word' id='word_1_305' title='bbox 1120 3856 1405 3918; x_wconf 86' lang='lat' dir='ltr'><strong>reputatum</strong></span> <span class='ocrx_word' id='word_1_306' title='bbox 1449 3855 1521 3899; x_wconf 85' lang='lat' dir='ltr'><strong>est</strong></span> <span class='ocrx_word' id='word_1_307' title='bbox 1545 3845 1642 3915; x_wconf 88' lang='lat' dir='ltr'><strong>ipsi</strong></span> <span class='ocrx_word' id='word_1_308' title='bbox 1669 3845 1737 3898; x_wconf 90' lang='lat' dir='ltr'><strong>ad</strong></span> <span class='ocrx_word' id='word_1_309' title='bbox 1750 3845 2002 3915; x_wconf 82' lang='lat' dir='ltr'><strong>justitiam</strong></span> 
     </span>
     <span class='ocr_line' id='line_1_40' title="bbox 537 3938 849 3975; baseline 0.003 -1"><span class='ocrx_word' id='word_1_310' title='bbox 537 3938 636 3974; x_wconf 90' lang='lat' dir='ltr'><strong>om.</strong></span> <span class='ocrx_word' id='word_1_311' title='bbox 697 3959 711 3972; x_wconf 93' lang='lat'><strong>.</strong></span> <span class='ocrx_word' id='word_1_312' title='bbox 835 3959 849 3975; x_wconf 93' lang='lat'><strong>.</strong></span> 
     </span>
    </p>
   </div>
   <div class='ocr_carea' id='block_1_40' title="bbox 537 3938 849 3975">
    <p class='ocr_par' dir='ltr' id='par_1_40' title="bbox 537 3938 849 3975">
     <span class='ocr_line' id='line_1_41' title="bbox 537 3938 849 3975; baseline 0.003 -1"><span class='ocrx_word' id='word_1_313' title='bbox 537 3938 636 3974; x_wconf 90' lang='lat' dir='ltr'><strong>om.</strong></span> <span class='ocrx_word' id='word_1_314' title='bbox 658 3938 711 3975; x_wconf 75' lang='grc'><strong>4.</strong></span> <span class='ocrx_word' id='word_1_315' title='bbox 758 3938 791 3974; x_wconf 79' lang='lat'><strong>0</strong></span> <span class='ocrx_word' id='word_1_316' title='bbox 813 3938 849 3975; x_wconf 74' lang='grc'><strong>1.</strong></span> 
     </span>
    </p>
   </div>
   <div class='ocr_carea' id='block_1_41' title="bbox 515 4008 2001 4083">
    <p class='ocr_par' dir='ltr' id='par_1_41' title="bbox 515 4008 2001 4083">
     <span class='ocr_line' id='line_1_42' title="bbox 515 4008 2001 4083; baseline -0.003 -16"><span class='ocrx_word' id='word_1_317' title='bbox 515 4013 570 4068; x_wconf 88' lang='grc'><strong>6.</strong></span> <span class='ocrx_word' id='word_1_318' title='bbox 601 4012 734 4082; x_wconf 87' lang='lat' dir='ltr'><strong>Quid</strong></span> <span class='ocrx_word' id='word_1_319' title='bbox 764 4013 919 4083; x_wconf 88' lang='lat' dir='ltr'><strong>igitur</strong></span> <span class='ocrx_word' id='word_1_320' title='bbox 943 4020 1025 4066; x_wconf 89' lang='lat' dir='ltr'><strong>est</strong></span> <span class='ocrx_word' id='word_1_321' title='bbox 1060 4010 1220 4076; x_wconf 90' lang='lat' dir='ltr'><strong>istud,</strong></span> <span class='ocrx_word' id='word_1_322' title='bbox 1243 4008 1395 4064; x_wconf 83' lang='lat' dir='ltr'><strong>Nunc</strong></span> <span class='ocrx_word' id='word_1_323' title='bbox 1423 4011 1664 4081; x_wconf 71' lang='lat' dir='ltr'><strong>cognovi?</strong></span> <span class='ocrx_word' id='word_1_324' title='bbox 1691 4009 1854 4081; x_wconf 81' lang='lat' dir='ltr'><strong>Syrus</strong></span> <span class='ocrx_word' id='word_1_325' title='bbox 1878 4009 2001 4078; x_wconf 87' lang='lat' dir='ltr'><strong>qui-</strong></span> 
     </span>
    </p>
   </div>
   <div class='ocr_carea' id='block_1_42' title="bbox 442 4099 1998 4169">
    <p class='ocr_par' dir='ltr' id='par_1_42' title="bbox 442 4099 1998 4169">
     <span class='ocr_line' id='line_1_43' title="bbox 442 4099 1998 4169; baseline -0.004 -10"><span class='ocrx_word' id='word_1_326' title='bbox 442 4105 568 4159; x_wconf 87' lang='lat' dir='ltr'><strong>dem</strong></span> <span class='ocrx_word' id='word_1_327' title='bbox 599 4105 675 4158; x_wconf 89' lang='lat' dir='ltr'><strong>sic</strong></span> <span class='ocrx_word' id='word_1_328' title='bbox 703 4103 880 4169; x_wconf 86' lang='lat' dir='ltr'><strong>habet,</strong></span> <span class='ocrx_word' id='word_1_329' title='bbox 909 4101 1061 4157; x_wconf 82' lang='lat' dir='ltr'><strong>Nunc</strong></span> <span class='ocrx_word' id='word_1_330' title='bbox 1088 4103 1375 4168; x_wconf 88' lang='lat' dir='ltr'><strong>declarasti,</strong></span> <span class='ocrx_word' id='word_1_331' title='bbox 1398 4099 1643 4166; x_wconf 86' lang='lat' dir='ltr'><strong>subaudi,</strong></span> <span class='ocrx_word' id='word_1_332' title='bbox 1675 4099 1998 4154; x_wconf 87' lang='lat' dir='ltr'><strong>hominibus.</strong></span> 
     </span>
    </p>
   </div>
   <div class='ocr_carea' id='block_1_43' title="bbox 441 4193 1998 4268">
    <p class='ocr_par' dir='ltr' id='par_1_43' title="bbox 441 4193 1998 4268">
     <span class='ocr_line' id='line_1_44' title="bbox 441 4193 1998 4268; baseline -0.003 -16"><span class='ocrx_word' id='word_1_333' title='bbox 441 4196 579 4252; x_wconf 78' lang='lat' dir='ltr'><strong>Nam</strong></span> <span class='ocrx_word' id='word_1_334' title='bbox 601 4197 709 4266; x_wconf 86' lang='lat' dir='ltr'><strong>ipse</strong></span> <span class='ocrx_word' id='word_1_335' title='bbox 724 4194 1040 4268; x_wconf 85' lang='lat' dir='ltr'><strong>jampridem</strong></span> <span class='ocrx_word' id='word_1_336' title='bbox 1057 4206 1216 4266; x_wconf 88' lang='lat' dir='ltr'><strong>atque</strong></span> <span class='ocrx_word' id='word_1_337' title='bbox 1231 4204 1353 4251; x_wconf 89' lang='lat' dir='ltr'><strong>ante</strong></span> <span class='ocrx_word' id='word_1_338' title='bbox 1371 4194 1546 4249; x_wconf 88' lang='lat' dir='ltr'><strong>omnia</strong></span> <span class='ocrx_word' id='word_1_339' title='bbox 1561 4195 1704 4263; x_wconf 87' lang='lat' dir='ltr'><strong>jussa</strong></span> <span class='ocrx_word' id='word_1_340' title='bbox 1724 4193 1774 4248; x_wconf 91' lang='lat' dir='ltr'><strong>id</strong></span> <span class='ocrx_word' id='word_1_341' title='bbox 1793 4207 1998 4248; x_wconf 88' lang='lat' dir='ltr'><strong>noram.</strong></span> 
     </span>
    </p>
   </div>
   <div class='ocr_carea' id='block_1_44' title="bbox 441 4283 2002 4358">
    <p class='ocr_par' dir='ltr' id='par_1_44' title="bbox 441 4283 2002 4358">
     <span class='ocr_line' id='line_1_45' title="bbox 441 4283 2002 4358; baseline -0.003 -16"><span class='ocrx_word' id='word_1_342' title='bbox 441 4288 554 4342; x_wconf 87' lang='lat' dir='ltr'><strong>Cur</strong></span> <span class='ocrx_word' id='word_1_343' title='bbox 567 4297 741 4343; x_wconf 80' lang='lat' dir='ltr'><strong>autem</strong></span> <span class='ocrx_word' id='word_1_344' title='bbox 762 4304 894 4342; x_wconf 83' lang='lat' dir='ltr'><strong>nunc</strong></span> <span class='ocrx_word' id='word_1_345' title='bbox 911 4302 1121 4358; x_wconf 85' lang='lat' dir='ltr'><strong>quoque</strong></span> <span class='ocrx_word' id='word_1_346' title='bbox 1143 4285 1478 4341; x_wconf 81' lang='lat' dir='ltr'><strong>hominibus?</strong></span> <span class='ocrx_word' id='word_1_347' title='bbox 1498 4299 1671 4338; x_wconf 88' lang='lat' dir='ltr'><strong>annon</strong></span> <span class='ocrx_word' id='word_1_348' title='bbox 1701 4284 1788 4338; x_wconf 91' lang='lat' dir='ltr'><strong>illa</strong></span> <span class='ocrx_word' id='word_1_349' title='bbox 1814 4283 1879 4338; x_wconf 90' lang='lat' dir='ltr'><strong>ad</strong></span> <span class='ocrx_word' id='word_1_350' title='bbox 1909 4284 2002 4338; x_wconf 86' lang='lat' dir='ltr'><strong>de-</strong></span> 
     </span>
    </p>
   </div>
   <div class='ocr_carea' id='block_1_45' title="bbox 440 4375 2002 4449">
    <p class='ocr_par' dir='ltr' id='par_1_45' title="bbox 440 4375 2002 4449">
     <span class='ocr_line' id='line_1_46' title="bbox 440 4375 2002 4449; baseline -0.002 -14"><span class='ocrx_word' id='word_1_351' title='bbox 440 4379 744 4435; x_wconf 87' lang='lat' dir='ltr'><strong>clarandam</strong></span> <span class='ocrx_word' id='word_1_352' title='bbox 775 4379 940 4449; x_wconf 83' lang='lat' dir='ltr'><strong>ipsius</strong></span> <span class='ocrx_word' id='word_1_353' title='bbox 965 4394 1088 4449; x_wconf 85' lang='lat' dir='ltr'><strong>erga</strong></span> <span class='ocrx_word' id='word_1_354' title='bbox 1121 4380 1283 4434; x_wconf 87' lang='lat' dir='ltr'><strong>Deum</strong></span> <span class='ocrx_word' id='word_1_355' title='bbox 1323 4377 1742 4433; x_wconf 88' lang='lat' dir='ltr'><strong>benevolentiam</strong></span> <span class='ocrx_word' id='word_1_356' title='bbox 1772 4375 2002 4433; x_wconf 83' lang='lat' dir='ltr'><strong>sufﬁcie-</strong></span> 
     </span>
    </p>
   </div>
   <div class='ocr_carea' id='block_1_46' title="bbox 440 4468 2000 4534">
    <p class='ocr_par' dir='ltr' id='par_1_46' title="bbox 440 4468 2000 4534">
     <span class='ocr_line' id='line_1_47' title="bbox 440 4468 2000 4534; baseline -0.002 -7"><span class='ocrx_word' id='word_1_357' title='bbox 440 4473 603 4527; x_wconf 83' lang='lat' dir='ltr'><strong>bant?</strong></span> <span class='ocrx_word' id='word_1_358' title='bbox 629 4471 969 4527; x_wconf 89' lang='lat' dir='ltr'><strong>Sufﬁciehant</strong></span> <span class='ocrx_word' id='word_1_359' title='bbox 996 4484 1157 4534; x_wconf 86' lang='lat' dir='ltr'><strong>sane;</strong></span> <span class='ocrx_word' id='word_1_360' title='bbox 1187 4484 1372 4525; x_wconf 90' lang='lat' dir='ltr'><strong>verum</strong></span> <span class='ocrx_word' id='word_1_361' title='bbox 1399 4468 1500 4524; x_wconf 91' lang='lat' dir='ltr'><strong>hoc</strong></span> <span class='ocrx_word' id='word_1_362' title='bbox 1527 4477 1671 4522; x_wconf 90' lang='lat' dir='ltr'><strong>tanto</strong></span> <span class='ocrx_word' id='word_1_363' title='bbox 1709 4469 1795 4522; x_wconf 88' lang='lat' dir='ltr'><strong>illa</strong></span> <span class='ocrx_word' id='word_1_364' title='bbox 1823 4469 2000 4524; x_wconf 88' lang='lat' dir='ltr'><strong>omnia</strong></span> 
     </span>
    </p>
   </div>
   <div class='ocr_carea' id='block_1_47' title="bbox 441 4559 1998 4634">
    <p class='ocr_par' dir='ltr' id='par_1_47' title="bbox 441 4559 1998 4634">
     <span class='ocr_line' id='line_1_48' title="bbox 441 4559 1998 4634; baseline -0.002 -16"><span class='ocrx_word' id='word_1_365' title='bbox 441 4563 730 4629; x_wconf 81' lang='lat' dir='ltr'><strong>antecellit,</strong></span> <span class='ocrx_word' id='word_1_366' title='bbox 748 4574 802 4618; x_wconf 92' lang='lat' dir='ltr'><strong>ut</strong></span> <span class='ocrx_word' id='word_1_367' title='bbox 826 4577 934 4634; x_wconf 68' lang='lat' dir='ltr'><strong>prae</strong></span> <span class='ocrx_word' id='word_1_368' title='bbox 956 4576 1022 4618; x_wconf 88' lang='lat' dir='ltr'><strong>eo</strong></span> <span class='ocrx_word' id='word_1_369' title='bbox 1046 4561 1176 4616; x_wconf 83' lang='lat' dir='ltr'><strong>nihil</strong></span> <span class='ocrx_word' id='word_1_370' title='bbox 1200 4576 1416 4632; x_wconf 86' lang='lat' dir='ltr'><strong>prorsus</strong></span> <span class='ocrx_word' id='word_1_371' title='bbox 1438 4559 1525 4615; x_wconf 88' lang='lat' dir='ltr'><strong>illa</strong></span> <span class='ocrx_word' id='word_1_372' title='bbox 1556 4575 1675 4615; x_wconf 88' lang='lat' dir='ltr'><strong>esse</strong></span> <span class='ocrx_word' id='word_1_373' title='bbox 1703 4561 1998 4616; x_wconf 81' lang='lat' dir='ltr'><strong>videantur.</strong></span> 
     </span>
    </p>
   </div>
   <div class='ocr_carea' id='block_1_48' title="bbox 440 4655 1998 4728">
    <p class='ocr_par' dir='ltr' id='par_1_48' title="bbox 440 4655 1998 4728">
     <span class='ocr_line' id='line_1_49' title="bbox 440 4655 1998 4728; baseline -0.001 -18"><span class='ocrx_word' id='word_1_374' title='bbox 440 4657 817 4724; x_wconf 84' lang='lat' dir='ltr'><strong>Quamobrem,</strong></span> <span class='ocrx_word' id='word_1_375' title='bbox 849 4667 906 4712; x_wconf 92' lang='lat' dir='ltr'><strong>nt</strong></span> <span class='ocrx_word' id='word_1_376' title='bbox 935 4657 1245 4728; x_wconf 66' lang='lat' dir='ltr'><strong>praeclarum</strong></span> <span class='ocrx_word' id='word_1_377' title='bbox 1287 4656 1386 4711; x_wconf 89' lang='lat' dir='ltr'><strong>hoc</strong></span> <span class='ocrx_word' id='word_1_378' title='bbox 1405 4655 1608 4711; x_wconf 81' lang='lat' dir='ltr'><strong>facinus</strong></span> <span class='ocrx_word' id='word_1_379' title='bbox 1631 4655 1998 4725; x_wconf 87' lang='lat' dir='ltr'><strong>amplificaret,</strong></span> 
     </span>
    </p>
   </div>
   <div class='ocr_carea' id='block_1_49' title="bbox 439 4747 2000 4820">
    <p class='ocr_par' dir='ltr' id='par_1_49' title="bbox 439 4747 2000 4820">
     <span class='ocr_line' id='line_1_50' title="bbox 439 4747 2000 4820; baseline 0.001 -18"><span class='ocrx_word' id='word_1_380' title='bbox 439 4759 599 4818; x_wconf 89' lang='lat' dir='ltr'><strong>atque</strong></span> <span class='ocrx_word' id='word_1_381' title='bbox 619 4749 1091 4819; x_wconf 88' lang='lat' dir='ltr'><strong>reliquisomnibus</strong></span> <span class='ocrx_word' id='word_1_382' title='bbox 1102 4749 1438 4820; x_wconf 63' lang='lat' dir='ltr'><strong>praestantius</strong></span> <span class='ocrx_word' id='word_1_383' title='bbox 1448 4762 1566 4803; x_wconf 87' lang='lat' dir='ltr'><strong>esse</strong></span> <span class='ocrx_word' id='word_1_384' title='bbox 1581 4747 1903 4815; x_wconf 88' lang='lat' dir='ltr'><strong>ostenderet,</strong></span> <span class='ocrx_word' id='word_1_385' title='bbox 1917 4747 2000 4803; x_wconf 91' lang='lat' dir='ltr'><strong>his</strong></span> 
     </span>
    </p>
   </div>
   <div class='ocr_carea' id='block_1_50' title="bbox 437 4839 1999 4897">
    <p class='ocr_par' dir='ltr' id='par_1_50' title="bbox 437 4839 1999 4897">
     <span class='ocr_line' id='line_1_51' title="bbox 437 4839 1999 4897; baseline 0 -3"><span class='ocrx_word' id='word_1_386' title='bbox 437 4842 617 4897; x_wconf 86' lang='lat' dir='ltr'><strong>verbis</strong></span> <span class='ocrx_word' id='word_1_387' title='bbox 634 4855 760 4896; x_wconf 88' lang='lat' dir='ltr'><strong>usus</strong></span> <span class='ocrx_word' id='word_1_388' title='bbox 775 4850 876 4896; x_wconf 90' lang='lat' dir='ltr'><strong>est.</strong></span> <span class='ocrx_word' id='word_1_389' title='bbox 897 4841 1106 4896; x_wconf 85' lang='lat' dir='ltr'><strong>Etenim</strong></span> <span class='ocrx_word' id='word_1_390' title='bbox 1129 4841 1226 4894; x_wconf 92' lang='lat' dir='ltr'><strong>hoc</strong></span> <span class='ocrx_word' id='word_1_391' title='bbox 1242 4840 1400 4895; x_wconf 90' lang='lat' dir='ltr'><strong>etiam</strong></span> <span class='ocrx_word' id='word_1_392' title='bbox 1419 4840 1469 4892; x_wconf 94' lang='lat' dir='ltr'><strong>in</strong></span> <span class='ocrx_word' id='word_1_393' title='bbox 1488 4839 1760 4894; x_wconf 86' lang='lat' dir='ltr'><strong>hominum</strong></span> <span class='ocrx_word' id='word_1_394' title='bbox 1783 4854 1999 4895; x_wconf 78' lang='lat' dir='ltr'><strong>consue-</strong></span> 
     </span>
    </p>
   </div>
   <div class='ocr_carea' id='block_1_51' title="bbox 439 4933 1998 5003">
    <p class='ocr_par' dir='ltr' id='par_1_51' title="bbox 439 4933 1998 5003">
     <span class='ocr_line' id='line_1_52' title="bbox 439 4933 1998 5003; baseline -0.001 -15"><span class='ocrx_word' id='word_1_395' title='bbox 439 4936 621 4988; x_wconf 86' lang='lat' dir='ltr'><strong>tudine</strong></span> <span class='ocrx_word' id='word_1_396' title='bbox 639 4935 863 5003; x_wconf 90' lang='lat' dir='ltr'><strong>positum</strong></span> <span class='ocrx_word' id='word_1_397' title='bbox 880 4944 982 4996; x_wconf 79' lang='lat' dir='ltr'><strong>e51,</strong></span> <span class='ocrx_word' id='word_1_398' title='bbox 1001 4943 1057 4986; x_wconf 91' lang='lat' dir='ltr'><strong>nt</strong></span> <span class='ocrx_word' id='word_1_399' title='bbox 1074 4933 1126 4987; x_wconf 90' lang='lat' dir='ltr'><strong>in</strong></span> <span class='ocrx_word' id='word_1_400' title='bbox 1147 4933 1356 4987; x_wconf 86' lang='lat' dir='ltr'><strong>eximiis</strong></span> <span class='ocrx_word' id='word_1_401' title='bbox 1376 4947 1438 4986; x_wconf 91' lang='lat' dir='ltr'><strong>ac</strong></span> <span class='ocrx_word' id='word_1_402' title='bbox 1463 4933 1889 5002; x_wconf 73' lang='lat' dir='ltr'><strong>pra-cellentibns</strong></span> <span class='ocrx_word' id='word_1_403' title='bbox 1910 4948 1998 4987; x_wconf 89' lang='lat' dir='ltr'><strong>re-</strong></span> 
     </span>
    </p>
   </div>
   <div class='ocr_carea' id='block_1_52' title="bbox 438 5021 1998 5094">
    <p class='ocr_par' dir='ltr' id='par_1_52' title="bbox 438 5021 1998 5094">
     <span class='ocr_line' id='line_1_53' title="bbox 438 5021 1998 5094; baseline -0.001 -16"><span class='ocrx_word' id='word_1_404' title='bbox 438 5025 540 5078; x_wconf 87' lang='lat' dir='ltr'><strong>bus</strong></span> <span class='ocrx_word' id='word_1_405' title='bbox 557 5025 886 5094; x_wconf 80' lang='lat' dir='ltr'><strong>palmamque</strong></span> <span class='ocrx_word' id='word_1_406' title='bbox 907 5022 1266 5078; x_wconf 88' lang='lat' dir='ltr'><strong>obtinentibus</strong></span> <span class='ocrx_word' id='word_1_407' title='bbox 1279 5022 1347 5077; x_wconf 89' lang='lat' dir='ltr'><strong>ad</strong></span> <span class='ocrx_word' id='word_1_408' title='bbox 1377 5023 1516 5076; x_wconf 92' lang='lat' dir='ltr'><strong>hunc</strong></span> <span class='ocrx_word' id='word_1_409' title='bbox 1536 5021 1750 5076; x_wconf 90' lang='lat' dir='ltr'><strong>modum</strong></span> <span class='ocrx_word' id='word_1_410' title='bbox 1772 5022 1998 5091; x_wconf 89' lang='lat' dir='ltr'><strong>loquan-</strong></span> 
     </span>
    </p>
   </div>
   <div class='ocr_carea' id='block_1_53' title="bbox 439 5117 1998 5189">
    <p class='ocr_par' dir='ltr' id='par_1_53' title="bbox 439 5117 1998 5189">
     <span class='ocr_line' id='line_1_54' title="bbox 439 5117 1998 5189; baseline -0.001 -15"><span class='ocrx_word' id='word_1_411' title='bbox 439 5130 559 5174; x_wconf 88' lang='lat' dir='ltr'><strong>tur:</strong></span> <span class='ocrx_word' id='word_1_412' title='bbox 588 5119 731 5174; x_wconf 85' lang='lat' dir='ltr'><strong>verhi</strong></span> <span class='ocrx_word' id='word_1_413' title='bbox 752 5119 940 5189; x_wconf 85' lang='lat' dir='ltr'><strong>gratia,</strong></span> <span class='ocrx_word' id='word_1_414' title='bbox 963 5131 1084 5171; x_wconf 88' lang='lat' dir='ltr'><strong>cum</strong></span> <span class='ocrx_word' id='word_1_415' title='bbox 1111 5119 1230 5186; x_wconf 85' lang='lat' dir='ltr'><strong>quis</strong></span> <span class='ocrx_word' id='word_1_416' title='bbox 1253 5117 1422 5186; x_wconf 88' lang='lat' dir='ltr'><strong>majus</strong></span> <span class='ocrx_word' id='word_1_417' title='bbox 1441 5131 1600 5186; x_wconf 88' lang='lat' dir='ltr'><strong>quam</strong></span> <span class='ocrx_word' id='word_1_418' title='bbox 1623 5127 1778 5172; x_wconf 87' lang='lat' dir='ltr'><strong>antea</strong></span> <span class='ocrx_word' id='word_1_419' title='bbox 1806 5132 1998 5173; x_wconf 83' lang='lat' dir='ltr'><strong>munus</strong></span> 
     </span>
    </p>
   </div>
   <div class='ocr_carea' id='block_1_54' title="bbox 435 5209 1993 5282">
    <p class='ocr_par' dir='ltr' id='par_1_54' title="bbox 435 5209 1993 5282">
     <span class='ocr_line' id='line_1_55' title="bbox 435 5209 1993 5282; baseline -0.001 -16"><span class='ocrx_word' id='word_1_420' title='bbox 435 5228 464 5266; x_wconf 90' lang='lat' dir='ltr'><strong>a</strong></span> <span class='ocrx_word' id='word_1_421' title='bbox 497 5212 724 5282; x_wconf 88' lang='lat' dir='ltr'><strong>quodam</strong></span> <span class='ocrx_word' id='word_1_422' title='bbox 748 5211 961 5280; x_wconf 87' lang='lat' dir='ltr'><strong>accipit,</strong></span> <span class='ocrx_word' id='word_1_423' title='bbox 981 5224 1123 5280; x_wconf 68' lang='lat' dir='ltr'><strong>saepe</strong></span> <span class='ocrx_word' id='word_1_424' title='bbox 1149 5211 1220 5264; x_wconf 90' lang='lat' dir='ltr'><strong>ita</strong></span> <span class='ocrx_word' id='word_1_425' title='bbox 1250 5210 1481 5280; x_wconf 87' lang='lat' dir='ltr'><strong>loquitur</strong></span> <span class='ocrx_word' id='word_1_426' title='bbox 1508 5227 1521 5264; x_wconf 89' lang='lat'><strong>:</strong></span> <span class='ocrx_word' id='word_1_427' title='bbox 1550 5209 1698 5265; x_wconf 85' lang='lat' dir='ltr'><strong>Nunc</strong></span> <span class='ocrx_word' id='word_1_428' title='bbox 1728 5211 1993 5281; x_wconf 79' lang='lat' dir='ltr'><strong>perspexi,</strong></span> 
     </span>
    </p>
   </div>
   <div class='ocr_carea' id='block_1_55' title="bbox 433 5300 1998 5374">
    <p class='ocr_par' dir='ltr' id='par_1_55' title="bbox 433 5300 1998 5374">
     <span class='ocr_line' id='line_1_56' title="bbox 433 5300 1998 5374; baseline 0 -19"><span class='ocrx_word' id='word_1_429' title='bbox 433 5303 576 5374; x_wconf 89' lang='lat' dir='ltr'><strong>quod</strong></span> <span class='ocrx_word' id='word_1_430' title='bbox 607 5318 690 5356; x_wconf 91' lang='lat' dir='ltr'><strong>me</strong></span> <span class='ocrx_word' id='word_1_431' title='bbox 711 5301 798 5356; x_wconf 89' lang='lat' dir='ltr'><strong>ille</strong></span> <span class='ocrx_word' id='word_1_432' title='bbox 813 5310 956 5356; x_wconf 89' lang='lat' dir='ltr'><strong>amet</strong></span> <span class='ocrx_word' id='word_1_433' title='bbox 978 5318 990 5353; x_wconf 88' lang='lat'><strong>:</strong></span> <span class='ocrx_word' id='word_1_434' title='bbox 1016 5315 1118 5355; x_wconf 92' lang='lat' dir='ltr'><strong>non</strong></span> <span class='ocrx_word' id='word_1_435' title='bbox 1148 5300 1247 5355; x_wconf 90' lang='lat' dir='ltr'><strong>hoc</strong></span> <span class='ocrx_word' id='word_1_436' title='bbox 1273 5300 1453 5356; x_wconf 85' lang='lat' dir='ltr'><strong>dicens</strong></span> <span class='ocrx_word' id='word_1_437' title='bbox 1472 5301 1618 5370; x_wconf 86' lang='lat' dir='ltr'><strong>quasi</strong></span> <span class='ocrx_word' id='word_1_438' title='bbox 1640 5314 1700 5354; x_wconf 90' lang='lat' dir='ltr'><strong>ea</strong></span> <span class='ocrx_word' id='word_1_439' title='bbox 1727 5316 1843 5370; x_wconf 75' lang='lat' dir='ltr'><strong>qua:</strong></span> <span class='ocrx_word' id='word_1_440' title='bbox 1865 5316 1998 5370; x_wconf 68' lang='lat' dir='ltr'><strong>pra:-</strong></span> 
     </span>
    </p>
   </div>
   <div class='ocr_carea' id='block_1_56' title="bbox 434 5391 1994 5464">
    <p class='ocr_par' dir='ltr' id='par_1_56' title="bbox 434 5391 1994 5464">
     <span class='ocr_line' id='line_1_57' title="bbox 434 5391 1994 5464; baseline -0.003 -14"><span class='ocrx_word' id='word_1_441' title='bbox 434 5395 676 5450; x_wconf 90' lang='lat' dir='ltr'><strong>cedentis</strong></span> <span class='ocrx_word' id='word_1_442' title='bbox 719 5394 970 5464; x_wconf 90' lang='lat' dir='ltr'><strong>temporis</strong></span> <span class='ocrx_word' id='word_1_443' title='bbox 995 5402 1144 5448; x_wconf 90' lang='lat' dir='ltr'><strong>erant</strong></span> <span class='ocrx_word' id='word_1_444' title='bbox 1174 5393 1412 5462; x_wconf 82' lang='lat' dir='ltr'><strong>ignoret;</strong></span> <span class='ocrx_word' id='word_1_445' title='bbox 1456 5391 1548 5446; x_wconf 90' lang='lat' dir='ltr'><strong>scd</strong></span> <span class='ocrx_word' id='word_1_446' title='bbox 1578 5401 1636 5446; x_wconf 89' lang='lat' dir='ltr'><strong>ut</strong></span> <span class='ocrx_word' id='word_1_447' title='bbox 1663 5391 1763 5445; x_wconf 90' lang='lat' dir='ltr'><strong>hac</strong></span> <span class='ocrx_word' id='word_1_448' title='bbox 1789 5392 1994 5446; x_wconf 83' lang='lat' dir='ltr'><strong>ratione</strong></span> 
     </span>
    </p>
   </div>
   <div class='ocr_carea' id='block_1_57' title="bbox 433 5481 1996 5553">
    <p class='ocr_par' dir='ltr' id='par_1_57' title="bbox 433 5481 1996 5553">
     <span class='ocr_line' id='line_1_58' title="bbox 433 5481 1996 5553; baseline -0.002 -14"><span class='ocrx_word' id='word_1_449' title='bbox 433 5486 705 5551; x_wconf 88' lang='lat' dir='ltr'><strong>ostendat,</strong></span> <span class='ocrx_word' id='word_1_450' title='bbox 733 5500 924 5540; x_wconf 87' lang='lat' dir='ltr'><strong>munus</strong></span> <span class='ocrx_word' id='word_1_451' title='bbox 950 5484 1087 5538; x_wconf 87' lang='lat' dir='ltr'><strong>istud</strong></span> <span class='ocrx_word' id='word_1_452' title='bbox 1113 5499 1216 5553; x_wconf 89' lang='lat' dir='ltr'><strong>quo</strong></span> <span class='ocrx_word' id='word_1_453' title='bbox 1242 5498 1382 5538; x_wconf 90' lang='lat' dir='ltr'><strong>nunc</strong></span> <span class='ocrx_word' id='word_1_454' title='bbox 1407 5483 1629 5538; x_wconf 71' lang='lat' dir='ltr'><strong>allectus</strong></span> <span class='ocrx_word' id='word_1_455' title='bbox 1652 5492 1756 5548; x_wconf 91' lang='lat' dir='ltr'><strong>est,</strong></span> <span class='ocrx_word' id='word_1_456' title='bbox 1787 5481 1996 5538; x_wconf 59' lang='lat' dir='ltr'><strong>exteris</strong></span> 
     </span>
    </p>
   </div>
   <div class='ocr_carea' id='block_1_58' title="bbox 431 5573 1997 5646">
    <p class='ocr_par' dir='ltr' id='par_1_58' title="bbox 431 5573 1997 5646">
     <span class='ocr_line' id='line_1_59' title="bbox 431 5573 1997 5646; baseline -0.001 -14"><span class='ocrx_word' id='word_1_457' title='bbox 431 5577 682 5632; x_wconf 90' lang='lat' dir='ltr'><strong>omnibus</strong></span> <span class='ocrx_word' id='word_1_458' title='bbox 711 5588 982 5646; x_wconf 84' lang='lat' dir='ltr'><strong>praestare.</strong></span> <span class='ocrx_word' id='word_1_459' title='bbox 1027 5575 1114 5630; x_wconf 85' lang='lat' dir='ltr'><strong>Sic</strong></span> <span class='ocrx_word' id='word_1_460' title='bbox 1163 5575 1302 5629; x_wconf 85' lang='lat' dir='ltr'><strong>Deus</strong></span> <span class='ocrx_word' id='word_1_461' title='bbox 1341 5589 1550 5644; x_wconf 87' lang='lat' dir='ltr'><strong>quoque</strong></span> <span class='ocrx_word' id='word_1_462' title='bbox 1577 5573 1810 5628; x_wconf 86' lang='lat' dir='ltr'><strong>humano</strong></span> <span class='ocrx_word' id='word_1_463' title='bbox 1847 5589 1997 5630; x_wconf 89' lang='lat' dir='ltr'><strong>more</strong></span> 
     </span>
    </p>
   </div>
   <div class='ocr_carea' id='block_1_59' title="bbox 432 5665 1993 5740">
    <p class='ocr_par' dir='ltr' id='par_1_59' title="bbox 432 5665 1993 5740">
     <span class='ocr_line' id='line_1_60' title="bbox 432 5665 1993 5740; baseline -0.001 -18"><span class='ocrx_word' id='word_1_464' title='bbox 432 5669 679 5740; x_wconf 87' lang='lat' dir='ltr'><strong>loquens,</strong></span> <span class='ocrx_word' id='word_1_465' title='bbox 714 5666 887 5733; x_wconf 80' lang='lat' dir='ltr'><strong>Nunc,</strong></span> <span class='ocrx_word' id='word_1_466' title='bbox 916 5667 1106 5737; x_wconf 88' lang='lat' dir='ltr'><strong>inquit,</strong></span> <span class='ocrx_word' id='word_1_467' title='bbox 1132 5666 1340 5735; x_wconf 79' lang='lat' dir='ltr'><strong>cognovi</strong></span> <span class='ocrx_word' id='word_1_468' title='bbox 1363 5680 1383 5721; x_wconf 91' lang='lat'><strong><em>:</em></strong></span> <span class='ocrx_word' id='word_1_469' title='bbox 1408 5665 1536 5720; x_wconf 89' lang='lat' dir='ltr'><strong>nilnl</strong></span> <span class='ocrx_word' id='word_1_470' title='bbox 1579 5666 1727 5722; x_wconf 87' lang='lat' dir='ltr'><strong>hisce</strong></span> <span class='ocrx_word' id='word_1_471' title='bbox 1779 5666 1958 5722; x_wconf 83' lang='lat' dir='ltr'><strong>verbis</strong></span> <span class='ocrx_word' id='word_1_472' title='bbox 1977 5707 1993 5734; x_wconf 91' lang='lat'><strong>,</strong></span> 
     </span>
    </p>
   </div>
   <div class='ocr_carea' id='block_1_60' title="bbox 431 5757 1992 5831">
    <p class='ocr_par' dir='ltr' id='par_1_60' title="bbox 431 5757 1992 5831">
     <span class='ocr_line' id='line_1_61' title="bbox 431 5757 1992 5831; baseline 0.001 -18"><span class='ocrx_word' id='word_1_473' title='bbox 431 5775 593 5831; x_wconf 77' lang='lat' dir='ltr'><strong>quam</strong></span> <span class='ocrx_word' id='word_1_474' title='bbox 619 5760 925 5819; x_wconf 82' lang='lat' dir='ltr'><strong>certaminis</strong></span> <span class='ocrx_word' id='word_1_475' title='bbox 950 5757 1360 5829; x_wconf 80' lang='lat' dir='ltr'><strong>magnitudinem</strong></span> <span class='ocrx_word' id='word_1_476' title='bbox 1387 5797 1401 5823; x_wconf 90' lang='lat'><strong>,</strong></span> <span class='ocrx_word' id='word_1_477' title='bbox 1445 5758 1746 5828; x_wconf 77' lang='lat' dir='ltr'><strong>exprimere</strong></span> <span class='ocrx_word' id='word_1_478' title='bbox 1772 5759 1957 5815; x_wconf 83' lang='lat' dir='ltr'><strong>volens</strong></span> <span class='ocrx_word' id='word_1_479' title='bbox 1977 5797 1992 5823; x_wconf 90' lang='lat'><strong>,</strong></span> 
     </span>
    </p>
   </div>
   <div class='ocr_carea' id='block_1_61' title="bbox 1529 353 2668 412">
    <p class='ocr_par' dir='ltr' id='par_1_61' title="bbox 1529 353 2668 412">
     <span class='ocr_line' id='line_1_62' title="bbox 1529 353 2668 412; baseline -0.001 0"><span class='ocrx_word' id='word_1_480' title='bbox 1529 356 1593 412; x_wconf 88' lang='lat' dir='ltr'><strong>IN</strong></span> <span class='ocrx_word' id='word_1_481' title='bbox 1630 355 1845 412; x_wconf 85' lang='lat' dir='ltr'><strong>EPIST.</strong></span> <span class='ocrx_word' id='word_1_482' title='bbox 1886 354 1930 411; x_wconf 85' lang='lat' dir='ltr'><strong>ll</strong></span> <span class='ocrx_word' id='word_1_483' title='bbox 1989 353 2082 409; x_wconf 81' lang='lat' dir='ltr'><strong>AD</strong></span> <span class='ocrx_word' id='word_1_484' title='bbox 2119 353 2270 410; x_wconf 80' lang='lat' dir='ltr'><strong>COR.</strong></span> <span class='ocrx_word' id='word_1_485' title='bbox 2312 353 2540 410; x_wconf 81' lang='lat' dir='ltr'><strong>HOMIL.</strong></span> <span class='ocrx_word' id='word_1_486' title='bbox 2580 353 2668 411; x_wconf 80' lang='lat' dir='ltr'><strong>In.</strong></span> 
     </span>
    </p>
   </div>
   <div class='ocr_carea' id='block_1_62' title="bbox 3554 361 3656 418">
    <p class='ocr_par' dir='ltr' id='par_1_62' title="bbox 3554 361 3656 418">
     <span class='ocr_line' id='line_1_63' title="bbox 3554 361 3656 418; baseline 0.02 -2"><span class='ocrx_word' id='word_1_487' title='bbox 3554 361 3656 418; x_wconf 64' lang='lat' dir='ltr'><strong>Ml.</strong></span> 
     </span>
    </p>
   </div>
   <div class='ocr_carea' id='block_1_63' title="bbox 2107 463 3661 540">
    <p class='ocr_par' dir='ltr' id='par_1_63' title="bbox 2107 463 3661 540">
     <span class='ocr_line' id='line_1_64' title="bbox 2107 463 3661 540; baseline 0.003 -18"><span class='ocrx_word' id='word_1_488' title='bbox 2107 463 2212 522; x_wconf 74' lang='lat' dir='ltr'><strong>non</strong></span> <span class='ocrx_word' id='word_1_489' title='bbox 2245 477 2420 524; x_wconf 85' lang='lat' dir='ltr'><strong>autem</strong></span> <span class='ocrx_word' id='word_1_490' title='bbox 2447 469 2586 540; x_wconf 91' lang='lat' dir='ltr'><strong>quod</strong></span> <span class='ocrx_word' id='word_1_491' title='bbox 2615 477 2723 522; x_wconf 87' lang='lat' dir='ltr'><strong>tum</strong></span> <span class='ocrx_word' id='word_1_492' title='bbox 2759 466 3057 534; x_wconf 81' lang='lat' dir='ltr'><strong>dumtaxat,</strong></span> <span class='ocrx_word' id='word_1_493' title='bbox 3097 480 3182 524; x_wconf 82' lang='lat' dir='ltr'><strong>aut</strong></span> <span class='ocrx_word' id='word_1_494' title='bbox 3217 471 3457 526; x_wconf 83' lang='lat' dir='ltr'><strong>timorem</strong></span> <span class='ocrx_word' id='word_1_495' title='bbox 3486 482 3576 527; x_wconf 89' lang='lat' dir='ltr'><strong>aut</strong></span> <span class='ocrx_word' id='word_1_496' title='bbox 3597 476 3661 527; x_wconf 87' lang='lat' dir='ltr'><strong>ti-</strong></span> 
     </span>
    </p>
   </div>
   <div class='ocr_carea' id='block_1_64' title="bbox 2104 558 3662 630">
    <p class='ocr_par' dir='ltr' id='par_1_64' title="bbox 2104 558 3662 630">
     <span class='ocr_line' id='line_1_65' title="bbox 2104 558 3662 630; baseline 0.004 -18"><span class='ocrx_word' id='word_1_497' title='bbox 2104 559 2267 613; x_wconf 88' lang='lat' dir='ltr'><strong>moris</strong></span> <span class='ocrx_word' id='word_1_498' title='bbox 2309 558 2724 628; x_wconf 87' lang='lat' dir='ltr'><strong>magnitudinem</strong></span> <span class='ocrx_word' id='word_1_499' title='bbox 2750 569 3111 630; x_wconf 86' lang='lat' dir='ltr'><strong>cognosceret.</strong></span> <span class='ocrx_word' id='word_1_500' title='bbox 3153 561 3282 615; x_wconf 83' lang='lat' dir='ltr'><strong>Nam</strong></span> <span class='ocrx_word' id='word_1_501' title='bbox 3328 563 3486 618; x_wconf 91' lang='lat' dir='ltr'><strong>etiam</strong></span> <span class='ocrx_word' id='word_1_502' title='bbox 3539 579 3662 619; x_wconf 89' lang='lat' dir='ltr'><strong>eum</strong></span> 
     </span>
    </p>
   </div>
   <div class='ocr_carea' id='block_1_65' title="bbox 2102 649 3660 725">
    <p class='ocr_par' dir='ltr' id='par_1_65' title="bbox 2102 649 3660 725">
     <span class='ocr_line' id='line_1_66' title="bbox 2102 649 3660 725; baseline 0.006 -22"><span class='ocrx_word' id='word_1_503' title='bbox 2102 650 2194 717; x_wconf 88' lang='lat' dir='ltr'><strong>ait,</strong></span> <span class='ocrx_word' id='word_1_504' title='bbox 2235 649 2408 704; x_wconf 84' lang='lat' dir='ltr'><strong>Venite</strong></span> <span class='ocrx_word' id='word_1_505' title='bbox 2436 651 2790 706; x_wconf 75' lang='lat' dir='ltr'><strong>descendemus</strong></span> <span class='ocrx_word' id='word_1_506' title='bbox 2817 649 2980 723; x_wconf 82' lang='lat' dir='ltr'><strong>(Gen.</strong></span> <span class='ocrx_word' id='word_1_507' title='bbox 3016 653 3101 707; x_wconf 82' lang='grc'><strong>11.</strong></span> <span class='ocrx_word' id='word_1_508' title='bbox 3131 654 3193 725; x_wconf 80' lang='grc'>7)</span> <span class='ocrx_word' id='word_1_509' title='bbox 3247 670 3309 708; x_wconf 85' lang='lat' dir='ltr'><strong>ac</strong></span> <span class='ocrx_word' id='word_1_510' title='bbox 3350 656 3660 722; x_wconf 64' lang='lat' dir='ltr'><strong>videamus,</strong></span> 
     </span>
    </p>
   </div>
   <div class='ocr_carea' id='block_1_66' title="bbox 2104 739 3664 816">
    <p class='ocr_par' dir='ltr' id='par_1_66' title="bbox 2104 739 3664 816">
     <span class='ocr_line' id='line_1_67' title="bbox 2104 739 3664 816; baseline 0.007 -24"><span class='ocrx_word' id='word_1_511' title='bbox 2104 756 2208 793; x_wconf 92' lang='lat' dir='ltr'><strong>non</strong></span> <span class='ocrx_word' id='word_1_512' title='bbox 2236 739 2431 794; x_wconf 91' lang='lat' dir='ltr'><strong>idcirco</strong></span> <span class='ocrx_word' id='word_1_513' title='bbox 2455 739 2556 794; x_wconf 88' lang='lat' dir='ltr'><strong>hac</strong></span> <span class='ocrx_word' id='word_1_514' title='bbox 2583 742 2788 797; x_wconf 88' lang='lat' dir='ltr'><strong>ratione</strong></span> <span class='ocrx_word' id='word_1_515' title='bbox 2832 742 3013 808; x_wconf 90' lang='lat' dir='ltr'><strong>utitur,</strong></span> <span class='ocrx_word' id='word_1_516' title='bbox 3063 744 3202 814; x_wconf 81' lang='lat' dir='ltr'><strong>quod</strong></span> <span class='ocrx_word' id='word_1_517' title='bbox 3246 744 3501 800; x_wconf 84' lang='lat' dir='ltr'><strong>descensu</strong></span> <span class='ocrx_word' id='word_1_518' title='bbox 3529 762 3664 816; x_wconf 85' lang='lat' dir='ltr'><strong>opus</strong></span> 
     </span>
    </p>
   </div>
   <div class='ocr_carea' id='block_1_67' title="bbox 2103 830 3661 906">
    <p class='ocr_par' dir='ltr' id='par_1_67' title="bbox 2103 830 3661 906">
     <span class='ocr_line' id='line_1_68' title="bbox 2103 830 3661 906; baseline 0.004 -22"><span class='ocrx_word' id='word_1_519' title='bbox 2103 830 2321 896; x_wconf 88' lang='lat' dir='ltr'><strong>habeat;</strong></span> <span class='ocrx_word' id='word_1_520' title='bbox 2354 831 2549 901; x_wconf 87' lang='lat' dir='ltr'><strong>quippe</strong></span> <span class='ocrx_word' id='word_1_521' title='bbox 2575 831 2661 900; x_wconf 93' lang='lat' dir='ltr'><strong>qui</strong></span> <span class='ocrx_word' id='word_1_522' title='bbox 2690 833 2866 886; x_wconf 90' lang='lat' dir='ltr'><strong>omnia</strong></span> <span class='ocrx_word' id='word_1_523' title='bbox 2887 833 3119 902; x_wconf 83' lang='lat' dir='ltr'><strong>impleat,</strong></span> <span class='ocrx_word' id='word_1_524' title='bbox 3141 843 3295 903; x_wconf 82' lang='lat' dir='ltr'><strong>atque</strong></span> <span class='ocrx_word' id='word_1_525' title='bbox 3315 837 3488 890; x_wconf 90' lang='lat' dir='ltr'><strong>omnia</strong></span> <span class='ocrx_word' id='word_1_526' title='bbox 3510 852 3661 906; x_wconf 84' lang='lat' dir='ltr'><strong>aper-</strong></span> 
     </span>
    </p>
   </div>
   <div class='ocr_carea' id='block_1_68' title="bbox 2106 922 3661 998">
    <p class='ocr_par' dir='ltr' id='par_1_68' title="bbox 2106 922 3661 998">
     <span class='ocr_line' id='line_1_69' title="bbox 2106 922 3661 998; baseline 0.005 -22"><span class='ocrx_word' id='word_1_527' title='bbox 2106 922 2305 978; x_wconf 89' lang='lat' dir='ltr'><strong>tissime</strong></span> <span class='ocrx_word' id='word_1_528' title='bbox 2323 931 2638 992; x_wconf 87' lang='lat' dir='ltr'><strong>cognoscat;</strong></span> <span class='ocrx_word' id='word_1_529' title='bbox 2668 923 2758 978; x_wconf 87' lang='lat' dir='ltr'><strong>sed</strong></span> <span class='ocrx_word' id='word_1_530' title='bbox 2777 934 2833 978; x_wconf 90' lang='lat' dir='ltr'><strong>ut</strong></span> <span class='ocrx_word' id='word_1_531' title='bbox 2858 924 2982 979; x_wconf 88' lang='lat' dir='ltr'><strong>hinc</strong></span> <span class='ocrx_word' id='word_1_532' title='bbox 3009 925 3294 994; x_wconf 87' lang='lat' dir='ltr'><strong>discamus,</strong></span> <span class='ocrx_word' id='word_1_533' title='bbox 3318 928 3383 982; x_wconf 87' lang='lat' dir='ltr'><strong>de</strong></span> <span class='ocrx_word' id='word_1_534' title='bbox 3406 943 3465 983; x_wconf 91' lang='lat' dir='ltr'><strong>re</strong></span> <span class='ocrx_word' id='word_1_535' title='bbox 3485 929 3661 998; x_wconf 86' lang='lat' dir='ltr'><strong>aliqua</strong></span> 
     </span>
    </p>
   </div>
   <div class='ocr_carea' id='block_1_69' title="bbox 2104 1014 3659 1085">
    <p class='ocr_par' dir='ltr' id='par_1_69' title="bbox 2104 1014 3659 1085">
     <span class='ocr_line' id='line_1_70' title="bbox 2104 1014 3659 1085; baseline 0.005 -19"><span class='ocrx_word' id='word_1_536' title='bbox 2104 1027 2208 1066; x_wconf 92' lang='lat' dir='ltr'><strong>non</strong></span> <span class='ocrx_word' id='word_1_537' title='bbox 2237 1022 2437 1068; x_wconf 89' lang='lat' dir='ltr'><strong>temere</strong></span> <span class='ocrx_word' id='word_1_538' title='bbox 2461 1014 2824 1083; x_wconf 89' lang='lat' dir='ltr'><strong>pronuntiare.</strong></span> <span class='ocrx_word' id='word_1_539' title='bbox 2851 1017 3022 1085; x_wconf 84' lang='lat' dir='ltr'><strong>Atque</strong></span> <span class='ocrx_word' id='word_1_540' title='bbox 3059 1019 3205 1084; x_wconf 86' lang='lat' dir='ltr'><strong>item,</strong></span> <span class='ocrx_word' id='word_1_541' title='bbox 3227 1033 3346 1072; x_wconf 89' lang='lat' dir='ltr'><strong>cum</strong></span> <span class='ocrx_word' id='word_1_542' title='bbox 3388 1019 3462 1072; x_wconf 92' lang='lat' dir='ltr'><strong>ait</strong></span> <span class='ocrx_word' id='word_1_543' title='bbox 3511 1019 3659 1074; x_wconf 83' lang='lat' dir='ltr'><strong>Scri-</strong></span> 
     </span>
    </p>
   </div>
   <div class='ocr_carea' id='block_1_70' title="bbox 2104 1102 3662 1181">
    <p class='ocr_par' dir='ltr' id='par_1_70' title="bbox 2104 1102 3662 1181">
     <span class='ocr_line' id='line_1_71' title="bbox 2104 1102 3662 1181; baseline 0.006 -25"><span class='ocrx_word' id='word_1_544' title='bbox 2104 1112 2288 1170; x_wconf 88' lang='lat' dir='ltr'><strong>ptura,</strong></span> <span class='ocrx_word' id='word_1_545' title='bbox 2344 1102 2481 1158; x_wconf 85' lang='lat' dir='ltr'><strong>Deus</strong></span> <span class='ocrx_word' id='word_1_546' title='bbox 2531 1103 2593 1157; x_wconf 88' lang='lat' dir='ltr'><strong>de</strong></span> <span class='ocrx_word' id='word_1_547' title='bbox 2619 1105 2742 1159; x_wconf 75' lang='lat' dir='ltr'><strong>ctelo</strong></span> <span class='ocrx_word' id='word_1_548' title='bbox 2793 1107 3042 1176; x_wconf 77' lang='lat' dir='ltr'><strong>prospexit</strong></span> <span class='ocrx_word' id='word_1_549' title='bbox 3091 1105 3269 1176; x_wconf 79' lang='lat' dir='ltr'><strong>(Psal.</strong></span> <span class='ocrx_word' id='word_1_550' title='bbox 3315 1110 3399 1164; x_wconf 80' lang='grc'><strong>15.</strong></span> <span class='ocrx_word' id='word_1_551' title='bbox 3432 1109 3536 1181; x_wconf 75' lang='lat'><strong>2),</strong></span> <span class='ocrx_word' id='word_1_552' title='bbox 3567 1127 3662 1180; x_wconf 89' lang='lat' dir='ltr'><strong>per</strong></span> 
     </span>
    </p>
   </div>
   <div class='ocr_carea' id='block_1_71' title="bbox 2103 1191 3660 1263">
    <p class='ocr_par' dir='ltr' id='par_1_71' title="bbox 2103 1191 3660 1263">
     <span class='ocr_line' id='line_1_72' title="bbox 2103 1191 3660 1263; baseline 0.006 -18"><span class='ocrx_word' id='word_1_553' title='bbox 2103 1191 2465 1263; x_wconf 88' lang='lat' dir='ltr'><strong>metaphoram</strong></span> <span class='ocrx_word' id='word_1_554' title='bbox 2487 1193 2553 1246; x_wconf 92' lang='lat' dir='ltr'><strong>ab</strong></span> <span class='ocrx_word' id='word_1_555' title='bbox 2577 1193 2878 1250; x_wconf 88' lang='lat' dir='ltr'><strong>hominibus</strong></span> <span class='ocrx_word' id='word_1_556' title='bbox 2900 1195 3128 1262; x_wconf 88' lang='lat' dir='ltr'><strong>ductam,</strong></span> <span class='ocrx_word' id='word_1_557' title='bbox 3159 1200 3542 1253; x_wconf 76' lang='lat' dir='ltr'><strong>exactissimam</strong></span> <span class='ocrx_word' id='word_1_558' title='bbox 3571 1216 3660 1255; x_wconf 51' lang='lat' dir='ltr'><strong>eo.</strong></span> 
     </span>
    </p>
   </div>
   <div class='ocr_carea' id='block_1_72' title="bbox 2104 1283 3663 1362">
    <p class='ocr_par' dir='ltr' id='par_1_72' title="bbox 2104 1283 3663 1362">
     <span class='ocr_line' id='line_1_73' title="bbox 2104 1283 3663 1362; baseline 0.007 -26"><span class='ocrx_word' id='word_1_559' title='bbox 2104 1283 2388 1353; x_wconf 91' lang='lat' dir='ltr'><strong>gnitionem</strong></span> <span class='ocrx_word' id='word_1_560' title='bbox 2414 1285 2674 1356; x_wconf 83' lang='lat' dir='ltr'><strong>intelligit.</strong></span> <span class='ocrx_word' id='word_1_561' title='bbox 2706 1287 2904 1342; x_wconf 84' lang='lat' dir='ltr'><strong>Eodem</strong></span> <span class='ocrx_word' id='word_1_562' title='bbox 2946 1289 3104 1344; x_wconf 90' lang='lat' dir='ltr'><strong>modo</strong></span> <span class='ocrx_word' id='word_1_563' title='bbox 3140 1291 3224 1344; x_wconf 92' lang='lat' dir='ltr'><strong>hic</strong></span> <span class='ocrx_word' id='word_1_564' title='bbox 3250 1306 3481 1362; x_wconf 89' lang='lat' dir='ltr'><strong>quoque,</strong></span> <span class='ocrx_word' id='word_1_565' title='bbox 3512 1292 3663 1347; x_wconf 82' lang='lat' dir='ltr'><strong>Nunc</strong></span> 
     </span>
    </p>
   </div>
   <div class='ocr_carea' id='block_1_73' title="bbox 2103 1378 3664 1455">
    <p class='ocr_par' dir='ltr' id='par_1_73' title="bbox 2103 1378 3664 1455">
     <span class='ocr_line' id='line_1_74' title="bbox 2103 1378 3664 1455; baseline 0.009 -27"><span class='ocrx_word' id='word_1_566' title='bbox 2103 1378 2310 1445; x_wconf 83' lang='lat' dir='ltr'><strong>cognovi</strong></span> <span class='ocrx_word' id='word_1_567' title='bbox 2333 1419 2347 1440; x_wconf 95' lang='lat'><strong>,</strong></span> <span class='ocrx_word' id='word_1_568' title='bbox 2377 1378 2451 1432; x_wconf 90' lang='lat' dir='ltr'><strong>ait</strong></span> <span class='ocrx_word' id='word_1_569' title='bbox 2482 1397 2495 1430; x_wconf 89' lang='lat'><strong>:</strong></span> <span class='ocrx_word' id='word_1_570' title='bbox 2521 1387 2577 1433; x_wconf 88' lang='lat' dir='ltr'><strong>ut</strong></span> <span class='ocrx_word' id='word_1_571' title='bbox 2606 1379 2706 1433; x_wconf 91' lang='lat' dir='ltr'><strong>hoc</strong></span> <span class='ocrx_word' id='word_1_572' title='bbox 2725 1381 2975 1435; x_wconf 90' lang='lat' dir='ltr'><strong>omnibus</strong></span> <span class='ocrx_word' id='word_1_573' title='bbox 3005 1383 3266 1450; x_wconf 88' lang='lat' dir='ltr'><strong>prioribus</strong></span> <span class='ocrx_word' id='word_1_574' title='bbox 3296 1386 3465 1455; x_wconf 90' lang='lat' dir='ltr'><strong>majus</strong></span> <span class='ocrx_word' id='word_1_575' title='bbox 3492 1387 3664 1441; x_wconf 80' lang='lat' dir='ltr'><strong>excel-</strong></span> 
     </span>
    </p>
   </div>
   <div class='ocr_carea' id='block_1_74' title="bbox 2106 1467 3662 1547">
    <p class='ocr_par' dir='ltr' id='par_1_74' title="bbox 2106 1467 3662 1547">
     <span class='ocr_line' id='line_1_75' title="bbox 2106 1467 3662 1547; baseline 0.009 -27"><span class='ocrx_word' id='word_1_576' title='bbox 2106 1467 2405 1540; x_wconf 90' lang='lat' dir='ltr'><strong>lentiusque</strong></span> <span class='ocrx_word' id='word_1_577' title='bbox 2450 1484 2568 1526; x_wconf 90' lang='lat' dir='ltr'><strong>esse</strong></span> <span class='ocrx_word' id='word_1_578' title='bbox 2610 1471 2959 1528; x_wconf 89' lang='lat' dir='ltr'><strong>demonstret.</strong></span> <span class='ocrx_word' id='word_1_579' title='bbox 2994 1475 3102 1528; x_wconf 92' lang='lat' dir='ltr'><strong>lloc</strong></span> <span class='ocrx_word' id='word_1_580' title='bbox 3149 1477 3215 1529; x_wconf 89' lang='lat' dir='ltr'><strong>ita</strong></span> <span class='ocrx_word' id='word_1_581' title='bbox 3242 1491 3360 1531; x_wconf 89' lang='lat' dir='ltr'><strong>esse</strong></span> <span class='ocrx_word' id='word_1_582' title='bbox 3388 1477 3575 1547; x_wconf 89' lang='lat' dir='ltr'><strong>probat</strong></span> <span class='ocrx_word' id='word_1_583' title='bbox 3599 1496 3662 1534; x_wconf 88' lang='lat' dir='ltr'><strong>ex</strong></span> 
     </span>
    </p>
   </div>
   <div class='ocr_carea' id='block_1_75' title="bbox 2103 1558 3665 1638">
    <p class='ocr_par' dir='ltr' id='par_1_75' title="bbox 2103 1558 3665 1638">
     <span class='ocr_line' id='line_1_76' title="bbox 2103 1558 3665 1638; baseline 0.006 -26"><span class='ocrx_word' id='word_1_584' title='bbox 2103 1573 2192 1623; x_wconf 88' lang='lat' dir='ltr'><strong>eo,</strong></span> <span class='ocrx_word' id='word_1_585' title='bbox 2235 1558 2374 1628; x_wconf 90' lang='lat' dir='ltr'><strong>quod</strong></span> <span class='ocrx_word' id='word_1_586' title='bbox 2419 1559 2674 1631; x_wconf 87' lang='lat' dir='ltr'><strong>deinceps</strong></span> <span class='ocrx_word' id='word_1_587' title='bbox 2718 1563 3020 1634; x_wconf 88' lang='lat' dir='ltr'><strong>subjungit,</strong></span> <span class='ocrx_word' id='word_1_588' title='bbox 3069 1565 3201 1632; x_wconf 84' lang='lat' dir='ltr'><strong>Quia</strong></span> <span class='ocrx_word' id='word_1_589' title='bbox 3249 1583 3349 1619; x_wconf 83' lang='lat' dir='ltr'><strong>non</strong></span> <span class='ocrx_word' id='word_1_590' title='bbox 3403 1570 3665 1638; x_wconf 76' lang='lat' dir='ltr'><strong>pepercisti</strong></span> 
     </span>
    </p>
   </div>
   <div class='ocr_carea' id='block_1_76' title="bbox 2105 1649 3664 1725">
    <p class='ocr_par' dir='ltr' id='par_1_76' title="bbox 2105 1649 3664 1725">
     <span class='ocr_line' id='line_1_77' title="bbox 2105 1649 3664 1725; baseline 0.009 -25"><span class='ocrx_word' id='word_1_591' title='bbox 2105 1649 2210 1715; x_wconf 81' lang='lat' dir='ltr'><strong>ﬁlio</strong></span> <span class='ocrx_word' id='word_1_592' title='bbox 2235 1657 2320 1701; x_wconf 85' lang='lat' dir='ltr'><strong>tuo</strong></span> <span class='ocrx_word' id='word_1_593' title='bbox 2339 1649 2519 1704; x_wconf 82' lang='lat' dir='ltr'><strong>dilecto</strong></span> <span class='ocrx_word' id='word_1_594' title='bbox 2547 1661 2750 1722; x_wconf 86' lang='lat' dir='ltr'><strong>propter</strong></span> <span class='ocrx_word' id='word_1_595' title='bbox 2777 1669 2875 1707; x_wconf 86' lang='lat' dir='ltr'><strong>me.</strong></span> <span class='ocrx_word' id='word_1_596' title='bbox 2897 1653 3009 1708; x_wconf 85' lang='lat' dir='ltr'><strong>Non</strong></span> <span class='ocrx_word' id='word_1_597' title='bbox 3049 1654 3319 1712; x_wconf 80' lang='lat' dir='ltr'><strong>dumtaxat</strong></span> <span class='ocrx_word' id='word_1_598' title='bbox 3347 1657 3498 1725; x_wconf 83' lang='lat' dir='ltr'><strong>dixit,</strong></span> <span class='ocrx_word' id='word_1_599' title='bbox 3529 1658 3664 1714; x_wconf 86' lang='lat' dir='ltr'><strong>Filio</strong></span> 
     </span>
    </p>
   </div>
   <div class='ocr_carea' id='block_1_77' title="bbox 2104 1742 3663 1810">
    <p class='ocr_par' dir='ltr' id='par_1_77' title="bbox 2104 1742 3663 1810">
     <span class='ocr_line' id='line_1_78' title="bbox 2104 1742 3663 1810; baseline 0.01 -16"><span class='ocrx_word' id='word_1_600' title='bbox 2104 1749 2215 1808; x_wconf 91' lang='lat' dir='ltr'><strong>tuo,</strong></span> <span class='ocrx_word' id='word_1_601' title='bbox 2242 1742 2358 1808; x_wconf 87' lang='lat' dir='ltr'><strong>sed,</strong></span> <span class='ocrx_word' id='word_1_602' title='bbox 2391 1742 2527 1798; x_wconf 80' lang='lat' dir='ltr'><strong>Filio</strong></span> <span class='ocrx_word' id='word_1_603' title='bbox 2568 1746 2768 1800; x_wconf 84' lang='lat' dir='ltr'><strong>dilecto.</strong></span> <span class='ocrx_word' id='word_1_604' title='bbox 2798 1745 2913 1801; x_wconf 91' lang='lat' dir='ltr'><strong>Non</strong></span> <span class='ocrx_word' id='word_1_605' title='bbox 2957 1749 3095 1802; x_wconf 91' lang='lat' dir='ltr'><strong>enim</strong></span> <span class='ocrx_word' id='word_1_606' title='bbox 3141 1750 3394 1806; x_wconf 87' lang='lat' dir='ltr'><strong>adversus</strong></span> <span class='ocrx_word' id='word_1_607' title='bbox 3424 1764 3663 1810; x_wconf 80' lang='lat' dir='ltr'><strong>naturam</strong></span> 
     </span>
    </p>
   </div>
   <div class='ocr_carea' id='block_1_78' title="bbox 2106 1833 3662 1912">
    <p class='ocr_par' dir='ltr' id='par_1_78' title="bbox 2106 1833 3662 1912">
     <span class='ocr_line' id='line_1_79' title="bbox 2106 1833 3662 1912; baseline 0.009 -27"><span class='ocrx_word' id='word_1_608' title='bbox 2106 1840 2327 1895; x_wconf 91' lang='lat' dir='ltr'><strong>tantum,</strong></span> <span class='ocrx_word' id='word_1_609' title='bbox 2355 1833 2449 1888; x_wconf 92' lang='lat' dir='ltr'><strong>sed</strong></span> <span class='ocrx_word' id='word_1_610' title='bbox 2479 1835 2644 1890; x_wconf 90' lang='lat' dir='ltr'><strong>etiam</strong></span> <span class='ocrx_word' id='word_1_611' title='bbox 2675 1837 2929 1891; x_wconf 80' lang='lat' dir='ltr'><strong>adversus</strong></span> <span class='ocrx_word' id='word_1_612' title='bbox 2955 1836 3343 1895; x_wconf 78' lang='lat' dir='ltr'><strong>benevolentia:</strong></span> <span class='ocrx_word' id='word_1_613' title='bbox 3369 1842 3617 1899; x_wconf 79' lang='lat' dir='ltr'><strong>allectum</strong></span> <span class='ocrx_word' id='word_1_614' title='bbox 3644 1887 3662 1912; x_wconf 94' lang='lat'><strong>,</strong></span> 
     </span>
    </p>
   </div>
   <div class='ocr_carea' id='block_1_79' title="bbox 2104 1925 3664 2004">
    <p class='ocr_par' dir='ltr' id='par_1_79' title="bbox 2104 1925 3664 2004">
     <span class='ocr_line' id='line_1_80' title="bbox 2104 1925 3664 2004; baseline 0.01 -27"><span class='ocrx_word' id='word_1_615' title='bbox 2104 1925 2192 1994; x_wconf 89' lang='lat' dir='ltr'><strong>qui</strong></span> <span class='ocrx_word' id='word_1_616' title='bbox 2219 1934 2326 1979; x_wconf 92' lang='lat' dir='ltr'><strong>tum</strong></span> <span class='ocrx_word' id='word_1_617' title='bbox 2369 1925 2438 1979; x_wconf 91' lang='lat' dir='ltr'><strong>ob</strong></span> <span class='ocrx_word' id='word_1_618' title='bbox 2468 1927 2710 1996; x_wconf 87' lang='lat' dir='ltr'><strong>pr0prios</strong></span> <span class='ocrx_word' id='word_1_619' title='bbox 2750 1945 2960 1996; x_wconf 82' lang='lat' dir='ltr'><strong>mores,</strong></span> <span class='ocrx_word' id='word_1_620' title='bbox 3012 1940 3119 1985; x_wconf 92' lang='lat' dir='ltr'><strong>tum</strong></span> <span class='ocrx_word' id='word_1_621' title='bbox 3151 1933 3219 1986; x_wconf 93' lang='lat' dir='ltr'><strong>ob</strong></span> <span class='ocrx_word' id='word_1_622' title='bbox 3246 1949 3484 2003; x_wconf 88' lang='lat' dir='ltr'><strong>magnam</strong></span> <span class='ocrx_word' id='word_1_623' title='bbox 3521 1941 3664 2004; x_wconf 87' lang='lat' dir='ltr'><strong>pueri</strong></span> 
     </span>
    </p>
   </div>
   <div class='ocr_carea' id='block_1_80' title="bbox 2105 2015 3666 2093">
    <p class='ocr_par' dir='ltr' id='par_1_80' title="bbox 2105 2015 3666 2093">
     <span class='ocr_line' id='line_1_81' title="bbox 2105 2015 3666 2093; baseline 0.009 -25"><span class='ocrx_word' id='word_1_624' title='bbox 2105 2015 2348 2070; x_wconf 88' lang='lat' dir='ltr'><strong>virtutem</strong></span> <span class='ocrx_word' id='word_1_625' title='bbox 2377 2017 2560 2086; x_wconf 83' lang='lat' dir='ltr'><strong>ingens</strong></span> <span class='ocrx_word' id='word_1_626' title='bbox 2602 2029 2736 2086; x_wconf 87' lang='lat' dir='ltr'><strong>erat,</strong></span> <span class='ocrx_word' id='word_1_627' title='bbox 2787 2021 3107 2090; x_wconf 90' lang='lat' dir='ltr'><strong>intrepidum</strong></span> <span class='ocrx_word' id='word_1_628' title='bbox 3136 2037 3194 2078; x_wconf 90' lang='lat' dir='ltr'><strong>se</strong></span> <span class='ocrx_word' id='word_1_629' title='bbox 3224 2024 3468 2093; x_wconf 62' lang='lat' dir='ltr'><strong>praibuit.</strong></span> <span class='ocrx_word' id='word_1_630' title='bbox 3515 2027 3666 2093; x_wconf 85' lang='lat' dir='ltr'><strong>Quod</strong></span> 
     </span>
    </p>
   </div>
   <div class='ocr_carea' id='block_1_81' title="bbox 2104 2108 3669 2185">
    <p class='ocr_par' dir='ltr' id='par_1_81' title="bbox 2104 2108 3669 2185">
     <span class='ocr_line' id='line_1_82' title="bbox 2104 2108 3669 2185; baseline 0.008 -23"><span class='ocrx_word' id='word_1_631' title='bbox 2104 2108 2172 2172; x_wconf 88' lang='lat' dir='ltr'><strong>si.</strong></span> <span class='ocrx_word' id='word_1_632' title='bbox 2201 2123 2268 2163; x_wconf 91' lang='lat' dir='ltr'><strong>ne</strong></span> <span class='ocrx_word' id='word_1_633' title='bbox 2293 2118 2348 2164; x_wconf 94' lang='lat' dir='ltr'><strong>ut</strong></span> <span class='ocrx_word' id='word_1_634' title='bbox 2374 2111 2642 2180; x_wconf 88' lang='lat' dir='ltr'><strong>improbos</strong></span> <span class='ocrx_word' id='word_1_635' title='bbox 2667 2113 2878 2183; x_wconf 87' lang='lat' dir='ltr'><strong>quidem</strong></span> <span class='ocrx_word' id='word_1_636' title='bbox 2927 2114 3065 2170; x_wconf 87' lang='lat' dir='ltr'><strong>ﬁlios</strong></span> <span class='ocrx_word' id='word_1_637' title='bbox 3089 2127 3460 2185; x_wconf 87' lang='lat' dir='ltr'><strong>aspernentur,</strong></span> <span class='ocrx_word' id='word_1_638' title='bbox 3515 2119 3669 2176; x_wconf 79' lang='lat' dir='ltr'><strong>facile</strong></span> 
     </span>
    </p>
   </div>
   <div class='ocr_carea' id='block_1_82' title="bbox 2105 2199 3670 2280">
    <p class='ocr_par' dir='ltr' id='par_1_82' title="bbox 2105 2199 3670 2280">
     <span class='ocr_line' id='line_1_83' title="bbox 2105 2199 3670 2280; baseline 0.008 -28"><span class='ocrx_word' id='word_1_639' title='bbox 2105 2199 2292 2254; x_wconf 88' lang='lat' dir='ltr'><strong>adduci</strong></span> <span class='ocrx_word' id='word_1_640' title='bbox 2323 2211 2566 2270; x_wconf 82' lang='lat' dir='ltr'><strong>parentes</strong></span> <span class='ocrx_word' id='word_1_641' title='bbox 2596 2214 2814 2272; x_wconf 90' lang='lat' dir='ltr'><strong>queunt,</strong></span> <span class='ocrx_word' id='word_1_642' title='bbox 2847 2219 3028 2258; x_wconf 87' lang='lat' dir='ltr'><strong>verum</strong></span> <span class='ocrx_word' id='word_1_643' title='bbox 3065 2221 3159 2260; x_wconf 89' lang='lat' dir='ltr'><strong>eos</strong></span> <span class='ocrx_word' id='word_1_644' title='bbox 3182 2221 3392 2278; x_wconf 87' lang='lat' dir='ltr'><strong>quoque</strong></span> <span class='ocrx_word' id='word_1_645' title='bbox 3423 2208 3670 2280; x_wconf 84' lang='lat' dir='ltr'><strong>lacrymis</strong></span> 
     </span>
    </p>
   </div>
   <div class='ocr_carea' id='block_1_83' title="bbox 2106 2294 3669 2368">
    <p class='ocr_par' dir='ltr' id='par_1_83' title="bbox 2106 2294 3669 2368">
     <span class='ocr_line' id='line_1_84' title="bbox 2106 2294 3669 2368; baseline 0.008 -24"><span class='ocrx_word' id='word_1_646' title='bbox 2106 2300 2501 2360; x_wconf 83' lang='lat' dir='ltr'><strong>prosequuntur</strong></span> <span class='ocrx_word' id='word_1_647' title='bbox 2533 2310 2546 2347; x_wconf 83' lang='lat' dir='ltr'><strong><em>z</em></strong></span> <span class='ocrx_word' id='word_1_648' title='bbox 2574 2307 2693 2347; x_wconf 89' lang='lat' dir='ltr'><strong>cum</strong></span> <span class='ocrx_word' id='word_1_649' title='bbox 2715 2303 2769 2349; x_wconf 92' lang='lat' dir='ltr'><strong>et</strong></span> <span class='ocrx_word' id='word_1_650' title='bbox 2795 2294 2933 2350; x_wconf 91' lang='lat' dir='ltr'><strong>ﬁlius</strong></span> <span class='ocrx_word' id='word_1_651' title='bbox 2975 2294 3154 2362; x_wconf 79' lang='lat' dir='ltr'><strong>fuerit,</strong></span> <span class='ocrx_word' id='word_1_652' title='bbox 3180 2307 3233 2351; x_wconf 93' lang='lat' dir='ltr'><strong>et</strong></span> <span class='ocrx_word' id='word_1_653' title='bbox 3282 2315 3584 2368; x_wconf 89' lang='lat' dir='ltr'><strong>germanus,</strong></span> <span class='ocrx_word' id='word_1_654' title='bbox 3617 2313 3669 2358; x_wconf 86' lang='lat' dir='ltr'><strong>et</strong></span> 
     </span>
    </p>
   </div>
   <div class='ocr_carea' id='block_1_84' title="bbox 2107 2381 3666 2460">
    <p class='ocr_par' dir='ltr' id='par_1_84' title="bbox 2107 2381 3666 2460">
     <span class='ocr_line' id='line_1_85' title="bbox 2107 2381 3666 2460; baseline 0.007 -26"><span class='ocrx_word' id='word_1_655' title='bbox 2107 2381 2428 2451; x_wconf 86' lang='lat' dir='ltr'><strong>unigenitus,</strong></span> <span class='ocrx_word' id='word_1_656' title='bbox 2452 2392 2506 2437; x_wconf 88' lang='lat' dir='ltr'><strong>et</strong></span> <span class='ocrx_word' id='word_1_657' title='bbox 2527 2383 2772 2449; x_wconf 90' lang='lat' dir='ltr'><strong>dilectus,</strong></span> <span class='ocrx_word' id='word_1_658' title='bbox 2801 2395 2857 2441; x_wconf 91' lang='lat' dir='ltr'><strong>et</strong></span> <span class='ocrx_word' id='word_1_659' title='bbox 2886 2386 3051 2453; x_wconf 90' lang='lat' dir='ltr'><strong>lsaac,</strong></span> <span class='ocrx_word' id='word_1_660' title='bbox 3079 2397 3132 2441; x_wconf 91' lang='lat' dir='ltr'><strong>et</strong></span> <span class='ocrx_word' id='word_1_661' title='bbox 3166 2389 3234 2442; x_wconf 87' lang='lat' dir='ltr'><strong>ab</strong></span> <span class='ocrx_word' id='word_1_662' title='bbox 3263 2389 3380 2458; x_wconf 90' lang='lat' dir='ltr'><strong>ipso</strong></span> <span class='ocrx_word' id='word_1_663' title='bbox 3411 2401 3557 2459; x_wconf 89' lang='lat' dir='ltr'><strong>patre</strong></span> <span class='ocrx_word' id='word_1_664' title='bbox 3577 2392 3666 2460; x_wconf 87' lang='lat' dir='ltr'><strong>jn-</strong></span> 
     </span>
    </p>
   </div>
   <div class='ocr_carea' id='block_1_85' title="bbox 2105 2471 3667 2551">
    <p class='ocr_par' dir='ltr' id='par_1_85' title="bbox 2105 2471 3667 2551">
     <span class='ocr_line' id='line_1_86' title="bbox 2105 2471 3667 2551; baseline 0.008 -27"><span class='ocrx_word' id='word_1_665' title='bbox 2105 2471 2367 2542; x_wconf 89' lang='lat' dir='ltr'><strong>gulandus</strong></span> <span class='ocrx_word' id='word_1_666' title='bbox 2388 2474 2478 2539; x_wconf 93' lang='lat' dir='ltr'><strong>sit,</strong></span> <span class='ocrx_word' id='word_1_667' title='bbox 2496 2475 2734 2544; x_wconf 91' lang='lat' dir='ltr'><strong>quisnam</strong></span> <span class='ocrx_word' id='word_1_668' title='bbox 2751 2476 3110 2532; x_wconf 87' lang='lat' dir='ltr'><strong>incredibilem</strong></span> <span class='ocrx_word' id='word_1_669' title='bbox 3126 2478 3264 2532; x_wconf 90' lang='lat' dir='ltr'><strong>illam</strong></span> <span class='ocrx_word' id='word_1_670' title='bbox 3285 2480 3667 2551; x_wconf 85' lang='lat' dir='ltr'><strong>philosophiam</strong></span> 
     </span>
    </p>
   </div>
   <div class='ocr_carea' id='block_1_86' title="bbox 2105 2565 3671 2638">
    <p class='ocr_par' dir='ltr' id='par_1_86' title="bbox 2105 2565 3671 2638">
     <span class='ocr_line' id='line_1_87' title="bbox 2105 2565 3671 2638; baseline 0.008 -21"><span class='ocrx_word' id='word_1_671' title='bbox 2105 2565 2283 2619; x_wconf 89' lang='lat' dir='ltr'><strong>verbis</strong></span> <span class='ocrx_word' id='word_1_672' title='bbox 2303 2567 2579 2635; x_wconf 89' lang='lat' dir='ltr'><strong>complecti</strong></span> <span class='ocrx_word' id='word_1_673' title='bbox 2603 2568 2810 2638; x_wconf 83' lang='lat' dir='ltr'><strong>possit?</strong></span> <span class='ocrx_word' id='word_1_674' title='bbox 2829 2568 3088 2624; x_wconf 86' lang='lat' dir='ltr'><strong>Nimirum</strong></span> <span class='ocrx_word' id='word_1_675' title='bbox 3116 2571 3219 2626; x_wconf 89' lang='lat' dir='ltr'><strong>hoc</strong></span> <span class='ocrx_word' id='word_1_676' title='bbox 3237 2581 3503 2628; x_wconf 89' lang='lat' dir='ltr'><strong>certamen</strong></span> <span class='ocrx_word' id='word_1_677' title='bbox 3528 2575 3671 2630; x_wconf 87' lang='lat' dir='ltr'><strong>mille</strong></span> 
     </span>
    </p>
   </div>
   <div class='ocr_carea' id='block_1_87' title="bbox 2107 2652 3669 2734">
    <p class='ocr_par' dir='ltr' id='par_1_87' title="bbox 2107 2652 3669 2734">
     <span class='ocr_line' id='line_1_88' title="bbox 2107 2652 3669 2734; baseline 0.008 -27"><span class='ocrx_word' id='word_1_678' title='bbox 2107 2652 2409 2709; x_wconf 89' lang='lat' dir='ltr'><strong>diademata</strong></span> <span class='ocrx_word' id='word_1_679' title='bbox 2432 2665 2590 2727; x_wconf 91' lang='lat' dir='ltr'><strong>atque</strong></span> <span class='ocrx_word' id='word_1_680' title='bbox 2620 2659 2928 2714; x_wconf 89' lang='lat' dir='ltr'><strong>innumeras</strong></span> <span class='ocrx_word' id='word_1_681' title='bbox 2953 2675 3180 2716; x_wconf 87' lang='lat' dir='ltr'><strong>coronas</strong></span> <span class='ocrx_word' id='word_1_682' title='bbox 3202 2662 3487 2732; x_wconf 89' lang='lat' dir='ltr'><strong>splendore</strong></span> <span class='ocrx_word' id='word_1_683' title='bbox 3511 2681 3669 2734; x_wconf 85' lang='lat' dir='ltr'><strong>supe-</strong></span> 
     </span>
    </p>
   </div>
   <div class='ocr_carea' id='block_1_88' title="bbox 2107 2745 3668 2828">
    <p class='ocr_par' dir='ltr' id='par_1_88' title="bbox 2107 2745 3668 2828">
     <span class='ocr_line' id='line_1_89' title="bbox 2107 2745 3668 2828; baseline 0.008 -29"><span class='ocrx_word' id='word_1_684' title='bbox 2107 2753 2207 2799; x_wconf 91' lang='lat' dir='ltr'><strong>rat.</strong></span> <span class='ocrx_word' id='word_1_685' title='bbox 2240 2745 2444 2800; x_wconf 89' lang='lat' dir='ltr'><strong>Etenim</strong></span> <span class='ocrx_word' id='word_1_686' title='bbox 2471 2747 2540 2811; x_wconf 92' lang='lat' dir='ltr'><strong>ei,</strong></span> <span class='ocrx_word' id='word_1_687' title='bbox 2567 2748 2656 2819; x_wconf 93' lang='lat' dir='ltr'><strong>qni</strong></span> <span class='ocrx_word' id='word_1_688' title='bbox 2693 2764 2943 2804; x_wconf 89' lang='lat' dir='ltr'><strong>coronam</strong></span> <span class='ocrx_word' id='word_1_689' title='bbox 2974 2751 3116 2806; x_wconf 90' lang='lat' dir='ltr'><strong>illam</strong></span> <span class='ocrx_word' id='word_1_690' title='bbox 3155 2755 3310 2824; x_wconf 90' lang='lat' dir='ltr'><strong>gerit,</strong></span> <span class='ocrx_word' id='word_1_691' title='bbox 3359 2757 3668 2828; x_wconf 87' lang='lat' dir='ltr'><strong>plerumque</strong></span> 
     </span>
    </p>
   </div>
   <div class='ocr_carea' id='block_1_89' title="bbox 2108 2839 3672 2909">
    <p class='ocr_par' dir='ltr' id='par_1_89' title="bbox 2108 2839 3672 2909">
     <span class='ocr_line' id='line_1_90' title="bbox 2108 2839 3672 2909; baseline 0.01 -20"><span class='ocrx_word' id='word_1_692' title='bbox 2108 2842 2161 2889; x_wconf 93' lang='lat' dir='ltr'><strong>et</strong></span> <span class='ocrx_word' id='word_1_693' title='bbox 2190 2850 2334 2890; x_wconf 90' lang='lat' dir='ltr'><strong>mors</strong></span> <span class='ocrx_word' id='word_1_694' title='bbox 2353 2839 2730 2906; x_wconf 90' lang='lat' dir='ltr'><strong>superveniens</strong></span> <span class='ocrx_word' id='word_1_695' title='bbox 2759 2839 2948 2896; x_wconf 88' lang='lat' dir='ltr'><strong>infesta</strong></span> <span class='ocrx_word' id='word_1_696' title='bbox 2974 2850 3076 2909; x_wconf 89' lang='lat' dir='ltr'><strong>est,</strong></span> <span class='ocrx_word' id='word_1_697' title='bbox 3098 2853 3149 2900; x_wconf 88' lang='lat' dir='ltr'><strong>et</strong></span> <span class='ocrx_word' id='word_1_698' title='bbox 3177 2845 3325 2899; x_wconf 89' lang='lat' dir='ltr'><strong>mille</strong></span> <span class='ocrx_word' id='word_1_699' title='bbox 3363 2847 3522 2900; x_wconf 90' lang='lat' dir='ltr'><strong>etiam</strong></span> <span class='ocrx_word' id='word_1_700' title='bbox 3549 2860 3672 2904; x_wconf 85' lang='lat' dir='ltr'><strong>ante</strong></span> 
     </span>
    </p>
   </div>
   <div class='ocr_carea' id='block_1_90' title="bbox 2109 2930 3670 3010">
    <p class='ocr_par' dir='ltr' id='par_1_90' title="bbox 2109 2930 3670 3010">
     <span class='ocr_line' id='line_1_91' title="bbox 2109 2930 3670 3010; baseline 0.008 -30"><span class='ocrx_word' id='word_1_701' title='bbox 2109 2935 2334 2981; x_wconf 87' lang='lat' dir='ltr'><strong>mortem</strong></span> <span class='ocrx_word' id='word_1_702' title='bbox 2365 2944 2541 2982; x_wconf 90' lang='lat' dir='ltr'><strong>rerum</strong></span> <span class='ocrx_word' id='word_1_703' title='bbox 2573 2930 2778 2986; x_wconf 72' lang='lat' dir='ltr'><strong>insidia:</strong></span> <span class='ocrx_word' id='word_1_704' title='bbox 2808 2951 2822 2984; x_wconf 91' lang='lat'>:</span> <span class='ocrx_word' id='word_1_705' title='bbox 2851 2933 2953 2988; x_wconf 89' lang='lat' dir='ltr'><strong>hoc</strong></span> <span class='ocrx_word' id='word_1_706' title='bbox 2983 2943 3158 2990; x_wconf 88' lang='lat' dir='ltr'><strong>autem</strong></span> <span class='ocrx_word' id='word_1_707' title='bbox 3185 2935 3482 2994; x_wconf 88' lang='lat' dir='ltr'><strong>diademate</strong></span> <span class='ocrx_word' id='word_1_708' title='bbox 3523 2943 3670 3010; x_wconf 83' lang='lat' dir='ltr'><strong>quis-</strong></span> 
     </span>
    </p>
   </div>
   <div class='ocr_carea' id='block_1_91' title="bbox 2107 3017 3669 3099">
    <p class='ocr_par' dir='ltr' id='par_1_91' title="bbox 2107 3017 3669 3099">
     <span class='ocr_line' id='line_1_92' title="bbox 2107 3017 3669 3099; baseline 0.011 -31"><span class='ocrx_word' id='word_1_709' title='bbox 2107 3017 2230 3086; x_wconf 91' lang='lat' dir='ltr'><strong>quis</strong></span> <span class='ocrx_word' id='word_1_710' title='bbox 2253 3018 2529 3075; x_wconf 88' lang='lat' dir='ltr'><strong>redimitus</strong></span> <span class='ocrx_word' id='word_1_711' title='bbox 2555 3019 2732 3089; x_wconf 86' lang='lat' dir='ltr'><strong>fuerit,</strong></span> <span class='ocrx_word' id='word_1_712' title='bbox 2764 3021 2816 3076; x_wconf 91' lang='lat' dir='ltr'><strong>id</strong></span> <span class='ocrx_word' id='word_1_713' title='bbox 2845 3023 2896 3078; x_wconf 90' lang='lat' dir='ltr'><strong>ei</strong></span> <span class='ocrx_word' id='word_1_714' title='bbox 2929 3038 2994 3078; x_wconf 90' lang='lat' dir='ltr'><strong>ne</strong></span> <span class='ocrx_word' id='word_1_715' title='bbox 3025 3035 3144 3094; x_wconf 89' lang='lat' dir='ltr'><strong>post</strong></span> <span class='ocrx_word' id='word_1_716' title='bbox 3185 3035 3408 3081; x_wconf 91' lang='lat' dir='ltr'><strong>mortem</strong></span> <span class='ocrx_word' id='word_1_717' title='bbox 3459 3029 3669 3099; x_wconf 88' lang='lat' dir='ltr'><strong>quidem</strong></span> 
     </span>
    </p>
   </div>
   <div class='ocr_carea' id='block_1_92' title="bbox 2107 3110 3672 3186">
    <p class='ocr_par' dir='ltr' id='par_1_92' title="bbox 2107 3110 3672 3186">
     <span class='ocr_line' id='line_1_93' title="bbox 2107 3110 3672 3186; baseline 0.008 -24"><span class='ocrx_word' id='word_1_718' title='bbox 2107 3110 2385 3180; x_wconf 91' lang='lat' dir='ltr'><strong>quisquam</strong></span> <span class='ocrx_word' id='word_1_719' title='bbox 2416 3110 2624 3182; x_wconf 90' lang='lat' dir='ltr'><strong>eripere</strong></span> <span class='ocrx_word' id='word_1_720' title='bbox 2648 3113 2863 3184; x_wconf 90' lang='lat' dir='ltr'><strong>poterit,</strong></span> <span class='ocrx_word' id='word_1_721' title='bbox 2893 3128 3015 3186; x_wconf 88' lang='lat' dir='ltr'><strong>non</strong></span> <span class='ocrx_word' id='word_1_722' title='bbox 3040 3129 3255 3171; x_wconf 88' lang='lat' dir='ltr'><strong>suorum</strong></span> <span class='ocrx_word' id='word_1_723' title='bbox 3276 3159 3292 3186; x_wconf 91' lang='lat'><strong>,</strong></span> <span class='ocrx_word' id='word_1_724' title='bbox 3343 3134 3448 3174; x_wconf 92' lang='lat' dir='ltr'><strong>non</strong></span> <span class='ocrx_word' id='word_1_725' title='bbox 3473 3121 3672 3176; x_wconf 85' lang='lat' dir='ltr'><strong>alieno-</strong></span> 
     </span>
    </p>
   </div>
   <div class='ocr_carea' id='block_1_93' title="bbox 2107 3203 3672 3279">
    <p class='ocr_par' dir='ltr' id='par_1_93' title="bbox 2107 3203 3672 3279">
     <span class='ocr_line' id='line_1_94' title="bbox 2107 3203 3672 3279; baseline 0.01 -25"><span class='ocrx_word' id='word_1_726' title='bbox 2107 3216 2244 3255; x_wconf 90' lang='lat' dir='ltr'><strong>rum.</strong></span> <span class='ocrx_word' id='word_1_727' title='bbox 2272 3203 2446 3272; x_wconf 84' lang='lat' dir='ltr'><strong>Atque</strong></span> <span class='ocrx_word' id='word_1_728' title='bbox 2483 3204 2642 3258; x_wconf 91' lang='lat' dir='ltr'><strong>etiam</strong></span> <span class='ocrx_word' id='word_1_729' title='bbox 2685 3205 3126 3274; x_wconf 88' lang='lat' dir='ltr'><strong>pretiosissimum</strong></span> <span class='ocrx_word' id='word_1_730' title='bbox 3178 3209 3332 3279; x_wconf 88' lang='lat' dir='ltr'><strong>hujus</strong></span> <span class='ocrx_word' id='word_1_731' title='bbox 3361 3213 3672 3270; x_wconf 84' lang='lat' dir='ltr'><strong>diadematis</strong></span> 
     </span>
    </p>
   </div>
   <div class='ocr_carea' id='block_1_94' title="bbox 2107 3292 3670 3374">
    <p class='ocr_par' dir='ltr' id='par_1_94' title="bbox 2107 3292 3670 3374">
     <span class='ocr_line' id='line_1_95' title="bbox 2107 3292 3670 3374; baseline 0.01 -29"><span class='ocrx_word' id='word_1_732' title='bbox 2107 3292 2335 3363; x_wconf 91' lang='lat' dir='ltr'><strong>lapidem</strong></span> <span class='ocrx_word' id='word_1_733' title='bbox 2358 3294 2648 3364; x_wconf 88' lang='lat' dir='ltr'><strong>perspicias</strong></span> <span class='ocrx_word' id='word_1_734' title='bbox 2674 3296 2854 3354; x_wconf 91' lang='lat' dir='ltr'><strong>velim.</strong></span> <span class='ocrx_word' id='word_1_735' title='bbox 2878 3296 3103 3354; x_wconf 89' lang='lat' dir='ltr'><strong>Utenim</strong></span> <span class='ocrx_word' id='word_1_736' title='bbox 3132 3301 3393 3370; x_wconf 88' lang='lat' dir='ltr'><strong>pretiosus</strong></span> <span class='ocrx_word' id='word_1_737' title='bbox 3416 3304 3565 3374; x_wconf 76' lang='lat' dir='ltr'><strong>lapis,</strong></span> <span class='ocrx_word' id='word_1_738' title='bbox 3593 3307 3670 3360; x_wconf 91' lang='lat' dir='ltr'><strong>sic</strong></span> 
     </span>
    </p>
   </div>
   <div class='ocr_carea' id='block_1_95' title="bbox 2107 3384 3670 3464">
    <p class='ocr_par' dir='ltr' id='par_1_95' title="bbox 2107 3384 3670 3464">
     <span class='ocr_line' id='line_1_96' title="bbox 2107 3384 3670 3464; baseline 0.009 -25"><span class='ocrx_word' id='word_1_739' title='bbox 2107 3399 2228 3439; x_wconf 90' lang='lat' dir='ltr'><strong>enm</strong></span> <span class='ocrx_word' id='word_1_740' title='bbox 2257 3384 2324 3438; x_wconf 91' lang='lat' dir='ltr'><strong>ad</strong></span> <span class='ocrx_word' id='word_1_741' title='bbox 2355 3394 2652 3440; x_wconf 85' lang='lat' dir='ltr'><strong>extremum</strong></span> <span class='ocrx_word' id='word_1_742' title='bbox 2677 3387 2857 3458; x_wconf 91' lang='lat' dir='ltr'><strong>cingit.</strong></span> <span class='ocrx_word' id='word_1_743' title='bbox 2898 3389 3156 3457; x_wconf 87' lang='lat' dir='ltr'><strong>Quidnam</strong></span> <span class='ocrx_word' id='word_1_744' title='bbox 3191 3402 3365 3447; x_wconf 89' lang='lat' dir='ltr'><strong>autem</strong></span> <span class='ocrx_word' id='word_1_745' title='bbox 3414 3395 3512 3451; x_wconf 91' lang='lat' dir='ltr'><strong>hoc</strong></span> <span class='ocrx_word' id='word_1_746' title='bbox 3554 3408 3670 3464; x_wconf 89' lang='lat' dir='ltr'><strong>est,</strong></span> 
     </span>
    </p>
   </div>
   <div class='ocr_carea' id='block_1_96' title="bbox 2107 3474 3668 3554">
    <p class='ocr_par' dir='ltr' id='par_1_96' title="bbox 2107 3474 3668 3554">
     <span class='ocr_line' id='line_1_97' title="bbox 2107 3474 3668 3554; baseline 0.01 -25"><span class='ocrx_word' id='word_1_747' title='bbox 2107 3474 2326 3546; x_wconf 86' lang='lat' dir='ltr'><strong>Propter</strong></span> <span class='ocrx_word' id='word_1_748' title='bbox 2348 3479 2464 3533; x_wconf 88' lang='lat' dir='ltr'><strong>me?</strong></span> <span class='ocrx_word' id='word_1_749' title='bbox 2487 3477 2668 3550; x_wconf 89' lang='lat' dir='ltr'><strong>Neque</strong></span> <span class='ocrx_word' id='word_1_750' title='bbox 2693 3481 2832 3536; x_wconf 89' lang='lat' dir='ltr'><strong>enim</strong></span> <span class='ocrx_word' id='word_1_751' title='bbox 2858 3481 2959 3536; x_wconf 90' lang='lat' dir='ltr'><strong>hoc</strong></span> <span class='ocrx_word' id='word_1_752' title='bbox 2987 3492 3087 3547; x_wconf 92' lang='lat' dir='ltr'><strong>est,</strong></span> <span class='ocrx_word' id='word_1_753' title='bbox 3110 3485 3246 3554; x_wconf 91' lang='lat' dir='ltr'><strong>quod</strong></span> <span class='ocrx_word' id='word_1_754' title='bbox 3268 3485 3668 3545; x_wconf 88' lang='lat' dir='ltr'><strong>admirationem</strong></span> 
     </span>
    </p>
   </div>
   <div class='ocr_carea' id='block_1_97' title="bbox 2107 3571 3671 3649">
    <p class='ocr_par' dir='ltr' id='par_1_97' title="bbox 2107 3571 3671 3649">
     <span class='ocr_line' id='line_1_98' title="bbox 2107 3571 3671 3649; baseline 0.008 -27"><span class='ocrx_word' id='word_1_755' title='bbox 2107 3579 2361 3635; x_wconf 80' lang='lat' dir='ltr'><strong>tueretur,</strong></span> <span class='ocrx_word' id='word_1_756' title='bbox 2391 3584 2580 3640; x_wconf 88' lang='lat' dir='ltr'><strong>nempe</strong></span> <span class='ocrx_word' id='word_1_757' title='bbox 2601 3571 2739 3641; x_wconf 89' lang='lat' dir='ltr'><strong>quod</strong></span> <span class='ocrx_word' id='word_1_758' title='bbox 2769 3587 2875 3626; x_wconf 91' lang='lat' dir='ltr'><strong>non</strong></span> <span class='ocrx_word' id='word_1_759' title='bbox 2908 3576 3241 3644; x_wconf 88' lang='lat' dir='ltr'><strong>pepercerit,</strong></span> <span class='ocrx_word' id='word_1_760' title='bbox 3268 3577 3360 3631; x_wconf 91' lang='lat' dir='ltr'><strong>sed</strong></span> <span class='ocrx_word' id='word_1_761' title='bbox 3383 3579 3519 3648; x_wconf 91' lang='lat' dir='ltr'><strong>quod</strong></span> <span class='ocrx_word' id='word_1_762' title='bbox 3549 3595 3671 3649; x_wconf 79' lang='lat' dir='ltr'><strong>pro-</strong></span> 
     </span>
    </p>
   </div>
   <div class='ocr_carea' id='block_1_98' title="bbox 2107 3660 3669 3737">
    <p class='ocr_par' dir='ltr' id='par_1_98' title="bbox 2107 3660 3669 3737">
     <span class='ocr_line' id='line_1_99' title="bbox 2107 3660 3669 3737; baseline 0.007 -23"><span class='ocrx_word' id='word_1_763' title='bbox 2107 3670 2226 3730; x_wconf 89' lang='lat' dir='ltr'><strong>pter</strong></span> <span class='ocrx_word' id='word_1_764' title='bbox 2253 3676 2396 3715; x_wconf 91' lang='lat' dir='ltr'><strong>eum.</strong></span> <span class='ocrx_word' id='word_1_765' title='bbox 2425 3660 2468 3716; x_wconf 94' lang='grc' dir='ltr'>Ο</span> <span class='ocrx_word' id='word_1_766' title='bbox 2493 3663 2765 3717; x_wconf 77' lang='lat' dir='ltr'><strong>dexteram</strong></span> <span class='ocrx_word' id='word_1_767' title='bbox 2793 3665 3033 3731; x_wconf 88' lang='lat' dir='ltr'><strong>beatam,</strong></span> <span class='ocrx_word' id='word_1_768' title='bbox 3083 3666 3226 3736; x_wconf 90' lang='lat' dir='ltr'><strong>quali</strong></span> <span class='ocrx_word' id='word_1_769' title='bbox 3261 3668 3435 3737; x_wconf 90' lang='lat' dir='ltr'><strong>gladio</strong></span> <span class='ocrx_word' id='word_1_770' title='bbox 3478 3670 3669 3725; x_wconf 91' lang='lat' dir='ltr'><strong>donata</strong></span> 
     </span>
    </p>
   </div>
   <div class='ocr_carea' id='block_1_99' title="bbox 2106 3750 3668 3826">
    <p class='ocr_par' dir='ltr' id='par_1_99' title="bbox 2106 3750 3668 3826">
     <span class='ocr_line' id='line_1_100' title="bbox 2106 3750 3668 3826; baseline 0.008 -20"><span class='ocrx_word' id='word_1_771' title='bbox 2106 3752 2219 3806; x_wconf 81' lang='lat' dir='ltr'><strong>est!</strong></span> <span class='ocrx_word' id='word_1_772' title='bbox 2251 3765 2284 3806; x_wconf 92' lang='grc' dir='ltr'><strong>ο</strong></span> <span class='ocrx_word' id='word_1_773' title='bbox 2311 3750 2678 3808; x_wconf 90' lang='lat' dir='ltr'><strong>admirandum</strong></span> <span class='ocrx_word' id='word_1_774' title='bbox 2717 3754 2971 3825; x_wconf 91' lang='lat' dir='ltr'><strong>gladium,</strong></span> <span class='ocrx_word' id='word_1_775' title='bbox 3018 3757 3161 3826; x_wconf 91' lang='lat' dir='ltr'><strong>quali</strong></span> <span class='ocrx_word' id='word_1_776' title='bbox 3191 3757 3402 3814; x_wconf 87' lang='lat' dir='ltr'><strong>dextera</strong></span> <span class='ocrx_word' id='word_1_777' title='bbox 3445 3761 3668 3818; x_wconf 88' lang='lat' dir='ltr'><strong>donatus</strong></span> 
     </span>
    </p>
   </div>
   <div class='ocr_carea' id='block_1_100' title="bbox 2106 3841 3664 3917">
    <p class='ocr_par' dir='ltr' id='par_1_100' title="bbox 2106 3841 3664 3917">
     <span class='ocr_line' id='line_1_101' title="bbox 2106 3841 3664 3917; baseline 0.007 -22"><span class='ocrx_word' id='word_1_778' title='bbox 2106 3848 2186 3895; x_wconf 88' lang='lat' dir='ltr'><strong>est</strong></span> <span class='ocrx_word' id='word_1_779' title='bbox 2210 3841 2223 3894; x_wconf 86' lang='lat' dir='ltr'><strong>l</strong></span> <span class='ocrx_word' id='word_1_780' title='bbox 2256 3855 2288 3895; x_wconf 96' lang='lat' dir='ltr'><strong>o</strong></span> <span class='ocrx_word' id='word_1_781' title='bbox 2314 3841 2522 3896; x_wconf 87' lang='lat' dir='ltr'><strong>beatum</strong></span> <span class='ocrx_word' id='word_1_782' title='bbox 2545 3843 2754 3913; x_wconf 91' lang='lat' dir='ltr'><strong>inquam</strong></span> <span class='ocrx_word' id='word_1_783' title='bbox 2781 3845 3030 3914; x_wconf 87' lang='lat' dir='ltr'><strong>gladium,</strong></span> <span class='ocrx_word' id='word_1_784' title='bbox 3063 3845 3128 3900; x_wconf 92' lang='lat' dir='ltr'><strong>ad</strong></span> <span class='ocrx_word' id='word_1_785' title='bbox 3158 3848 3296 3917; x_wconf 90' lang='lat' dir='ltr'><strong>quod</strong></span> <span class='ocrx_word' id='word_1_786' title='bbox 3320 3851 3664 3907; x_wconf 90' lang='lat' dir='ltr'><strong>ministerium</strong></span> 
     </span>
    </p>
   </div>
   <div class='ocr_carea' id='block_1_101' title="bbox 2107 3934 3665 4009">
    <p class='ocr_par' dir='ltr' id='par_1_101' title="bbox 2107 3934 3665 4009">
     <span class='ocr_line' id='line_1_102' title="bbox 2107 3934 3665 4009; baseline 0.008 -25"><span class='ocrx_word' id='word_1_787' title='bbox 2107 3943 2322 4001; x_wconf 87' lang='lat' dir='ltr'><strong>paratus</strong></span> <span class='ocrx_word' id='word_1_788' title='bbox 2368 3934 2482 3989; x_wconf 85' lang='lat' dir='ltr'><strong>est!</strong></span> <span class='ocrx_word' id='word_1_789' title='bbox 2515 3935 2656 4004; x_wconf 92' lang='lat' dir='ltr'><strong>quod</strong></span> <span class='ocrx_word' id='word_1_790' title='bbox 2683 3949 2875 3990; x_wconf 91' lang='lat' dir='ltr'><strong>munus</strong></span> <span class='ocrx_word' id='word_1_791' title='bbox 2905 3935 3088 4003; x_wconf 90' lang='lat' dir='ltr'><strong>obivit,</strong></span> <span class='ocrx_word' id='word_1_792' title='bbox 3116 3946 3170 3990; x_wconf 92' lang='lat' dir='ltr'><strong>et</strong></span> <span class='ocrx_word' id='word_1_793' title='bbox 3197 3939 3281 3991; x_wconf 94' lang='lat' dir='ltr'><strong>cui</strong></span> <span class='ocrx_word' id='word_1_794' title='bbox 3329 3940 3508 4009; x_wconf 75' lang='lat' dir='ltr'><strong>ﬁgurae</strong></span> <span class='ocrx_word' id='word_1_795' title='bbox 3538 3943 3665 3996; x_wconf 89' lang='lat' dir='ltr'><strong>sub-</strong></span> 
     </span>
    </p>
   </div>
   <div class='ocr_carea' id='block_1_102' title="bbox 2106 4024 3666 4096">
    <p class='ocr_par' dir='ltr' id='par_1_102' title="bbox 2106 4024 3666 4096">
     <span class='ocr_line' id='line_1_103' title="bbox 2106 4024 3666 4096; baseline 0.007 -18"><span class='ocrx_word' id='word_1_796' title='bbox 2106 4024 2361 4078; x_wconf 87' lang='lat' dir='ltr'><strong>servivit!</strong></span> <span class='ocrx_word' id='word_1_797' title='bbox 2389 4039 2618 4094; x_wconf 91' lang='lat' dir='ltr'><strong>quonam</strong></span> <span class='ocrx_word' id='word_1_798' title='bbox 2649 4035 2799 4096; x_wconf 89' lang='lat' dir='ltr'><strong>pacto</strong></span> <span class='ocrx_word' id='word_1_799' title='bbox 2825 4041 3018 4082; x_wconf 87' lang='lat' dir='ltr'><strong>cruore</strong></span> <span class='ocrx_word' id='word_1_800' title='bbox 3040 4029 3234 4084; x_wconf 90' lang='lat' dir='ltr'><strong>tinctus</strong></span> <span class='ocrx_word' id='word_1_801' title='bbox 3263 4040 3363 4094; x_wconf 89' lang='lat' dir='ltr'><strong>est,</strong></span> <span class='ocrx_word' id='word_1_802' title='bbox 3394 4043 3449 4087; x_wconf 86' lang='lat' dir='ltr'><strong>et</strong></span> <span class='ocrx_word' id='word_1_803' title='bbox 3477 4047 3666 4089; x_wconf 87' lang='lat' dir='ltr'><strong>cruore</strong></span> 
     </span>
    </p>
   </div>
   <div class='ocr_carea' id='block_1_103' title="bbox 2106 4117 3666 4192">
    <p class='ocr_par' dir='ltr' id='par_1_103' title="bbox 2106 4117 3666 4192">
     <span class='ocr_line' id='line_1_104' title="bbox 2106 4117 3666 4192; baseline 0.008 -23"><span class='ocrx_word' id='word_1_804' title='bbox 2106 4131 2212 4170; x_wconf 91' lang='lat' dir='ltr'><strong>non</strong></span> <span class='ocrx_word' id='word_1_805' title='bbox 2238 4125 2319 4170; x_wconf 89' lang='lat' dir='ltr'><strong>est</strong></span> <span class='ocrx_word' id='word_1_806' title='bbox 2348 4117 2578 4174; x_wconf 82' lang='lat' dir='ltr'><strong>tinctus!</strong></span> <span class='ocrx_word' id='word_1_807' title='bbox 2609 4118 2790 4189; x_wconf 87' lang='lat' dir='ltr'><strong>Neque</strong></span> <span class='ocrx_word' id='word_1_808' title='bbox 2817 4119 2979 4187; x_wconf 89' lang='lat' dir='ltr'><strong>enim,</strong></span> <span class='ocrx_word' id='word_1_809' title='bbox 3001 4136 3107 4191; x_wconf 91' lang='lat' dir='ltr'><strong>quo</strong></span> <span class='ocrx_word' id='word_1_810' title='bbox 3136 4123 3299 4178; x_wconf 88' lang='lat' dir='ltr'><strong>verbo</strong></span> <span class='ocrx_word' id='word_1_811' title='bbox 3327 4133 3464 4192; x_wconf 89' lang='lat' dir='ltr'><strong>utar,</strong></span> <span class='ocrx_word' id='word_1_812' title='bbox 3513 4129 3625 4181; x_wconf 90' lang='lat' dir='ltr'><strong>scio</strong></span> <span class='ocrx_word' id='word_1_813' title='bbox 3650 4147 3666 4183; x_wconf 89' lang='lat'><strong>:</strong></span> 
     </span>
    </p>
   </div>
   <div class='ocr_carea' id='block_1_104' title="bbox 2105 4207 3666 4287">
    <p class='ocr_par' dir='ltr' id='par_1_104' title="bbox 2105 4207 3666 4287">
     <span class='ocr_line' id='line_1_105' title="bbox 2105 4207 3666 4287; baseline 0.008 -27"><span class='ocrx_word' id='word_1_814' title='bbox 2105 4207 2240 4262; x_wconf 91' lang='lat' dir='ltr'><strong>adeo</strong></span> <span class='ocrx_word' id='word_1_815' title='bbox 2265 4208 2594 4264; x_wconf 91' lang='lat' dir='ltr'><strong>tremendum</strong></span> <span class='ocrx_word' id='word_1_816' title='bbox 2623 4210 2758 4265; x_wconf 91' lang='lat' dir='ltr'><strong>istud</strong></span> <span class='ocrx_word' id='word_1_817' title='bbox 2809 4209 3117 4282; x_wconf 85' lang='lat' dir='ltr'><strong>mysterium</strong></span> <span class='ocrx_word' id='word_1_818' title='bbox 3167 4223 3300 4269; x_wconf 89' lang='lat' dir='ltr'><strong>erat.</strong></span> <span class='ocrx_word' id='word_1_819' title='bbox 3351 4213 3468 4269; x_wconf 88' lang='lat' dir='ltr'><strong>Non</strong></span> <span class='ocrx_word' id='word_1_820' title='bbox 3516 4218 3666 4287; x_wconf 89' lang='lat' dir='ltr'><strong>pueri</strong></span> 
     </span>
    </p>
   </div>
   <div class='ocr_carea' id='block_1_105' title="bbox 2106 4297 3667 4372">
    <p class='ocr_par' dir='ltr' id='par_1_105' title="bbox 2106 4297 3667 4372">
     <span class='ocr_line' id='line_1_106' title="bbox 2106 4297 3667 4372; baseline 0.007 -21"><span class='ocrx_word' id='word_1_821' title='bbox 2106 4297 2297 4367; x_wconf 86' lang='lat' dir='ltr'><strong>pellem</strong></span> <span class='ocrx_word' id='word_1_822' title='bbox 2328 4299 2522 4370; x_wconf 88' lang='lat' dir='ltr'><strong>attigit,</strong></span> <span class='ocrx_word' id='word_1_823' title='bbox 2545 4315 2643 4354; x_wconf 90' lang='lat' dir='ltr'><strong>nec</strong></span> <span class='ocrx_word' id='word_1_824' title='bbox 2667 4303 2833 4355; x_wconf 91' lang='lat' dir='ltr'><strong>sancti</strong></span> <span class='ocrx_word' id='word_1_825' title='bbox 2865 4303 3006 4356; x_wconf 87' lang='lat' dir='ltr'><strong>illius</strong></span> <span class='ocrx_word' id='word_1_826' title='bbox 3026 4312 3205 4372; x_wconf 91' lang='lat' dir='ltr'><strong>guttur</strong></span> <span class='ocrx_word' id='word_1_827' title='bbox 3225 4305 3538 4372; x_wconf 79' lang='lat' dir='ltr'><strong>penetravit,</strong></span> <span class='ocrx_word' id='word_1_828' title='bbox 3567 4321 3667 4362; x_wconf 87' lang='lat' dir='ltr'><strong>nec</strong></span> 
     </span>
    </p>
   </div>
   <div class='ocr_carea' id='block_1_106' title="bbox 2100 4387 3662 4464">
    <p class='ocr_par' dir='ltr' id='par_1_106' title="bbox 2100 4387 3662 4464">
     <span class='ocr_line' id='line_1_107' title="bbox 2100 4387 3662 4464; baseline 0.006 -22"><span class='ocrx_word' id='word_1_829' title='bbox 2100 4387 2229 4458; x_wconf 90' lang='lat' dir='ltr'><strong>justi</strong></span> <span class='ocrx_word' id='word_1_830' title='bbox 2258 4404 2450 4445; x_wconf 88' lang='lat' dir='ltr'><strong>cruore</strong></span> <span class='ocrx_word' id='word_1_831' title='bbox 2473 4390 2686 4446; x_wconf 85' lang='lat' dir='ltr'><strong>rubuit:</strong></span> <span class='ocrx_word' id='word_1_832' title='bbox 2713 4393 2819 4447; x_wconf 88' lang='lat' dir='ltr'><strong>imo</strong></span> <span class='ocrx_word' id='word_1_833' title='bbox 2842 4405 2969 4446; x_wconf 87' lang='lat' dir='ltr'><strong>vero</strong></span> <span class='ocrx_word' id='word_1_834' title='bbox 3016 4402 3068 4446; x_wconf 90' lang='lat' dir='ltr'><strong>et</strong></span> <span class='ocrx_word' id='word_1_835' title='bbox 3089 4395 3260 4463; x_wconf 89' lang='lat' dir='ltr'><strong>attigit</strong></span> <span class='ocrx_word' id='word_1_836' title='bbox 3288 4404 3339 4448; x_wconf 93' lang='lat' dir='ltr'><strong>et</strong></span> <span class='ocrx_word' id='word_1_837' title='bbox 3377 4399 3662 4464; x_wconf 85' lang='lat' dir='ltr'><strong>penetravit</strong></span> 
     </span>
    </p>
   </div>
   <div class='ocr_carea' id='block_1_107' title="bbox 2105 4482 3664 4547">
    <p class='ocr_par' dir='ltr' id='par_1_107' title="bbox 2105 4482 3664 4547">
     <span class='ocr_line' id='line_1_108' title="bbox 2105 4482 3664 4547; baseline 0.006 -13"><span class='ocrx_word' id='word_1_838' title='bbox 2105 4489 2162 4535; x_wconf 90' lang='lat' dir='ltr'><strong>et</strong></span> <span class='ocrx_word' id='word_1_839' title='bbox 2181 4496 2370 4536; x_wconf 89' lang='lat' dir='ltr'><strong>cruore</strong></span> <span class='ocrx_word' id='word_1_840' title='bbox 2394 4483 2591 4546; x_wconf 91' lang='lat' dir='ltr'><strong>rubuit,</strong></span> <span class='ocrx_word' id='word_1_841' title='bbox 2623 4491 2675 4537; x_wconf 93' lang='lat' dir='ltr'><strong>et</strong></span> <span class='ocrx_word' id='word_1_842' title='bbox 2703 4482 2981 4538; x_wconf 90' lang='lat' dir='ltr'><strong>immersus</strong></span> <span class='ocrx_word' id='word_1_843' title='bbox 3008 4491 3110 4547; x_wconf 89' lang='lat' dir='ltr'><strong>est,</strong></span> <span class='ocrx_word' id='word_1_844' title='bbox 3137 4495 3190 4539; x_wconf 92' lang='lat' dir='ltr'><strong>et</strong></span> <span class='ocrx_word' id='word_1_845' title='bbox 3229 4500 3331 4539; x_wconf 91' lang='lat' dir='ltr'><strong>non</strong></span> <span class='ocrx_word' id='word_1_846' title='bbox 3365 4487 3664 4542; x_wconf 89' lang='lat' dir='ltr'><strong>immersus.</strong></span> 
     </span>
    </p>
   </div>
   <div class='ocr_carea' id='block_1_108' title="bbox 2105 4571 3664 4648">
    <p class='ocr_par' dir='ltr' id='par_1_108' title="bbox 2105 4571 3664 4648">
     <span class='ocr_line' id='line_1_109' title="bbox 2105 4571 3664 4648; baseline 0.004 -22"><span class='ocrx_word' id='word_1_847' title='bbox 2105 4571 2297 4627; x_wconf 85' lang='lat' dir='ltr'><strong>Mentis</strong></span> <span class='ocrx_word' id='word_1_848' title='bbox 2324 4587 2507 4628; x_wconf 90' lang='lat' dir='ltr'><strong>errore</strong></span> <span class='ocrx_word' id='word_1_849' title='bbox 2535 4572 2670 4628; x_wconf 88' lang='lat' dir='ltr'><strong>afﬁci</strong></span> <span class='ocrx_word' id='word_1_850' title='bbox 2697 4575 2919 4628; x_wconf 86' lang='lat' dir='ltr'><strong>fortasse</strong></span> <span class='ocrx_word' id='word_1_851' title='bbox 2941 4575 3089 4629; x_wconf 90' lang='lat' dir='ltr'><strong>vobis</strong></span> <span class='ocrx_word' id='word_1_852' title='bbox 3112 4574 3314 4640; x_wconf 87' lang='lat' dir='ltr'><strong>videor,</strong></span> <span class='ocrx_word' id='word_1_853' title='bbox 3353 4579 3439 4646; x_wconf 89' lang='lat' dir='ltr'><strong>qui</strong></span> <span class='ocrx_word' id='word_1_854' title='bbox 3471 4578 3536 4630; x_wconf 87' lang='lat' dir='ltr'><strong>ita</strong></span> <span class='ocrx_word' id='word_1_855' title='bbox 3565 4593 3664 4648; x_wconf 85' lang='lat' dir='ltr'><strong>pu-</strong></span> 
     </span>
    </p>
   </div>
   <div class='ocr_carea' id='block_1_109' title="bbox 2104 4664 3663 4740">
    <p class='ocr_par' dir='ltr' id='par_1_109' title="bbox 2104 4664 3663 4740">
     <span class='ocr_line' id='line_1_110' title="bbox 2104 4664 3663 4740; baseline 0.003 -21"><span class='ocrx_word' id='word_1_856' title='bbox 2104 4665 2316 4734; x_wconf 89' lang='lat' dir='ltr'><strong>gnantia</strong></span> <span class='ocrx_word' id='word_1_857' title='bbox 2349 4664 2556 4734; x_wconf 89' lang='lat' dir='ltr'><strong>loquar.</strong></span> <span class='ocrx_word' id='word_1_858' title='bbox 2581 4665 2649 4720; x_wconf 86' lang='lat' dir='ltr'><strong>Et</strong></span> <span class='ocrx_word' id='word_1_859' title='bbox 2674 4674 2818 4722; x_wconf 91' lang='lat' dir='ltr'><strong>certe</strong></span> <span class='ocrx_word' id='word_1_860' title='bbox 2838 4666 3063 4734; x_wconf 90' lang='lat' dir='ltr'><strong>afﬁcior,</strong></span> <span class='ocrx_word' id='word_1_861' title='bbox 3090 4667 3214 4722; x_wconf 92' lang='lat' dir='ltr'><strong>dum</strong></span> <span class='ocrx_word' id='word_1_862' title='bbox 3235 4667 3364 4740; x_wconf 91' lang='lat' dir='ltr'><strong>justi</strong></span> <span class='ocrx_word' id='word_1_863' title='bbox 3393 4670 3531 4725; x_wconf 88' lang='lat' dir='ltr'><strong>illius</strong></span> <span class='ocrx_word' id='word_1_864' title='bbox 3560 4671 3663 4725; x_wconf 88' lang='lat' dir='ltr'><strong>mi—</strong></span> 
     </span>
    </p>
   </div>
   <div class='ocr_carea' id='block_1_110' title="bbox 2105 4755 3664 4830">
    <p class='ocr_par' dir='ltr' id='par_1_110' title="bbox 2105 4755 3664 4830">
     <span class='ocr_line' id='line_1_111' title="bbox 2105 4755 3664 4830; baseline 0.004 -21"><span class='ocrx_word' id='word_1_865' title='bbox 2105 4755 2341 4810; x_wconf 90' lang='lat' dir='ltr'><strong>raculum</strong></span> <span class='ocrx_word' id='word_1_866' title='bbox 2385 4756 2564 4811; x_wconf 88' lang='lat' dir='ltr'><strong>animo</strong></span> <span class='ocrx_word' id='word_1_867' title='bbox 2615 4757 2968 4828; x_wconf 90' lang='lat' dir='ltr'><strong>contemplor,</strong></span> <span class='ocrx_word' id='word_1_868' title='bbox 3021 4771 3120 4813; x_wconf 90' lang='lat' dir='ltr'><strong>nec</strong></span> <span class='ocrx_word' id='word_1_869' title='bbox 3167 4765 3341 4814; x_wconf 90' lang='lat' dir='ltr'><strong>tamen</strong></span> <span class='ocrx_word' id='word_1_870' title='bbox 3383 4761 3664 4830; x_wconf 87' lang='lat' dir='ltr'><strong>pugnantia</strong></span> 
     </span>
    </p>
   </div>
   <div class='ocr_carea' id='block_1_111' title="bbox 2105 4843 3666 4920">
    <p class='ocr_par' dir='ltr' id='par_1_111' title="bbox 2105 4843 3666 4920">
     <span class='ocr_line' id='line_1_112' title="bbox 2105 4843 3666 4920; baseline 0.004 -20"><span class='ocrx_word' id='word_1_871' title='bbox 2105 4846 2311 4916; x_wconf 83' lang='lat' dir='ltr'><strong>loquor.</strong></span> <span class='ocrx_word' id='word_1_872' title='bbox 2344 4843 2554 4901; x_wconf 87' lang='lat' dir='ltr'><strong>Etenim</strong></span> <span class='ocrx_word' id='word_1_873' title='bbox 2579 4845 2706 4916; x_wconf 89' lang='lat' dir='ltr'><strong>justi</strong></span> <span class='ocrx_word' id='word_1_874' title='bbox 2731 4846 2827 4901; x_wconf 88' lang='lat' dir='ltr'><strong>viri</strong></span> <span class='ocrx_word' id='word_1_875' title='bbox 2856 4861 3040 4900; x_wconf 89' lang='lat' dir='ltr'><strong>manus</strong></span> <span class='ocrx_word' id='word_1_876' title='bbox 3060 4862 3178 4902; x_wconf 91' lang='lat' dir='ltr'><strong>eum</strong></span> <span class='ocrx_word' id='word_1_877' title='bbox 3203 4849 3254 4902; x_wconf 93' lang='lat' dir='ltr'><strong>in</strong></span> <span class='ocrx_word' id='word_1_878' title='bbox 3285 4850 3429 4916; x_wconf 90' lang='lat' dir='ltr'><strong>pueri</strong></span> <span class='ocrx_word' id='word_1_879' title='bbox 3455 4861 3666 4920; x_wconf 82' lang='lat' dir='ltr'><strong>gutture</strong></span> 
     </span>
    </p>
   </div>
   <div class='ocr_carea' id='block_1_112' title="bbox 2105 4935 3663 5012">
    <p class='ocr_par' dir='ltr' id='par_1_112' title="bbox 2105 4935 3663 5012">
     <span class='ocr_line' id='line_1_113' title="bbox 2105 4935 3663 5012; baseline 0.004 -21"><span class='ocrx_word' id='word_1_880' title='bbox 2105 4936 2323 5002; x_wconf 88' lang='lat' dir='ltr'><strong>deﬁxit;</strong></span> <span class='ocrx_word' id='word_1_881' title='bbox 2355 4947 2409 4990; x_wconf 91' lang='lat' dir='ltr'><strong>at</strong></span> <span class='ocrx_word' id='word_1_882' title='bbox 2435 4936 2574 4991; x_wconf 89' lang='lat' dir='ltr'><strong>Deus</strong></span> <span class='ocrx_word' id='word_1_883' title='bbox 2602 4937 2761 4989; x_wconf 88' lang='lat' dir='ltr'><strong>etiam</strong></span> <span class='ocrx_word' id='word_1_884' title='bbox 2806 4935 3028 4990; x_wconf 86' lang='lat' dir='ltr'><strong>inﬁxum</strong></span> <span class='ocrx_word' id='word_1_885' title='bbox 3072 4951 3177 4992; x_wconf 92' lang='lat' dir='ltr'><strong>non</strong></span> <span class='ocrx_word' id='word_1_886' title='bbox 3227 4941 3468 5008; x_wconf 90' lang='lat' dir='ltr'><strong>permisit</strong></span> <span class='ocrx_word' id='word_1_887' title='bbox 3516 4943 3663 5012; x_wconf 89' lang='lat' dir='ltr'><strong>puerl</strong></span> 
     </span>
    </p>
   </div>
   <div class='ocr_carea' id='block_1_113' title="bbox 2103 5023 3661 5093">
    <p class='ocr_par' dir='ltr' id='par_1_113' title="bbox 2103 5023 3661 5093">
     <span class='ocr_line' id='line_1_114' title="bbox 2103 5023 3661 5093; baseline 0.004 -11"><span class='ocrx_word' id='word_1_888' title='bbox 2103 5042 2298 5082; x_wconf 90' lang='lat' dir='ltr'><strong>cruore</strong></span> <span class='ocrx_word' id='word_1_889' title='bbox 2322 5027 2686 5081; x_wconf 87' lang='lat' dir='ltr'><strong>contaminari.</strong></span> <span class='ocrx_word' id='word_1_890' title='bbox 2707 5023 2888 5093; x_wconf 87' lang='lat' dir='ltr'><strong>Neque</strong></span> <span class='ocrx_word' id='word_1_891' title='bbox 2912 5026 3052 5081; x_wconf 89' lang='lat' dir='ltr'><strong>enim</strong></span> <span class='ocrx_word' id='word_1_892' title='bbox 3083 5027 3346 5082; x_wconf 89' lang='lat' dir='ltr'><strong>Abraham</strong></span> <span class='ocrx_word' id='word_1_893' title='bbox 3369 5031 3513 5086; x_wconf 87' lang='lat' dir='ltr'><strong>solus</strong></span> <span class='ocrx_word' id='word_1_894' title='bbox 3542 5049 3661 5088; x_wconf 90' lang='lat' dir='ltr'><strong>eum</strong></span> 
     </span>
    </p>
   </div>
   <div class='ocr_carea' id='block_1_114' title="bbox 2108 5115 3661 5192">
    <p class='ocr_par' dir='ltr' id='par_1_114' title="bbox 2108 5115 3661 5192">
     <span class='ocr_line' id='line_1_115' title="bbox 2108 5115 3661 5192; baseline 0.004 -21"><span class='ocrx_word' id='word_1_895' title='bbox 2108 5116 2342 5179; x_wconf 89' lang='lat' dir='ltr'><strong>tenebat,</strong></span> <span class='ocrx_word' id='word_1_896' title='bbox 2367 5115 2462 5170; x_wconf 89' lang='lat' dir='ltr'><strong>sed</strong></span> <span class='ocrx_word' id='word_1_897' title='bbox 2487 5115 2645 5170; x_wconf 88' lang='lat' dir='ltr'><strong>etiam</strong></span> <span class='ocrx_word' id='word_1_898' title='bbox 2679 5115 2817 5170; x_wconf 87' lang='lat' dir='ltr'><strong>Deus</strong></span> <span class='ocrx_word' id='word_1_899' title='bbox 2847 5135 2861 5171; x_wconf 90' lang='lat'><strong>:</strong></span> <span class='ocrx_word' id='word_1_900' title='bbox 2887 5117 2976 5172; x_wconf 83' lang='lat' dir='ltr'><strong>ille</strong></span> <span class='ocrx_word' id='word_1_901' title='bbox 3003 5132 3099 5186; x_wconf 88' lang='lat' dir='ltr'><strong>per</strong></span> <span class='ocrx_word' id='word_1_902' title='bbox 3119 5118 3440 5176; x_wconf 86' lang='lat' dir='ltr'><strong>voluntatem</strong></span> <span class='ocrx_word' id='word_1_903' title='bbox 3471 5123 3661 5192; x_wconf 88' lang='lat' dir='ltr'><strong>impel-</strong></span> 
     </span>
    </p>
   </div>
   <div class='ocr_carea' id='block_1_115' title="bbox 2105 5209 3657 5280">
    <p class='ocr_par' dir='ltr' id='par_1_115' title="bbox 2105 5209 3657 5280">
     <span class='ocr_line' id='line_1_116' title="bbox 2105 5209 3657 5280; baseline 0.002 -15"><span class='ocrx_word' id='word_1_904' title='bbox 2105 5211 2245 5267; x_wconf 89' lang='lat' dir='ltr'><strong>lebat</strong></span> <span class='ocrx_word' id='word_1_905' title='bbox 2264 5253 2280 5276; x_wconf 92' lang='lat'><strong>,</strong></span> <span class='ocrx_word' id='word_1_906' title='bbox 2312 5209 2398 5263; x_wconf 91' lang='lat' dir='ltr'><strong>hic</strong></span> <span class='ocrx_word' id='word_1_907' title='bbox 2442 5224 2541 5280; x_wconf 88' lang='lat' dir='ltr'><strong>per</strong></span> <span class='ocrx_word' id='word_1_908' title='bbox 2568 5223 2751 5264; x_wconf 90' lang='lat' dir='ltr'><strong>vocem</strong></span> <span class='ocrx_word' id='word_1_909' title='bbox 2793 5210 3137 5279; x_wconf 84' lang='lat' dir='ltr'><strong>reprimebat.</strong></span> <span class='ocrx_word' id='word_1_910' title='bbox 3185 5211 3315 5267; x_wconf 86' lang='lat' dir='ltr'><strong>Nam</strong></span> <span class='ocrx_word' id='word_1_911' title='bbox 3345 5214 3529 5268; x_wconf 89' lang='lat' dir='ltr'><strong>eadem</strong></span> <span class='ocrx_word' id='word_1_912' title='bbox 3557 5231 3657 5268; x_wconf 82' lang='lat' dir='ltr'><strong>vox</strong></span> 
     </span>
    </p>
   </div>
   <div class='ocr_carea' id='block_1_116' title="bbox 2103 5299 3659 5372">
    <p class='ocr_par' dir='ltr' id='par_1_116' title="bbox 2103 5299 3659 5372">
     <span class='ocr_line' id='line_1_117' title="bbox 2103 5299 3659 5372; baseline 0 -15"><span class='ocrx_word' id='word_1_913' title='bbox 2103 5302 2344 5357; x_wconf 83' lang='lat' dir='ltr'><strong>dextram</strong></span> <span class='ocrx_word' id='word_1_914' title='bbox 2375 5299 2514 5354; x_wconf 87' lang='lat' dir='ltr'><strong>illius</strong></span> <span class='ocrx_word' id='word_1_915' title='bbox 2537 5309 2588 5354; x_wconf 90' lang='lat' dir='ltr'><strong>et</strong></span> <span class='ocrx_word' id='word_1_916' title='bbox 2615 5301 2838 5355; x_wconf 86' lang='lat' dir='ltr'><strong>armavit</strong></span> <span class='ocrx_word' id='word_1_917' title='bbox 2864 5310 2920 5356; x_wconf 90' lang='lat' dir='ltr'><strong>et</strong></span> <span class='ocrx_word' id='word_1_918' title='bbox 2944 5305 3296 5370; x_wconf 79' lang='lat' dir='ltr'><strong>compescuit,</strong></span> <span class='ocrx_word' id='word_1_919' title='bbox 3329 5313 3485 5372; x_wconf 87' lang='lat' dir='ltr'><strong>atque</strong></span> <span class='ocrx_word' id='word_1_920' title='bbox 3516 5303 3624 5357; x_wconf 91' lang='lat' dir='ltr'><strong>Deo</strong></span> <span class='ocrx_word' id='word_1_921' title='bbox 3644 5345 3659 5370; x_wconf 93' lang='lat'><strong>,</strong></span> 
     </span>
    </p>
   </div>
   <div class='ocr_carea' id='block_1_117' title="bbox 2104 5390 3662 5462">
    <p class='ocr_par' dir='ltr' id='par_1_117' title="bbox 2104 5390 3662 5462">
     <span class='ocr_line' id='line_1_118' title="bbox 2104 5390 3662 5462; baseline 0.001 -16"><span class='ocrx_word' id='word_1_922' title='bbox 2104 5403 2367 5462; x_wconf 86' lang='lat' dir='ltr'><strong>tamquam</strong></span> <span class='ocrx_word' id='word_1_923' title='bbox 2387 5390 2574 5445; x_wconf 88' lang='lat' dir='ltr'><strong>bellico</strong></span> <span class='ocrx_word' id='word_1_924' title='bbox 2588 5391 2794 5445; x_wconf 89' lang='lat' dir='ltr'><strong>cuidam</strong></span> <span class='ocrx_word' id='word_1_925' title='bbox 2816 5392 3145 5460; x_wconf 88' lang='lat' dir='ltr'><strong>imperatori,</strong></span> <span class='ocrx_word' id='word_1_926' title='bbox 3159 5391 3386 5446; x_wconf 90' lang='lat' dir='ltr'><strong>subdita.</strong></span> <span class='ocrx_word' id='word_1_927' title='bbox 3407 5391 3471 5446; x_wconf 93' lang='lat' dir='ltr'><strong>ad</strong></span> <span class='ocrx_word' id='word_1_928' title='bbox 3496 5392 3662 5462; x_wconf 86' lang='lat' dir='ltr'><strong>ipsius</strong></span> 
     </span>
    </p>
   </div>
   <div class='ocr_carea' id='block_1_118' title="bbox 2104 5481 3660 5551">
    <p class='ocr_par' dir='ltr' id='par_1_118' title="bbox 2104 5481 3660 5551">
     <span class='ocr_line' id='line_1_119' title="bbox 2104 5481 3660 5551; baseline 0.002 -14"><span class='ocrx_word' id='word_1_929' title='bbox 2104 5493 2288 5537; x_wconf 90' lang='lat' dir='ltr'><strong>nutum</strong></span> <span class='ocrx_word' id='word_1_930' title='bbox 2311 5481 2485 5535; x_wconf 87' lang='lat' dir='ltr'><strong>omnia</strong></span> <span class='ocrx_word' id='word_1_931' title='bbox 2504 5482 2913 5551; x_wconf 82' lang='lat' dir='ltr'><strong>exsequebatur,</strong></span> <span class='ocrx_word' id='word_1_932' title='bbox 2931 5491 3225 5550; x_wconf 87' lang='lat' dir='ltr'><strong>cunctaque</strong></span> <span class='ocrx_word' id='word_1_933' title='bbox 3240 5482 3305 5536; x_wconf 90' lang='lat' dir='ltr'><strong>ad</strong></span> <span class='ocrx_word' id='word_1_934' title='bbox 3327 5483 3466 5537; x_wconf 90' lang='lat' dir='ltr'><strong>illius</strong></span> <span class='ocrx_word' id='word_1_935' title='bbox 3479 5498 3660 5541; x_wconf 86' lang='lat' dir='ltr'><strong>vocem</strong></span> 
     </span>
    </p>
   </div>
   <div class='ocr_carea' id='block_1_119' title="bbox 2103 5571 3662 5641">
    <p class='ocr_par' dir='ltr' id='par_1_119' title="bbox 2103 5571 3662 5641">
     <span class='ocr_line' id='line_1_120' title="bbox 2103 5571 3662 5641; baseline 0.001 -13"><span class='ocrx_word' id='word_1_936' title='bbox 2103 5571 2622 5628; x_wconf 87' lang='lat' dir='ltr'><strong>administrabantur.</strong></span> <span class='ocrx_word' id='word_1_937' title='bbox 2648 5571 2736 5626; x_wconf 88' lang='lat' dir='ltr'><strong>Sic</strong></span> <span class='ocrx_word' id='word_1_938' title='bbox 2758 5571 2899 5625; x_wconf 91' lang='lat' dir='ltr'><strong>enim</strong></span> <span class='ocrx_word' id='word_1_939' title='bbox 2927 5571 3204 5626; x_wconf 87' lang='lat' dir='ltr'><strong>considera</strong></span> <span class='ocrx_word' id='word_1_940' title='bbox 3229 5588 3244 5626; x_wconf 87' lang='lat'><strong>:</strong></span> <span class='ocrx_word' id='word_1_941' title='bbox 3271 5572 3420 5638; x_wconf 85' lang='lat' dir='ltr'><strong>dixit,</strong></span> <span class='ocrx_word' id='word_1_942' title='bbox 3445 5573 3662 5641; x_wconf 85' lang='lat' dir='ltr'><strong>Occide,</strong></span> 
     </span>
    </p>
   </div>
   <div class='ocr_carea' id='block_1_120' title="bbox 2103 5661 3663 5742">
    <p class='ocr_par' dir='ltr' id='par_1_120' title="bbox 2103 5661 3663 5742">
     <span class='ocr_line' id='line_1_121' title="bbox 2103 5661 3663 5742; baseline 0.002 -22"><span class='ocrx_word' id='word_1_943' title='bbox 2103 5680 2166 5721; x_wconf 90' lang='lat' dir='ltr'><strong>ac</strong></span> <span class='ocrx_word' id='word_1_944' title='bbox 2189 5665 2366 5734; x_wconf 86' lang='lat' dir='ltr'><strong>statim</strong></span> <span class='ocrx_word' id='word_1_945' title='bbox 2415 5665 2722 5720; x_wconf 84' lang='lat' dir='ltr'><strong>armabatur</strong></span> <span class='ocrx_word' id='word_1_946' title='bbox 2749 5680 2764 5717; x_wconf 90' lang='lat'><strong>:</strong></span> <span class='ocrx_word' id='word_1_947' title='bbox 2795 5661 2963 5730; x_wconf 86' lang='lat' dir='ltr'><strong>dixit,</strong></span> <span class='ocrx_word' id='word_1_948' title='bbox 2990 5662 3068 5718; x_wconf 87' lang='lat' dir='ltr'><strong>Ne</strong></span> <span class='ocrx_word' id='word_1_949' title='bbox 3107 5663 3353 5742; x_wconf 83' lang='lat' dir='ltr'><strong>occidas,</strong></span> <span class='ocrx_word' id='word_1_950' title='bbox 3385 5680 3448 5721; x_wconf 84' lang='lat' dir='ltr'><strong>ac</strong></span> <span class='ocrx_word' id='word_1_951' title='bbox 3485 5669 3663 5724; x_wconf 84' lang='lat' dir='ltr'><strong>statim</strong></span> 
     </span>
    </p>
   </div>
   <div class='ocr_carea' id='block_1_121' title="bbox 2111 5753 3659 5828">
    <p class='ocr_par' dir='ltr' id='par_1_121' title="bbox 2111 5753 3659 5828">
     <span class='ocr_line' id='line_1_122' title="bbox 2111 5753 3659 5828; baseline -0.001 -16"><span class='ocrx_word' id='word_1_952' title='bbox 2111 5773 2256 5814; x_wconf 82' lang='lat' dir='ltr'><strong>arma</strong></span> <span class='ocrx_word' id='word_1_953' title='bbox 2283 5757 2582 5828; x_wconf 84' lang='lat' dir='ltr'><strong>deponebat</strong></span> <span class='ocrx_word' id='word_1_954' title='bbox 2615 5772 2630 5814; x_wconf 89' lang='lat'><strong>:</strong></span> <span class='ocrx_word' id='word_1_955' title='bbox 2658 5755 2919 5826; x_wconf 85' lang='lat' dir='ltr'><strong>siquidem</strong></span> <span class='ocrx_word' id='word_1_956' title='bbox 2955 5753 3131 5811; x_wconf 88' lang='lat' dir='ltr'><strong>omnia</strong></span> <span class='ocrx_word' id='word_1_957' title='bbox 3155 5763 3335 5826; x_wconf 85' lang='lat' dir='ltr'><strong>parata</strong></span> <span class='ocrx_word' id='word_1_958' title='bbox 3356 5755 3463 5828; x_wconf 88' lang='lat' dir='ltr'><strong>jam</strong></span> <span class='ocrx_word' id='word_1_959' title='bbox 3490 5768 3659 5813; x_wconf 84' lang='lat' dir='ltr'><strong>erant.</strong></span> 
     </span>
    </p>
   </div>
  </div>
