4098 6222
470 361 578 419 M5

473 477 551 531 Ac
577 483 762 545 postea
803 473 947 529 Deus
992 469 1215 528 militem
1241 485 1394 526 suum
1421 484 1485 524 ac
1513 467 1704 523 ducem
1735 465 1852 522 orbi
1877 473 2058 520 osten-

470 565 570 633 dit,
599 565 856 620 victorem
877 564 1189 635 angelorum
1211 561 1442 627 theatro,
1464 560 1613 614 illum
1635 558 1849 628 inquam
1875 569 2057 611 sacer-

471 659 688 722 dotem,
739 659 888 712 illum
927 671 1142 726 regem,
1189 655 1368 726 gladio
1407 653 1578 724 magis
1613 666 1772 722 quam
1802 649 1913 704 ullo
1939 647 2055 702 dia-

476 750 684 808 demate
704 758 1041 814 coronatura,
1067 748 1215 806 illum
1242 756 1442 817 tropaeo
1469 751 1830 814 prazstantem,
1858 755 1922 795 ac
1939 740 2056 794 sine

474 841 723 899 conﬂictu
789 841 1070 896 victorem.
1127 838 1585 906 Quemadmodum
1641 835 1784 890 enim
1840 835 1884 889 si
1937 832 2056 903 quis

476 933 766 1002 imperator
785 932 1216 987 strenuissimum
1256 930 1475 984 militem
1516 928 1726 992 habeat,
1757 926 1918 980 etiam
1943 928 2054 993 ipsa

474 1023 830 1096 gerendorum
857 1039 1128 1078 armorum
1156 1022 1492 1086 dexteritate,
1517 1020 1628 1089 ipsa
1656 1019 1906 1082 statione,
1939 1016 2055 1086 ipso

476 1118 677 1188 impetu
700 1157 716 1183 ,
749 1116 959 1170 hostem
1010 1126 1155 1170 metu
1186 1115 1430 1185 percellit
1458 1131 1470 1167 :
1515 1114 1592 1168 sic
1624 1113 1761 1168 Deus
1792 1113 1902 1166 sola
1923 1109 2054 1180 justi

474 1209 573 1264 viri
605 1210 878 1263 voluntate
903 1249 918 1274 ,
950 1208 1066 1262 solo
1095 1217 1280 1277 gestu,
1327 1207 1439 1262 sola
1495 1205 1725 1275 denique
1781 1203 2010 1258 statione
2031 1241 2049 1269 ,

475 1314 816 1356 communem
840 1299 1076 1353 omnium
1107 1308 1346 1353 nostrum
1389 1297 1596 1351 hostem
1639 1295 1910 1350 diabolum
1959 1309 2051 1348 ex-

478 1391 670 1446 terruit
694 1401 852 1460 atque
876 1390 928 1443 in
965 1391 1140 1460 fugam
1172 1390 1345 1444 vertit.
1375 1386 1508 1442 Nam
1537 1394 1592 1441 et
1629 1385 1777 1440 illum
1807 1385 2054 1441 existimo

479 1496 591 1538 tum
641 1483 1044 1538 tremebundum
1103 1482 1412 1538 recessisse.
1466 1481 1569 1546 At,
1608 1478 1802 1532 dixerit
1829 1478 2054 1532 fortasse

477 1575 691 1645 aliquis,
717 1591 881 1645 quare
921 1575 1063 1630 Deus
1093 1574 1334 1629 dextram
1364 1572 1630 1626 cruentari
1663 1585 1768 1623 non
1798 1569 2056 1638 permisc-

477 1668 580 1732 rit,
607 1682 669 1720 ac
697 1676 879 1736 postea
911 1675 1196 1720 mactatum
1227 1674 1445 1733 repente
1471 1661 1536 1715 ad
1570 1663 1730 1716 vitam
1758 1657 2054 1715 revocarit?

477 1758 737 1826 Quoniam
770 1759 845 1812 fas
872 1775 977 1812 non
1032 1766 1148 1813 erat
1197 1757 1362 1812 Deum
1394 1755 1698 1825 lmjusmodi
1744 1753 2053 1823 sanguinem

475 1864 702 1919 capere;
730 1849 823 1904 sed
853 1848 1136 1917 pestiferos
1161 1848 1430 1903 daemones
1465 1861 1647 1900 mensa
1676 1844 1790 1900 lucc
1811 1845 2050 1899 decebat.

481 1945 654 2012 Atque
682 1943 768 1997 hic
806 1951 1088 2012 utrumque
1113 1940 1483 1996 declarabatur
1501 1980 1517 2005 ,
1547 1954 1738 2008 nempe
1762 1947 1815 1991 et
1847 1935 2055 1991 Domini

477 2033 776 2104 benignitas
826 2046 880 2090 et
928 2037 1068 2090 servi
1114 2034 1370 2105 probitas.
1413 2035 1490 2087 Ac
1543 2032 1689 2101 prius
1731 2031 1944 2100 quidem
1987 2029 2056 2084 de

477 2135 618 2181 terra
641 2141 734 2182 sua
763 2142 1010 2198 egressus
1039 2126 1242 2191 fuerat;
1289 2133 1397 2178 tum
1447 2137 1575 2177 vero
1603 2122 1669 2177 ab
1707 2122 1819 2192 ipsa
1843 2135 2057 2191 quoque

476 2227 661 2273 natura
691 2219 936 2274 excessit.
997 2217 1183 2287 quue
1213 2217 1430 2270 nomine
1459 2224 1659 2269 sortem
1691 2229 1810 2268 cum
1851 2215 2056 2270 l'azuore

477 2311 707 2380 accepit,
734 2309 894 2380 idque
917 2310 1201 2364 admodum
1228 2307 1418 2362 merito
1453 2325 1468 2362 ε
1499 2307 1662 2376 patris
1690 2305 1832 2360 enim
1862 2320 2055 2359 nomen

475 2403 727 2457 amittere
755 2402 982 2463 maluit,
1013 2417 1171 2470 quam
1217 2416 1246 2453 a
1298 2398 1448 2470 probi
1494 2398 1633 2452 servi
1680 2397 1857 2451 officio
1910 2411 2058 2450 rece-

477 2490 626 2546 dere.
661 2491 740 2545 Eo
765 2491 964 2546 factum
989 2499 1092 2556 est,
1121 2499 1178 2544 ut
1219 2505 1326 2544 non
1355 2489 1514 2542 modo
1545 2497 1716 2557 pater,
1763 2486 1858 2542 sed
1893 2487 2055 2541 etiam

477 2581 728 2638 sacerdos
757 2582 1075 2648 exsisteret;
1126 2593 1178 2636 et
1216 2582 1337 2651 quia
1387 2580 1480 2634 Dei
1511 2595 1670 2634 causa
1697 2579 1858 2634 etiam
1885 2594 1915 2633 a
1945 2580 2057 2633 suis

476 2675 847 2737 abscesserat,
889 2674 1087 2734 idcirco
1116 2675 1255 2728 Deus
1286 2674 1385 2744 ipsi
1415 2689 1536 2728 cum
1561 2673 1667 2738 illis
1709 2689 1806 2728 sua
1846 2687 2058 2742 quoque

479 2764 699 2834 largitus
729 2775 828 2818 est.
868 2767 945 2818 Ac
971 2764 1184 2832 quidem
1213 2767 1326 2834 ipse
1345 2806 1360 2832 ,
1403 2781 1524 2820 cum
1551 2767 1620 2819 ab
1650 2765 1894 2820 hostibus
1924 2766 2056 2820 insi-

479 2856 581 2910 όίιυ
607 2866 887 2922 creantur,
919 2857 1078 2910 etiam
1124 2872 1289 2926 usque
1335 2858 1400 2912 ad
1432 2875 1544 2912 rem
1574 2860 1742 2928 ipsam
1782 2861 2056 2930 progredi-

486 2957 605 3010 tur,
633 2963 696 3001 ac
725 2947 976 3000 miracula
1000 2947 1142 3012 edit;
1175 2949 1302 3002 utin
1326 2948 1542 3004 fornace
1563 2991 1578 3016 ,
1607 2965 1671 3004 ac
1697 2951 1938 3006 leonibus
1961 2966 2058 3006 usu

481 3041 624 3095 venit
649 3039 821 3107 (Dan.
873 3040 925 3093 5.
957 3047 1003 3092 et
1040 3039 1106 3108 6)
1137 3055 1151 3092 :
1183 3053 1303 3093 cum
1348 3050 1524 3094 autem
1574 3042 1798 3112 ipsemet
1849 3053 1930 3098 est
1968 3045 2058 3114 qui

481 3134 726 3204 imperat,
755 3133 893 3186 intra
915 3131 1075 3186 animi
1099 3133 1572 3202 promptitudinem
1597 3135 1874 3206 imperium
1901 3151 2057 3192 suum

481 3229 644 3284 sistit.

555 3320 608 3372 7.
634 3318 848 3373 Abralue
871 3316 1171 3370 constantia.
1191 3347 1264 3357 —
1281 3317 1416 3384 Quid
1441 3320 1604 3388 enim,
1628 3321 1760 3378 heus
1790 3331 1866 3390 lu,
1893 3323 1944 3378 in
1972 3324 2059 3379 illa

481 3411 644 3466 animi
693 3409 1003 3464 fortitudine
1038 3425 1102 3464 ac
1137 3412 1439 3479 przestantia
1479 3412 1588 3480 jam
1617 3413 2061 3471 desiderabatur?

484 3524 612 3564 num
630 3507 895 3561 Abraham
917 3505 1056 3576 quod
1079 3513 1392 3559 eventurum
1413 3514 1545 3569 erat,
1566 3508 1912 3577 prcesciebat?
1935 3527 2061 3566 nttm

485 3601 577 3657 Dei
605 3598 1025 3655 misericordiam
1055 3595 1162 3650 ullo
1201 3595 1428 3651 artilicio
1457 3599 1742 3668 captabat?
1771 3599 1900 3655 Nam
1937 3601 2063 3659 licet

487 3694 742 3766 propheta
769 3699 933 3754 esset.
967 3699 1021 3744 at
1051 3689 1304 3760 prOpheta
1333 3706 1436 3744 non
1466 3693 1642 3747 omnia
1684 3695 1850 3752 novit.
1880 3695 2063 3766 Itaque

483 3801 881 3857 supervacanea
914 3783 1025 3854 jam
1069 3797 1136 3836 ac
1171 3782 1277 3837 Deo
1323 3782 1537 3854 indigna
1580 3785 1864 3844 trucidatio
1900 3789 2063 3844 exsti-

485 3883 655 3938 tisset.
680 3879 831 3949 Quod
852 3879 896 3934 si
924 3877 1054 3932 illud
1079 3892 1255 3947 opera:
1275 3877 1497 3946 pretium
1522 3877 1694 3934 fuerat
1715 3881 1875 3947 scire,
1897 3881 2063 3938 Deum

483 3985 725 4032 mortuos
750 3971 814 4027 ad
845 3971 1003 4026 vitam
1031 3984 1284 4025 revocare
1317 3984 1492 4039 posse,
1539 3973 1709 4028 multo
1735 3973 1941 4029 scilicet
1965 3975 2063 4031 ad-

483 4068 781 4125 mirabilius
817 4065 869 4120 id
899 4066 966 4120 ab
995 4065 1179 4120 uxoris
1207 4064 1360 4120 vulva
1399 4065 1762 4134 intellexerat,
1793 4070 1901 4124 imo
1941 4082 2065 4128 ante

485 4161 622 4217 hanc
647 4173 859 4231 quoque
895 4157 1429 4225 demonstrationem,
1463 4167 1520 4212 ut
1544 4160 1634 4230 qui
1676 4160 1782 4217 fide
1812 4163 2065 4233 praeditus

481 4264 648 4312 esset.
677 4253 756 4308 'l'u
788 4267 915 4306 vero
953 4251 1159 4321 justum
1204 4250 1351 4306 illum
1397 4267 1505 4307 non
1545 4253 1717 4309 solum
1757 4256 2063 4330 admireris,

483 4348 580 4404 sed
604 4346 763 4401 etiam
789 4343 1015 4399 imiteris
1045 4359 1058 4398 :
1089 4358 1315 4415 cumque
1349 4361 1470 4400 eum
1495 4345 1546 4400 in
1576 4355 1722 4402 tanto
1752 4351 1980 4407 tumultu
2003 4368 2068 4410 ac

487 4448 631 4496 tanta
662 4437 915 4492 [luctuum
959 4443 1276 4506 tempestate
1311 4453 1417 4492 non
1454 4453 1607 4494 secus
1637 4449 1796 4510 atque
1836 4441 1888 4496 in
1917 4453 2066 4499 tran-

483 4529 748 4602 quillitate
778 4529 1118 4598 navigantem
1149 4528 1345 4596 cernis,
1371 4528 1453 4584 fac
1476 4530 1634 4585 etiam
1665 4542 1722 4586 ut
1744 4533 2068 4591 obedientia:

485 4632 538 4678 et
569 4621 896 4678 fortitudinis
921 4621 1130 4676 clavum
1153 4620 1397 4691 arripias.
1422 4620 1531 4676 Nec
1558 4623 1686 4677 mihi
1715 4623 1841 4680 illud
1865 4635 2067 4683 tantum

485 4729 870 4782 commemora,
893 4713 1034 4785 quod
1059 4713 1228 4768 altare
1253 4713 1577 4768 exstruxerit
1601 4722 1655 4769 et
1678 4714 1814 4784 ligna
1839 4719 2065 4786 pararit;

487 4807 584 4864 sed
617 4807 765 4877 pueri
787 4821 1000 4877 quoque
1030 4822 1214 4862 vocem
1260 4807 1313 4862 in
1357 4815 1588 4862 mentem
1617 4822 1835 4875 revoca,
1863 4818 2070 4865 tecum-

488 4915 594 4970 que
622 4899 748 4954 illud
777 4908 986 4969 reputa,
1015 4909 1212 4970 quanta
1230 4901 1557 4955 exercituum
1583 4900 1793 4970 agmina
1815 4901 2069 4972 impetum

490 4996 544 5050 in
579 5008 702 5048 eum
727 4993 974 5058 fecerint,
1005 4995 1106 5066 ipsi
1138 5011 1390 5066 pavorem
1435 4997 1748 5067 injicientia,
1791 5011 1910 5052 cum
1944 5013 2071 5067 pue-

491 5101 608 5141 rum
635 5083 902 5139 dicentem
924 5087 1148 5152 audivit,
1177 5086 1351 5153 Pater,
1377 5088 1578 5143 ubinam
1603 5098 1676 5144 est
1700 5088 2065 5161 victima(Gen.

487 5178 579 5234 22.
611 5177 707 5249 7)?
731 5175 1117 5242 animadverte,
1145 5187 1274 5246 quot
1297 5188 1406 5232 tum
1423 5181 1774 5250 cogitationes
1791 5191 2072 5239 commota:

491 5272 620 5338 sint,
659 5285 765 5327 non
792 5268 960 5336 ferro,
993 5268 1088 5324 sed
1115 5269 1284 5341 igneis
1317 5269 1484 5326 hastis
1511 5285 1753 5342 armatae,
1783 5288 1944 5347 atque
1975 5293 2072 5332 un-

491 5362 650 5436 dique
675 5379 796 5419 eum
825 5369 1120 5435 pungentes
1156 5372 1212 5419 et
1239 5363 1670 5422 conscindentes.
1698 5367 1831 5424 Nam
1853 5369 1899 5424 si
1928 5385 2070 5425 nunc

493 5472 703 5528 quoque
749 5457 901 5513 multi
931 5499 946 5523 ,
986 5458 1147 5515 etiam
1189 5459 1279 5530 qui
1325 5469 1502 5530 patres
1544 5475 1652 5516 non
1694 5471 1840 5530 sunt,
1883 5462 2071 5520 dolore

492 5545 828 5618 franguntur,
855 5557 910 5604 et
948 5550 1444 5622 collacrymassent,
1481 5551 1583 5607 nisi
1611 5552 1690 5608 rei
1719 5554 1921 5608 exitum
1952 5569 2073 5623 per-

493 5647 731 5706 spectum
761 5641 1051 5709 baberent;
1077 5643 1186 5699 imo
1210 5643 1369 5699 etiam
1395 5644 1723 5713 complures,
1749 5660 2068 5715 quamquam

494 5725 642 5782 illum
685 5728 884 5796 norint,
924 5731 1280 5801 lacrymantes
1321 5744 1499 5788 tamen
1540 5733 1789 5788 intueor:
1821 5749 1926 5803 quo
1958 5744 2069 5789 tan-

493 5814 619 5876 dem
643 5818 880 5877 cruciatu
921 5819 1167 5878 allectum
1193 5839 1311 5879 eum
1337 5822 1501 5881 fuisse
1537 5824 1812 5898 probabile
1841 5835 1940 5895 est,
1980 5827 2067 5900 qui

1179 357 1239 417 S.
1275 351 1552 415 JOANNlS
1590 347 2063 410 CllRYSOS'lOMl
2102 346 2410 405 ARCHIEP.
2456 351 2988 410 CONSTANTINOP.

3635 357 3745 413 M6

2165 463 2336 534 ipsum
2367 475 2642 536 genuerat,
2685 468 2774 537 qui
2818 469 3160 532 educaverat,
3209 467 3298 538 qui
3340 467 3392 522 in
3437 481 3746 538 senectute,

2161 558 2250 627 qui
2277 559 2450 613 solum
2481 558 2730 627 habebat,
2759 561 2846 630 qui
2876 562 3058 627 talem,
3091 561 3177 631 qui
3201 560 3480 626 cernebat,
3515 563 3603 632 qni
3635 579 3742 618 au-

2162 649 2362 718 diebat,
2407 651 2499 722 qui
2530 652 2748 721 jamjam
2778 653 2846 708 de
2875 654 3049 708 medio
3079 654 3382 708 sublaturus
3417 655 3581 708 erat?
3609 655 3747 722 Quae

2163 740 2444 796 verborum
2467 741 2788 811 prudentia?
2812 759 2930 814 qua:
2957 745 3322 815 reSponsionis
3338 747 3704 801 mansuetudo
3721 749 3747 802 7

2163 836 2292 903 Quis
2320 845 2494 890 autem
2541 847 2654 891 tum
2693 839 3056 907 operabatur?
3099 839 3434 908 diabolusne,
3485 849 3544 896 ut
3596 840 3747 900 faces

2159 927 2415 998 quasdam
2447 939 2650 984 natura:
2677 929 3023 987 admoveret?
3052 933 3266 988 Minime
3305 952 3319 988 :
3352 950 3540 990 verum
3575 935 3744 1004 Deus,

2162 1029 2218 1072 ιιι
2250 1033 2467 1074 auream
2506 1020 2634 1090 justi
2661 1021 2890 1076 animam
2934 1023 3101 1094 magis
3145 1025 3468 1094 exploraret.
3527 1026 3745 1082 Etenim

2159 1127 2281 1169 cum
2324 1111 2443 1167 Jobi
2481 1129 2622 1167 uxor
2658 1114 2816 1169 verba
2858 1114 3074 1180 faceret,
3103 1115 3347 1171 diabolus
3374 1118 3745 1188 operabatur;

2161 1204 2266 1260 tale
2293 1206 2489 1276 quippe
2514 1205 2638 1260 illud
2665 1207 2945 1261 consilium
2970 1218 3085 1263 erat
3112 1226 3125 1260 :
3156 1210 3240 1264 hic
3271 1225 3397 1265 vero
3421 1211 3553 1266 nihil
3579 1213 3747 1283 impie

2161 1295 2476 1365 loquebatur
2500 1339 2514 1362 ,
2555 1297 2648 1352 sed
2703 1313 2955 1369 perquam
3001 1301 3087 1370 pie
3125 1309 3179 1356 et
3216 1301 3608 1373 circumspecte
3634 1323 3648 1358 :
3678 1322 3745 1362 ac

2161 1387 2325 1441 multa
2355 1395 2605 1443 venustas
2633 1389 2684 1443 in
2713 1390 2888 1444 verbis
2915 1389 3209 1457 eﬂlorebat,
3239 1407 3535 1462 magnaque
3564 1395 3744 1450 mellis

2159 1481 2310 1549 copia
2341 1496 2372 1536 e
2400 1482 2738 1536 sermonibus
2765 1484 3032 1548 manabat,
3060 1499 3089 1537 a
3121 1485 3400 1554 tranquilla
3425 1487 3513 1540 illa
3541 1497 3594 1542 ct
3621 1489 3741 1558 pla-

2160 1571 2276 1627 cida
2313 1573 2486 1627 anima
2521 1572 2690 1629 fluens
2715 1590 2729 1627 :
2753 1583 2911 1644 atque
2939 1582 3136 1630 tantam
3170 1575 3274 1630 vim
3305 1575 3421 1631 lucc
3445 1579 3610 1633 verba
3641 1579 3742 1634 ha-

2161 1664 2373 1731 bebant,
2406 1677 2464 1720 ut
2489 1666 2570 1720 vel
2599 1681 2816 1721 saxeum
2852 1676 3032 1737 pectus
3075 1668 3316 1724 emollire
3347 1681 3589 1739 possent.
3631 1672 3741 1728 Nec

2162 1764 2337 1810 arinen
2376 1756 2710 1812 adamantem
2742 1757 2885 1811 illum
2919 1758 3276 1826 perculerunt,
3332 1760 3442 1816 imo
3473 1777 3574 1817 nec
3614 1777 3746 1817 con-

2160 1858 2477 1913 cusserunt;
2509 1864 2606 1904 nec
2629 1849 2781 1916 dixit,
2817 1849 2952 1917 Quid
2985 1860 3184 1919 patrem
3219 1867 3397 1918 vocas,
3447 1853 3540 1923 qui
3584 1855 3746 1922 paulo

2161 1951 2280 2010 post
2301 1949 2451 2011 pater
2472 1951 2590 1998 tuus
2617 1942 2828 1998 futurus
2858 1953 3083 2010 nonest,
3106 1943 3425 2014 quiqucjam
3455 1945 3614 2016 lmjns
3648 1947 3746 2001 ho-

2160 2034 2308 2088 noris
2334 2034 2596 2104 jacturam
2645 2033 2806 2090 fecit?
2849 2036 3086 2103 Quanam
3121 2051 3279 2106 porro
3323 2036 3390 2092 de
3416 2053 3577 2094 causa
3614 2055 3745 2110 puer

2160 2139 2372 2194 quoque
2397 2125 2734 2180 sciscitatur?
2761 2125 2918 2182 Certe
2946 2141 3048 2180 non
3067 2125 3207 2196 quod
3235 2127 3548 2185 curiositate
3574 2129 3745 2187 duce-

2162 2225 2330 2283 retur,
2359 2217 2453 2272 scd
2483 2217 2622 2288 quod
2653 2216 2720 2272 de
2764 2217 2850 2284 iis,
2891 2233 3010 2288 qua:
3050 2218 3316 2288 proposita
3354 2228 3509 2274 erant
3534 2261 3549 2285 ,
3583 2224 3746 2277 anxio

2160 2324 2222 2363 ac
2251 2309 2482 2364 sollicito
2525 2311 2706 2364 animo
2743 2319 2904 2366 esset.
2935 2309 3021 2366 Sic
3050 2311 3192 2366 enim
3223 2326 3405 2366 secum
3446 2314 3744 2384 cogitabat,

2163 2400 2262 2454 nisi
2291 2411 2442 2470 pater
2469 2417 2589 2456 eum
2634 2401 2941 2472 participem
2987 2417 3168 2456 earum
3215 2419 3392 2457 rerum
3433 2420 3552 2474 quze
3581 2421 3743 2477 gere-

2162 2491 2354 2546 bantur
2377 2491 2630 2547 adhibere
2661 2493 2950 2560 voluisset,
3001 2492 3218 2548 minime
3259 2492 3521 2550 facturum
3552 2497 3743 2564 fuisse,

2162 2596 2220 2641 ut
2248 2588 2416 2642 servis
2439 2587 2572 2642 infra
2597 2603 2814 2643 manere
2831 2586 3014 2658 jussis,
3036 2587 3204 2658 ipsum
3223 2587 3392 2642 solum
3417 2601 3740 2646 assumeret.

2161 2680 2242 2736 Ob
2269 2679 2426 2751 idque
2455 2691 2563 2734 tum
2595 2681 2824 2752 denique
2874 2681 3041 2750 ipsum
3095 2681 3413 2750 interrogat,
3463 2697 3583 2736 eum
3627 2683 3740 2751 jam

2161 2771 2261 2826 soli
2287 2781 2486 2838 essent,
2508 2787 2606 2826 nec
2627 2772 2911 2842 quisquam
2937 2786 2996 2826 ea
3022 2787 3140 2842 qum
3159 2769 3473 2826 dicebantur
3495 2773 3739 2828 audiret:

2163 2870 2308 2917 tanta
2359 2863 2507 2932 pueri
2537 2863 2816 2932 prudentia
2847 2873 2982 2918 erat.
3029 2866 3220 2917 Annon
3262 2878 3470 2928 onmes,
3504 2875 3608 2919 tam
3639 2866 3741 2921 viri

2162 2971 2320 3024 quam
2366 2970 2586 3018 uxores,
2639 2955 2976 3012 incaluistis?
3021 2971 3197 3010 annon
3244 2956 3604 3027 unusquisque
3648 2972 3742 3011 ve-

2161 3055 2330 3101 strum
2361 3061 2585 3117 puerum
2617 3048 2765 3102 illum
2791 3049 2968 3103 animo
2996 3046 3390 3118 complectitur,
3430 3057 3484 3104 et
3511 3064 3742 3106 exoscu-

2163 3139 2322 3203 latur,
2374 3137 2816 3211 prudentiamque
2861 3141 3102 3211 suscipit,
3131 3149 3291 3211 atque
3339 3141 3508 3212 ipsius
3545 3141 3743 3212 pietate

2163 3237 2550 3295 commovetur,
2583 3247 2687 3302 qua
2729 3232 2890 3288 tiebat
2929 3242 3006 3296 ut,
3039 3247 3158 3288 cum
3201 3233 3364 3288 etiam
3402 3233 3744 3304 eolligaretur

2163 3336 2227 3376 ac
2252 3336 2382 3392 rogo
2408 3322 2792 3392 imponeretur,
2820 3339 2924 3379 non
2955 3333 3098 3379 metu
3125 3334 3504 3382 COIlCUlCl‘ClUl‘
3531 3341 3628 3382 nec
3649 3341 3736 3382 rc-

2163 3412 2334 3468 siliret
2361 3428 2460 3468 nec
2486 3423 2689 3484 patrem
2719 3424 2777 3470 ut
2804 3415 2985 3472 furore
3013 3417 3274 3486 percitum
3303 3429 3614 3486 accusaret;
3645 3434 3745 3475 vc—

2165 3520 2282 3559 rutn
2324 3513 2378 3560 et
2405 3505 2630 3560 vinculis
2669 3509 3135 3579 astringeretnret
3181 3509 3458 3566 tolleretur
3479 3525 3541 3566 ac
3571 3511 3742 3581 impo-

2166 3605 2401 3666 neretur,
2428 3607 2742 3670 cunctaque,
2763 3601 2908 3655 velut
2934 3614 3102 3671 agnus
3122 3601 3404 3672 quispiam,
3430 3603 3512 3658 vel
3539 3605 3735 3673 potius,

2167 3701 2224 3746 ut
2251 3693 2548 3747 communis
2575 3694 2812 3748 omnium
2841 3693 3094 3748 Dominus
3114 3735 3130 3760 ,
3163 3695 3374 3751 silentio
3410 3695 3612 3752 ferret?
3642 3696 3740 3751 Et-

2172 3784 2314 3839 enim
2339 3783 2482 3839 illius
2501 3784 2960 3841 mansuetudinem
2990 3785 3312 3853 imitabatur,
3329 3801 3391 3842 ac
3412 3786 3627 3858 ﬁguram
3657 3796 3738 3842 te-

2169 3876 2348 3932 nebat.
2377 3876 2661 3943 Tamquam
2689 3879 2794 3932 ovis
2820 3879 2984 3945 enim,
3008 3880 3198 3949 inquit,
3231 3881 3303 3934 ad
3329 3882 3622 3936 occisionem
3647 3882 3742 3934 dn-

2169 3979 2277 4023 ctus
2305 3978 2400 4035 est,
2435 3978 2482 4024 et
2529 3969 2674 4041 quasi
2713 3986 2877 4042 agnus
2919 3987 3088 4025 coram
3132 3971 3370 4027 tondente
3413 3989 3465 4028 se
3502 3973 3745 4027 obmutuit

2171 4061 2322 4134 (Isai.
2351 4061 2528 4134 55.7).
2554 4063 2714 4132 Atqui
2743 4063 2988 4133 loquutus
3017 4073 3100 4119 est
3117 4063 3251 4129 iste;
3287 4079 3409 4120 nam
3426 4074 3480 4121 et
3498 4065 3748 4122 Dominus

2171 4169 2382 4226 quoque
2430 4154 2596 4224 ipsius
2636 4155 2885 4224 loquutus
2936 4163 3018 4211 est
3061 4171 3341 4226 :quonam
3391 4159 3552 4229 igitur
3593 4158 3749 4214 modo

2170 4245 2476 4302 obmutuit?
2502 4246 2616 4302 Hoc
2641 4256 2748 4314 est,
2778 4247 2908 4301 nihil
2935 4262 3213 4318 arrogans,
3245 4249 3379 4304 nihil
3410 4265 3657 4320 asperum
3681 4251 3750 4302 lo-

2173 4349 2369 4412 qnutus
2393 4348 2495 4407 est,
2521 4339 2614 4395 sed
2641 4339 2830 4395 blanda
2863 4341 3042 4395 omnia
3071 4352 3126 4396 et
3155 4355 3469 4409 mansueta;
3499 4357 3562 4397 ac
3589 4343 3748 4397 verba

2173 4432 2286 4502 ipsa
2317 4431 2432 4502 plus
2475 4430 2899 4486 mansuetudinis
2937 4445 3046 4502 prae
3087 4446 3146 4486 se
3186 4430 3464 4498 ferebant,
3506 4448 3663 4502 quam
3703 4432 3747 4487 si

2176 4527 2446 4583 tacuisset.
2478 4523 2918 4594 Quandoquidem
2955 4525 3116 4580 etiam
3144 4523 3388 4581 Christus
3424 4525 3652 4591 dicebat,
3690 4525 3750 4581 Si

2174 4621 2304 4675 male
2331 4619 2565 4686 loquutus
2593 4634 2706 4672 sum
2727 4658 2746 4686 ,
2777 4618 3110 4674 testimonium
3149 4618 3354 4688 perhibe
3390 4619 3454 4672 de
3497 4619 3672 4683 malo;
3709 4618 3752 4671 si

2174 4723 2341 4768 autem
2370 4712 2510 4778 bene,
2542 4710 2662 4780 quid
2703 4727 2782 4766 me
2821 4711 2976 4764 caedis
3009 4709 3186 4780 (Joan.
3217 4711 3303 4766 l8.
3333 4710 3461 4780 25)?
3494 4720 3549 4765 et
3577 4719 3752 4766 tanten

2176 4807 2253 4860 sic
2285 4802 2748 4859 ntansuetudinem
2778 4816 2928 4857 suam
2958 4803 3126 4872 magis
3151 4801 3473 4867 declaravit,
3512 4818 3669 4871 quam
3708 4801 3752 4856 si

2176 4897 2389 4954 silentio
2416 4910 2542 4951 usus
2572 4894 2775 4951 fuisset.
2812 4894 2878 4949 Et
2907 4903 2964 4948 ut
2995 4893 3081 4949 hic
3109 4895 3241 4964 patri
3267 4909 3331 4950 ex
3361 4894 3539 4961 altari,
3569 4893 3648 4949 sic
3668 4894 3756 4950 illo

2176 4991 2335 5046 etiam
2367 5006 2398 5046 e
2434 5003 2594 5044 cruce
2636 4985 2888 5056 loquitur,
2922 4983 3100 5051 Pater,
3135 4986 3330 5040 dimitte
3354 4986 3476 5049 illis,
3513 4987 3630 5056 quia
3666 5001 3755 5039 ne-

2178 5086 2340 5140 sciunt
2365 5083 2486 5154 quid
2512 5082 2704 5153 faciunt
2735 5076 2886 5152 (an.
2917 5078 3009 5133 25.
3035 5079 3148 5149 34).
3191 5078 3328 5145 Quid
3367 5077 3527 5148 igitur
3561 5077 3627 5133 ad
3655 5077 3755 5132 ista

2179 5177 2518 5249 patriarcha?
2549 5174 2692 5229 Deus
2716 5173 2989 5245 providebit
3016 5174 3109 5228 sibi
3142 5174 3394 5228 victimam
3419 5175 3473 5227 in
3509 5174 3755 5228 holocau-

2179 5281 2332 5338 stum,
2362 5270 2438 5339 ﬁli
2460 5267 2613 5338 (Gen.
2643 5266 2735 5321 22.
2765 5265 3084 5337 8).Uterque
3112 5277 3312 5322 natura:
3329 5267 3583 5323 vocabula
3607 5283 3761 5322 usuro

2179 5373 2306 5435 pat:
2339 5362 2429 5418 ille
2459 5361 2690 5426 Patrem,
2720 5360 2805 5414 hic
2830 5359 2992 5415 tilium
3018 5369 3189 5415 vocat.
3217 5361 3296 5414 Ac
3315 5375 3475 5430 grave
3493 5359 3760 5428 utrimque

2179 5456 2378 5512 bellum
2407 5453 2689 5516 excitatur,
2720 5461 2881 5521 atque
2906 5451 3092 5521 ingens
3127 5460 3451 5520 tempestas;
3497 5465 3758 5518 nusquam

2182 5560 2358 5604 tamen
2403 5543 2730 5614 naufragium
2761 5558 2777 5598 :
2819 5542 3155 5614 philosophia
3185 5543 3328 5597 enim
3358 5540 3539 5596 omnia
3572 5540 3757 5594 vincit.

2181 5639 2382 5697 Deinde
2409 5647 2466 5694 ut
2492 5637 2585 5693 Dei
2629 5651 2824 5692 nomen
2857 5636 3080 5701 audivit,
3113 5637 3317 5692 nullum
3359 5635 3496 5690 ultra
3534 5637 3759 5690 verbum

2181 5732 2403 5800 addidit,
2429 5747 2532 5788 nec
2549 5729 2812 5786 curiosius
2834 5727 3109 5800 inquisivit
3135 5745 3150 5782 :
3181 5743 3347 5798 usque
3365 5727 3502 5788 adeo
3529 5725 3766 5796 prudens

2185 5836 2297 5884 erat
2327 5826 2410 5883 hic
2439 5841 2590 5898 puer,
2619 5823 2776 5896 idque
2816 5823 2870 5878 in
2908 5822 3024 5893 ipso
3049 5822 3219 5880 anatis
3248 5820 3398 5879 ﬂore.
3448 5819 3606 5878 Vides
3632 5830 3764 5891 quot
