4098 6222
345 365 457 424 415

347 485 528 538 πάντα
558 483 623 554 τῇ
652 481 860 536 ἐκείνου
879 485 1026 554 φωνῇ
1056 483 1385 555 διηκόνηται.
1409 487 1608 540 Σκόπει
1625 486 1682 539 δέ
1703 505 1715 518 ·
1751 482 1905 550 Εἷπε,

287 581 290 583 ‘
344 574 580 646 Σφάξον,
615 573 710 627 καὶ
767 572 969 636 εὐθέως
1008 573 1276 638 ὡπλίζετο
1300 592 1312 604 ·
1356 572 1498 640 εἷπε,
1544 578 1636 648 Μὴ
1679 577 1905 650 σφάξῃς,

344 670 442 723 καὶ
471 667 673 730 εὐθέως
713 666 1079 736 ἀφωπλίζετο·
1124 669 1216 722 καὶ
1247 667 1355 738 γάρ
1382 664 1450 739 ἦν
1475 670 1649 724 πάντα
1679 671 1910 740 ἀπηρτι-

347 759 546 830 σμένα.
596 759 700 810 Kal
745 757 950 812 ἐδείκνυ
993 751 1188 812 ’λοιπὸν
1213 761 1242 812 6
1287 759 1418 824 Θεὸς
1446 760 1536 813 τὸν
1572 761 1909 831 στρατιώτην

345 855 444 906 καὶ
483 850 788 922 στρατηγὸν
844 853 910 920 τῇ
953 851 1270 924 οἰκουμένῃ,
1325 851 1417 905 τὸν
1465 852 1792 923 στεφανίτην
1830 852 1909 922 τῷ

344 945 562 1015 θεάτρῳ
590 942 696 995 τῶν
746 942 1016 1010 ἀγγέλων,
1047 943 1138 997 τὸν
1169 944 1339 1014 ίερέα,
1383 945 1474 998 τὸν
1527 943 1770 1013 βασιλέα,
1817 943 1908 996 τὸν

341 1037 671 1106 διαδήματος
719 1035 916 1105 μᾶλλον
947 1037 1012 1106 τῇ
1048 1035 1289 1107 μαχαίρᾳ
1330 1034 1782 1104 στεφανούμενον,
1817 1033 1904 1087 τὸν

343 1127 729 1200 τροπαιοῦχον,
762 1126 852 1179 τὸν
907 1127 1156 1197 ἀριστέα,
1191 1128 1282 1179 τὸν
1328 1128 1496 1197 χωρὶς
1526 1125 1798 1194 συμϐολῆς
1827 1142 1906 1178 νι-

345 1221 542 1292 κητήν.
571 1220 680 1273 Kal
717 1219 826 1288 γάρ
859 1217 1046 1290 ὥσπερ
1073 1218 1138 1272 ἂν
1164 1217 1217 1271 εί
1249 1236 1331 1282 τις
1360 1219 1660 1288 στρατηγὸς
1685 1218 1906 1288 ἄριστον

343 1311 488 1381 ἔχων
521 1307 876 1382 στρατιώτην,
903 1308 1010 1362 ἀπὸ
1033 1309 1131 1380 τῆς
1155 1308 1486 1375 ὁπλοδεξιᾶς,
1516 1307 1625 1361 ἀπὸ
1652 1309 1750 1379 τῆς
1775 1307 1906 1360 στά-

345 1418 510 1466 σεως,
534 1400 643 1455 άπὸ
684 1400 781 1468 τῆς
836 1399 1025 1470 ῥώμης
1060 1399 1420 1470 καταπλήξειε
1467 1401 1560 1453 τὸν
1601 1399 1903 1453 ἀντίδικον·

342 1491 490 1545 οὓτω
512 1490 605 1544 καὶ
648 1491 678 1543 6
717 1490 867 1554 Θεὸς,
905 1491 1012 1543 ἀπὸ
1036 1490 1136 1559 τῆς
1161 1490 1404 1560 γνώμης,
1432 1490 1650 1545 ἀπὸτοῦ
1689 1491 1903 1562 σχήμα-

343 1599 459 1649 τος,
487 1582 596 1635 ἀπὸ
617 1582 716 1653 τῆς
745 1581 986 1645 στάσεως
1027 1582 1193 1652 μόνης
1222 1581 1316 1635 τοῦ
1343 1583 1554 1636 δικαίου
1593 1582 1681 1636 τὸν
1730 1583 1906 1637 κοινὸν

344 1673 601 1729 ἁπάντων
621 1672 780 1745 ήμῶν
809 1672 999 1744 ἐχθρὸν
1031 1673 1276 1728 διάϐολον
1304 1672 1609 1744 κατέπληξε
1637 1675 1734 1729 κα)⁸
1771 1675 1906 1744 ἐφυδ

341 1765 716 1834 γάδευσε.Καὶ
737 1765 845 1836 γάρ
865 1761 1014 1834 οἶμαι
1047 1766 1295 1819 κάκεῖνον
1322 1765 1443 1818 τότε
1483 1765 1746 1836 φρίξαντα
1771 1767 1904 1821 ἀνα-

341 1860 612 1931 χωρῆσαι.
663 1859 726 1912 Εί
773 1858 831 1912 δὲ
878 1857 1025 1927 λέγοι
1059 1874 1167 1922 τις·
1226 1857 1340 1912 Kal
1387 1859 1532 1922 τίνος
1581 1858 1766 1912 ἕνεκεν
1803 1859 1905 1913 οὐκ

343 1953 496 2006 εῐασε
527 1951 885 2022 βαπτισθῆναι
905 1950 1002 2021 τὴν
1028 1949 1228 2016 δεξιάν,
1253 1947 1372 2005 εἶτα
1405 1951 1598 2022 ἀθρόον
1637 1952 1902 2022 ἀνέστησε

341 2042 436 2096 τὸν
461 2041 890 2112 σφαγιασθέντας
922 2042 1043 2096 Ὀτι
1089 2041 1208 2114 Θεῷ
1239 2042 1400 2112 θέμις
1433 2042 1532 2096 οὐκ
1579 2036 1648 2114 ἦν
1695 2043 1905 2114 αίματα

338 2131 595 2203 δέχεσθαι
622 2131 864 2197 τοιαῦτα,
885 2131 1021 2187 άλλά
1049 2131 1198 2204 [452]
1225 2133 1542 2204 ἀλαστόρων
1575 2133 1845 2205 δαιμόνων
1867 2135 1902 2206 ή

338 2223 567 2296 τοιαύτη
601 2224 864 2296 τράπεζα.
890 2224 1151 2279 Ἐνταῦθα
1181 2225 1240 2278 δὲ
1278 2225 1566 2296 ἀμφότερα
1604 2225 1900 2293 ἐδείκνυτο,

338 2316 440 2369 καὶ
470 2315 503 2386 ή
530 2313 622 2367 τοῦ
652 2315 916 2368 Δεσπότου
962 2313 1344 2384 φιλανθρωπία
1381 2315 1474 2367 καὶ
1509 2314 1542 2385 ή
1584 2315 1678 2367 τοῦ
1715 2313 1901 2367 δούλου

338 2403 750 2476 εὐγνωμοσύνη.
773 2405 880 2458 Kal
903 2403 1164 2474 πρότερον
1183 2403 1281 2474 μὲν
1297 2402 1516 2474 ἐξῆλθεν
1535 2402 1641 2455 ἀπὸ
1654 2403 1752 2472 τῆς
1777 2403 1900 2473 γῆς·

336 2499 466 2553 τότε
512 2498 570 2551 δὲ
601 2498 710 2552 ἀπὸ
743 2499 842 2568 τῆς
865 2495 1082 2567 φύσεως
1114 2495 1283 2564 αὐτῆς
1317 2495 1652 2566 ἀνεχώρησε.
1681 2494 1774 2548 Διὸ
1809 2495 1904 2548 καὶ

338 2588 504 2644 ἐλαϐε
533 2589 669 2660 μετά
702 2585 864 2641 τόκου
893 2587 954 2639 τὸ
979 2585 1293 2656 κεφάλαιον·
1325 2585 1420 2638 καὶ
1460 2585 1606 2656 μάλα
1637 2583 1863 2646 εἰκότως
1883 2597 1899 2612 ·

338 2682 518 2736 είλετο
550 2680 656 2751 γὰρ
693 2681 766 2748 μὴ
796 2677 1062 2749 κληθῆναι
1087 2676 1291 2750 πατὴρ,
1325 2675 1466 2730 ὥστε
1494 2675 1677 2740 δοῦλος
1701 2673 1904 2744 εὐγνώ-

343 2790 464 2845 μων
494 2773 746 2842 φανῆναι.
799 2770 899 2823 Διά
931 2769 1092 2823 τοῦτο
1141 2769 1262 2840 οὐχὶ
1313 2767 1492 2839 πατὴρ
1535 2767 1716 2838 μόνον,
1765 2766 1904 2822 ἀλλά

339 2866 438 2918 καί
467 2863 642 2934 ίερεὺς
667 2860 906 2930 ἐγίνετο·
939 2861 1033 2915 καὶ
1076 2861 1262 2931 ἐπειδὴ
1305 2860 1516 2931 ἀπέστη
1560 2857 1669 2912 τῶν
1705 2857 1901 2913 ἐαυτοῦ

337 2956 430 3010 διά
451 2957 543 3010 τὸν
565 2955 715 3018 Θεὸν,
746 2954 836 3008 διά
858 2954 1017 3008 τοῦτο
1055 2955 1149 3008 καὶ
1175 2956 1204 3008 6
1232 2953 1362 3017 Θεὸς
1386 2951 1525 3024 μετά
1553 2951 1757 3005 τούτων
1785 2953 1904 3022 ἐχα-

342 3049 532 3121 ρίσατο
562 3047 708 3119 αύτῷ
735 3048 828 3102 καὶ
851 3047 919 3101 τά
948 3045 1133 3102 αὑτοῦ.
1163 3046 1334 3099 Ὅταν
1382 3044 1480 3116 μὲν
1515 3040 1609 3098 οὖν
1653 3044 1903 3114 πολέμιοι

339 3138 750 3205 ἐπιϐουλεύωσι,
781 3139 874 3192 καὶ
900 3138 1062 3210 μέχρι
1082 3139 1180 3209 τῆς
1201 3137 1398 3208 πείρας
1420 3135 1634 3207 πρόεισι
1655 3135 1900 3206 θαυματ-

337 3232 554 3304 ουργῶν
575 3247 590 3263 ·
654 3227 764 3286 οἷον
810 3231 904 3284 ἐπὶ
935 3232 1034 3302 τῆς
1074 3230 1330 3300 καμίνου,
1370 3229 1465 3282 καί⁵
1503 3227 1611 3282 τῶν
1638 3226 1898 3281 λεόντων·

337 3326 470 3380 ὃταν
506 3323 562 3376 δέ
585 3322 746 3387 αὐτὸς
781 3321 1066 3394 ἐπιτάττῃ,
1097 3319 1260 3392 μέχρι
1287 3318 1597 3392 προθυμίας
1630 3319 1811 3390 ῖστησι
1839 3319 1900 3373 τὸ

336 3415 639 3486 ἐπίταγμα.

409 3595 479 3660 ζ’.
494 3595 557 3648 Τί
582 3595 690 3666 γάρ
716 3593 945 3658 ἔλειπεν,
967 3592 1088 3646 είπέ
1111 3608 1224 3662 μοι,
1239 3593 1306 3662 τῇ
1330 3589 1579 3661 ἀριστεία
1597 3587 1768 3660 ταύτῃ
1789 3586 1902 3640 λοι-

340 3690 476 3755 πόν;
504 3687 577 3760 μὴ
609 3687 719 3759 γάρ
745 3685 966 3756 προῄδει
986 3685 1047 3738 τὸ
1073 3683 1264 3755 μέλλον
1285 3684 1322 3736 '6
1364 3681 1647 3752 Ἀϐραάμ;
1681 3681 1757 3752 μὴ
1793 3679 1902 3751 γάρ

337 3780 784 3853 ἐπραγματεύετο
809 3779 902 3832 τοῦ
930 3777 1064 3832 Θεοῦ
1085 3778 1184 3848 τὴν
1215 3774 1656 3848 φιλανθρωπίαν;
1691 3776 1754 3829 El
1793 3774 1902 3844 γὰρ

336 3872 436 3925 καὶ
469 3872 749 3944 προφήτης
787 3865 876 3940 ῆν,
909 3867 1023 3922 ἀλλ’
1055 3867 1115 3921 ού
1146 3867 1322 3921 πάντα
1361 3868 1390 3919 6
1424 3867 1708 3936 προφήτης
1738 3862 1898 3919 οἶδεν.

336 3966 504 4018 Ὥστε
539 3962 764 4035 περιττὴ
786 3961 972 4016 λοιπὸν
994 3957 1062 4034 ἦν
1093 3963 1128 4032 ή
1158 3959 1357 4030 σφαγή,
1396 3959 1490 4013 καὶ
1526 3957 1720 4022 ἀναξία
1742 3957 1896 4013 Θεοῦ.

336 4059 403 4113 El
425 4057 485 4110 δέ
515 4056 622 4110 ἐδει
656 4055 863 4127 μαθεῖν,
896 4056 978 4110 ὅτι
1012 4056 1077 4108 ἐκ
1108 4055 1317 4124 νεκρῶν
1349 4051 1582 4122 ἐγείρειν
1611 4051 1835 4116 δυνατὸς
1871 4053 1900 4105 6

332 4148 492 4212 Θεὸς,
526 4146 633 4200 ἀπὸ
674 4146 770 4216 τῆς
798 4147 1012 4218 μήτρας
1060 4143 1241 4215 πολλῷ
1272 4143 1708 4216 θαυμαστότερον
1744 4143 1900 4198 τοῦτο

334 4241 532 4312 ἔμαθε·
575 4239 771 4312 μᾶλλον
800 4241 880 4304 δέ,
910 4241 1004 4294 καὶ
1047 4239 1153 4311 πρὸ
1179 4237 1279 4309 τῆς
1301 4237 1630 4302 ἀποδείξεως
1663 4237 1895 4308 ἐκείνης·

336 4333 528 4398 πιστὸς
548 4333 656 4403 γάρ
684 4328 774 4404 ἦν.
806 4332 878 4386 Σὺ
907 4331 965 4385 δέ
991 4330 1066 4403 μὴ
1088 4330 1332 4403 θαύμαζε
1357 4329 1448 4384 τὸν
1473 4329 1678 4384 δίκαιον
1716 4330 1896 4400 μόνον,

333 4426 472 4480 ἀλλά
497 4428 588 4480 καὶ
618 4427 800 4498 ζήλου·
848 4426 941 4480 καί¹
965 4426 1106 4496 ὁρῶν
1145 4425 1306 4478 αὐτὸν
1333 4423 1390 4476 ἐν
1417 4421 1655 4494 τοσούτῳ
1687 4420 1899 4493 θορύϐῳ

336 4515 434 4570 καὶ
473 4514 610 4588 ζάλῃ
641 4515 921 4586 κυμάτων,
965 4515 1039 4578 ὡς
1079 4516 1136 4568 ἐν
1160 4513 1369 4587 γαλήνῃ
1400 4512 1655 4578 πλέοντα,
1698 4512 1897 4584 ὁμοίως

335 4607 433 4665 καὶ
457 4607 521 4660 σὺ
545 4607 924 4678 μεταχειρίζου
946 4606 1045 4677 τῆς
1069 4607 1312 4678 ὑπακοῆς
1337 4605 1545 4678 καὶτῆς
1566 4605 1816 4677 ἀνδρείας
1838 4605 1898 4660 τὸ

336 4697 618 4769 πηδάλιον.
649 4698 741 4769 Μή
761 4702 870 4771 γάρ
905 4715 992 4769 μοι
1017 4698 1173 4751 τοῦτο
1199 4699 1361 4771 είπῃς
1395 4697 1573 4768 μόνον.
1601 4699 1685 4751 ὄτι
1713 4697 1900 4752 θυσια-

337 4791 560 4862 στήριον
587 4791 928 4862 ᾠκοδόμησε,
960 4790 1055 4844 καὶ
1080 4789 1148 4843 τά
1177 4789 1330 4856 ξύλα·
1364 4789 1498 4844 ἀλλά
1522 4791 1899 4863 ἀναμνήσθητι

336 4884 433 4939 καὶ
470 4884 568 4954 τῆς
598 4886 781 4955 φωνῆς
805 4883 896 4938 τοῦ
926 4884 1160 4951 παιδίου,
1191 4885 1287 4938 καὶ
1310 4883 1524 4952 λόγισαι
1555 4884 1718 4937 πόσαι
1743 4883 1900 4952 νιφά-

333 4980 424 5042 δες
457 4977 692 5049 ἐπῆλθον
724 4977 870 5048 αὐτῷ
920 4977 1291 5048 στρατοπέδων
1331 4975 1765 5046 ἐκδειματοῦσαι,
1811 4977 1901 5029 ὅτε

332 5072 538 5143 ἤκουσε
566 5071 662 5125 τοῦ
688 5072 901 5126 παιδίου
943 5073 1188 5141 λέγοντος
1223 5073 1251 5126 6
1272 5073 1474 5144 πατήρ·
1514 5072 1583 5126 Τὸ
1607 5071 1902 5140 πρόϐατον

333 5162 491 5231 ποῦ;
516 5165 767 5235 ἐννόησον
808 5165 963 5219 πόσοι
1004 5165 1126 5218 τότε
1165 5165 1492 5237 ἐκινήθησαν
1532 5165 1803 5236 λογισμοὶ,
1837 5163 1896 5217 οὗ

333 5257 563 5327 σιδήρῳ,
618 5256 754 5311 ἀλλά
807 5256 1078 5325 φλογίνοις
1131 5257 1347 5328 δόρασιν
1395 5255 1749 5326 ὠπλισμένοι,
1805 5254 1900 5309 καὶ

333 5345 604 5406 πάντοθεν
629 5345 1082 5409 κατακεντοῦντες
1101 5345 1259 5398 αὑτὸν
1284 5346 1377 5398 καί.
1408 5343 1804 5415 διατέμνοντες.
1839 5343 1900 5396 Ei

331 5437 441 5510 γὰρ
480 5437 576 5491 καὶ
620 5437 714 5491 νῦν
765 5437 1143 5492 κατακλῶνται
1191 5435 1373 5488 πολλοὶ
1413 5436 1506 5489 καὶ
1554 5436 1628 5506 μὴ
1661 5435 1893 5506 πατέρες

329 5527 508 5593 ὅντες,
553 5528 647 5583 καὶ
673 5529 998 5602 ἐδάκρυσαν,
1032 5530 1080 5582 εί
1109 5527 1182 5599 μὴ
1214 5528 1272 5581 τὸ
1303 5527 1454 5591 τέλος
1490 5526 1730 5599 ᾔδεισαν·
1767 5525 1892 5580 πολ-

331 5620 460 5684 λοὺς
494 5619 573 5686 δὲ,
617 5621 792 5683 καίτοι
839 5619 999 5674 τοῦτο
1049 5619 1276 5682 εἰδότας,
1319 5617 1652 5690 δακρύοντας
1679 5619 1808 5688 ὁρῶ·
1845 5616 1898 5670 τί

333 5712 566 5782 πάσχειν
594 5714 800 5767 ἐκεῖνον
832 5712 976 5775 είκὸς
1000 5707 1088 5783 ἦν,
1112 5711 1202 5764 τὸν
1229 5711 1390 5764 αὑτὸν
1421 5711 1774 5780 γεννήσαντα,
1804 5711 1894 5766 τὸν

335 5806 636 5882 θρέψαντα.
663 5808 752 5862 τὸν
781 5807 839 5860 ἐν
881 5806 1048 5877 γήρᾳ,
1089 5805 1178 5858 τὸν
1217 5804 1372 5875 μόνον
1406 5803 1595 5874 ἔχοντα
1631 5801 1888 5866 τοιοῦτον,

1381 373 1448 428 ΙΝ
1489 371 1708 431 EPIST.
1743 372 1785 427 ll
1823 373 1913 428 AD
1953 371 2110 430 COK.
2151 374 2383 433 HOMIL.
2417 375 2504 433 Ill.

3462 371 3566 443 416

2011 485 2104 539 τὸν
2129 486 2359 557 ὁρῶντα,
2387 488 2478 541 τὸν
2509 487 2794 556 ἀκούοντα,
2823 490 2916 546 τὸν
2936 492 3136 558 εὐθέως
3176 496 3431 565 μέλλοντα
3471 501 3569 552 ἀν-

2009 581 2214 646 αιρεῖν;
2239 579 2320 642 τίς
2347 581 2380 649 ή
2409 580 2623 643 σύνεσις
2663 583 2772 635 τῶν
2797 584 3083 654 ρημάτων;
3110 588 3193 650 τίς
3232 592 3263 658 ή
3298 590 3570 646 ἐπιείκεια

2007 671 2106 740 τῆς
2127 671 2403 736 πεύσεως;
2443 674 2538 736 Τίς
2562 675 2670 746 ἄρα
2702 676 2730 726 6
2763 677 2995 747 ἐνεργῶν
3020 719 3036 743 ,
3071 680 3100 732 6
3123 679 3383 746 διάϐολος,
3429 685 3570 737 ὥστε

2009 760 2285 830 ἐμπρῆσαι
2317 760 2414 833 τὴν
2453 761 2649 830 φύσιν;
2689 765 2780 835 Μὴ
2813 767 3043 834 γένοιτο,
3079 768 3193 820 ἀλλ’
3231 772 3260 822 6
3293 771 3444 835 Θεὸς,
3485 775 3573 827 ἵνα

2011 850 2211 918 μᾶλλον
2252 851 2519 923 βασανίσῃ
2558 855 2658 924 τὴν
2712 856 2918 926 χρυσῆν
2973 856 3066 910 τοῦ
3114 859 3322 916 δικαίου
3370 863 3566 934 ψυχήν.

2009 941 2177 994 Ὀταν
2209 942 2307 1012 μὲν
2337 942 2446 1013 γάρ
2475 946 2508 1013 ή
2537 945 2676 1015 γυνὴ
2700 945 3004 1017 φθέγγηται
3036 949 3130 1002 τοῦ
3163 950 3302 1015 Ἰὼϐ,
3331 953 3570 1020 διάϐολος

2007 1034 2237 1103 ἐνεργεῖ·
2285 1034 2510 1105 τοιαύτη
2551 1036 2656 1106 γάρ
2699 1038 2732 1104 ή
2773 1038 3080 1110 συμϐουλή·
3127 1037 3278 1104 οὗτος
3320 1043 3375 1097 δέ
3419 1046 3570 1098 οὐδὲν

2011 1122 2325 1200 βλάσφημον
2352 1126 2670 1196 φθέγγεται,
2704 1129 2840 1182 ἀλλά
2873 1131 2965 1183 καὶ
2994 1131 3197 1202 σφόδρα
3227 1135 3443 1199 εὐσεϐὲς
3473 1138 3570 1190 καὶ

2010 1219 2505 1286 μεμεριμνημένον·
2553 1219 2648 1271 καὶ
2698 1219 2866 1292 πολλὴ
2903 1223 2934 1292 ή
2983 1223 3140 1292 χάρις
3185 1225 3407 1295 ἐπήνθει
3454 1231 3564 1293 τοῖς

2007 1305 2236 1376 ῥήμασι,
2262 1307 2394 1360 πολὺ
2419 1308 2482 1360 τὸ
2521 1309 2643 1380 μέλι
2664 1309 2772 1363 τῶν
2797 1311 2969 1380 λόγων
3002 1313 3302 1379 ἀπέσταξεν
3330 1317 3436 1370 ἀπὸ
3469 1335 3568 1386 γα-

2005 1395 2172 1468 λήνης
2219 1398 2313 1450 καὶ
2347 1399 2552 1471 ήμέρου
2599 1401 2720 1471 ῥέον
2761 1402 2956 1474 ψυχῆς·
3011 1406 3104 1458 καὶ
3147 1406 3356 1471 λιθίνην
3413 1410 3574 1462 ίκανά

2004 1484 2180 1540 ταῦτα
2206 1481 2273 1557 ἦν
2307 1488 2544 1557 μαλάξαι
2589 1490 2828 1546 διάνοιαν
2862 1492 3011 1567 [455]
3046 1496 3114 1548 τά
3155 1498 3396 1568 ῥήματα.
3433 1500 3570 1552 Ἀλλ’

2005 1575 2065 1627 ού
2094 1574 2184 1628 τὸν
2210 1577 2490 1647 ἀδάμαντα
2517 1580 2722 1633 ἐκεῖνον
2748 1581 3126 1653 περιέτρεψεν,
3147 1583 3262 1637 ἀλλ’
3285 1584 3404 1636 ούδέ
3432 1585 3571 1640 ἔσει-

2008 1680 2120 1727 σεν,
2141 1664 2260 1717 οὐδὲ
2291 1663 2433 1719 είπε·
2466 1665 2530 1720 Τί
2559 1668 2770 1740 πατέρα
2789 1669 2974 1734 καλεῖς
2999 1670 3091 1726 τὸν
3124 1671 3318 1742 μικρὸν
3347 1671 3570 1745 ὕστερον

2005 1757 2105 1811 οὐκ
2133 1757 2390 1828 ἐσόμενόν
2440 1777 2533 1812 σου
2570 1761 2805 1830 πατέρα,
2841 1761 2932 1814 τὸν
2976 1763 3076 1834 ήδη
3120 1763 3325 1832 ταύτην
3375 1765 3571 1818 ἀπολέ-

2008 1864 2177 1902 σαντα
2208 1849 2306 1920 τῆν
2329 1851 2494 1920 τιμήν
2515 1869 2530 1916 ;
2555 1851 2710 1915 Τίνος
2729 1852 2784 1904 δέ
2813 1853 2996 1906 ἕνεκεν
3028 1855 3119 1906 καὶ
3147 1857 3176 1907 6
3199 1859 3326 1920 παῖς
3352 1857 3564 1926 ἐρωτᾷς

2006 1940 2079 1992 Ού
2118 1939 2613 2013 περιεργαζόμενος
2659 1943 2843 2007 ἁπλῶς
2891 1945 3010 1998 ούδέ
3070 1944 3566 2016 πολυπραγμονῶν,

2004 2029 2118 2084 ἀλλ’
2146 2032 2392 2100 ἀγωνιῶν
2425 2033 2564 2106 ὑπὲρ
2587 2034 2696 2089 τῶν
2726 2037 3122 2107 προκειμένων.
3163 2037 3274 2090 Kal
3327 2039 3434 2110 γάρ
3478 2041 3568 2091 ἐν-

2010 2122 2154 2176 ενόει
2180 2124 2285 2190 ὅτι,
2311 2125 2360 2178 εί
2394 2125 2470 2197 μὴ
2498 2125 2748 2180 ἐϐούλετο
2774 2127 2957 2182 λαϐεῖν
2993 2129 3244 2183 κοινωνὸν
3277 2130 3386 2183 τῶν
3419 2147 3569 2200 γινο-

2007 2214 2203 2286 μένων,
2225 2216 2327 2271 ούκ
2350 2217 2416 2271 ἂν
2443 2217 2570 2282 τοὺς
2604 2221 2703 2289 μέν
2735 2221 2926 2285 παῖδας
2959 2222 3136 2292 ἀφῆκε
3173 2223 3323 2276 κάτω
3361 2224 3562 2293 μένειν,

2003 2307 2164 2361 αὑτὸν
2193 2306 2250 2361 δὲ
2273 2307 2433 2379 μόνον
2462 2309 2759 2382 παρέλαϐε.
2785 2314 2884 2365 Διιά
2903 2312 2967 2384 δὴ
2990 2311 3146 2367 τοῦτο
3171 2315 3266 2368 καὶ
3295 2315 3383 2368 ὅτε
3412 2315 3566 2386 μόνοι

2002 2397 2277 2466 γεγόνασι,
2314 2399 2437 2453 τότε
2473 2400 2636 2456 αὑτὸν
2667 2403 2868 2474 ἐρωτᾷ,
2907 2403 2996 2457 ὅτε
3037 2404 3212 2468 οὐδεὶς
3251 2406 3417 2477 ῆκουτ
3453 2406 3565 2459 τῶν

2002 2488 2327 2560 λεγομένων·
2361 2493 2596 2564 τοσαύτη
2624 2493 2719 2546 τοῦ
2747 2495 2938 2559 παιδὸς
2989 2497 3021 2566 ή
3063 2496 3274 2560 σύνεσις
3301 2493 3389 2569 ῆν.
3416 2493 3564 2568 *Αρα

2003 2580 2065 2633 ού
2097 2579 2521 2654 διεθερμάνθητε
2555 2582 2777 2650 πάντες,
2809 2585 2904 2638 καὶ
2929 2585 3119 2657 ἀνδρες
3157 2587 3250 2639 καὶ
3275 2589 3561 2655 γυναῖκες;

2002 2672 2123 2744 οὐχὶ
2173 2673 2400 2739 ἕκαστος
2439 2674 2592 2746 ὑμῶν
2638 2677 3066 2750 περιπτύσσεται
3111 2681 3178 2750 τῇ
3215 2677 3422 2751 διανοίᾳ
3471 2682 3567 2734 καὶ

2003 2765 2293 2836 καταφιλεῖ
2313 2767 2372 2820 τὸ
2397 2768 2629 2833 παιδίον,
2661 2770 2755 2822 καὶ
2787 2767 3055 2840 θαυμάζει
3083 2772 3180 2841 τὴν
3210 2771 3444 2834 σύνεσιν,
3475 2773 3569 2825 καὶ

2003 2858 2231 2911 αἰδεῖται
2269 2857 2368 2930 τὴν
2400 2857 2706 2920 εὐλάϐειαν,
2741 2859 2860 2928 μεθ’
2889 2857 2955 2931 ἧς
2983 2862 3076 2914 καὶ⁹
3107 2864 3566 2935 συμποδιζόμενος

2004 2949 2099 3003 καὶ
2137 2949 2229 3001 ἐπὶ
2264 2953 2375 3013 τοῖς
2415 2949 2592 3016 ξύλοις
2629 2950 3022 3021 ἐπιτιθέμενος,
3053 2953 3154 3006 ούκ
3189 2954 3566 3027 ἐξεπλήττετο,

2001 3041 2102 3093 οὐκ
2131 3040 2377 3112 ἐσκίρτα,
2412 3041 2472 3094 ού
2504 3042 2874 3110 κατεγίνωσκε
2901 3045 2996 3097 τοῦ
3030 3045 3232 3116 πατρὸς
3265 3046 3338 3110 ώς
3380 3064 3567 3117 μαινο-

2005 3132 2189 3204 μένου,
2230 3133 2365 3187 ἀλλά
2394 3136 2488 3188 καὶ
2528 3136 2808 3206 ἐδεσμεῖτο
2845 3139 2937 3191 καὶ
2965 3139 3314 3205 άνεϐιϐἀζετο
3349 3142 3442 3194 καί
3469 3145 3566 3195 ἐπ-

2002 3225 2228 3291 ετίθετο,
2261 3228 2356 3281 καὶ
2377 3227 2555 3281 πάντα
2587 3227 2748 3300 ἔφερε
2775 3233 2922 3302 σιγῇ,
2949 3232 3201 3306 καθάπερ
3226 3251 3310 3299 τις
3330 3237 3564 3306 ἀρνειὸς,

2005 3318 2204 3390 μᾶλλον
2226 3319 2306 3383 δὲ,
2334 3319 2585 3394 καθάπερ
2605 3322 2634 3375 6
2669 3324 2842 3388 κοινὸς
2873 3326 3088 3380 πάντων
3111 3329 3385 3399 Δεσπότη,
3411 3347 3426 3395 ;
3455 3331 3568 3383 Καὶ

2003 3408 2112 3481 γὰρ
2146 3409 2354 3464 ἐκείνου
2389 3413 2640 3483 ἐμιμεῖτο
2672 3415 2771 3484 τὴν
2799 3416 3119 3482 ἐπιείκειαν,
3153 3419 3246 3471 καὶ
3276 3420 3366 3472 τὸν
3398 3419 3568 3478 τύπον

2003 3501 2316 3570 ἐφύλαττεν·
2368 3505 2463 3570 Ὡς
2491 3505 2788 3574 πρόϐατον
2832 3505 2940 3579 γάρ
2976 3507 3073 3561 ἐπί
3110 3509 3356 3580 σφαγὴν
3386 3511 3566 3582 ἤχθη,

2002 3594 2097 3648 καί
2119 3595 2200 3661 ὡς
2223 3595 2412 3665 ἀμνὸς
2441 3597 2719 3651 ἐναντίον
2744 3598 2850 3652 τοῦ
2880 3599 3181 3668 κείροντος
3205 3603 3390 3658 αὐτὸν
3410 3606 3568 3675 ἄφω-

2000 3702 2126 3752 νος.
2167 3687 2360 3740 Καίτοι
2399 3703 2464 3755 γε
2498 3687 2793 3756 ἐφθέγξατο
2829 3683 3002 3754 οὗτος·
3033 3695 3124 3745 καὶ
3153 3693 3259 3766 γάρ
3287 3697 3380 3750 καὶ
3409 3698 3437 3749 6
3472 3701 3570 3751 Ae-

2004 3779 2207 3849 σπόιης
2261 3777 2424 3832 αὐτοῦ
2468 3779 2784 3848 ἐφθέγξατο·
2835 3782 2952 3847 πῶς
2992 3780 3084 3836 οὖν
3118 3785 3366 3855 άφωνοςς
3397 3791 3566 3844 Τουτ-

2003 3868 2170 3932 ἐστιν,
2197 3867 2350 3920 οὐδὲν
2384 3867 2612 3933 αὔθαδες
2644 3865 2816 3934 εἶπεν,
2848 3871 2970 3923 ούδέ
3002 3874 3195 3942 τραχὺ,
3226 3875 3360 3930 ἀλλά
3391 3879 3568 3933 πάντα

2000 3961 2180 4032 ἥμερα
2202 3959 2293 4013 καὶ
2315 3961 2582 4033 προσηνῆ,
2607 3962 2698 4016 καὶ
2722 3963 2922 4032 μᾶλλον
2943 3963 3043 4034 τῆς
3065 3965 3222 4033 σιγῆς
3252 3969 3322 4019 τά
3342 3969 3562 4038 ῥήματα

2001 4051 2099 4122 τήν
2133 4051 2433 4106 ἐπιείκειαν
2465 4053 2674 4123 ἐδήλου.
2717 4054 2867 4106 Ἐπεὶ
2907 4056 2999 4108 καὶ
3037 4056 3064 4107 ὀ
3094 4055 3326 4123 Χριστὸς
3352 4057 3556 4127 ἐλεγεν·

2001 4144 2072 4196 Εἰ
2111 4141 2230 4211 μὲν
2283 4142 2479 4211 κακῶς
2523 4143 2820 4213 ἐλάλησα,
2868 4147 3251 4216 μαρτύρησον
3285 4149 3419 4217 περὶ
3458 4149 3565 4204 τοῦ

2001 4235 2210 4290 κακοῦ·
2254 4237 2308 4290 εί
2360 4235 2428 4288 δὲ
2476 4235 2696 4303 καλῶς,
2723 4239 2781 4291 τί
2818 4256 2895 4308 με
2933 4238 3164 4308 δέρεις;
3193 4241 3288 4295 καὶ
3319 4241 3418 4312 τὴν
3443 4243 3566 4295 ἐπι-

2001 4325 2205 4381 είκειαν
2239 4327 2439 4398 μᾶλλον
2477 4329 2820 4402 ἐδήλωσεν,ἥ
2869 4332 2918 4384 εί
2955 4332 3201 4400 ἐσίγησε.
3233 4335 3340 4386 Kal
3374 4332 3564 4403 ὥσπερ

2001 4413 2152 4481 οὗτος
2176 4417 2254 4488 τῷ
2273 4419 2439 4490 πατρὶ
2459 4419 2566 4474 ἀπὸ
2587 4418 2678 4472 τοῦ
2704 4419 3114 4492 θυσιαστηρίου,
3136 4421 3279 4476 οὕτω
3305 4423 3398 4476 καὶ
3422 4425 3567 4476 ἐκεῖ-

2001 4527 2091 4573 νος
2125 4509 2234 4564 ἀπὸ
2274 4509 2368 4563 τοῦ
2407 4510 2639 4581 σταυροῦ
2675 4511 3006 4582 διαλέγεται,
3043 4513 3255 4584 Πάτερ,
3283 4515 3431 4584 ἄφες
3457 4517 3566 4569 αὐ·

2001 4603 2148 4669 τοῖς,
2181 4601 2372 4670 λέγων⁹
2410 4603 2482 4656 οὺ
2516 4602 2625 4672 γὰρ
2673 4603 2871 4659 οίδασι
2917 4606 2973 4658 τί
3015 4606 3275 4661 ποιοῦσι.
3306 4608 3371 4660 Τί
3413 4605 3506 4663 οὖν
3537 4610 3567 4662 ό

2005 4693 2378 4764 πατριάρχης;
2428 4693 2482 4746 '0
2516 4693 2658 4760 Θεὸς
2688 4693 2896 4774 ὄψεται
2926 4695 3117 4763 ἐαυτῷ
3146 4699 3444 4766 πρόϐατον
3477 4703 3566 4768 εἰς

2003 4786 2445 4856 όλοκάρπωονν,
2474 4786 2707 4842 τέκνον.
2745 4788 3024 4862 Ἐκάτεροι
3073 4788 3142 4842 τά
3183 4790 3420 4860 ὀνόματα
3467 4793 3567 4863 τῆς

2003 4879 2216 4948 φύσεως
2244 4879 2516 4933 καλοῦσιν’
2551 4881 2754 4944 ἐκεῖνος
2781 4881 3016 4952 Πατέρα,
3053 4886 3146 4935 καὶ
3172 4883 3358 4938 τέκνον
3389 4877 3563 4947 οὗτος.

2003 4974 2113 5027 Kal
2139 4971 2373 5042 χαλεπὸς
2399 4971 2737 5043 ἑκατέρωθεν
2775 4974 2804 5025 ό
2837 4972 3068 5044 πόλεμος
3100 4974 3442 5046 διεγείρεται,
3473 4977 3568 5030 καὶ

2003 5065 2171 5136 πολλὴ
2203 5066 2234 5136 ή
2261 5063 2419 5136 ζάλη,
2455 5064 2549 5118 καὶ
2587 5063 2843 5132 ναυάγιον
2866 5065 3119 5136 οὐδαμοῦ·
3151 5069 3183 5137 ἡ
3215 5068 3322 5138 γάρ
3350 5068 3566 5135 φιλοσο-

2002 5160 2100 5229 φία
2141 5157 2355 5212 πάντων
2388 5157 2597 5228 κρατεῖ.
2641 5152 2773 5209 Εἶτα
2811 5157 2996 5230 ἐπειδὴ
3048 5159 3245 5230 ἢκουσε
3289 5160 3377 5214 τὸν
3409 5161 3562 5222 Θεὸν,

2001 5250 2182 5304 οὐκέτι
2203 5243 2356 5302 εἶπεν
2379 5247 2548 5309 οὐδὲν,
2568 5247 2689 5302 οὐδὲ
2715 5251 3156 5321 περιειργάσατο·
3181 5251 3322 5304 οὕτω
3350 5251 3567 5303 συνετὸν

2000 5338 2068 5413 ῆν
2109 5339 2170 5394 τὸ
2205 5338 2433 5404 παιδίον,
2469 5340 2563 5393 καὶ
2593 5342 2652 5394 ἐν
2685 5340 2832 5412 αύτῷ
2870 5341 2968 5410 τῆς
3015 5342 3226 5411 ήλικίας
3266 5343 3344 5412 τῷ
3390 5340 3566 5396 ἀνθει.

2001 5429 2155 5496 Εἶδες
2175 5432 2264 5485 τὸν
2289 5431 2510 5502 βασιλέα
2538 5431 2716 5485 πόσων
2749 5431 3019 5504 ἐκράτησε
3051 5433 3447 5502 στρατοπέδων,
3480 5433 3570 5487 πό-

2004 5543 2112 5580 σων
2163 5524 2411 5596 πολέμων
2445 5523 2743 5590 ἐπιόντων;
2789 5525 2922 5578 Ούδέ
2969 5523 3079 5593 γάρ
3123 5524 3294 5588 οὕτως
3334 5522 3472 5599 ἦσαν
3515 5528 3567 5580 οί

2005 5619 2266 5692 βάρϐαροι
2311 5622 2376 5691 τῇ
2413 5618 2565 5672 πόλει
2611 5618 2718 5672 τῶν
2763 5618 3147 5691 Ἰεροσολύμων
3195 5621 3436 5692 φοϐεροὶ,
3478 5623 3568 5675 ὅτε

2002 5709 2234 5782 ἐπῆλθον
2289 5712 2426 5781 αὐτῇ
2487 5710 2767 5775 πολλάκις,
2813 5711 2899 5776 ,ώς
2953 5713 3001 5765 οί
3061 5710 3312 5782 λογισμοὶ
3364 5713 3569 5768 τούτων

2003 5802 2263 5860 πάντοθεν
2309 5803 2468 5860 αὐτὸν
2511 5803 2959 5875 περικαθήμενοι·
2999 5804 3111 5860 ἀλλ’
3135 5805 3283 5876 ὅμως
3314 5806 3567 5862 ἁπάντων
