4138 6220
561 349 668 404 417

557 463 922 538 περιεγένετο.
951 461 1138 516 Βούλει
1162 462 1254 516 καὶ
1277 462 1368 516 τὸν
1392 463 1541 535 ἱερέα
1563 464 1721 528 ίδεϊνς
1749 465 1808 518 οὐ
1837 464 2120 538 πόρρωθεν

554 565 617 616 το
644 559 965 629 ὑπόδειγμα.
998 559 1166 612 Ὅταν
1193 559 1301 630 7&9
1327 559 1489 613 αὐτὸν
1528 560 1642 632 ἴδῃς
1668 561 1780 632 πῦρ
1809 564 2001 632 ἔχοντα
2028 562 2124 616 καὶ

559 659 834 729 μάχαιραν
883 654 976 708 καὶ
1030 653 1402 727 θυσιαστηρίῳ
1459 657 1764 726 ἐφεστῶτα,
1819 658 1873 711 τί
1939 658 2122 712 λοιπὸν

555 752 918 824 ἀμφιϐάλλεις
956 751 1096 824 ὑπὲρ
1127 753 1227 824 τῆς
1258 753 1596 825 ίερωσύνης;
1633 754 1698 807 Εἰ
1725 755 1781 808 δὲ
1813 754 1991 826 βούλει
2029 758 2124 809 καὶ

562 852 653 922 τὴν
689 850 878 906 θυσίαν
910 849 1059 914 ἰδεῖν,
1093 851 1194 921 ὅρα
1222 850 1434 922 διπλῆν.
1468 852 1816 922 Προσήνεγκε
1843 851 1972 920 γοῦν
1995 855 2125 906 παῖ-

555 947 642 1012 δα,
686 948 1037 1018 ’προσήνεγκε
1078 949 1174 1000 καὶ
1204 947 1499 1018 πρόϐατον,
1540 948 1739 1016 μᾶλλον
1765 948 1822 1000 δὲ
1854 949 1960 1020 πρὸ
1985 949 2124 1004 πάν-

557 1063 685 1109 των,
713 1043 809 1114 τὴν
840 1042 1030 1096 ἑαυτοῦ
1058 1041 1302 1112 γνώμην·
1327 1044 1420 1097 καὶ
1441 1042 1518 1113 τῷ
1543 1044 1638 1113 μὲν
1660 1045 1849 1114 αἵματι
1870 1045 1964 1098 τοῦ
1990 1062 2126 1116 προ-

557 1141 723 1194 ϐάτου
746 1141 846 1210 τὴν
875 1138 1076 1204 δεξιὰν,
1103 1142 1169 1208 τῇ
1191 1137 1249 1191 δὲ
1281 1142 1462 1210 σφαγῇ
1491 1138 1582 1192 τοῦ
1616 1141 1803 1202 παιδος
1833 1141 1930 1212 τὴν
1949 1141 2126 1211 ψυχὴν

558 1233 710 1308 [45ηίῖ
739 1233 984 1304 ἡγίασεν,
1037 1232 1222 1298 Οῦτως
1268 1233 1645 1305 ἐχειροτονήθη
1690 1236 1886 1307 ἱερεὺς,
1937 1236 2126 1306 αἵματι

561 1328 904 1401 μονογενοῦς,
936 1328 1096 1400 θυσίᾳ
1124 1327 1318 1399 ἀμνοῦ.
1345 1330 1456 1382 Καὶ
1484 1329 1594 1401 7&9
1627 1332 1722 1384 καὶ⁵
1747 1333 1796 1384 οί
1843 1333 2008 1402 ἱερεῖς
2043 1331 2128 1385 αἴ-

562 1442 692 1496 ματι
727 1425 1134 1495 ἡγιάζοντοτῶν
1170 1424 1382 1494 ἱερείων
1409 1425 1516 1479 τῶν
1546 1425 1622 1496 τῷ
1645 1425 1762 1496 Θεῷ
1788 1427 2130 1498 προσαγομέ-

558 1539 684 1575 νων.
725 1521 912 1574 Βούλει
943 1521 1038 1575 καὶ
1065 1521 1347 1592 προφήτην
1379 1521 1536 1587 ἰδεῖν;
1578 1522 1829 1590 Ἀϐραὰμ
1863 1527 1896 1577 ό
1933 1522 2129 1593 πατὴρ

558 1615 727 1688 ὑμῶν
769 1606 1207 1687 ἠγαλλιάσατο,
1261 1619 1362 1671 ἵνα
1416 1617 1515 1687 ιδῃ
1564 1615 1680 1686 τὴν
1737 1619 1962 1686 ἡμέραν
2014 1618 2131 1687 τὴν

557 1715 730 1784 ἐμήν-⁸
761 1715 855 1768 καί
877 1710 1017 1779 εἰδε,
1045 1714 1145 1767 καί
1169 1712 1375 1783 ἐχάρη,
1403 1713 1585 1784 φησίν.
1609 1712 1765 1766 Οῦτω
1794 1716 1887 1768 καὶ
1910 1715 1973 1767 σὺ
2002 1715 2127 1788 γίνῃ

563 1812 834 1882 βασιλεὺς,
866 1813 958 1866 καί¹
989 1811 1186 1883 ἱερεὺς,
1221 1812 1315 1865 καί
1347 1815 1630 1881 προφήτης
1678 1811 1736 1863 ἐν
1774 1811 1854 1882 τῷ
1893 1811 2124 1882 λουτρῷ.

563 1903 815 1974 βασιλεὺς
847 1905 964 1975 μὲν,
1001 1903 1180 1967 πάσας
1212 1903 1384 1974 χαμαὶ
1407 1901 1569 1974 ῥίψας
1597 1901 1698 1965 τὰς
1722 1903 1958 1973 πονηρὰς
1988 1904 2130 1974 πρά-τ

563 1995 696 2063 ξεις,
742 1996 839 2050 καὶ
887 1996 957 2050 τὰ
990 1997 1364 2068 ἁμαρτήματα
1409 1993 1781 2064 κατασφάξας·
1834 1996 2011 2066 ἱερεὺς
2047 1995 2125 2061 δὲ,

1274 347 1332 402 S.
1372 343 1656 402 JOANNIS
1693 343 2176 402 CHRYSOSTOMI
2215 343 2532 404 ARCHIEP.
2567 347 3109 406 CONSTANTINOP.

3675 348 3786 406 “8

2223 466 2413 520 ἑαυτὸν
2445 466 2827 540 προσενεγκὼν
2862 469 2940 540 τῷ
2962 468 3104 539 Θεῷ,
3131 470 3221 522 καί
3253 467 3561 532 καταθύσας
3591 469 3649 520 τδ
3679 467 3790 520 σῶ-

2226 581 2321 635 μα,
2357 564 2450 618 καὶ
2479 566 2708 634 σφαγεὶς
2737 567 2832 620 καὶ⁵
2855 567 3034 629 αὑτός·
3060 567 3130 619 Εἰ
3158 565 3266 635 γὰρ
3291 565 3789 635 συναπεθάνομεν

2223 658 2402 724 αὐτῷ,
2433 662 2584 731 φησὶ,
2609 662 2708 715 καί
2741 661 3082 731 συζήσομεν
3106 659 3284 726 αὐτῷ·
3310 661 3590 732 προφήτης
3620 661 3694 726 δὲ,
3718 661 3789 714 τά

2227 756 2488 826 μέλλοντα
2523 758 2827 827 μανθάνων,
2859 761 2954 812 καὶ
2983 759 3167 821 ἔνθους
3194 759 3476 827 γινόμενος
3499 757 3592 810 καὶ
3615 775 3682 825 σφ
3693 775 3790 828 ρα-

2224 853 2536 923 γισάμενος.
2561 852 2823 925 Καθάπερ
2852 853 2960 924 7&9
2985 852 3339 926 στρατιώταις
3365 855 3619 924 σφραγὶς,
3646 855 3790 908 οῦτω

2225 953 2320 1005 καί
2344 955 2456 1013 τοῖς
2481 954 2691 1012 πιστοῖς
2711 951 2770 1005 τὺ
2797 951 3019 1023 Πνεῦμα
3049 952 3369 1004 ἐπιτίθεται”
3404 951 3505 1005 κᾶν
3534 951 3790 1004 λειποτα-

2225 1053 2453 1122 κτήσῃς,
2484 1049 2784 1120 κατάδηλος
2811 1047 2935 1121 γίνῃ
2961 1049 3142 1102 πᾶσιν.
3181 1047 3422 1101 Ἰουδαῖοι
3455 1046 3552 1116 μὲν
3576 1047 3684 1119 7&9
3712 1044 3792 1100 εἷ-

2225 1165 2317 1219 χον
2349 1149 2615 1219 σφραγῖδα
2642 1146 2740 1218 τὴν
2763 1145 3082 1219 περιτομὴν,
3112 1147 3270 1216 ἡμεῖς
3299 1144 3352 1197 δὲ
3382 1142 3472 1196 τὸν
3497 1143 3792 1214 ἀρραϐῶνα

2224 1267 2321 1312 τοῦ
2357 1257 2686 1327 Πνεύματος.
2721 1255 2905 1308 Ταῦτα
2932 1250 3024 1309 οῦν
3068 1255 3291 1318 εἰδότες,
3334 1254 3428 1307 καί¹
3465 1253 3524 1307 τὸ
3572 1253 3792 1324 ἀξίωμα

2226 1356 2286 1410 τὸ
2311 1356 2517 1410 ἑαυτῶν
2551 1355 2920 1424 ἐννοήσαντες,
2947 1352 3093 1418 ἄξιον
3121 1354 3217 1423 τῆς
3259 1352 3477 1424 χάριτος
3507 1350 3792 1416 ἐπιδειξώ-

2231 1453 2369 1524 μεθα
2393 1452 2524 1524 βίον,
2547 1453 2635 1505 ἵνα
2670 1453 2766 1505 καὶ
2793 1451 2893 1520 τῆς
2922 1449 3220 1520 μελλούσης
3259 1448 3602 1519 ἐπιτύχωμεν
3635 1448 3791 1517 βασι-

2226 1552 2394 1615 λείαςσ
2424 1544 2490 1622 ἧς
2516 1549 2724 1619 γένοιτο
2746 1548 2955 1612 πάντας
2983 1548 3133 1619 ἡμᾶς
3171 1547 3465 1616 ἐπιτυχεῖν,
3494 1543 3674 1615 χάριτι
3697 1546 3802 1598 καὶ

2229 1647 2604 1719 φιλανθρωπίᾳ
2633 1645 2728 1700 τοῦ
2758 1645 2964 1716 Κυρίου
2997 1643 3150 1715 ἡμῶν
3187 1641 3359 1713 Ἰησοῦ
3392 1641 3646 1712 Χριστοῦ,
3671 1640 3792 1711 μεθ’

2228 1741 2288 1798 οῦ
2323 1744 2398 1816 τῷ
2433 1744 2606 1815 Πατρί
2635 1743 2752 1813 ἅμα
2787 1741 2865 1812 τῷ
2895 1741 3034 1813 ἁγίῳ
3061 1739 3338 1811 Πνεύματι
3382 1738 3529 1804 δόξα,
3566 1737 3792 1810 κράτος,

2226 1839 2383 1910 τιμὴ,
2418 1837 2514 1895 νῦν
2539 1840 2630 1896 καὶ
2661 1839 2769 1904 ἀεὶ,
2807 1837 2902 1892 καὶ
2930 1837 3010 1902 εἰς
3034 1836 3162 1901 τοὺς
3187 1836 3386 1900 αἰῶνας
3415 1834 3524 1890 τῶν
3555 1835 3791 1890 αἰώνων.

2241 1937 2300 1989 ’Δ
2309 1937 2436 2007 μήν.

2041 2285 2284 2340 OMIAIA
2321 2282 2395 2343 A'.

573 2429 721 2499 Ἐγὼ
752 2430 819 2484 δὲ
843 2430 1110 2499 μάρτυρα
1138 2430 1245 2484 τὸν
1281 2428 1429 2483 Θεὸν
1456 2429 1851 2499 ἐπικαλοῦμαι
1879 2429 1976 2484 ἐπὶ
2012 2428 2127 2499 τὴν

631 2449 638 2482 r
752 2449 819 2484 οε
843 2449 1110 2499 μάρτυρα
1138 2449 1245 2484 τον
1281 2449 1429 2483 δεον
1456 2449 1851 2499 επικανιουμαι
1879 2449 1976 2484 επι
2012 2449 2120 2497 την

631 2449 786 2570 ῌὴν
815 2500 1046 2572 ψυχὴν,
1078 2500 1167 2553 ὅτι
1194 2500 1541 2570 φειδόμενος
1581 2499 1767 2570 ὑμῶν,
1794 2500 1993 2556 οὐκέτι
2018 2496 2120 2572 ἦλ·

631 2577 741 2628 θον
765 2575 850 2638 εἰς
879 2571 1185 2639 Κόρινθον.

635 2702 775 2760 α’.Τί
793 2701 916 2772 φὴς,
937 2695 981 2754 ὦ
1005 2701 1237 2772 μακάριε
1261 2700 1439 2753 Παῦλε
1460 2719 1475 2767 ;
1500 2703 1809 2772 φειδόμενος
1832 2703 2010 2758 αὐτῶν
2029 2703 2130 2759 οὑκ

561 2788 725 2864 ἦλθες
749 2796 826 2856 εἰς
849 2792 1110 2864 Κόρινθον
1135 2809 1148 2857 ;
1186 2792 1393 2847 Ούκοῦν
1423 2793 1818 2863 ἐναντιολογίαν
1845 2795 1965 2849 τινὰ
1995 2797 2129 2866 ἡμῖν

563 2885 802 2952 εἰσάγεις
838 2883 1090 2937 ἐνταῦθα.
1129 2884 1408 2954 Ἀνωτέρω
1440 2885 1537 2954 μὲν
1567 2885 1675 2956 7&9
1707 2885 1906 2954 ἔλεγες,
1931 2885 2013 2938 ὅτι
2041 2885 2131 2940 διὰ

561 2978 719 3032 τοῦτο
741 2977 841 3029 οὐκ
860 2972 1041 3046 ἦλθες,
1067 2975 1250 3047 ἐπειδὴ
1283 2977 1344 3029 οὐ
1369 2977 1508 3030 κατά
1533 2976 1710 3049 σάρκα
1737 2977 1984 3048 βουλεύῃ,
2011 2976 2130 3031 οὑδέ

563 3068 753 3140 κύριος
777 3065 828 3122 εἷ
857 3068 1078 3130 σαυτοῦ,
1105 3068 1220 3121 ἁλλ’
1249 3069 1352 3122 ὑπὸ
1385 3069 1484 3139 τῆς
1521 3069 1614 3123 τοῦ
1635 3070 1953 3142 Πνεύματος
1981 3070 2131 3137 ἐξου-

564 3161 684 3223 σίας
713 3157 982 3228 πανταχοῦ
1015 3157 1274 3230 περιάγῃ,
1309 3159 1401 3212 καὶ
1448 3159 1547 3222 τὰς
1584 3159 1789 3230 θλίψεις
1837 3161 1918 3224 εἰς
1968 3161 2131 3231 μέσον

561 3246 716 3322 ἦγες·
751 3250 979 3304 ἐνταῦθα
1006 3249 1062 3302 δὲ
1100 3249 1192 3302 σὺν
1229 3249 1334 3320 φὴς
1366 3246 1503 3303 εἶναι
1524 3250 1584 3304 τδ
1615 3251 1687 3322 μὴ
1716 3251 1911 3318 ἐλθεῖν,
1945 3253 2131 3307 οὐκέτι

561 3343 662 3410 τῆς
711 3339 804 3392 τοῦ
846 3338 1159 3409 Πνεύματος
1204 3337 1467 3402 ἐξουσίας·
1522 3341 1616 3394 καὶ⁴
1655 3342 1764 3411 γάρ
1808 3358 1994 3412 φησιν,
2049 3343 2130 3396 ὅτι

565 3431 915 3501 Φειδόμενος
937 3431 1122 3500 ὑμῶν,
1153 3432 1262 3484 οὐκ
1293 3426 1482 3498 ἦλθον
1507 3433 1595 3498 εἰς
1619 3433 1926 3500 Κόρινθον.
1951 3434 2017 3486 Τί
2039 3430 2132 3488 οῦν

564 3522 711 3578 ἐστιν
739 3523 948 3587 εἰπεῖν;
987 3521 1056 3573 Ἦ
1100 3522 1181 3574 ὅτι
1209 3519 1485 3574 καὶτοῦτο
1518 3522 1650 3576 αὐτὸ
1682 3522 1775 3576 τοῦ
1814 3523 2132 3594 Πνεύματος

562 3609 654 3686 ἦν,
699 3613 796 3668 καὶ
845 3611 1079 3683 ἠθέλησε
1139 3612 1237 3683 μέν
1269 3612 1429 3675 αὐτὸς
1462 3612 1656 3679 ἐλθεῖν,
1695 3614 1934 3669 ὑπέϐαλε
1979 3616 2036 3670 δὲ
2071 3617 2133 3670 τὸ

565 3705 791 3774 Πνεῦμα
846 3704 920 3775 μὴ
960 3703 1382 3776 παραγενέσθαι,
1436 3703 1534 3776 τὴν
1582 3705 1748 3774 φειδὼ
1793 3707 1892 3780 τὴν
1950 3707 2130 3761 αὑτῶν

565 3795 1021 3866 προϐαλλόμενον·
1059 3794 1092 3865 ἢ
1125 3794 1252 3867 περί
1283 3794 1476 3869 ἐτέρας
1505 3795 1651 3865 λέγει
1682 3798 2006 3869 παρουσίας,
2033 3799 2131 3871 δη-

563 3887 672 3959 λῶν
700 3889 781 3942 ὅτι
805 3888 933 3958 πρὶν
957 3886 990 3958 ἢ
1017 3887 1228 3958 γράψαι
1252 3885 1350 3959 τὴν
1379 3887 1648 3960 προτέραν
1672 3889 1974 3961 ἐπιστολὴν,
2007 3889 2131 3960 ἠθέ-

562 3981 728 4053 λησεν
756 3979 954 4044 ἐλθεῖν,
989 3979 1085 4032 καὶ
1121 3980 1388 4049 κατέσχεν
1416 3979 1608 4033 ἑαυτὸν
1633 3979 1699 4033 δι’
1725 3981 1967 4053 ἀγάπην,
1989 3981 2130 4036 ὥστε

566 4071 643 4144 μὴ
684 4068 1028 4142 ἀδιορθώτοις
1079 4069 1384 4139 ἐπιστῆναι.
1436 4070 1598 4133 Εἰκὸς
1638 4071 1695 4124 δὲ
1729 4071 1823 4126 καὶ
1858 4073 1994 4143 μετὰ
2032 4071 2130 4143 τὴν

559 4163 820 4232 δευτέραν
849 4159 1295 4230 Ἐπιστολὴν,τοῦ
1325 4160 1640 4231 Πνεύματος
1674 4162 1871 4232 μηκέτι
1896 4161 2130 4217 κωλύον-

559 4270 654 4317 τος
681 4253 862 4319 αὑτὸν,
899 4252 1090 4305 ἐκόντα
1132 4249 1219 4304 διὰ
1251 4250 1348 4322 τὴν
1384 4251 1563 4305 αἰτίαν
1601 4252 1804 4323 ταύτην
1836 4256 2033 4323 μεῖναι.
2068 4253 2131 4310 '0

561 4343 658 4399 καὶ
695 4342 894 4414 μᾶλλόν
921 4343 1070 4396 ἐστιν
1104 4341 1463 4408 ὑποπτεῦσαι,
1495 4343 1578 4396 ὅτι
1605 4343 1755 4414 παρὰ
1786 4344 1885 4413 μὲν
1905 4342 2002 4415 τὴν
2026 4344 2130 4416 ἀρ-

562 4435 664 4508 χὴν
695 4436 757 4489 τὸ
793 4434 1018 4506 Πνεῦμα
1048 4432 1303 4488 ἐκώλυεν·
1341 4434 1568 4508 ὕστερον
1593 4435 1651 4490 δὲ
1681 4437 1776 4491 καὶ
1816 4437 1976 4501 αὐτὸς
2010 4438 2130 4491 ἐπι-

561 4526 918 4598 λογισάμενος
959 4526 1041 4580 ὃτι
1092 4524 1243 4597 [455]
1284 4525 1443 4579 τοῦτο
1471 4525 1698 4596 βέλτιον,
1731 4527 1934 4598 ἔμεινε.
1967 4527 2039 4581 Σὺ
2071 4528 2129 4581 δέ

567 4635 660 4690 μοι
704 4617 895 4672 σκόπει
941 4616 1060 4681 πῶς
1089 4616 1250 4669 πάλιν
1284 4616 1475 4669 ἐαυτοῦ
1508 4617 1799 4688 μέμνηται,
1830 4619 1858 4672 ὃ
1893 4619 2131 4690 συνεχῶς

560 4711 742 4782 λέγειν
787 4709 848 4764 οὐ
891 4707 1190 4780 παύσομαι,
1221 4706 1328 4760 ἀπὸ
1359 4707 1466 4760 τῶν
1497 4708 1752 4761 ἐναντίων
1798 4710 1974 4780 ἐαυτῷ
2003 4727 2129 4765 συν·

564 4804 871 4875 ιστάμενος.
903 4802 1120 4873 Ἐπειδὴ
1137 4800 1246 4876 7&9
1267 4799 1536 4855 καὶτοῦτο
1555 4800 1699 4864 εἰκὸς
1715 4796 1783 4871 ἦν
1803 4801 2128 4858 ὑποπτεύειν

562 4891 777 4958 αὐτοὺς,
821 4894 914 4947 καὶ
938 4893 1139 4961 λέγειν,
1177 4893 1258 4946 ὅτι
1298 4891 1396 4945 Διά
1424 4889 1580 4944 τοῦτο
1622 4890 1721 4944 οὐκ
1752 4890 2020 4963 ἠθέλησας
2041 4893 2130 4947 ἐλ-

563 4981 697 5035 θεῖν·
737 4984 1006 5054 ὲμίσησας
1035 4985 1143 5056 γὰρ
1169 4986 1351 5056 ἡμᾶς·
1396 4983 1632 5037 δείκνυσι
1678 4983 2005 5050 τούναντίον,
2047 4986 2131 5042 ὅτι

560 5071 652 5128 διὰ
677 5072 835 5126 τοῦτο
857 5074 956 5125 οὐκ
987 5075 1270 5144 ⁴ἰγθέλησεν,
1299 5076 1486 5147 ἐπειδὴ
1517 5075 1691 5145 ἐφίλει
1723 5076 1938 5141 αὐτούς.
1975 5076 2040 5132 Τί
2070 5078 2129 5133 δέ

563 5169 681 5221 ἐστι
714 5162 796 5226 τὸ,
830 5163 1224 5232 Φειδόμενοςς
1254 5165 1520 5230 Ἤκουσα,
1551 5170 1736 5237 φησὶν,
1767 5169 1848 5223 ὅτι
1869 5169 2129 5242 ἐπόρνευ-

563 5257 666 5314 σάν
703 5272 849 5320 τινες
885 5253 1015 5327 παρ’
1051 5254 1200 5326 ὑμῖν·
1226 5253 1327 5308 οὐκ
1361 5255 1552 5326 ἤθελον
1577 5255 1669 5312 οὖν
1693 5259 1860 5313 ἐλθὼν
1890 5261 2128 5333 λυπῆσαι

562 5353 726 5425 ὑμᾶς.
753 5350 862 5406 Καὶ
883 5348 991 5421 γάρ
1017 5349 1230 5418 ἀνάγκη
1254 5348 1498 5422 παρόντα
1519 5349 1770 5415 ἐξετάσαι
1793 5353 1853 5408 τὸ
1877 5357 2129 5426 πρᾶγμα,

561 5445 658 5499 καὶ
686 5443 989 5511 ἐπεξελθεῖν
1021 5443 1117 5496 καὶ
1148 5442 1399 5511 κολάσαι,
1430 5440 1527 5496 καὶ
1568 5444 1794 5510 πολλοὺς
1820 5446 2122 5516 ἀπαιτῆσαι

559 5535 738 5604 δίκην.
769 5535 984 5588 Βέλτιον
1012 5529 1105 5588 οὖν
1127 5529 1265 5590 εἴναι
1294 5535 1519 5606 ἐνόμισα
1547 5535 1784 5603 ἀπεῖναι,
1808 5538 1901 5591 καὶ
1939 5537 2121 5590 ἐνδοῦ-

562 5640 650 5678 ναι
677 5625 1079 5696 μετανοῆσαι,ῆ
1105 5626 1296 5698 παρὼν
1316 5626 1643 5691 ἐπεξελθεῖν,
1667 5628 1760 5682 καὶ
1785 5626 2122 5699 παροξυνθῆ-

561 5733 650 5770 ναι
672 5716 951 5785 μειζόνως.
980 5719 1091 5771 Καὶ
1117 5718 1224 5789 7&9
1255 5719 1389 5791 πρὸς
1412 5717 1489 5788 τῷ
1513 5717 1653 5772 τέλει
1676 5719 1774 5786 τῆς
1803 5719 2121 5792 Ἐπιστολῆς

2231 2425 2416 2494 σαφῶς
2439 2422 2569 2477 αὐτὸ
2592 2421 2972 2495 παρεδήλωσεν
3006 2420 3196 2477 εἰπών’
3225 2421 3516 2492 Φοϐοῦμαι
3549 2420 3634 2492 μή
3672 2436 3798 2488 πως

2228 2517 2483 2570 ἐλθόντα
2526 2532 2603 2585 με
2645 2512 2982 2582 ταπεινώσῃ
3038 2515 3072 2567 ὁ
3117 2513 3259 2579 Θεός
3280 2530 3398 2582 μου
3438 2512 3586 2580 πρὸς
3617 2511 3793 2582 ὑμᾶς,

2230 2607 2329 2661 καί
2353 2606 2633 2676 πενθήσω
2662 2603 2931 2671 πολλοὺς
2971 2603 3088 2657 τῶν
3113 2604 3668 2673 προημαρτηκότων,
3695 2603 3796 2657 καὶ

2223 2698 2311 2769 μὴ
2332 2695 2836 2768 μετανοησάντων
2866 2695 2964 2750 ἐπὶ
2991 2694 3066 2763 τῇ
3098 2695 3384 2765 ἀσελγείᾳ
3411 2695 3510 2748 καί
3539 2696 3793 2763 ἀκαθαρ-

2229 2790 2356 2855 σίᾳ,
2387 2783 2426 2860 ᾖ
2457 2786 2744 2853 ἔπραξαν.
2785 2785 2956 2839 Τοῦτο
2979 2785 3158 2839 τοίνυν
3213 2785 3307 2839 καὶ
3350 2784 3584 2838 ἐνταῦθα
3624 2785 3796 2839 ἐνδεί-

2231 2897 2440 2946 κνυται,
2475 2880 2570 2933 καὶ
2614 2879 2760 2946 λέγει
2813 2878 2912 2949 μὲν
2956 2878 3118 2942 αὐτὸς
3153 2877 3228 2941 ὡς
3271 2891 3296 2919 ι
3343 2876 3794 2948 ἀπολογούμενος,

2232 2970 2517 3038 ἐπιστύφει
2541 2969 2598 3022 δὲ
2625 2970 2821 3033 αὐτοὺς
2847 2969 3199 3040 σφοδρότατα,
3229 2968 3322 3022 καὶ
3355 2969 3525 3037 φοϐεῖ.
3558 2970 3667 3022 Καὶ
3686 2969 3797 3040 γὰρ

2230 3061 2448 3136 ᾐνίξατο
2480 3061 2750 3134 τιμωρίας
2790 3061 2949 3125 ὄντας
2990 3062 3185 3125 αὐτοὺς
3232 3061 3581 3126 ὑπευθύνους,
3615 3062 3710 3115 καί
3741 3080 3797 3115 τι

2231 3152 2327 3207 καί
2356 3151 2733 3222 πεισομένους,
2764 3153 2813 3203 εί
2859 3150 2932 3221 μὴ
2965 3151 3173 3220 ταχέως
3212 3149 3571 3220 διορθωθεῖεν.
3606 3151 3671 3203 Ὃ
3700 3151 3798 3202 καὶ

2229 3241 2362 3297 αὐτὸ
2405 3240 2566 3296 πάλιν
2613 3241 2670 3293 ἐν
2711 3239 2790 3310 τῷ
2829 3239 2972 3292 τέλει
3003 3240 3103 3310 τῆς
3137 3240 3456 3311 Ἐπιστολῆς
3489 3257 3669 3311 φησιν,
3711 3240 3799 3293 δτι

2243 3333 2378 3387 Ἐὰν
2403 3333 2558 3388 ἔλθω
2591 3335 2678 3398 εἰς
2709 3332 2776 3386 τὸ
2814 3331 3018 3396 πάλιν,
3063 3333 3134 3386 οὐ
3162 3333 3462 3401 φείσομαι.
3507 3332 3653 3402 Πλὴν
3679 3330 3798 3384 ἀλλ’

2231 3427 2349 3480 ἐκεῖ
2383 3426 2482 3496 μὲν
2519 3425 2875 3495 σαφέστερον,
2901 3422 3136 3476 ἐνταῦθα
3167 3423 3245 3487 δὲ,
3281 3423 3465 3492 ἐπειδὴ
3513 3423 3798 3494 προοίμιον

2229 3510 2319 3588 ἧν,
2356 3517 2454 3587 οὑχ
2496 3515 2670 3578 οὕτως
2705 3513 2838 3568 αὐτὸ
2883 3513 3054 3582 λέγει,
3087 3513 3201 3566 ἀλλ’
3229 3513 3672 3583 ὑπεσταλμένως·
3702 3513 3798 3566 καὶ

2231 3607 2350 3662 οὐδὲ
2364 3608 2538 3679 τούτῳ
2559 3609 2824 3679 ἀρκεῖται,
2851 3606 2987 3661 ἀλλά
3018 3607 3107 3660 καὶ
3125 3606 3252 3660 αὐτὸ
3273 3604 3426 3658 τοῦτο
3449 3605 3607 3659 πάλιν
3630 3605 3798 3674 θερα-

2232 3698 2406 3764 πεύει,
2439 3695 2815 3768 ἐπιδιορθώσει
2842 3697 3192 3769 κεχρημένος.
3228 3695 3445 3766 Ἐπειδὴ
3470 3694 3576 3766 γὰρ
3600 3693 3798 3767 ὥσπερ

2229 3789 2476 3857 ἐξουσίαν
2499 3788 2700 3862 πολλὴν
2721 3789 3132 3860 ἐνδεικνυμένου
3145 3788 3205 3842 τδ
3232 3788 3380 3859 ῥῆμα
3404 3783 3493 3858 ἦν·
3529 3787 3796 3858 (φείδεται

2229 3883 2339 3955 γάρ
2354 3899 2436 3946 τις
2459 3880 2701 3947 ἐκείνων,
2731 3881 2824 3947 οὓς
2855 3884 2951 3937 καὶ
2980 3884 3202 3939 κολάσαι
3239 3881 3426 3953 κύριός
3458 3879 3616 3951 ἐστι),
3638 3880 3795 3934 τοῦτο

2228 3972 2363 4029 αὑτὸ
2415 3972 2932 4045 παραμυθούμενος,
2983 3974 3077 4027 καὶ
3126 3974 3188 4028 τὸ
3217 3972 3406 4028 δοκοῦν
3440 3968 3576 4026 εἶναι
3619 3974 3790 4044 τραχὺ

2231 4063 2538 4130 συσκιάζων
2572 4065 2760 4135 φησιν’
2818 4068 2941 4135 Οὐχ
2979 4065 3068 4118 ὅτι
3110 4066 3462 4135 κυριεύομεν
3486 4064 3650 4135 ὑμῶν
3683 4066 3793 4134 τῆς

2229 4155 2508 4221 πίστεως.
2537 4155 2819 4220 Τουτέστι,
2851 4157 2926 4210 Οὐ
2956 4156 3042 4210 διὰ
3064 4156 3225 4209 τοῦτο
3253 4151 3426 4222 εἷπον,
3447 4158 3526 4210 ὅτι
3554 4156 3795 4226 φειδόμεο

2229 4259 2321 4307 νος
2348 4243 2502 4315 ὑμῶν
2521 4243 2621 4298 οὐκ
2644 4240 2826 4316 ἦλθον,
2860 4245 2937 4310 ὡς
2964 4245 3232 4317 κυριεύων
3257 4246 3429 4316 ὑμῶν.
3461 4245 3568 4299 Καὶ
3589 4246 3685 4298 οὑκ
3715 4241 3791 4297 εί-

2226 4348 2351 4399 πεν,
2385 4332 2588 4402 Ὑμῶν,
2615 4333 2770 4396 ἀλλὰ,
2807 4333 2922 4404 Τῆς
2945 4335 3222 4403 πίστεως·
3247 4336 3275 4389 ὃ
3296 4337 3391 4388 καὶ
3410 4335 3705 4406 πραότερον
3722 4329 3792 4406 ἦν

2228 4424 2324 4478 καὶ
2350 4423 2731 4496 ἀληθέστερον.
2763 4425 2868 4480 Τὸν
2895 4426 3003 4498 7&9
3037 4426 3111 4498 μὴ
3142 4427 3466 4498 βουλόμενον
3503 4425 3791 4480 πιστεῦσαι

2226 4516 2310 4577 τίς
2343 4514 2530 4586 κύριος
2559 4516 2868 4585 ἀναγκάσαι
2893 4534 2908 4585 ;
2953 4518 3137 4573 Ἀλλὰ
3173 4519 3455 4589 συνεργοί
3476 4518 3662 4588 ἐσμεν
3686 4515 3794 4585 τῆς

2228 4605 2418 4674 χαρᾶς
2462 4607 2651 4676 ὑμῶν.
2693 4609 2909 4680 Ἐπειδὴ
2949 4610 3077 4683 γὰρ,
3127 4612 3312 4682 φησὶν,
3360 4613 3392 4681 ἡ
3449 4609 3593 4681 χαρὰ
3639 4609 3792 4679 ὑμῶν

2228 4695 2473 4766 ἡμετέρα
2496 4697 2664 4763 ἐστὶν,
2694 4698 2795 4751 οὑκ
2825 4694 3008 4770 ἦλθον,
3039 4699 3128 4753 ἵνα
3157 4700 3229 4771 μὴ
3258 4699 3479 4770 ἐμϐάλω
3511 4700 3590 4762 είς
3615 4698 3793 4770 λύπην

2229 4788 2394 4858 ὑμᾶς,
2425 4788 2517 4842 καὶ
2547 4789 2766 4860 αὐξήσω
2797 4792 2898 4864 τὴν
2925 4793 3163 4864 ἀθυμίαν
3194 4795 3291 4864 τὴν
3321 4795 3478 4865 ἐμήν*
3510 4793 3626 4847 ἀλλ’
3646 4794 3795 4865 ἐμει-

2227 4895 2316 4944 να,
2345 4879 2432 4934 ἵνα
2466 4879 2850 4952 διορθωθέντες
2875 4883 2985 4937 ἀπὸ
3023 4885 3123 4954 τῆς
3147 4885 3393 4956 ἀπειλῆς,
3426 4884 3792 4957 εὐφρανθῆτε.

2225 4971 2411 5028 Πάντα
2438 4971 2547 5045 7&9
2577 4973 2835 5046 ποιοῦμεν
2863 4976 3006 5048 ὑπὲρ
3026 4979 3127 5048 τῆς
3159 4980 3331 5048 χαρᾶς
3362 4978 3460 5048 τῆς
3498 4977 3792 5050 ὑμετέρας,

2227 5064 2323 5120 καὶ
2344 5065 2485 5138 ὑπὲρ
2514 5067 2704 5121 τούτου
2729 5067 3048 5140 σπεύδομεν,
3079 5070 3267 5140 ἐπειδὴ
3296 5073 3387 5125 καὶ
3415 5071 3569 5124 αὐτοὶ
3600 5088 3796 5125 κοινω-

2227 5156 2428 5228 νοῦμεν
2461 5159 2621 5230 αὐτῇ.
2653 5158 2732 5228 Τῇ
2758 5159 2869 5229 γὰρ
2892 5163 3090 5216 πίστει
3115 5163 3423 5228 ἑστήκατε.
3459 5163 3603 5234 Ὅρα
3634 5161 3796 5215 πάλιν

2228 5246 2650 5320 ὑπεσταλμένως
2673 5249 3071 5322 διαλεγόμενον.
3096 5251 3307 5306 Δέδοικε
3333 5253 3438 5324 7&9
3459 5252 3638 5306 αὐτῶν
3661 5251 3792 5305 καθα

2227 5337 2466 5407 ἅψασθαι
2497 5341 2680 5406 πάλιν,
2704 5343 2891 5415 ἐπειδὴ
2918 5343 3160 5415 σφοδρῶς
3179 5343 3358 5396 αὐτῶν
3382 5345 3438 5396 ἐν
3458 5346 3522 5414 τῇ
3551 5341 3796 5414 προτέρᾳ

2287 5599 2306 5671 ῗ
2333 5599 2415 5661 Ὣς
2437 5611 2548 5671 Mt
2584 5608 2726 5664 αὐτός
2767 5621 2867 5661 non
2898 5610 3109 5662 habetur
3147 5613 3198 5663 in
3232 5612 3396 5671 editis,
3421 5613 3508 5662 sed
3528 5613 3580 5662 in
3603 5609 3793 5660 n13.10-

2227 5661 2385 5774 ,
2415 5661 2469 5718 el
2497 5661 2747 5735 interpré
2784 5661 2983 5725 Latinui
3005 5661 3097 5725 ια
3127 5661 3372 5740 ἰεαὶίίῖξ
3384 5661 3509 5726 Ἡοέ
3535 5661 3782 5738 Meum!"
