4138 6220
316 277 420 332 M7

314 390 583 445 exercitus
613 401 706 442 rex
732 386 819 443 hic
844 385 1128 458 superarit,
1161 389 1290 456 quot
1312 385 1568 442 irruentia
1589 385 1728 443 bella
1752 402 1893 443 com-

313 479 612 552 presserit?
635 478 820 549 Neque
847 479 991 534 enim
1014 476 1364 552 Jerusolymaa
1395 490 1503 534 tam
1532 479 1896 537 formidabiles

311 580 466 628 erant
495 572 730 638 barbari,
761 585 884 626 cum
912 584 1030 624 eam
1058 583 1428 640 saepenumero
1455 571 1892 642 aggrederentur,

309 680 471 736 quam
500 663 583 718 ha:
605 663 959 735 cogitationes
986 660 1217 732 undique
1238 661 1411 731 ipsum
1431 661 1891 727 circumsidentes;

285 765 366 832 .et
406 765 583 810 tamen
629 769 818 810 omnes
865 752 1160 824 superavit.
1214 753 1306 808 Vis
1352 752 1512 808 etiam
1559 754 1892 809 sacerdotem

310 849 576 905 cernere?
607 863 714 904 non
747 848 904 918 longe
933 847 1236 916 exemplum
1281 855 1385 902 est.
1429 845 1560 901 Nam
1606 861 1728 901 cum
1770 861 1893 902 eum

310 945 488 1015 ignem
517 952 570 999 et
597 943 830 1013 gladium
869 943 1177 1007 habentem,
1205 949 1260 997 et
1287 941 1441 995 altari
1474 940 1774 995 adstantem
1815 940 1894 993 in-

309 1036 500 1102 tueris,
516 1033 642 1105 quid
654 1035 764 1104 jam
787 1042 870 1089 est
892 1031 1033 1104 quod
1060 1033 1128 1088 de
1153 1031 1450 1088 sacerdotio
1471 1031 1718 1086 dubites?
1741 1030 1891 1096 Quod

306 1127 352 1182 si
372 1126 451 1180 vis
480 1126 748 1180 victimam
775 1137 985 1194 quoque
1008 1121 1210 1188 videre,
1242 1121 1508 1192 duplicem
1535 1134 1724 1176 cernas
1746 1121 1887 1174 licet.

303 1218 511 1275 Obtulit
541 1217 682 1273 enim
729 1217 920 1284 ﬁlium,
950 1215 1142 1270 obtulit
1175 1223 1229 1270 et
1262 1229 1440 1280 ovem,
1472 1214 1576 1279 vel,
1609 1221 1665 1267 ut
1692 1212 1890 1268 rectius

305 1311 517 1380 loquar,
545 1319 673 1364 ante
697 1307 875 1363 omnia
907 1306 1238 1360 voluntatem
1262 1320 1434 1359 suam.
1463 1305 1636 1374 Atque
1659 1317 1752 1372 per
1775 1303 1889 1357 ovis

303 1402 520 1473 quidem
548 1415 816 1466 cruorem,
845 1413 1098 1464 manum;
1129 1413 1224 1468 per
1253 1397 1347 1452 lilii
1395 1405 1570 1451 autem
1612 1395 1890 1451 mactatio-

307 1508 432 1549 nem
456 1493 688 1548 animam
717 1491 1084 1547 sanctiﬁcavit.
1113 1493 1285 1561 Atque
1312 1489 1379 1543 ita
1403 1488 1654 1544 sacerdos
1674 1497 1888 1544 creatus

305 1597 410 1646 est.
445 1601 538 1656 per
564 1583 826 1653 unigeniti
870 1582 1208 1652 sanguinem,
1257 1595 1352 1650 per
1394 1579 1516 1649 agni
1545 1578 1880 1634 sacriﬁcium.

301 1677 438 1732 Nam
466 1685 520 1731 et
540 1673 848 1731 sacerdotes
873 1689 969 1744 per
1007 1675 1362 1736 victimarum,
1389 1686 1512 1740 qua:
1554 1671 1664 1725 Deo
1691 1668 1883 1723 offere-

301 1771 520 1834 bantur,
549 1768 862 1837 sanguinem
896 1766 1022 1820 olim
1064 1764 1384 1820 sanctiﬁcari
1411 1762 1676 1818 solebant.
1722 1761 1886 1816 Visne

298 1861 463 1914 etiam
508 1858 821 1930 prophetam
860 1856 1210 1928 conspicere?
1253 1855 1511 1909 Abraham
1548 1862 1692 1924 pater
1727 1861 1885 1905 vester

297 1953 570 2008 cauttavtt
607 1963 661 2006 ut
685 1951 872 2007 videret
905 1951 1036 2004 diem
1071 1965 1235 2004 meum
1261 1964 1280 2004 :
1304 1958 1351 2002 et
1391 1947 1552 2013 vidit,
1592 1955 1638 2001 et
1684 1945 1884 2015 gavisus

295 2056 377 2100 est
404 2044 581 2117 (Joan.
611 2045 666 2100 5.
693 2045 805 2114 55).
847 2042 928 2098 Ad
963 2044 1212 2099 eumdem
1256 2039 1474 2096 modum
1502 2047 1557 2095 tu
1583 2052 1794 2110 quoque
1824 2036 1876 2090 in

1370 271 1439 330 IN
1474 271 1689 330 EPIST.
1732 271 1775 327 ll
1836 273 1928 330 AD
1965 273 2118 330 00R.
2160 274 2387 335 HOMIL.
2430 281 2519 338 Ν.

3469 302 3575 361 H8
3605 302 3608 310 ’

1998 388 2262 460 baptismo
2286 409 2400 460 rex,
2428 402 2484 450 et
2507 396 2777 465 sacerdos,
2799 406 2852 453 et
2871 400 3128 471 propheta
3153 403 3380 465 efﬁceris
3409 427 3423 464 :
3449 425 3569 479 rex,

1998 496 2119 539 cum
2149 499 2336 542 omnes
2376 502 2566 556 pravas
2607 490 2842 546 actiones
2884 492 2935 546 in
2965 502 3164 550 terram
3204 497 3466 568 abjecistt,
3511 518 3577 559 ac

1998 585 2215 644 peccata
2269 577 2588 634 interemisti
2629 597 2645 636 :
2693 582 2978 648 sacerdos,
3020 599 3142 640 cum
3194 589 3422 658 teipsum
3465 593 3578 650 Deo

1997 665 2253 734 obtulisti,
2293 682 2356 721 ac
2384 683 2578 739 corpus
2604 674 2867 748 mactasti,
2896 687 3056 744 atque
3083 676 3197 746 ipse
3225 693 3434 752 quoque
3456 700 3573 738 ma-

1996 765 2168 811 ctatus
2196 773 2253 812 es
2278 773 2290 815 :
2325 758 2387 813 Si
2404 761 2537 814 enim
2557 763 2601 816 ei
2627 767 2924 820 commortui
2945 785 3139 834 sumtis,
3166 770 3354 842 inquit,
3379 785 3426 828 et
3447 792 3572 831 con-

1995 849 2216 903 vivemus
2249 849 2298 903 εἰ
2329 850 2402 921 (2.
2432 851 2536 906 Tit.
2573 853 2626 907 2.
2659 855 2748 927 11)
2782 873 2796 911 :
2844 858 3101 927 propheta
3144 859 3410 933 denique,
3449 879 3571 922 cum

1996 938 2169 996 futura
2195 941 2357 996 discis
2380 957 2443 998 ac
2469 944 2655 999 divino
2681 949 2898 1004 numine
2919 949 3118 1006 amaris
3138 961 3296 1023 atque
3315 954 3568 1025 obsigna-

1995 1033 2091 1087 ris.
2119 1033 2576 1099 Quemadmodum
2608 1039 2750 1092 enim
2780 1049 2903 1094 nota
2933 1042 3174 1111 quaedam
3199 1045 3473 1111 militibus,
3499 1046 3572 1102 ita

1995 1123 2245 1181 ﬁdelibus
2283 1142 2494 1196 quoque
2535 1127 2768 1198 Spiritus
2811 1131 3124 1200 imponitur.
3154 1133 3272 1200 Quo
3313 1135 3393 1202 ﬁt,
3424 1147 3483 1191 ut
3523 1138 3571 1192 si

1994 1215 2235 1271 ordinem
2262 1217 2584 1281 deserueris,
2619 1221 2929 1290 perspicuus
2973 1224 3222 1279 omnibus
3256 1224 3372 1280 ﬁas.
3401 1226 3572 1283 Judei

1993 1307 2133 1361 enim
2161 1309 2295 1377 signi
2324 1309 2443 1365 loco
2471 1310 2931 1368 circmncisionem
2957 1313 3244 1384 habebant,
3271 1333 3369 1373 nos
3391 1331 3572 1376 autem

1993 1400 2184 1470 pignus
2209 1399 2459 1471 Spiritus.
2506 1403 2631 1457 l’la'c
2671 1403 2828 1474 igitur
2855 1406 3120 1472 scientes,
3165 1423 3229 1463 ac
3257 1409 3566 1480 dignitatem

1989 1503 2224 1546 nostram
2245 1492 2666 1560 considerantes,
2691 1496 2855 1550 vitam
2892 1499 3060 1566 gratia
3087 1500 3301 1570 dignam
3335 1513 3565 1572 pratste-

1991 1597 2129 1647 mus,
2158 1591 2214 1636 ut
2234 1581 2411 1639 futuro
2439 1600 2648 1656 quoque
2679 1602 2846 1658 regno
2885 1590 3150 1658 potiemur
3180 1611 3192 1646 :
3233 1593 3374 1663 quod
3413 1595 3572 1650 detur

1989 1672 2236 1728 omnibus
2263 1675 2420 1730 nobis
2449 1679 2683 1747 assequi,
2728 1679 2897 1748 gratia
2922 1689 2976 1734 et
3002 1680 3330 1752 benignitate
3359 1684 3569 1742 Domini

1989 1765 2154 1819 nostri
2185 1765 2312 1819 Jesu
2351 1766 2572 1834 Christi,
2616 1785 2737 1823 cum
2764 1785 2872 1840 quo
2905 1771 3048 1826 Patri
3084 1775 3347 1845 simulque
3383 1788 3570 1832 sancto

1987 1857 2206 1928 Spiritui
2236 1860 2424 1930 gloria,
2458 1863 2758 1932 imperium,
2789 1864 2980 1933 honor,
3003 1884 3145 1924 nunc
3173 1879 3228 1924 et
3249 1884 3483 1942 semper,
3511 1882 3571 1928 et

1987 1949 2040 2004 in
2064 1950 2258 2004 saecula
2286 1951 2626 2007 saeculorum.
2651 1956 2844 2011 Amen.

459 2123 691 2196 ("ul/L1
721 2141 772 2172 ,θ
808 2119 816 2170 l
856 2153 866 2164 .

1680 2248 2018 2310 HOMILIA
2062 2249 2168 2310 ιν.

287 2391 432 2447 Car.
469 2395 518 2448 1.
549 2410 600 2447 v.
631 2393 721 2450 25.
750 2393 862 2465 Ego
885 2404 1055 2450 autem
1081 2405 1252 2450 testem
1273 2394 1439 2448 Deum
1467 2393 1643 2449 invoco
1669 2393 1724 2447 in
1757 2393 1874 2446 ani-

371 2504 507 2540 mant
536 2504 716 2554 meam,
745 2489 880 2558 quod
908 2505 1118 2559 parcens
1160 2488 1298 2543 vobis
1339 2503 1442 2542 non
1478 2487 1614 2541 ultra
1643 2485 1754 2540 veni
1779 2483 1878 2540 Co-

371 2581 615 2634 rint/tum.

373 2673 425 2726 1.
454 2671 590 2740 Quid
629 2675 728 2735 ais.
775 2673 931 2729 beate
957 2674 1155 2729 Paule?
1182 2687 1407 2744 parcens
1440 2673 1520 2729 eis
1546 2687 1654 2728 non
1684 2673 1876 2728 venisti

286 2762 654 2818 Corinthum?
681 2766 820 2837 Ergo
845 2781 1148 2821 sermonem
1177 2781 1358 2823 secum
1381 2775 1703 2837 pugnantem
1727 2765 1878 2821 nobis

290 2856 403 2911 hoc
433 2857 550 2912 loco
579 2857 798 2913 inducis.
834 2859 1094 2928 Superius
1119 2861 1261 2915 enim
1289 2858 1391 2915 hoc
1415 2859 1712 2925 asserebas,
1743 2857 1879 2914 hanc

292 2947 398 3003 tibi
429 2964 530 3004 non
556 2949 804 3004 veniendi
846 2965 1061 3006 causam
1087 2951 1274 3016 fuisse,
1306 2950 1451 3022 quod
1478 2953 1624 3006 carni
1651 2964 1878 3005 consen-

289 3048 454 3094 tanea
479 3043 698 3097 consilia
719 3042 940 3098 minime
965 3042 1298 3108 admitteres,
1322 3058 1422 3099 nec
1452 3043 1523 3097 tui
1548 3043 1682 3112 juris
1705 3056 1874 3108 esses,

288 3148 484 3187 verum
532 3131 759 3203 Spiritus
794 3135 1018 3190 arbitrio
1058 3135 1255 3206 ubique
1294 3134 1770 3206 circumagereris;
1797 3143 1876 3188 at-

286 3239 404 3293 que
441 3222 758 3280 afflictiones
801 3226 964 3280 etiam
1016 3227 1068 3281 in
1117 3225 1350 3281 medium
1395 3223 1704 3296 proferebas
1733 3243 1746 3279 :
1777 3224 1878 3280 hoc

287 3324 482 3371 autem
510 3316 628 3372 loco
655 3319 730 3373 tui
759 3319 965 3373 arbitrii
1010 3319 1178 3374 fuisse
1202 3319 1304 3385 ais,
1333 3317 1475 3388 quod
1509 3334 1613 3372 non
1641 3319 1873 3385 veneris,

288 3421 410 3461 non
454 3417 629 3462 autem
656 3409 985 3464 aucmritatis
1017 3425 1080 3465 ac
1109 3410 1390 3479 potestatis
1433 3407 1663 3480 Spiritus
1693 3427 1706 3464 :
1739 3407 1875 3463 Par-

289 3517 420 3555 cens
449 3500 589 3554 enim
620 3501 773 3568 vobis,
806 3503 993 3572 inquit,
1024 3519 1123 3557 non
1141 3503 1250 3557 veni
1277 3500 1591 3556 Corinthum.
1614 3500 1873 3568 Quidnam

290 3594 462 3663 igitur
485 3593 802 3648 dicendum?
829 3593 1030 3666 Nempe
1054 3602 1148 3650 aut
1171 3594 1311 3666 quod
1339 3593 1441 3650 hoc
1466 3609 1677 3665 quoque
1703 3594 1874 3664 ipsum

293 3700 331 3738 a
364 3683 563 3753 Spiritu
589 3686 1063 3754 proﬁciscebatur;
1089 3700 1318 3756 cumque
1342 3686 1526 3740 venire
1549 3685 1663 3754 ipse
1693 3684 1871 3750 vellet,

292 3776 358 3830 in
386 3787 619 3832 mentem
662 3777 712 3833 ci
739 3777 968 3848 Spiritus
1015 3779 1217 3849 injecit,
1262 3787 1320 3834 ut
1365 3794 1472 3836 non
1511 3779 1734 3840 veniret,
1773 3778 1876 3832 hoc

292 3865 550 3922 videlicet
595 3883 932 3939 proponens,
982 3870 1108 3938 ipsis
1151 3869 1531 3940 indulgendum
1575 3884 1741 3924 esse:
1785 3881 1876 3923 aut

291 3957 368 4013 de
395 3959 564 4014 altero
591 3961 820 4015 adventu
849 3960 1102 4031 loquitur,
1129 3969 1288 4031 atque
1329 3961 1432 4016 hoc
1457 3960 1740 4031 significat,
1773 3959 1872 4014 sibi

288 4049 513 4121 quidem
545 4051 596 4105 in
629 4053 808 4106 animo
833 4052 1015 4118 fuisse,
1051 4053 1355 4123 priusquam
1397 4051 1730 4122 superiorem
1759 4050 1870 4119 epi-

290 4141 490 4196 stolam
522 4143 799 4211 scriberet,
825 4144 890 4198 ad
931 4159 1025 4200 eos
1065 4159 1125 4199 se
1151 4143 1396 4200 conferre
1415 4183 1432 4207 ,
1475 4153 1727 4199 caeterum
1757 4157 1876 4197 sese

288 4233 368 4288 ob
394 4233 672 4290 caritatem
719 4236 1068 4304 continuisse,
1114 4251 1181 4292 ne
1212 4251 1306 4292 eos
1335 4235 1661 4291 incorrectos
1689 4243 1873 4289 osten-

291 4323 471 4378 deret.
513 4325 792 4382 Probabile
834 4337 1011 4382 autem
1055 4337 1160 4395 est,
1208 4337 1330 4398 post
1379 4328 1525 4382 illam
1569 4325 1872 4397 epistolam,

295 4413 504 4483 Spiritu
528 4416 638 4486 jam
665 4434 788 4472 eum
831 4418 1051 4474 minime
1079 4418 1416 4489 prohibente,
1459 4426 1645 4488 suapte
1687 4426 1876 4486 sponte

293 4506 370 4560 ob
406 4505 546 4562 hanc
589 4523 800 4563 causam
849 4510 1130 4565 mansisse.
1173 4509 1323 4578 Quod
1361 4510 1520 4564 etiam
1551 4508 1718 4578 magis
1743 4523 1875 4562 con-

287 4597 465 4667 jicere
493 4608 594 4664 est,
617 4616 810 4670 nempe
836 4602 974 4672 quod
1006 4602 1157 4656 initio
1184 4601 1396 4672 quidem
1423 4602 1655 4671 Spiritus
1694 4599 1876 4670 probi-

294 4691 480 4758 bebat,
530 4703 650 4763 post
691 4702 867 4749 autem
915 4695 1030 4766 ipse
1067 4709 1278 4766 quoque
1319 4708 1500 4750 secum
1539 4704 1790 4764 reputans
1824 4691 1876 4746 id

294 4783 493 4838 melius
519 4800 659 4852 esse,
691 4787 964 4842 manserit.
995 4787 1072 4841 Tu
1101 4801 1228 4842 vero
1258 4787 1566 4842 consideres
1591 4787 1746 4840 velim
1769 4801 1876 4856 quo

293 4886 458 4946 pacto
488 4894 674 4935 rursus
707 4881 1032 4936 mentionem
1061 4881 1144 4936 sui
1169 4880 1342 4936 faciat.
1373 4879 1522 4949 Quod
1551 4878 1766 4950 quidem
1797 4877 1877 4932 id-

291 4967 442 5023 circo
492 4968 616 5024 facit
655 4969 730 5044 (id
773 4973 916 5026 enim
966 4972 1238 5026 inculcare
1283 4987 1390 5025 non
1435 4970 1719 5041 desinam),
1753 4977 1810 5023 ut
1845 4983 1875 5022 a

290 5062 584 5115 contrariis
627 5063 982 5133 patrocinium
1027 5063 1127 5118 sibi
1165 5073 1391 5134 quaerat.
1431 5062 1690 5132 Quoniam
1734 5062 1893 5116 enim.

285 5151 587 5208 verisimile
627 5165 742 5210 erat
779 5170 875 5211 eos
911 5157 1114 5212 sinistri
1157 5156 1357 5228 aliquid
1405 5156 1663 5227 suspicari
1699 5169 1763 5210 ac
1797 5154 1879 5209 di-

295 5256 422 5296 cere
451 5259 466 5296 τ
499 5241 702 5300 Idcirco
722 5247 788 5301 ad
814 5263 911 5302 nos
941 5262 1050 5302 non
1076 5248 1288 5313 venisti,
1314 5247 1438 5318 quia
1465 5247 1617 5302 nobis
1638 5244 1877 5302 infensus

288 5345 485 5402 esses;
523 5338 853 5393 contrarium
901 5337 1155 5406 ostendit,
1200 5353 1393 5408 nempe
1431 5352 1492 5393 se
1537 5337 1659 5392 ideo
1690 5337 1759 5392 ad
1783 5350 1878 5393 eos

290 5425 594 5495 profectum
619 5445 728 5484 non
755 5443 899 5496 esse,
940 5429 1080 5500 quod
1121 5444 1214 5485 eos
1252 5439 1477 5485 amaret.
1525 5427 1660 5497 Quid
1698 5438 1876 5484 autem

293 5527 405 5586 est.
437 5519 712 5578 Parcens?
751 5523 983 5591 Audivi,
1034 5523 1224 5592 inquit,
1269 5522 1554 5577 nonnullos
1584 5537 1704 5578 esse
1735 5521 1877 5594 apud

296 5627 403 5668 vos
425 5614 519 5685 qui
544 5623 788 5684 stuprum
824 5614 1215 5685 perpetrarint;
1247 5613 1496 5683 noluique
1515 5613 1582 5668 ad
1614 5628 1711 5668 vos
1735 5613 1878 5670 veni-

294 5719 380 5777 re,
409 5721 478 5765 ne
497 5721 594 5763 vos
622 5709 675 5765 in
705 5721 994 5764 maerorem
1015 5706 1355 5777 conjicerem.
1387 5705 1579 5764 Coram
1607 5707 1748 5762 enim
1775 5722 1872 5764 ne-

1988 2406 2139 2448 cesse
2166 2394 2352 2450 fuisset
2378 2395 2585 2452 facinus
2607 2400 2932 2466 examinare,
2956 2409 3012 2456 et
3033 2401 3299 2459 vindicare
3320 2419 3383 2459 ac
3403 2406 3562 2475 puni-

1985 2498 2064 2548 re,
2095 2492 2252 2554 atque
2277 2485 2344 2542 de
2372 2487 2553 2543 multis
2581 2503 2767 2558 pinnas
2795 2505 3027 2546 sumere.
3058 2491 3238 2564 Itaque
3258 2494 3423 2551 satius
3444 2511 3566 2552 esse

1985 2575 2111 2630 duxi
2159 2576 2372 2644 abesse,
2416 2594 2480 2635 ac
2519 2581 2904 2651 resipiscentire
2949 2584 3124 2640 locum
3171 2587 3322 2643 vobis
3369 2603 3565 2645 conce-

1984 2665 2133 2734 dere,
2183 2684 2339 2738 quam
2371 2686 2607 2740 praesens
2636 2672 2838 2728 facinus
2868 2675 3070 2740 ulcisci,
3102 2678 3423 2750 graviusque
3453 2683 3562 2735 ira-

1983 2760 2080 2815 sci.
2113 2760 2323 2816 Etenim
2352 2762 2451 2818 sub
2475 2765 2714 2833 epistola:
2746 2767 2905 2822 ﬁnem
2934 2768 3170 2836 apertius
3213 2770 3353 2824 istud
3379 2771 3563 2827 decla~

1983 2851 2142 2917 ravit,
2169 2867 2288 2906 cum
2316 2852 2448 2908 dixit
2480 2873 2493 2908 :
2526 2855 2712 2910 Timeo
2735 2865 2935 2919 autem,
2967 2858 3048 2912 Ne
3071 2860 3204 2928 forte
3227 2877 3342 2915 cum
3361 2879 3561 2930 venero,

1985 2943 2210 2999 humitiet
2251 2963 2331 3000 me
2366 2947 2506 3002 Deus
2536 2949 2673 3019 apud
2709 2965 2796 3004 vos
2819 2990 2834 3016 ,
2863 2961 2908 3004 et
2934 2951 3130 3021 lugeam
3153 2954 3336 3009 multos
3388 2971 3450 3009 ex
3477 2957 3562 3024 iis,

1981 3038 2070 3108 qui
2097 3049 2214 3091 ante
2234 3051 2584 3110 peccaverunt,
2607 3051 2652 3094 et
2677 3059 2776 3096 non
2816 3054 3021 3114 egerunt
3050 3047 3391 3116 paenitentiam
3410 3065 3564 3116 super

1981 3130 2301 3184 immunditia
2329 3142 2376 3186 et
2426 3132 2759 3202 fornicatione
2792 3151 2943 3205 quam
2974 3140 3197 3206 fecerunt
3225 3138 3302 3205 (ἓ.
3325 3138 3443 3193 Cor.
3468 3141 3557 3196 12.

1980 3221 2096 3294 2-1).
2129 3223 2240 3278 Hoc
2268 3225 2424 3295 igitur
2449 3225 2536 3279 hic
2563 3240 2776 3296 quoque
2805 3228 3055 3295 ostendit,
3087 3241 3248 3300 atque
3271 3231 3321 3286 id
3347 3232 3563 3302 quidem

1983 3312 2217 3383 profert,
2252 3323 2526 3385 tamquam
2553 3331 2614 3371 se
2655 3331 2945 3385 excusans,
2975 3335 3068 3374 eos
3122 3337 3249 3376 vero
3301 3324 3562 3381 acerrime

1982 3407 2293 3475 perstringit
2311 3421 2374 3462 ac
2393 3416 2576 3462 terret.
2598 3407 2691 3462 llis
2714 3410 2856 3464 enim
2888 3412 3064 3466 verbis
3089 3413 3441 3482 signiﬁcavit,
3466 3430 3562 3471 eos

1982 3512 2152 3565 poenm
2175 3497 2436 3552 obnoxios
2456 3513 2596 3565 esse,
2619 3509 2778 3569 atque
2802 3500 2938 3556 adeo
2957 3501 3068 3557 fore
3090 3513 3147 3557 ut
3167 3504 3343 3558 acerbi
3362 3506 3560 3575 aliquid

1981 3589 2265 3657 patiantur,
2295 3590 2394 3644 nisi
2410 3592 2803 3660 quamprimum
2825 3594 3198 3650 emendentur.
3218 3595 3372 3664 Quod
3399 3598 3559 3652 etiam

1981 3678 2150 3746 ipsum
2179 3693 2362 3732 rursus
2381 3681 2446 3732 ad
2470 3680 2706 3750 epistola:
2724 3683 2925 3738 calcem
2947 3685 3042 3749 ait,
3083 3683 3144 3740 Si
3165 3703 3338 3742 rursus
3355 3704 3556 3758 venero,

1980 3786 2081 3823 non
2108 3786 2333 3839 parcam.
2365 3769 2630 3825 Cancrum
2662 3773 2770 3826 illic
2797 3777 3037 3843 apertius
3083 3777 3224 3831 istud
3265 3779 3556 3848 exprimit;

1982 3862 2066 3916 hic
2094 3871 2295 3922 autem,
2343 3862 2591 3932 quoniam
2626 3864 2833 3919 initium
2878 3866 3146 3920 scribendi
3176 3867 3421 3938 faciebat,
3451 3886 3557 3926 non

1982 3952 2051 4005 ita
2077 3951 2174 4005 hoc
2204 3950 2350 4016 dicit,
2387 3951 2481 4006 sed
2500 3952 2818 4008 submissius
2842 3971 2854 4007 :
2879 3969 2942 4010 ac
2971 3971 3039 4011 ne
3068 3955 3171 4012 hoc
3187 3959 3402 4028 quidem
3429 3976 3557 4016 con-

1981 4051 2178 4106 tentus,
2207 4041 2258 4096 id
2289 4057 2500 4112 quoque
2527 4043 2698 4112 ipsum
2732 4060 2918 4100 rursus
2945 4045 3170 4117 mitigat,
3191 4063 3252 4103 ac
3267 4052 3554 4107 correctio-

1981 4149 2046 4187 ne
2071 4133 2297 4203 quadam
2323 4134 2502 4188 utitur.
2528 4135 2660 4200 Quia
2678 4136 2818 4188 enim
2842 4135 2945 4191 hoc
2963 4137 3165 4193 dictum
3189 4139 3419 4194 hominis
3435 4156 3556 4197 esse

1979 4226 2250 4280 videbatur
2278 4225 2416 4280 haud
2438 4242 2652 4295 parvam
2675 4229 3045 4285 auctoritatem
3071 4247 3180 4301 prae
3206 4245 3265 4286 se
3289 4233 3546 4300 ferentis;

1981 4316 2046 4372 iis
2071 4319 2211 4372 enim
2244 4320 2410 4388 parcit
2437 4319 2630 4390 aliquis
2655 4362 2669 4385 ,
2700 4321 2752 4374 in
2783 4335 2918 4392 quos
2943 4336 3040 4377 suo
3061 4323 3183 4393 jure
3208 4323 3552 4381 animadver-

1985 4420 2095 4465 tere
2124 4420 2332 4480 potest;
2365 4411 2563 4466 idcirco
2612 4411 2742 4465 illud
2772 4413 3020 4469 molliens
3041 4456 3058 4482 ,
3108 4423 3268 4485 atque
3295 4415 3369 4483 id,
3416 4417 3558 4487 quod

1981 4504 2214 4571 speciem
2258 4503 2564 4572 asperitatis
2611 4503 2862 4572 habebat,
2916 4505 3265 4577 adumbratis,
3311 4509 3388 4563 ait
3419 4528 3433 4564 :
3464 4511 3556 4566 24.

1984 4593 2105 4647 Non
2133 4593 2258 4664 quia
2280 4593 2601 4648 dominamur
2646 4595 2766 4664 ﬁdei
2810 4606 3002 4652 vestras.
3034 4597 3148 4653 Hoc
3203 4608 3307 4666 est,
3330 4599 3446 4655 Non
3477 4600 3560 4655 id-

1980 4688 2122 4742 circo
2149 4687 2255 4741 dixi
2279 4703 2385 4755 me,
2415 4697 2472 4742 ut
2496 4688 2650 4744 vobis
2675 4705 2971 4759 parcerem,
2988 4688 3304 4749 Corinthum
3326 4710 3433 4750 non
3459 4710 3560 4750 ve-

1982 4781 2144 4846 nisse,
2167 4795 2230 4836 ac
2251 4781 2297 4836 si
2317 4781 2468 4836 vobis
2483 4780 2746 4838 dominer.
2767 4783 2876 4840 Nec
2893 4785 3044 4848 dixit,
3069 4786 3250 4855 Vobis,
3270 4788 3388 4856 sed,
3412 4789 3555 4860 quod

1980 4873 2161 4928 mitius
2187 4889 2251 4928 ac
2275 4875 2450 4930 verius
2473 4884 2605 4940 erat,
2643 4875 2793 4930 Fidei
2811 4887 2985 4932 vestrae
3011 4894 3030 4934 :
3061 4893 3183 4934 nam
3211 4881 3433 4938 credere
3456 4897 3559 4939 no-

1982 4964 2175 5020 lentem
2199 4966 2318 5036 quis
2337 4966 2529 5036 estqui
2549 4980 2742 5036 cogere
2762 4968 2960 5038 queat?
2980 4967 3086 5023 Sed
3106 4970 3364 5041 adjutores
3384 4989 3560 5029 sumus

1981 5058 2159 5129 gaudii
2184 5058 2352 5112 vestri.
2379 5057 2664 5124 Quoniam,
2698 5058 2890 5129 inquit,
2922 5060 3177 5131 gaudium
3205 5073 3438 5119 vestrum
3468 5081 3560 5122 no-

1982 5156 2150 5203 strum
2179 5155 2280 5212 est,
2309 5147 2430 5202 ideo
2455 5162 2562 5203 non
2583 5148 2728 5215 veni,
2759 5164 2828 5205 ne
2848 5165 2942 5206 vos
2971 5152 3025 5206 in
3065 5169 3351 5210 maerorem
3386 5156 3556 5226 cuttan

1982 5255 2160 5296 cerem
2190 5279 2206 5304 ,
2248 5247 2408 5308 atque
2453 5239 2524 5294 ita
2566 5254 2854 5297 maerorem
2906 5259 3082 5298 meum
3131 5260 3416 5316 augerem;
3463 5246 3558 5301 sed

1980 5332 2150 5391 mansi
2169 5371 2187 5398 ,
2216 5339 2274 5385 ut
2298 5332 2460 5386 minis
2497 5334 2726 5389 correcti
2757 5333 3029 5391 laetemini.
3059 5335 3247 5392 Onmia
3276 5340 3419 5392 enim
3459 5336 3561 5392 lat-

1986 5423 2114 5479 titia:
2143 5435 2335 5478 vestra:
2369 5437 2531 5480 causa
2552 5425 2799 5493 facimus,
2825 5435 2880 5482 et
2903 5426 3004 5481 hac
3028 5427 3081 5481 in
3109 5442 3167 5482 re
3193 5426 3428 5482 studium
3455 5443 3556 5499 po-

1983 5520 2188 5584 nimus,
2219 5518 2342 5589 quia
2392 5516 2536 5574 illam
2589 5517 2865 5574 vobiscum
2909 5533 3248 5576 communem
3279 5519 3560 5576 habemus.

1984 5609 2125 5664 Nam
2144 5609 2246 5680 ﬁde
2269 5610 2432 5664 statis.
2459 5608 2589 5664 Vide
2635 5623 2741 5680 quo
2767 5618 2925 5680 pacto
2951 5624 3160 5666 rursum
3189 5609 3453 5667 submisse
3479 5611 3562 5668 lo-

1981 5715 2175 5778 quatur
2204 5719 2219 5760 :
2276 5712 2491 5760 veretur
2509 5703 2650 5760 enim
2682 5703 2875 5761 iterum
2904 5719 2998 5762 eos
3022 5706 3400 5778 perstringere,
3428 5719 3560 5779 quo-
