4098 6222
535 291 642 351 ιω

536 406 680 461 niam
709 401 764 457 in
791 399 969 471 priore
987 389 1212 466 epistola
1239 387 1583 442 vehementer
1606 380 1752 449 ipsos
1785 377 2102 438 incesserat,

537 509 606 552 ac
637 464 1060 564 resipiscentiam
1100 478 1382 552 quamdam
1407 473 1782 531 exhibuerant.
1807 470 1980 537 Atque
2009 464 2110 518 hoc

539 603 732 646 eorum
751 557 971 640 animos
999 577 1378 632 subversurum
1406 576 1543 631 erat,
1571 567 1638 627 si,
1677 577 1800 618 cum
1829 560 1895 614 ad
1922 557 2110 612 melio-

539 696 653 738 rem
676 677 876 745 frugem
907 685 964 725 se
989 663 1405 726 convertissent,
1430 656 1671 714 eamdem
1689 648 2110 722 obiurgationem

539 740 822 828 subiisseiu
833 805 846 818 .
859 762 979 816 Ideo
991 758 1104 812 haec
1115 752 1339 823 epistola
1354 750 1630 819 superiore
1646 745 1814 800 multo
1827 740 1997 796 lenior
2008 746 2109 793 est.

540 863 692 932 (Cap.
715 861 735 913 l
753 857 772 912 ι
787 858 824 930 ,)
842 856 892 909 1.
919 850 1088 908 Statui
1105 857 1272 901 autem
1293 845 1386 898 hoc
1403 845 1568 912 ipsum
1585 837 1722 909 apud
1743 849 1841 898 me,
1857 849 1918 886 ne
1933 832 2116 884 iterum

539 925 591 1006 in
611 925 815 1004 tristitia
829 946 1046 1001 venirem
1063 942 1130 995 ad
1146 956 1252 994 vos.
1281 937 1412 993 Cum
1433 935 1523 998 ait,
1563 932 1776 993 lterum,
1801 925 2034 981 ostendit
2059 937 2119 976 se

539 1045 646 1115 jam
677 1042 744 1095 ab
779 1039 890 1094 illis
916 1049 1145 1092 mmrore
1175 1031 1424 1085 allectum
1455 1025 1617 1079 fuisse
1645 1034 1911 1088 :cumque
1935 1031 1992 1070 se
2022 1029 2118 1070 ex-

542 1149 736 1192 cusare
765 1133 995 1193 videtur,
1029 1144 1123 1184 eos
1154 1127 1312 1180 tacite
1349 1118 1674 1191 perstringit.
1706 1114 1836 1170 Nam
1863 1110 1909 1165 si
1932 1109 2040 1179 jam
2069 1107 2118 1161 ei

550 1240 838 1284 maerorem
864 1222 1170 1282 attulerant,
1195 1231 1258 1270 ac
1277 1225 1464 1269 rursus
1491 1206 1700 1263 allaturi
1722 1210 1895 1267 erant,
1921 1197 2122 1266 cogites

552 1320 714 1374 \e-lim
774 1323 1008 1386 quantus
1049 1321 1250 1365 mceror
1300 1305 1466 1375 ipsius
1512 1295 1874 1353 verisimiliter
1919 1291 2126 1344 futurus

552 1411 690 1465 erat.
723 1378 926 1462 Verum
953 1403 1052 1456 hoc
1083 1415 1188 1453 non
1237 1396 1381 1457 dicit,
1413 1389 1554 1462 quod
1601 1384 1850 1442 maestitia
1901 1381 1968 1435 ab
1999 1378 2127 1448 ipsis

554 1501 779 1555 achctus
803 1498 895 1555 sit,
931 1491 1024 1547 sed
1048 1490 1152 1544 alio
1177 1486 1335 1542 modo
1357 1485 1602 1552 loquens,
1626 1478 1727 1530 hoc
1755 1475 1925 1544 ipsum
1958 1467 2130 1524 innuit

555 1594 733 1662 aitque
763 1587 1080 1655 :Propterca
1110 1595 1214 1635 non
1244 1577 1383 1642 veni,
1406 1591 1471 1628 ne
1493 1587 1586 1626 vos
1607 1581 1838 1624 maerore
1864 1561 2128 1616 afﬁciam:

557 1649 698 1756 quod
726 1649 968 1735 eamdem
991 1673 1206 1744 quidem
1239 1669 1346 1723 vim
1373 1665 1534 1721 habet
1558 1671 1716 1730 atque
1745 1658 1795 1712 id
1825 1653 1966 1756 quod
1998 1649 2126 1712 dixi,

562 1745 887 1844 :ixluioribus
925 1776 1101 1820 autem
1133 1760 1323 1816 animis
1350 1755 1638 1826 excipitur.
1668 1750 1723 1805 2.
1758 1749 1816 1804 Si
1869 1745 2001 1799 enim
2043 1757 2133 1813 ego

561 1835 804 1921 contristo
842 1877 950 1927 vos,
987 1867 1033 1912 et
1058 1857 1170 1927 quis
1206 1851 1387 1922 estqui
1415 1866 1492 1904 me
1531 1846 1772 1914 ltetiﬁeet,
1824 1841 1924 1895 nisi
1963 1840 2004 1893 is
2048 1835 2136 1906 qui

563 1957 890 2012 contristatur
913 1967 975 2006 ea:
1007 1950 1126 2004 me?
1155 1948 1407 2015 Quianam
1439 1941 1556 1996 lucc
1583 1934 1960 2006 consequentia
2014 1928 2136 1985 est?

566 2051 791 2106 Maxima
816 2055 960 2102 certe
991 2059 1006 2096 :
1050 2043 1128 2096 sic
1156 2041 1298 2096 enim
1329 2035 1625 2093 considera.
1655 2029 1832 2095 Nolui,
1855 2026 2044 2096 inquit,
2072 2022 2139 2078 ad

567 2158 662 2197 vos
687 2138 972 2211 proﬁcisci,
1002 2149 1069 2190 ne
1091 2148 1185 2188 vos
1211 2129 1438 2200 amplius
1461 2125 1795 2188 contristent,
1832 2119 2137 2187 objurgans,

567 2232 986 2296 excandescens,
1009 2239 1284 2280 aversans.
1305 2219 1526 2283 Deinde,
1546 2215 1795 2287 quoniam
1820 2212 1919 2265 hoc
1933 2221 2143 2279 quoque

570 2341 732 2397 grave
763 2331 879 2379 erat
898 2363 914 2388 ,
942 2331 1100 2390 atque
1129 2319 1366 2387 ipsorum
1395 2310 1790 2368 accusationem
1821 2303 2144 2372 complecte-

573 2391 746 2482 batur,
777 2415 821 2470 si
847 2411 1058 2486 quidem
1082 2410 1154 2464 ita
1183 2407 1443 2468 viverent,
1475 2412 1531 2457 ut
1552 2401 1767 2456 Paulum
1791 2395 2043 2452 maestitia
2065 2391 2146 2447 af-

520 2487 534 2502 ;
577 2513 815 2570 ticereut,
867 2503 1258 2561 correctionem
1289 2496 1528 2558 adhibet,
1561 2492 1740 2560 aitque
1767 2507 1780 2544 :
1813 2487 1870 2542 Si
1895 2486 2027 2540 enim
2057 2499 2147 2554 ego

576 2600 815 2656 contristo
852 2613 961 2663 vos,
999 2605 1044 2649 et
1074 2593 1186 2664 quis
1234 2600 1304 2645 est
1333 2589 1417 2659 qui
1449 2602 1526 2640 me
1550 2583 1790 2652 lwtiﬁcet,
1831 2578 1929 2633 nisi
1979 2577 2021 2630 is
2063 2575 2150 2645 qui

578 2695 901 2750 contristatur
931 2707 993 2744 ea:
1016 2688 1131 2740 me?
1163 2685 1361 2740 Horum
1389 2689 1564 2734 autem
1598 2675 1881 2731 verborum
1913 2670 2001 2724 hic
2030 2683 2152 2723 sen-

580 2804 672 2843 sus
697 2797 776 2839 est
811 2802 824 2837 :
852 2782 991 2852 quod
1019 2780 1062 2834 si
1091 2779 1250 2833 etiam
1283 2775 1514 2828 futurum
1565 2777 1728 2832 esset,
1780 2776 1838 2820 ut
1882 2764 1935 2818 iu
1965 2761 2153 2817 dolore

584 2891 852 2940 versarer,
875 2875 1001 2927 dum
1029 2873 1235 2926 scilicet
1273 2882 1370 2921 vos
1398 2865 1681 2934 objurgare
1725 2875 1787 2914 ac
1818 2866 2038 2913 maestos
2076 2854 2154 2908 vi-

583 2969 712 3024 dere
739 2979 960 3035 cogerer
989 2981 1002 3017 :
1031 2970 1085 3015 at
1108 2975 1178 3016 ex
1206 2959 1306 3012 hoc
1327 2969 1538 3027 quoque
1566 2954 1682 3021 ipso
1712 2949 2034 3020 voluptatem
2060 2960 2151 3001 ca—

587 3077 788 3134 perem.
820 3059 1103 3114 Maximum
1135 3054 1276 3110 enim
1301 3052 1404 3105 hoc
1433 3047 1630 3102 amoris
1657 3053 2029 3114 argumentum
2050 3047 2153 3105 est,

589 3153 722 3208 tanti
763 3167 848 3206 me
877 3166 907 3204 a
936 3149 1084 3202 vobis
1115 3145 1301 3217 pendi,
1335 3152 1393 3197 ut
1418 3141 1626 3196 animos
1674 3146 1882 3192 vestros
1912 3133 2156 3189 mordere

586 3260 799 3316 queam,
831 3243 955 3297 dum
982 3255 1076 3294 vos
1105 3251 1344 3292 aversor.

657 3337 708 3391 2.
757 3335 907 3388 Pauli
935 3328 1413 3401 prudentia.—Ac
1460 3323 1580 3378 vide
1621 3320 1974 3393 prudentiam.
2026 3317 2159 3374 Nam

589 3431 730 3504 quod
758 3431 808 3484 in
840 3441 987 3482 more
1025 3422 1406 3492 discipulorum
1433 3417 1661 3488 positum
1688 3424 1791 3476 est,
1834 3423 1894 3468 ut
1943 3411 2162 3466 doleant

593 3534 754 3593 atque
776 3535 916 3589 a'gre
945 3517 1116 3572 ferant
1141 3530 1259 3568 cum
1283 3511 1646 3580 objurgantur,
1670 3507 1748 3561 sic
1765 3516 1938 3560 tamen
1966 3519 2058 3558 eos
2085 3503 2163 3556 iu-

595 3615 779 3680 ducit,
812 3621 1079 3678 tamquam
1111 3607 1208 3659 bac
1236 3605 1287 3657 in
1321 3618 1378 3658 re
1404 3602 1502 3672 ipsi
1551 3599 1954 3670 gratiﬁcentur:
1981 3595 2164 3664 Neque

595 3706 758 3768 etiim,
792 3703 986 3772 inquit,
1015 3714 1100 3753 me
1128 3696 1392 3768 quiSpiam
1442 3692 1662 3764 perinde
1685 3689 1946 3747 exhilarat
1988 3698 2047 3743 ut
2078 3687 2166 3742 ille

598 3799 688 3870 qui
715 3797 871 3851 verba
895 3808 1011 3849 mea
1043 3799 1213 3853 curat,
1241 3803 1304 3843 ac
1326 3787 1678 3842 discruciatur
1699 3799 1819 3838 cum
1851 3797 1934 3836 me
1975 3781 2166 3835 iratum

598 3890 790 3946 cernit.
821 3887 886 3942 Et
911 3884 1126 3956 quidem
1158 3889 1573 3938 consentaneum
1603 3887 1717 3934 erat
1745 3886 1799 3931 ut
1837 3877 2040 3932 diceret
2067 3894 2081 3930 :
2111 3874 2168 3930 Si

599 3985 740 4036 enim
763 3994 862 4050 ego
880 3977 1138 4032 contristo
1162 3989 1278 4038 vos,
1303 3973 1490 4042 ecquis
1517 3979 1600 4025 est
1629 3972 1714 4040 qui
1748 3969 1982 4023 laetitiam
2018 3967 2170 4021 vobis

599 4073 796 4128 alierre
819 4067 1021 4140 possit?
1052 4076 1104 4119 at
1134 4067 1236 4120 hoc
1262 4073 1438 4119 tamen
1470 4076 1574 4116 non
1601 4061 1761 4125 dicit,
1785 4058 1877 4114 sed
1910 4057 1959 4113 id
1987 4072 2171 4112 rursus

599 4163 836 4224 invertit,
871 4175 964 4214 eos
1005 4157 1254 4212 videlicet
1282 4154 1565 4214 deliuiens,
1593 4168 1654 4206 ac
1684 4153 1865 4206 dicens
1903 4165 1916 4203 :
1950 4149 2170 4204 Etiamsi

600 4272 696 4310 vos
726 4254 967 4308 molestia
994 4251 1196 4310 afﬁcio,
1230 4249 1282 4302 in
1306 4248 1409 4302 hoc
1439 4256 1614 4300 tamen
1645 4245 1935 4299 niaximum
1963 4258 1992 4296 a
2023 4241 2172 4296 vobis

604 4346 920 4403 beneﬁcium
943 4342 1117 4414 capio,
1146 4339 1286 4411 quod
1310 4339 1644 4394 sermonibus
1668 4337 1800 4391 meis
1819 4335 1980 4390 animi
2013 4335 2170 4388 vestri

605 4440 1051 4512 perstringuntur.
1099 4435 1151 4488 5.
1204 4431 1406 4485 Etenim
1450 4430 1543 4482 hoc
1586 4430 1752 4500 ipsum
1795 4427 1978 4497 scripsi
2017 4425 2170 4480 vobis.

605 4531 910 4601 Quidnam?
957 4527 1107 4595 Quod
1138 4535 1194 4580 ut
1221 4527 1372 4579 vobis
1401 4537 1705 4592 parcerem,
1756 4537 1861 4575 non
1914 4519 2170 4574 venerim.

605 4623 831 4694 Quando
859 4632 1034 4676 autem
1067 4619 1117 4673 id
1163 4616 1470 4673 scribebat?
1508 4631 1574 4669 an
1618 4616 1669 4668 in
1714 4616 1888 4684 priore
1928 4613 2173 4682 epistola,

605 4735 729 4775 cum
760 4715 968 4772 dicebat
999 4731 1013 4767 :
1043 4711 1180 4765 Nolo
1219 4719 1387 4763 autem
1413 4724 1546 4761 nunc
1569 4722 1656 4759 vos
1681 4707 1733 4759 iu
1762 4707 1974 4758 transitu
2013 4704 2178 4758 videre

609 4814 688 4882 (l.
718 4811 837 4866 Cor.
866 4808 953 4864 l6.
975 4808 1073 4877 7)?
1100 4804 1216 4860 Non
1245 4801 1482 4873 quidem,
1515 4809 1572 4854 ut
1599 4798 1822 4866 opinor,
1879 4797 1975 4851 sed
2008 4798 2058 4850 in
2081 4813 2173 4853 ea-

609 4903 730 4957 dem
761 4900 982 4970 epistola
1013 4941 1028 4963 ,
1082 4913 1201 4952 cum
1230 4895 1434 4950 diceret
1465 4909 1478 4944 :
1516 4890 1597 4944 Ne
1621 4906 1734 4943 cum
1759 4904 1935 4943 venero
1964 4905 2138 4943 rursus
2159 4931 2174 4953 ,

614 4993 836 5046 humiliet
867 5008 944 5044 me
973 4991 1107 5044 Deus
1155 4989 1293 5058 apud
1319 5004 1404 5041 vos
1444 4986 1522 5056 (ἓ.
1553 4983 1671 5039 Cor.
1716 4983 1806 5038 η.
1837 4981 1950 5053 21).
1978 4982 2177 5051 Scripsi

612 5099 760 5156 ergo,
793 5085 998 5153 inquit,
1035 5084 1086 5136 in
1117 5083 1221 5135 ﬁne
1252 5081 1526 5150 epistolre:
1561 5077 1641 5132 Ne
1687 5081 1814 5148 forte
1851 5093 1965 5130 cum
2004 5091 2179 5129 venero

612 5175 843 5232 humiliet
882 5189 962 5228 me
1011 5172 1184 5236 Deus,
1227 5181 1270 5224 et
1311 5171 1509 5240 lugeam
1529 5169 1716 5222 multos
1741 5184 1804 5222 ea:
1831 5167 1894 5221 iis
1939 5169 2024 5238 qui
2065 5176 2181 5220 ante

614 5273 961 5341 peccaverunt.
995 5265 1102 5317 Cur
1131 5272 1306 5315 autem
1332 5260 1646 5314 scribebas?
1689 5258 1755 5314 Ut
1783 5275 1882 5312 non
1905 5275 2017 5312 cum
2045 5273 2181 5310 vene-

609 5379 690 5426 ro,
733 5359 985 5414 tristitiam
1014 5354 1222 5409 habeam
1250 5351 1312 5405 de
1340 5352 1424 5417 iis,
1460 5350 1522 5405 de
1561 5350 1738 5418 quibus
1767 5359 2058 5420 oportuerat
2102 5364 2180 5402 me

613 5453 832 5525 gaudere
857 5468 876 5507 :
903 5449 1162 5520 conﬁdens
1205 5447 1258 5500 in
1309 5443 1536 5503 omnibus
1577 5443 1712 5498 vobis
1734 5481 1750 5506 ,
1779 5443 1894 5511 quia
1939 5441 2182 5512 gaudium

613 5562 777 5600 meum
805 5544 1030 5599 omnium
1069 5550 1286 5595 vestrum
1309 5548 1400 5592 est.
1429 5537 1558 5606 Quia
1583 5535 1722 5591 enim
1753 5533 1966 5587 dixerat
1989 5531 2181 5601 volup-

614 5647 722 5692 tate
746 5652 806 5691 se
830 5636 988 5699 afﬁci,
1018 5649 1137 5690 cum
1160 5633 1257 5702 ipsi
1284 5639 1604 5699 angerentur
1629 5668 1643 5690 ,
1676 5635 1832 5696 atque
1864 5625 1965 5676 hoc
2009 5623 2183 5677 adhuc

617 5727 855 5800 asperius
873 5724 1312 5798 arrogantiusque
1339 5719 1505 5774 videri
1536 5725 1763 5788 poterat,
1792 5715 1841 5768 id
1871 5727 2053 5768 rursus
2074 5714 2179 5769 alio

1229 310 1234 315 -
1269 272 1329 329 S.
1368 263 1647 328 JOANNIS
1681 253 2161 317 GllRYSOSTOMl
2199 251 2513 310 ARCHIEP.
2543 243 3069 307 CONSTANTINOP.

3680 235 3779 291 ιςο

2214 369 2375 425 modo
2403 368 2654 433 invertit,
2678 381 2741 422 ac
2766 381 2862 436 per
2887 380 2972 432 ea,
3018 377 3137 434 qua:
3163 359 3455 432 subiunxit,
3497 357 3781 428 mitlgavit.

2213 463 2340 519 Ideo
2392 463 2556 526 enim,
2581 461 2770 530 inquit,
2799 459 2948 530 prius
2975 457 3041 512 ad
3065 471 3160 510 vos
3187 453 3377 525 scripsi
3399 494 3415 516 ,
3465 467 3536 507 ne
3584 450 3787 506 dolenti

2214 553 2396 608 animo
2422 568 2517 608 vos
2541 551 2806 607 inveniam
2833 565 2938 606 non
2960 557 3252 604 correctos.
3277 546 3359 602 0b
3387 545 3545 614 idque
3565 543 3697 610 dixi,
3719 543 3791 598 Ut

2215 662 2317 698 non
2341 649 2632 709 contrister;
2665 658 2768 697 non
2795 641 2935 712 quod
2962 640 3060 694 bac
3090 640 3140 694 in
3163 655 3222 692 re
3243 636 3584 693 commodum
3614 649 3792 688 meum

2217 745 2476 807 spectem,
2511 733 2606 789 sed
2636 743 2891 789 vestrum.
2921 732 3045 787 Scio
3088 731 3233 785 enim
3262 744 3378 794 vos,
3427 743 3548 782 cum
3579 740 3664 781 me
3695 725 3794 779 la:-

2220 843 2328 883 ttuu
2353 827 2588 892 cernitis,
2619 827 2770 882 lzetos
2796 840 3004 897 quoque
3029 839 3180 888 esse;
3221 836 3342 876 cum
3366 820 3636 876 dolentem
3665 833 3800 874 con-

2221 921 2442 990 spicitis,
2462 920 2514 975 in
2531 921 2714 975 dolore
2731 921 2889 974 etiam
2905 917 3118 973 versari.
3145 915 3278 970 Vide
3302 915 3463 984 igitur
3479 929 3664 968 rursus
3689 927 3799 984 quo

2224 1023 2402 1084 pacto,
2435 1029 2554 1084 quae
2580 1011 2720 1067 dicta
2751 1020 2893 1075 sunt,
2916 1010 3052 1064 inter
3073 1024 3131 1064 se
3155 1007 3460 1062 coltzereant
3487 1021 3500 1058 :
3535 1005 3613 1060 sic
3630 1005 3800 1068 enim,
3847 1032 3853 1036 -

2224 1107 2350 1176 quid
2383 1105 2576 1160 Paulus
2601 1104 2759 1168 dicat,
2788 1102 2992 1157 facilius
3021 1101 3292 1156 intellectu
3325 1113 3692 1167 assequemur.
3723 1097 3805 1152 ldo

2226 1198 2388 1260 circo,
2421 1195 2614 1264 inquit,
2647 1211 2752 1248 non
2779 1194 2922 1259 veni,
2954 1208 3023 1247 ne
3047 1187 3144 1246 vos
3174 1204 3407 1245 maerore
3427 1188 3723 1253 afficerem,
3755 1189 3803 1242 si

2229 1293 2556 1346 iucorrectos
2585 1288 2947 1343 offendissem.
2992 1286 3104 1341 Hoc
3140 1295 3316 1339 autem
3369 1298 3474 1337 non
3506 1296 3657 1347 mea,
3708 1280 3807 1335 sed

2229 1395 2407 1441 vestra
2438 1399 2599 1439 causa
2625 1381 2908 1437 faciebam.
2942 1380 3052 1450 Ego
3079 1379 3222 1433 enim
3249 1392 3316 1433 ex
3355 1388 3536 1432 vestro
3571 1390 3809 1430 maerore

2235 1479 2374 1532 haud
2410 1491 2624 1546 parvam
2653 1475 2980 1542 voluptatem
3004 1472 3179 1540 capio,
3211 1485 3332 1524 cum
3357 1483 3442 1524 me
3468 1469 3622 1523 vobis
3645 1477 3810 1524 tanta

2235 1586 2376 1625 curae
2402 1583 2521 1623 esse
2551 1581 2736 1631 cerno,
2769 1575 2826 1620 ut
2851 1566 3011 1620 etiam
3035 1564 3087 1619 in
3113 1577 3341 1619 mterore
3370 1577 3433 1618 ac
3458 1561 3647 1622 dolore
3665 1561 3811 1628 sitis,

2235 1677 2356 1716 cum
2394 1659 2757 1730 indignatione
2785 1657 2990 1713 afﬁcior
3021 1675 3033 1711 :
3069 1656 3195 1723 Quis
3210 1656 3341 1710 enim
3366 1662 3437 1710 est
3457 1655 3544 1723 qui
3564 1670 3643 1709 me
3665 1655 3817 1709 exhi-

2238 1754 2383 1816 laret,
2413 1753 2510 1806 nisi
2530 1751 2617 1822 qui
2635 1766 2697 1805 ea:
2714 1765 2794 1803 me
2816 1747 3180 1802 contristatur?
3207 1746 3406 1801 Tamen
3429 1745 3676 1816 quamvis
3695 1745 3817 1800 ani-

2239 1859 2327 1899 mo
2355 1842 2424 1898 ita
2449 1842 2766 1897 constitutus
2796 1839 2918 1904 sim,
2962 1840 3210 1910 quoniam
3241 1837 3402 1893 vestri
3432 1838 3692 1892 rationem
3714 1838 3816 1891 ba-

2243 1938 2366 2000 beo,
2395 1935 2497 1990 hoc
2520 1936 2691 2006 ipsum
2715 1933 2787 1988 ad
2815 1948 2910 1988 vos
2940 1932 3164 2002 scripsi,
3193 1941 3250 1986 ut
3288 1946 3358 1986 ne
3393 1930 3685 1986 contrister
3713 1947 3726 1983 :
3757 1929 3814 1983 in

2241 2027 2345 2083 hoc
2373 2042 2584 2097 quoque
2610 2041 2794 2080 rursus
2822 2039 2926 2079 non
2958 2039 3157 2088 meum,
3186 2022 3278 2077 sed
3312 2032 3545 2077 vestrum
3574 2035 3820 2077 commo-

2244 2123 2370 2177 dum
2395 2130 2662 2190 spectans.
2697 2118 2880 2188 Neque
2901 2117 3043 2172 enim
3074 2131 3159 2171 me
3189 2116 3340 2186 fugit,
3364 2115 3492 2186 quin
3520 2129 3582 2169 ea
3614 2128 3702 2169 res
3720 2129 3822 2169 vo-

2245 2213 2328 2268 bis
2355 2213 2569 2268 moerori
2601 2211 2775 2265 futura
2802 2211 2891 2277 sit,
2921 2210 2963 2263 si
2997 2208 3264 2263 dolentem
3308 2222 3395 2262 me
3434 2207 3672 2262 videritis
3701 2222 3715 2261 :
3759 2217 3824 2261 ut

2247 2316 2431 2361 contra
2462 2304 2679 2371 laetitiae,
2711 2303 2754 2358 si
2787 2318 2873 2358 me
2903 2303 3083 2356 lmtum
3110 2300 3516 2371 conspexeritis.
3546 2299 3682 2355 Vide
3720 2300 3826 2354 ita-

2250 2414 2353 2469 que
2381 2397 2754 2468 prudentiam:
2787 2395 3015 2457 dixerat,
3048 2393 3169 2448 Non
3216 2393 3344 2460 veni,
3378 2401 3436 2448 ut
3464 2408 3531 2447 ne
3562 2407 3660 2447 vos
3690 2407 3827 2447 con-

2251 2493 2466 2556 trister;
2507 2500 2561 2545 et
2593 2499 2766 2544 tamen
2815 2487 3042 2558 gaudeo,
3074 2487 3263 2556 inquit.
3295 2484 3515 2548 Deinde,
3543 2499 3613 2540 ne
3635 2499 3702 2540 ex
3728 2499 3828 2541 eo-

2254 2599 2373 2640 rum
2403 2583 2591 2638 dolore
2620 2581 2944 2650 voluptatem
2993 2579 3092 2633 sibi
3140 2594 3259 2632 esse
3301 2578 3564 2644 videatur,
3593 2576 3650 2632 In
3697 2577 3824 2644 hoc,

2256 2677 2446 2748 inquit,
2478 2673 2705 2745 gaudeo,
2735 2671 2877 2742 quod
2907 2685 2999 2725 vos
3041 2670 3414 2740 perstringam.
3461 2669 3592 2724 Nam
3621 2668 3825 2738 alioqui

2253 2768 2573 2832 discrucior,
2617 2781 2735 2820 cum
2763 2779 2877 2830 eos,
2907 2778 2937 2817 a
2964 2764 3155 2832 quibus
3185 2770 3463 2832 tantopere
3489 2775 3663 2826 amor,
3706 2777 3828 2816 mo-

2255 2861 2406 2917 lestia
2428 2858 2638 2914 aflicere
2656 2871 2838 2927 cogor,
2853 2870 2960 2910 non
2986 2855 3054 2909 ob
3073 2853 3125 2908 id
3149 2861 3350 2907 tantum
3368 2852 3510 2923 quod
3525 2852 3828 2924 obiurgem,

2257 2952 2351 3008 sed
2373 2952 2442 3006 ob
2464 2949 2514 3005 id
2542 2949 2705 3005 etiam
2735 2947 2878 3018 quod
2906 2947 3018 3017 ipse
3047 2960 3259 3016 quoque
3287 2945 3338 3000 in
3368 2959 3601 3001 mmrore
3621 2945 3741 3010 sim,
3763 2959 3833 3001 ac

2260 3045 2412 3099 vobis
2441 3056 2627 3098 rursus
2658 3043 2760 3096 hoc
2786 3041 3002 3096 nomine
3041 3054 3326 3095 maerorem
3370 3054 3662 3112 accersam.
3694 3040 3833 3094 Ani-

2261 3136 2535 3192 madverte
2582 3143 2763 3189 autem
2793 3147 2898 3202 quo
2934 3141 3091 3202 pacto
3138 3129 3281 3185 istud
3312 3132 3471 3185 etiam
3511 3146 3634 3186 cum
3672 3130 3836 3186 laude

2263 3239 2427 3300 ponat
2453 3226 2638 3282 dicens
2656 3267 2672 3292 ,
2715 3224 2793 3279 De
2817 3225 2994 3295 quibus
3023 3233 3315 3292 oportuerat
3340 3239 3419 3276 me
3441 3223 3676 3294 gaudere.
3706 3221 3836 3278 Hac

2262 3321 2406 3376 enim
2432 3318 2594 3374 verba
2619 3315 2851 3372 hominis
2889 3323 3036 3380 sunt,
3068 3313 3428 3368 sinceritatem
3459 3323 3620 3384 atque
3649 3312 3837 3384 iugen-

2267 3425 2372 3468 tem
2424 3412 2624 3466 amoris
2675 3408 2920 3464 affectum
2976 3407 3311 3463 testiticantis
3341 3423 3354 3460 :
3383 3422 3487 3462 non
3517 3421 3671 3462 secus
3697 3421 3761 3462 ac
3788 3405 3836 3461 si

2265 3506 2383 3576 quis
2409 3505 2476 3560 de
2493 3503 2635 3567 ﬁliis,
2659 3518 2793 3573 quos
2816 3501 2996 3556 multis
3021 3500 3293 3556 beneﬁciis
3321 3501 3601 3563 atl'ecisset,
3624 3510 3680 3556 et
3699 3514 3837 3570 quo-

2268 3612 2384 3652 rum
2412 3609 2572 3651 causa
2599 3594 2882 3665 plurimum
2908 3593 3108 3647 laboris
3138 3591 3476 3660 suscepisset,
3500 3590 3836 3661 loqueretur.

2269 3691 2561 3757 Quocirca,
2619 3688 2809 3758 inquit,
2867 3691 2912 3742 sl
2960 3686 3057 3741 hac
3104 3685 3304 3740 ratione
3354 3683 3563 3748 scribo,
3609 3697 3673 3738 ac
3724 3699 3838 3739 non

2275 3784 2430 3840 venio
2456 3823 2471 3846 ,
2523 3790 2581 3836 ut
2637 3781 2812 3851 magni
2856 3780 3050 3850 aliquid
3105 3793 3378 3850 procurem
3420 3792 3524 3832 non
3560 3776 3742 3844 venio,
3777 3793 3840 3833 ac

2274 3893 2376 3931 non
2427 3874 2566 3945 quod
2606 3889 2702 3929 vos
2753 3873 2957 3928 oderim
3002 3881 3160 3942 atque
3186 3885 3418 3937 averser,
3448 3869 3540 3926 sed
3566 3869 3706 3941 quod
3747 3870 3842 3925 ad-

2273 3968 2488 4024 modum
2512 3981 2710 4023 amem.
2734 3965 2935 4021 Deinde
2961 3963 3210 4034 quoniam
3237 3963 3463 4029 dixerat,
3476 3962 3577 4029 Qui
3608 3977 3695 4016 me
3710 3976 3808 4016 con
3826 3991 3841 4001 -

2274 4061 2469 4124 triStat,
2513 4073 2600 4114 me
2640 4057 2912 4120 laetificat;
2940 4072 3008 4111 ne
3032 4056 3102 4109 illi
3136 4056 3400 4120 dicerent,
3435 4054 3667 4110 Hoccine
3688 4053 3841 4122 igitur

2277 4153 2368 4207 tibi
2403 4151 2579 4206 studio
2621 4159 2738 4213 est,
2769 4158 2828 4204 ut
2880 4147 3183 4213 lietiﬁccris,
3239 4156 3400 4214 atque
3439 4147 3685 4202 omnibus
3736 4147 3839 4200 vim

2277 4255 2423 4300 tuam
2453 4242 2725 4297 ostentes?
2751 4240 2872 4296 ideo
2902 4241 3195 4308 subiunxit,
3219 4242 3273 4295 4.
3301 4238 3439 4294 Nam
3463 4258 3526 4295 ea:
3567 4241 3724 4295 multa
3749 4243 3842 4293 tri-

2277 4337 2532 4392 bulatione
2556 4345 2602 4388 et
2623 4335 2857 4405 angustia
2882 4334 3049 4386 cordis
3077 4333 3257 4402 scripsi
3283 4333 3420 4386 vobis
3447 4348 3537 4402 per
3561 4332 3739 4386 multas
3765 4331 3844 4385 la.

2278 4448 2494 4504 crymas,
2525 4445 2626 4483 non
2646 4438 2699 4480 ut
2721 4426 3100 4487 contristemini,
3129 4424 3216 4478 sed
3245 4434 3298 4476 ut
3340 4425 3512 4479 sciatis
3537 4440 3684 4495 quam
3711 4425 3846 4477 can‘o

2281 4533 2432 4576 tatem
2461 4522 2669 4574 habeam
2696 4519 3030 4573 abundantius
3059 4535 3177 4588 erga
3205 4533 3308 4571 vos.

2352 4612 2507 4666 Pauli
2536 4628 2678 4665 amor
2712 4627 2832 4681 erga
2875 4608 3408 4679 discipulos.—-Quid
3435 4607 3535 4664 hac
3563 4607 3737 4663 anima
3783 4607 3848 4663 ad

2281 4706 2562 4761 amandum
2596 4704 2953 4774 propensius?
2997 4702 3237 4757 Ostendit
3261 4702 3403 4756 enim
3438 4717 3496 4756 sc
3523 4717 3627 4755 non
3655 4702 3848 4767 minus,

2286 4800 2393 4852 imo
2419 4797 2578 4850 etiam
2613 4795 2778 4848 multo
2808 4795 2974 4863 magis
2998 4793 3232 4846 doluisse
3255 4833 3269 4854 ,
3301 4807 3458 4860 quam
3493 4792 3563 4844 illi
3596 4792 3718 4860 ipsi,
3761 4792 3851 4861 qui

2286 4897 2656 4960 peccaverant.
2675 4885 2792 4941 Non
2821 4885 2961 4940 enim
2993 4899 3060 4939 ex
3095 4883 3435 4938 tribulatione
3466 4891 3669 4936 tantum
3697 4881 3849 4946 dixit,

2283 4980 2400 5049 sed,
2425 4979 2510 5035 Ex
2525 4979 2681 5032 multa
2693 4995 2714 5044 ;
2737 4992 2835 5030 nec
2853 4991 2945 5046 per
2966 4975 3227 5046 lacrymas
3247 4973 3440 5039 solum,
3464 4973 3580 5038 sed,
3597 4972 3700 5026 Per
3724 4975 3855 5027 ntul-

2287 5082 2362 5125 tas
2407 5071 2657 5141 lacrymas
2706 5078 2751 5122 et
2779 5068 2945 5122 cordis
2990 5069 3293 5136 angustiam.
3323 5065 3434 5121 Hoc
3459 5074 3575 5132 est,
3627 5065 3858 5121 Merere

2291 5163 2617 5232 prmfocaliar
2637 5177 2685 5213 at
2727 5157 3101 5227 straugulabar
3129 5173 3144 5210 :
3177 5171 3239 5211 ac
3269 5156 3498 5210 tristitiae
3528 5156 3722 5212 nubem
3745 5156 3854 5226 jam
3879 5181 3899 5222 ,-

2289 5269 2393 5306 non
2425 5251 2623 5315 ferens,
2655 5263 2723 5304 at
2747 5265 2842 5304 vos
2869 5249 3088 5317 scripsi;
3122 5246 3242 5302 Non
3271 5257 3325 5300 ut
3351 5247 3733 5312 contristemini,
3781 5231 3884 5300 iu-'

2288 5344 2422 5414 quit,
2451 5343 2538 5396 sed
2557 5353 2609 5395 ut
2636 5343 2897 5395 caritatem
2937 5356 3046 5393 eam
3073 5339 3312 5400 noscatis,
3346 5355 3496 5408 quam
3521 5337 3863 5392 abundantius

2289 5451 2406 5506 erga
2429 5451 2514 5488 vos
2551 5435 2726 5488 habeo.
2758 5433 2916 5502 Atqui
2941 5433 3202 5486 sermonis
3217 5431 3384 5485 series
3415 5430 3515 5485 hoc
3538 5428 3861 5500 postulabat,

2289 5536 2347 5581 ut
2375 5526 2598 5590 diceret,
2628 5524 2740 5580 Non
2772 5537 2831 5579 ut
2860 5524 3268 5585 contristemini,
3293 5522 3385 5578 sed
3417 5533 3472 5576 ut
3498 5520 3860 5590 resipiscatis;

2290 5619 2488 5675 etenim
2516 5619 2614 5674 hac
2629 5620 2693 5675 de
2715 5634 2873 5674 causa
2902 5620 3188 5688 scripserat
3219 5631 3234 5671 :
3266 5619 3365 5670 hoc
3393 5626 3566 5669 tamen
3586 5629 3692 5668 non
3711 5612 3859 5676 dicit,

2295 5711 2410 5776 sed,
2455 5719 2510 5765 ut
2537 5710 2653 5783 plus
2683 5711 2957 5765 suavitatis
2997 5710 3226 5764 orationi
3255 5723 3364 5764 suae
3391 5705 3663 5771 conciliet,
3706 5713 3863 5774 atque
