4138 6220
370 199 479 256 ΜΘ

368 313 628 371 καθίκετο
653 310 964 384 Ἐπιστολῇ,
986 314 1083 367 καί
1104 328 1225 367 τινα
1247 313 1549 387 μεταϐολὴν
1562 315 1906 381 ἐπεδείξαντο
1923 330 1938 345 ο

369 415 464 468 καὶ
496 410 721 483 ἔμελλεν
749 412 945 477 αὐτοὺς
975 413 1136 468 τοῦτο
1158 415 1502 489 ἀνατρέπειν,
1535 417 1584 470 εί
1610 414 1944 489 μεταϐαλλόο

372 526 527 581 μενοι
569 508 735 564 πάλιν
783 509 886 580 τὴν
939 510 1109 582 αὐτὴν
1162 512 1484 584 ἐπιτίμησιν
1523 513 1811 584 ὑπέμενον.
1853 512 1947 566 Διὸ

370 603 553 675 πολλῷ
598 607 699 676 τῆς
732 604 1005 677 προτέρας
1042 608 1372 681 ἡμερωτέρα
1404 607 1564 680 αῦτη.
1598 611 1848 678 Ἕκρινα
1877 607 1948 664 δὲ

369 700 606 770 ἐμαυτῷ
648 700 716 755 τὸ
736 701 825 770 μὴ
855 701 1044 757 πάλιν
1071 704 1142 758 ἐν
1164 706 1331 774 λύπῃ
1364 705 1565 760 ἐλθεῖν
1590 705 1741 775 πρὸς
1766 702 1942 774 ὑμᾶς.

370 797 710 875 ΤὸηΠὰλιν,
743 798 987 852 δείκνυσι
1010 800 1104 854 καὶ
1127 801 1228 872 ήδη
1260 800 1567 872 λυπηθέντα
1591 802 1819 854 ἐκεῖθεν·
1853 788 1969 854 καί.Χ

370 893 543 948 δοκῶν
586 894 994 963 ἀπολογεῖσθαι,
1055 895 1205 969 μεθ]
1239 878 1539 969 λεληθότως
1585 896 1763 950 αὐτῶν
1811 895 1947 949 καθ-

374 993 626 1046 ἀπτεται.
654 992 720 1046 Et
748 991 807 1045 δέ
838 994 929 1047 καὶ
950 993 1052 1066 ἤδη
1079 994 1380 1067 ἐλύπησαν,
1409 996 1504 1050 καὶ
1535 994 1699 1048 πάλιν
1724 992 1946 1063 ἔμελλον

375 1088 583 1152 λυπεῖν,
618 1090 870 1162 ἐννόησον
902 1090 1035 1162 ὅσην
1073 1090 1220 1156 εἰκὸς
1262 1082 1514 1161 γενέσθαι
1546 1092 1646 1164 τὴν
1676 1091 1867 1161 ἀηδίαν
1894 1102 1944 1143 ι.

387 1184 550 1238 Ἀλλά
579 1184 738 1240 τοῦτο
777 1186 876 1258 μέν
908 1186 970 1240 οὐ
1007 1186 1178 1257 λέγει,
1227 1188 1310 1241 ὅτι
1350 1186 1709 1258 Ἐλυπήσατιν
1744 1186 1948 1257 ἑτέρως

372 1284 430 1338 δὲ
462 1284 740 1354 μεθοδεύει
777 1285 871 1339 τὸν
907 1284 1066 1355 λόγον
1089 1285 1152 1339 τδ
1187 1285 1320 1339 αὐτὸ
1349 1283 1507 1338 τοῦτο
1549 1284 1944 1354 αἰνιττόμενος,

374 1388 469 1440 καὶ
502 1387 697 1455 λέγων,
724 1388 807 1441 ὅτι
834 1387 935 1440 Διὰ
958 1386 1117 1440 τοῦτο
1148 1386 1248 1440 οὐκ
1270 1381 1455 1457 ἦλθον,
1487 1387 1573 1440 ἵνα
1607 1386 1681 1458 μὴ
1696 1385 1948 1457 ,λυπήσω

377 1487 538 1557 ὑμᾶς·
563 1485 593 1538 ὃ
624 1484 723 1556 τὴν
751 1484 920 1556 αὐτὴν
948 1483 1049 1555 μὲν
1079 1484 1231 1556 ἰσχὺν
1261 1484 1374 1555 ἔχει
1400 1484 1574 1556 τούτῳ
1599 1478 1644 1552 ᾧ
1668 1479 1843 1559 εἶπον,
1866 1483 1951 1537 εὐ·

375 1583 715 1654 παράδεκτον
740 1581 797 1635 δέ
823 1581 1023 1653 μᾶλλόν
1042 1583 1180 1636 ἐστι.
1210 1582 1278 1636 El
1306 1580 1418 1651 γὰρ
1439 1579 1555 1651 ἐγὼ
1575 1578 1749 1635 λυπῶ
1771 1576 1948 1649 ὑμᾶς.

377 1682 475 1735 καὶ
508 1681 597 1742 τίς
625 1680 797 1734 ἐστιν
833 1682 867 1733 ό
902 1680 1240 1748 εὐφραίνων
1266 1695 1364 1749 με,
1392 1680 1446 1733 εί
1471 1676 1558 1748 μὴ
1602 1680 1635 1732 ό
1658 1677 1953 1747 λυπούμε-

372 1794 555 1850 μενος
580 1777 649 1842 ἐξ
673 1775 854 1846 ἐμοῦ;
879 1775 1016 1829 Ποία
1043 1775 1182 1847 αῦτη
1207 1775 1537 1841 ἀκολουθία;
1571 1775 1818 1848 Μεγίστη
1852 1776 1951 1846 μὲν

374 1874 491 1931 οὖν.
547 1874 745 1928 Σκόπει
791 1873 869 1926 δέ·
913 1873 1029 1926 Οὐκ
1063 1872 1324 1943 ἠθέλησα,
1358 1872 1542 1947 φησὶν,
1590 1871 1764 1925 ἐλθεῖν
1814 1871 1953 1942 πρὸς

350 1975 545 2045 ιύμᾶς,
585 1972 675 2027 ἵνα
720 1971 796 2042 μὴ
830 1970 1057 2042 λυπήσω
1099 1970 1244 2042 ὑμᾶς
1275 1969 1458 2035 πλέον,
1493 1967 1783 2041 ἐπιτιμῶν,
1817 1968 1952 2037 ἀγα-

376 2071 617 2134 νακτῶν,
641 2069 1135 2141 ἀποστρεφόμενος.
1162 2062 1296 2122 Εἶτα
1328 2067 1516 2140 ἐπειδὴ
1547 2068 1643 2122 καὶ⁵
1668 2067 1799 2122 αὐτὸ
1823 2084 1956 2137 σφο-

376 2167 510 2238 δρὸν
539 2161 632 2237 ἦν,
676 2167 773 2219 καὶ
803 2166 1138 2237 κατηγορίαν
1174 2164 1356 2219 αὐτῶν
1388 2159 1554 2236 εἶχεν,
1590 2164 1643 2217 εί
1667 2180 1732 2233 γε
1780 2162 1954 2228 οὕτως

377 2266 521 2330 ἔζων
552 2265 627 2329 ὡς
658 2264 868 2319 Παῦλον
895 2264 1104 2330 λυπεῖν,
1137 2262 1832 2337 ἐπιδιορθώσειχρώμενος,
1851 2279 1955 2335 φη-

378 2364 489 2417 σίνο
521 2366 592 2418 Εἰ
617 2362 729 2432 γὰρ
763 2361 877 2433 ἐγὼ
918 2360 1091 2418 λυπῶ
1117 2360 1296 2431 ὑμᾶς,
1336 2361 1437 2416 καί
1462 2363 1553 2429 τίς
1592 2363 1760 2416 ἐστιν
1794 2364 1828 2416 ό
1856 2363 1955 2416 εὐο

379 2465 652 2535 φραίνων
670 2479 770 2532 με,
797 2463 851 2516 εί
878 2460 965 2531 μὴ
1001 2464 1034 2516 ὁ
1057 2462 1443 2530 λυπούμενος
1478 2460 1547 2526 ἐξ
1573 2459 1757 2531 ἐμοῦ;
1796 2462 1861 2514 "0
1897 2460 1955 2514 δέ

377 2559 555 2628 λέγει,
576 2557 819 2612 τοιοῦτόν
852 2559 1021 2611 ἐστιν·
1061 2557 1125 2611 Εἰ
1157 2556 1213 2611 δὲ
1237 2558 1331 2610 καὶ
1356 2558 1414 2610 ἐν
1443 2556 1588 2629 λύπῃ
1609 2556 1834 2628 ἔμελλον
1873 2550 1955 2609 εἷ-

378 2674 497 2721 ναι,
526 2652 969 2725 ἀναγκαζόμενος
1000 2654 1130 2726 ὑμῖν
1170 2642 1432 2725 ἐπιτιμᾷν
1475 2655 1571 2707 καὶ
1596 2656 1728 2725 ὁρᾷν
1756 2653 1958 2708 λυπουο·

381 2753 605 2825 μένους,
634 2751 747 2806 ἀλλ’
776 2753 926 2823 ὅμως
960 2752 1055 2805 καὶ
1079 2751 1210 2804 αὐτὸ
1246 2749 1404 2804 τοῦτο
1430 2747 1699 2822 ηὔφραινε
1730 2767 1818 2821 με.
1845 2751 1965 2827 Μεέ

378 2853 580 2924 γίστης
610 2851 720 2924 γὰρ
768 2849 929 2905 τοῦτο
975 2850 1199 2919 ἀγάπης
1244 2850 1568 2921 τεκμήριον,
1605 2846 1667 2902 τὸ
1702 2848 1956 2903 τοσούτου

380 2947 517 3017 παρ’
547 2946 676 3017 ὑμῖν
705 2943 856 3011 ἄξιον
885 2939 1026 2998 εἶναί
1061 2960 1150 3015 με,
1187 2942 1263 3008 ὡς
1289 2942 1547 2997 δύνασθαι
1571 2941 1787 2997 δάκνειν
1814 2941 1959 3014 ὑμᾶς

380 3040 883 3115 ἀποστρεφόμενον.

455 3247 526 3317 β’.
545 3247 654 3305 Καὶ
679 3247 783 3318 ὅρα
800 3246 1113 3302 σύνεσιν.⁴“0
1139 3247 1248 3320 γὰρ
1262 3246 1355 3303 τοῦ
1379 3246 1547 3321 νόμου
1563 3246 1673 3301 τῶν
1703 3247 1960 3319 μαθητῶν

379 3339 479 3417 ἦν,
505 3344 566 3400 τὸ
596 3344 781 3413 ἀλγεῖν
809 3346 906 3400 καὶ¹
932 3344 1283 3400 αίσθάνεσθαι
1314 3344 1777 3417 ἐπιτιμωμένους,
1802 3346 1961 3400 τοῦτο

374 3442 467 3507 ὡς
478 3440 873 3514 χαριζομένους
892 3441 1090 3506 αὐτοὺς
1111 3442 1341 3512 είσάγει.
1365 3442 1552 3506 Οὐδεὶς
1571 3443 1678 3515 γάρ
1699 3460 1767 3515 με
1788 3440 1962 3507 οὔτως

381 3539 694 3611 εὐφραίνει,
729 3539 917 3611 φησὶν,
942 3539 1020 3604 ὡς
1056 3539 1269 3605 ἐκεῖνος
1300 3540 1330 3593 δ
1353 3540 1814 3611 ἐπιστρεφόμενος
1849 3539 1961 3596 τῶν

378 3637 539 3711 ἐμῶν
566 3638 849 3709 ῥημάτων,
880 3638 974 3691 καὶ
1001 3636 1340 3708 λυπούμενος
1368 3639 1497 3693 ὅταν
1530 3638 1702 3712 βλέπῃ
1731 3657 1796 3711 με
1818 3640 1963 3711 ὀργι-

381 3733 633 3807 ζόμενον.
660 3734 854 3791 Καίτοι
882 3734 943 3789 τὸ
970 3733 1262 3788 ἀκόλουθον
1300 3730 1367 3807 ἦν
1397 3736 1589 3790 εἰπεῖν.
1615 3736 1678 3790 Εἰ
1715 3737 1825 3807 γὰρ
1848 3737 1962 3806 ἐγὼ

384 3830 547 3885 λυπῶ
569 3831 734 3901 ὑμᾶς,
757 3830 853 3885 καὶ
868 3832 950 3895 τίς
974 3831 1120 3885 ἐστιν
1137 3832 1166 3884 ό
1184 3830 1477 3903 δυνάμενος
1498 3831 1641 3903 ὑμᾶς
1661 3832 1924 3905 εὐφρᾶναι
1943 3850 1959 3900 ;

383 3927 506 3982 ἀλλ’
554 3927 616 3981 οὐ
665 3927 815 3996 λέγει
870 3928 1048 3993 τοῦτο,
1085 3927 1200 3981 ἀλλ’
1231 3929 1579 3999 ἀντιστρέφει
1615 3930 1775 3984 πάλιν
1807 3931 1960 3996 αὐτὸ,

385 4023 710 4093 θεραπεύων
734 4024 949 4090 αὐτοὺς,
977 4025 1072 4079 καὶ
1101 4025 1295 4093 λέγων·
1330 4026 1394 4079 Εἰ
1449 4028 1544 4079 καὶ
1601 4025 1755 4080 λυπῶ
1793 4027 1960 4098 ὑμᾶς,

384 4121 553 4193 χάριν
578 4135 667 4191 μοι
691 4121 958 4193 παρέχετε
978 4124 1082 4175 κάν
1100 4123 1276 4194 τούτῳ
1299 4122 1583 4196 μεγίστην,
1601 4123 1681 4177 ὅτι
1704 4123 1963 4180 δάκνεσθε

385 4216 498 4271 ὐπὸ
527 4216 637 4270 τῶν
673 4218 806 4288 παρ’
843 4217 978 4289 ἐμοῦ
1024 4219 1356 4290 λεγομένων.
1413 4219 1525 4273 Καὶ
1570 4219 1681 4289 γὰρ
1728 4221 1965 4291 ἔγραψα

384 4313 537 4383 ὑμῖν
558 4314 706 4368 αὐτὸ
741 4314 936 4369 τοῦτο.
970 4314 1129 4368 Ποῖον
1154 4331 1169 4379 ;
1203 4314 1326 4369 Ὀτι
1354 4314 1442 4368 διά
1467 4313 1627 4370 τοῦτο
1655 4316 1756 4372 ούκ
1778 4313 1961 4389 ἦλθον,

387 4411 710 4482 φειδόμενος
736 4411 910 4481 ὑμῶν.
940 4412 1078 4466 Πότε
1106 4410 1379 4483 ἓγραφεν;
1408 4412 1467 4466 ἐν
1486 4414 1552 4485 τῇ
1588 4414 1850 4488 προτέρᾳ,
1875 4415 1964 4468 ὅτε

389 4510 600 4577 ἔλεγεν·
634 4510 717 4563 Οὐ
743 4509 896 4563 θέλω
926 4507 1078 4577 ὑμᾶς
1107 4508 1239 4576 ἄρτι
1268 4508 1340 4562 ἐν
1366 4507 1606 4579 παρόδῳ
1637 4508 1821 4574 ίδεῖν;
1849 4510 1965 4564 Οὐκ

389 4606 568 4675 ἔγωγε
594 4601 771 4678 οἶμαι,
792 4605 906 4659 ἀλλ’
927 4607 985 4658 ὲν
1009 4606 1145 4676 αὐτῇ
1168 4607 1235 4676 τῇ
1273 4604 1583 4678 Ἐπιστολῇ,
1604 4607 1689 4659 ὅτε
1702 4602 1845 4663 εἷπε.
1866 4606 1963 4677 Μὴ

386 4703 646 4756 ἐλθόντα
672 4719 749 4771 με
778 4703 967 4756 πάλιν
1018 4699 1358 4769 ταπεινώσῃ
1403 4703 1436 4755 ό
1473 4703 1617 4768 Θεός
1654 4721 1770 4772 μου
1812 4703 1965 4771 πρὸς

389 4795 570 4866 ὑμᾶς.
631 4798 889 4869 Ἔγραψα
952 4792 1047 4850 οὖν
1092 4796 1226 4850 αὐτὸ
1272 4795 1431 4850 τοῦτο
1476 4797 1614 4868 πρὸς
1672 4798 1750 4869 τῷ
1797 4798 1962 4864 τέλει,

390 4894 546 4964 φησί·
576 4892 674 4959 Μή
705 4910 831 4960 πως
850 4894 1105 4948 ἐλθόντα
1123 4910 1201 4963 με
1223 4892 1562 4964 ταπεινώσῃ
1586 4897 1622 4947 ό
1655 4894 1797 4960 Θεός
1824 4912 1962 4963 μου,

389 4990 493 5071 καί
517 4991 802 5059 πενθήσω
828 4991 1103 5058 πολλοὺς
1126 4990 1246 5045 τῶν
1282 4993 1843 5061 προημαρτηκότων.
1866 4992 1967 5046 Διά

387 5090 443 5145 τί
475 5090 534 5144 δὲ
562 5091 831 5162 ἐγραφεςς
865 5092 999 5146 Ἵνα
1023 5090 1110 5160 μὴ
1144 5090 1340 5146 ἐλθὼν
1360 5092 1567 5159 λύπην
1595 5092 1726 5161 σχῶ
1752 5092 1852 5162 ἀφ’
1880 5086 1968 5149 ὧν

387 5188 611 5259 ἔδειμε
635 5189 889 5259 χαίρειν,
924 5188 1222 5265 πεποιθὼς
1251 5190 1350 5243 ἐπὶ
1385 5189 1617 5258 πάντας
1652 5191 1829 5261 ὑμᾶς,
1876 5191 1969 5247 ὅτι

392 5286 432 5354 ἡ
455 5285 573 5357 ἐμὴ
611 5290 765 5357 χαρὰ
792 5288 1034 5342 πάντων
1068 5287 1236 5357 ὑμῶν
1270 5289 1462 5343 ἐστιν.
1510 5290 1725 5362 Ἐπειδὴ
1748 5289 1857 5363 γὰρ
1884 5285 1968 5345 εἷο

457 5508 736 5571 ‘AInAedilis
758 5507 1052 5571 legiturrhv
1074 5507 1238 5565 ἀδίαν,
1270 5503 1322 5555 in
1363 5520 1455 5571 ms.
1480 5507 1566 5566 τήν
1588 5507 1777 5567 ἄνοιαν,
1816 5507 1983 5559 male;

389 5569 543 5633 Savjl.
566 5569 619 5619 in
646 5566 866 5633 ωσι-κῆδε
894 5566 1250 5633 οιὶειιινρτοῐετι
1268 5566 1535 5633 Ιεεῐίοηεω
1557 5571 1642 5633 τὴν
1660 5566 1970 5633 miqu

391 5630 583 5693 optime
606 5629 857 5692 consciunt,
878 5638 933 5682 et
952 5630 1018 5682 ita
1044 5629 1171 5695 l'egit
1194 5632 1445 5693 interpres
1468 5629 1684 5681 Latinus.

1427 195 1495 253 IN
1528 197 1750 255 EPIST.
1792 195 1836 253 ll
1869 194 1960 253 AD
1997 191 2153 253 C08.
2196 197 2432 256 HOMIL.
2472 200 2558 259 ιν.

3512 205 3617 265 ηε

2052 331 2173 382 πεν,
2225 317 2307 372 ὅτι
2342 319 2740 388 Εὐφραίνομαι,
2801 315 3110 387 ἀλγούντων
3165 317 3341 389 ὑμῶν.
3398 320 3492 375 καὶ
3537 326 3618 377 ἐτι

2050 412 2443 485 αὐθαδέστερον
2480 415 2641 469 τοῦτο
2667 411 2737 487 ἦν
2772 416 2869 468 καὶ⁵
2900 414 3256 487 τραχύτερον,
3290 415 3452 470 πάλιν
3488 418 3623 472 αὐτὸ

2048 509 2382 581 ἀνέστρεψεν
2409 512 2634 582 ἑτέρως,
2661 511 2759 565 καὶ
2800 510 3151 582 ἡμερώτερον
3193 512 3326 565 αὐτὸ
3367 514 3624 585 ἐποίησεν

2048 598 2129 668 οἷς
2149 606 2418 677 ἐπήγαγε.
2451 608 2552 661 Διά
2577 607 2736 662 τοῦτο
2762 607 2891 679 γὰρ,
2917 608 3075 680 φησὶ,
3111 609 3439 681 προέγραψα
3468 611 3622 682 ὑμῖν,

2052 701 2136 756 ἵνα
2183 704 2259 772 μὴ
2289 704 2348 758 ἐν
2380 704 2542 778 ὀδύνῃ
2571 706 2716 777 ὑμᾶς
2756 705 2903 777 εὕρω
2951 704 3027 777 μὴ
3058 705 3474 778 διορθωθὲντας.
3523 709 3623 764 Διά

2049 799 2209 853 τοῦτο
2239 795 2413 865 εἷπον,
2436 801 2572 856 Ἵνα
2596 802 2684 871 μὴ
2712 801 2984 870 λυπηθῶ,
3019 801 3081 855 οὐ
3104 802 3166 856 τὸ
3215 804 3451 874 ἐμαυτοῦ
3494 821 3624 858 σκο-

2051 894 2191 963 πῶν,
2227 895 2364 949 ἀλλά
2415 896 2478 949 τὸ
2527 897 2812 969 ὑμέτερον.
2850 897 3002 972 [457]
3054 894 3184 952 Οἶδα
3237 900 3366 970 γὰρ,
3398 899 3482 953 ὅτι
3529 900 3625 954 ἐὰν

2053 995 2201 1064 ἴδητε
2231 996 2514 1065 χαίροντα,
2564 997 2810 1067 χαίρετε·
2852 996 2958 1051 κᾶν
3012 995 3283 1067 θεάσησθε
3332 995 3623 1064 ἀλγοῦντα,

2052 1091 2290 1161 ἀλγείτε.
2325 1092 2468 1164 Ὅρα
2489 1092 2670 1146 τοίνυν
2705 1092 2910 1147 ἀνωθεν
2932 1092 3033 1164 τὴν
3057 1092 3377 1147 ἀκολουθίαν
3402 1093 3510 1147 τῶν
3547 1095 3626 1147 εί-

2055 1190 2326 1261 ρημὲνων·
2371 1188 2513 1243 οὕτω
2555 1189 2667 1261 γὰρ
2700 1188 3102 1261 εὐμαθέστερος
3133 1190 3265 1261 ἡμῖν
3297 1188 3451 1243 ἔσται
3483 1191 3511 1243 ό
3535 1188 3627 1242 λόε-

2052 1306 2168 1358 γρς.
2191 1272 2323 1342 Ὀὐκ
2356 1283 2544 1361 ἦλθον,
2581 1288 2766 1358 φησὶν,
2808 1289 2894 1341 ἵνα
2937 1287 3011 1358 μὴ
3054 1285 3281 1356 λυπήσω
3313 1286 3478 1356 ὑμᾶς,
3516 1284 3630 1339 ἀδι-

2052 1385 2325 1456 ορθώτους
2377 1384 2573 1457 εὑρών.
2610 1384 2784 1440 Τοῦτο
2823 1383 2880 1437 δὲ
2921 1383 3160 1450 ἐποίουν,
3195 1385 3255 1437 οὐ
3289 1385 3350 1439 τὸ
3388 1383 3629 1457 ἐμαυτοῦ

2056 1483 2296 1545 σκοπῶν,
2331 1483 2467 1537 ἀλλά
2489 1483 2550 1537 τὸ
2572 1483 2857 1553 ὑμέτερον.
2894 1481 3037 1552 Ἐγὼ
3074 1483 3173 1555 μὲν
3207 1482 3317 1555 γὰρ
3353 1483 3630 1555 λυπουμέ-

2059 1582 2235 1652 μένων
2264 1581 2438 1652 ὐμῶν,
2462 1580 2571 1652 ἔχω
2595 1581 2793 1653 ἡδονὴν
2820 1581 2883 1634 οὐ
2918 1582 3142 1653 μικρὰν,
3167 1583 3298 1637 ὅταν
3326 1581 3421 1637 ίδω
3441 1584 3633 1638 τοσοῦ-

2054 1696 2146 1733 τον
2175 1678 2311 1748 ἐμοῦ
2343 1679 2750 1750 φροντίζοντας,
2782 1679 2859 1743 ὡς
2884 1680 2980 1735 καὶ
3002 1680 3291 1736 λυπεῖσθαι
3326 1683 3420 1735 καὶ
3447 1680 3632 1751 ἀλγεῖν

2055 1774 2490 1845 ἀγανακτοῦντος
2538 1775 2694 1847 ἐμοῦ.
2731 1774 2829 1843 Τίς
2873 1775 2985 1846 γάρ
3019 1777 3192 1831 ἐστιν
3236 1781 3270 1832 ό
3293 1778 3633 1847 εὐφραίνων

2052 1889 2152 1944 με,
2182 1873 2233 1926 εί
2276 1870 2362 1940 μὴ
2397 1873 2431 1926 ό
2456 1872 2841 1940 λυπούμενος
2879 1873 2950 1937 ἐξ
2975 1873 3121 1941 ἐμοῦ
3143 1890 3163 1938 ;
3188 1873 3336 1945 Πλὴν
3369 1874 3504 1927 ἀλλὰ
3539 1875 3634 1929 κα¹ι

2056 1969 2200 2023 οὓτω
2217 1968 2581 2040 διακείμενος,
2607 1968 2795 2041 ἐπειδὴ
2816 1967 2876 2022 τὸ
2898 1968 3164 2042 ὑμέτερον
3184 1970 3393 2037 σκοπῶ,
3418 1971 3631 2043 ἔγραψα

2059 2069 2188 2139 ύμῖν
2228 2068 2290 2121 τὸ
2330 2066 2464 2121 αὐτὸ
2492 2066 2669 2131 τοῦτο,
2714 2067 2803 2122 ἵνα
2841 2067 2916 2141 μὴ
2957 2066 3203 2140 λυπηθῶ·
3240 2068 3335 2123 καὶ
3375 2071 3433 2124 ἐν
3459 2070 3634 2141 τούτῳ

2060 2165 2222 2220 πάλιν
2259 2163 2320 2217 οὐ
2365 2162 2424 2216 τὸ
2466 2162 2598 2234 ἐμὸν
2644 2162 2884 2229 σκοπῶν,
2916 2163 3053 2217 ἀλλά
3085 2165 3147 2218 τὸ
3175 2164 3458 2237 ὑμέτερον.
3501 2162 3635 2221 Οἶδα

2059 2261 2170 2333 γὰρ
2195 2260 2278 2314 ὅτι
2313 2259 2408 2313 καὶ
2439 2259 2601 2330 ὑμεῖς
2643 2258 2864 2329 μέλλετε
2907 2259 3216 2325 λυπεῖσθαι,
3253 2260 3523 2327 ἀλγοῦντά
3562 2278 3632 2333 με

2059 2356 2313 2429 ὁρῶντες,
2338 2354 2528 2428 ῶσπερ
2548 2346 2644 2408 οῦν
2667 2357 2765 2409 καὶ
2786 2355 3196 2427 εὐφραίνεσθαι,
3223 2356 3479 2428 χαίροντα
3499 2357 3635 2411 θεω-

2065 2451 2300 2523 ροῦντες.
2333 2450 2531 2505 Σκόπει
2574 2450 2756 2505 τοίνυν
2794 2450 3029 2507 σύνεσινο
3056 2448 3244 2506 Εἶπεν·
3279 2454 3399 2508 Ἵνα
3433 2453 3508 2525 μὴ
3539 2454 3631 2507 λυ-

2062 2549 2219 2619 πήσω
2239 2546 2338 2600 οὐκ
2360 2541 2544 2617 ἦλθον,
2570 2546 2748 2600 καίτοι
2767 2563 2831 2615 γε
2856 2548 3238 2619 εὐφραίνομαι,
3267 2550 3448 2621 φησίν.
3478 2545 3611 2604 Εἶτα

2063 2645 2151 2698 ἵνα
2190 2642 2264 2715 μὴ
2293 2643 2421 2715 δόξῃ
2449 2641 2673 2705 ἐκείνων
2703 2642 3015 2712 ἀλγούντων
3042 2643 3457 2715 εὐφραίνεσθαι,
3477 2646 3636 2701 Κατά

2061 2740 2242 2806 τοῦτο,
2265 2741 2420 2811 φησὶ,
2443 2739 2643 2811 χαίρω,
2665 2740 2801 2794 καθὸ
2829 2738 3204 2811 καθάπτομαι·
3231 2741 3354 2794 ἐπεὶ
3375 2740 3499 2794 καθ’
3520 2742 3638 2795 ἐτε-

2066 2853 2158 2909 ρον
2182 2835 2478 2907 λυποῦμαι,
2508 2836 2639 2890 ὅταν
2671 2836 2797 2899 τοὺς
2825 2834 2969 2890 οὕτω
2993 2835 3283 2905 φιλοῦντας
3311 2836 3637 2905 ἀναγκάζω-

2067 2953 2166 3008 μαι
2221 2934 2432 2999 λυπεῖν,
2461 2933 2523 2986 ού
2550 2930 2727 3003 τούτῳ
2769 2931 2929 3003 μόνον
2960 2931 3044 3004 τῷ
3080 2934 3364 3005 ἐπιτιμᾷν,
3392 2933 3527 2988 ἀλλὰ
3557 2933 3638 3006 τῷ

2063 3032 2158 3086 καὶ⁸
2188 3030 2347 3095 αὐτὸς
2378 3031 2438 3084 ἐν
2461 3028 2606 3101 λύπῃ
2634 3025 2797 3092 εἶναι,
2826 3028 2922 3082 καὶ
2946 3029 3092 3100 ὑμᾶς
3127 3029 3216 3083 διά
3240 3028 3429 3084 τούτου
3472 3030 3639 3085 πάλιν

2063 3129 2273 3184 λυπεῖν.
2298 3128 2497 3183 Σκόπει
2519 3126 2576 3181 δέ
2598 3126 2718 3190 πῶς
2739 3125 2872 3180 αὐτὸ
2894 3126 2990 3180 καὶ
3015 3127 3132 3198 μετ’
3156 3127 3434 3199 ἐγκωμίου
3455 3127 3638 3200 τίθησι

2063 3226 2260 3295 λέγων’
2297 3225 2421 3295 Ἀφ’
2446 3220 2533 3278 ὧν
2555 3223 2677 3279 ἔδει
2699 3239 2776 3294 με
2796 3224 3049 3294 χαίρειν.
3083 3223 3256 3278 Τοῦτο
3285 3223 3394 3297 γὰρ
3423 3224 3642 3297 γνησιό·

2064 3341 2203 3395 τητα
2240 3319 2643 3393 μαρτυροῦντός
2678 3321 2813 3386 ἐστι,
2859 3319 2955 3374 καὶ
2987 3318 3189 3390 πολλὴν
3229 3320 3635 3393 φιλοστοργίαν

2064 3420 2139 3484 ὡς
2169 3419 2236 3474 ἂν
2273 3418 2322 3472 εί
2349 3418 2477 3488 περὶ
2509 3415 2642 3470 υίῶν
2670 3433 2757 3480 τις
2784 3412 2907 3469 εἷπε
2942 3415 3113 3469 πολλά
3145 3416 3635 3489 εὐεργετηθέντων,

2066 3519 2160 3574 καὶ
2199 3518 2328 3589 περὶ
2362 3518 2455 3580 οὒς
2488 3514 2770 3585 ἐπόνησεν.
2802 3514 2867 3568 EE
2901 3514 3082 3568 τοίνυν
3113 3514 3202 3569 διά
3232 3514 3391 3569 τοῦτο
3415 3518 3635 3590 γράφω,

2066 3615 2159 3668 καὶ
2180 3614 2280 3668 οὐκ
2302 3612 2550 3683 ἔρχομαι,
2583 3609 2724 3682 μέγα
2742 3627 2795 3663 τι
2815 3609 3116 3681 οἰκονομῶν
3138 3611 3238 3665 οὐκ
3269 3610 3523 3685 ἔρχομαι,
3544 3616 3640 3670 καὶ

2066 3712 2127 3765 οὐ
2161 3708 2334 3782 μισῶν
2360 3706 2479 3761 ούδέ
2508 3706 3001 3777 ἀποστρεφόμενος,
3032 3705 3169 3760 ἀλλά
3194 3707 3290 3761 καὶ
3317 3708 3522 3782 σφόδρα.
3553 3728 3643 3781 φι.

2066 3810 2193 3863 λῶν.
2222 3802 2376 3873 Εἶτα,
2410 3805 2598 3877 ἐπειδὴ
2618 3800 2790 3870 εἶπεν,
2820 3804 2902 3858 ὅτι
2934 3805 2991 3859 '0
3009 3802 3196 3858 λυπῶν
3226 3806 3528 3876 εὐφραίνει,
3554 3808 3641 3862 ἵνα

2071 3907 2144 3978 μὴ
2172 3904 2391 3974 λέγωσι*
2417 3902 2588 3956 Τοῦτο
2615 3896 2708 3955 οῦν
2735 3900 2865 3954 αὐτὸ
2891 3900 3232 3966 σπουδάζεις,
3265 3901 3350 3955 ἵνα
3375 3903 3643 3979 εὐφραίνῃ

2068 4001 2161 4056 καὶ
2193 3995 2434 4070 ἐπιδείξῃ
2464 3997 2600 4050 πᾶσι
2627 3994 2802 4067 πόσην
2833 3993 2963 4067 ἔχῃς
2996 3995 3185 4066 ἰσχύνς
3216 3997 3513 4069 ἐπήγαγεν·
3545 3998 3642 4051 Ἐκ

2067 4098 2179 4169 γὰρ
2208 4093 2448 4164 πολλῆς
2476 4092 2859 4167 θλίψεωςικαὶ
2882 4084 3163 4164 συνοχῆς
3186 4094 3433 4171 καρδίας
3466 4094 3642 4165 ἔγρα-

2067 4200 2158 4265 ψα
2174 4192 2317 4263 ὑμῖν
2338 4191 2435 4245 διὰ
2452 4190 2703 4244 πολλῶν
2717 4190 3009 4262 δακρύων·
3044 4191 3157 4261 οὐχ
3182 4190 3284 4245 ἵνα
3304 4191 3640 4261 λυπηθῆτε,

2068 4290 2229 4346 ἀλλὰ
2260 4288 2374 4355 τὴν
2394 4285 2637 4356 ἀγάπην
2661 4286 2762 4340 ἵνα
2782 4285 2991 4356 γνῶτε,
3023 4285 3106 4355 ἣν
3133 4286 3253 4357 ἔχω
3284 4290 3642 4356 περισσοτέ-

2062 4405 2180 4457 ρως
2204 4387 2292 4451 είς
2320 4382 2496 4455 ὑμᾶς.

2138 4563 2204 4618 Τί
2225 4560 2427 4634 ταύτης
2449 4559 2930 4632 φιλοστοργότερον
2958 4560 3058 4632 τῆς
3083 4559 3263 4634 ψυχῆς
3281 4579 3298 4626 ;
3319 4561 3511 4617 Αὐτῶν
3533 4562 3646 4635 γὰρ

2068 4668 2178 4723 τῶν
2198 4665 2597 4740 ἡμαρτηκότων
2619 4665 2721 4720 οὐκ
2739 4665 2984 4731 ἔλαττον,
3008 4665 3145 4721 ἀλλά
3166 4667 3261 4721 καὶ⁵
3280 4666 3461 4737 πολλῷ
3481 4666 3646 4721 πλέον

2068 4775 2341 4831 δείκνυσιν
2373 4773 2562 4830 ἑαυτὸν
2595 4772 2930 4844 ἀλγήσαντα.
2962 4771 3038 4825 Οὐ
3060 4771 3193 4842 γάρ,
3226 4772 3360 4827 Ἀπὸ
3389 4772 3644 4843 θλίψεως,

2071 4882 2206 4952 φησὶ
2227 4881 2409 4953 μόνον,
2434 4880 2573 4947 ἀλλ’,
2588 4878 2723 4934 Ἁπύ
2745 4876 3011 4947 πολλῆς·
3033 4879 3178 4947 οὐδὲ,
3201 4880 3482 4953 Δακρύων,
3509 4878 3649 4935 ἀλλά

2070 4987 2175 5042 Διά
2194 4985 2440 5042 πολλῶν
2464 4985 2743 5053 δακρύων
2769 4982 2869 5039 καὶ
2896 4985 3172 5056 συνοχῆς
3195 4985 3463 5056 καρδίας·
3492 5005 3649 5042 τουτο

2073 5095 2241 5157 ἐστιν,
2286 5090 2794 5165 Ἀπηγχονιζόμην,
2824 5092 3208 5166 ἀπεπνιγόμην
3242 5095 3347 5150 ὐπὸ
3372 5097 3473 5169 τῆς
3511 5095 3646 5150 ἀθυ-

2076 5200 2220 5271 μίας·
2276 5198 2372 5253 καὶ
2431 5196 2629 5271 μηκέτι
2681 5197 2865 5271 φέρων
2919 5200 3018 5271 τῆς
3072 5199 3313 5271 ἀθυμίας
3356 5202 3418 5254 τὸ
3464 5200 3646 5269 νέφος,

2072 5305 2289 5377 ἔγραψα
2325 5304 2453 5377 ὑμῖν
2479 5319 2491 5335 ·
2514 5305 2636 5374 Οὐχ
2666 5305 2768 5359 ἵνα
2798 5305 3144 5375 λυπηθῆτε,
3168 5301 3308 5361 ἀλλ’
3332 5305 3433 5359 ἵνα
3460 5303 3649 5375 γνῶτε

2078 5415 2189 5485 τὴν
2227 5414 2470 5486 ἀγάπην
2486 5452 2504 5479 ,
2550 5413 2737 5483 φησὶν,
2791 5411 2876 5480 ἣν
2921 5413 3041 5482 ἔχω
3071 5400 3506 5481 περισσοτέρως
3558 5417 3647 5480 εις

2073 5522 2250 5594 ὑμᾶς.
2277 5520 2473 5575 Καίτοι
2495 5519 2557 5572 τὸ
2580 5518 2873 5573 ἀκόλουθον
2907 5516 2975 5593 ἦν
2999 5520 3196 5574 εἰπεῖν·
3227 5521 3339 5591 Οὐχ
3365 5520 3451 5575 ἵνα
3473 5521 3648 5594 λυπηο

2079 5626 2228 5698 θῆτε,
2256 5624 2371 5679 ἀλλ’
2402 5624 2488 5678 ἵνα
2514 5622 2871 5699 διορθωθῆτε·
2906 5626 2996 5680 καὶ
3036 5625 3145 5695 γὰρ
3169 5620 3258 5680 διά
3291 5625 3449 5705 τοῦτο
3477 5625 3646 5699 ἔγρα-
