  <div class='ocr_page' id='page_1' title='image "/cluster/home/n/w/nwhite01/storage/ocr_20150623/61/hvd.32044054166368/425.png"; bbox 0 0 4138 6220; ppageno 0'>
   <div class='ocr_carea' id='block_1_1' title="bbox 509 189 609 248">
    <p class='ocr_par' dir='ltr' id='par_1_1' title="bbox 509 189 609 248">
     <span class='ocr_line' id='line_1_1' title="bbox 509 189 609 248; baseline -0.02 0"><span class='ocrx_word' id='word_1_1' title='bbox 509 189 609 248; x_wconf 69' lang='grc'><strong>421</strong></span> 
     </span>
    </p>
   </div>
   <div class='ocr_carea' id='block_1_2' title="bbox 503 302 2071 380">
    <p class='ocr_par' dir='ltr' id='par_1_2' title="bbox 503 302 2071 380">
     <span class='ocr_line' id='line_1_2' title="bbox 503 302 2071 380; baseline 0.002 -20"><span class='ocrx_word' id='word_1_2' title='bbox 503 302 625 377; x_wconf 75' lang='grc' dir='ltr'>ψενο</span> <span class='ocrx_word' id='word_1_3' title='bbox 683 304 802 361; x_wconf 85' lang='grc' dir='ltr'>ἀλλ’</span> <span class='ocrx_word' id='word_1_4' title='bbox 863 306 924 363; x_wconf 91' lang='grc' dir='ltr'>οὐ</span> <span class='ocrx_word' id='word_1_5' title='bbox 981 308 1129 380; x_wconf 84' lang='grc' dir='ltr'>λέγει</span> <span class='ocrx_word' id='word_1_6' title='bbox 1181 308 1340 362; x_wconf 89' lang='grc' dir='ltr'>τοῦτο</span> <span class='ocrx_word' id='word_1_7' title='bbox 1361 348 1376 373; x_wconf 94' lang='grc'>,</span> <span class='ocrx_word' id='word_1_8' title='bbox 1426 309 1563 363; x_wconf 88' lang='grc' dir='ltr'>ἀλλά</span> <span class='ocrx_word' id='word_1_9' title='bbox 1617 310 2071 378; x_wconf 87' lang='grc' dir='ltr'>καταγλυκαίνων</span> 
     </span>
    </p>
   </div>
   <div class='ocr_carea' id='block_1_3' title="bbox 506 396 2070 474">
    <p class='ocr_par' dir='ltr' id='par_1_3' title="bbox 506 396 2070 474">
     <span class='ocr_line' id='line_1_3' title="bbox 506 396 2070 474; baseline 0.004 -23"><span class='ocrx_word' id='word_1_10' title='bbox 506 396 710 469; x_wconf 69' lang='grc' dir='ltr'>μᾶλλον</span> <span class='ocrx_word' id='word_1_11' title='bbox 751 400 845 456; x_wconf 74' lang='grc' dir='ltr'>τὸν</span> <span class='ocrx_word' id='word_1_12' title='bbox 886 401 1066 470; x_wconf 87' lang='grc' dir='ltr'>λόγον,</span> <span class='ocrx_word' id='word_1_13' title='bbox 1125 401 1219 455; x_wconf 63' lang='grc' dir='ltr'>καὶ.</span> <span class='ocrx_word' id='word_1_14' title='bbox 1262 402 1343 463; x_wconf 82' lang='grc' dir='ltr'>είς</span> <span class='ocrx_word' id='word_1_15' title='bbox 1380 400 1573 471; x_wconf 74' lang='grc' dir='ltr'>μεῖζον</span> <span class='ocrx_word' id='word_1_16' title='bbox 1611 401 1831 474; x_wconf 80' lang='grc' dir='ltr'><strong>φίλτρον</strong></span> <span class='ocrx_word' id='word_1_17' title='bbox 1872 402 2070 465; x_wconf 82' lang='grc' dir='ltr'>αὐτοὺς</span> 
     </span>
    </p>
   </div>
   <div class='ocr_carea' id='block_1_4' title="bbox 502 488 2069 563">
    <p class='ocr_par' dir='ltr' id='par_1_4' title="bbox 502 488 2069 563">
     <span class='ocr_line' id='line_1_4' title="bbox 502 488 2069 563; baseline 0.001 -19"><span class='ocrx_word' id='word_1_18' title='bbox 502 488 907 563; x_wconf 69' lang='grc' dir='ltr'>ἐπισπώμενος,</span> <span class='ocrx_word' id='word_1_19' title='bbox 934 491 1092 544; x_wconf 86' lang='grc' dir='ltr'>τοῦτο</span> <span class='ocrx_word' id='word_1_20' title='bbox 1121 490 1236 544; x_wconf 77' lang='grc' dir='ltr'>ἀντ’</span> <span class='ocrx_word' id='word_1_21' title='bbox 1269 490 1480 544; x_wconf 85' lang='grc' dir='ltr'>ἐκείνου</span> <span class='ocrx_word' id='word_1_22' title='bbox 1508 490 1711 563; x_wconf 86' lang='grc' dir='ltr'>τίθησι,</span> <span class='ocrx_word' id='word_1_23' title='bbox 1739 492 1953 556; x_wconf 80' lang='grc' dir='ltr'>δεικνὺς</span> <span class='ocrx_word' id='word_1_24' title='bbox 1987 490 2069 546; x_wconf 83' lang='grc' dir='ltr'>ὃτι</span> 
     </span>
    </p>
   </div>
   <div class='ocr_carea' id='block_1_5' title="bbox 503 583 2064 657">
    <p class='ocr_par' dir='ltr' id='par_1_5' title="bbox 503 583 2064 657">
     <span class='ocr_line' id='line_1_5' title="bbox 503 583 2064 657; baseline -0.002 -17"><span class='ocrx_word' id='word_1_25' title='bbox 503 585 683 640; x_wconf 81' lang='grc' dir='ltr'>πάντα</span> <span class='ocrx_word' id='word_1_26' title='bbox 731 586 839 639; x_wconf 84' lang='grc' dir='ltr'>ἀπὸ</span> <span class='ocrx_word' id='word_1_27' title='bbox 880 583 1100 653; x_wconf 82' lang='grc' dir='ltr'>ἀγάπης</span> <span class='ocrx_word' id='word_1_28' title='bbox 1147 586 1310 639; x_wconf 88' lang='grc' dir='ltr'>ποιεῖ.</span> <span class='ocrx_word' id='word_1_29' title='bbox 1360 585 1469 638; x_wconf 83' lang='lat' dir='ltr'>Kal</span> <span class='ocrx_word' id='word_1_30' title='bbox 1506 586 1605 656; x_wconf 86' lang='grc' dir='ltr'>οὐχ</span> <span class='ocrx_word' id='word_1_31' title='bbox 1653 584 1837 649; x_wconf 84' lang='grc' dir='ltr'>ἁπλῶς</span> <span class='ocrx_word' id='word_1_32' title='bbox 1882 602 2064 657; x_wconf 86' lang='grc' dir='ltr'>φησιν,</span> 
     </span>
    </p>
   </div>
   <div class='ocr_carea' id='block_1_6' title="bbox 515 675 2071 749">
    <p class='ocr_par' dir='ltr' id='par_1_6' title="bbox 515 675 2071 749">
     <span class='ocr_line' id='line_1_6' title="bbox 515 675 2071 749; baseline -0.001 -18"><span class='ocrx_word' id='word_1_33' title='bbox 515 678 783 746; x_wconf 74' lang='grc' dir='ltr'>’Δγάτι-ην,</span> <span class='ocrx_word' id='word_1_34' title='bbox 825 675 964 739; x_wconf 85' lang='grc' dir='ltr'>ἀλλ’,</span> <span class='ocrx_word' id='word_1_35' title='bbox 1019 678 1126 731; x_wconf 85' lang='grc' dir='ltr'>Ἢν</span> <span class='ocrx_word' id='word_1_36' title='bbox 1152 676 1271 746; x_wconf 79' lang='grc' dir='ltr'>έχω</span> <span class='ocrx_word' id='word_1_37' title='bbox 1305 675 1454 749; x_wconf 72' lang='grc'>[458]</span> <span class='ocrx_word' id='word_1_38' title='bbox 1504 676 1943 747; x_wconf 85' lang='grc' dir='ltr'>περισσοτέρως</span> <span class='ocrx_word' id='word_1_39' title='bbox 1983 679 2071 744; x_wconf 81' lang='grc' dir='ltr'>εις</span> 
     </span>
    </p>
   </div>
   <div class='ocr_carea' id='block_1_7' title="bbox 501 767 2067 841">
    <p class='ocr_par' dir='ltr' id='par_1_7' title="bbox 501 767 2067 841">
     <span class='ocr_line' id='line_1_7' title="bbox 501 767 2067 841; baseline -0.001 -19"><span class='ocrx_word' id='word_1_40' title='bbox 501 768 673 838; x_wconf 74' lang='grc' dir='ltr'>ὑμᾶς.</span> <span class='ocrx_word' id='word_1_41' title='bbox 700 767 951 822; x_wconf 85' lang='grc' dir='ltr'>Βούλεται</span> <span class='ocrx_word' id='word_1_42' title='bbox 977 769 1084 840; x_wconf 87' lang='grc' dir='ltr'>γὰρ</span> <span class='ocrx_word' id='word_1_43' title='bbox 1102 770 1301 834; x_wconf 80' lang='grc' dir='ltr'>αὐτοὺς</span> <span class='ocrx_word' id='word_1_44' title='bbox 1324 769 1421 822; x_wconf 74' lang='grc' dir='ltr'>καὶ</span> <span class='ocrx_word' id='word_1_45' title='bbox 1441 768 1609 841; x_wconf 84' lang='grc' dir='ltr'>ταύτῃ</span> <span class='ocrx_word' id='word_1_46' title='bbox 1635 767 2067 831; x_wconf 88' lang='grc' dir='ltr'>ἐπισπάσασθαι,</span> 
     </span>
    </p>
   </div>
   <div class='ocr_carea' id='block_1_8' title="bbox 500 859 2070 933">
    <p class='ocr_par' dir='ltr' id='par_1_8' title="bbox 500 859 2070 933">
     <span class='ocr_line' id='line_1_8' title="bbox 500 859 2070 933; baseline 0.001 -21"><span class='ocrx_word' id='word_1_47' title='bbox 500 859 577 931; x_wconf 80' lang='grc' dir='ltr'>τῷ</span> <span class='ocrx_word' id='word_1_48' title='bbox 600 859 770 924; x_wconf 79' lang='grc' dir='ltr'>δεῖξαι</span> <span class='ocrx_word' id='word_1_49' title='bbox 807 861 891 914; x_wconf 86' lang='grc' dir='ltr'>ὅτι</span> <span class='ocrx_word' id='word_1_50' title='bbox 933 862 1096 915; x_wconf 80' lang='grc' dir='ltr'>πλέον</span> <span class='ocrx_word' id='word_1_51' title='bbox 1140 862 1355 915; x_wconf 87' lang='grc' dir='ltr'>πάντων</span> <span class='ocrx_word' id='word_1_52' title='bbox 1389 863 1585 925; x_wconf 80' lang='grc' dir='ltr'>αὐτοὺς</span> <span class='ocrx_word' id='word_1_53' title='bbox 1634 862 1811 933; x_wconf 89' lang='grc' dir='ltr'>φιλεῖ,</span> <span class='ocrx_word' id='word_1_54' title='bbox 1852 861 1946 914; x_wconf 73' lang='grc' dir='ltr'>καὶ</span> <span class='ocrx_word' id='word_1_55' title='bbox 1993 860 2070 923; x_wconf 84' lang='grc' dir='ltr'>ὡς</span> 
     </span>
    </p>
   </div>
   <div class='ocr_carea' id='block_1_9' title="bbox 499 949 2071 1024">
    <p class='ocr_par' dir='ltr' id='par_1_9' title="bbox 499 949 2071 1024">
     <span class='ocr_line' id='line_1_9' title="bbox 499 949 2071 1024; baseline 0 -19"><span class='ocrx_word' id='word_1_56' title='bbox 499 952 628 1022; x_wconf 80' lang='grc' dir='ltr'>περὶ</span> <span class='ocrx_word' id='word_1_57' title='bbox 663 949 972 1023; x_wconf 74' lang='grc' dir='ltr'>ἐξαιρέτους</span> <span class='ocrx_word' id='word_1_58' title='bbox 1004 952 1251 1023; x_wconf 84' lang='grc' dir='ltr'>μαθητὰς</span> <span class='ocrx_word' id='word_1_59' title='bbox 1305 952 1594 1007; x_wconf 88' lang='grc' dir='ltr'>διάκειται.</span> <span class='ocrx_word' id='word_1_60' title='bbox 1645 954 1738 1007; x_wconf 91' lang='grc' dir='ltr'>Διό</span> <span class='ocrx_word' id='word_1_61' title='bbox 1768 967 1954 1024; x_wconf 87' lang='grc' dir='ltr'>φησιν·</span> <span class='ocrx_word' id='word_1_62' title='bbox 1997 952 2071 1006; x_wconf 77' lang='lat' dir='ltr'><strong><em>El</em></strong></span> 
     </span>
    </p>
   </div>
   <div class='ocr_carea' id='block_1_10' title="bbox 497 1041 2069 1113">
    <p class='ocr_par' dir='ltr' id='par_1_10' title="bbox 497 1041 2069 1113">
     <span class='ocr_line' id='line_1_10' title="bbox 497 1041 2069 1113; baseline -0.001 -17"><span class='ocrx_word' id='word_1_63' title='bbox 497 1042 596 1096; x_wconf 78' lang='grc' dir='ltr'>καί</span> <span class='ocrx_word' id='word_1_64' title='bbox 635 1042 846 1110; x_wconf 77' lang='grc' dir='ltr'>ἄλλοις</span> <span class='ocrx_word' id='word_1_65' title='bbox 886 1046 995 1098; x_wconf 81' lang='grc' dir='ltr'>οὐκ</span> <span class='ocrx_word' id='word_1_66' title='bbox 1037 1044 1154 1113; x_wconf 77' lang='grc' dir='ltr'>είμί</span> <span class='ocrx_word' id='word_1_67' title='bbox 1204 1045 1580 1111; x_wconf 79' lang='grc' dir='ltr'>ἀπόστολος,</span> <span class='ocrx_word' id='word_1_68' title='bbox 1624 1043 1787 1098; x_wconf 78' lang='grc' dir='ltr'>ἀλλά</span> <span class='ocrx_word' id='word_1_69' title='bbox 1828 1058 1897 1111; x_wconf 78' lang='grc' dir='ltr'>τε</span> <span class='ocrx_word' id='word_1_70' title='bbox 1925 1041 2069 1112; x_wconf 79' lang='grc' dir='ltr'>ὑμῖν</span> 
     </span>
    </p>
   </div>
   <div class='ocr_carea' id='block_1_11' title="bbox 496 1132 2066 1205">
    <p class='ocr_par' dir='ltr' id='par_1_11' title="bbox 496 1132 2066 1205">
     <span class='ocr_line' id='line_1_11' title="bbox 496 1132 2066 1205; baseline -0.001 -19"><span class='ocrx_word' id='word_1_71' title='bbox 496 1134 635 1201; x_wconf 83' lang='grc' dir='ltr'>ειμι·</span> <span class='ocrx_word' id='word_1_72' title='bbox 672 1132 784 1197; x_wconf 78' lang='grc' dir='ltr'>καὶ,</span> <span class='ocrx_word' id='word_1_73' title='bbox 820 1134 955 1187; x_wconf 74' lang='grc' dir='ltr'>Ἐὰν</span> <span class='ocrx_word' id='word_1_74' title='bbox 979 1133 1250 1200; x_wconf 86' lang='grc' dir='ltr'>πολλοὺς</span> <span class='ocrx_word' id='word_1_75' title='bbox 1276 1133 1685 1205; x_wconf 69' lang='grc' dir='ltr'>παιδαγωγοὺς</span> <span class='ocrx_word' id='word_1_76' title='bbox 1704 1133 1905 1203; x_wconf 76' lang='grc' dir='ltr'>ἔχητε,</span> <span class='ocrx_word' id='word_1_77' title='bbox 1927 1132 2066 1186; x_wconf 85' lang='grc' dir='ltr'>ἀλλ’</span> 
     </span>
    </p>
   </div>
   <div class='ocr_carea' id='block_1_12' title="bbox 494 1222 2065 1294">
    <p class='ocr_par' dir='ltr' id='par_1_12' title="bbox 494 1222 2065 1294">
     <span class='ocr_line' id='line_1_12' title="bbox 494 1222 2065 1294; baseline -0.002 -15"><span class='ocrx_word' id='word_1_78' title='bbox 494 1226 569 1280; x_wconf 84' lang='grc' dir='ltr'>οὐ</span> <span class='ocrx_word' id='word_1_79' title='bbox 603 1225 872 1291; x_wconf 86' lang='grc' dir='ltr'>πολλοὺς</span> <span class='ocrx_word' id='word_1_80' title='bbox 900 1225 1176 1294; x_wconf 79' lang='grc' dir='ltr'>πατέρας·</span> <span class='ocrx_word' id='word_1_81' title='bbox 1208 1227 1302 1281; x_wconf 72' lang='grc' dir='ltr'>καὶ</span> <span class='ocrx_word' id='word_1_82' title='bbox 1336 1226 1516 1289; x_wconf 84' lang='grc' dir='ltr'>πάλιν,</span> <span class='ocrx_word' id='word_1_83' title='bbox 1566 1227 1668 1280; x_wconf 80' lang='grc' dir='ltr'>Ἐν</span> <span class='ocrx_word' id='word_1_84' title='bbox 1696 1224 1887 1294; x_wconf 79' lang='grc' dir='ltr'>χάριτι</span> <span class='ocrx_word' id='word_1_85' title='bbox 1917 1222 2065 1277; x_wconf 87' lang='grc' dir='ltr'>Θεοῦ</span> 
     </span>
    </p>
   </div>
   <div class='ocr_carea' id='block_1_13' title="bbox 495 1313 2066 1388">
    <p class='ocr_par' dir='ltr' id='par_1_13' title="bbox 495 1313 2066 1388">
     <span class='ocr_line' id='line_1_13' title="bbox 495 1313 2066 1388; baseline -0.004 -15"><span class='ocrx_word' id='word_1_86' title='bbox 495 1316 959 1387; x_wconf 65' lang='grc' dir='ltr'>ἀνεστράφημεν</span> <span class='ocrx_word' id='word_1_87' title='bbox 1001 1319 1073 1371; x_wconf 80' lang='grc' dir='ltr'>ἐν</span> <span class='ocrx_word' id='word_1_88' title='bbox 1113 1315 1193 1384; x_wconf 83' lang='grc' dir='ltr'>τῷ</span> <span class='ocrx_word' id='word_1_89' title='bbox 1232 1320 1469 1388; x_wconf 79' lang='grc' dir='ltr'>κόσμῳ,</span> <span class='ocrx_word' id='word_1_90' title='bbox 1522 1315 1960 1385; x_wconf 82' lang='grc' dir='ltr'>περισσοτέρως</span> <span class='ocrx_word' id='word_1_91' title='bbox 1997 1313 2066 1368; x_wconf 83' lang='grc' dir='ltr'>δὲ</span> 
     </span>
    </p>
   </div>
   <div class='ocr_carea' id='block_1_14' title="bbox 494 1406 2066 1480">
    <p class='ocr_par' dir='ltr' id='par_1_14' title="bbox 494 1406 2066 1480">
     <span class='ocr_line' id='line_1_14' title="bbox 494 1406 2066 1480; baseline -0.003 -17"><span class='ocrx_word' id='word_1_92' title='bbox 494 1408 646 1479; x_wconf 79' lang='grc' dir='ltr'>πρὸς</span> <span class='ocrx_word' id='word_1_93' title='bbox 676 1408 849 1478; x_wconf 80' lang='grc' dir='ltr'>ὑμᾶς’</span> <span class='ocrx_word' id='word_1_94' title='bbox 893 1410 988 1464; x_wconf 70' lang='grc' dir='ltr'>καὶ</span> <span class='ocrx_word' id='word_1_95' title='bbox 1032 1407 1237 1480; x_wconf 76' lang='grc' dir='ltr'>προϊών</span> <span class='ocrx_word' id='word_1_96' title='bbox 1277 1426 1437 1479; x_wconf 87' lang='grc' dir='ltr'>φησι·</span> <span class='ocrx_word' id='word_1_97' title='bbox 1481 1408 1588 1464; x_wconf 79' lang='grc' dir='ltr'>Καὶ</span> <span class='ocrx_word' id='word_1_98' title='bbox 1628 1406 2066 1476; x_wconf 82' lang='grc' dir='ltr'>περισσοτέρως</span> 
     </span>
    </p>
   </div>
   <div class='ocr_carea' id='block_1_15' title="bbox 493 1495 2064 1570">
    <p class='ocr_par' dir='ltr' id='par_1_15' title="bbox 493 1495 2064 1570">
     <span class='ocr_line' id='line_1_15' title="bbox 493 1495 2064 1570; baseline -0.001 -18"><span class='ocrx_word' id='word_1_99' title='bbox 493 1498 648 1569; x_wconf 80' lang='grc' dir='ltr'>ὑμᾶς</span> <span class='ocrx_word' id='word_1_100' title='bbox 679 1498 944 1569; x_wconf 76' lang='grc' dir='ltr'>ἀγαπῶν,</span> <span class='ocrx_word' id='word_1_101' title='bbox 974 1495 1157 1570; x_wconf 80' lang='grc' dir='ltr'>ἧττον</span> <span class='ocrx_word' id='word_1_102' title='bbox 1175 1500 1510 1570; x_wconf 79' lang='grc' dir='ltr'>ἀγαπῶμαιο</span> <span class='ocrx_word' id='word_1_103' title='bbox 1542 1500 1637 1553; x_wconf 81' lang='grc' dir='ltr'>καὶ</span> <span class='ocrx_word' id='word_1_104' title='bbox 1663 1498 1921 1559; x_wconf 84' lang='grc' dir='ltr'>ἐνταῦθα,</span> <span class='ocrx_word' id='word_1_105' title='bbox 1958 1500 2064 1551; x_wconf 81' lang='grc' dir='ltr'>Ἦν</span> 
     </span>
    </p>
   </div>
   <div class='ocr_carea' id='block_1_16' title="bbox 488 1590 1412 1663">
    <p class='ocr_par' dir='ltr' id='par_1_16' title="bbox 488 1590 1412 1663">
     <span class='ocr_line' id='line_1_16' title="bbox 488 1590 1412 1663; baseline 0.001 -17"><span class='ocrx_word' id='word_1_106' title='bbox 488 1593 609 1663; x_wconf 67' lang='grc' dir='ltr'>ἔχω</span> <span class='ocrx_word' id='word_1_107' title='bbox 652 1593 1098 1661; x_wconf 85' lang='grc' dir='ltr'>περισσοτέρως</span> <span class='ocrx_word' id='word_1_108' title='bbox 1126 1595 1211 1659; x_wconf 81' lang='grc' dir='ltr'>εὶς</span> <span class='ocrx_word' id='word_1_109' title='bbox 1238 1590 1412 1661; x_wconf 83' lang='grc' dir='ltr'>ὑμᾶς.</span> 
     </span>
    </p>
   </div>
   <div class='ocr_carea' id='block_1_17' title="bbox 564 1738 2065 1814">
    <p class='ocr_par' dir='ltr' id='par_1_17' title="bbox 564 1738 2065 1814">
     <span class='ocr_line' id='line_1_17' title="bbox 564 1738 2065 1814; baseline -0.001 -19"><span class='ocrx_word' id='word_1_110' title='bbox 564 1748 626 1809; x_wconf 88' lang='grc' dir='ltr'>γ’.</span> <span class='ocrx_word' id='word_1_111' title='bbox 651 1741 812 1796; x_wconf 83' lang='grc' dir='ltr'>Ὥστε</span> <span class='ocrx_word' id='word_1_112' title='bbox 835 1741 882 1794; x_wconf 87' lang='grc' dir='ltr'>εἰ</span> <span class='ocrx_word' id='word_1_113' title='bbox 914 1741 1008 1795; x_wconf 85' lang='grc' dir='ltr'>καί</span> <span class='ocrx_word' id='word_1_114' title='bbox 1033 1740 1207 1811; x_wconf 86' lang='grc' dir='ltr'>θυμοῦ</span> <span class='ocrx_word' id='word_1_115' title='bbox 1228 1739 1295 1794; x_wconf 89' lang='grc' dir='ltr'>τά</span> <span class='ocrx_word' id='word_1_116' title='bbox 1320 1742 1540 1814; x_wconf 77' lang='grc' dir='ltr'>ῥήματα</span> <span class='ocrx_word' id='word_1_117' title='bbox 1574 1739 1769 1812; x_wconf 75' lang='grc' dir='ltr'>ἔγεμεν</span> <span class='ocrx_word' id='word_1_118' title='bbox 1786 1749 1827 1806; x_wconf 85' lang='grc'>⁸,</span> <span class='ocrx_word' id='word_1_119' title='bbox 1855 1739 1969 1795; x_wconf 81' lang='grc' dir='ltr'>ἀλλ’</span> <span class='ocrx_word' id='word_1_120' title='bbox 2004 1738 2065 1805; x_wconf 81' lang='grc' dir='ltr'>ἐξ</span> 
     </span>
    </p>
   </div>
   <div class='ocr_carea' id='block_1_18' title="bbox 491 1830 2063 1905">
    <p class='ocr_par' dir='ltr' id='par_1_18' title="bbox 491 1830 2063 1905">
     <span class='ocr_line' id='line_1_18' title="bbox 491 1830 2063 1905; baseline -0.001 -18"><span class='ocrx_word' id='word_1_121' title='bbox 491 1830 807 1905; x_wconf 60' lang='grc' dir='ltr'>ἀγάπηςοῆν</span> <span class='ocrx_word' id='word_1_122' title='bbox 838 1833 1044 1903; x_wconf 78' lang='grc' dir='ltr'>πολλῆς</span> <span class='ocrx_word' id='word_1_123' title='bbox 1075 1835 1171 1887; x_wconf 79' lang='grc' dir='ltr'>καὶ</span> <span class='ocrx_word' id='word_1_124' title='bbox 1199 1834 1391 1904; x_wconf 81' lang='grc' dir='ltr'>ὀδύνης</span> <span class='ocrx_word' id='word_1_125' title='bbox 1417 1835 1446 1888; x_wconf 90' lang='grc' dir='ltr'>ό</span> <span class='ocrx_word' id='word_1_126' title='bbox 1472 1833 1663 1904; x_wconf 87' lang='grc' dir='ltr'>θυμός.</span> <span class='ocrx_word' id='word_1_127' title='bbox 1694 1835 1804 1887; x_wconf 88' lang='lat' dir='ltr'>Kal</span> <span class='ocrx_word' id='word_1_128' title='bbox 1837 1833 2063 1904; x_wconf 81' lang='grc' dir='ltr'>γράφων</span> 
     </span>
    </p>
   </div>
   <div class='ocr_carea' id='block_1_19' title="bbox 490 1925 2062 1998">
    <p class='ocr_par' dir='ltr' id='par_1_19' title="bbox 490 1925 2062 1998">
     <span class='ocr_line' id='line_1_19' title="bbox 490 1925 2062 1998; baseline -0.003 -17"><span class='ocrx_word' id='word_1_129' title='bbox 490 1926 587 1998; x_wconf 80' lang='grc' dir='ltr'>τὴν</span> <span class='ocrx_word' id='word_1_130' title='bbox 631 1925 982 1997; x_wconf 75' lang='grc' dir='ltr'>Ἐπιστολὴν,</span> <span class='ocrx_word' id='word_1_131' title='bbox 1017 1926 1252 1997; x_wconf 77' lang='grc' dir='ltr'>ἔπασχον</span> <span class='ocrx_word' id='word_1_132' title='bbox 1272 1966 1287 1991; x_wconf 92' lang='grc'>,</span> <span class='ocrx_word' id='word_1_133' title='bbox 1320 1926 1537 1998; x_wconf 71' lang='grc' dir='ltr'>ἤλγουν,</span> <span class='ocrx_word' id='word_1_134' title='bbox 1562 1927 1659 1996; x_wconf 85' lang='grc' dir='ltr'>οὐχ</span> <span class='ocrx_word' id='word_1_135' title='bbox 1690 1926 1772 1979; x_wconf 85' lang='grc' dir='ltr'>ὅτι</span> <span class='ocrx_word' id='word_1_136' title='bbox 1812 1926 2062 1996; x_wconf 79' lang='grc' dir='ltr'>ἡμαρτή-</span> 
     </span>
    </p>
   </div>
   <div class='ocr_carea' id='block_1_20' title="bbox 490 2014 2062 2090">
    <p class='ocr_par' dir='ltr' id='par_1_20' title="bbox 490 2014 2062 2090">
     <span class='ocr_line' id='line_1_20' title="bbox 490 2014 2062 2090; baseline -0.004 -17"><span class='ocrx_word' id='word_1_137' title='bbox 490 2036 623 2073; x_wconf 82' lang='grc' dir='ltr'><strong>κατε</strong></span> <span class='ocrx_word' id='word_1_138' title='bbox 661 2018 843 2090; x_wconf 88' lang='grc' dir='ltr'>μόνον,</span> <span class='ocrx_word' id='word_1_139' title='bbox 881 2017 997 2072; x_wconf 85' lang='grc' dir='ltr'>ἀλλ’</span> <span class='ocrx_word' id='word_1_140' title='bbox 1026 2018 1109 2071; x_wconf 84' lang='grc' dir='ltr'>ὅτι</span> <span class='ocrx_word' id='word_1_141' title='bbox 1152 2020 1246 2071; x_wconf 75' lang='grc' dir='ltr'>καὶ</span> <span class='ocrx_word' id='word_1_142' title='bbox 1273 2017 1663 2086; x_wconf 75' lang='grc' dir='ltr'>ἠναγκαζόμην</span> <span class='ocrx_word' id='word_1_143' title='bbox 1695 2016 1905 2069; x_wconf 83' lang='grc' dir='ltr'>λυπεῖν.</span> <span class='ocrx_word' id='word_1_144' title='bbox 1952 2014 2062 2068; x_wconf 89' lang='lat' dir='ltr'>Kal</span> 
     </span>
    </p>
   </div>
   <div class='ocr_carea' id='block_1_21' title="bbox 489 2106 2062 2180">
    <p class='ocr_par' dir='ltr' id='par_1_21' title="bbox 489 2106 2062 2180">
     <span class='ocr_line' id='line_1_21' title="bbox 489 2106 2062 2180; baseline -0.002 -18"><span class='ocrx_word' id='word_1_145' title='bbox 489 2109 647 2164; x_wconf 87' lang='grc' dir='ltr'>τοῦτο</span> <span class='ocrx_word' id='word_1_146' title='bbox 670 2110 727 2163; x_wconf 82' lang='grc' dir='ltr'>δέ</span> <span class='ocrx_word' id='word_1_147' title='bbox 752 2109 885 2163; x_wconf 80' lang='grc' dir='ltr'>αὐτὸ</span> <span class='ocrx_word' id='word_1_148' title='bbox 913 2109 973 2175; x_wconf 84' lang='grc' dir='ltr'>ἐξ</span> <span class='ocrx_word' id='word_1_149' title='bbox 1011 2109 1231 2180; x_wconf 83' lang='grc' dir='ltr'>ἀγάπης</span> <span class='ocrx_word' id='word_1_150' title='bbox 1249 2124 1262 2137; x_wconf 91' lang='grc'><strong>·</strong></span> <span class='ocrx_word' id='word_1_151' title='bbox 1291 2106 1482 2177; x_wconf 76' lang='grc' dir='ltr'>ὥσπερ</span> <span class='ocrx_word' id='word_1_152' title='bbox 1515 2107 1580 2161; x_wconf 82' lang='grc' dir='ltr'>ἂν</span> <span class='ocrx_word' id='word_1_153' title='bbox 1608 2106 1747 2177; x_wconf 76' lang='grc' dir='ltr'>ἔχων</span> <span class='ocrx_word' id='word_1_154' title='bbox 1782 2124 1866 2170; x_wconf 90' lang='grc' dir='ltr'>τις</span> <span class='ocrx_word' id='word_1_155' title='bbox 1893 2106 2062 2160; x_wconf 85' lang='grc' dir='ltr'>παῖδα</span> 
     </span>
    </p>
   </div>
   <div class='ocr_carea' id='block_1_22' title="bbox 488 2188 2061 2272">
    <p class='ocr_par' dir='ltr' id='par_1_22' title="bbox 488 2188 2061 2272">
     <span class='ocr_line' id='line_1_22' title="bbox 488 2188 2061 2272; baseline -0.002 -18"><span class='ocrx_word' id='word_1_156' title='bbox 488 2202 711 2272; x_wconf 83' lang='grc' dir='ltr'>γνήσιον</span> <span class='ocrx_word' id='word_1_157' title='bbox 761 2200 1031 2271; x_wconf 86' lang='grc' dir='ltr'>σηπεδόνα</span> <span class='ocrx_word' id='word_1_158' title='bbox 1080 2199 1271 2270; x_wconf 75' lang='grc' dir='ltr'>ἔχοντα</span> <span class='ocrx_word' id='word_1_159' title='bbox 1293 2238 1306 2263; x_wconf 91' lang='grc'>,</span> <span class='ocrx_word' id='word_1_160' title='bbox 1360 2196 1800 2269; x_wconf 77' lang='grc' dir='ltr'>ἀναγκαζόμενος</span> <span class='ocrx_word' id='word_1_161' title='bbox 1844 2188 2061 2268; x_wconf 82' lang='grc' dir='ltr'>τέμνειν</span> 
     </span>
    </p>
   </div>
   <div class='ocr_carea' id='block_1_23' title="bbox 489 2290 2060 2363">
    <p class='ocr_par' dir='ltr' id='par_1_23' title="bbox 489 2290 2060 2363">
     <span class='ocr_line' id='line_1_23' title="bbox 489 2290 2060 2363; baseline -0.003 -16"><span class='ocrx_word' id='word_1_162' title='bbox 489 2295 584 2347; x_wconf 75' lang='grc' dir='ltr'>καὶ</span> <span class='ocrx_word' id='word_1_163' title='bbox 616 2293 813 2358; x_wconf 81' lang='grc' dir='ltr'>καίειν,</span> <span class='ocrx_word' id='word_1_164' title='bbox 848 2292 913 2346; x_wconf 84' lang='grc' dir='ltr'>δι’</span> <span class='ocrx_word' id='word_1_165' title='bbox 959 2294 1248 2363; x_wconf 84' lang='grc' dir='ltr'>ἀμφότερα</span> <span class='ocrx_word' id='word_1_166' title='bbox 1288 2292 1507 2363; x_wconf 80' lang='grc' dir='ltr'>πάσχοι,</span> <span class='ocrx_word' id='word_1_167' title='bbox 1545 2291 1638 2345; x_wconf 72' lang='grc' dir='ltr'>καὶ</span> <span class='ocrx_word' id='word_1_168' title='bbox 1660 2290 1743 2344; x_wconf 81' lang='grc' dir='ltr'>ὅτι</span> <span class='ocrx_word' id='word_1_169' title='bbox 1766 2291 1931 2354; x_wconf 88' lang='grc' dir='ltr'>νοσεῖ,</span> <span class='ocrx_word' id='word_1_170' title='bbox 1965 2290 2060 2343; x_wconf 83' lang='grc' dir='ltr'>καὶ</span> 
     </span>
    </p>
   </div>
   <div class='ocr_carea' id='block_1_24' title="bbox 488 2380 2058 2453">
    <p class='ocr_par' dir='ltr' id='par_1_24' title="bbox 488 2380 2058 2453">
     <span class='ocr_line' id='line_1_24' title="bbox 488 2380 2058 2453; baseline -0.002 -17"><span class='ocrx_word' id='word_1_171' title='bbox 488 2384 570 2436; x_wconf 84' lang='grc' dir='ltr'>ὄτι</span> <span class='ocrx_word' id='word_1_172' title='bbox 614 2381 984 2451; x_wconf 76' lang='grc' dir='ltr'>ἀναγκάζεται</span> <span class='ocrx_word' id='word_1_173' title='bbox 1028 2381 1191 2436; x_wconf 71' lang='grc' dir='ltr'>αὐτὸν</span> <span class='ocrx_word' id='word_1_174' title='bbox 1242 2382 1485 2453; x_wconf 85' lang='grc' dir='ltr'>τέμνειν.</span> <span class='ocrx_word' id='word_1_175' title='bbox 1534 2381 1697 2434; x_wconf 81' lang='grc' dir='ltr'>⁶Ὥστε</span> <span class='ocrx_word' id='word_1_176' title='bbox 1734 2380 1763 2434; x_wconf 86' lang='grc' dir='ltr'>δ</span> <span class='ocrx_word' id='word_1_177' title='bbox 1809 2380 2058 2452; x_wconf 81' lang='grc' dir='ltr'>νομίζετε</span> 
     </span>
    </p>
   </div>
   <div class='ocr_carea' id='block_1_25' title="bbox 487 2468 2059 2546">
    <p class='ocr_par' dir='ltr' id='par_1_25' title="bbox 487 2468 2059 2546">
     <span class='ocr_line' id='line_1_25' title="bbox 487 2468 2059 2546; baseline -0.001 -20"><span class='ocrx_word' id='word_1_178' title='bbox 487 2468 626 2528; x_wconf 80' lang='grc' dir='ltr'>εἶναι</span> <span class='ocrx_word' id='word_1_179' title='bbox 666 2473 761 2527; x_wconf 91' lang='grc' dir='ltr'>τοῦ</span> <span class='ocrx_word' id='word_1_180' title='bbox 808 2478 986 2546; x_wconf 83' lang='grc' dir='ltr'>μισεῖν</span> <span class='ocrx_word' id='word_1_181' title='bbox 1030 2474 1174 2543; x_wconf 80' lang='grc' dir='ltr'>ὑμᾶς</span> <span class='ocrx_word' id='word_1_182' title='bbox 1217 2477 1441 2544; x_wconf 85' lang='grc' dir='ltr'>σημεῖον</span> <span class='ocrx_word' id='word_1_183' title='bbox 1464 2515 1477 2534; x_wconf 86' lang='grc'>,</span> <span class='ocrx_word' id='word_1_184' title='bbox 1529 2470 1687 2526; x_wconf 87' lang='grc' dir='ltr'>τοῦτο</span> <span class='ocrx_word' id='word_1_185' title='bbox 1729 2471 1820 2526; x_wconf 89' lang='grc' dir='ltr'>τοῦ</span> <span class='ocrx_word' id='word_1_186' title='bbox 1856 2473 2059 2543; x_wconf 82' lang='grc' dir='ltr'>σφόδρα</span> 
     </span>
    </p>
   </div>
   <div class='ocr_carea' id='block_1_26' title="bbox 488 2561 2056 2638">
    <p class='ocr_par' dir='ltr' id='par_1_26' title="bbox 488 2561 2056 2638">
     <span class='ocr_line' id='line_1_26' title="bbox 488 2561 2056 2638; baseline -0.001 -19"><span class='ocrx_word' id='word_1_187' title='bbox 488 2567 661 2636; x_wconf 78' lang='grc' dir='ltr'>φιλεῖν</span> <span class='ocrx_word' id='word_1_188' title='bbox 692 2561 780 2638; x_wconf 75' lang='grc' dir='ltr'>ἦν.</span> <span class='ocrx_word' id='word_1_189' title='bbox 818 2566 881 2618; x_wconf 87' lang='grc' dir='ltr'><strong>Εἰ</strong></span> <span class='ocrx_word' id='word_1_190' title='bbox 916 2564 1058 2618; x_wconf 81' lang='grc' dir='ltr'>δὲτὸ</span> <span class='ocrx_word' id='word_1_191' title='bbox 1085 2564 1320 2634; x_wconf 82' lang='grc' dir='ltr'>λυπῆσαι</span> <span class='ocrx_word' id='word_1_192' title='bbox 1350 2564 1409 2630; x_wconf 78' lang='grc' dir='ltr'>ἐξ</span> <span class='ocrx_word' id='word_1_193' title='bbox 1435 2563 1677 2635; x_wconf 82' lang='grc' dir='ltr'>ἀγάπης,</span> <span class='ocrx_word' id='word_1_194' title='bbox 1711 2562 1889 2635; x_wconf 83' lang='grc' dir='ltr'>πολλῷ</span> <span class='ocrx_word' id='word_1_195' title='bbox 1919 2563 2056 2635; x_wconf 81' lang='grc' dir='ltr'>μᾶλ-</span> 
     </span>
    </p>
   </div>
   <div class='ocr_carea' id='block_1_27' title="bbox 486 2655 2057 2728">
    <p class='ocr_par' dir='ltr' id='par_1_27' title="bbox 486 2655 2057 2728">
     <span class='ocr_line' id='line_1_27' title="bbox 486 2655 2057 2728; baseline -0.003 -16"><span class='ocrx_word' id='word_1_196' title='bbox 486 2658 577 2712; x_wconf 85' lang='grc' dir='ltr'>λον</span> <span class='ocrx_word' id='word_1_197' title='bbox 612 2658 674 2711; x_wconf 81' lang='grc' dir='ltr'>τὸ</span> <span class='ocrx_word' id='word_1_198' title='bbox 702 2655 1089 2728; x_wconf 80' lang='grc' dir='ltr'>εὐφραίνεσθαι</span> <span class='ocrx_word' id='word_1_199' title='bbox 1128 2656 1502 2726; x_wconf 86' lang='grc' dir='ltr'>λυπουμένων.</span> <span class='ocrx_word' id='word_1_200' title='bbox 1545 2656 2057 2727; x_wconf 74' lang='grc' dir='ltr'>’Δπολογησάμενος</span> 
     </span>
    </p>
   </div>
   <div class='ocr_carea' id='block_1_28' title="bbox 485 2747 2052 2820">
    <p class='ocr_par' dir='ltr' id='par_1_28' title="bbox 485 2747 2052 2820">
     <span class='ocr_line' id='line_1_28' title="bbox 485 2747 2052 2820; baseline -0.002 -16"><span class='ocrx_word' id='word_1_201' title='bbox 485 2749 666 2804; x_wconf 88' lang='grc' dir='ltr'>τοίνυν</span> <span class='ocrx_word' id='word_1_202' title='bbox 694 2749 835 2820; x_wconf 83' lang='grc' dir='ltr'>ὑπὲρ</span> <span class='ocrx_word' id='word_1_203' title='bbox 860 2748 1052 2802; x_wconf 85' lang='grc' dir='ltr'>ἐαυτοῦ</span> <span class='ocrx_word' id='word_1_204' title='bbox 1081 2748 1211 2820; x_wconf 71' lang='grc' dir='ltr'>(καὶ</span> <span class='ocrx_word' id='word_1_205' title='bbox 1246 2747 1354 2820; x_wconf 82' lang='grc' dir='ltr'>γὰρ</span> <span class='ocrx_word' id='word_1_206' title='bbox 1383 2748 1731 2816; x_wconf 85' lang='grc' dir='ltr'>ἀπολογεῖται</span> <span class='ocrx_word' id='word_1_207' title='bbox 1756 2748 2052 2819; x_wconf 87' lang='grc' dir='ltr'>πολλαχοῦ·</span> 
     </span>
    </p>
   </div>
   <div class='ocr_carea' id='block_1_29' title="bbox 486 2832 2053 2912">
    <p class='ocr_par' dir='ltr' id='par_1_29' title="bbox 486 2832 2053 2912">
     <span class='ocr_line' id='line_1_29' title="bbox 486 2832 2053 2912; baseline -0.002 -16"><span class='ocrx_word' id='word_1_208' title='bbox 486 2844 583 2896; x_wconf 74' lang='grc' dir='ltr'>καὶ</span> <span class='ocrx_word' id='word_1_209' title='bbox 613 2841 715 2895; x_wconf 91' lang='grc' dir='ltr'>οὐκ</span> <span class='ocrx_word' id='word_1_210' title='bbox 743 2838 1079 2912; x_wconf 67' lang='grc' dir='ltr'>αἰσχύνεταιο</span> <span class='ocrx_word' id='word_1_211' title='bbox 1114 2840 1163 2893; x_wconf 88' lang='grc' dir='ltr'>εί</span> <span class='ocrx_word' id='word_1_212' title='bbox 1193 2840 1302 2911; x_wconf 84' lang='grc' dir='ltr'>γὰρ</span> <span class='ocrx_word' id='word_1_213' title='bbox 1327 2832 1506 2904; x_wconf 84' lang='grc' dir='ltr'>όΘεὸς</span> <span class='ocrx_word' id='word_1_214' title='bbox 1532 2840 1662 2894; x_wconf 85' lang='grc' dir='ltr'>αὐτὸ</span> <span class='ocrx_word' id='word_1_215' title='bbox 1696 2842 1839 2893; x_wconf 87' lang='grc' dir='ltr'>ποιεῖ</span> <span class='ocrx_word' id='word_1_216' title='bbox 1859 2839 2053 2909; x_wconf 85' lang='grc' dir='ltr'>λέγων,</span> 
     </span>
    </p>
   </div>
   <div class='ocr_carea' id='block_1_30' title="bbox 485 2929 2051 3001">
    <p class='ocr_par' dir='ltr' id='par_1_30' title="bbox 485 2929 2051 3001">
     <span class='ocr_line' id='line_1_30' title="bbox 485 2929 2051 3001; baseline -0.003 -14"><span class='ocrx_word' id='word_1_217' title='bbox 485 2934 643 2998; x_wconf 86' lang='grc' dir='ltr'>Δαός</span> <span class='ocrx_word' id='word_1_218' title='bbox 666 2948 805 3001; x_wconf 87' lang='grc' dir='ltr'>μου,</span> <span class='ocrx_word' id='word_1_219' title='bbox 839 2932 895 2984; x_wconf 84' lang='grc' dir='ltr'>τί</span> <span class='ocrx_word' id='word_1_220' title='bbox 913 2930 1176 2999; x_wconf 79' lang='grc' dir='ltr'>ἐποίησά</span> <span class='ocrx_word' id='word_1_221' title='bbox 1206 2945 1338 2995; x_wconf 87' lang='grc' dir='ltr'>σοι;</span> <span class='ocrx_word' id='word_1_222' title='bbox 1362 2929 1542 3001; x_wconf 87' lang='grc' dir='ltr'>πολλῷ</span> <span class='ocrx_word' id='word_1_223' title='bbox 1577 2930 1776 3001; x_wconf 81' lang='grc' dir='ltr'>μᾶλλον</span> <span class='ocrx_word' id='word_1_224' title='bbox 1799 2930 2051 3001; x_wconf 87' lang='grc' dir='ltr'>Παῦλος)·</span> 
     </span>
    </p>
   </div>
   <div class='ocr_carea' id='block_1_31' title="bbox 484 3017 2054 3094">
    <p class='ocr_par' dir='ltr' id='par_1_31' title="bbox 484 3017 2054 3094">
     <span class='ocr_line' id='line_1_31' title="bbox 484 3017 2054 3094; baseline -0.003 -15"><span class='ocrx_word' id='word_1_225' title='bbox 484 3022 966 3094; x_wconf 75' lang='grc' dir='ltr'>ἀπολογησάμενος</span> <span class='ocrx_word' id='word_1_226' title='bbox 1023 3017 1116 3076; x_wconf 80' lang='grc' dir='ltr'>οὖν</span> <span class='ocrx_word' id='word_1_227' title='bbox 1181 3021 1324 3094; x_wconf 80' lang='grc' dir='ltr'>ὑπὲρ</span> <span class='ocrx_word' id='word_1_228' title='bbox 1388 3019 1585 3075; x_wconf 86' lang='grc' dir='ltr'>ἐαυτοῦ</span> <span class='ocrx_word' id='word_1_229' title='bbox 1607 3064 1622 3087; x_wconf 93' lang='grc'>,</span> <span class='ocrx_word' id='word_1_230' title='bbox 1687 3022 1782 3074; x_wconf 78' lang='grc' dir='ltr'>καὶ</span> <span class='ocrx_word' id='word_1_231' title='bbox 1846 3020 2054 3092; x_wconf 81' lang='grc' dir='ltr'>μέλλων</span> 
     </span>
    </p>
   </div>
   <div class='ocr_carea' id='block_1_32' title="bbox 486 3110 2051 3185">
    <p class='ocr_par' dir='ltr' id='par_1_32' title="bbox 486 3110 2051 3185">
     <span class='ocr_line' id='line_1_32' title="bbox 486 3110 2051 3185; baseline -0.004 -15"><span class='ocrx_word' id='word_1_232' title='bbox 486 3115 729 3185; x_wconf 79' lang='grc' dir='ltr'>μετιέναι</span> <span class='ocrx_word' id='word_1_233' title='bbox 777 3112 967 3167; x_wconf 80' lang='grc' dir='ltr'>λοιπὸν</span> <span class='ocrx_word' id='word_1_234' title='bbox 1009 3112 1101 3166; x_wconf 77' lang='grc' dir='ltr'>ἐπὶ</span> <span class='ocrx_word' id='word_1_235' title='bbox 1138 3112 1238 3184; x_wconf 83' lang='grc' dir='ltr'>τὴν</span> <span class='ocrx_word' id='word_1_236' title='bbox 1283 3112 1578 3181; x_wconf 89' lang='grc' dir='ltr'>ἀπολογίαν</span> <span class='ocrx_word' id='word_1_237' title='bbox 1621 3110 1721 3182; x_wconf 79' lang='grc' dir='ltr'>τὴν</span> <span class='ocrx_word' id='word_1_238' title='bbox 1766 3111 1908 3183; x_wconf 83' lang='grc' dir='ltr'>ὐπέρ</span> <span class='ocrx_word' id='word_1_239' title='bbox 1956 3110 2051 3164; x_wconf 90' lang='grc' dir='ltr'>τοῦ</span> 
     </span>
    </p>
   </div>
   <div class='ocr_carea' id='block_1_33' title="bbox 485 3202 2052 3276">
    <p class='ocr_par' dir='ltr' id='par_1_33' title="bbox 485 3202 2052 3276">
     <span class='ocr_line' id='line_1_33' title="bbox 485 3202 2052 3276; baseline 0 -19"><span class='ocrx_word' id='word_1_240' title='bbox 485 3205 932 3275; x_wconf 75' lang='grc' dir='ltr'>πεπορνευκότοςο</span> <span class='ocrx_word' id='word_1_241' title='bbox 970 3204 1057 3275; x_wconf 82' lang='grc' dir='ltr'>ῖνᾳ</span> <span class='ocrx_word' id='word_1_242' title='bbox 1092 3204 1166 3275; x_wconf 82' lang='grc' dir='ltr'>μὴ</span> <span class='ocrx_word' id='word_1_243' title='bbox 1200 3203 1606 3276; x_wconf 84' lang='grc' dir='ltr'>διαστραφῶσιν</span> <span class='ocrx_word' id='word_1_244' title='bbox 1630 3203 1660 3244; x_wconf 71' lang='grc' dir='ltr'>ι»</span> <span class='ocrx_word' id='word_1_245' title='bbox 1693 3203 1770 3268; x_wconf 83' lang='grc' dir='ltr'>ὡς</span> <span class='ocrx_word' id='word_1_246' title='bbox 1793 3202 2052 3257; x_wconf 87' lang='grc' dir='ltr'>τάναντία</span> 
     </span>
    </p>
   </div>
   <div class='ocr_carea' id='block_1_34' title="bbox 484 3294 2050 3368">
    <p class='ocr_par' dir='ltr' id='par_1_34' title="bbox 484 3294 2050 3368">
     <span class='ocr_line' id='line_1_34' title="bbox 484 3294 2050 3368; baseline -0.002 -18"><span class='ocrx_word' id='word_1_247' title='bbox 484 3297 850 3368; x_wconf 81' lang='grc' dir='ltr'>κελευόμενοι,</span> <span class='ocrx_word' id='word_1_248' title='bbox 885 3296 983 3353; x_wconf 75' lang='grc' dir='ltr'>καὶ</span> <span class='ocrx_word' id='word_1_249' title='bbox 1020 3296 1639 3368; x_wconf 83' lang='grc' dir='ltr'>προσφιλονεικήσωσιν,</span> <span class='ocrx_word' id='word_1_250' title='bbox 1678 3294 1863 3366; x_wconf 83' lang='grc' dir='ltr'>ἐπειδὴ</span> <span class='ocrx_word' id='word_1_251' title='bbox 1892 3295 2050 3359; x_wconf 80' lang='grc' dir='ltr'>αὐτὸς</span> 
     </span>
    </p>
   </div>
   <div class='ocr_carea' id='block_1_35' title="bbox 484 3384 2052 3461">
    <p class='ocr_par' dir='ltr' id='par_1_35' title="bbox 484 3384 2052 3461">
     <span class='ocr_line' id='line_1_35' title="bbox 484 3384 2052 3461; baseline -0.003 -19"><span class='ocrx_word' id='word_1_252' title='bbox 484 3385 552 3461; x_wconf 75' lang='grc' dir='ltr'>ἦν</span> <span class='ocrx_word' id='word_1_253' title='bbox 606 3391 636 3443; x_wconf 84' lang='grc' dir='ltr'><strong>ὁ</strong></span> <span class='ocrx_word' id='word_1_254' title='bbox 688 3391 779 3444; x_wconf 75' lang='grc' dir='ltr'>καὶ</span> <span class='ocrx_word' id='word_1_255' title='bbox 826 3390 947 3443; x_wconf 83' lang='grc' dir='ltr'>τότε</span> <span class='ocrx_word' id='word_1_256' title='bbox 994 3387 1290 3460; x_wconf 76' lang='grc' dir='ltr'>ὀργισθεὶς,</span> <span class='ocrx_word' id='word_1_257' title='bbox 1342 3388 1437 3442; x_wconf 73' lang='grc' dir='ltr'>καὶ</span> <span class='ocrx_word' id='word_1_258' title='bbox 1487 3385 1584 3440; x_wconf 87' lang='grc' dir='ltr'>νῦν</span> <span class='ocrx_word' id='word_1_259' title='bbox 1617 3384 1857 3440; x_wconf 82' lang='grc' dir='ltr'>κελεύων</span> <span class='ocrx_word' id='word_1_260' title='bbox 1888 3385 2052 3439; x_wconf 82' lang='grc' dir='ltr'>αὐτὸν</span> 
     </span>
    </p>
   </div>
   <div class='ocr_carea' id='block_1_36' title="bbox 483 3476 2051 3551">
    <p class='ocr_par' dir='ltr' id='par_1_36' title="bbox 483 3476 2051 3551">
     <span class='ocr_line' id='line_1_36' title="bbox 483 3476 2051 3551; baseline -0.003 -17"><span class='ocrx_word' id='word_1_261' title='bbox 483 3480 733 3551; x_wconf 88' lang='grc' dir='ltr'>ἀφιέναι·</span> <span class='ocrx_word' id='word_1_262' title='bbox 770 3481 870 3551; x_wconf 87' lang='grc' dir='ltr'>ὅρα</span> <span class='ocrx_word' id='word_1_263' title='bbox 892 3479 1008 3543; x_wconf 85' lang='grc' dir='ltr'>πῶς</span> <span class='ocrx_word' id='word_1_264' title='bbox 1036 3479 1170 3534; x_wconf 80' lang='grc' dir='ltr'>αὐτὸ</span> <span class='ocrx_word' id='word_1_265' title='bbox 1200 3478 1658 3550; x_wconf 85' lang='grc' dir='ltr'>προῳκονόμησεν</span> <span class='ocrx_word' id='word_1_266' title='bbox 1676 3516 1690 3540; x_wconf 93' lang='grc'>,</span> <span class='ocrx_word' id='word_1_267' title='bbox 1720 3476 1827 3529; x_wconf 91' lang='grc' dir='ltr'>ἀπό</span> <span class='ocrx_word' id='word_1_268' title='bbox 1854 3492 1911 3528; x_wconf 91' lang='grc' dir='ltr'>τε</span> <span class='ocrx_word' id='word_1_269' title='bbox 1943 3477 2051 3529; x_wconf 85' lang='grc' dir='ltr'>τῶν</span> 
     </span>
    </p>
   </div>
   <div class='ocr_carea' id='block_1_37' title="bbox 484 3566 2048 3642">
    <p class='ocr_par' dir='ltr' id='par_1_37' title="bbox 484 3566 2048 3642">
     <span class='ocr_line' id='line_1_37' title="bbox 484 3566 2048 3642; baseline -0.004 -18"><span class='ocrx_word' id='word_1_270' title='bbox 484 3570 808 3642; x_wconf 81' lang='grc' dir='ltr'>εἰρημένων,</span> <span class='ocrx_word' id='word_1_271' title='bbox 837 3569 945 3623; x_wconf 82' lang='grc' dir='ltr'>ἀπό</span> <span class='ocrx_word' id='word_1_272' title='bbox 971 3586 1031 3622; x_wconf 88' lang='grc' dir='ltr'>τε</span> <span class='ocrx_word' id='word_1_273' title='bbox 1057 3569 1165 3623; x_wconf 84' lang='grc' dir='ltr'>τῶν</span> <span class='ocrx_word' id='word_1_274' title='bbox 1192 3568 1603 3640; x_wconf 78' lang='grc' dir='ltr'>ῥηθησομένων.</span> <span class='ocrx_word' id='word_1_275' title='bbox 1629 3566 1694 3619; x_wconf 90' lang='grc' dir='ltr'>Τί</span> <span class='ocrx_word' id='word_1_276' title='bbox 1719 3566 1827 3638; x_wconf 90' lang='grc' dir='ltr'>γάρ</span> <span class='ocrx_word' id='word_1_277' title='bbox 1850 3582 2048 3636; x_wconf 82' lang='grc' dir='ltr'>φησιν;</span> 
     </span>
    </p>
   </div>
   <div class='ocr_carea' id='block_1_38' title="bbox 483 3658 2049 3733">
    <p class='ocr_par' dir='ltr' id='par_1_38' title="bbox 483 3658 2049 3733">
     <span class='ocr_line' id='line_1_38' title="bbox 483 3658 2049 3733; baseline -0.002 -19"><span class='ocrx_word' id='word_1_278' title='bbox 483 3662 551 3714; x_wconf 78' lang='lat' dir='ltr'><strong><em>El</em></strong></span> <span class='ocrx_word' id='word_1_279' title='bbox 577 3659 644 3715; x_wconf 85' lang='grc' dir='ltr'>δέ</span> <span class='ocrx_word' id='word_1_280' title='bbox 666 3677 757 3726; x_wconf 86' lang='grc' dir='ltr'>τις</span> <span class='ocrx_word' id='word_1_281' title='bbox 789 3661 1159 3728; x_wconf 73' lang='grc' dir='ltr'>λελύπηκεν,</span> <span class='ocrx_word' id='word_1_282' title='bbox 1182 3663 1293 3715; x_wconf 84' lang='grc' dir='ltr'>οὐκ</span> <span class='ocrx_word' id='word_1_283' title='bbox 1331 3660 1437 3730; x_wconf 76' lang='grc' dir='ltr'>ἐμὲ</span> <span class='ocrx_word' id='word_1_284' title='bbox 1470 3661 1798 3729; x_wconf 86' lang='grc' dir='ltr'>λελύπηκε.</span> <span class='ocrx_word' id='word_1_285' title='bbox 1830 3658 2049 3733; x_wconf 86' lang='grc' dir='ltr'>Πρῶτον</span> 
     </span>
    </p>
   </div>
   <div class='ocr_carea' id='block_1_39' title="bbox 480 3747 2048 3822">
    <p class='ocr_par' dir='ltr' id='par_1_39' title="bbox 480 3747 2048 3822">
     <span class='ocr_line' id='line_1_39' title="bbox 480 3747 2048 3822; baseline -0.001 -18"><span class='ocrx_word' id='word_1_286' title='bbox 480 3751 675 3815; x_wconf 83' lang='grc' dir='ltr'>αὐτοὺς</span> <span class='ocrx_word' id='word_1_287' title='bbox 690 3751 1005 3816; x_wconf 79' lang='grc' dir='ltr'>ἐπαινέσας,</span> <span class='ocrx_word' id='word_1_288' title='bbox 1023 3751 1098 3817; x_wconf 85' lang='grc' dir='ltr'>ὡς</span> <span class='ocrx_word' id='word_1_289' title='bbox 1119 3751 1189 3805; x_wconf 81' lang='grc' dir='ltr'>τά</span> <span class='ocrx_word' id='word_1_290' title='bbox 1210 3750 1351 3805; x_wconf 85' lang='grc' dir='ltr'>αὐτά</span> <span class='ocrx_word' id='word_1_291' title='bbox 1372 3751 1680 3822; x_wconf 82' lang='grc' dir='ltr'>χαίροντας,</span> <span class='ocrx_word' id='word_1_292' title='bbox 1703 3751 1795 3804; x_wconf 71' lang='grc' dir='ltr'>καὶ</span> <span class='ocrx_word' id='word_1_293' title='bbox 1819 3749 1885 3803; x_wconf 80' lang='grc' dir='ltr'>τά</span> <span class='ocrx_word' id='word_1_294' title='bbox 1913 3747 2048 3802; x_wconf 84' lang='grc' dir='ltr'>αὐτά</span> 
     </span>
    </p>
   </div>
   <div class='ocr_carea' id='block_1_40' title="bbox 479 3841 2044 3915">
    <p class='ocr_par' dir='ltr' id='par_1_40' title="bbox 479 3841 2044 3915">
     <span class='ocr_line' id='line_1_40' title="bbox 479 3841 2044 3915; baseline -0.002 -18"><span class='ocrx_word' id='word_1_295' title='bbox 479 3843 870 3913; x_wconf 85' lang='grc' dir='ltr'>λυπουμένους,</span> <span class='ocrx_word' id='word_1_296' title='bbox 883 3844 1005 3897; x_wconf 87' lang='grc' dir='ltr'>τότε</span> <span class='ocrx_word' id='word_1_297' title='bbox 1024 3843 1285 3913; x_wconf 79' lang='grc' dir='ltr'>ἐμϐάλλει</span> <span class='ocrx_word' id='word_1_298' title='bbox 1301 3844 1381 3907; x_wconf 87' lang='grc' dir='ltr'>είς</span> <span class='ocrx_word' id='word_1_299' title='bbox 1404 3842 1494 3896; x_wconf 80' lang='grc' dir='ltr'>τὸν</span> <span class='ocrx_word' id='word_1_300' title='bbox 1515 3844 1645 3915; x_wconf 77' lang='grc' dir='ltr'>περὶ</span> <span class='ocrx_word' id='word_1_301' title='bbox 1658 3842 1851 3896; x_wconf 88' lang='grc' dir='ltr'>τούτου</span> <span class='ocrx_word' id='word_1_302' title='bbox 1870 3841 2044 3910; x_wconf 88' lang='grc' dir='ltr'>λόγον,</span> 
     </span>
    </p>
   </div>
   <div class='ocr_carea' id='block_1_41' title="bbox 477 3933 2044 4008">
    <p class='ocr_par' dir='ltr' id='par_1_41' title="bbox 477 3933 2044 4008">
     <span class='ocr_line' id='line_1_41' title="bbox 477 3933 2044 4008; baseline -0.001 -20"><span class='ocrx_word' id='word_1_303' title='bbox 477 3935 646 3989; x_wconf 84' lang='grc' dir='ltr'>είπὼν</span> <span class='ocrx_word' id='word_1_304' title='bbox 669 3935 903 4008; x_wconf 82' lang='grc' dir='ltr'>πρῶτον,</span> <span class='ocrx_word' id='word_1_305' title='bbox 922 3936 1006 3989; x_wconf 84' lang='grc' dir='ltr'>ὅτι</span> <span class='ocrx_word' id='word_1_306' title='bbox 1020 3937 1091 3989; x_wconf 84' lang='grc' dir='ltr'><strong>Ἦ</strong></span> <span class='ocrx_word' id='word_1_307' title='bbox 1104 3934 1216 4005; x_wconf 77' lang='grc' dir='ltr'>ἐμὴ</span> <span class='ocrx_word' id='word_1_308' title='bbox 1239 3935 1394 4004; x_wconf 81' lang='grc' dir='ltr'>χαρὰ</span> <span class='ocrx_word' id='word_1_309' title='bbox 1410 3933 1651 3988; x_wconf 78' lang='grc' dir='ltr'>πάντων</span> <span class='ocrx_word' id='word_1_310' title='bbox 1669 3933 1836 4003; x_wconf 83' lang='grc' dir='ltr'>ὑμῶν</span> <span class='ocrx_word' id='word_1_311' title='bbox 1857 3934 2044 3987; x_wconf 79' lang='grc' dir='ltr'>ἐστιν.</span> 
     </span>
    </p>
   </div>
   <div class='ocr_carea' id='block_1_42' title="bbox 479 4024 2046 4098">
    <p class='ocr_par' dir='ltr' id='par_1_42' title="bbox 479 4024 2046 4098">
     <span class='ocr_line' id='line_1_42' title="bbox 479 4024 2046 4098; baseline -0.003 -17"><span class='ocrx_word' id='word_1_312' title='bbox 479 4027 541 4080; x_wconf 78' lang='lat' dir='ltr'><strong><em>El</em></strong></span> <span class='ocrx_word' id='word_1_313' title='bbox 573 4028 630 4081; x_wconf 82' lang='grc' dir='ltr'>δέ</span> <span class='ocrx_word' id='word_1_314' title='bbox 653 4029 688 4096; x_wconf 78' lang='grc' dir='ltr'>ἡ</span> <span class='ocrx_word' id='word_1_315' title='bbox 714 4026 859 4098; x_wconf 84' lang='grc' dir='ltr'>χαρά</span> <span class='ocrx_word' id='word_1_316' title='bbox 886 4029 1104 4081; x_wconf 87' lang='grc' dir='ltr'>πάντων</span> <span class='ocrx_word' id='word_1_317' title='bbox 1135 4027 1289 4098; x_wconf 86' lang='grc' dir='ltr'>ὐμῶν</span> <span class='ocrx_word' id='word_1_318' title='bbox 1327 4026 1492 4098; x_wconf 83' lang='grc' dir='ltr'>χαρά,</span> <span class='ocrx_word' id='word_1_319' title='bbox 1520 4027 1602 4079; x_wconf 90' lang='grc' dir='ltr'>δεῖ</span> <span class='ocrx_word' id='word_1_320' title='bbox 1632 4027 1751 4096; x_wconf 83' lang='grc' dir='ltr'>μετ’</span> <span class='ocrx_word' id='word_1_321' title='bbox 1782 4024 1918 4095; x_wconf 88' lang='grc' dir='ltr'>ἐμοῦ</span> <span class='ocrx_word' id='word_1_322' title='bbox 1948 4024 2046 4078; x_wconf 76' lang='grc' dir='ltr'>καὶ</span> 
     </span>
    </p>
   </div>
   <div class='ocr_carea' id='block_1_43' title="bbox 475 4112 2044 4188">
    <p class='ocr_par' dir='ltr' id='par_1_43' title="bbox 475 4112 2044 4188">
     <span class='ocr_line' id='line_1_43' title="bbox 475 4112 2044 4188; baseline -0.003 -17"><span class='ocrx_word' id='word_1_323' title='bbox 475 4117 570 4172; x_wconf 90' lang='grc' dir='ltr'>νῦν</span> <span class='ocrx_word' id='word_1_324' title='bbox 588 4117 843 4188; x_wconf 76' lang='grc' dir='ltr'>ἡσθῆναι,</span> <span class='ocrx_word' id='word_1_325' title='bbox 865 4116 1054 4188; x_wconf 85' lang='grc' dir='ltr'>ὥσπερ</span> <span class='ocrx_word' id='word_1_326' title='bbox 1072 4118 1346 4188; x_wconf 80' lang='grc' dir='ltr'>ἠλγήσατε</span> <span class='ocrx_word' id='word_1_327' title='bbox 1363 4117 1479 4188; x_wconf 78' lang='grc' dir='ltr'>μετ’</span> <span class='ocrx_word' id='word_1_328' title='bbox 1496 4115 1631 4185; x_wconf 87' lang='grc' dir='ltr'>ἐμοῦ</span> <span class='ocrx_word' id='word_1_329' title='bbox 1646 4114 1788 4168; x_wconf 86' lang='grc' dir='ltr'>τότε.</span> <span class='ocrx_word' id='word_1_330' title='bbox 1808 4114 1918 4167; x_wconf 81' lang='grc' dir='ltr'>Καὶ</span> <span class='ocrx_word' id='word_1_331' title='bbox 1935 4112 2044 4185; x_wconf 86' lang='grc' dir='ltr'>γὰρ</span> 
     </span>
    </p>
   </div>
   <div class='ocr_carea' id='block_1_44' title="bbox 473 4200 2041 4282">
    <p class='ocr_par' dir='ltr' id='par_1_44' title="bbox 473 4200 2041 4282">
     <span class='ocr_line' id='line_1_44' title="bbox 473 4200 2041 4282; baseline -0.004 -18"><span class='ocrx_word' id='word_1_332' title='bbox 473 4209 541 4264; x_wconf 78' lang='grc' dir='ltr'>δι’</span> <span class='ocrx_word' id='word_1_333' title='bbox 559 4203 633 4263; x_wconf 80' lang='grc' dir='ltr'>ὧν</span> <span class='ocrx_word' id='word_1_334' title='bbox 656 4208 987 4281; x_wconf 78' lang='grc' dir='ltr'>ἐλυπήθητε,</span> <span class='ocrx_word' id='word_1_335' title='bbox 1007 4210 1348 4282; x_wconf 87' lang='grc' dir='ltr'>ηὐφράνατε·</span> <span class='ocrx_word' id='word_1_336' title='bbox 1374 4211 1470 4262; x_wconf 71' lang='grc' dir='ltr'>καὶ</span> <span class='ocrx_word' id='word_1_337' title='bbox 1495 4207 1564 4260; x_wconf 80' lang='grc' dir='ltr'>δι’</span> <span class='ocrx_word' id='word_1_338' title='bbox 1585 4200 1658 4260; x_wconf 81' lang='grc' dir='ltr'>ὧν</span> <span class='ocrx_word' id='word_1_339' title='bbox 1683 4206 1899 4278; x_wconf 78' lang='grc' dir='ltr'>χαίρετε</span> <span class='ocrx_word' id='word_1_340' title='bbox 1924 4204 2041 4269; x_wconf 87' lang='grc' dir='ltr'>νῦν,</span> 
     </span>
    </p>
   </div>
   <div class='ocr_carea' id='block_1_45' title="bbox 473 4294 2042 4373">
    <p class='ocr_par' dir='ltr' id='par_1_45' title="bbox 473 4294 2042 4373">
     <span class='ocr_line' id='line_1_45' title="bbox 473 4294 2042 4373; baseline -0.005 -16"><span class='ocrx_word' id='word_1_341' title='bbox 473 4299 539 4357; x_wconf 73' lang='grc' dir='ltr'>ἂν</span> <span class='ocrx_word' id='word_1_342' title='bbox 563 4301 672 4373; x_wconf 79' lang='grc' dir='ltr'>ἄρα</span> <span class='ocrx_word' id='word_1_343' title='bbox 703 4301 925 4373; x_wconf 83' lang='grc' dir='ltr'>ἡσθῆτε,</span> <span class='ocrx_word' id='word_1_344' title='bbox 953 4302 1017 4355; x_wconf 79' lang='grc' dir='ltr'>τὸ</span> <span class='ocrx_word' id='word_1_345' title='bbox 1048 4302 1180 4357; x_wconf 81' lang='grc' dir='ltr'>αὐτὸ</span> <span class='ocrx_word' id='word_1_346' title='bbox 1207 4302 1488 4372; x_wconf 80' lang='grc' dir='ltr'>ποιήσετε.</span> <span class='ocrx_word' id='word_1_347' title='bbox 1520 4300 1629 4353; x_wconf 81' lang='grc' dir='ltr'>Καὶ</span> <span class='ocrx_word' id='word_1_348' title='bbox 1658 4299 1759 4351; x_wconf 89' lang='grc' dir='ltr'>οὐκ</span> <span class='ocrx_word' id='word_1_349' title='bbox 1775 4294 1948 4359; x_wconf 80' lang='grc' dir='ltr'>εἶπεν,</span> <span class='ocrx_word' id='word_1_350' title='bbox 1976 4297 2042 4350; x_wconf 84' lang='grc' dir='ltr'><strong>Ἦ</strong></span> 
     </span>
    </p>
   </div>
   <div class='ocr_carea' id='block_1_46' title="bbox 473 4388 2042 4467">
    <p class='ocr_par' dir='ltr' id='par_1_46' title="bbox 473 4388 2042 4467">
     <span class='ocr_line' id='line_1_46' title="bbox 473 4388 2042 4467; baseline -0.006 -17"><span class='ocrx_word' id='word_1_351' title='bbox 473 4394 582 4467; x_wconf 82' lang='grc' dir='ltr'>ἐμὴ</span> <span class='ocrx_word' id='word_1_352' title='bbox 622 4393 768 4467; x_wconf 88' lang='grc' dir='ltr'>λύπη</span> <span class='ocrx_word' id='word_1_353' title='bbox 803 4395 1023 4448; x_wconf 87' lang='grc' dir='ltr'>πάντων</span> <span class='ocrx_word' id='word_1_354' title='bbox 1053 4395 1208 4465; x_wconf 87' lang='grc' dir='ltr'>ὐμῶν</span> <span class='ocrx_word' id='word_1_355' title='bbox 1250 4395 1398 4447; x_wconf 89' lang='grc' dir='ltr'>ἐστιν</span> <span class='ocrx_word' id='word_1_356' title='bbox 1419 4408 1433 4422; x_wconf 87' lang='grc'><strong>·</strong></span> <span class='ocrx_word' id='word_1_357' title='bbox 1467 4391 1583 4446; x_wconf 82' lang='grc' dir='ltr'>ἀλλ’</span> <span class='ocrx_word' id='word_1_358' title='bbox 1618 4391 1678 4444; x_wconf 85' lang='grc' dir='ltr'>ἐν</span> <span class='ocrx_word' id='word_1_359' title='bbox 1709 4391 1821 4454; x_wconf 87' lang='grc' dir='ltr'>τοῖς</span> <span class='ocrx_word' id='word_1_360' title='bbox 1861 4388 2042 4452; x_wconf 79' lang='grc' dir='ltr'>ἄλλοις</span> 
     </span>
    </p>
   </div>
   <div class='ocr_carea' id='block_1_47' title="bbox 471 4478 2042 4556">
    <p class='ocr_par' dir='ltr' id='par_1_47' title="bbox 471 4478 2042 4556">
     <span class='ocr_line' id='line_1_47' title="bbox 471 4478 2042 4556; baseline -0.006 -13"><span class='ocrx_word' id='word_1_361' title='bbox 471 4487 894 4550; x_wconf 82' lang='grc' dir='ltr'>κατασκευάσας</span> <span class='ocrx_word' id='word_1_362' title='bbox 940 4486 1121 4550; x_wconf 89' lang='grc' dir='ltr'>τοῦτο,</span> <span class='ocrx_word' id='word_1_363' title='bbox 1161 4485 1257 4541; x_wconf 89' lang='grc' dir='ltr'>νῦν</span> <span class='ocrx_word' id='word_1_364' title='bbox 1294 4485 1455 4555; x_wconf 89' lang='grc' dir='ltr'>μόνον</span> <span class='ocrx_word' id='word_1_365' title='bbox 1495 4478 1558 4539; x_wconf 75' lang='grc' dir='ltr'>οὐ</span> <span class='ocrx_word' id='word_1_366' title='bbox 1599 4481 1833 4556; x_wconf 78' lang='grc' dir='ltr'>ἔχρῃζε,</span> <span class='ocrx_word' id='word_1_367' title='bbox 1884 4480 2042 4535; x_wconf 79' lang='grc' dir='ltr'>τοῦτο</span> 
     </span>
    </p>
   </div>
   <div class='ocr_carea' id='block_1_48' title="bbox 469 4572 2042 4651">
    <p class='ocr_par' dir='ltr' id='par_1_48' title="bbox 469 4572 2042 4651">
     <span class='ocr_line' id='line_1_48' title="bbox 469 4572 2042 4651; baseline -0.007 -16"><span class='ocrx_word' id='word_1_368' title='bbox 469 4581 707 4649; x_wconf 81' lang='grc' dir='ltr'>τέθεικε,</span> <span class='ocrx_word' id='word_1_369' title='bbox 733 4583 831 4650; x_wconf 84' lang='grc' dir='ltr'>τὴν</span> <span class='ocrx_word' id='word_1_370' title='bbox 859 4578 1058 4651; x_wconf 84' lang='grc' dir='ltr'>χαράν,</span> <span class='ocrx_word' id='word_1_371' title='bbox 1081 4576 1270 4641; x_wconf 74' lang='grc' dir='ltr'>εἰπὼν,</span> <span class='ocrx_word' id='word_1_372' title='bbox 1289 4578 1372 4629; x_wconf 83' lang='grc' dir='ltr'>ὅτι</span> <span class='ocrx_word' id='word_1_373' title='bbox 1394 4577 1460 4631; x_wconf 83' lang='grc' dir='ltr'><strong>Ἦ</strong></span> <span class='ocrx_word' id='word_1_374' title='bbox 1486 4575 1598 4644; x_wconf 83' lang='grc' dir='ltr'>ἐμὴ</span> <span class='ocrx_word' id='word_1_375' title='bbox 1627 4573 1781 4645; x_wconf 82' lang='grc' dir='ltr'>χαρὰ</span> <span class='ocrx_word' id='word_1_376' title='bbox 1801 4572 2042 4626; x_wconf 76' lang='grc' dir='ltr'>πάντων</span> 
     </span>
    </p>
   </div>
   <div class='ocr_carea' id='block_1_49' title="bbox 469 4661 2038 4740">
    <p class='ocr_par' dir='ltr' id='par_1_49' title="bbox 469 4661 2038 4740">
     <span class='ocr_line' id='line_1_49' title="bbox 469 4661 2038 4740; baseline -0.007 -15"><span class='ocrx_word' id='word_1_377' title='bbox 469 4669 638 4740; x_wconf 79' lang='grc' dir='ltr'>ὑμῶν</span> <span class='ocrx_word' id='word_1_378' title='bbox 668 4670 857 4725; x_wconf 74' lang='grc' dir='ltr'>ἐστιν.</span> <span class='ocrx_word' id='word_1_379' title='bbox 894 4664 1028 4722; x_wconf 77' lang='grc' dir='ltr'>Εἶτα</span> <span class='ocrx_word' id='word_1_380' title='bbox 1058 4667 1152 4721; x_wconf 76' lang='grc' dir='ltr'>καὶ</span> <span class='ocrx_word' id='word_1_381' title='bbox 1184 4664 1290 4719; x_wconf 83' lang='grc' dir='ltr'>τῶν</span> <span class='ocrx_word' id='word_1_382' title='bbox 1334 4664 1616 4737; x_wconf 77' lang='grc' dir='ltr'>προτέρων</span> <span class='ocrx_word' id='word_1_383' title='bbox 1648 4663 1922 4734; x_wconf 80' lang='grc' dir='ltr'>μέμνηται</span> <span class='ocrx_word' id='word_1_384' title='bbox 1950 4661 2038 4715; x_wconf 84' lang='grc' dir='ltr'>λέ-</span> 
     </span>
    </p>
   </div>
   <div class='ocr_carea' id='block_1_50' title="bbox 468 4752 2034 4829">
    <p class='ocr_par' dir='ltr' id='par_1_50' title="bbox 468 4752 2034 4829">
     <span class='ocr_line' id='line_1_50' title="bbox 468 4752 2034 4829; baseline -0.008 -13"><span class='ocrx_word' id='word_1_385' title='bbox 468 4777 607 4829; x_wconf 89' lang='grc' dir='ltr'>γων·</span> <span class='ocrx_word' id='word_1_386' title='bbox 658 4757 720 4817; x_wconf 75' lang='lat' dir='ltr'><strong><em>El</em></strong></span> <span class='ocrx_word' id='word_1_387' title='bbox 749 4759 817 4814; x_wconf 83' lang='grc' dir='ltr'>δέ</span> <span class='ocrx_word' id='word_1_388' title='bbox 848 4777 934 4828; x_wconf 78' lang='grc' dir='ltr'>τις</span> <span class='ocrx_word' id='word_1_389' title='bbox 964 4759 1348 4827; x_wconf 73' lang='grc' dir='ltr'>λελύπηκεν,</span> <span class='ocrx_word' id='word_1_390' title='bbox 1376 4757 1489 4810; x_wconf 80' lang='grc' dir='ltr'>οὐκ</span> <span class='ocrx_word' id='word_1_391' title='bbox 1517 4754 1625 4824; x_wconf 79' lang='grc' dir='ltr'>ἐμὲ</span> <span class='ocrx_word' id='word_1_392' title='bbox 1656 4752 2034 4819; x_wconf 72' lang='grc' dir='ltr'>λελύπηκεν,</span> 
     </span>
    </p>
   </div>
   <div class='ocr_carea' id='block_1_51' title="bbox 468 4843 2036 4922">
    <p class='ocr_par' dir='ltr' id='par_1_51' title="bbox 468 4843 2036 4922">
     <span class='ocr_line' id='line_1_51' title="bbox 468 4843 2036 4922; baseline 0.006 -19"><span class='ocrx_word' id='word_1_393' title='bbox 468 4850 631 4906; x_wconf 82' lang='grc' dir='ltr'>ἀλλὰ</span> <span class='ocrx_word' id='word_1_394' title='bbox 659 4852 776 4906; x_wconf 84' lang='grc' dir='ltr'>ἀπὸ</span> <span class='ocrx_word' id='word_1_395' title='bbox 803 4852 1043 4922; x_wconf 80' lang='grc' dir='ltr'>μέρους,</span> <span class='ocrx_word' id='word_1_396' title='bbox 1074 4853 1177 4907; x_wconf 73' lang='grc' dir='ltr'>ἵνα</span> <span class='ocrx_word' id='word_1_397' title='bbox 1199 4850 1284 4922; x_wconf 78' lang='grc' dir='ltr'>μὴ</span> <span class='ocrx_word' id='word_1_398' title='bbox 1313 4845 1571 4918; x_wconf 76' lang='grc' dir='ltr'>ἐπιϐαρῶ</span> <span class='ocrx_word' id='word_1_399' title='bbox 1599 4845 1830 4911; x_wconf 75' lang='grc' dir='ltr'>πάντας</span> <span class='ocrx_word' id='word_1_400' title='bbox 1859 4843 2036 4916; x_wconf 61' lang='grc' dir='ltr'>ὑμᾶς.</span> 
     </span>
    </p>
   </div>
   <div class='ocr_carea' id='block_1_52' title="bbox 470 4936 2035 5015">
    <p class='ocr_par' dir='ltr' id='par_1_52' title="bbox 470 4936 2035 5015">
     <span class='ocr_line' id='line_1_52' title="bbox 470 4936 2035 5015; baseline -0.002 -21"><span class='ocrx_word' id='word_1_401' title='bbox 470 4936 623 5005; x_wconf 86' lang='grc' dir='ltr'>οἶδα,</span> <span class='ocrx_word' id='word_1_402' title='bbox 653 4942 819 5011; x_wconf 77' lang='grc' dir='ltr'>φησὶν</span> <span class='ocrx_word' id='word_1_403' title='bbox 842 4982 857 5006; x_wconf 89' lang='grc'>,</span> <span class='ocrx_word' id='word_1_404' title='bbox 886 4944 969 4996; x_wconf 84' lang='grc' dir='ltr'>ὅτι</span> <span class='ocrx_word' id='word_1_405' title='bbox 1004 4942 1412 5015; x_wconf 85' lang='grc' dir='ltr'>συνωργίσθητέ</span> <span class='ocrx_word' id='word_1_406' title='bbox 1459 4958 1549 5014; x_wconf 89' lang='grc' dir='ltr'>μοι</span> <span class='ocrx_word' id='word_1_407' title='bbox 1590 4939 1686 4994; x_wconf 78' lang='grc' dir='ltr'>καὶ</span> <span class='ocrx_word' id='word_1_408' title='bbox 1730 4954 2035 5011; x_wconf 70' lang='grc' dir='ltr'>συνηγανα-</span> 
     </span>
    </p>
   </div>
   <div class='ocr_carea' id='block_1_53' title="bbox 468 5030 2036 5103">
    <p class='ocr_par' dir='ltr' id='par_1_53' title="bbox 468 5030 2036 5103">
     <span class='ocr_line' id='line_1_53' title="bbox 468 5030 2036 5103; baseline -0.002 -18"><span class='ocrx_word' id='word_1_409' title='bbox 468 5031 706 5103; x_wconf 87' lang='grc' dir='ltr'>κτήσατε</span> <span class='ocrx_word' id='word_1_410' title='bbox 727 5031 820 5083; x_wconf 80' lang='grc' dir='ltr'>ἐπὶ</span> <span class='ocrx_word' id='word_1_411' title='bbox 845 5031 919 5102; x_wconf 83' lang='grc' dir='ltr'>τῷ</span> <span class='ocrx_word' id='word_1_412' title='bbox 948 5033 1365 5103; x_wconf 89' lang='grc' dir='ltr'>πεπορνευκότι,</span> <span class='ocrx_word' id='word_1_413' title='bbox 1390 5035 1486 5088; x_wconf 74' lang='grc' dir='ltr'>καὶ</span> <span class='ocrx_word' id='word_1_414' title='bbox 1511 5034 1577 5086; x_wconf 89' lang='grc' dir='ltr'>ἐκ</span> <span class='ocrx_word' id='word_1_415' title='bbox 1597 5031 1797 5103; x_wconf 83' lang='grc' dir='ltr'>μέρους</span> <span class='ocrx_word' id='word_1_416' title='bbox 1826 5030 2036 5095; x_wconf 83' lang='grc' dir='ltr'>πάντας</span> 
     </span>
    </p>
   </div>
   <div class='ocr_carea' id='block_1_54' title="bbox 467 5118 2036 5197">
    <p class='ocr_par' dir='ltr' id='par_1_54' title="bbox 467 5118 2036 5197">
     <span class='ocr_line' id='line_1_54' title="bbox 467 5118 2036 5197; baseline -0.003 -18"><span class='ocrx_word' id='word_1_417' title='bbox 467 5123 614 5197; x_wconf 81' lang='grc' dir='ltr'>ὑμᾶς</span> <span class='ocrx_word' id='word_1_418' title='bbox 650 5120 888 5192; x_wconf 84' lang='grc' dir='ltr'>ἐλύπησε</span> <span class='ocrx_word' id='word_1_419' title='bbox 921 5123 981 5175; x_wconf 82' lang='grc' dir='ltr'>τὸ</span> <span class='ocrx_word' id='word_1_420' title='bbox 1016 5122 1251 5192; x_wconf 86' lang='grc' dir='ltr'>συμϐάν.</span> <span class='ocrx_word' id='word_1_421' title='bbox 1286 5125 1384 5177; x_wconf 84' lang='grc' dir='ltr'>Διά</span> <span class='ocrx_word' id='word_1_422' title='bbox 1418 5124 1580 5178; x_wconf 89' lang='grc' dir='ltr'>τοῦτο</span> <span class='ocrx_word' id='word_1_423' title='bbox 1607 5122 1666 5176; x_wconf 85' lang='grc' dir='ltr'>δέ</span> <span class='ocrx_word' id='word_1_424' title='bbox 1698 5118 1886 5188; x_wconf 77' lang='grc' dir='ltr'>εἷπον,</span> <span class='ocrx_word' id='word_1_425' title='bbox 1933 5122 2036 5175; x_wconf 85' lang='grc' dir='ltr'>Ἐκ</span> 
     </span>
    </p>
   </div>
   <div class='ocr_carea' id='block_1_55' title="bbox 464 5197 2031 5286">
    <p class='ocr_par' dir='ltr' id='par_1_55' title="bbox 464 5197 2031 5286">
     <span class='ocr_line' id='line_1_55' title="bbox 464 5197 2031 5286; baseline -0.003 -16"><span class='ocrx_word' id='word_1_426' title='bbox 464 5197 702 5285; x_wconf 77' lang='grc' dir='ltr'>μέρους,</span> <span class='ocrx_word' id='word_1_427' title='bbox 725 5212 825 5286; x_wconf 84' lang='grc' dir='ltr'>οὐχ</span> <span class='ocrx_word' id='word_1_428' title='bbox 849 5212 924 5278; x_wconf 86' lang='grc' dir='ltr'>ὡς</span> <span class='ocrx_word' id='word_1_429' title='bbox 965 5212 1120 5283; x_wconf 87' lang='grc' dir='ltr'>ὐμῶν</span> <span class='ocrx_word' id='word_1_430' title='bbox 1144 5212 1403 5267; x_wconf 87' lang='grc' dir='ltr'>ἐλάττονα</span> <span class='ocrx_word' id='word_1_431' title='bbox 1434 5216 1810 5286; x_wconf 86' lang='grc' dir='ltr'>ἀλγησάντων,</span> <span class='ocrx_word' id='word_1_432' title='bbox 1839 5213 1872 5286; x_wconf 80' lang='grc' dir='ltr'><strong>ἢ</strong></span> <span class='ocrx_word' id='word_1_433' title='bbox 1902 5210 2031 5282; x_wconf 86' lang='grc' dir='ltr'>ἐγὼ,</span> 
     </span>
    </p>
   </div>
   <div class='ocr_carea' id='block_1_56' title="bbox 465 5304 2030 5380">
    <p class='ocr_par' dir='ltr' id='par_1_56' title="bbox 465 5304 2030 5380">
     <span class='ocr_line' id='line_1_56' title="bbox 465 5304 2030 5380; baseline -0.003 -19"><span class='ocrx_word' id='word_1_434' title='bbox 465 5304 620 5380; x_wconf 71' lang='grc'>[459]</span> <span class='ocrx_word' id='word_1_435' title='bbox 646 5305 763 5360; x_wconf 89' lang='grc' dir='ltr'>ἀλλ’</span> <span class='ocrx_word' id='word_1_436' title='bbox 790 5305 879 5359; x_wconf 83' lang='grc' dir='ltr'>ῐνα</span> <span class='ocrx_word' id='word_1_437' title='bbox 916 5304 990 5378; x_wconf 80' lang='grc' dir='ltr'>μὴ</span> <span class='ocrx_word' id='word_1_438' title='bbox 1022 5304 1244 5378; x_wconf 80' lang='grc' dir='ltr'>βαρήσω</span> <span class='ocrx_word' id='word_1_439' title='bbox 1275 5306 1481 5359; x_wconf 86' lang='grc' dir='ltr'>ἐκεῖνον</span> <span class='ocrx_word' id='word_1_440' title='bbox 1511 5305 1605 5359; x_wconf 80' lang='grc' dir='ltr'>τὸν</span> <span class='ocrx_word' id='word_1_441' title='bbox 1634 5305 2030 5377; x_wconf 84' lang='grc' dir='ltr'>πορνεύσαντα.</span> 
     </span>
    </p>
   </div>
   <div class='ocr_carea' id='block_1_57' title="bbox 463 5396 2035 5470">
    <p class='ocr_par' dir='ltr' id='par_1_57' title="bbox 463 5396 2035 5470">
     <span class='ocr_line' id='line_1_57' title="bbox 463 5396 2035 5470; baseline -0.001 -19"><span class='ocrx_word' id='word_1_442' title='bbox 463 5397 576 5452; x_wconf 86' lang='grc' dir='ltr'>οὐκ</span> <span class='ocrx_word' id='word_1_443' title='bbox 626 5398 728 5469; x_wconf 80' lang='grc' dir='ltr'>ἐμὲ</span> <span class='ocrx_word' id='word_1_444' title='bbox 764 5397 944 5452; x_wconf 83' lang='grc' dir='ltr'>τοίνυν</span> <span class='ocrx_word' id='word_1_445' title='bbox 993 5398 1153 5469; x_wconf 87' lang='grc' dir='ltr'>μόνον</span> <span class='ocrx_word' id='word_1_446' title='bbox 1204 5397 1515 5470; x_wconf 82' lang='grc' dir='ltr'>ἐλύπησεν,</span> <span class='ocrx_word' id='word_1_447' title='bbox 1562 5396 1698 5452; x_wconf 88' lang='grc' dir='ltr'>ἀλλά</span> <span class='ocrx_word' id='word_1_448' title='bbox 1751 5396 1845 5452; x_wconf 76' lang='grc' dir='ltr'>καὶ</span> <span class='ocrx_word' id='word_1_449' title='bbox 1889 5396 2035 5466; x_wconf 78' lang='grc' dir='ltr'>ὑμᾶς</span> 
     </span>
    </p>
   </div>
   <div class='ocr_carea' id='block_1_58' title="bbox 522 5602 1022 5663">
    <p class='ocr_par' dir='ltr' id='par_1_58' title="bbox 522 5602 1022 5663">
     <span class='ocr_line' id='line_1_58' title="bbox 522 5602 1022 5663; baseline -0.004 -11"><span class='ocrx_word' id='word_1_450' title='bbox 522 5602 834 5663; x_wconf 40' lang='lat' dir='ltr'><strong><em>{tegebatur</em></strong></span> <span class='ocrx_word' id='word_1_451' title='bbox 852 5605 1022 5663; x_wconf 75' lang='grc' dir='ltr'>ἔλεγεν.</span> 
     </span>
    </p>
   </div>
   <div class='ocr_carea' id='block_1_59' title="bbox 557 5660 1082 5727">
    <p class='ocr_par' dir='ltr' id='par_1_59' title="bbox 557 5660 1082 5727">
     <span class='ocr_line' id='line_1_59' title="bbox 557 5660 1082 5727; baseline 0.015 -22"><span class='ocrx_word' id='word_1_452' title='bbox 557 5660 586 5705; x_wconf 77' lang='lat' dir='ltr'><strong>b</strong></span> <span class='ocrx_word' id='word_1_453' title='bbox 610 5660 720 5723; x_wconf 56' lang='lat'>$3.,</span> <span class='ocrx_word' id='word_1_454' title='bbox 742 5660 1082 5727; x_wconf 64' lang='grc' dir='ltr'>ἐπιστραφῶσι.</span> 
     </span>
    </p>
   </div>
   <div class='ocr_carea' id='block_1_60' title="bbox 1172 191 2987 254">
    <p class='ocr_par' dir='ltr' id='par_1_60' title="bbox 1172 191 2987 254">
     <span class='ocr_line' id='line_1_60' title="bbox 1172 191 2987 254; baseline -0.002 -2"><span class='ocrx_word' id='word_1_455' title='bbox 1172 196 1230 254; x_wconf 87' lang='lat' dir='ltr'><strong><em>S.</em></strong></span> <span class='ocrx_word' id='word_1_456' title='bbox 1262 194 1542 254; x_wconf 68' lang='lat' dir='ltr'>JOANNIS</span> <span class='ocrx_word' id='word_1_457' title='bbox 1577 193 2062 252; x_wconf 73' lang='lat' dir='ltr'>CHRYSOSTOMI</span> <span class='ocrx_word' id='word_1_458' title='bbox 2097 192 2413 253; x_wconf 72' lang='lat' dir='ltr'>ARCHIEP.</span> <span class='ocrx_word' id='word_1_459' title='bbox 2447 191 2987 252; x_wconf 73' lang='lat' dir='ltr'>CONSTANTINOP.</span> 
     </span>
    </p>
   </div>
   <div class='ocr_carea' id='block_1_61' title="bbox 3636 187 3745 246">
    <p class='ocr_par' dir='ltr' id='par_1_61' title="bbox 3636 187 3745 246">
     <span class='ocr_line' id='line_1_61' title="bbox 3636 187 3745 246; baseline -0.009 0"><span class='ocrx_word' id='word_1_460' title='bbox 3636 187 3745 246; x_wconf 68' lang='grc' dir='ltr'>ιεε</span> 
     </span>
    </p>
   </div>
   <div class='ocr_carea' id='block_1_62' title="bbox 2171 300 3739 380">
    <p class='ocr_par' dir='ltr' id='par_1_62' title="bbox 2171 300 3739 380">
     <span class='ocr_line' id='line_1_62' title="bbox 2171 300 3739 380; baseline -0.003 -17"><span class='ocrx_word' id='word_1_461' title='bbox 2171 311 2389 379; x_wconf 82' lang='grc' dir='ltr'>ὁμοίως,</span> <span class='ocrx_word' id='word_1_462' title='bbox 2425 310 2518 362; x_wconf 77' lang='grc' dir='ltr'>καὶ</span> <span class='ocrx_word' id='word_1_463' title='bbox 2551 308 2868 380; x_wconf 80' lang='grc' dir='ltr'>φειδόμενος</span> <span class='ocrx_word' id='word_1_464' title='bbox 2908 303 3075 363; x_wconf 81' lang='grc' dir='ltr'>αὐτοῦ</span> <span class='ocrx_word' id='word_1_465' title='bbox 3115 300 3289 361; x_wconf 74' lang='grc' dir='ltr'>εἷπον·</span> <span class='ocrx_word' id='word_1_466' title='bbox 3332 303 3468 361; x_wconf 71' lang='grc' dir='ltr'>Ἀπὸ</span> <span class='ocrx_word' id='word_1_467' title='bbox 3490 302 3739 374; x_wconf 77' lang='grc' dir='ltr'>μέρους.</span> 
     </span>
    </p>
   </div>
   <div class='ocr_carea' id='block_1_63' title="bbox 2172 397 3742 473">
    <p class='ocr_par' dir='ltr' id='par_1_63' title="bbox 2172 397 3742 473">
     <span class='ocr_line' id='line_1_63' title="bbox 2172 397 3742 473; baseline -0.004 -17"><span class='ocrx_word' id='word_1_468' title='bbox 2172 398 2326 465; x_wconf 74' lang='grc' dir='ltr'>Εἶδες</span> <span class='ocrx_word' id='word_1_469' title='bbox 2355 401 2472 465; x_wconf 82' lang='grc' dir='ltr'>πῶς</span> <span class='ocrx_word' id='word_1_470' title='bbox 2501 401 2679 456; x_wconf 86' lang='grc' dir='ltr'>αὐτῶν</span> <span class='ocrx_word' id='word_1_471' title='bbox 2710 401 2915 465; x_wconf 88' lang='grc' dir='ltr'>εὐθέως</span> <span class='ocrx_word' id='word_1_472' title='bbox 2943 400 3175 473; x_wconf 82' lang='grc' dir='ltr'>ἐχάλασε</span> <span class='ocrx_word' id='word_1_473' title='bbox 3212 399 3305 454; x_wconf 81' lang='grc' dir='ltr'>τὸν</span> <span class='ocrx_word' id='word_1_474' title='bbox 3335 399 3529 468; x_wconf 79' lang='grc' dir='ltr'>θυμὸν,</span> <span class='ocrx_word' id='word_1_475' title='bbox 3557 397 3742 465; x_wconf 78' lang='grc' dir='ltr'>δείξας</span> 
     </span>
    </p>
   </div>
   <div class='ocr_carea' id='block_1_64' title="bbox 2172 490 3738 563">
    <p class='ocr_par' dir='ltr' id='par_1_64' title="bbox 2172 490 3738 563">
     <span class='ocr_line' id='line_1_64' title="bbox 2172 490 3738 563; baseline -0.002 -17"><span class='ocrx_word' id='word_1_476' title='bbox 2172 495 2267 546; x_wconf 71' lang='grc' dir='ltr'>καὶ</span> <span class='ocrx_word' id='word_1_477' title='bbox 2300 493 2399 563; x_wconf 84' lang='grc' dir='ltr'>τῆς</span> <span class='ocrx_word' id='word_1_478' title='bbox 2429 494 2856 563; x_wconf 79' lang='grc' dir='ltr'>ἀγανακτήσεως</span> <span class='ocrx_word' id='word_1_479' title='bbox 2885 494 3174 556; x_wconf 78' lang='grc' dir='ltr'>κοινωνοὺς</span> <span class='ocrx_word' id='word_1_480' title='bbox 3197 490 3552 562; x_wconf 86' lang='grc' dir='ltr'>γενομένους;</span> <span class='ocrx_word' id='word_1_481' title='bbox 3592 490 3738 545; x_wconf 77' lang='grc' dir='ltr'>ἰκα-</span> 
     </span>
    </p>
   </div>
   <div class='ocr_carea' id='block_1_65' title="bbox 2170 580 3735 653">
    <p class='ocr_par' dir='ltr' id='par_1_65' title="bbox 2170 580 3735 653">
     <span class='ocr_line' id='line_1_65' title="bbox 2170 580 3735 653; baseline -0.003 -16"><span class='ocrx_word' id='word_1_482' title='bbox 2170 583 2282 637; x_wconf 79' lang='grc' dir='ltr'>νὸν</span> <span class='ocrx_word' id='word_1_483' title='bbox 2304 581 2385 649; x_wconf 82' lang='grc' dir='ltr'>τῷ</span> <span class='ocrx_word' id='word_1_484' title='bbox 2402 584 2649 647; x_wconf 81' lang='grc' dir='ltr'>τοιούτῳ</span> <span class='ocrx_word' id='word_1_485' title='bbox 2674 585 2713 651; x_wconf 78' lang='grc' dir='ltr'><strong><em>ἠ</em></strong></span> <span class='ocrx_word' id='word_1_486' title='bbox 2732 583 2999 653; x_wconf 81' lang='grc' dir='ltr'>ἐπιτιμία.</span> <span class='ocrx_word' id='word_1_487' title='bbox 3013 584 3163 650; x_wconf 81' lang='grc' dir='ltr'>αὕτη</span> <span class='ocrx_word' id='word_1_488' title='bbox 3188 582 3228 650; x_wconf 75' lang='grc' dir='ltr'><strong><em>ἠ</em></strong></span> <span class='ocrx_word' id='word_1_489' title='bbox 3253 583 3372 637; x_wconf 87' lang='grc' dir='ltr'>ὑπὸ</span> <span class='ocrx_word' id='word_1_490' title='bbox 3392 580 3514 635; x_wconf 74' lang='grc' dir='ltr'>τῶν</span> <span class='ocrx_word' id='word_1_491' title='bbox 3538 580 3735 634; x_wconf 80' lang='grc' dir='ltr'>πλειό-</span> 
     </span>
    </p>
   </div>
   <div class='ocr_carea' id='block_1_66' title="bbox 2169 668 3734 750">
    <p class='ocr_par' dir='ltr' id='par_1_66' title="bbox 2169 668 3734 750">
     <span class='ocr_line' id='line_1_66' title="bbox 2169 668 3734 750; baseline -0.001 -21"><span class='ocrx_word' id='word_1_492' title='bbox 2169 692 2313 731; x_wconf 72' lang='grc' dir='ltr'>νων.</span> <span class='ocrx_word' id='word_1_493' title='bbox 2351 677 2462 730; x_wconf 77' lang='grc' dir='ltr'>Καὶ</span> <span class='ocrx_word' id='word_1_494' title='bbox 2498 678 2558 731; x_wconf 83' lang='grc' dir='ltr'>οὐ</span> <span class='ocrx_word' id='word_1_495' title='bbox 2586 677 2757 745; x_wconf 82' lang='grc' dir='ltr'>λέγει,</span> <span class='ocrx_word' id='word_1_496' title='bbox 2787 679 2877 748; x_wconf 87' lang='grc' dir='ltr'>Τῷ</span> <span class='ocrx_word' id='word_1_497' title='bbox 2907 668 3338 750; x_wconf 67' lang='grc' dir='ltr'>πεπορνευκότί,</span> <span class='ocrx_word' id='word_1_498' title='bbox 3367 674 3503 729; x_wconf 82' lang='grc' dir='ltr'>ἀλλὰ</span> <span class='ocrx_word' id='word_1_499' title='bbox 3532 674 3697 728; x_wconf 85' lang='grc' dir='ltr'>πάλιν</span> <span class='ocrx_word' id='word_1_500' title='bbox 3718 712 3734 734; x_wconf 89' lang='grc'>.</span> 
     </span>
    </p>
   </div>
   <div class='ocr_carea' id='block_1_67' title="bbox 2177 769 3736 843">
    <p class='ocr_par' dir='ltr' id='par_1_67' title="bbox 2177 769 3736 843">
     <span class='ocr_line' id='line_1_67' title="bbox 2177 769 3736 843; baseline -0.003 -18"><span class='ocrx_word' id='word_1_501' title='bbox 2177 770 2262 836; x_wconf 82' lang='grc' dir='ltr'>Τῷ</span> <span class='ocrx_word' id='word_1_502' title='bbox 2289 772 2553 836; x_wconf 84' lang='grc' dir='ltr'>τοιούτῳ.</span> <span class='ocrx_word' id='word_1_503' title='bbox 2590 771 2665 835; x_wconf 85' lang='grc' dir='ltr'>ὼς</span> <span class='ocrx_word' id='word_1_504' title='bbox 2693 772 2788 827; x_wconf 71' lang='grc' dir='ltr'>καὶ</span> <span class='ocrx_word' id='word_1_505' title='bbox 2815 774 2871 825; x_wconf 83' lang='grc' dir='ltr'>ἐν</span> <span class='ocrx_word' id='word_1_506' title='bbox 2898 774 2965 843; x_wconf 81' lang='grc' dir='ltr'>τῇ</span> <span class='ocrx_word' id='word_1_507' title='bbox 2997 772 3257 843; x_wconf 76' lang='grc' dir='ltr'>προτέρα·</span> <span class='ocrx_word' id='word_1_508' title='bbox 3288 769 3404 824; x_wconf 86' lang='grc' dir='ltr'>ἀλλ’</span> <span class='ocrx_word' id='word_1_509' title='bbox 3433 771 3496 823; x_wconf 90' lang='grc' dir='ltr'>οὐ</span> <span class='ocrx_word' id='word_1_510' title='bbox 3524 769 3614 823; x_wconf 86' lang='grc' dir='ltr'>διά</span> <span class='ocrx_word' id='word_1_511' title='bbox 3638 770 3736 838; x_wconf 79' lang='grc' dir='ltr'>τὴν</span> 
     </span>
    </p>
   </div>
   <div class='ocr_carea' id='block_1_68' title="bbox 2170 861 3735 935">
    <p class='ocr_par' dir='ltr' id='par_1_68' title="bbox 2170 861 3735 935">
     <span class='ocr_line' id='line_1_68' title="bbox 2170 861 3735 935; baseline 0 -21"><span class='ocrx_word' id='word_1_512' title='bbox 2170 861 2339 933; x_wconf 79' lang='grc' dir='ltr'>αὐτὴν</span> <span class='ocrx_word' id='word_1_513' title='bbox 2372 863 2570 928; x_wconf 73' lang='grc' dir='ltr'>αἰτίαν,</span> <span class='ocrx_word' id='word_1_514' title='bbox 2603 863 2716 919; x_wconf 85' lang='grc' dir='ltr'>ἀλλ’</span> <span class='ocrx_word' id='word_1_515' title='bbox 2748 864 2865 918; x_wconf 81' lang='grc' dir='ltr'>ἐκεῖ</span> <span class='ocrx_word' id='word_1_516' title='bbox 2905 864 3005 935; x_wconf 80' lang='grc' dir='ltr'>μὲν</span> <span class='ocrx_word' id='word_1_517' title='bbox 3049 863 3458 934; x_wconf 76' lang='grc' dir='ltr'>αἰσχυνόμενος,</span> <span class='ocrx_word' id='word_1_518' title='bbox 3497 861 3735 915; x_wconf 83' lang='grc' dir='ltr'>ἐνταῦθα</span> 
     </span>
    </p>
   </div>
   <div class='ocr_carea' id='block_1_69' title="bbox 2168 953 3739 1027">
    <p class='ocr_par' dir='ltr' id='par_1_69' title="bbox 2168 953 3739 1027">
     <span class='ocr_line' id='line_1_69' title="bbox 2168 953 3739 1027; baseline 0.001 -21"><span class='ocrx_word' id='word_1_519' title='bbox 2168 953 2225 1007; x_wconf 84' lang='grc' dir='ltr'>δέ</span> <span class='ocrx_word' id='word_1_520' title='bbox 2250 954 2583 1026; x_wconf 79' lang='grc' dir='ltr'>φειδόμενος.</span> <span class='ocrx_word' id='word_1_521' title='bbox 2609 957 2701 1010; x_wconf 83' lang='grc' dir='ltr'>Διὸ</span> <span class='ocrx_word' id='word_1_522' title='bbox 2723 956 2842 1011; x_wconf 79' lang='grc' dir='ltr'>οὐδὲ</span> <span class='ocrx_word' id='word_1_523' title='bbox 2867 956 3139 1027; x_wconf 76' lang='grc' dir='ltr'>μέμνηται</span> <span class='ocrx_word' id='word_1_524' title='bbox 3163 955 3349 1010; x_wconf 77' lang='grc' dir='ltr'>λοιπὸν</span> <span class='ocrx_word' id='word_1_525' title='bbox 3373 953 3611 1025; x_wconf 80' lang='grc' dir='ltr'>οὐδαμοῦ</span> <span class='ocrx_word' id='word_1_526' title='bbox 3638 955 3739 1024; x_wconf 83' lang='grc' dir='ltr'>τῆς</span> 
     </span>
    </p>
   </div>
   <div class='ocr_carea' id='block_1_70' title="bbox 2168 1042 3737 1120">
    <p class='ocr_par' dir='ltr' id='par_1_70' title="bbox 2168 1042 3737 1120">
     <span class='ocr_line' id='line_1_70' title="bbox 2168 1042 3737 1120; baseline 0 -21"><span class='ocrx_word' id='word_1_527' title='bbox 2168 1046 2459 1117; x_wconf 74' lang='grc' dir='ltr'>ἁμαρτίαςο</span> <span class='ocrx_word' id='word_1_528' title='bbox 2496 1048 2685 1120; x_wconf 69' lang='grc' dir='ltr'>καιρὸς</span> <span class='ocrx_word' id='word_1_529' title='bbox 2715 1049 2824 1119; x_wconf 87' lang='grc' dir='ltr'>γὰρ</span> <span class='ocrx_word' id='word_1_530' title='bbox 2845 1047 3140 1117; x_wconf 84' lang='grc' dir='ltr'>ἀπολογίας</span> <span class='ocrx_word' id='word_1_531' title='bbox 3158 1042 3245 1120; x_wconf 84' lang='grc' dir='ltr'>ἦν.</span> <span class='ocrx_word' id='word_1_532' title='bbox 3277 1047 3454 1101; x_wconf 76' lang='grc' dir='ltr'>Ὥστε</span> <span class='ocrx_word' id='word_1_533' title='bbox 3481 1048 3737 1103; x_wconf 68' lang='grc' dir='ltr'>τούνανε-</span> 
     </span>
    </p>
   </div>
   <div class='ocr_carea' id='block_1_71' title="bbox 2168 1137 3736 1211">
    <p class='ocr_par' dir='ltr' id='par_1_71' title="bbox 2168 1137 3736 1211">
     <span class='ocr_line' id='line_1_71' title="bbox 2168 1137 3736 1211; baseline 0 -21"><span class='ocrx_word' id='word_1_534' title='bbox 2168 1138 2299 1191; x_wconf 83' lang='grc' dir='ltr'>τίον</span> <span class='ocrx_word' id='word_1_535' title='bbox 2321 1138 2562 1209; x_wconf 80' lang='grc' dir='ltr'>μᾶλλον</span> <span class='ocrx_word' id='word_1_536' title='bbox 2586 1139 2741 1211; x_wconf 78' lang='grc' dir='ltr'>ὑμᾶς</span> <span class='ocrx_word' id='word_1_537' title='bbox 2772 1141 3135 1210; x_wconf 87' lang='grc' dir='ltr'>χαρίσασθαι</span> <span class='ocrx_word' id='word_1_538' title='bbox 3165 1138 3265 1193; x_wconf 82' lang='grc' dir='ltr'>καὶ</span> <span class='ocrx_word' id='word_1_539' title='bbox 3299 1137 3736 1206; x_wconf 80' lang='grc' dir='ltr'>παρακαλέσαι,</span> 
     </span>
    </p>
   </div>
   <div class='ocr_carea' id='block_1_72' title="bbox 2164 1228 3738 1301">
    <p class='ocr_par' dir='ltr' id='par_1_72' title="bbox 2164 1228 3738 1301">
     <span class='ocr_line' id='line_1_72' title="bbox 2164 1228 3738 1301; baseline 0.001 -18"><span class='ocrx_word' id='word_1_540' title='bbox 2164 1228 2247 1298; x_wconf 83' lang='grc' dir='ltr'>μή</span> <span class='ocrx_word' id='word_1_541' title='bbox 2270 1247 2395 1295; x_wconf 86' lang='grc' dir='ltr'>πως</span> <span class='ocrx_word' id='word_1_542' title='bbox 2422 1231 2497 1300; x_wconf 80' lang='grc' dir='ltr'>τῇ</span> <span class='ocrx_word' id='word_1_543' title='bbox 2517 1232 2917 1301; x_wconf 79' lang='grc' dir='ltr'>περισσοτέρᾳ</span> <span class='ocrx_word' id='word_1_544' title='bbox 2948 1233 3113 1301; x_wconf 79' lang='grc' dir='ltr'>λύπῃ</span> <span class='ocrx_word' id='word_1_545' title='bbox 3140 1229 3449 1299; x_wconf 74' lang='grc' dir='ltr'>καταποθῇ</span> <span class='ocrx_word' id='word_1_546' title='bbox 3478 1233 3509 1285; x_wconf 87' lang='grc' dir='ltr'>ό</span> <span class='ocrx_word' id='word_1_547' title='bbox 3540 1231 3738 1285; x_wconf 84' lang='grc' dir='ltr'>τοιοῦ-</span> 
     </span>
    </p>
   </div>
   <div class='ocr_carea' id='block_1_73' title="bbox 2167 1323 3734 1395">
    <p class='ocr_par' dir='ltr' id='par_1_73' title="bbox 2167 1323 3734 1395">
     <span class='ocr_line' id='line_1_73' title="bbox 2167 1323 3734 1395; baseline -0.001 -20"><span class='ocrx_word' id='word_1_548' title='bbox 2167 1338 2289 1387; x_wconf 85' lang='grc' dir='ltr'>τος.</span> <span class='ocrx_word' id='word_1_549' title='bbox 2326 1323 2401 1376; x_wconf 83' lang='grc' dir='ltr'>Οὐ</span> <span class='ocrx_word' id='word_1_550' title='bbox 2445 1323 2552 1394; x_wconf 84' lang='grc' dir='ltr'>γὰρ</span> <span class='ocrx_word' id='word_1_551' title='bbox 2600 1324 2761 1395; x_wconf 90' lang='grc' dir='ltr'>μόνον</span> <span class='ocrx_word' id='word_1_552' title='bbox 2793 1323 3005 1378; x_wconf 87' lang='grc' dir='ltr'>κελεύει</span> <span class='ocrx_word' id='word_1_553' title='bbox 3039 1323 3198 1377; x_wconf 91' lang='grc' dir='ltr'>λῦσαι</span> <span class='ocrx_word' id='word_1_554' title='bbox 3243 1323 3341 1395; x_wconf 80' lang='grc' dir='ltr'>τὴν</span> <span class='ocrx_word' id='word_1_555' title='bbox 3391 1324 3734 1393; x_wconf 84' lang='grc' dir='ltr'>ἐπιτίμησιν,</span> 
     </span>
    </p>
   </div>
   <div class='ocr_carea' id='block_1_74' title="bbox 2167 1414 3736 1490">
    <p class='ocr_par' dir='ltr' id='par_1_74' title="bbox 2167 1414 3736 1490">
     <span class='ocr_line' id='line_1_74' title="bbox 2167 1414 3736 1490; baseline 0.001 -22"><span class='ocrx_word' id='word_1_556' title='bbox 2167 1414 2304 1469; x_wconf 86' lang='grc' dir='ltr'>ἀλλά</span> <span class='ocrx_word' id='word_1_557' title='bbox 2333 1415 2427 1469; x_wconf 70' lang='grc' dir='ltr'>καὶ</span> <span class='ocrx_word' id='word_1_558' title='bbox 2457 1415 2549 1469; x_wconf 76' lang='grc' dir='ltr'>ἐπὶ</span> <span class='ocrx_word' id='word_1_559' title='bbox 2576 1416 2645 1471; x_wconf 85' lang='grc' dir='ltr'>τά</span> <span class='ocrx_word' id='word_1_560' title='bbox 2673 1416 2916 1490; x_wconf 87' lang='grc' dir='ltr'>πρότερα</span> <span class='ocrx_word' id='word_1_561' title='bbox 2943 1419 3225 1487; x_wconf 85' lang='grc' dir='ltr'>ἐπανάγει.</span> <span class='ocrx_word' id='word_1_562' title='bbox 3257 1417 3360 1472; x_wconf 83' lang='grc' dir='ltr'>Τὸν</span> <span class='ocrx_word' id='word_1_563' title='bbox 3388 1416 3496 1489; x_wconf 84' lang='grc' dir='ltr'>γάρ</span> <span class='ocrx_word' id='word_1_564' title='bbox 3537 1434 3736 1488; x_wconf 88' lang='grc' dir='ltr'>μαστι-</span> 
     </span>
    </p>
   </div>
   <div class='ocr_carea' id='block_1_75' title="bbox 2167 1506 3737 1583">
    <p class='ocr_par' dir='ltr' id='par_1_75' title="bbox 2167 1506 3737 1583">
     <span class='ocr_line' id='line_1_75' title="bbox 2167 1506 3737 1583; baseline 0.002 -24"><span class='ocrx_word' id='word_1_565' title='bbox 2167 1506 2412 1575; x_wconf 87' lang='grc' dir='ltr'>γωθέντα</span> <span class='ocrx_word' id='word_1_566' title='bbox 2432 1507 2498 1562; x_wconf 85' lang='grc' dir='ltr'>ἂν</span> <span class='ocrx_word' id='word_1_567' title='bbox 2530 1509 2690 1579; x_wconf 89' lang='grc' dir='ltr'>μόνον</span> <span class='ocrx_word' id='word_1_568' title='bbox 2721 1528 2805 1574; x_wconf 88' lang='grc' dir='ltr'>τις</span> <span class='ocrx_word' id='word_1_569' title='bbox 2833 1511 2967 1582; x_wconf 74' lang='grc' dir='ltr'>ἀφῇ,</span> <span class='ocrx_word' id='word_1_570' title='bbox 3001 1511 3094 1565; x_wconf 69' lang='lat' dir='ltr'><strong><em>xal</em></strong></span> <span class='ocrx_word' id='word_1_571' title='bbox 3126 1512 3187 1564; x_wconf 90' lang='grc' dir='ltr'>οὐ</span> <span class='ocrx_word' id='word_1_572' title='bbox 3221 1510 3553 1583; x_wconf 82' lang='grc' dir='ltr'>θεραπεύσῃ,</span> <span class='ocrx_word' id='word_1_573' title='bbox 3581 1509 3737 1563; x_wconf 82' lang='grc' dir='ltr'>οὐδὲν</span> 
     </span>
    </p>
   </div>
   <div class='ocr_carea' id='block_1_76' title="bbox 2167 1598 3734 1673">
    <p class='ocr_par' dir='ltr' id='par_1_76' title="bbox 2167 1598 3734 1673">
     <span class='ocr_line' id='line_1_76' title="bbox 2167 1598 3734 1673; baseline 0.001 -22"><span class='ocrx_word' id='word_1_574' title='bbox 2167 1598 2442 1669; x_wconf 86' lang='grc' dir='ltr'>ἐποίησεν.</span> <span class='ocrx_word' id='word_1_575' title='bbox 2481 1600 2626 1673; x_wconf 86' lang='grc' dir='ltr'>Ὅρα</span> <span class='ocrx_word' id='word_1_576' title='bbox 2659 1600 2716 1655; x_wconf 82' lang='grc' dir='ltr'>δὲ</span> <span class='ocrx_word' id='word_1_577' title='bbox 2745 1602 2862 1666; x_wconf 84' lang='grc' dir='ltr'>πῶς</span> <span class='ocrx_word' id='word_1_578' title='bbox 2888 1604 3141 1656; x_wconf 89' lang='grc' dir='ltr'>κάκεῖνον</span> <span class='ocrx_word' id='word_1_579' title='bbox 3176 1602 3333 1656; x_wconf 88' lang='grc' dir='ltr'>πάλιν</span> <span class='ocrx_word' id='word_1_580' title='bbox 3359 1600 3734 1666; x_wconf 86' lang='grc' dir='ltr'>καταστέλλει,</span> 
     </span>
    </p>
   </div>
   <div class='ocr_carea' id='block_1_77' title="bbox 2166 1686 3736 1763">
    <p class='ocr_par' dir='ltr' id='par_1_77' title="bbox 2166 1686 3736 1763">
     <span class='ocr_line' id='line_1_77' title="bbox 2166 1686 3736 1763; baseline 0.003 -24"><span class='ocrx_word' id='word_1_581' title='bbox 2166 1686 2252 1740; x_wconf 73' lang='grc' dir='ltr'>ἵνα</span> <span class='ocrx_word' id='word_1_582' title='bbox 2288 1689 2362 1758; x_wconf 85' lang='grc' dir='ltr'>μὴ</span> <span class='ocrx_word' id='word_1_583' title='bbox 2389 1691 2455 1761; x_wconf 82' lang='grc' dir='ltr'>τῇ</span> <span class='ocrx_word' id='word_1_584' title='bbox 2495 1691 2844 1762; x_wconf 85' lang='grc' dir='ltr'>συγχωρήσει</span> <span class='ocrx_word' id='word_1_585' title='bbox 2890 1692 3109 1761; x_wconf 82' lang='grc' dir='ltr'>γένηται</span> <span class='ocrx_word' id='word_1_586' title='bbox 3139 1691 3355 1763; x_wconf 87' lang='grc' dir='ltr'>χείρων.</span> <span class='ocrx_word' id='word_1_587' title='bbox 3402 1692 3463 1745; x_wconf 68' lang='lat' dir='ltr'>Et</span> <span class='ocrx_word' id='word_1_588' title='bbox 3493 1692 3600 1763; x_wconf 86' lang='grc' dir='ltr'>γὰρ</span> <span class='ocrx_word' id='word_1_589' title='bbox 3639 1692 3736 1745; x_wconf 61' lang='grc' dir='ltr'>καλ⁵</span> 
     </span>
    </p>
   </div>
   <div class='ocr_carea' id='block_1_78' title="bbox 2165 1779 3732 1856">
    <p class='ocr_par' dir='ltr' id='par_1_78' title="bbox 2165 1779 3732 1856">
     <span class='ocr_line' id='line_1_78' title="bbox 2165 1779 3732 1856; baseline 0.004 -25"><span class='ocrx_word' id='word_1_590' title='bbox 2165 1779 2649 1853; x_wconf 78' lang='grc' dir='ltr'>ὲξωμολογήσατο,</span> <span class='ocrx_word' id='word_1_591' title='bbox 2700 1785 2797 1837; x_wconf 72' lang='grc' dir='ltr'>καὶ</span> <span class='ocrx_word' id='word_1_592' title='bbox 2860 1785 3185 1856; x_wconf 86' lang='grc' dir='ltr'>μετενόησε,</span> <span class='ocrx_word' id='word_1_593' title='bbox 3226 1783 3494 1838; x_wconf 85' lang='grc' dir='ltr'>δείκνυσιν</span> <span class='ocrx_word' id='word_1_594' title='bbox 3540 1785 3620 1837; x_wconf 81' lang='grc' dir='ltr'>ὅτι</span> <span class='ocrx_word' id='word_1_595' title='bbox 3668 1784 3732 1838; x_wconf 93' lang='grc' dir='ltr'>οὐ</span> 
     </span>
    </p>
   </div>
   <div class='ocr_carea' id='block_1_79' title="bbox 2162 1871 3735 1949">
    <p class='ocr_par' dir='ltr' id='par_1_79' title="bbox 2162 1871 3735 1949">
     <span class='ocr_line' id='line_1_79' title="bbox 2162 1871 3735 1949; baseline 0.004 -26"><span class='ocrx_word' id='word_1_596' title='bbox 2162 1871 2417 1926; x_wconf 89' lang='grc' dir='ltr'>τοσοῦτον</span> <span class='ocrx_word' id='word_1_597' title='bbox 2451 1874 2559 1927; x_wconf 82' lang='grc' dir='ltr'>ἀπὸ</span> <span class='ocrx_word' id='word_1_598' title='bbox 2600 1873 2700 1944; x_wconf 79' lang='grc' dir='ltr'>τῆς</span> <span class='ocrx_word' id='word_1_599' title='bbox 2736 1874 3046 1946; x_wconf 85' lang='grc' dir='ltr'>μετανοίας,</span> <span class='ocrx_word' id='word_1_600' title='bbox 3090 1877 3212 1931; x_wconf 81' lang='grc' dir='ltr'>ὅσον</span> <span class='ocrx_word' id='word_1_601' title='bbox 3242 1878 3350 1931; x_wconf 81' lang='grc' dir='ltr'>ἀπὸ</span> <span class='ocrx_word' id='word_1_602' title='bbox 3376 1879 3477 1949; x_wconf 80' lang='grc' dir='ltr'>τῆς</span> <span class='ocrx_word' id='word_1_603' title='bbox 3522 1876 3735 1949; x_wconf 78' lang='grc' dir='ltr'>δωρεᾶς</span> 
     </span>
    </p>
   </div>
   <div class='ocr_carea' id='block_1_80' title="bbox 2162 1963 3733 2039">
    <p class='ocr_par' dir='ltr' id='par_1_80' title="bbox 2162 1963 3733 2039">
     <span class='ocr_line' id='line_1_80' title="bbox 2162 1963 3733 2039; baseline 0.004 -22"><span class='ocrx_word' id='word_1_604' title='bbox 2162 1963 2428 2035; x_wconf 76' lang='grc' dir='ltr'>λαμϐάνει</span> <span class='ocrx_word' id='word_1_605' title='bbox 2475 1965 2573 2038; x_wconf 81' lang='grc' dir='ltr'>τὴν</span> <span class='ocrx_word' id='word_1_606' title='bbox 2616 1967 2828 2034; x_wconf 76' lang='grc' dir='ltr'>ἄφεσιν.</span> <span class='ocrx_word' id='word_1_607' title='bbox 2870 1969 2961 2022; x_wconf 87' lang='grc' dir='ltr'>Διό</span> <span class='ocrx_word' id='word_1_608' title='bbox 3004 1985 3160 2039; x_wconf 82' lang='grc' dir='ltr'>φησι’</span> <span class='ocrx_word' id='word_1_609' title='bbox 3210 1969 3579 2039; x_wconf 77' lang='grc' dir='ltr'>Χαρίσασθαι</span> <span class='ocrx_word' id='word_1_610' title='bbox 3631 1969 3733 2023; x_wconf 79' lang='grc' dir='ltr'>και</span> 
     </span>
    </p>
   </div>
   <div class='ocr_carea' id='block_1_81' title="bbox 2163 2055 3732 2131">
    <p class='ocr_par' dir='ltr' id='par_1_81' title="bbox 2163 2055 3732 2131">
     <span class='ocr_line' id='line_1_81' title="bbox 2163 2055 3732 2131; baseline 0.003 -23"><span class='ocrx_word' id='word_1_611' title='bbox 2163 2055 2600 2124; x_wconf 81' lang='grc' dir='ltr'>παρακαλέσαι.</span> <span class='ocrx_word' id='word_1_612' title='bbox 2629 2058 2738 2111; x_wconf 85' lang='lat' dir='ltr'>Kal</span> <span class='ocrx_word' id='word_1_613' title='bbox 2758 2058 2820 2112; x_wconf 79' lang='grc' dir='ltr'>τὸ</span> <span class='ocrx_word' id='word_1_614' title='bbox 2858 2058 2984 2130; x_wconf 76' lang='grc' dir='ltr'>ἑξῆς</span> <span class='ocrx_word' id='word_1_615' title='bbox 3019 2059 3179 2112; x_wconf 84' lang='grc' dir='ltr'>πάλιν</span> <span class='ocrx_word' id='word_1_616' title='bbox 3211 2060 3272 2113; x_wconf 79' lang='grc' dir='ltr'>τὸ</span> <span class='ocrx_word' id='word_1_617' title='bbox 3295 2061 3425 2114; x_wconf 80' lang='grc' dir='ltr'>αὐτὸ</span> <span class='ocrx_word' id='word_1_618' title='bbox 3452 2061 3621 2131; x_wconf 84' lang='grc' dir='ltr'>δηλοῖ.</span> <span class='ocrx_word' id='word_1_619' title='bbox 3653 2060 3732 2113; x_wconf 87' lang='grc' dir='ltr'>Οὐ</span> 
     </span>
    </p>
   </div>
   <div class='ocr_carea' id='block_1_82' title="bbox 2164 2147 3736 2223">
    <p class='ocr_par' dir='ltr' id='par_1_82' title="bbox 2164 2147 3736 2223">
     <span class='ocr_line' id='line_1_82' title="bbox 2164 2147 3736 2223; baseline 0.003 -23"><span class='ocrx_word' id='word_1_620' title='bbox 2164 2147 2274 2219; x_wconf 88' lang='grc' dir='ltr'>γάρ</span> <span class='ocrx_word' id='word_1_621' title='bbox 2294 2147 2480 2219; x_wconf 85' lang='grc' dir='ltr'>ἐπειδὴ</span> <span class='ocrx_word' id='word_1_622' title='bbox 2503 2148 2652 2216; x_wconf 74' lang='grc' dir='ltr'>ἄξιός</span> <span class='ocrx_word' id='word_1_623' title='bbox 2681 2151 2848 2215; x_wconf 84' lang='grc' dir='ltr'>ἐστιν,</span> <span class='ocrx_word' id='word_1_624' title='bbox 2878 2151 2998 2205; x_wconf 86' lang='grc' dir='ltr'>οὐδέ</span> <span class='ocrx_word' id='word_1_625' title='bbox 3032 2152 3222 2222; x_wconf 80' lang='grc' dir='ltr'>ἐπειδὴ</span> <span class='ocrx_word' id='word_1_626' title='bbox 3252 2152 3532 2223; x_wconf 88' lang='grc' dir='ltr'>ἀρκοῦσαν</span> <span class='ocrx_word' id='word_1_627' title='bbox 3565 2152 3736 2223; x_wconf 80' lang='grc' dir='ltr'>μετά-</span> 
     </span>
    </p>
   </div>
   <div class='ocr_carea' id='block_1_83' title="bbox 2163 2239 3733 2314">
    <p class='ocr_par' dir='ltr' id='par_1_83' title="bbox 2163 2239 3733 2314">
     <span class='ocr_line' id='line_1_83' title="bbox 2163 2239 3733 2314; baseline 0.004 -24"><span class='ocrx_word' id='word_1_628' title='bbox 2163 2254 2312 2291; x_wconf 88' lang='grc' dir='ltr'>νοιαν</span> <span class='ocrx_word' id='word_1_629' title='bbox 2369 2239 2718 2304; x_wconf 80' lang='grc' dir='ltr'>ἐπεδείξατο,</span> <span class='ocrx_word' id='word_1_630' title='bbox 2767 2240 2882 2294; x_wconf 87' lang='grc' dir='ltr'>ἀλλ’</span> <span class='ocrx_word' id='word_1_631' title='bbox 2933 2241 3119 2312; x_wconf 77' lang='grc' dir='ltr'>ἐπειδὴ</span> <span class='ocrx_word' id='word_1_632' title='bbox 3170 2241 3405 2314; x_wconf 78' lang='grc' dir='ltr'>ἀσθενής</span> <span class='ocrx_word' id='word_1_633' title='bbox 3450 2244 3602 2309; x_wconf 84' lang='grc' dir='ltr'>ἐστι,</span> <span class='ocrx_word' id='word_1_634' title='bbox 3642 2242 3733 2296; x_wconf 73' lang='grc' dir='ltr'>διὰ</span> 
     </span>
    </p>
   </div>
   <div class='ocr_carea' id='block_1_84' title="bbox 2160 2328 3733 2405">
    <p class='ocr_par' dir='ltr' id='par_1_84' title="bbox 2160 2328 3733 2405">
     <span class='ocr_line' id='line_1_84' title="bbox 2160 2328 3733 2405; baseline 0.004 -23"><span class='ocrx_word' id='word_1_635' title='bbox 2160 2328 2333 2383; x_wconf 63' lang='grc' dir='ltr'>τοῦτό.</span> <span class='ocrx_word' id='word_1_636' title='bbox 2369 2347 2554 2402; x_wconf 79' lang='grc' dir='ltr'>φησιν’</span> <span class='ocrx_word' id='word_1_637' title='bbox 2599 2331 2779 2396; x_wconf 79' lang='grc' dir='ltr'>Ἀξιῶ·</span> <span class='ocrx_word' id='word_1_638' title='bbox 2825 2332 2906 2386; x_wconf 83' lang='grc' dir='ltr'>διὸ</span> <span class='ocrx_word' id='word_1_639' title='bbox 2940 2335 3032 2386; x_wconf 75' lang='grc' dir='ltr'>καὶ</span> <span class='ocrx_word' id='word_1_640' title='bbox 3056 2334 3329 2405; x_wconf 81' lang='grc' dir='ltr'>ἐπήγαγε.</span> <span class='ocrx_word' id='word_1_641' title='bbox 3360 2334 3456 2403; x_wconf 84' lang='grc' dir='ltr'>Μή</span> <span class='ocrx_word' id='word_1_642' title='bbox 3488 2346 3612 2398; x_wconf 74' lang='grc' dir='ltr'>πως</span> <span class='ocrx_word' id='word_1_643' title='bbox 3653 2334 3733 2405; x_wconf 78' lang='grc' dir='ltr'>τῇ</span> 
     </span>
    </p>
   </div>
   <div class='ocr_carea' id='block_1_85' title="bbox 2161 2422 3732 2493">
    <p class='ocr_par' dir='ltr' id='par_1_85' title="bbox 2161 2422 3732 2493">
     <span class='ocr_line' id='line_1_85' title="bbox 2161 2422 3732 2493; baseline 0.003 -18"><span class='ocrx_word' id='word_1_644' title='bbox 2161 2423 2558 2492; x_wconf 76' lang='grc' dir='ltr'>περισσοτέρᾳ</span> <span class='ocrx_word' id='word_1_645' title='bbox 2604 2425 2771 2492; x_wconf 79' lang='grc' dir='ltr'>λύπῃ</span> <span class='ocrx_word' id='word_1_646' title='bbox 2816 2422 3124 2493; x_wconf 77' lang='grc' dir='ltr'>καταποθῇ</span> <span class='ocrx_word' id='word_1_647' title='bbox 3169 2428 3202 2479; x_wconf 87' lang='grc' dir='ltr'>ό</span> <span class='ocrx_word' id='word_1_648' title='bbox 3238 2425 3522 2491; x_wconf 84' lang='grc' dir='ltr'>τοιοῦτος.</span> <span class='ocrx_word' id='word_1_649' title='bbox 3559 2426 3732 2480; x_wconf 86' lang='grc' dir='ltr'>Τοῦτο</span> 
     </span>
    </p>
   </div>
   <div class='ocr_carea' id='block_1_86' title="bbox 2158 2512 3729 2590">
    <p class='ocr_par' dir='ltr' id='par_1_86' title="bbox 2158 2512 3729 2590">
     <span class='ocr_line' id='line_1_86' title="bbox 2158 2512 3729 2590; baseline 0.003 -23"><span class='ocrx_word' id='word_1_650' title='bbox 2158 2513 2216 2567; x_wconf 84' lang='grc' dir='ltr'>δέ</span> <span class='ocrx_word' id='word_1_651' title='bbox 2241 2515 2335 2568; x_wconf 78' lang='grc' dir='ltr'>καὶ</span> <span class='ocrx_word' id='word_1_652' title='bbox 2364 2515 2767 2588; x_wconf 88' lang='grc' dir='ltr'>μαρτυροῦντος</span> <span class='ocrx_word' id='word_1_653' title='bbox 2791 2512 2860 2587; x_wconf 80' lang='grc' dir='ltr'>ἦν</span> <span class='ocrx_word' id='word_1_654' title='bbox 2888 2517 3036 2589; x_wconf 89' lang='grc' dir='ltr'>αὐτῷ</span> <span class='ocrx_word' id='word_1_655' title='bbox 3061 2517 3263 2590; x_wconf 84' lang='grc' dir='ltr'>πολλὴν</span> <span class='ocrx_word' id='word_1_656' title='bbox 3290 2519 3387 2589; x_wconf 76' lang='grc' dir='ltr'>τὴν</span> <span class='ocrx_word' id='word_1_657' title='bbox 3416 2518 3729 2590; x_wconf 87' lang='grc' dir='ltr'>μετάνοιαν,</span> 
     </span>
    </p>
   </div>
   <div class='ocr_carea' id='block_1_87' title="bbox 2161 2607 3729 2677">
    <p class='ocr_par' dir='ltr' id='par_1_87' title="bbox 2161 2607 3729 2677">
     <span class='ocr_line' id='line_1_87' title="bbox 2161 2607 3729 2677; baseline 0.003 -16"><span class='ocrx_word' id='word_1_658' title='bbox 2161 2607 2257 2661; x_wconf 72' lang='grc' dir='ltr'>καὶ</span> <span class='ocrx_word' id='word_1_659' title='bbox 2288 2608 2390 2661; x_wconf 88' lang='grc' dir='ltr'>οὐκ</span> <span class='ocrx_word' id='word_1_660' title='bbox 2438 2608 2691 2677; x_wconf 82' lang='grc' dir='ltr'>ἀφιέντος</span> <span class='ocrx_word' id='word_1_661' title='bbox 2733 2611 2812 2674; x_wconf 88' lang='grc' dir='ltr'>είς</span> <span class='ocrx_word' id='word_1_662' title='bbox 2848 2610 3151 2665; x_wconf 74' lang='grc' dir='ltr'>ἀπόνοιανε</span> <span class='ocrx_word' id='word_1_663' title='bbox 3189 2610 3383 2666; x_wconf 82' lang='grc' dir='ltr'>ἐλθεῖν.</span> <span class='ocrx_word' id='word_1_664' title='bbox 3424 2609 3489 2664; x_wconf 86' lang='grc' dir='ltr'>Τί</span> <span class='ocrx_word' id='word_1_665' title='bbox 3516 2611 3572 2664; x_wconf 89' lang='grc' dir='ltr'>δέ</span> <span class='ocrx_word' id='word_1_666' title='bbox 3609 2613 3729 2666; x_wconf 89' lang='grc' dir='ltr'>ἐστι</span> 
     </span>
    </p>
   </div>
   <div class='ocr_carea' id='block_1_88' title="bbox 2159 2700 3796 2775">
    <p class='ocr_par' dir='ltr' id='par_1_88' title="bbox 2159 2700 3796 2775">
     <span class='ocr_line' id='line_1_88' title="bbox 2159 2700 3796 2775; baseline 0.002 -21"><span class='ocrx_word' id='word_1_667' title='bbox 2159 2701 2241 2768; x_wconf 85' lang='grc' dir='ltr'>τὸ,</span> <span class='ocrx_word' id='word_1_668' title='bbox 2275 2700 2596 2771; x_wconf 76' lang='grc' dir='ltr'>Καταποθῇ</span> <span class='ocrx_word' id='word_1_669' title='bbox 2614 2718 2634 2767; x_wconf 85' lang='grc'><em>;</em></span> <span class='ocrx_word' id='word_1_670' title='bbox 2667 2703 2741 2756; x_wconf 85' lang='grc' dir='ltr'><strong><em>Ἦ</em></strong></span> <span class='ocrx_word' id='word_1_671' title='bbox 2773 2703 2928 2757; x_wconf 89' lang='grc' dir='ltr'>τοῦτο</span> <span class='ocrx_word' id='word_1_672' title='bbox 2956 2705 3189 2775; x_wconf 80' lang='grc' dir='ltr'>ποιήσας</span> <span class='ocrx_word' id='word_1_673' title='bbox 3218 2704 3357 2775; x_wconf 83' lang='grc' dir='ltr'>ὅπερ</span> <span class='ocrx_word' id='word_1_674' title='bbox 3384 2705 3478 2758; x_wconf 74' lang='grc' dir='ltr'>καὶ</span> <span class='ocrx_word' id='word_1_675' title='bbox 3529 2702 3729 2767; x_wconf 79' lang='grc' dir='ltr'>Ἰούδας</span> <span class='ocrx_word' id='word_1_676' title='bbox 3792 2738 3796 2740; x_wconf 73' lang='lat'>~</span> 
     </span>
    </p>
   </div>
   <div class='ocr_carea' id='block_1_89' title="bbox 2158 2793 3727 2869">
    <p class='ocr_par' dir='ltr' id='par_1_89' title="bbox 2158 2793 3727 2869">
     <span class='ocr_line' id='line_1_89' title="bbox 2158 2793 3727 2869; baseline 0.002 -23"><span class='ocrx_word' id='word_1_677' title='bbox 2158 2793 2436 2865; x_wconf 85' lang='grc' dir='ltr'>ἐποίησεν,</span> <span class='ocrx_word' id='word_1_678' title='bbox 2468 2794 2502 2865; x_wconf 78' lang='grc' dir='ltr'><strong>ἢ</strong></span> <span class='ocrx_word' id='word_1_679' title='bbox 2544 2794 2639 2848; x_wconf 71' lang='grc' dir='ltr'>καὶ</span> <span class='ocrx_word' id='word_1_680' title='bbox 2685 2797 2743 2849; x_wconf 88' lang='grc' dir='ltr'>ἐν</span> <span class='ocrx_word' id='word_1_681' title='bbox 2775 2794 2854 2868; x_wconf 86' lang='grc' dir='ltr'>τῷ</span> <span class='ocrx_word' id='word_1_682' title='bbox 2883 2795 2983 2869; x_wconf 75' lang='grc' dir='ltr'>ζῇν</span> <span class='ocrx_word' id='word_1_683' title='bbox 3021 2796 3221 2867; x_wconf 89' lang='grc' dir='ltr'>χείρων</span> <span class='ocrx_word' id='word_1_684' title='bbox 3260 2797 3569 2867; x_wconf 85' lang='grc' dir='ltr'>γενόμενος.</span> <span class='ocrx_word' id='word_1_685' title='bbox 3608 2796 3727 2849; x_wconf 77' lang='grc' dir='ltr'>Κάν</span> 
     </span>
    </p>
   </div>
   <div class='ocr_carea' id='block_1_90' title="bbox 2157 2886 3726 2961">
    <p class='ocr_par' dir='ltr' id='par_1_90' title="bbox 2157 2886 3726 2961">
     <span class='ocr_line' id='line_1_90' title="bbox 2157 2886 3726 2961; baseline 0.001 -22"><span class='ocrx_word' id='word_1_686' title='bbox 2157 2887 2265 2957; x_wconf 87' lang='grc' dir='ltr'>γάρ</span> <span class='ocrx_word' id='word_1_687' title='bbox 2289 2886 2694 2960; x_wconf 81' lang='grc' dir='ltr'>ἀποσκιρτήσῃ,</span> <span class='ocrx_word' id='word_1_688' title='bbox 2722 2889 2875 2960; x_wconf 76' lang='grc' dir='ltr'>φησὶ,</span> <span class='ocrx_word' id='word_1_689' title='bbox 2907 2888 2984 2961; x_wconf 84' lang='grc' dir='ltr'>τῷ</span> <span class='ocrx_word' id='word_1_690' title='bbox 3022 2887 3097 2959; x_wconf 82' lang='grc' dir='ltr'>μὴ</span> <span class='ocrx_word' id='word_1_691' title='bbox 3130 2888 3317 2959; x_wconf 90' lang='grc' dir='ltr'>φέρειν</span> <span class='ocrx_word' id='word_1_692' title='bbox 3350 2887 3605 2941; x_wconf 86' lang='grc' dir='ltr'>ἐπιπλέον</span> <span class='ocrx_word' id='word_1_693' title='bbox 3624 2886 3726 2959; x_wconf 76' lang='grc' dir='ltr'>τὴν</span> 
     </span>
    </p>
   </div>
   <div class='ocr_carea' id='block_1_91' title="bbox 2156 2977 3729 3053">
    <p class='ocr_par' dir='ltr' id='par_1_91' title="bbox 2156 2977 3729 3053">
     <span class='ocr_line' id='line_1_91' title="bbox 2156 2977 3729 3053; baseline 0.003 -23"><span class='ocrx_word' id='word_1_694' title='bbox 2156 2978 2222 3031; x_wconf 91' lang='grc' dir='ltr'>ἐκ</span> <span class='ocrx_word' id='word_1_695' title='bbox 2263 2977 2360 3048; x_wconf 84' lang='grc' dir='ltr'>τῆς</span> <span class='ocrx_word' id='word_1_696' title='bbox 2395 2979 2804 3050; x_wconf 84' lang='grc' dir='ltr'>ἐπιτεινομένης</span> <span class='ocrx_word' id='word_1_697' title='bbox 2840 2980 3182 3053; x_wconf 80' lang='grc' dir='ltr'>ἐπιπλήξεως</span> <span class='ocrx_word' id='word_1_698' title='bbox 3212 2979 3436 3052; x_wconf 83' lang='grc' dir='ltr'>ὀδύνην·</span> <span class='ocrx_word' id='word_1_699' title='bbox 3468 2978 3729 3045; x_wconf 85' lang='grc' dir='ltr'>πολλάκις</span> 
     </span>
    </p>
   </div>
   <div class='ocr_carea' id='block_1_92' title="bbox 2156 3071 3729 3146">
    <p class='ocr_par' dir='ltr' id='par_1_92' title="bbox 2156 3071 3729 3146">
     <span class='ocr_line' id='line_1_92' title="bbox 2156 3071 3729 3146; baseline 0.003 -22"><span class='ocrx_word' id='word_1_700' title='bbox 2156 3071 2252 3124; x_wconf 72' lang='grc' dir='ltr'>καὶ</span> <span class='ocrx_word' id='word_1_701' title='bbox 2291 3071 2589 3140; x_wconf 82' lang='grc' dir='ltr'>ἀπογνοὺς,</span> <span class='ocrx_word' id='word_1_702' title='bbox 2625 3072 2658 3143; x_wconf 81' lang='grc' dir='ltr'>ἢ</span> <span class='ocrx_word' id='word_1_703' title='bbox 2695 3074 2777 3136; x_wconf 89' lang='grc' dir='ltr'>εἰς</span> <span class='ocrx_word' id='word_1_704' title='bbox 2810 3073 3067 3144; x_wconf 87' lang='grc' dir='ltr'>ἀγχόνην,</span> <span class='ocrx_word' id='word_1_705' title='bbox 3108 3073 3142 3146; x_wconf 78' lang='grc' dir='ltr'>ἢ</span> <span class='ocrx_word' id='word_1_706' title='bbox 3176 3076 3257 3138; x_wconf 86' lang='grc' dir='ltr'>εἰς</span> <span class='ocrx_word' id='word_1_707' title='bbox 3286 3073 3506 3146; x_wconf 77' lang='grc' dir='ltr'>μείζονα</span> <span class='ocrx_word' id='word_1_708' title='bbox 3541 3074 3729 3129; x_wconf 79' lang='grc' dir='ltr'>λοιπὸν</span> 
     </span>
    </p>
   </div>
   <div class='ocr_carea' id='block_1_93' title="bbox 2152 3158 3728 3243">
    <p class='ocr_par' dir='ltr' id='par_1_93' title="bbox 2152 3158 3728 3243">
     <span class='ocr_line' id='line_1_93' title="bbox 2152 3158 3728 3243; baseline 0.004 -31"><span class='ocrx_word' id='word_1_709' title='bbox 2152 3158 2273 3230; x_wconf 73' lang='grc' dir='ltr'>ἥξει</span> <span class='ocrx_word' id='word_1_710' title='bbox 2299 3161 2513 3216; x_wconf 87' lang='grc' dir='ltr'>κακίαν.</span> <span class='ocrx_word' id='word_1_711' title='bbox 2543 3164 2652 3243; x_wconf 41' lang='grc' dir='ltr'>Δεῖζ</span> <span class='ocrx_word' id='word_1_712' title='bbox 2654 3163 2832 3216; x_wconf 89' lang='grc' dir='ltr'>τοίνυν</span> <span class='ocrx_word' id='word_1_713' title='bbox 2860 3162 3318 3233; x_wconf 85' lang='grc' dir='ltr'>προκαταλαϐεῖν,</span> <span class='ocrx_word' id='word_1_714' title='bbox 3344 3165 3432 3219; x_wconf 86' lang='grc' dir='ltr'>ῖνα</span> <span class='ocrx_word' id='word_1_715' title='bbox 3465 3165 3538 3239; x_wconf 80' lang='grc' dir='ltr'>μὴ</span> <span class='ocrx_word' id='word_1_716' title='bbox 3565 3164 3728 3236; x_wconf 59' lang='grc' dir='ltr'>χαλε-</span> 
     </span>
    </p>
   </div>
   <div class='ocr_carea' id='block_1_94' title="bbox 2154 3250 3727 3331">
    <p class='ocr_par' dir='ltr' id='par_1_94' title="bbox 2154 3250 3727 3331">
     <span class='ocr_line' id='line_1_94' title="bbox 2154 3250 3727 3331; baseline 0.005 -27"><span class='ocrx_word' id='word_1_717' title='bbox 2154 3250 2398 3324; x_wconf 82' lang='grc' dir='ltr'>πώτερον</span> <span class='ocrx_word' id='word_1_718' title='bbox 2423 3253 2485 3306; x_wconf 86' lang='grc' dir='ltr'>τὸ</span> <span class='ocrx_word' id='word_1_719' title='bbox 2515 3253 2672 3318; x_wconf 82' lang='grc' dir='ltr'>ἐλκος</span> <span class='ocrx_word' id='word_1_720' title='bbox 2704 3254 2949 3325; x_wconf 86' lang='grc' dir='ltr'>γένηται,</span> <span class='ocrx_word' id='word_1_721' title='bbox 2988 3255 3154 3327; x_wconf 79' lang='grc' dir='ltr'>μηδὲ,</span> <span class='ocrx_word' id='word_1_722' title='bbox 3195 3256 3331 3328; x_wconf 80' lang='grc' dir='ltr'>ὅπερ</span> <span class='ocrx_word' id='word_1_723' title='bbox 3360 3257 3727 3331; x_wconf 83' lang='grc' dir='ltr'>κατωρθώσα-</span> 
     </span>
    </p>
   </div>
   <div class='ocr_carea' id='block_1_95' title="bbox 2155 3344 3039 3419">
    <p class='ocr_par' dir='ltr' id='par_1_95' title="bbox 2155 3344 3039 3419">
     <span class='ocr_line' id='line_1_95' title="bbox 2155 3344 3039 3419; baseline 0.006 -23"><span class='ocrx_word' id='word_1_724' title='bbox 2155 3359 2275 3415; x_wconf 88' lang='grc' dir='ltr'>μεν,</span> <span class='ocrx_word' id='word_1_725' title='bbox 2308 3344 2663 3415; x_wconf 87' lang='grc' dir='ltr'>ἀπολέσωμεν</span> <span class='ocrx_word' id='word_1_726' title='bbox 2692 3346 2756 3417; x_wconf 76' lang='grc' dir='ltr'>τῇ</span> <span class='ocrx_word' id='word_1_727' title='bbox 2785 3346 3039 3419; x_wconf 75' lang='grc' dir='ltr'>ἀμετρίᾳ.</span> 
     </span>
    </p>
   </div>
   <div class='ocr_carea' id='block_1_96' title="bbox 2222 3435 3726 3510">
    <p class='ocr_par' dir='ltr' id='par_1_96' title="bbox 2222 3435 3726 3510">
     <span class='ocr_line' id='line_1_96' title="bbox 2222 3435 3726 3510; baseline 0.003 -21"><span class='ocrx_word' id='word_1_728' title='bbox 2222 3435 2406 3490; x_wconf 87' lang='grc' dir='ltr'>Ταῦτα</span> <span class='ocrx_word' id='word_1_729' title='bbox 2430 3436 2488 3491; x_wconf 74' lang='grc' dir='ltr'>δέ</span> <span class='ocrx_word' id='word_1_730' title='bbox 2525 3435 2730 3506; x_wconf 73' lang='grc' dir='ltr'>ἔλεγεν,</span> <span class='ocrx_word' id='word_1_731' title='bbox 2765 3438 2987 3503; x_wconf 86' lang='grc' dir='ltr'>ἐκεῖνον,</span> <span class='ocrx_word' id='word_1_732' title='bbox 3024 3440 3161 3510; x_wconf 83' lang='grc' dir='ltr'>ὅπερ</span> <span class='ocrx_word' id='word_1_733' title='bbox 3192 3438 3361 3509; x_wconf 79' lang='grc' dir='ltr'>ἔφθην</span> <span class='ocrx_word' id='word_1_734' title='bbox 3388 3439 3580 3507; x_wconf 75' lang='grc' dir='ltr'>εἰπὼν,</span> <span class='ocrx_word' id='word_1_735' title='bbox 3627 3441 3726 3495; x_wconf 76' lang='grc' dir='ltr'>καὶ</span> 
     </span>
    </p>
   </div>
   <div class='ocr_carea' id='block_1_97' title="bbox 2151 3528 3725 3603">
    <p class='ocr_par' dir='ltr' id='par_1_97' title="bbox 2151 3528 3725 3603">
     <span class='ocr_line' id='line_1_97' title="bbox 2151 3528 3725 3603; baseline 0.003 -23"><span class='ocrx_word' id='word_1_736' title='bbox 2151 3528 2529 3582; x_wconf 84' lang='grc' dir='ltr'>καταστέλλων</span> <span class='ocrx_word' id='word_1_737' title='bbox 2573 3530 2670 3582; x_wconf 68' lang='grc' dir='ltr'>καὶ</span> <span class='ocrx_word' id='word_1_738' title='bbox 2711 3528 2983 3583; x_wconf 87' lang='grc' dir='ltr'>παιδεύων</span> <span class='ocrx_word' id='word_1_739' title='bbox 3025 3530 3100 3600; x_wconf 83' lang='grc' dir='ltr'>μὴ</span> <span class='ocrx_word' id='word_1_740' title='bbox 3144 3529 3392 3599; x_wconf 88' lang='grc' dir='ltr'>γενέσθαι</span> <span class='ocrx_word' id='word_1_741' title='bbox 3446 3529 3584 3600; x_wconf 82' lang='grc' dir='ltr'>μετά</span> <span class='ocrx_word' id='word_1_742' title='bbox 3618 3531 3725 3603; x_wconf 78' lang='grc' dir='ltr'>τὴν</span> 
     </span>
    </p>
   </div>
   <div class='ocr_carea' id='block_1_98' title="bbox 2149 3619 3720 3693">
    <p class='ocr_par' dir='ltr' id='par_1_98' title="bbox 2149 3619 3720 3693">
     <span class='ocr_line' id='line_1_98' title="bbox 2149 3619 3720 3693; baseline -0.001 -18"><span class='ocrx_word' id='word_1_743' title='bbox 2149 3620 2344 3689; x_wconf 80' lang='grc' dir='ltr'>ἄφεσιν</span> <span class='ocrx_word' id='word_1_744' title='bbox 2363 3620 2757 3693; x_wconf 78' lang='grc' dir='ltr'>ῥᾳθυμότερον.</span> <span class='ocrx_word' id='word_1_745' title='bbox 2780 3620 2855 3674; x_wconf 89' lang='grc' dir='ltr'>Οὐ</span> <span class='ocrx_word' id='word_1_746' title='bbox 2873 3620 2983 3691; x_wconf 88' lang='grc' dir='ltr'>γὰρ</span> <span class='ocrx_word' id='word_1_747' title='bbox 3001 3622 3078 3685; x_wconf 82' lang='grc' dir='ltr'>ὡς</span> <span class='ocrx_word' id='word_1_748' title='bbox 3095 3620 3491 3692; x_wconf 78' lang='grc' dir='ltr'>ἀπονιψάμενον</span> <span class='ocrx_word' id='word_1_749' title='bbox 3509 3619 3720 3687; x_wconf 83' lang='grc' dir='ltr'>τέλεον,</span> 
     </span>
    </p>
   </div>
   <div class='ocr_carea' id='block_1_99' title="bbox 2147 3710 3719 3786">
    <p class='ocr_par' dir='ltr' id='par_1_99' title="bbox 2147 3710 3719 3786">
     <span class='ocr_line' id='line_1_99' title="bbox 2147 3710 3719 3786; baseline 0.001 -20"><span class='ocrx_word' id='word_1_750' title='bbox 2147 3711 2263 3766; x_wconf 86' lang='grc' dir='ltr'>ἀλλ’</span> <span class='ocrx_word' id='word_1_751' title='bbox 2303 3710 2379 3775; x_wconf 86' lang='grc' dir='ltr'>ὡς</span> <span class='ocrx_word' id='word_1_752' title='bbox 2428 3711 2679 3777; x_wconf 87' lang='grc' dir='ltr'>δεδοικὼς</span> <span class='ocrx_word' id='word_1_753' title='bbox 2728 3713 2804 3786; x_wconf 82' lang='grc' dir='ltr'>μὴ</span> <span class='ocrx_word' id='word_1_754' title='bbox 2858 3712 3234 3785; x_wconf 85' lang='grc' dir='ltr'>χαλεπώτερόν</span> <span class='ocrx_word' id='word_1_755' title='bbox 3283 3730 3336 3767; x_wconf 91' lang='grc' dir='ltr'>τι</span> <span class='ocrx_word' id='word_1_756' title='bbox 3386 3713 3719 3786; x_wconf 79' lang='grc' dir='ltr'>ἐργάσηται,</span> 
     </span>
    </p>
   </div>
   <div class='ocr_carea' id='block_1_100' title="bbox 2148 3802 3722 3877">
    <p class='ocr_par' dir='ltr' id='par_1_100' title="bbox 2148 3802 3722 3877">
     <span class='ocr_line' id='line_1_100' title="bbox 2148 3802 3722 3877; baseline 0.002 -19"><span class='ocrx_word' id='word_1_757' title='bbox 2148 3802 2290 3858; x_wconf 77' lang='grc' dir='ltr'>οὕτω</span> <span class='ocrx_word' id='word_1_758' title='bbox 2321 3802 2609 3876; x_wconf 82' lang='grc' dir='ltr'>ἐδεξάμην,</span> <span class='ocrx_word' id='word_1_759' title='bbox 2644 3805 2824 3875; x_wconf 88' lang='grc' dir='ltr'>φησίν.</span> <span class='ocrx_word' id='word_1_760' title='bbox 2863 3805 3026 3859; x_wconf 87' lang='grc' dir='ltr'>Ὅθεν</span> <span class='ocrx_word' id='word_1_761' title='bbox 3054 3804 3414 3877; x_wconf 83' lang='grc' dir='ltr'>μανθάνομεν,</span> <span class='ocrx_word' id='word_1_762' title='bbox 3434 3806 3518 3861; x_wconf 81' lang='grc' dir='ltr'>ὅτι</span> <span class='ocrx_word' id='word_1_763' title='bbox 3548 3807 3612 3860; x_wconf 89' lang='grc' dir='ltr'>οὐ</span> <span class='ocrx_word' id='word_1_764' title='bbox 3640 3806 3722 3861; x_wconf 87' lang='grc' dir='ltr'>δεῖ</span> 
     </span>
    </p>
   </div>
   <div class='ocr_carea' id='block_1_101' title="bbox 2151 3895 3719 3968">
    <p class='ocr_par' dir='ltr' id='par_1_101' title="bbox 2151 3895 3719 3968">
     <span class='ocr_line' id='line_1_101' title="bbox 2151 3895 3719 3968; baseline 0.003 -20"><span class='ocrx_word' id='word_1_765' title='bbox 2151 3895 2311 3967; x_wconf 89' lang='grc' dir='ltr'>μόνον</span> <span class='ocrx_word' id='word_1_766' title='bbox 2346 3896 2482 3967; x_wconf 81' lang='grc' dir='ltr'>πρὸς</span> <span class='ocrx_word' id='word_1_767' title='bbox 2514 3896 2613 3968; x_wconf 81' lang='grc' dir='ltr'>τὴν</span> <span class='ocrx_word' id='word_1_768' title='bbox 2659 3896 2820 3966; x_wconf 88' lang='grc' dir='ltr'>φύσιν</span> <span class='ocrx_word' id='word_1_769' title='bbox 2850 3896 2961 3950; x_wconf 85' lang='grc' dir='ltr'>τῶν</span> <span class='ocrx_word' id='word_1_770' title='bbox 2995 3897 3427 3968; x_wconf 81' lang='grc' dir='ltr'>ἁμαρτημάτων,</span> <span class='ocrx_word' id='word_1_771' title='bbox 3462 3897 3597 3953; x_wconf 84' lang='grc' dir='ltr'>ἀλλά</span> <span class='ocrx_word' id='word_1_772' title='bbox 3626 3900 3719 3953; x_wconf 80' lang='grc' dir='ltr'>καὶ</span> 
     </span>
    </p>
   </div>
   <div class='ocr_carea' id='block_1_102' title="bbox 2149 3986 3716 4062">
    <p class='ocr_par' dir='ltr' id='par_1_102' title="bbox 2149 3986 3716 4062">
     <span class='ocr_line' id='line_1_102' title="bbox 2149 3986 3716 4062; baseline 0.003 -22"><span class='ocrx_word' id='word_1_773' title='bbox 2149 3987 2284 4059; x_wconf 80' lang='grc' dir='ltr'>πρὸς</span> <span class='ocrx_word' id='word_1_774' title='bbox 2316 3987 2414 4058; x_wconf 80' lang='grc' dir='ltr'>τὴν</span> <span class='ocrx_word' id='word_1_775' title='bbox 2446 3986 2686 4041; x_wconf 88' lang='grc' dir='ltr'>διάνοιαν</span> <span class='ocrx_word' id='word_1_776' title='bbox 2715 3988 2808 4042; x_wconf 60' lang='grc' dir='ltr'>καὶ⁵</span> <span class='ocrx_word' id='word_1_777' title='bbox 2846 3988 2946 4061; x_wconf 82' lang='grc' dir='ltr'>τὴν</span> <span class='ocrx_word' id='word_1_778' title='bbox 2993 3987 3107 4054; x_wconf 81' lang='grc' dir='ltr'>ἐξιν</span> <span class='ocrx_word' id='word_1_779' title='bbox 3143 3988 3254 4042; x_wconf 83' lang='grc' dir='ltr'>τῶν</span> <span class='ocrx_word' id='word_1_780' title='bbox 3295 3989 3716 4062; x_wconf 82' lang='grc' dir='ltr'>ἁμαρτανόντων</span> 
     </span>
    </p>
   </div>
   <div class='ocr_carea' id='block_1_103' title="bbox 2146 4078 3715 4154">
    <p class='ocr_par' dir='ltr' id='par_1_103' title="bbox 2146 4078 3715 4154">
     <span class='ocr_line' id='line_1_103' title="bbox 2146 4078 3715 4154; baseline 0.006 -24"><span class='ocrx_word' id='word_1_781' title='bbox 2146 4081 2246 4148; x_wconf 81' lang='grc' dir='ltr'>τὴν</span> <span class='ocrx_word' id='word_1_782' title='bbox 2267 4079 2557 4149; x_wconf 87' lang='grc' dir='ltr'>μετάνοιαν</span> <span class='ocrx_word' id='word_1_783' title='bbox 2569 4078 2792 4150; x_wconf 79' lang='grc' dir='ltr'>ὁρίζειν·</span> <span class='ocrx_word' id='word_1_784' title='bbox 2808 4078 2836 4132; x_wconf 88' lang='grc' dir='ltr'><strong>ὃ</strong></span> <span class='ocrx_word' id='word_1_785' title='bbox 2854 4081 2952 4136; x_wconf 75' lang='grc' dir='ltr'>καὶ</span> <span class='ocrx_word' id='word_1_786' title='bbox 2965 4081 3083 4135; x_wconf 82' lang='grc' dir='ltr'>τότε</span> <span class='ocrx_word' id='word_1_787' title='bbox 3100 4084 3130 4135; x_wconf 86' lang='grc' dir='ltr'>ό</span> <span class='ocrx_word' id='word_1_788' title='bbox 3143 4081 3715 4154; x_wconf 78' lang='grc' dir='ltr'>Ἀπόστολοςέποίησε.</span> 
     </span>
    </p>
   </div>
   <div class='ocr_carea' id='block_1_104' title="bbox 2146 4168 3717 4240">
    <p class='ocr_par' dir='ltr' id='par_1_104' title="bbox 2146 4168 3717 4240">
     <span class='ocr_line' id='line_1_104' title="bbox 2146 4168 3717 4240; baseline 0.001 -17"><span class='ocrx_word' id='word_1_789' title='bbox 2146 4168 2256 4223; x_wconf 81' lang='lat' dir='ltr'>Kal</span> <span class='ocrx_word' id='word_1_790' title='bbox 2299 4168 2406 4240; x_wconf 85' lang='grc' dir='ltr'>γὰρ</span> <span class='ocrx_word' id='word_1_791' title='bbox 2447 4169 2696 4237; x_wconf 79' lang='grc' dir='ltr'>ἐφοϐεῖτο</span> <span class='ocrx_word' id='word_1_792' title='bbox 2735 4168 2900 4224; x_wconf 88' lang='grc' dir='ltr'>αὐτοῦ</span> <span class='ocrx_word' id='word_1_793' title='bbox 2924 4170 2987 4223; x_wconf 82' lang='grc' dir='ltr'>τὸ</span> <span class='ocrx_word' id='word_1_794' title='bbox 3031 4169 3284 4236; x_wconf 87' lang='grc' dir='ltr'>ἀσθενές·</span> <span class='ocrx_word' id='word_1_795' title='bbox 3319 4170 3414 4225; x_wconf 76' lang='grc' dir='ltr'>καὶ</span> <span class='ocrx_word' id='word_1_796' title='bbox 3447 4170 3535 4224; x_wconf 78' lang='grc' dir='ltr'>διὰ</span> <span class='ocrx_word' id='word_1_797' title='bbox 3560 4168 3717 4224; x_wconf 86' lang='grc' dir='ltr'>τοῦτο</span> 
     </span>
    </p>
   </div>
   <div class='ocr_carea' id='block_1_105' title="bbox 2146 4258 3719 4333">
    <p class='ocr_par' dir='ltr' id='par_1_105' title="bbox 2146 4258 3719 4333">
     <span class='ocr_line' id='line_1_105' title="bbox 2146 4258 3719 4333; baseline 0.002 -21"><span class='ocrx_word' id='word_1_798' title='bbox 2146 4258 2319 4329; x_wconf 76' lang='grc' dir='ltr'>ἔλεγε,</span> <span class='ocrx_word' id='word_1_799' title='bbox 2353 4259 2449 4329; x_wconf 79' lang='grc' dir='ltr'>Μὴ</span> <span class='ocrx_word' id='word_1_800' title='bbox 2479 4259 2819 4329; x_wconf 76' lang='grc' dir='ltr'>καταποθῇ,</span> <span class='ocrx_word' id='word_1_801' title='bbox 2849 4260 2925 4325; x_wconf 84' lang='grc' dir='ltr'>ὡς</span> <span class='ocrx_word' id='word_1_802' title='bbox 2969 4261 3061 4315; x_wconf 72' lang='grc' dir='ltr'>ἐπὶ</span> <span class='ocrx_word' id='word_1_803' title='bbox 3104 4261 3321 4333; x_wconf 85' lang='grc' dir='ltr'>θηρίου,</span> <span class='ocrx_word' id='word_1_804' title='bbox 3355 4261 3431 4325; x_wconf 87' lang='grc' dir='ltr'>ὡς</span> <span class='ocrx_word' id='word_1_805' title='bbox 3469 4261 3561 4315; x_wconf 81' lang='grc' dir='ltr'>ἐπὶ</span> <span class='ocrx_word' id='word_1_806' title='bbox 3601 4278 3719 4332; x_wconf 85' lang='grc' dir='ltr'>χει-</span> 
     </span>
    </p>
   </div>
   <div class='ocr_carea' id='block_1_106' title="bbox 2148 4351 3715 4424">
    <p class='ocr_par' dir='ltr' id='par_1_106' title="bbox 2148 4351 3715 4424">
     <span class='ocr_line' id='line_1_106' title="bbox 2148 4351 3715 4424; baseline 0.003 -21"><span class='ocrx_word' id='word_1_807' title='bbox 2148 4351 2345 4423; x_wconf 84' lang='grc' dir='ltr'>μῶνος,</span> <span class='ocrx_word' id='word_1_808' title='bbox 2364 4352 2438 4416; x_wconf 82' lang='grc' dir='ltr'>ὡς</span> <span class='ocrx_word' id='word_1_809' title='bbox 2455 4353 2546 4407; x_wconf 76' lang='grc' dir='ltr'>ἐπὶ</span> <span class='ocrx_word' id='word_1_810' title='bbox 2565 4352 2849 4417; x_wconf 87' lang='grc' dir='ltr'>κλύδωνος.</span> <span class='ocrx_word' id='word_1_811' title='bbox 2865 4352 2962 4407; x_wconf 85' lang='grc' dir='ltr'>Διὸ</span> <span class='ocrx_word' id='word_1_812' title='bbox 2983 4354 3311 4423; x_wconf 79' lang='grc' dir='ltr'>παρακαλῶ</span> <span class='ocrx_word' id='word_1_813' title='bbox 3326 4353 3499 4424; x_wconf 83' lang='grc' dir='ltr'>ὑμᾶς.</span> <span class='ocrx_word' id='word_1_814' title='bbox 3520 4355 3715 4408; x_wconf 88' lang='grc' dir='ltr'>Οὐκέτι</span> 
     </span>
    </p>
   </div>
   <div class='ocr_carea' id='block_1_107' title="bbox 2143 4443 3714 4518">
    <p class='ocr_par' dir='ltr' id='par_1_107' title="bbox 2143 4443 3714 4518">
     <span class='ocr_line' id='line_1_107' title="bbox 2143 4443 3714 4518; baseline -0.001 -19"><span class='ocrx_word' id='word_1_815' title='bbox 2143 4443 2440 4508; x_wconf 82' lang='grc' dir='ltr'>ἐπιτάττει,</span> <span class='ocrx_word' id='word_1_816' title='bbox 2473 4445 2609 4499; x_wconf 87' lang='grc' dir='ltr'>ἀλλά</span> <span class='ocrx_word' id='word_1_817' title='bbox 2638 4444 2965 4518; x_wconf 85' lang='grc' dir='ltr'>παρακαλεῖ.</span> <span class='ocrx_word' id='word_1_818' title='bbox 2997 4445 3095 4517; x_wconf 90' lang='grc' dir='ltr'>οὐχ</span> <span class='ocrx_word' id='word_1_819' title='bbox 3123 4446 3197 4510; x_wconf 87' lang='grc' dir='ltr'>ὡς</span> <span class='ocrx_word' id='word_1_820' title='bbox 3228 4445 3566 4513; x_wconf 74' lang='grc' dir='ltr'>διδάσκαλος,</span> <span class='ocrx_word' id='word_1_821' title='bbox 3596 4444 3714 4498; x_wconf 82' lang='grc' dir='ltr'>ἀλλ’</span> 
     </span>
    </p>
   </div>
   <div class='ocr_carea' id='block_1_108' title="bbox 2142 4536 3713 4609">
    <p class='ocr_par' dir='ltr' id='par_1_108' title="bbox 2142 4536 3713 4609">
     <span class='ocr_line' id='line_1_108' title="bbox 2142 4536 3713 4609; baseline 0.001 -20"><span class='ocrx_word' id='word_1_822' title='bbox 2142 4536 2217 4599; x_wconf 85' lang='grc' dir='ltr'>ὡς</span> <span class='ocrx_word' id='word_1_823' title='bbox 2253 4536 2534 4608; x_wconf 85' lang='grc' dir='ltr'>ὁμότιμος,</span> <span class='ocrx_word' id='word_1_824' title='bbox 2570 4538 2856 4602; x_wconf 88' lang='grc' dir='ltr'>κάκείνους</span> <span class='ocrx_word' id='word_1_825' title='bbox 2894 4538 2987 4590; x_wconf 77' lang='grc' dir='ltr'>ἐπὶ</span> <span class='ocrx_word' id='word_1_826' title='bbox 3010 4537 3104 4591; x_wconf 89' lang='grc' dir='ltr'>τοῦ</span> <span class='ocrx_word' id='word_1_827' title='bbox 3139 4538 3331 4609; x_wconf 87' lang='grc' dir='ltr'>θρόνου</span> <span class='ocrx_word' id='word_1_828' title='bbox 3361 4537 3594 4601; x_wconf 87' lang='grc' dir='ltr'>καθίσας</span> <span class='ocrx_word' id='word_1_829' title='bbox 3618 4536 3713 4591; x_wconf 86' lang='grc' dir='ltr'>τοῦ</span> 
     </span>
    </p>
   </div>
   <div class='ocr_carea' id='block_1_109' title="bbox 2138 4628 3712 4702">
    <p class='ocr_par' dir='ltr' id='par_1_109' title="bbox 2138 4628 3712 4702">
     <span class='ocr_line' id='line_1_109' title="bbox 2138 4628 3712 4702; baseline 0.001 -20"><span class='ocrx_word' id='word_1_830' title='bbox 2138 4628 2474 4691; x_wconf 85' lang='grc' dir='ltr'>δικαστικοῦ,</span> <span class='ocrx_word' id='word_1_831' title='bbox 2538 4629 2730 4683; x_wconf 85' lang='grc' dir='ltr'>ἐαυτὸν</span> <span class='ocrx_word' id='word_1_832' title='bbox 2781 4629 3007 4701; x_wconf 75' lang='grc' dir='ltr'>ἔστησεν</span> <span class='ocrx_word' id='word_1_833' title='bbox 3064 4632 3122 4684; x_wconf 89' lang='grc' dir='ltr'>ἐν</span> <span class='ocrx_word' id='word_1_834' title='bbox 3178 4629 3329 4696; x_wconf 81' lang='grc' dir='ltr'>τάξει</span> <span class='ocrx_word' id='word_1_835' title='bbox 3390 4630 3712 4702; x_wconf 85' lang='grc' dir='ltr'>συνηγόρου.</span> 
     </span>
    </p>
   </div>
   <div class='ocr_carea' id='block_1_110' title="bbox 2152 4720 3715 4793">
    <p class='ocr_par' dir='ltr' id='par_1_110' title="bbox 2152 4720 3715 4793">
     <span class='ocr_line' id='line_1_110' title="bbox 2152 4720 3715 4793; baseline 0 -20"><span class='ocrx_word' id='word_1_836' title='bbox 2152 4720 2370 4791; x_wconf 82' lang='grc' dir='ltr'>Ἐπειδὴ</span> <span class='ocrx_word' id='word_1_837' title='bbox 2396 4720 2503 4793; x_wconf 83' lang='grc' dir='ltr'>γάρ</span> <span class='ocrx_word' id='word_1_838' title='bbox 2532 4720 2893 4793; x_wconf 85' lang='grc' dir='ltr'>κατώρθωσεν</span> <span class='ocrx_word' id='word_1_839' title='bbox 2919 4721 3056 4792; x_wconf 83' lang='grc' dir='ltr'>ὅπερ</span> <span class='ocrx_word' id='word_1_840' title='bbox 3097 4720 3380 4784; x_wconf 87' lang='grc' dir='ltr'>ἐϐούλετο,</span> <span class='ocrx_word' id='word_1_841' title='bbox 3421 4721 3715 4793; x_wconf 84' lang='grc' dir='ltr'>ἀπλήστως</span> 
     </span>
    </p>
   </div>
   <div class='ocr_carea' id='block_1_111' title="bbox 2140 4810 3714 4885">
    <p class='ocr_par' dir='ltr' id='par_1_111' title="bbox 2140 4810 3714 4885">
     <span class='ocr_line' id='line_1_111' title="bbox 2140 4810 3714 4885; baseline 0.001 -21"><span class='ocrx_word' id='word_1_842' title='bbox 2140 4810 2246 4864; x_wconf 82' lang='grc' dir='ltr'>ὐπὸ</span> <span class='ocrx_word' id='word_1_843' title='bbox 2275 4812 2449 4882; x_wconf 82' lang='grc' dir='ltr'>χαρᾶς</span> <span class='ocrx_word' id='word_1_844' title='bbox 2479 4810 2627 4885; x_wconf 72' lang='grc'>[460]</span> <span class='ocrx_word' id='word_1_845' title='bbox 2655 4816 2721 4884; x_wconf 79' lang='grc' dir='ltr'>τῇ</span> <span class='ocrx_word' id='word_1_846' title='bbox 2755 4814 3004 4884; x_wconf 80' lang='grc' dir='ltr'>ίκετηρίᾳ</span> <span class='ocrx_word' id='word_1_847' title='bbox 3037 4813 3319 4884; x_wconf 84' lang='grc' dir='ltr'>κέχρηται.</span> <span class='ocrx_word' id='word_1_848' title='bbox 3352 4813 3465 4866; x_wconf 83' lang='lat' dir='ltr'>Kal</span> <span class='ocrx_word' id='word_1_849' title='bbox 3500 4813 3553 4865; x_wconf 89' lang='grc' dir='ltr'>τί</span> <span class='ocrx_word' id='word_1_850' title='bbox 3584 4811 3714 4865; x_wconf 84' lang='grc' dir='ltr'>ποτέ</span> 
     </span>
    </p>
   </div>
   <div class='ocr_carea' id='block_1_112' title="bbox 2138 4901 3716 4974">
    <p class='ocr_par' dir='ltr' id='par_1_112' title="bbox 2138 4901 3716 4974">
     <span class='ocr_line' id='line_1_112' title="bbox 2138 4901 3716 4974; baseline 0.001 -20"><span class='ocrx_word' id='word_1_851' title='bbox 2138 4904 2288 4955; x_wconf 87' lang='grc' dir='ltr'>ἐστιν</span> <span class='ocrx_word' id='word_1_852' title='bbox 2314 4903 2343 4956; x_wconf 82' lang='grc' dir='ltr'>δ</span> <span class='ocrx_word' id='word_1_853' title='bbox 2380 4905 2734 4974; x_wconf 83' lang='grc' dir='ltr'>παρακαλεῖς,</span> <span class='ocrx_word' id='word_1_854' title='bbox 2771 4905 2891 4957; x_wconf 78' lang='grc' dir='ltr'>εἶπέ</span> <span class='ocrx_word' id='word_1_855' title='bbox 2943 4921 3069 4973; x_wconf 87' lang='grc' dir='ltr'>μοι;</span> <span class='ocrx_word' id='word_1_856' title='bbox 3098 4902 3379 4973; x_wconf 68' lang='grc' dir='ltr'>κυρῶσαι</span> <span class='ocrx_word' id='word_1_857' title='bbox 3405 4904 3494 4970; x_wconf 82' lang='grc' dir='ltr'>είς</span> <span class='ocrx_word' id='word_1_858' title='bbox 3524 4901 3716 4956; x_wconf 75' lang='grc' dir='ltr'>αὐτόν</span> 
     </span>
    </p>
   </div>
   <div class='ocr_carea' id='block_1_113' title="bbox 2136 4990 3713 5064">
    <p class='ocr_par' dir='ltr' id='par_1_113' title="bbox 2136 4990 3713 5064">
     <span class='ocr_line' id='line_1_113' title="bbox 2136 4990 3713 5064; baseline -0.003 -17"><span class='ocrx_word' id='word_1_859' title='bbox 2136 4992 2401 5063; x_wconf 70' lang='grc' dir='ltr'>ἀγάπην.</span> <span class='ocrx_word' id='word_1_860' title='bbox 2436 4993 2716 5059; x_wconf 87' lang='grc' dir='ltr'>Τουτέστι,</span> <span class='ocrx_word' id='word_1_861' title='bbox 2751 4993 3080 5064; x_wconf 83' lang='grc' dir='ltr'>βεϐαιῶσαι,</span> <span class='ocrx_word' id='word_1_862' title='bbox 3133 4992 3209 5064; x_wconf 80' lang='grc' dir='ltr'>μὴ</span> <span class='ocrx_word' id='word_1_863' title='bbox 3243 4991 3431 5055; x_wconf 85' lang='grc' dir='ltr'>άπλῶς</span> <span class='ocrx_word' id='word_1_864' title='bbox 3461 4990 3597 5062; x_wconf 68' lang='grc' dir='ltr'>μηδὲ</span> <span class='ocrx_word' id='word_1_865' title='bbox 3635 4990 3713 5052; x_wconf 86' lang='grc' dir='ltr'>ὠς</span> 
     </span>
    </p>
   </div>
   <div class='ocr_carea' id='block_1_114' title="bbox 2138 5084 3711 5158">
    <p class='ocr_par' dir='ltr' id='par_1_114' title="bbox 2138 5084 3711 5158">
     <span class='ocr_line' id='line_1_114' title="bbox 2138 5084 3711 5158; baseline -0.001 -19"><span class='ocrx_word' id='word_1_866' title='bbox 2138 5087 2295 5158; x_wconf 72' lang='grc' dir='ltr'>ἔτυχε</span> <span class='ocrx_word' id='word_1_867' title='bbox 2322 5086 2637 5158; x_wconf 79' lang='grc' dir='ltr'>προσέσθαι.</span> <span class='ocrx_word' id='word_1_868' title='bbox 2664 5085 2835 5140; x_wconf 87' lang='grc' dir='ltr'>Τοῦτο</span> <span class='ocrx_word' id='word_1_869' title='bbox 2861 5087 2918 5141; x_wconf 84' lang='grc' dir='ltr'>δὲ</span> <span class='ocrx_word' id='word_1_870' title='bbox 2943 5086 3108 5141; x_wconf 88' lang='grc' dir='ltr'>πάλιν</span> <span class='ocrx_word' id='word_1_871' title='bbox 3136 5084 3542 5158; x_wconf 79' lang='grc' dir='ltr'>μαρτυροῦντός</span> <span class='ocrx_word' id='word_1_872' title='bbox 3560 5087 3711 5139; x_wconf 83' lang='grc' dir='ltr'>ἐστιν</span> 
     </span>
    </p>
   </div>
   <div class='ocr_carea' id='block_1_115' title="bbox 2137 5177 3711 5249">
    <p class='ocr_par' dir='ltr' id='par_1_115' title="bbox 2137 5177 3711 5249">
     <span class='ocr_line' id='line_1_115' title="bbox 2137 5177 3711 5249; baseline -0.001 -19"><span class='ocrx_word' id='word_1_873' title='bbox 2137 5177 2320 5240; x_wconf 86' lang='grc' dir='ltr'>αὐτοῖς</span> <span class='ocrx_word' id='word_1_874' title='bbox 2346 5178 2547 5249; x_wconf 79' lang='grc' dir='ltr'>ἀρετὴν</span> <span class='ocrx_word' id='word_1_875' title='bbox 2579 5178 2862 5249; x_wconf 83' lang='grc' dir='ltr'>μεγίστην⁸</span> <span class='ocrx_word' id='word_1_876' title='bbox 2888 5180 2940 5232; x_wconf 86' lang='grc' dir='ltr'>εῖ</span> <span class='ocrx_word' id='word_1_877' title='bbox 2961 5195 3023 5244; x_wconf 91' lang='grc' dir='ltr'>γε</span> <span class='ocrx_word' id='word_1_878' title='bbox 3048 5180 3098 5232; x_wconf 81' lang='grc' dir='ltr'>οῖ</span> <span class='ocrx_word' id='word_1_879' title='bbox 3122 5178 3267 5232; x_wconf 81' lang='grc' dir='ltr'>οὓτω</span> <span class='ocrx_word' id='word_1_880' title='bbox 3292 5177 3578 5249; x_wconf 86' lang='grc' dir='ltr'>φιλοῦντες</span> <span class='ocrx_word' id='word_1_881' title='bbox 3606 5177 3711 5230; x_wconf 87' lang='grc' dir='ltr'>αὐ-</span> 
     </span>
    </p>
   </div>
   <div class='ocr_carea' id='block_1_116' title="bbox 2135 5266 3711 5341">
    <p class='ocr_par' dir='ltr' id='par_1_116' title="bbox 2135 5266 3711 5341">
     <span class='ocr_line' id='line_1_116' title="bbox 2135 5266 3711 5341; baseline 0 -21"><span class='ocrx_word' id='word_1_882' title='bbox 2135 5267 2228 5321; x_wconf 86' lang='grc' dir='ltr'>τδν</span> <span class='ocrx_word' id='word_1_883' title='bbox 2269 5268 2364 5322; x_wconf 76' lang='grc' dir='ltr'>καὶ</span> <span class='ocrx_word' id='word_1_884' title='bbox 2405 5268 2851 5340; x_wconf 79' lang='grc' dir='ltr'>συγκροτοῦντες,</span> <span class='ocrx_word' id='word_1_885' title='bbox 2882 5270 2960 5334; x_wconf 81' lang='grc' dir='ltr'>ὡς</span> <span class='ocrx_word' id='word_1_886' title='bbox 3000 5271 3095 5325; x_wconf 77' lang='grc' dir='ltr'>καὶ</span> <span class='ocrx_word' id='word_1_887' title='bbox 3126 5270 3466 5341; x_wconf 81' lang='grc' dir='ltr'>φυσιωθῆναι</span> <span class='ocrx_word' id='word_1_888' title='bbox 3488 5309 3504 5333; x_wconf 94' lang='grc'>,</span> <span class='ocrx_word' id='word_1_889' title='bbox 3535 5266 3711 5331; x_wconf 72' lang='grc' dir='ltr'>οὕτως</span> 
     </span>
    </p>
   </div>
   <div class='ocr_carea' id='block_1_117' title="bbox 2135 5360 3709 5434">
    <p class='ocr_par' dir='ltr' id='par_1_117' title="bbox 2135 5360 3709 5434">
     <span class='ocr_line' id='line_1_117' title="bbox 2135 5360 3709 5434; baseline -0.003 -17"><span class='ocrx_word' id='word_1_890' title='bbox 2135 5361 2587 5432; x_wconf 82' lang='grc' dir='ltr'>ἀπεστράφησαν,</span> <span class='ocrx_word' id='word_1_891' title='bbox 2619 5363 2696 5426; x_wconf 85' lang='grc' dir='ltr'>ὠς</span> <span class='ocrx_word' id='word_1_892' title='bbox 2725 5361 2957 5417; x_wconf 88' lang='grc' dir='ltr'>τοσαῦτα</span> <span class='ocrx_word' id='word_1_893' title='bbox 2977 5365 3209 5434; x_wconf 88' lang='grc' dir='ltr'>κάμνειν</span> <span class='ocrx_word' id='word_1_894' title='bbox 3235 5363 3325 5418; x_wconf 83' lang='grc' dir='ltr'>τὸν</span> <span class='ocrx_word' id='word_1_895' title='bbox 3351 5361 3586 5427; x_wconf 86' lang='grc' dir='ltr'>Παῦλον,</span> <span class='ocrx_word' id='word_1_896' title='bbox 3619 5360 3709 5414; x_wconf 80' lang='grc' dir='ltr'>ἴνα</span> 
     </span>
    </p>
   </div>
   <div class='ocr_carea' id='block_1_118' title="bbox 2196 5533 3711 5588">
    <p class='ocr_par' dir='ltr' id='par_1_118' title="bbox 2196 5533 3711 5588">
     <span class='ocr_line' id='line_1_118' title="bbox 2196 5533 3711 5588; baseline -0.002 -4"><span class='ocrx_word' id='word_1_897' title='bbox 2196 5538 2221 5567; x_wconf 71' lang='grc'><strong>⁸</strong></span> <span class='ocrx_word' id='word_1_898' title='bbox 2252 5534 2477 5584; x_wconf 78' lang='grc' dir='ltr'>Ἀπὸνοια</span> <span class='ocrx_word' id='word_1_899' title='bbox 2498 5534 2577 5585; x_wconf 82' lang='lat' dir='ltr'>hic</span> <span class='ocrx_word' id='word_1_900' title='bbox 2602 5535 2802 5587; x_wconf 81' lang='lat' dir='ltr'>omnino</span> <span class='ocrx_word' id='word_1_901' title='bbox 2832 5536 3232 5588; x_wconf 75' lang='lat' dir='ltr'>desperationem</span> <span class='ocrx_word' id='word_1_902' title='bbox 3267 5535 3543 5588; x_wconf 58' lang='lat' dir='ltr'>signiﬁcare</span> <span class='ocrx_word' id='word_1_903' title='bbox 3566 5533 3711 5583; x_wconf 67' lang='lat' dir='ltr'>Vnde-</span> 
     </span>
    </p>
   </div>
   <div class='ocr_carea' id='block_1_119' title="bbox 2134 5596 3711 5661">
    <p class='ocr_par' dir='ltr' id='par_1_119' title="bbox 2134 5596 3711 5661">
     <span class='ocr_line' id='line_1_119' title="bbox 2134 5596 3711 5661; baseline -0.003 -12"><span class='ocrx_word' id='word_1_904' title='bbox 2134 5603 2242 5656; x_wconf 72' lang='lat' dir='ltr'>tur;</span> <span class='ocrx_word' id='word_1_905' title='bbox 2264 5598 2351 5646; x_wconf 85' lang='lat' dir='ltr'>sed</span> <span class='ocrx_word' id='word_1_906' title='bbox 2375 5596 2491 5661; x_wconf 78' lang='lat' dir='ltr'><strong><em>alibi</em></strong></span> <span class='ocrx_word' id='word_1_907' title='bbox 2525 5600 2702 5661; x_wconf 65' lang='lat' dir='ltr'>passim</span> <span class='ocrx_word' id='word_1_908' title='bbox 2741 5600 2869 5661; x_wconf 85' lang='lat' dir='ltr'>apud</span> <span class='ocrx_word' id='word_1_909' title='bbox 2893 5596 3287 5661; x_wconf 72' lang='lat' dir='ltr'>Chrysostomum</span> <span class='ocrx_word' id='word_1_910' title='bbox 3315 5596 3521 5647; x_wconf 70' lang='grc' dir='ltr'>ἀπόνοια</span> <span class='ocrx_word' id='word_1_911' title='bbox 3569 5607 3711 5646; x_wconf 71' lang='grc' dir='ltr'>πω-</span> 
     </span>
    </p>
   </div>
   <div class='ocr_carea' id='block_1_120' title="bbox 2141 5659 3029 5728">
    <p class='ocr_par' dir='ltr' id='par_1_120' title="bbox 2141 5659 3029 5728">
     <span class='ocr_line' id='line_1_120' title="bbox 2141 5659 3029 5728; baseline -0.002 -18"><span class='ocrx_word' id='word_1_912' title='bbox 2141 5661 2355 5727; x_wconf 69' lang='lat' dir='ltr'>gantiam</span> <span class='ocrx_word' id='word_1_913' title='bbox 2378 5660 2454 5715; x_wconf 75' lang='lat' dir='ltr'>vel</span> <span class='ocrx_word' id='word_1_914' title='bbox 2478 5659 2759 5723; x_wconf 72' lang='lat' dir='ltr'>superbiam</span> <span class='ocrx_word' id='word_1_915' title='bbox 2774 5659 3029 5728; x_wconf 62' lang='grc' dir='ltr'>ειμι-ἰωὴ.</span> 
     </span>
    </p>
   </div>
  </div>
