4138 6220
440 219 534 281 tet
1460 214 1526 273 ιχ
1567 212 1781 274 EPIST.
1824 212 1864 270 ιι
1933 210 2021 268 AD
2061 210 2216 268 con.
2262 213 2489 272 llOMlL.
2535 217 2622 276 tv.

435 345 490 400 in
518 339 776 412 majorem
807 336 889 396 sui
913 351 1151 394 amorem
1178 350 1271 392 eos
1292 334 1590 405 pcrtrahat,
1615 334 1718 388 hoc
1738 332 1881 388 illius
1903 331 2022 384 loco

435 435 606 506 ponit,
633 433 928 488 ostendens
949 445 1008 485 se
1033 443 1216 484 amore
1239 427 1458 483 duetum
1482 427 1658 480 omnia
1687 425 1887 479 facere.
1910 421 2024 476 Nec

433 527 714 583 caritatem
741 533 947 579 tantum
975 521 1131 585 dixit,
1159 519 1275 583 sed,
1305 516 1469 582 Quam
1499 516 1839 570 abundantius
1865 512 2020 567 habeo

435 633 558 689 ergo
599 631 705 670 vos.
741 612 866 668 Vult
891 612 1035 668 enim
1067 610 1168 665 hac
1197 623 1410 680 quoque
1451 607 1659 662 ratione
1684 605 1893 660 animos
1931 617 2024 658 eo-

436 726 555 766 rum
587 709 808 765 allicere
832 748 848 772 ,
890 703 1016 760 dum
1045 718 1102 758 se
1128 716 1223 758 eos
1253 717 1362 788 prae
1391 700 1602 755 czeteris
1631 711 1833 762 enitare,
1863 705 2023 765 atque

435 813 494 857 ut
516 814 642 871 erga
665 797 892 854 eximios
922 793 1217 864 discipulos
1239 792 1488 848 ail‘ectum
1518 805 1638 845 esse
1667 790 2019 844 demonstret.

435 891 592 949 Unde
618 889 776 944 etiam
805 889 898 955 ait,
927 885 991 941 Et
1017 887 1060 940 si
1086 886 1203 940 aliis
1233 900 1334 939 nou
1358 900 1468 938 sunt
1496 881 1771 951 apostolus,
1803 888 1854 932 at
1890 877 2024 931 vobis

441 993 610 1037 tamen
638 995 786 1045 sum;
813 988 887 1042 et,
917 978 978 1034 Si
998 977 1184 1030 multos
1211 976 1513 1046 paedagogos
1538 972 1781 1036 habeatis,
1817 985 1914 1023 non
1937 977 2016 1021 ta-

439 1090 550 1129 men
571 1073 753 1127 inultos
779 1081 947 1142 patres
979 1071 1056 1140 (1.
1086 1070 1206 1126 Cor.
1229 1069 1282 1124 9.
1316 1067 1370 1121 2.
1403 1078 1448 1121 et
1478 1067 1530 1120 4.
1562 1064 1652 1134 15)
1678 1079 1692 1126 ;
1724 1078 1786 1117 ac
1814 1076 2020 1128 rursus,

441 1164 471 1221 I
479 1183 510 1218 ιι
532 1165 696 1237 gratia
727 1162 819 1218 Dei
839 1162 1119 1217 conversati
1145 1177 1319 1214 sumus
1348 1160 1399 1212 in
1440 1155 1650 1221 mundo,
1681 1152 2024 1208 abundantius

440 1269 608 1313 autem
635 1257 773 1328 apud
798 1272 904 1311 vos.
935 1256 1111 1326 Atque
1143 1253 1280 1308 infra
1305 1253 1464 1308 etiam
1495 1249 1702 1320 inquit,
1747 1247 2025 1300 Abundano

437 1353 538 1405 tius
567 1367 652 1405 vos
678 1350 912 1421 diligens,
945 1350 1113 1402 minus
1142 1347 1330 1418 diligor
1371 1344 1460 1415 (2.
1493 1343 1610 1398 Cor.
1640 1343 1690 1396 1.
1723 1340 1809 1396 12.
1843 1351 1887 1394 et
1931 1339 2018 1395 12.

449 1445 578 1514 15);
631 1443 812 1499 ethoc
842 1443 963 1496 loco
984 1483 998 1508 ,
1035 1440 1198 1508 Quam
1225 1437 1381 1492 habeo
1408 1435 1744 1490 abundantius
1770 1449 1888 1503 ergo
1917 1447 2020 1486 vos.

509 1535 565 1592 5.
609 1535 789 1605 Itaque
816 1533 1024 1588 etiamsi
1054 1531 1216 1585 verba
1247 1527 1538 1584 iracundiae
1556 1527 1708 1597 plena
1731 1532 1918 1588 erant,
1949 1532 2026 1577 ta-

442 1642 564 1682 men
588 1626 704 1680 haec
729 1625 891 1679 animi
927 1623 1219 1678 concitatio
1251 1637 1315 1676 ex
1347 1620 1549 1690 ingenti
1583 1617 1804 1672 caritate
1834 1631 1897 1671 ac
1931 1615 2026 1669 do-

437 1718 551 1775 lore
570 1718 904 1774 nascebatur.
931 1715 1173 1785 Cumque
1193 1713 1475 1783 epistolam
1494 1710 1806 1771 scriberem,
1833 1707 2023 1776 inquit,

441 1810 690 1866 dolebant
719 1818 772 1864 et
799 1807 1056 1879 angebar,
1089 1822 1194 1860 non
1227 1805 1328 1859 hoc
1357 1812 1561 1858 tantum
1607 1800 1846 1865 nomine,
1882 1796 2025 1868 quod

440 1900 785 1970 peccassetis,
811 1898 906 1953 sed
937 1899 1118 1961 etiam,
1149 1895 1291 1966 quod
1320 1895 1470 1949 vobis
1499 1906 1788 1948 interorem
1835 1889 2027 1945 atl'erre

437 2007 681 2064 cogerer.
733 1993 928 2048 Verum
961 1991 1063 2046 hoc
1107 2003 1320 2060 quoque
1347 1988 1519 2058 ipsum
1557 2001 1622 2041 ex
1655 1998 1880 2038 amore:
1921 1998 2025 2036 non

439 2099 599 2141 secus
629 2099 690 2139 ac
717 2083 760 2138 si
788 2084 928 2154 quis,
961 2098 1081 2137 cum
1116 2081 1282 2135 ﬁlium
1312 2081 1364 2134 in
1391 2078 1578 2150 primis
1607 2093 1789 2132 carum
1814 2075 2024 2140 habeat,

442 2176 531 2245 qui
552 2176 700 2230 sanie
729 2175 950 2240 laboret,
976 2189 1204 2244 cumque
1225 2187 1410 2227 secare
1436 2181 1595 2240 atque
1614 2184 1768 2224 urere
1785 2177 2024 2238 cogatur,

444 2276 673 2336 utroque
697 2266 910 2320 nomine
935 2265 1132 2330 doleat,
1164 2273 1275 2318 tum
1303 2260 1445 2333 quod
1463 2275 1604 2331 anger
1626 2261 1714 2326 sit,
1747 2269 1858 2313 tum
1886 2257 2027 2327 quod

441 2371 563 2412 cum
591 2371 776 2412 secare
805 2371 1026 2412 necesse
1055 2355 1266 2411 habeat.
1301 2357 1378 2409 Ac
1398 2352 1623 2424 proinde
1659 2353 1730 2418 id,
1761 2351 1899 2421 quod
1923 2351 2027 2405 mei

441 2449 494 2503 in
523 2464 619 2504 vos
645 2448 751 2504 odii
784 2451 992 2520 signum
1019 2464 1141 2505 esse
1158 2448 1497 2514 existimatis,
1519 2447 1696 2516 magni
1719 2445 1917 2500 amoris
1942 2459 2029 2498 ar-

439 2549 750 2610 gumentum
783 2549 918 2596 erat.
950 2540 1103 2608 Quod
1127 2539 1170 2594 si
1195 2541 1296 2594 hoc
1323 2539 1518 2608 ipsum,
1545 2537 1686 2608 quod
1710 2551 1804 2590 vos
1829 2535 2029 2590 contri-

443 2632 648 2698 starim,
681 2633 748 2687 ab
773 2647 956 2686 amore
980 2643 1155 2686 ortum
1184 2630 1367 2698 trahit,
1399 2631 1570 2684 multo
1596 2643 1725 2683 sane
1752 2625 1880 2682 illud
1911 2640 2028 2680 ma-

443 2725 546 2794 gis,
578 2723 749 2795 quod,
776 2724 902 2779 dum
927 2725 978 2778 in
1030 2740 1260 2780 maerore
1298 2725 1430 2778 estis
1450 2764 1465 2790 ,
1494 2725 1550 2776 in
1598 2722 1782 2776 laetitia
1815 2734 2025 2777 verser.

443 2819 574 2873 Cum
604 2833 730 2888 ergo
761 2834 820 2873 se
852 2818 965 2888 ipse
991 2827 1298 2873 excusasset
1319 2815 1619 2887 (siquidem
1647 2815 1916 2886 plerisque
1947 2815 2028 2869 lo-

445 2909 525 2964 cis
553 2924 612 2964 se
662 2920 912 2975 excusat;
946 2925 1044 2964 nec
1076 2919 1357 2979 pr0pterea
1388 2906 1660 2964 erubescit
1689 2925 1702 2963 :
1735 2906 1866 2961 Nam
1905 2921 2029 2962 cum

447 3001 588 3056 Deus
618 3001 670 3056 id
714 3002 878 3056 faciat
917 3001 1135 3065 dicens,
1186 2999 1389 3070 Populo
1418 3016 1557 3054 meus
1585 3039 1600 3066 ,
1643 2998 1766 3070 quid
1795 2998 1892 3068 [cci
1941 2999 2037 3052 tibi-

446 3089 631 3163 [Μὶειι.
662 3094 716 3148 6.
746 3091 828 3164 '5]?
847 3094 1012 3148 multo
1033 3093 1201 3163 magis
1226 3091 1275 3147 id
1294 3092 1520 3147 Paultnn
1539 3092 1713 3146 facere
1733 3087 2026 3158 convenit):

444 3201 589 3252 cum,
612 3185 852 3257 inquam,
883 3201 940 3241 se
973 3187 1086 3256 ipse
1107 3193 1440 3251 excusasset,
1471 3199 1533 3238 ac
1557 3183 1669 3254 jam
1697 3197 1794 3252 pro
1824 3197 1889 3238 eo
1909 3197 2030 3236 ver-

447 3279 511 3334 ba
540 3279 716 3336 facere
739 3290 972 3350 pararet,
991 3280 1080 3349 qui
1109 3278 1278 3348 stupri
1301 3278 1526 3334 crimine
1551 3291 1614 3332 se
1633 3275 2026 3330 obstrinxerat:

447 3383 516 3423 ne
532 3368 630 3432 illi,
653 3378 920 3439 tamquam
936 3369 1025 3440 qui
1043 3368 1308 3423 contraria
1326 3367 1474 3438 jussa
1493 3367 1815 3436 acciperent,
1840 3364 2032 3420 distor-

445 3469 738 3530 quercntur
788 3460 1218 3531 pertinaciusque
1255 3459 1683 3524 contenderent,
1716 3457 1840 3528 quia
1887 3455 2029 3511 idem

447 3553 562 3622 ipse
585 3560 720 3618 erat,
751 3552 840 3622 qui
863 3562 915 3608 et
945 3561 1056 3607 tum
1086 3552 1156 3606 ita
1194 3559 1469 3608 exarserat
1495 3559 1550 3606 et
1579 3565 1720 3605 nunc
1745 3565 1871 3606 cum
1898 3549 2030 3604 mis-

446 3656 565 3696 sum
593 3640 772 3697 facere
796 3641 1038 3711 jubebat,
1075 3641 1195 3697 vide
1219 3656 1326 3713 quo
1355 3651 1512 3712 pacto
1541 3650 1655 3696 tum
1679 3655 1774 3710 per
1815 3654 1876 3695 ea
1908 3655 2031 3710 qua:

447 3733 598 3799 dixit,
629 3746 738 3790 tum
761 3749 856 3804 per
882 3749 945 3790 ea
987 3750 1105 3805 qua:
1132 3735 1374 3790 dicturus
1420 3743 1524 3803 est,
1548 3733 1650 3789 hoc
1677 3734 2031 3804 praemunire-

449 3829 540 3882 rit.
570 3828 707 3897 Quid
739 3829 883 3884 enim
935 3829 1044 3884 ait?
1071 3830 1124 3886 5.
1155 3830 1216 3885 Si
1241 3831 1353 3901 quis
1377 3841 1542 3884 autem
1573 3830 1900 3898 contristavit,
1931 3845 2031 3884 non

447 3937 527 3974 me
551 3921 885 3976 contristabit.
915 3921 1268 3992 Posteaquam
1292 3922 1441 3993 prius
1467 3922 1584 3975 illos
1609 3920 1865 3988 laudavit,
1890 3919 2032 3992 quod

449 4014 636 4070 iisdem
663 4013 826 4070 rebus
850 4024 904 4070 et
923 4016 1284 4085 gauderentet
1302 4024 1645 4085 angerentur,
1678 4024 1787 4069 tum
1814 4015 2030 4070 demum

449 4120 756 4162 sermonem
786 4107 855 4162 de
875 4105 974 4162 hac
1004 4122 1061 4163 re
1090 4105 1395 4177 aggreditur
1425 4095 1593 4160 z'cum
1617 4106 1763 4176 prius
1785 4106 2029 4175 dixisset,

451 4196 706 4254 Gaudium
737 4216 896 4254 meum
919 4209 1139 4254 vestrum
1163 4199 1386 4254 omnium
1415 4209 1508 4253 est.
1537 4198 1688 4267 Quod
1711 4199 1754 4254 si
1781 4201 2030 4271 gaudium

450 4305 628 4344 meum
658 4293 897 4346 omnium
931 4299 1170 4346 vestrum
1201 4300 1304 4358 εει,
1335 4300 1547 4360 oportet
1576 4301 1632 4346 υι
1658 4307 1864 4347 mecum
1891 4308 2033 4346 nunc

450 4396 664 4451 quoque
692 4383 987 4452 gaudeatis,
1018 4391 1075 4437 ut
1097 4392 1222 4437 tunc
1253 4397 1462 4437 meeum
1511 4382 1780 4438 doluistis.
1815 4383 1948 4438 Nam
1975 4396 2032 4440 ut

451 4481 564 4527 tum
587 4473 818 4528 dolendo
850 4473 980 4528 mihi
998 4473 1325 4545 voluptatem
1347 4475 1623 4540 attulistis,
1655 4476 1725 4530 ita
1743 4491 1884 4531 nunc
1903 4492 2035 4547 gau-

450 4565 648 4631 dendo,
681 4566 943 4635 siquidem
974 4567 1142 4637 gavisi
1186 4565 1406 4634 fueritis,
1440 4567 1580 4622 idem
1629 4567 1889 4624 eflicietis.
1925 4569 2034 4624 Nec

450 4656 601 4723 dixit,
633 4656 829 4713 Maeror
860 4673 1011 4714 meus
1032 4674 1234 4716 maeror
1261 4661 1498 4715 omnium
1527 4669 1764 4716 vestrum
1787 4671 1899 4729 est;
1938 4662 2034 4716 sed

450 4767 573 4808 cum
612 4753 665 4808 in
711 4754 834 4810 aliis
880 4754 1015 4811 Iocis
1042 4755 1144 4810 hoc
1173 4754 1545 4821 adstruxisset,
1577 4769 1719 4810 nunc
1756 4755 1809 4810 id
1838 4755 2031 4822 solum,

449 4860 561 4914 quo
587 4845 817 4900 habebat
858 4860 1016 4915 opus,
1049 4847 1250 4916 posuit,
1284 4860 1478 4916 nempe
1503 4847 1777 4917 gaudium,
1826 4847 2031 4912 dicens,

448 4932 712 4991 Caudium
745 4954 912 4992 meum
933 4939 1158 4992 omnium
1186 4949 1402 4993 vestrum
1429 4949 1520 4996 est.
1567 4939 1768 4994 Deinde
1797 4942 2036 5010 superio-

454 5046 568 5084 rem
591 5047 810 5102 quoque
837 5031 1086 5086 meminit
1112 5031 1196 5086 his
1220 5033 1398 5086 verbis
1431 5049 1443 5084 :
1476 5032 1538 5088 Si
1563 5033 1675 5100 quis
1703 5045 1869 5086 autem
1909 5049 2034 5086 con-

452 5121 688 5187 tristabit,
714 5138 816 5175 non
842 5138 922 5175 me
946 5123 1278 5185 contristaoit,
1312 5122 1400 5175 sed
1429 5137 1490 5175 ea:
1510 5132 1671 5192 parte,
1701 5131 1754 5175 ut
1798 5138 1896 5175 non
1924 5139 2041 5176 one-

455 5230 558 5268 rent
580 5229 664 5268 ros
685 5214 1037 5277 omnes.Scio,
1073 5215 1261 5284 inquit,
1292 5217 1435 5284 quod
1475 5216 1548 5269 ira
1579 5226 1634 5271 et
1672 5216 2038 5288 indignatione

454 5322 667 5362 mecum
698 5307 950 5362 commoti
981 5307 1152 5362 fuistis
1175 5317 1392 5378 propter
1417 5324 1538 5364 eum
1566 5310 1657 5380 qui
1679 5320 1922 5382 stuprum
1946 5312 2042 5367 ad-

453 5400 677 5454 miserat
706 5417 720 5453 :
750 5410 909 5471 atque
938 5401 1040 5455 hoc
1085 5400 1289 5456 facinus
1315 5417 1407 5455 vos
1433 5418 1624 5458 omnes
1650 5419 1714 5458 ex
1739 5414 2042 5475 partemue-

454 5490 600 5546 stitia
622 5490 821 5547 all‘ecit.
857 5493 1031 5562 Atque
1054 5491 1174 5546 ideo
1201 5492 1334 5557 dixi,
1361 5491 1444 5547 Ea:
1472 5504 1633 5562 parte,
1662 5511 1766 5550 non
1791 5496 1929 5566 quod
1951 5511 2043 5550 vos

456 5583 722 5638 minorem
749 5582 872 5638 inde
902 5598 1188 5639 maerorem
1216 5587 1555 5655 acceperitis,
1586 5603 1745 5656 quam
1773 5605 1907 5659 ego:
1948 5591 2042 5643 sed

459 5690 529 5733 Ite
556 5679 730 5756 illum,
753 5677 846 5748 qui
870 5685 1111 5746 stuprum
1146 5679 1491 5748 perpetravit,
1521 5681 1743 5737 nimium
1795 5698 2036 5740 onerent.

794 5802 1062 5852 l’A'ﬂtOL.
1110 5786 1227 5848 Gtt.
1276 5789 1432 5852 LXI.

3610 231 3638 285 1-
3652 229 3726 284 Μ.

2130 329 2393 396 Quocirca
2421 347 2526 388 non
2549 347 2635 388 me
2648 333 2819 388 solum
2839 333 2927 389 ille
2949 334 3000 389 in
3022 348 3310 393 maerorem
3337 341 3585 411 cotijecit,
3619 347 3713 399 sed

2131 436 2225 476 vos
2269 423 2431 477 etiam
2481 439 2698 490 omnes;
2747 426 2956 480 etiamsi
2988 436 3045 480 ut
3073 428 3437 499 indulgentius
3476 449 3600 490 cum
3640 455 3709 492 eo

2128 527 2362 583 agerem,
2398 513 2532 581 dixi,
2568 515 2648 569 Ea:
2671 526 2831 585 parte.
2859 515 3020 572 Vides
3045 521 3317 588 quomodo
3345 525 3523 578 statim
3543 525 3712 584 iratos

2127 621 2314 660 eorum
2335 608 2545 662 animos
2569 609 2799 676 lenicrit,
2819 624 2941 664 cum
2966 611 3200 665 ostendit
3225 612 3368 682 ipsos
3388 615 3713 687 indignatio-

2127 711 2210 750 nts
2239 712 2450 768 quoque
2481 700 2763 769 participes
2792 698 2990 756 fuisse?
3018 702 3071 754 6.
3103 700 3393 773 Suﬂicitiui
3421 748 3434 772 ,
3466 710 3553 777 qui
3573 712 3722 781 ejus-.

2129 788 2267 842 modi
2304 799 2376 843 est
2402 831 2416 857 ,
2447 792 2736 860 objurgatio
2760 808 2821 845 ca
2847 808 2960 861 qua:
2979 793 3038 860 [it
3075 809 3107 846 a
3135 795 3385 864 pluribus.
3413 798 3529 854 Non
3553 801 3712 869 dixit,

2130 880 2484 948 Fornicatori,
2511 883 2606 939 sed
2635 899 2845 951 rursus,
2879 884 2945 938 Ei
2971 885 3060 956 qui
3085 886 3334 955 ejusmodi
3360 899 3432 942 est
3453 931 3467 955 ,
3495 902 3552 946 ut
3579 905 3634 949 et
3662 896 3714 950 in

2129 973 2452 1042 prtecedenti
2479 975 2726 1045 epistola;
2756 991 2942 1032 verum
2969 992 3078 1032 non
3095 979 3336 1034 eamdem
3357 981 3427 1036 ob
3452 997 3669 1040 causam
3698 1007 3722 1040 :-

2129 1065 2236 1120 illic
2289 1066 2433 1121 enim
2479 1067 2547 1122 ob
2601 1068 2859 1136 pudorem
2886 1068 2959 1123 ita
2991 1069 3310 1138 loquebatur
3335 1113 3350 1137 ,
3389 1073 3474 1128 hic
3511 1075 3584 1130 ob
3628 1077 3715 1130 in-

2128 1156 2472 1228 dulgentiam.
2497 1157 2576 1214 0b
2603 1159 2760 1230 idque
2788 1175 2886 1216 nec
2901 1160 3011 1230 jam
3032 1163 3236 1232 ustiiam
3262 1167 3463 1232 peccati
3481 1170 3716 1224 mentio-

2131 1266 2252 1304 nem
2285 1249 2426 1318 facit,
2455 1250 2597 1321 quod
2629 1259 2837 1322 tempus
2865 1261 3029 1318 esset,
3061 1263 3116 1308 ut
3148 1254 3316 1324 ipsius
3360 1259 3714 1325 patrocinium

2129 1343 2442 1412 susciperet.
2468 1343 2520 1397 7.
2542 1342 2628 1397 Ita
2652 1354 2710 1397 ut
2732 1361 2760 1397 e
2783 1345 3038 1398 contrario
3064 1346 3221 1416 magis
3243 1347 3440 1402 donatis
3465 1359 3510 1402 et
3531 1367 3712 1406 conso-

2129 1434 2318 1500 lemini,
2355 1451 2416 1488 ne
2441 1435 2570 1504 forte
2598 1434 2966 1491 abundantiore
3005 1437 3208 1491 tristitia
3258 1439 3583 1496 absorbeatur
3624 1447 3720 1514 qui

2128 1539 2200 1582 est
2228 1529 2497 1598 ejusmodi.
2525 1530 2640 1586 Non
2663 1530 2806 1585 enim
2828 1531 2999 1585 solum
3013 1530 3163 1602 jubet
3183 1532 3534 1604 objurgationi
3556 1537 3719 1595 ﬁnem

2130 1621 2350 1690 itnponi,
2377 1622 2470 1677 sed
2499 1624 2658 1677 etiam
2696 1623 2842 1676 illum
2870 1622 2936 1677 ad
2976 1622 3210 1693 priorem
3263 1636 3459 1681 statum
3507 1628 3715 1685 reduci.

2131 1706 2341 1768 Etenim
2367 1715 2411 1769 si
2453 1715 2574 1784 quis
2604 1729 2749 1779 cum,
2783 1715 2872 1784 qui
2900 1714 3217 1770 verberibus
3261 1732 3433 1772 exesus
3463 1720 3566 1784 sit,
3600 1731 3730 1776 tam.

2132 1803 2408 1860 tummodo
2431 1805 2655 1860 missum
2682 1804 2843 1859 faciat
2871 1820 2971 1860 nec
2996 1807 3044 1860 ei
3069 1806 3370 1876 medeatur,
3401 1810 3532 1865 nihil
3566 1811 3712 1868 fecit.

2133 1895 2265 1952 Vide
2291 1905 2468 1950 autem
2501 1911 2732 1966 quonam
2755 1911 2942 1951 rursus
2965 1895 3123 1950 modo
3150 1898 3301 1952 illum
3323 1915 3537 1970 quoque
3563 1918 3716 1958 coer-

2132 1999 2248 2044 ceat
2277 2031 2292 2056 ,
2336 2003 2403 2044 ne
2451 1988 2521 2042 ob
2569 1988 2928 2043 condonatum
2979 1998 3257 2057 peccatum
3315 1991 3553 2047 deterior
3601 1996 3715 2051 Iiat.

2130 2079 2263 2134 Nam
2294 2078 2543 2148 quamvis
2582 2088 2858 2148 peccatum
2886 2079 3164 2134 confessus
3193 2080 3351 2136 fuerit
3373 2120 3390 2146 ,
3444 2082 3722 2154 ipsiusque.

2132 2185 2254 2225 eum
2282 2170 2620 2239 paenituerit;
2662 2169 2898 2225 ostendit
2919 2178 3095 2226 tanton
3119 2186 3240 2226 eum
3273 2188 3378 2227 non
3411 2182 3517 2228 tam
3540 2178 3716 2246 paeni-

2133 2260 2315 2314 lentiae
2345 2274 2528 2329 opera,
2561 2275 2722 2330 quam
2774 2259 2946 2329 gratia
2984 2269 3036 2315 ct
3061 2260 3322 2317 beneficio
3351 2263 3559 2320 veniam
3589 2281 3721 2322 con-

2132 2353 2304 2423 sequi.
2339 2352 2420 2408 Ob
2448 2352 2608 2422 idque
2646 2353 2742 2420 ait,
2769 2351 2977 2407 Donetis
3014 2363 3060 2407 et
3100 2355 3447 2410 consolemini.
3483 2359 3548 2414 Et
3575 2362 3718 2430 quod

2133 2445 2392 2515 sequitur,
2421 2445 2562 2500 idem
2585 2444 2841 2500 declarat.
2871 2444 2986 2500 Non
3005 2446 3144 2500 enim
3169 2448 3310 2517 quod
3336 2449 3386 2503 id
3402 2465 3721 2521 promerea-

2134 2545 2240 2602 tur,
2267 2552 2365 2594 uec
2391 2537 2534 2608 quod
2561 2551 2701 2602 eam,
2733 2552 2892 2607 quam
2931 2553 3026 2607 par
3055 2538 3146 2603 sit,
3181 2541 3551 2608 paenitentiam
3583 2561 3724 2614 pra2~

2131 2631 2349 2698 stiterit,
2377 2631 2472 2688 sed
2498 2631 2620 2702 quia
2649 2631 2894 2686 infirmus
2919 2640 3022 2696 est,
3055 2631 3274 2699 idcirco,
3299 2635 3391 2700 ait,
3435 2635 3535 2690 hoc
3559 2647 3679 2708 peto
3705 2658 3720 2673 ο

2133 2723 2276 2780 unde
2305 2725 2467 2779 etiam
2499 2723 2774 2794 subiunxit
2797 2764 2814 2790 ,
2843 2722 2927 2777 Ne
2969 2727 3098 2796 forte
3126 2725 3484 2783 abundantiori
3511 2732 3728 2786 tristitia-

2131 2817 2460 2873 absorbeatur
2487 2817 2667 2887 quiest
2699 2816 2975 2887 ejusmodi.
3003 2816 3132 2884 Qua:
3157 2819 3318 2873 verba
3343 2830 3467 2875 sunt
3488 2821 3723 2879 hominis

2133 2925 2340 2981 magna:
2369 2908 2700 2978 paenitentiae
2729 2907 3092 2962 testimonium
3134 2909 3232 2979 ipsi
3266 2911 3545 2968 tribuentis
3567 2956 3582 2981 ,
3624 2931 3724 2971 nec

2132 3017 2254 3056 eum
2278 3002 2330 3056 in
2349 3000 2778 3070 desperationem
2797 3014 2952 3055 ruere
2979 3000 3226 3069 sitientis.
3243 3001 3383 3070 Quid
3409 3014 3492 3058 est
3517 3015 3719 3073 autem,

2132 3095 2471 3150 Absorbeatur
2488 3094 2523 3148 ?-
2537 3093 2740 3163 Nempe
2766 3093 2851 3148 vel
2876 3091 2977 3148 hoc
3009 3093 3227 3158 faciens,
3257 3095 3398 3165 quod
3419 3113 3449 3151 a
3480 3097 3614 3154 Juda
3641 3101 3724 3154 fa-

2134 3198 2280 3242 ctum
2311 3195 2426 3252 est;
2483 3185 2568 3242 vel
2593 3185 2779 3254 etiam,
2808 3185 2853 3240 si
2885 3185 3008 3240 vitae
3035 3202 3196 3241 usura
3227 3187 3456 3255 fruatur,
3485 3189 3725 3247 deterior

2135 3279 2327 3334 factus.
2380 3278 2592 3333 Etenim
2619 3279 2664 3334 si
2705 3277 2932 3342 resiliat,
2967 3278 3160 3348 inquit,
3191 3280 3338 3350 quod
3386 3291 3722 3340 contractum

2136 3388 2203 3428 ex
2261 3375 2504 3443 longiore
2567 3372 2944 3443 objurgatione
3014 3372 3258 3427 dolorem
3335 3391 3444 3430 non
3494 3379 3726 3448 amplius

2136 3463 2278 3520 ferre
2321 3471 2515 3534 queat;
2547 3461 2831 3533 desperata
2882 3463 3078 3530 Salute,
3131 3472 3223 3518 aut
3252 3463 3306 3519 in
3333 3464 3603 3536 laqueum,
3631 3481 3728 3524 aut

2136 3557 2189 3612 in
2244 3557 2505 3626 majorem
2567 3555 2821 3625 deinceps
2885 3555 3283 3626 improbitatem
3345 3567 3484 3613 ruet.
3539 3559 3725 3629 Itaque

2135 3647 2530 3704 occurrendum
2560 3657 2684 3712 est,
2739 3659 2808 3701 ne
2861 3645 3016 3700 ulcus
3058 3646 3433 3719 ingravescat,
3501 3666 3636 3706 neve
3672 3652 3722 3706 id

2135 3739 2278 3812 quod
2305 3749 2450 3794 recte
2471 3739 2715 3804 fecimus,
2739 3737 2809 3791 ob
2833 3729 3134 3807 neglectum
3147 3739 3363 3796 modum
3393 3742 3722 3798 amittamus.

2206 3833 2261 3887 4.
2295 3830 2420 3885 Rrec
2448 3836 2627 3883 autem
2667 3841 2736 3884 eo
2764 3826 3012 3892 dicebat,
3041 3836 3100 3882 ut
3124 3837 3179 3884 et
3203 3829 3354 3885 illum
3375 3870 3390 3896 ,
3434 3833 3577 3903 quod
3603 3834 3718 3905 jam

2137 3921 2284 3988 dixi,
2336 3925 2613 3975 coerceret
2655 3927 2710 3973 et
2748 3917 3103 3985 admoneret,
3136 3933 3203 3974 ne
3231 3929 3354 3989 post
3379 3920 3722 3994 impetratam

2137 4015 2349 4070 veniam
2379 4011 2620 4084 ignavior
2646 4010 2819 4066 ﬁeret.
2851 4008 2970 4064 Non
3017 4011 3161 4066 enim
3183 4051 3200 4078 ,
3242 4012 3416 4084 inquit
3441 4057 3457 4082 ,
3483 4032 3606 4072 eum
3650 4020 3728 4078 ita

2137 4103 2513 4178 excepi,quasi
2543 4101 2730 4158 sordes
2757 4101 2970 4172 penitus
2995 4101 3329 4170 absterserit,
3349 4105 3445 4162 sed
3471 4109 3613 4178 quod
3628 4125 3723 4165 ve-

2137 4213 2290 4255 rerer
2326 4213 2395 4253 ne
2438 4195 2650 4267 gravius
2695 4192 2895 4264 aliquid
2931 4192 2986 4247 in
3028 4207 3088 4249 se
3130 4193 3461 4252 admitteret.
3503 4199 3583 4255 Ex
3613 4217 3724 4272 quo

2139 4290 2270 4346 illud
2295 4289 2573 4356 discimus,
2603 4301 2710 4341 non
2736 4299 2805 4340 ex
2834 4283 3100 4341 scelerum
3132 4295 3335 4341 tantum
3366 4297 3557 4346 natura
3580 4331 3597 4356 ,
3627 4294 3724 4348 sed

2139 4399 2206 4438 ex
2233 4381 2566 4452 peccantium
2596 4380 2756 4436 etiam
2784 4378 2964 4432 animo
2988 4386 3148 4449 atque
3174 4379 3455 4439 affectione
3485 4383 3726 4442 indicen-

2139 4477 2262 4532 dam
2291 4490 2411 4530 esse
2437 4471 2828 4544 paenitentiam,
2860 4479 2920 4525 ut
2949 4479 3059 4525 tum
3091 4469 3217 4527 fecit
3245 4473 3554 4543 Apostolus,
3582 4479 3727 4546 quod

2141 4569 2308 4636 ipsius
2339 4565 2758 4622 imbecillitatem
2787 4563 3184 4618 extimesceret.
3229 4564 3462 4636 Ideoque
3489 4567 3727 4637 dicebat,

2143 4659 2226 4714 Ne
2253 4659 2579 4713 absorbeatur
2601 4698 2617 4723 ,
2641 4657 2788 4712 velut
2808 4670 2838 4710 a
2864 4654 3040 4711 bellua
3066 4655 3318 4726 quadam,
3345 4662 3507 4730 atque
3535 4671 3730 4718 atem-

2143 4760 2348 4823 pestate
2373 4766 2440 4806 ac
2461 4748 2731 4821 procellis.
2750 4749 2807 4804 8.
2835 4746 3059 4818 Propter
3079 4748 3214 4818 quod
3243 4749 3450 4806 obsecro
3470 4768 3577 4807 vos.
3607 4753 3727 4810 Non

2137 4845 2250 4914 jam
2279 4845 2524 4914 imperat,
2553 4841 2650 4898 sed
2676 4841 2943 4906 obsecrat,
2973 4854 3080 4892 non
3109 4847 3164 4892 ut
3191 4853 3509 4912 praceptor,
3538 4846 3634 4900 sed
3665 4857 3726 4902 ut

2143 4938 2385 5008 aequalis,
2441 4943 2600 5005 atque
2649 4933 2754 4988 illis
2799 4932 2852 4986 in
2893 4930 3172 5001 iudiciaria
3225 4933 3354 4989 sede
3403 4941 3730 5003 constitutis,

2146 5029 2261 5098 ipse
2289 5029 2341 5081 in
2372 5025 2580 5097 patroni
2611 5024 2730 5078 loco
2758 5031 2920 5094 atque
2947 5022 3136 5078 ordine
3163 5037 3224 5079 se
3252 5026 3558 5084 collocavit.
3581 5031 3731 5098 Quo-

2146 5121 2291 5175 niam
2315 5117 2460 5174 enim
2489 5115 2540 5170 id
2567 5154 2583 5181 ,
2615 5113 2757 5184 quod
2789 5113 2842 5168 in
2869 5112 3046 5170 animo
3075 5113 3348 5184 habebat,
3382 5119 3726 5186 confecerat,

2148 5228 2257 5283 pra:
2278 5211 2470 5282 gaudio
2487 5211 2596 5279 jam
2623 5207 2842 5263 modum
2866 5207 2917 5263 in
2937 5209 3285 5278 supplicando
3311 5212 3544 5268 excedit.
3564 5214 3734 5281 Quid-

2150 5320 2272 5360 nam
2301 5313 2402 5367 est,
2432 5317 2636 5372 quasso,
2661 5301 2730 5357 de
2759 5315 2864 5372 quo
2887 5301 3177 5357 obsecras?
3209 5303 3280 5357 Ut
3301 5305 3512 5371 ﬁrmatis
3541 5308 3595 5358 in
3619 5325 3733 5361 eum

2151 5402 2428 5452 caritatem.
2473 5397 2584 5451 lloc
2625 5404 2729 5461 est,
2772 5395 3179 5460 constabiliatis,
3227 5410 3325 5449 nec
3375 5409 3498 5451 eum
3551 5397 3740 5456 leviter

2153 5507 2216 5546 ac
2272 5488 2479 5558 vulgari
2520 5486 2680 5541 modo
2723 5486 3045 5556 suscipiatis.
3089 5485 3294 5551 Quibus
3343 5488 3505 5543 etiam
3561 5492 3737 5546 verbis

2155 5597 2380 5638 summa:
2407 5579 2620 5634 virtutis
2663 5577 3026 5632 testimonium
3052 5578 3180 5646 ipsis
3210 5577 3475 5633 tribuebat
3500 5593 3513 5635 :
3543 5581 3589 5636 si
3617 5583 3738 5651 qui-

2161 5677 2282 5736 dem
2311 5677 2368 5739 ii,
2398 5675 2484 5746 qui
2517 5672 2787 5730 hominem
2816 5671 2967 5732 illum
3015 5685 3183 5742 usque
3211 5669 3348 5728 adeo
3387 5674 3638 5732 amabant
3677 5690 3740 5752 ac

3355 5799 3442 5896 9?.
