4138 6220
458 185 569 239 ηδ
1178 181 1232 239 S.
1273 183 1548 241 JOANNIS
1583 184 2051 243 CllRYSOSTOMl
2092 188 2406 246 AllClllEP.
2447 190 2977 252 CONSTANTINOP.
3628 208 3735 265 424

455 297 765 362 tuebantur,
801 303 858 352 ut.
883 297 1048 352 etiam
1077 296 1269 350 animis
1308 295 1623 350 iullarentur
1646 336 1660 359 ,
1687 296 1823 352 adeo
1848 313 2032 352 rursus

451 406 574 445 eum
603 389 837 445 aversati
877 389 984 445 sint
1009 431 1024 455 ,
1057 398 1114 442 ut
1141 397 1418 456 tantopere
1473 386 1819 443 laborandum
1869 387 2034 444 Paulo

450 480 632 547 fuerit,
663 490 722 534 ut
769 484 1046 534 caritatem
1090 478 1144 531 in
1183 491 1304 530 eum
1331 476 1621 532 (iuuarent.
1655 478 1781 533 ﬂare
1803 478 2036 549 discipu-

449 575 620 626 lorum
643 613 662 638 ,
688 570 806 626 haec
834 569 1076 639 magistri
1110 567 1280 622 virtus
1303 577 1385 622 est
1416 585 1430 622 :
1457 569 1597 639 quod
1632 570 1708 624 illi
1731 579 1838 624 tam
1867 573 2034 628 mori-

447 678 606 732 geros
633 677 692 716 se
718 660 1011 729 praebeant,
1046 658 1133 714 hic
1152 667 1260 713 tam
1291 660 1544 729 prteclare
1572 660 1716 730 ipsos
1745 676 2034 733 componat

447 772 511 809 ac
535 753 864 809 moderetur.
907 751 1023 807 lloc
1049 752 1094 806 si
1140 767 1284 808 nunc
1319 768 1532 824 quoque
1563 753 1713 809 ﬁeret
1740 797 1758 824 ,
1787 757 1875 825 qui
1906 771 2031 826 pee-

446 853 591 912 esnt,
639 844 781 899 haud
823 844 940 900 siue
984 860 1146 901 sensu
1186 857 1489 917 peccarent.
1521 847 1631 905 Nec
1656 850 1798 905 enim
1829 857 2031 905 temere

447 955 629 994 amare
653 947 888 1009 oportet,
921 953 1021 994 nec
1045 940 1162 994 sine
1191 941 1399 995 ratione
1439 942 1696 997 aversari.
1734 941 1790 998 9.
1819 941 1886 996 In
1935 945 2030 996 hoc

448 1034 580 1086 enim
611 1034 764 1087 etiam
791 1033 972 1104 scripsi
996 1032 1133 1087 vobis
1155 1074 1170 1097 ,
1203 1043 1258 1086 ut
1300 1050 1597 1104 cognoscam
1635 1037 2028 1106 experimentum

441 1135 662 1178 oestrum
686 1166 700 1192 ,
731 1141 800 1180 an
826 1125 878 1178 in
905 1124 1137 1178 omnibus
1166 1125 1448 1180 obedientes
1475 1127 1604 1181 sitis.
1637 1126 1749 1182 Hoc
1775 1135 1855 1182 est
1875 1167 1889 1192 ,
1920 1142 2025 1182 non

436 1216 604 1272 modo
627 1217 681 1271 in
706 1216 1049 1286 amputanda,
1086 1214 1179 1270 sed
1202 1215 1363 1270 etiam
1395 1217 1448 1270 in
1475 1216 1832 1288 adjuugendo.
1864 1216 2026 1272 Vides

443 1325 674 1381 quonam
709 1319 864 1380 pacto
915 1309 1000 1364 hic
1029 1323 1241 1379 quoque
1279 1323 1466 1364 rursus
1504 1317 1703 1364 metum
1737 1307 2023 1364 immittat?

441 1401 511 1457 Ut
533 1402 676 1457 enim
720 1417 844 1457 cum
871 1400 960 1456 ille
997 1409 1269 1471 peccasset
1294 1440 1308 1465 ,
1342 1407 1604 1456 terrorem
1638 1401 1768 1471 ipsis
1798 1400 2021 1470 injecit,

439 1495 540 1550 nisi
582 1509 705 1550 eum
747 1492 1142 1556 abscindereut,
1174 1491 1360 1548 dicens
1383 1535 1398 1560 ,
1436 1492 1691 1564 Exiguum
1723 1496 2022 1558 fermentum

438 1597 592 1640 totam
620 1602 840 1640 massam
865 1584 1141 1655 corrumpit
1163 1585 1208 1656 (l
1227 1625 1239 1638 .
1263 1583 1381 1639 Cor.
1405 1585 1457 1639 5.
1479 1585 1572 1654 6),
1596 1586 1805 1655 aliaque
1832 1586 2018 1654 plura:

429 1681 623 1735 eodem
653 1679 741 1735 hic
766 1693 978 1749 quoque
1007 1677 1168 1732 modo
1193 1676 1573 1732 iuobedieutia:
1602 1686 1800 1732 metum
1831 1678 2018 1733 iisdem

432 1771 633 1841 injicit,
665 1771 748 1825 his
780 1772 890 1824 fere
917 1769 1097 1824 verbis
1141 1776 1296 1823 utens
1339 1785 1354 1825 :
1388 1767 1453 1824 Ut
1485 1776 1609 1823 tunc
1657 1783 1760 1822 non
1803 1783 1898 1837 pro
1926 1768 2018 1824 illo

434 1871 659 1926 tantum,
702 1861 797 1916 sed
824 1861 986 1915 etiam
1019 1873 1118 1930 pro
1147 1859 1324 1924 vobis,
1369 1859 1446 1914 sic
1481 1874 1620 1913 nunc
1655 1874 1867 1930 quoque
1910 1874 2016 1916 non

428 1953 600 2024 magis
623 1952 766 2007 illius
794 1992 810 2019 ,
841 1966 1001 2022 quam
1053 1959 1230 2006 vestra
1259 1965 1419 2005 causa
1445 1950 1726 2006 consilium
1752 1951 1902 2006 vobis
1928 1966 2017 2006 ca-

431 2045 685 2117 piendum
711 2054 828 2111 est,
863 2059 929 2100 ne
955 2044 1262 2114 pervicaces
1286 2055 1448 2114 atque
1479 2043 1753 2099 inhumani
1781 2059 1902 2100 esse
1929 2045 2010 2100 vi-

425 2137 679 2200 deainiui,
703 2151 805 2192 nec
837 2136 890 2190 in
916 2135 1165 2190 omnibus
1192 2135 1524 2190 obedientes.
1557 2137 1634 2191 Ac
1664 2137 1888 2207 proinde
1913 2137 2009 2203 ait,

426 2228 494 2283 In
519 2230 614 2282 hoc
645 2229 778 2282 enim
803 2227 956 2281 etiam
981 2227 1163 2297 scripsi
1200 2227 1357 2290 vobis,
1401 2237 1454 2280 ut
1483 2243 1785 2300 cognoscam
1815 2230 2020 2299 experi-'

424 2328 650 2376 mentum
707 2327 926 2373 vestrum
949 2359 968 2386 ,
1016 2334 1086 2372 an
1139 2317 1194 2371 in
1243 2315 1473 2372 omnibus
1535 2318 1818 2373 obedientes
1875 2320 2006 2373 sitis.

426 2414 635 2470 Etenim
679 2411 809 2467 illud
853 2410 1066 2466 invidiae
1110 2409 1339 2466 fortasse
1363 2425 1427 2464 ac
1453 2410 1638 2466 livoris
1683 2425 1802 2468 esse
1840 2411 2007 2467 videri

421 2509 728 2578 potulsset;
760 2504 865 2561 hoc
887 2512 1066 2560 autem
1096 2517 1280 2574 puram
1312 2503 1363 2557 in
1411 2503 1598 2573 primis
1633 2517 1698 2559 ac
1741 2503 2005 2559 sinceram

419 2599 782 2657 obedientiam
827 2596 1102 2664 ostendit,
1148 2603 1204 2651 et
1235 2611 1303 2650 an
1332 2593 1399 2650 ad
1429 2595 1780 2651 humanitatis
1828 2594 2004 2653 ofﬁcia

417 2690 596 2746 idonei
631 2690 770 2744 sitis.

484 2783 866 2855 Bisciputorum
899 2780 1139 2853 oﬁcium.
1182 2810 1254 2821 —
1286 2779 1399 2836 Hoc
1428 2780 1577 2837 enim
1602 2779 1892 2851 proborum
1919 2781 2004 2837 di-

415 2878 742 2950 scipulorum
770 2884 877 2943 est,
917 2891 1113 2947 nempe
1133 2890 1240 2931 non
1268 2875 1429 2931 modo
1458 2876 1568 2942 illa,
1600 2875 1696 2931 sed
1731 2878 2004 2934 contraria

413 2984 626 3042 quoque
647 2968 930 3038 imperanti
957 2967 1352 3037 obtemperare.
1375 2966 1498 3022 Ideo
1523 2967 1676 3032 dixit,
1705 2967 1786 3021 Ad
1804 2969 1994 3024 omnia.

413 3063 618 3132 Quibus
646 3061 825 3117 verbis
851 3060 1106 3125 ostendit,
1142 3060 1244 3114 nisi
1267 3059 1522 3115 obediaut
1549 3101 1565 3128 ,
1595 3061 1648 3116 id
1678 3077 1784 3116 non
1816 3070 1922 3117 tam
1947 3063 1998 3118 ei

410 3172 569 3229 quam
601 3155 701 3211 sibi
728 3155 858 3226 ipsis
891 3155 1089 3224 probro
1113 3168 1177 3207 ac
1217 3151 1468 3208 dedecori
1507 3153 1641 3221 fore,
1671 3163 1729 3207 ut
1755 3155 1845 3225 qui
1879 3169 2000 3224 per-

409 3247 628 3303 vicacize
671 3245 977 3316 opinionem
1006 3243 1286 3299 collecturi
1316 3244 1444 3297 sint.
1479 3243 1592 3297 l-loc
1632 3253 1810 3300 autem
1843 3244 1989 3312 facit,

407 3349 466 3394 ut
495 3338 618 3393 hinc
647 3351 859 3409 quoque
900 3336 1046 3406 ipsos
1076 3333 1142 3389 ad
1184 3334 1480 3405 parendum
1511 3334 1750 3405 impellat
1795 3353 1809 3390 :
1851 3336 1996 3392 unde

407 3434 568 3486 etiam
592 3429 687 3495 ait,
715 3427 782 3482 In
811 3428 906 3481 hoc
930 3427 1063 3480 enim
1086 3433 1133 3481 et
1157 3425 1336 3496 scripsi
1363 3425 1520 3480 vobis.
1541 3425 1725 3496 Neque
1748 3426 1891 3482 enim
1923 3427 1994 3484 ob

405 3537 524 3578 eam
547 3535 762 3576 causam
793 3517 1029 3588 scripsit,
1058 3516 1153 3572 sed
1183 3516 1286 3572 hoc
1313 3517 1515 3573 ideirco
1535 3517 1689 3586 dixit,
1718 3525 1778 3574 ut
1803 3533 1991 3575 eorum

400 3616 612 3670 animos
638 3612 916 3684 pelliceret
947 3625 960 3662 :
1021 3609 1167 3680 quod
1211 3611 1354 3666 enim
1385 3611 1657 3682 prmcipue
1705 3611 1987 3681 agebatur,

404 3715 521 3762 erat
548 3705 690 3760 illius
707 3705 872 3770 salus,
896 3703 985 3773 qui
1009 3712 1280 3774 peccaret.
1297 3703 1496 3760 Verum
1515 3705 1604 3759 ubi
1632 3705 1768 3760 nihil
1781 3705 1986 3772 damni,

401 3801 531 3872 ipsis
564 3799 724 3854 etiam
761 3798 1107 3870 gratificatur.
1154 3797 1258 3854 Per
1300 3796 1416 3852 haec
1454 3808 1632 3854 autem
1673 3799 1873 3866 verba,
1907 3800 1988 3854 Ad

401 3895 591 3959 omnia,
615 3905 802 3947 rursus
827 3905 922 3946 eos
947 3889 1149 3954 laudat,
1180 3890 1462 3960 pristinam
1493 3905 1680 3946 eorum
1717 3891 1980 3947 obedien-

402 3988 529 4039 tiam
579 3995 1032 4048 commemorans,
1086 3991 1248 4051 atque
1302 3981 1355 4035 in
1402 3980 1638 4036 medium
1690 3981 1981 4038 adducens.

400 4077 487 4132 10.
512 4076 602 4131 Cui
619 4085 788 4130 autent
805 4073 1000 4143 aliquid
1020 4072 1224 4126 donatis
1249 4113 1264 4139 ,
1287 4080 1334 4126 et
1362 4087 1474 4142 ego.
1497 4071 1659 4127 Vides
1686 4087 1793 4142 quo
1825 4082 1983 4142 pacto

400 4183 586 4224 rursus
631 4165 961 4237 posteriores
997 4163 1098 4217 sibi
1129 4162 1347 4229 tribuit,
1377 4162 1499 4217 illos
1539 4162 1789 4219 videlicet
1816 4163 1986 4220 duces

395 4269 554 4328 atque
600 4257 878 4327 auspices,
917 4267 978 4310 se
1009 4267 1141 4309 vero
1183 4254 1435 4307 comitem
1477 4253 1761 4308 dumtaxat
1795 4265 1981 4311 osten-

393 4348 572 4404 deus?
597 4347 688 4404 Sic
725 4346 978 4402 nimirum
1021 4344 1375 4400 exacerbatus
1413 4345 1626 4400 animus
1673 4347 1978 4418 mitigatur,

397 4444 477 4499 sic
498 4441 666 4498 durus
691 4454 756 4496 ac
804 4439 1046 4511 pertinax
1078 4437 1370 4494 emollitur.
1411 4437 1603 4495 Postea
1636 4455 1706 4496 ne
1753 4443 1978 4512 supinos

399 4549 492 4589 eos
518 4532 726 4598 reddat,
755 4539 813 4586 ut
840 4544 1008 4601 penes
1049 4544 1184 4599 quos
1231 4530 1431 4600 negotii
1461 4545 1670 4585 summa
1692 4531 1802 4598 sit,
1831 4543 1884 4588 et
1911 4547 1981 4588 ue

397 4627 546 4681 illum
574 4626 798 4680 missam
827 4622 1042 4688 faciant,
1072 4621 1139 4675 ad
1162 4620 1263 4674 hoc
1293 4622 1440 4690 ipsos
1467 4622 1712 4692 impellit,
1745 4623 1872 4678 dum
1903 4628 1978 4680 ait

395 4734 458 4774 se
481 4731 692 4790 quoque
709 4717 786 4772 illi
803 4714 1163 4771 condonasse.
1196 4710 1340 4765 Nam
1362 4721 1408 4765 et
1434 4728 1525 4783 ego
1548 4713 1593 4766 si
1619 4715 1743 4783 quid
1771 4715 1974 4782 donavi,

397 4809 530 4876 quod
549 4809 752 4875 donaui,
781 4817 987 4879 propter
1010 4822 1118 4861 vos.
1147 4803 1288 4873 Quin
1315 4803 1417 4860 hoc
1443 4818 1654 4874 quoque
1684 4804 1858 4874 ipsum
1886 4823 1978 4863 ve-

399 4909 510 4953 stra
533 4913 694 4954 causa
726 4899 852 4966 feci,
880 4899 1071 4970 inquit.
1101 4898 1170 4953 Et
1197 4899 1358 4966 sicut,
1387 4911 1510 4953 cum
1538 4897 1687 4952 illum
1711 4901 1975 4968 amputari

391 4988 615 5061 iubebat
637 5031 652 5055 ,
681 5004 783 5043 nec
809 4990 860 5044 ei
889 4990 1198 5060 indulgendi
1229 4990 1510 5047 arbitrium
1542 4989 1672 5060 ipsis
1703 4990 1972 5060 permisit,

393 5083 600 5148 dicens,
639 5080 764 5135 1am
784 5081 1008 5150 judica‘m'
1038 5083 1238 5137 tradere
1263 5085 1557 5155 hujusmodi
1604 5085 1857 5140 hominem
1886 5101 1981 5140 sa-

392 5181 533 5231 tana
557 5172 578 5247 (
593 5174 646 5230 Ι.
678 5171 799 5227 Cor.
822 5171 875 5226 5.
902 5171 962 5242 5)
981 5211 996 5236 ,
1023 5185 1088 5226 ac
1125 5187 1312 5229 rursus
1341 5183 1516 5230 tamen
1543 5193 1640 5232 eos
1683 5179 1968 5234 sementim

397 5268 575 5324 socios
599 5263 810 5330 ascivit,
837 5278 965 5320 cum
996 5261 1218 5330 diceret,
1250 5263 1580 5338 Congregatis
1608 5271 1748 5325 vobis
1775 5271 1976 5324 tradere

396 5376 513 5415 cum
540 5375 558 5414 :
585 5359 719 5414 duas
744 5356 994 5414 videlicet
1019 5369 1110 5412 res
1129 5355 1397 5413 maximas
1416 5367 1632 5414 struens
1649 5401 1665 5426 ,
1696 5376 1892 5431 nempe
1918 5369 1975 5414 ut

391 5459 449 5505 et
473 5450 736 5505 sententia
765 5448 1015 5516 ferretur,
1045 5456 1102 5505 et
1131 5459 1306 5504 tamen
1340 5463 1446 5504 nou
1475 5449 1590 5504 sine
1617 5450 1741 5515 illis,
1774 5466 1842 5506 ne
1873 5451 1974 5504 hac

392 5541 601 5596 ratione
639 5553 735 5597 eos
771 5542 971 5598 ltedere
1009 5540 1315 5609 videretur;
1343 5557 1407 5597 ac
1437 5557 1610 5612 neque
1659 5544 1810 5598 solus
1850 5557 1967 5596 eam

389 5629 713 5704 proferebat,
741 5647 810 5688 ne
838 5634 912 5689 illi
939 5649 1064 5690 eum
1092 5642 1428 5706 arrogantem
1457 5647 1599 5704 esse,
1627 5647 1690 5689 ac
1719 5647 1778 5689 se
1808 5631 1878 5687 ab
1898 5645 1963 5688 eo

2139 302 2765 373 contemnijudicarent;
2796 324 2895 364 nec
2924 324 3110 364 rursus
3141 325 3259 367 rem
3295 321 3458 370 totam
3491 316 3729 392 ipsortnn

2143 391 2368 448 arbitrio
2393 396 2800 465 committebat,
2830 415 2898 456 ne
2930 410 3148 472 accepta
3194 404 3417 476 hujusce
3453 409 3530 464 rei
3579 391 3730 481 pote-

2142 490 2279 538 state
2328 485 2619 553 proderent
2647 503 2768 544 eum
2802 490 2891 560 qui
2915 503 3261 562 peccaverat,
3295 497 3727 569 intempestittam

2141 586 2268 666 erga
2293 575 2465 645 ipsum
2499 577 2881 650 indulgentiam
2900 583 3216 642 adhibentes
3246 605 3260 640 :
3294 589 3364 643 ita
3393 590 3480 646 hic
3505 608 3721 666 quoque

2139 661 2286 732 facit,
2317 667 2501 723 dicens
2532 687 2547 725 :
2579 671 2691 742 Ego
2715 672 2826 742 jam
2849 675 3172 744 condonavi,
3199 680 3291 750 qui
3324 681 3376 736 iu
3404 661 3584 752 priore
3611 661 3725 756 epi-

2136 756 2284 843 stola‘
2308 757 2418 828 jam
2449 761 2892 821 condemnaram.
2937 767 3140 825 Deinde
3168 786 3255 836 ne,
3292 782 3560 844 tamquam
3587 791 3721 831 con-

2138 849 2346 918 tempti,
2369 852 2561 907 animis
2590 853 2993 912 offendereutur
3011 900 3026 925 ,
3053 860 3161 927 ait,
3194 860 3418 934 Propter
3443 881 3549 920 sos.
3582 868 3718 933 Quid

2135 934 2330 1006 igitur?
2344 956 2411 994 an
2436 949 2492 994 ut
2512 942 2580 997 ab
2596 943 2907 1002 hominibus
2919 950 3142 1018 gratiam
3168 951 3341 1018 iniret,
3361 953 3460 1024 ipsi
3484 957 3720 1027 ignovit?

2131 1028 2347 1087 Minime
2363 1051 2375 1087 :
2393 1034 2619 1106 ideoque
2660 1037 2874 1108 adjecit,
2899 1039 2966 1095 In
2983 1059 3198 1112 persona
3215 1043 3424 1100 Christi.
3451 1048 3585 1116 Quid
3610 1060 3714 1118 est,

2132 1120 2199 1176 In
2223 1140 2438 1193 persona
2467 1126 2695 1184 Christi?
2717 1130 2831 1186 Hoc
2860 1141 2966 1200 est,
2988 1135 3282 1191 secundum
3313 1138 3504 1207 Deum,
3533 1142 3616 1196 vel
3646 1143 3714 1196 ad

2130 1209 2324 1269 Christi
2352 1215 2599 1286 gloriam.
2621 1218 2705 1274 Ne
2723 1221 3174 1280 circumveniantur
3195 1243 3230 1278 a
3253 1236 3434 1282 satana
3455 1247 3474 1284 :
3501 1232 3583 1286 ll.
3611 1249 3714 1288 non

2128 1304 2262 1358 enim
2301 1307 2594 1377 ignoramus
2632 1313 2962 1383 cogitationes
2997 1317 3130 1387 ejus.
3183 1317 3394 1384 Viden’,
3428 1330 3484 1375 ut
3526 1331 3580 1378 et
3608 1323 3713 1380 illis

2127 1405 2454 1467 potestatem
2476 1404 2736 1459 concedat
2763 1446 2778 1471 ,
2811 1415 2866 1461 et
2893 1407 3138 1464 eamdem
3166 1426 3351 1467 rursus
3376 1414 3568 1470 adimat
3599 1433 3614 1469 :
3652 1427 3712 1473 ut

2126 1489 2273 1545 illinc
2301 1491 2512 1561 quidem
2534 1508 2628 1548 eos
2658 1496 2866 1567 mitiget
2892 1513 2955 1553 ac
2978 1499 3240 1567 emolliat,
3269 1503 3393 1560 hinc
3418 1515 3591 1562 autem
3621 1522 3708 1563 eo-

2125 1597 2245 1637 rum
2287 1587 2648 1656 arrogantiam
2689 1591 2972 1660 amputet?
3001 1592 3110 1650 Nec
3138 1609 3266 1651 vero
3305 1596 3357 1651 id
3401 1598 3573 1652 solum
3606 1599 3712 1654 hoc.

2125 1674 2247 1730 loco
2268 1676 2507 1745 molitur,
2528 1679 2622 1734 sed
2649 1681 2778 1736 illud
2809 1697 3045 1754 quoque,
3073 1694 3129 1740 ut
3148 1687 3399 1743 ostendat
3420 1704 3707 1745 commune

2123 1767 2507 1824 detrimentum
2539 1769 2654 1828 fore
2677 1813 2693 1840 ,
2730 1774 2774 1828 si
2824 1790 2931 1829 non
2975 1775 3281 1833 obedierint
3308 1796 3322 1833 :
3353 1779 3496 1849 quod
3543 1783 3703 1836 etiam

2121 1859 2173 1913 in
2206 1859 2473 1931 principio
2501 1861 2647 1917 fecit.
2682 1863 2812 1918 Nam
2845 1873 2954 1921 tum
2983 1865 3149 1920 etiam.
3177 1867 3408 1930 dicebat,
3439 1869 3704 1925 Modicum

2118 1949 2420 2019 fermentum
2449 1961 2605 2007 totam
2633 1970 2853 2007 massam
2896 1958 3176 2027 corrumpit
3206 1957 3224 2028 (
3249 1958 3297 2013 l.
3332 1957 3450 2012 Cor.
3506 1961 3560 2014 5.
3590 1961 3657 2030 6)
3681 1978 3698 2027 ;

2118 2053 2169 2098 et
2201 2058 2386 2098 rursus
2413 2044 2519 2109 hic,
2551 2043 2620 2099 Ut
2642 2061 2742 2098 non
2768 2048 3221 2101 circumveniantur
3240 2065 3272 2102 a
3291 2058 3472 2103 satana
3495 2066 3513 2104 :
3541 2061 3699 2121 atque

2117 2134 2259 2191 illius
2283 2136 2372 2207 qui
2421 2147 2670 2207 peccarat
2711 2138 3102 2194 absolutionem
3140 2141 3335 2212 ubique
3375 2141 3479 2197 sibi
3510 2151 3563 2198 et
3591 2144 3703 2198 illis

2114 2236 2350 2297 arrogat.
3378 2296 3384 2303 .

2184 2319 2239 2375 5.
2265 2319 2464 2375 Verum
2489 2319 2651 2376 altius
2677 2335 2794 2377 rem
2822 2321 3106 2377 considera
3143 2339 3158 2378 :
3187 2322 3252 2379 Si
3272 2324 3383 2396 quis
3432 2333 3596 2380 autem
3621 2343 3700 2380 me

2111 2413 2421 2467 contristavit
2441 2455 2456 2480 ,
2489 2413 2679 2484 inquit,
2711 2429 2813 2468 non
2839 2429 2918 2468 me
2943 2415 3286 2482 contristauit,
3321 2416 3409 2469 sed
3435 2432 3498 2471 ea:
3526 2429 3692 2487 parte,

2110 2513 2166 2557 ut
2191 2520 2291 2558 non
2325 2521 2525 2560 onerent
2552 2521 2726 2559 omnes
2762 2520 2889 2569 vos;
2917 2520 2982 2560 ac
3011 2505 3203 2562 deinde
3241 2523 3426 2563 rursus
3450 2551 3465 2575 ,
3499 2508 3698 2580 Sufﬁcit

2109 2596 2155 2650 ei
2201 2596 2289 2666 qui
2339 2597 2586 2668 ejusmodi
2631 2606 2724 2665 est,
2773 2597 3058 2669 objurgatio
3106 2615 3185 2667 ea,
3241 2616 3352 2671 quae
3399 2601 3456 2670 ﬁt
3486 2617 3519 2654 a
3572 2603 3694 2673 plu-

2107 2687 2266 2742 ribus.
2321 2687 2436 2743 lloc
2507 2688 2672 2758 ipsius
2725 2687 3003 2744 decretum
3063 2699 3146 2745 est
3189 2701 3354 2761 atque
3399 2695 3685 2748 sententia.

2106 2777 2215 2834 Nec
2245 2785 2421 2834 tamen
2453 2779 2506 2832 iu
2534 2778 2635 2833 hoc
2661 2777 2878 2834 decreto
2913 2779 3176 2846 constitit,
3225 2781 3322 2835 sed
3352 2798 3564 2838 rursum
3589 2799 3684 2840 eos

2105 2884 2317 2943 quoque
2345 2870 2523 2925 socios
2548 2869 2803 2935 adhibet,
2835 2870 3022 2927 dicens
3055 2888 3070 2925 :
3101 2870 3170 2926 Ut
3198 2889 3226 2926 e
3249 2875 3505 2928 contrario
3531 2877 3689 2946 magis

2103 2961 2394 3018 condonetis
2421 2969 2468 3016 et
2495 2961 2844 3016 consolemini.
2879 2960 3098 3033 Propter
3117 2963 3255 3035 quod
3275 2963 3478 3020 obsecro
3500 2983 3604 3031 vos,
3633 2977 3689 3020 ut

2103 3053 2309 3123 firmatis
2349 3053 2404 3105 in
2452 3068 2566 3105 eum
2609 3052 2893 3106 caritatem.
2948 3054 3018 3107 At
3067 3062 3255 3123 postea
3306 3070 3467 3126 quam
3519 3065 3689 3111 totum

2102 3143 2244 3200 istud
2273 3157 2458 3198 eorum
2489 3143 2714 3197 arbitrio
2742 3144 3004 3213 permisit,
3034 3144 3102 3199 ad
3127 3147 3504 3201 auctoritatem
3535 3162 3686 3202 suam

2099 3234 2354 3306 deinceps
2379 3236 2588 3300 transit,
2610 3234 2693 3290 his
2718 3235 2896 3290 verbis
2917 3242 3072 3290 utens
3097 3256 3111 3291 :
3139 3233 3207 3290 In
3234 3237 3330 3292 hoc
3350 3239 3481 3292 enim
3503 3239 3688 3309 scripsi

2098 3329 2235 3383 vobis
2254 3368 2270 3395 ,
2299 3338 2353 3382 ut
2383 3344 2686 3400 cognoscam
2715 3329 3112 3399 experimentum
3136 3340 3377 3399 vestrum,
3406 3349 3471 3386 an
3503 3333 3554 3387 in
3577 3349 3685 3386 om-

2097 3421 2245 3477 nibus
2273 3422 2560 3476 obedientes
2602 3422 2744 3476 estis.
2785 3421 2905 3476 Mox
2933 3436 3121 3477 rursus
3169 3424 3396 3493 gratiam
3429 3425 3560 3496 ipsis
3589 3425 3685 3480 ad-

2095 3516 2302 3582 scribit,
2331 3530 2455 3570 cum
2486 3515 2578 3581 ait,
2601 3515 2696 3569 Cui
2718 3524 2885 3568 autem
2911 3515 3138 3569 donastis
3159 3531 3178 3569 .'
3205 3525 3314 3570 tum
3344 3531 3529 3571 rursus
3551 3517 3678 3586 sibi,

2094 3609 2298 3674 dicens,
2354 3607 2420 3661 Et
2443 3623 2533 3678 ego
2557 3607 2602 3662 si
2626 3607 2709 3661 cui
2735 3607 2953 3673 donavi,
2983 3617 3187 3679 propter
3224 3621 3310 3662 vos
3330 3623 3349 3662 :
3381 3607 3574 3666 deinde
3602 3610 3675 3664 si-

2093 3701 2205 3757 mul
2233 3708 2291 3756 et
2318 3699 2449 3771 ipsis
2476 3709 2530 3754 et
2581 3698 2681 3754 sibi
2711 3713 2828 3753 eam
2862 3699 3113 3766 vindicat,
3143 3714 3266 3754 cum
3297 3700 3405 3765 ait,
3458 3699 3594 3753 Nam
3627 3711 3676 3756 et

2091 3809 2204 3866 ego,
2228 3792 2274 3848 si
2296 3792 2418 3862 quid
2446 3791 2652 3858 donavi,
2669 3801 2875 3860 propter
2891 3807 2976 3847 uos
3000 3793 3052 3846 in
3075 3808 3288 3863 persona
3312 3791 3525 3847 Christi.
3556 3793 3670 3850 Hoc

2089 3897 2210 3953 est,
2233 3886 2301 3941 ad
2324 3885 2549 3956 gloriam
2587 3884 2818 3950 Christi;
2861 3885 2966 3952 vel,
3016 3894 3288 3955 tamquam
3326 3885 3543 3942 Christo
3572 3887 3676 3942 hoc

2088 3978 2247 4032 etiam
2275 3979 2572 4048 imperante
2603 3994 2617 4030 :
2649 3975 2810 4045 idque
2840 3977 3071 4031 maxime
3117 3977 3239 4031 illos
3283 3978 3550 4033 movebat.
3580 3978 3671 4033 Ti-

2089 4067 2308 4123 mebaut
2344 4067 2486 4122 enim
2521 4082 2588 4122 ne
2613 4066 2941 4138 indulgentia
2971 4067 3148 4123 minus
3177 4077 3462 4122 uterentur
3495 4069 3548 4123 in
3593 4085 3670 4135 re,

2086 4173 2206 4230 quae
2231 4157 2296 4213 ad
2324 4157 2520 4213 Christi
2560 4158 2782 4228 gloriam
2815 4159 3143 4228 pertineret,
3173 4159 3384 4230 ipsique
3414 4160 3668 4230 placeret.

2090 4250 2289 4306 Deinde
2335 4265 2521 4305 rursus
2571 4264 2855 4305 commune
2892 4245 3300 4318 detrimentdm,
3354 4251 3400 4306 si
3450 4252 3670 4306 obedire

2085 4343 2436 4414 negligerent,
2465 4343 2719 4414 proponit
2745 4342 2929 4399 dicens
2955 4383 2971 4410 ,
2997 4342 3065 4398 Ut
3094 4359 3195 4398 non
3220 4345 3670 4399 circumveniantur

2084 4455 2116 4493 a
2135 4448 2338 4494 satana.
2366 4438 2483 4506 Quo
2508 4439 2626 4492 loco
2647 4437 2869 4508 pulchre
2891 4446 3160 4505 πλεονεξίας
3176 4441 3492 4495 vocabulum
3520 4457 3670 4496 usur-

2086 4532 2230 4602 pavit
2278 4547 2292 4583 :
2348 4545 2520 4600 neque
2545 4531 2690 4584 enim
2721 4531 2810 4585 ille
2839 4546 2934 4585 sua
2975 4530 3085 4602 jam
3110 4532 3294 4602 capit,
3345 4532 3440 4588 sed
3484 4541 3665 4588 nostra

2083 4622 2262 4692 eripit.
2289 4621 2399 4677 Nec
2441 4637 2570 4678 vero
2613 4622 2741 4677 mihi
2785 4622 2887 4677 hoc
2934 4623 3156 4690 dixeris,
3196 4624 3338 4694 quod
3377 4625 3525 4680 solus
3576 4627 3665 4682 ille

2084 4715 2373 4770 fornicator
2402 4715 2590 4771 belluas
2618 4717 2669 4772 in
2693 4716 2928 4787 praedam
2952 4717 3128 4784 cedat,
3159 4733 3346 4773 verum
3371 4719 3496 4774 illud
3525 4736 3663 4789 quo-

2083 4821 2188 4878 que
2217 4815 2392 4862 tecum
2419 4817 2604 4878 reputa
2629 4847 2644 4872 ,
2676 4807 2818 4878 quod
2846 4809 3025 4879 gregis
3054 4823 3312 4864 numerus
3357 4811 3531 4865 minor
3564 4811 3621 4866 fit
3646 4829 3662 4878 ;

2083 4915 2146 4956 ac
2191 4915 2334 4955 nunc
2363 4900 2679 4970 praesertim,
2709 4915 2831 4955 cum
2868 4899 2920 4954 id
2951 4900 3091 4970 quod
3119 4901 3373 4956 amissum
3400 4911 3484 4958 est
3511 4919 3668 4960 recu-

2085 5005 2275 5059 perare
2321 4990 2468 5046 licet.
2522 4988 2644 5043 Non
2687 4996 2820 5044 enim
2847 4991 2958 5061 ejus
2990 4992 3320 5062 cogitationes
3346 4994 3661 5064 ignoramus.

2081 5081 2284 5154 Nempe
2311 5083 2452 5153 quod
2479 5083 2692 5152 pietatis
2719 5091 2981 5152 pr.rtextu
3025 5083 3181 5138 nobis
3207 5086 3429 5140 exitium
3453 5088 3661 5143 afferat.

2081 5171 2196 5226 Non
2241 5175 2384 5229 enim
2425 5173 2550 5228 hinc
2593 5174 2785 5238 solum,
2838 5174 2980 5245 quod
3027 5176 3260 5246 aliquem
3301 5178 3369 5233 ad
3413 5189 3659 5251 stuprum

2082 5264 2297 5319 inducat
2319 5307 2335 5331 ,
2369 5265 2463 5321 sed
2502 5280 2532 5319 a
2581 5267 2852 5321 contrario
2883 5283 3093 5338 quoque
3148 5271 3436 5339 perniciem
3469 5271 3665 5328 al‘l‘erre

2081 5362 2276 5424 potest,
2300 5355 2550 5411 nimirum
2581 5359 2648 5411 ab
2680 5357 2968 5412 immodico
2990 5373 3221 5414 mterore
3251 5375 3315 5414 ex
3346 5362 3661 5430 paenitentia

2077 5451 2370 5498 centracto.
2404 5445 2533 5500 Cum
2569 5449 2727 5518 igitur
2756 5463 2859 5500 uua
2886 5462 3005 5501 cum
3035 5449 3147 5502 suis
3187 5460 3399 5504 nostros
3443 5467 3660 5521 quoque

2077 5535 2324 5605 abripiat,
2351 5552 2470 5590 cum
2501 5549 2555 5593 et
2583 5555 2805 5608 peccare
2828 5540 3024 5609 jubens
3053 5540 3262 5609 perdat,
3286 5551 3340 5596 et
3362 5543 3515 5597 nobis
3544 5556 3667 5614 poe-

2079 5629 2356 5684 nitentiam
2403 5628 2758 5689 iudicentibus
2788 5632 2956 5704 rapiat
2983 5673 3000 5700 ,
3029 5647 3206 5688 annon
3248 5633 3390 5690 istud
3417 5635 3659 5698 πλεονεξία
