4098 6222
449 266 555 323 Ωᾰ

450 381 696 435 ἐντεῦθεν
732 376 949 449 δύνηται
994 374 1313 447 λαμϐάνειν,
1346 377 1628 451 σκόπησον
1658 382 1770 445 πῶς
1814 383 1847 452 ἡ
1886 376 2023 453 ἧττα

450 470 667 542 αίσχρά,
691 469 807 531 πῶς
863 467 938 531 ὡς
980 466 1227 522 ἀσθενῶν
1274 469 1370 523 καὶ
1397 470 1760 543 ταλαιπώρων
1786 488 2025 539 καταγε-

447 563 668 617 λάσεται
724 558 819 614 καὶ
858 559 1319 631 καταδραμεῖται,
1364 560 1416 614 εἴ
1458 579 1525 631 γε
1570 566 1684 626 τοῖς
1734 562 2025 632 ἡμετέροις

445 653 629 717 δπλοις
653 653 802 725 ἡμᾶς
828 650 1013 723 μέλλει
1040 652 1373 723 χειροῦσθαι.
1410 654 1520 707 Καὶ
1553 654 1660 726 γὰρ
1682 653 1885 723 σφόδρα
1923 669 2022 703 κα-

446 745 781 815 ταγέλαστον
834 745 928 799 καὶ
974 744 1074 817 τῆς
1125 746 1358 817 ἐσχάτης
1431 745 1709 816 αἰσχύνης,
1761 742 1848 797 διὰ
1909 741 2016 794 τῶν

448 837 731 910 ἡμετέρων
763 838 1072 909 φαρμάκων
1090 838 1158 891 τά
1173 838 1461 910 τραύματα
1492 836 1653 890 αὑτὸν
1682 832 2019 889 κατασκευά-

450 933 584 999 ζειν.
618 932 719 986 Διά
751 931 909 986 τοῦτο
932 930 1135 999 ἐλεγενι
1168 932 1250 985 Οὐ
1293 928 1400 1000 γὰρ
1432 926 1619 982 αὐτοῦ
1655 926 1724 981 τὰ
1752 925 2019 995 νοήματα

449 1024 815 1097 ἀγνοοῦμεν·
854 1022 916 1076 τὸ
950 1022 1211 1086 ποικίλον,
1244 1020 1308 1074 τὸ
1328 1020 1563 1091 δολερὸν,
1597 1018 1659 1072 τὸ
1701 1018 2018 1087 κακομήχα-

451 1136 565 1184 νον,
606 1117 666 1171 τδ
709 1112 1035 1182 κακοῦργον,
1093 1110 1175 1165 τδ·
1205 1110 1297 1162 ἐπὶ
1348 1108 1697 1179 προσχήματι
1735 1103 2020 1168 εὐλαϐείας

452 1204 849 1281 ἐπηρεαστικὸν
878 1204 1161 1272 ἐμφαίνων
1196 1213 1245 1254 ι.
1277 1198 1445 1253 Ταῦτ’
1491 1193 1585 1252 οὖν
1629 1197 1723 1251 καὶ
1743 1197 1908 1267 ἡμεῖς
1932 1196 2020 1249 ἐν-

452 1301 719 1363 νοοῦντες,
749 1294 1018 1366 μηδέποτε
1066 1290 1294 1363 μηδενὸς
1349 1288 1802 1362 καταφρονῶμεν,
1858 1288 2021 1361 μηδέ-

453 1409 583 1447 ποτε
612 1386 1016 1459 ἁμαρτάνοντες
1071 1379 1571 1453 ἀπογινώσκωμεν·
1604 1381 1730 1453 μηδ’
1763 1376 1830 1436 αὖ
1853 1381 2021 1453 ῥᾳθυ.

453 1482 640 1554 μῶμεν
670 1479 852 1545 πάλιν,
874 1474 1010 1530 ἀλλά
1049 1472 1421 1546 συντρίϐωμεν
1450 1472 1550 1546 τὴν
1581 1472 1818 1529 διάνοιαν
1841 1472 2022 1543 πλημ-

451 1570 758 1646 μελοῦντες,
786 1569 868 1642 μὴ
916 1565 1106 1630 άπλῶς
1134 1567 1360 1638 ρήματα
1403 1562 1858 1637 προϐαλλὼμεθα.
1910 1564 2021 1617 Καὶ

445 1666 553 1736 7&9
578 1658 695 1717 οἶδα
742 1658 970 1723 πολλοὺς
1002 1656 1133 1727 ἐγὼ,
1185 1656 1236 1711 οἳ
1286 1655 1505 1725 λέγουσι
1539 1655 1638 1728 μὲν
1692 1654 1909 1709 πενθεῖν
1951 1652 2019 1707 τὰ

448 1754 843 1825 ἀμαρτήματα,
891 1748 1046 1803 οὑδὲν
1087 1748 1147 1802 δέ
1185 1747 1328 1820 μέγα
1376 1745 1728 1819 ἐργάζονται,
1759 1746 1895 1803 ἀλλά
1923 1763 2021 1818 νη-

450 1847 699 1901 στεύουσι
735 1844 834 1916 μὲν
867 1842 963 1897 καῖ
988 1840 1195 1913 τραχέα
1238 1839 1498 1910 φοροῦσιν
1554 1841 1763 1911 ἱμάτια,
1804 1840 2020 1912 χρημά-

447 1955 556 1994 των
575 1937 633 1992 δέ
670 1936 874 2006 μᾶλλον
894 1934 1003 1987 τῶν
1025 1930 1441 2004 καπηλευόντων
1467 1930 1732 2001 ἐφίενται,
1758 1931 1851 1985 καὶ
1880 1930 2018 2001 ὀργῇ

451 2032 612 2087 πλέον
633 2028 837 2101 θηρίων
857 2026 1190 2089 ἁλίσκονται,
1234 2022 1329 2077 καὶ
1359 2020 1726 2095 κακηγορίαις
1770 2021 2022 2095 χαίρουσι

453 2129 676 2200 μᾶλλον,
708 2127 742 2199 ἢ
784 2123 1083 2195 ἐγκωμίοις
1112 2121 1311 2192 ἕτεροι.
1333 2118 1451 2175 Οὑκ
1481 2119 1597 2175 ἐστι
1628 2119 1804 2175 ταῦτα
1853 2121 2023 2192 μετά-

446 2238 585 2278 νοια·
613 2217 779 2274 εἰκών
801 2219 916 2271 ἐστι
950 2213 1252 2286 ,μετανοίας
1291 2212 1465 2268 ταῦτα
1517 2213 1613 2267 καὶ
1667 2212 1795 2267 σκιά
1839 2213 2021 2284 μόνον,

445 2310 508 2364 οὑ
544 2307 821 2381 μετάνοια.
849 2303 941 2379 Διὸ
966 2302 1060 2357 καὶ
1115 2300 1209 2354 ἐπὶ
1236 2300 1442 2354 τούτων
1472 2300 1637 2356 καλὸν
1661 2301 1856 2356 είπεῖν·
1887 2300 2021 2354 Σκο-

448 2404 600 2456 πεῖτε
627 2397 703 2471 μὴ
749 2392 1237 2467 πλεονεκτηθῶμεν
1269 2392 1376 2447 ὑπὸ
1427 2391 1523 2446 τοῦ
1569 2393 1799 2447 σατανᾶ·
1833 2393 1893 2446 οὑ
1916 2392 2026 2464 γὰρ

447 2492 613 2549 αὑτοῦ
641 2493 711 2547 τὰ
735 2491 979 2563 νοήματα
1007 2486 1330 2558 ἀγνοοῦμεν.
1347 2485 1487 2551 Τοὺς
1513 2485 1612 2557 μέν
1626 2486 1735 2557 γὰρ
1749 2485 1818 2540 δι’
1843 2486 2027 2556 ἁμαρ-

446 2586 729 2659 τημάτων,
782 2583 907 2647 τοὺς
942 2581 1000 2635 δέ
1044 2579 1132 2635 διά
1163 2578 1453 2652 μετανοίας
1493 2579 1777 2645 ἀπόλλυσι,
1803 2578 2026 2642 τούτους

446 2679 504 2733 δέ
532 2678 707 2749 ἑτέρῳ
755 2674 942 2746 τρόπῳ
990 2672 1177 2739 πάλιν,
1230 2671 1310 2743 τῷ
1356 2671 1523 2744 μηδὲν
1581 2671 1691 2726 ἀπὸ
1738 2670 2026 2743 μετανοίας

448 2772 668 2840 ἀφεῖναι
723 2765 1089 2838 καρποῦσθαι.
1133 2763 1352 2833 Ἐπειδὴ
1378 2764 1488 2836 γὰρ
1534 2763 1796 2818 ἀπολέσαι
1846 2762 1906 2828 ἐξ
1937 2763 2027 2816 εὑ-

449 2864 603 2929 θείας
631 2863 731 2934 οὐχ
756 2854 937 2933 εὗρεν,
964 2859 1158 2931 ἑτέραν
1195 2854 1359 2930 ἦλθεν
1390 2858 1509 2913 όδδν
1538 2860 1665 2923 τοὺς
1705 2858 1809 2930 μὲν
1832 2858 2026 2923 πόνους

448 2954 753 3018 ἐπιτείνων,
791 2951 912 3015 τοὺς
955 2949 1010 3004 δέ
1044 2950 1291 3020 καρποὺς
1318 2950 1742 3023 ἀφαιρούμενος,
1779 2951 1875 3005 καὶ
1901 2952 2023 3005 πεί.

449 3046 559 3100 θων
586 3044 663 3108 ὡς
711 3042 771 3097 τὸ
826 3043 934 3096 πᾶν
981 3040 1439 3118 κατωρθωκότας,
1497 3041 1641 3096 οὑτω
1683 3041 1793 3097 τῶν
1852 3040 2026 3097 ἄλλων

447 3136 693 3209 ἀμελεῖν.
720 3135 816 3188 Ἵν*
839 3130 933 3189 οὖν
969 3134 1045 3206 μὴ
1090 3134 1217 3205 είκῆ
1251 3133 1543 3205 κόπτωμεν
1569 3133 1818 3202 ἑαυτοὺς,
1854 3137 2028 3208 μικρά

451 3229 589 3303 πρὸς
615 3227 713 3292 τὰς
731 3225 984 3291 τοιαύτας
1015 3224 1391 3297 διαλεχθῶμεν
1420 3226 1687 3295 γυναῖκας
1708 3241 1724 3257 ο
1750 3226 2027 3296 γυναικῶν

449 3321 558 3396 7&9
586 3319 822 3392 μάλιστα
858 3317 1010 3372 τουτὶ
1043 3318 1105 3372 τὸ
1136 3318 1369 3390 νόσημα.
1412 3316 1595 3389 Καλὸν
1624 3316 1725 3389 μὲν
1753 3317 2028 3373 καὶτοῦτο

449 3412 480 3466 δ
505 3412 768 3484 πράττετε
797 3409 914 3479 νῦν,
944 3407 1169 3481 νηστεία
1211 3410 1307 3464 καὶ
1347 3408 1627 3481 χαμευνία
1652 3411 1751 3464 καὶ
1803 3409 2023 3474 σποδός·

450 3505 566 3560 ἀλλ’
589 3505 714 3558 ὃταν
736 3503 807 3557 τὰ
838 3503 974 3559 ἀλλα
1023 3502 1099 3574 μὴ
1129 3504 1330 3574 προσῇ,
1369 3501 1568 3556 τούτων
1603 3500 1794 3572 ὄφελος
1850 3501 2023 3556 οὑδέν.

454 3593 661 3663 Ἔδειξε
695 3593 814 3658 πῶς
837 3592 1059 3663 ἀφίησιν
1083 3591 1356 3664 ἁμαρτίας
1386 3591 1649 3656 όΘεόςοτί
1669 3592 1850 3647 τοίνυν
1879 3592 2025 3646 ἐκεί-

453 3703 550 3758 νην
602 3684 833 3756 ἀφέντες
885 3683 983 3755 τὴν
1029 3682 1171 3749 ὁδὸν,
1230 3682 1422 3754 ἑτέραν
1478 3683 1691 3748 ἑαυτοῖς
1756 3684 2022 3756 τέμνετε;

453 3780 741 3851 Ἵῐμαρτον
776 3778 826 3830 οί
870 3775 1150 3831 Νινευῖταί
1181 3792 1350 3841 ποτε,
1388 3776 1481 3830 καὶ
1528 3775 1794 3849 ἐποίησαν
1827 3775 2024 3843 ταῦτα,

451 3872 488 3926 ἂ
518 3869 616 3925 καὶ
653 3869 810 3939 ὑμεῖς
860 3869 1065 3921 ποιεῖτε
1116 3866 1249 3922 νῦν’
1311 3867 1431 3922 ἀλλ’
1481 3867 1687 3942 ἴδωμεν
1729 3870 1784 3925 τί
1829 3872 2029 3936 αὑτοὺς

451 3963 703 4036 ὠφέλησε
744 3959 918 4034 [465].
966 3960 1235 4033 Καθάπερ
1279 3962 1390 4034 γὰρ
1429 3962 1524 4017 ἐπὶ
1571 3963 1680 4019 τῶν
1712 3965 2028 4036 καμνόντων

453 4056 626 4109 πολλὰ
655 4053 752 4126 μὲν
771 4053 1071 4122 ἐπάγουσιν
1098 4054 1147 4106 οί
1189 4053 1384 4125 ἰατροὶ,
1407 4056 1436 4108 ό
1464 4054 1520 4109 δὲ
1546 4057 1765 4122 συνετὸς
1790 4058 1849 4111 οὑ
1870 4057 2029 4113 τοῦτο

454 4148 666 4214 σκοπεῖ,
686 4146 769 4200 ὃτι
796 4143 857 4198 τὸ
892 4145 989 4198 καὶ
1015 4146 1076 4199 τὸ
1115 4144 1370 4218 ἐποίησεν
1397 4147 1426 4200 ό
1458 4149 1779 4221 ἀρρωστῶν,
1808 4150 1947 4206 ἀλλά
1975 4152 2029 4206 τί

452 4239 615 4294 αὑτὸν
641 4235 944 4309 ὠφέλησεν
971 4235 1116 4290 οὕτω
1158 4237 1254 4292 καὶ
1303 4239 1537 4295 ἐνταῦθα
1590 4244 1813 4296 σκοπεῖν
1845 4243 1943 4299 δεῖ.
1965 4244 2029 4297 Τί

448 4329 546 4389 οὗν
588 4332 839 4405 ὠφέλησε
871 4332 994 4397 τοὺς
1047 4331 1356 4406 βαρϐάρους
1405 4335 1687 4404 ἐκείνους;
1719 4338 2029 4411 ,Ἐπέθηκαν

457 4425 710 4499 νηστείαν
734 4429 848 4492 τοῖς
885 4424 1188 4500 τραύμασι,
1232 4427 1329 4483 καὶ
1362 4428 1600 4502 σφοδρὰν
1640 4432 1895 4504 νηστείαν
1932 4434 2031 4487 ἐπ-

450 4518 679 4590 έθηκαν,
722 4519 818 4574 καὶ
856 4519 1157 4590 χαμευνίαν
1202 4521 1297 4575 καὶ
1350 4520 1555 4577 σάκκου
1600 4524 1893 4598 περιϐολὴν
1935 4527 2030 4582 καὶ

451 4612 660 4683 τέφραν
709 4614 807 4666 καὶ
862 4612 1175 4684 -όδυρμούςο
1244 4613 1524 4686 ἐπέθηκαν
1576 4617 1672 4672 καὶ
1726 4619 2029 4693 μεταϐρλὴν

450 4704 595 4776 βίου.

516 4912 591 4963 ς’.
629 4906 856 4979 Ἰδωμεν
882 4902 976 4965 οῦν
1004 4910 1057 4966 τί
1085 4910 1291 4966 τούτων
1312 4910 1571 4985 ἐποίησεν
1603 4912 1802 4979 αὐτοὺς
1831 4914 2024 4986 ὑγιεῖς.

456 4996 569 5051 Καὶ
599 4995 762 5079 πόθεν
802 4999 1090 5071 είσόμεθα,
1136 5003 1342 5074 φησίν;
1392 5006 1491 5058 “Av
1541 5005 1680 5078 πρὸς
1710 5005 1804 5062 τὸν
1845 5007 2029 5080 ίατρὸν

458 5087 722 5161 έλσωμεν,
740 5088 806 5143 ἂν
833 5090 996 5146 αὑτὸν
1024 5095 1411 5167 ἐρωτήσωμενο
1436 5096 1497 5149 οὐ
1524 5097 1631 5169 γὰρ
1649 5098 2029 5173 ἀποκρύψεται

456 5182 625 5252 ἡμᾶς,
650 5180 786 5236 ἀλλά
847 5184 942 5238 καὶ
988 5185 1193 5257 σφόδρα
1223 5189 1355 5259 ἐρεῖ.
1386 5189 1604 5244 Μᾶλλον
1632 5190 1689 5245 δὲ
1718 5192 1807 5246 ῖνα
1834 5194 2028 5268 μηδεὶς

452 5275 650 5347 ἀγνοῇ,
673 5274 810 5346 μηδὲ
844 5276 1066 5348 ἐρέσθαι
1115 5278 1326 5352 δέηται,
1357 5281 1451 5336 καὶ
1484 5282 1761 5356 ἀνέγραψε
1795 5287 1856 5342 τὸ
1885 5288 2027 5361 φάρ-

451 5380 634 5437 ιμακον
677 5363 740 5418 τδ
774 5364 1089 5440 ἀναστῆσαν
1126 5370 1345 5437 αὐτούς.
1398 5371 1465 5428 Τί
1509 5368 1603 5429 οὖν
1651 5376 1811 5431 τοῦτό
1849 5379 2024 5449 ἐστιν;

502 5699 537 5731 ο
560 5684 823 5753 ιοσεὺαωτ
844 5689 1096 5753 έμφαινεινι

1076 260 1135 314 S.
1172 258 1454 315 ιοΑΝΝιδ
1494 260 2001 322 (ιιιιιῖεοετοιιι
2038 262 2369 324 Λιιεωειι.
2408 266 2965 328 (ὶΟΝδΤΛΝΤιΝΟΡ.

3581 268 3686 326 426

2126 378 2286 447 Eme,
2309 382 2494 455 φησὶν,
2519 386 2553 438 ό
2575 385 2718 452 Θεὸς
2754 386 2844 442 ὅτι
2880 387 3263 459 ἀπέστρεψεν
3287 389 3543 456 ἕκαστος
3568 391 3687 445 ἀπὸ

2123 474 2234 542 τῆς
2263 473 2406 528 ὀδοῦ
2456 475 2640 530 αὑτοῦ
2694 476 2806 545 τῆς
2841 479 3130 548 πονηρᾶς,
3191 482 3289 535 καὶ
3318 473 3690 551 μετενόησεν

2121 564 2219 617 ἐπὶ
2262 563 2335 633 τῇ
2375 566 2575 634 κακίᾳ,
2621 561 2662 639 ᾖ
2698 568 2965 638 ἐλάλησε
3015 570 3265 639 ποιῆσαι
3309 572 3533 639 αὐτοῖς.
3577 575 3690 627 Οὑκ

2121 653 2297 723 εἶπεν,
2329 658 2410 713 ὄτι
2441 656 2563 713 Εἱδε
2593 668 2848 731 νηστείαν
2879 668 2976 715 καί
3002 667 3203 716 σάκκον
3221 669 3314 717 καὶ
3340 664 3561 719 σποδόν.
3580 666 3691 718 Καὶ

2119 750 2297 804 ταῦτα
2326 751 2395 827 οὑ
2426 752 2679 822 νηστείαν
2717 753 2957 824 ἀναιρῶν
2988 753 3150 822 λέγω*
3177 757 3251 827 μὴ
3280 755 3511 824 γένοιτο’
3556 757 3692 811 ἀλλὰ

2118 841 2180 896 τὸ
2219 846 2317 915 τῆς
2349 844 2600 915 νηστείας
2625 848 2871 916 κρεῖττον
2904 849 3075 900 ποιεῖν
3095 846 3397 918 παραινῶν,
3432 848 3491 902 τὸ
3513 848 3695 920 πάσης

2120 933 2317 997 κακίας
2340 934 2661 1004 ἀπέχεσθαι.
2690 934 2944 1006 Ἤμαρτε
2971 937 3066 990 καὶ
3098 938 3126 992 ό
3147 937 3331 991 Δαυῖδο
3368 938 3570 1009 ἴδωμεν
3597 934 3694 994 οὖν

2119 1025 2213 1079 καὶ
2256 1018 2412 1090 οὗτος
2469 1024 2589 1090 πῶς
2624 1026 2939 1098 μετενόησε.
2970 1027 3131 1099 Τρεῖς
3171 1026 3387 1099 ἡμέρας
3438 1028 3696 1082 ἐκάθισεν

2120 1119 2214 1170 ἐπὶ
2259 1117 2483 1188 τέφρας.
2539 1116 2679 1170 Ἀλλ’
2722 1119 2927 1182 ἐκεῖνος
2953 1118 3052 1189 οὑχ
3096 1118 3239 1190 ὑπὲρ
3269 1119 3372 1189 τῆς
3419 1119 3695 1191 ἁμαρτίας

2119 1208 2314 1273 ἐποίει,
2335 1208 2450 1263 ἀλλ’
2480 1209 2621 1280 ὑπὲρ
2649 1208 2744 1263 τοῦ
2776 1208 3011 1275 παιδίου,
3051 1209 3265 1281 μεθύων
3288 1208 3369 1264 ἔτι
3390 1208 3469 1280 τῷ
3496 1209 3659 1263 πάθει
3679 1226 3694 1239 ·

2118 1296 2217 1369 τὴν
2249 1297 2304 1352 δέ
2323 1297 2598 1369 ἁμαρτίαν
2620 1298 2823 1369 ἑτέρως
2857 1297 3171 1370 ἀπέσμηχε,
3201 1299 3692 1372 ταπεινοφροσύνῃ,

2122 1388 2382 1462 συντριϐῇ
2408 1389 2653 1462 καρδίας,
2679 1388 2969 1455 κατανύξει
3008 1390 3209 1462 ψυχῆς,
3238 1389 3315 1461 τῷ
3361 1389 3558 1461 μηκέτι
3580 1392 3695 1453 τοῖς

2120 1483 2303 1545 αὑτοῖς
2329 1484 2669 1553 περιπεσεῖν,
2692 1481 2770 1553 τῷ
2794 1481 3104 1554 μεμνῆσθαι
3120 1482 3387 1554 διηνεκῶς
3409 1482 3603 1552 αὑτῆς,
3614 1482 3694 1554 τῷ

2121 1572 2309 1643 φέρειν
2341 1570 2673 1642 εὐχαρίστως
2701 1571 2771 1625 τὰ
2796 1573 3019 1627 ἐπιόντα
3046 1573 3281 1641 ἅπαντα,
3317 1572 3395 1645 τῷ
3420 1573 3694 1644 φείδεσθαι

2120 1661 2229 1716 τῶν
2259 1661 2591 1727 λυπούντων,
2631 1662 2706 1733 τῷ
2729 1662 2807 1734 μὴ
2831 1662 3129 1734 ἀμύνεσθαι
3157 1666 3285 1729 τοὺς
3314 1665 3693 1720 ἐπιϐουλεύον-

2121 1768 2241 1819 τας,
2292 1752 2428 1807 ἀλλά
2475 1753 2724 1819 καὶτοὺς
2771 1753 3125 1825 βουλομένους
3162 1756 3317 1810 τοῦτο
3357 1760 3552 1822 ποιεῖν,
3587 1776 3695 1813 κω-

2120 1843 2287 1899 λύειν.
2344 1846 2470 1900 Ὅτε
2520 1845 2650 1915 γοῦν
2687 1846 2848 1901 αὑτὸν
2885 1849 2913 1901 ό
2952 1847 3149 1919 Σεμεεὶ
3199 1849 3415 1921 μυρίοις
3466 1849 3694 1907 ἐπλυνεν

2120 1934 2366 2002 ὀνείδεσι,
2401 1936 2496 1990 τοῦ
2533 1936 2841 2009 στρατηγοῦ
2876 1937 2968 1992 τοῦ
3005 1939 3270 2011 παρόντος
3323 1942 3695 2011 ἀγανακτοῦν-

2122 2039 2233 2088 τος,
2266 2022 2472 2093 ἔλεγεν,
2503 2026 2688 2094 Ἀςοες
2715 2026 2903 2081 αὐτὸν
2931 2028 3302 2098 καταρᾶσθαι
3332 2047 3428 2101 με,
3462 2032 3549 2085 ὅτι
3583 2035 3695 2087 Κύ-

2116 2131 2251 2183 ριος
2278 2115 2617 2172 ἐνετείλατο
2652 2116 2831 2184 αὐτῷ.
2881 2120 3127 2193 Καρδίαν
3157 2123 3265 2192 γὰρ
3301 2126 3698 2197 συντετριμμέ⁴

2123 2223 2222 2277 νην
2249 2207 2343 2261 καὶ
2410 2210 2887 2282 τεταπεινωμένην
2939 2205 3085 2283 εἶχεν
3110 2253 3126 2277 ,
3173 2213 3203 2267 ὃ
3251 2215 3488 2285 μάλιστα
3528 2218 3695 2271 αὑτοῦ

2122 2300 2190 2354 τὰ
2208 2300 2580 2373 ἁμαρτήματα
2608 2302 2919 2374 ἀπέσμηχε·
2940 2304 3033 2357 καὶ
3059 2303 3340 2377 γάρτοῦτο
3367 2306 3696 2379 ἐξομολόγη-

2126 2411 2233 2459 σις,
2288 2392 2446 2447 τοῦτο
2489 2394 2770 2465 μετάνοια.
2809 2395 2907 2449 ’Ἂν
2938 2395 2996 2449 δὲ
3046 2399 3399 2469 νηστεύοντες
3441 2399 3698 2466 ἀλαζόνες

2123 2476 2295 2554 ὦμεν,
2320 2484 2380 2537 οὑ
2415 2484 2575 2556 μόνον
2598 2485 2751 2542 οὐδὲν
2767 2485 3153 2558 ὠφεληθημεν,
3203 2489 3341 2543 ἀλλά
3399 2492 3490 2546 καὶ
3538 2491 3699 2545 ἐϐλάο

2125 2574 2323 2645 ϐημεν.
2362 2576 2711 2632 Ταπείνωσον
2739 2579 2919 2633 τοίνυν
2948 2580 3049 2651 τὴν
3079 2581 3305 2653 καρδίαν
3339 2584 3433 2636 καὶ
3465 2584 3529 2637 σὺ
3552 2624 3568 2649 ,
3611 2583 3700 2638 ῖνα

2125 2666 2217 2720 τὸν
2256 2665 2389 2720 Θεὸν
2421 2669 2703 2742 ἐπισπάσῃ
2728 2686 2742 2700 ’
2781 2670 2995 2742 Ἐγγὺς
3016 2671 3123 2744 γὰρ
3149 2673 3365 2742 Κύριος
3395 2675 3521 2742 τοῖς
3552 2691 3701 2730 συν-

2126 2757 2533 2830 τετριμμένοις
2577 2759 2652 2829 τῇ
2678 2762 2911 2831 καρδίᾳ.
2950 2765 3062 2834 Οὑχ
3087 2766 3219 2836 ὁρᾷς
3263 2767 3322 2820 ἐν
3344 2769 3466 2830 ταῖς
3501 2768 3700 2831 οἰκίαις

2124 2851 2246 2913 ταῖς
2303 2848 2585 2922 λαμπραῖς
2638 2853 2763 2916 τοὺς
2818 2854 3232 2926 ἡτιμωμένους,
3273 2857 3392 2920 πῶς
3423 2857 3545 2912 οὐδὲ
3589 2858 3699 2912 τῶν

2127 2938 2426 2994 ἐλαττόνων
2456 2941 2683 2996 οἰκετῶν
2726 2943 3057 3013 ὑϐριζόντων
3095 2946 3293 3012 αὐτοὺς
3338 2950 3441 3003 οὑκ
3489 2950 3702 3005 ἀντιλέ-

2125 3050 2315 3103 γουσιν
2340 3074 2356 3100 ,
2399 3033 2535 3088 ἀλλὰ
2569 3036 2794 3107 φέρουσι
2818 3035 2907 3091 διά
2926 3037 3025 3110 τὴν
3049 3039 3295 3111 ἀτιμίαν,
3379 3041 3701 3115 περιέϐαλεν

2126 3126 2323 3190 αὑτοὺς
2346 3127 2379 3197 ἡ
2405 3123 2648 3198 ἁμαρτία
2671 3143 2686 3193 ;
2717 3126 2872 3183 Οὕτω
2894 3129 2987 3184 καὶ
3004 3131 3068 3185 σὺ
3084 3131 3228 3186 ποίει
3248 3150 3264 3165 ·
3294 3133 3397 3188 κᾶν
3416 3134 3702 3209 λοιδορήσῃ

2129 3218 2188 3272 σέ
2218 3236 2323 3284 τις,
2351 3219 2428 3290 μὴ
2451 3219 2740 3292 ἀγριάνῃς,
2766 3221 2903 3275 ἀλλὰ
2930 3221 3203 3290 στέναξον,
3232 3225 3309 3295 μὴ
3324 3226 3416 3278 ἐπὶ
3436 3230 3501 3298 τῇ
3521 3225 3696 3298 ὕϐρει,

2126 3308 2242 3362 ἀλλ’
2274 3310 2367 3362 ἐπὶ
2386 3311 2450 3381 τῇ
2493 3310 2736 3382 ἁμαρτία
2775 3314 2842 3382 τῇ
2893 3328 2952 3365 σε
2993 3314 3074 3377 είς
3105 3315 3328 3386 ἀτιμίαν
3367 3315 3697 3390 ἐμϐαλούσῃ.

2126 3400 2387 3468 Στέναξον
2413 3402 2540 3457 ὅταν
2562 3403 2836 3476 ἁμάρτῃς,
2879 3406 2955 3475 μὴ
2982 3406 3064 3459 ὅτι
3102 3406 3429 3472 κολάζεσθαι
3465 3409 3697 3479 μέλλειςο

2125 3491 2283 3544 τοῦτο
2302 3493 2412 3563 γὰρ
2435 3494 2587 3548 οὐδέν
2606 3512 2620 3527 ·
2667 3494 2783 3549 ἀλλ’
2811 3497 2893 3549 ὅτι
2939 3497 3345 3569 προσέκρουσὸκ
3381 3516 3473 3554 σου
3501 3499 3579 3572 τῷ
3601 3503 3701 3553 Δε-

2130 3583 2302 3655 σπότῃ
2328 3583 2406 3655 τῷ
2447 3583 2623 3649 οὕτως
2672 3586 2886 3658 ἡμέρῳ,
2918 3588 2996 3659 τῷ
3046 3588 3188 3643 οὕτω
3241 3607 3300 3643 σε
3334 3590 3574 3661 φιλοῦντι
3608 3592 3699 3647 καὶ

2129 3677 2530 3749 ἐκκρεμαμένῳ
2557 3678 2655 3749 τῆς
2687 3679 2960 3750 σωτηρίας
2984 3680 3084 3751 τῆς
3103 3681 3224 3753 σῆς,
3240 3681 3316 3747 ὡς
3337 3685 3429 3737 καὶ
3453 3684 3543 3739 τὸν
3576 3684 3699 3739 Υίδν

2128 3768 2406 3824 ἐπιδοῦναι
2437 3769 2577 3840 ὑπὲρ
2608 3769 2702 3822 σοῦ
2744 3769 2921 3843 [ιδῃ.
2952 3773 3051 3826 Διά
3079 3771 3252 3827 ταῦτα
3301 3774 3577 3841 στέναξον,
3605 3778 3699 3831 καὶ

2127 3861 2286 3915 τοῦτο
2326 3861 2470 3915 ποίει
2498 3860 2792 3933 διηνεκῶςσ
2824 3861 2982 3915 τοῦτο
3014 3863 3123 3934 γὰρ
3169 3862 3572 3937 ἐξομολόγησις.
3607 3868 3698 3939 Μὴ

2129 3952 2224 4007 νῦν
2256 3954 2356 4025 μέν
2380 3952 2620 4023 φαιδρὸς,
2643 3950 2904 4024 αὑριονὸἐ
2933 3952 3273 4024 σκυθρωπὸς,
3306 3952 3423 4009 εἷτα
3454 3957 3696 4028 φαιδρὸς,

2129 4046 2266 4101 ἀλλά
2287 4044 2579 4109 διαπαντὸς
2602 4044 2730 4116 μένε
2753 4046 2810 4099 ἐν
2834 4044 2913 4117 τῷ
2974 4046 3192 4100 πενθεῖν
3243 4046 3340 4100 καὶ
3393 4049 3698 4120 συντρίϐειν

2132 4138 2345 4195 σαυτόν.
2380 4137 2666 4208 Μακάριοι
2686 4138 2813 4210 7&9,
2840 4137 3023 4207 φησὶν,
3055 4141 3109 4192 οι
3132 4138 3515 4207 πενθοῦντες,
3540 4158 3695 4194 τουτ-

2129 4231 2305 4296 έστιν,
2361 4232 2410 4284 οἱ
2467 4229 2729 4302 διηνεκῶς
2777 4228 2933 4283 τοῦτο
2984 4229 3280 4295 ποιοῦντες.
3331 4230 3476 4285 Μένε
3544 4231 3699 4285 τοῦτο

2129 4322 2298 4379 ποιῶν
2321 4323 2603 4396 διηνεκῶς,
2635 4324 2730 4377 καὶ
2759 4322 2938 4394 σαυτῷ
2960 4323 3261 4395 προσέχων,
3290 4325 3386 4378 καὶ
3403 4324 3699 4394 συντρίϐων

2132 4434 2226 4471 σου
2259 4415 2356 4487 τὴν
2390 4414 2635 4487 καρδίαν,
2665 4413 2741 4478 ὡς
2772 4413 2838 4468 ἀν
2865 4431 2950 4478 τις
2974 4415 3199 4486 γνήσιον
3243 4416 3361 4470 υἱὸν
3414 4414 3699 4469 ἀποϐαλὼν

2129 4507 2372 4579 πενθοίη.
2404 4505 2787 4575 Διαρρήξατε,
2813 4507 2969 4578 φησὶ,
2997 4506 3103 4573 τὰς
3119 4506 3366 4575 καρδίας
3384 4505 3569 4578 ὑμῶν,
3599 4508 3697 4562 καί

2123 4598 2209 4670 μὴ
2237 4599 2309 4652 τὰ
2329 4595 2526 4667 ἱμάτια
2555 4594 2726 4667 ὑμῶν
2751 4636 2767 4651 .
2801 4597 2875 4650 Τὸ
2905 4596 2962 4650 δέ
2992 4596 3285 4669 διερρωγὸς
3307 4598 3409 4651 οὑκ
3439 4598 3506 4651 ἂν
3533 4599 3703 4666 ἐπαρ-

2129 4691 2268 4762 θείηο
2299 4689 2362 4743 τὸ
2417 4688 2876 4761 συντετριμμένον
2930 4689 3031 4744 οὑκ
3080 4689 3147 4744 ἂν
3194 4688 3544 4760 ἐξανασταίη.
3602 4687 3701 4742 Διά

2127 4785 2286 4839 τοῦτο
2307 4785 2336 4838 ό
2359 4782 2460 4856 μὲν
2483 4781 2655 4852 λέγει,
2689 4779 3071 4853 Διορρήξατε,
3096 4784 3124 4836 ό
3151 4781 3207 4835 δέ
3247 4780 3415 4850 λέγει,
3437 4780 3702 4850 Καρδίαν·

2129 4873 2643 4946 συντετριμμένην
2669 4874 2768 4930 καί
2811 4876 3325 4945 τεταπεινωμένην
3355 4877 3390 4928 ό
3416 4876 3559 4941 Θεὸς
3589 4875 3703 4930 οὐκ

2128 4969 2542 5034 ἐξουδενώσει.
2599 4967 2717 5023 Κᾶν
2767 4967 2929 5038 σοφὸς
2975 4963 3063 5042 ᾖς,
3121 4965 3225 5021 κᾶν
3259 4958 3554 5034 ’πλούσιος,
3597 4967 3702 5022 κᾶν

2127 5055 2412 5128 δυνάστης,
2446 5054 2737 5127 διάρρηξον
2784 5055 2885 5128 τὴν
2933 5054 3182 5126 καρδίαν,
3215 5054 3291 5127 μὴ
3340 5057 3484 5129 ἀφῇς
3533 5057 3702 5131 αὐτὴν

2132 5148 2277 5221 μέγα
2310 5150 2525 5220 φρονεῖν
2554 5147 2687 5217 μηδὲ
2719 5148 3012 5217 φυσᾶσθαι.
3040 5148 3114 5203 Τὸ
3146 5148 3256 5220 7&9
3305 5149 3601 5221 διερρωγὸς
3637 5152 3700 5205 οὑ

2131 5240 2386 5309 φυσᾶται,
2416 5236 2517 5291 κᾶν
2610 5254 2663 5290 τι
2682 5237 2744 5290 τδ
2769 5239 3016 5310 ἐπαίρον,
3047 5240 3109 5293 οὑ
3154 5238 3377 5294 δύναται
3406 5241 3619 5309 στέγειν
3639 5239 3701 5294 τὸ

2131 5331 2359 5402 φύσημα
2387 5329 2464 5400 τῷ
2491 5329 2830 5402 διερρῆχθαι.
2866 5331 3023 5385 Οὕτω
3051 5333 3145 5386 καὶ
3174 5332 3237 5386 σὺ
3269 5334 3699 5405 ταπεινοφρόνη-

2132 5441 2225 5478 σον
2248 5439 2261 5452 ·
2284 5423 2536 5492 ἐννόησον
2584 5422 2666 5476 ὃτι
2708 5423 2946 5495 τελώνης
2996 5424 3106 5479 ἀπὸ
3158 5426 3403 5496 ῥήματος
3451 5426 3568 5489 ἑνὸς
3595 5425 3704 5481 ἐδι-

2130 5515 2362 5587 καιώθη·
2391 5514 2566 5570 καίτοι
2600 5532 2664 5585 γε
2710 5516 2831 5570 οὑδὲ
2888 5519 3358 5593 ταπεινοφροσύνη
3403 5523 3578 5575 ἐκεῖνο
3613 5516 3702 5592 ἦν,

2130 5608 2244 5663 ἀλλ’
2290 5606 2549 5679 ὁμολογία
2597 5608 2822 5681 ἀληθής.
2868 5611 2931 5664 Et
2977 5611 3033 5664 δέ
3089 5611 3248 5667 τοῦτο
3297 5614 3564 5687 τοσαύτην
3593 5614 3707 5685 ἔχει

2135 5700 2308 5772 ίσχὺν,
2345 5700 2496 5775 πόσῳ
2526 5701 2723 5774 μᾶλλον
2753 5703 3249 5778 ταπεινοφροσύνης
3277 5706 3445 5777 ’Δφες
3462 5704 3709 5780 ἁμαρτη-
