4138 6220
545 355 649 414 4Ξὸ

549 485 651 541 est,
685 472 788 528 hoc
835 479 915 527 est
938 513 952 537 ,
982 471 1168 526 aliena:
1215 469 1290 525 rei
1319 471 1634 540 usurpatio?
1661 471 1774 525 Non
1818 469 1958 525 enim
1989 469 2123 524 satis

551 568 712 620 habet
738 578 831 635 per
883 571 1157 632 peceatum
1192 576 1290 616 nos
1328 561 1580 632 dejicere,
1618 561 1710 617 sed
1740 576 1833 631 per
1864 561 2125 630 poeniten-

549 661 674 714 tiam
703 671 934 728 quoque.
964 655 1064 709 nisi
1092 654 1390 725 vigilemus,
1425 655 1564 709 idem
1597 654 1782 710 efﬁcit.
1812 655 1984 724 Atque
2005 651 2127 707 ideo

550 758 813 815 πλεονεξίαν
860 747 1052 802 merito
1079 746 1404 816 appellavit,
1446 760 1564 800 cum
1596 761 1696 816 per
1730 759 1793 800 ea
1823 744 1982 800 etiam
2010 757 2128 812 qua:

548 852 728 897 nostra
756 849 913 905 sunt,
940 839 1218 894 victoriam
1247 839 1580 908 adipiscitur.
1617 836 1828 892 Etenim
1873 850 1969 906 per
1998 847 2126 904 pec-

546 945 722 990 catum
751 948 944 1004 capere
988 932 1262 1002 proprium
1290 933 1456 1002 ipsius
1483 942 1604 997 est,
1638 938 1692 985 at
1719 945 1820 1000 per
1861 928 2128 998 pceniten-

548 1027 696 1092 tiam,
723 1039 829 1080 non
855 1024 979 1079 item
1011 1041 1026 1078 :
1059 1032 1298 1079 nostrum
1327 1024 1492 1090 enim,
1525 1038 1632 1078 non
1661 1031 1838 1077 autem
1871 1021 2014 1075 illius
2044 1028 2128 1074 est

545 1122 652 1172 nec
691 1128 958 1170 armorum
985 1129 1173 1184 genus.
1205 1114 1564 1182 Quamobrem
1591 1127 1711 1167 cum
1761 1112 1886 1166 hinc
1915 1125 2126 1181 quoque

546 1223 740 1277 capere
771 1215 969 1276 potest,
1003 1206 1370 1262 animadverte
1393 1220 1552 1275 quam
1582 1204 1749 1274 turpis
1776 1203 1846 1258 sit
1873 1203 1990 1258 haec
2017 1203 2128 1257 cla-

547 1302 665 1367 des,
689 1309 1056 1372 quantumque
1076 1299 1166 1354 ille
1194 1307 1248 1354 ut
1277 1299 1520 1354 imbelles
1541 1307 1594 1352 et
1620 1299 1850 1352 miseros
1877 1297 2127 1350 irrisurus

549 1402 710 1462 atque
736 1392 1102 1462 exagitaturus
1131 1401 1212 1445 est
1237 1432 1250 1456 ,
1299 1389 1559 1460 siquidem
1588 1404 1686 1445 nos
1711 1388 2020 1444 nostrismet
2043 1403 2124 1443 ar-

551 1483 652 1536 mis
695 1482 987 1552 subegerit.
1043 1481 1309 1551 Perquam
1338 1481 1478 1535 enim
1510 1479 1790 1535 ridiculum
1818 1494 1881 1533 ac
1919 1493 2127 1533 summe

550 1570 851 1642 pudendum
895 1571 1024 1625 illud
1065 1579 1185 1638 est,
1223 1570 1364 1640 quod
1396 1585 1486 1640 per
1531 1569 1916 1626 medicamenta
1945 1579 2124 1625 nostra

551 1663 663 1732 ipse
688 1661 907 1714 vulnera
939 1660 1156 1716 efﬁciat.
1190 1660 1315 1717 ideo
1343 1661 1538 1716 Paulus
1561 1660 1805 1728 dicebat,
1847 1659 1970 1715 Non
1996 1661 2128 1715 enim

547 1752 708 1821 ipsius
749 1753 1078 1822 cogitationes
1105 1752 1437 1822 ignoramus;
1464 1750 1565 1806 hoc
1606 1760 1689 1806 est
1713 1791 1729 1816 ,
1754 1765 1912 1821 quam
1944 1751 2124 1806 multi-

549 1843 669 1912 plex
695 1885 711 1908 ,
753 1858 911 1913 quam
955 1842 1104 1897 vafer
1127 1883 1142 1910 ,
1175 1857 1332 1913 quam
1360 1850 1630 1898 veterator
1659 1856 1721 1897 ac
1751 1851 1996 1898 versutus
2035 1841 2130 1910 sit,

547 1950 703 2006 quam
740 1934 971 2003 denique
1020 1935 1118 1990 sub
1165 1934 1379 2004 pietatis
1423 1933 1648 1990 obtentu
1688 1933 1935 1988 infestum
1975 1932 2130 1988 nobis

551 2028 757 2083 hostem
804 2027 1058 2096 praebeat.
1099 2025 1223 2082 llaec
1266 2027 1422 2097 igitur
1448 2040 1548 2081 nos
1596 2041 1809 2098 quoque
1833 2027 2130 2097 cogitantes

551 2117 814 2171 neminem
843 2131 1091 2187 tnnquam
1119 2125 1527 2173 contemnamus
1549 2159 1563 2184 ,
1591 2131 1691 2172 nec
1723 2126 2005 2186 peccantes
2034 2115 2128 2171 de-

551 2223 844 2279 speremus,
871 2226 971 2266 nec
996 2225 1208 2266 rursum
1235 2209 1481 2266 socordia
1508 2210 1850 2280 langueamus
1875 2226 1890 2274 ;
1919 2224 2126 2276 verum,

552 2318 671 2357 cum
702 2311 974 2373 peccatum
1005 2303 1337 2370 admisimus,
1371 2303 1608 2357 animum
1634 2311 2000 2367 conteramus,
2031 2317 2129 2356 nec

550 2395 709 2452 verba
760 2397 1036 2451 dumtaxat
1090 2395 1443 2466 proferamus.
1488 2394 1760 2465 Siquidem
1820 2395 2130 2464 complures

548 2486 668 2542 novi
692 2487 779 2556 qui
804 2503 862 2543 se
887 2487 1103 2557 quidem
1124 2495 1343 2558 peccata
1371 2501 1466 2542 sua
1493 2485 1693 2542 deflere
1710 2487 1878 2553 aiunt,
1905 2495 1964 2540 at
1988 2486 2128 2539 inte-

547 2577 646 2631 rim
675 2579 748 2632 nil
779 2579 955 2648 magni
982 2586 1312 2648 operantur;
1342 2592 1525 2633 verum
1548 2577 1795 2647 jejunant
1816 2577 1889 2632 illi
1916 2576 2130 2646 quidem

547 2685 610 2726 ac
636 2679 812 2726 vestes
845 2685 1064 2740 asperas
1087 2679 1301 2741 gestant
1329 2711 1344 2736 ,
1372 2679 1627 2726 caeterum
1659 2669 1852 2740 majori
1877 2670 2131 2740 pecunia-

549 2777 666 2816 rum
694 2761 985 2832 cupiditate
1015 2762 1280 2834 flagrant,
1319 2777 1476 2832 quam
1507 2776 1815 2833 caupones;
1859 2763 1936 2818 ira
1964 2763 2132 2834 magis

547 2855 932 2923 corripiuntur,
961 2869 1116 2925 quam
1145 2853 1272 2910 ferae
1298 2872 1313 2921 ;
1343 2862 1504 2924 atque
1527 2854 1912 2910 obtrectatione
1941 2855 2129 2925 magis,

545 2962 704 3017 quam
730 2947 819 3002 alii
848 2947 1240 3002 laudationibus
1268 2946 1622 3002 delectantur.
1659 2947 1981 3002 Puenitentia
2027 2947 2131 3002 ista

545 3056 652 3096 non
683 3049 803 3096 sunt
846 3058 860 3095 :
890 3041 1217 3111 pceaitentiaz
1245 3041 1392 3096 larva
1437 3048 1597 3110 atque
1625 3041 1810 3096 umbra
1850 3041 1950 3095 ista
1981 3049 2125 3105 sunt,

547 3146 652 3186 non
679 3133 1012 3201 ptenitentia.
1040 3132 1122 3187 0b
1150 3131 1312 3203 idque
1334 3131 1401 3186 ad
1429 3131 1696 3201 ejusmodi
1724 3132 1970 3188 homines
2001 3133 2133 3188 illud

545 3238 804 3294 usurpare
827 3224 969 3290 licet,
999 3223 1188 3279 Videte
1220 3239 1288 3279 ne
1313 3223 1805 3280 circumveniamur
1840 3240 1870 3280 a
1905 3233 2130 3291 satana;

545 3316 673 3370 non
704 3316 847 3370 enim
888 3316 1003 3387 ejus
1031 3308 1381 3387 cogitationes
1408 3317 1734 3386 ignoramus.
1763 3316 1910 3372 Alios
1936 3317 2134 3388 quippe

550 3421 643 3476 per
671 3414 888 3476 peccata
909 3448 924 3475 ,
956 3407 1092 3462 alios
1117 3422 1215 3478 per
1245 3408 1616 3478 paenitentiam
1641 3449 1656 3474 ,
1685 3408 1819 3464 alios
1843 3409 1950 3464 alio
1972 3409 2132 3464 modo

549 3496 757 3566 perdit;
785 3498 911 3553 dum
936 3498 1183 3554 videlicet
1223 3513 1320 3554 eos
1346 3497 1550 3554 nullum
1583 3515 1646 3554 ex
1672 3500 1990 3570 paenitentia
2013 3499 2129 3555 fru.

545 3598 689 3642 ctum
718 3589 995 3658 percipere
1023 3589 1171 3646 sinit.
1195 3588 1327 3644 Nam
1356 3604 1478 3646 cum
1521 3590 1839 3661 quibusdam
1867 3601 2020 3647 recta
2044 3592 2128 3647 via

546 3683 840 3753 perniciem
881 3682 1073 3743 afferre
1106 3687 1332 3758 nequit,
1364 3686 1588 3740 alteram
1616 3685 1754 3740 viam
1787 3684 1914 3752 init,
1948 3685 2132 3756 sicque

545 3786 606 3829 se
627 3783 902 3844 comparat
927 3817 941 3840 ,
972 3785 1028 3831 ut
1057 3777 1268 3832 labores
1293 3777 1507 3848 quidem
1533 3785 1762 3848 augeat,
1795 3776 2000 3831 fructus
2037 3791 2132 3830 au-

545 3871 653 3918 tem
683 3865 916 3930 adimat,
946 3865 1178 3937 ipsisque
1205 3867 1306 3923 hoc
1345 3868 1706 3938 persuadeat,
1749 3875 1810 3921 ut
1840 3875 2113 3937 tamquam

546 3955 690 4010 omni
717 3972 782 4012 ex
813 3967 961 4028 parte
1000 3958 1177 4013 ofﬁcio
1224 3958 1530 4029 perfuncti,
1581 3958 1786 4029 reliqua
1834 3958 2124 4029 negligant.

545 4047 801 4113 Quocirca
829 4065 894 4105 ne
920 4050 1185 4106 incassum
1217 4052 1464 4122 uosipsos
1491 4066 1773 4117 vexemus,
1807 4051 2028 4107 brevem
2058 4052 2124 4106 ad

546 4137 847 4206 bujusmodi
874 4141 1125 4197 mulieres
1149 4143 1449 4198 orationem
1472 4141 1764 4197 habeamus
1798 4161 1812 4197 :
1844 4143 2126 4198 mulierum

547 4230 685 4284 enim
711 4231 1045 4300 potissimum
1070 4233 1156 4289 hic
1191 4234 1412 4289 morbus
1431 4244 1534 4288 est.
1556 4233 1881 4289 Praeclarum
1911 4233 2127 4304 quidem

545 4321 646 4378 hoc
670 4339 881 4394 quoque
909 4335 992 4380 est
1015 4367 1029 4391 ,
1060 4329 1202 4397 quod
1236 4340 1377 4381 nunc
1405 4325 1576 4381 facitis
1604 4367 1618 4391 ,
1646 4325 1749 4381 hoc
1776 4334 1860 4380 est
1881 4325 2127 4396 jejunare

544 4423 600 4470 et
642 4415 789 4471 humi
825 4418 1023 4474 cubare
1068 4434 1130 4474 ac
1157 4419 1394 4474 cinerem
1425 4417 1721 4482 adhibere;
1753 4417 1849 4473 sed
1893 4419 1996 4472 nisi
2023 4419 2125 4474 alia

543 4505 760 4577 insuper
785 4509 1115 4564 accesserint
1134 4549 1148 4575 ,
1180 4509 1325 4564 nulla
1355 4508 1479 4563 hinc
1505 4508 1708 4563 utilitas
1745 4517 2124 4578 consequetur.

541 4597 786 4654 Ostendit
815 4601 957 4656 Deus
981 4617 1086 4671 quo
1121 4609 1279 4672 pacto
1313 4609 1530 4671 peccata
1560 4601 1798 4656 remittat
1831 4617 1844 4654 :
1871 4599 1997 4670 quid
2030 4601 2126 4671 igi-

543 4698 628 4742 tur
655 4691 836 4745 relicta
864 4693 963 4747 hac
991 4693 1076 4747 via
1098 4693 1320 4748 alteram
1344 4692 1497 4747 vobis
1515 4692 1757 4747 sternitis
1779 4692 1802 4745 ?
1824 4691 2125 4747 Peccarunt

541 4780 807 4848 quondam
854 4781 1101 4838 Ninivitte
1131 4825 1147 4850 ,
1176 4798 1347 4853 eaque
1377 4781 1615 4838 fecerunt
1643 4798 1764 4854 qua:
1793 4797 1886 4837 vos
1913 4798 2125 4853 quoque

540 4886 683 4926 nunc
716 4872 885 4927 tacitis
911 4891 925 4940 ;
957 4874 1051 4929 s'ed
1084 4873 1359 4930 videamus
1387 4873 1647 4943 quidnam
1679 4873 1809 4942 ipsis
1839 4874 2120 4928 utilitatem

539 4963 793 5017 attulerit.
821 4963 1277 5031 Quemadmodum
1306 4966 1452 5020 enim
1496 4963 1687 5018 medici
1716 4964 1932 5034 aegrotis
1957 4966 2120 5020 multa
2145 4963 2148 4966 ’

537 5053 752 5122 quidem
771 5055 1006 5110 remedia
1020 5056 1274 5111 adhibent
1297 5073 1310 5117 ;
1344 5055 1439 5110 sed
1462 5055 1551 5125 qui
1575 5055 1750 5124 sagaci
1771 5054 1987 5123 ingenio
2009 5064 2116 5122 est,

537 5160 642 5199 non
677 5144 779 5200 hoc
808 5146 1107 5216 perpendit,
1140 5146 1280 5216 quod
1306 5146 1409 5201 hoc
1427 5155 1585 5215 atque
1612 5143 1705 5198 illo
1731 5143 2120 5200 medicamento
2147 5139 2150 5142 ’

535 5251 664 5291 usus
686 5238 757 5291 sit
788 5237 832 5292 is
860 5238 949 5307 qui
977 5237 1200 5294 adversa
1238 5237 1546 5293 valetudine
1570 5236 1804 5302 laborat,
1833 5235 1927 5291 sed
1958 5251 2114 5307 quam
2144 5239 2147 5242 ’

535 5330 816 5383 utilitatem
866 5329 993 5384 hinc
1031 5331 1102 5384 sit
1145 5340 1510 5402 consequutus
1540 5328 1774 5385 {eodem
1823 5329 1982 5385 modo
2029 5325 2151 5386 hic‘

535 5419 697 5472 etiam
731 5434 818 5474 res
856 5420 1203 5489 expendenda
1232 5429 1335 5476 est.
1376 5419 1640 5488 Quidnam
1681 5418 1844 5490 igitur
1869 5420 2113 5477 barbaris

533 5511 635 5564 illis
662 5512 875 5566 utilitati
914 5513 1052 5569 fuit?
1079 5513 1398 5574 Vulneribus
1425 5514 1538 5568 suis
1565 5512 1826 5582 jejunium
1850 5513 2113 5571 adhibue-

532 5612 678 5669 runt,
708 5602 854 5657 humi
883 5605 1220 5660 cubationem
1246 5647 1262 5673 ,
1295 5620 1506 5660 saccum
1529 5646 1544 5671 ,
1570 5604 1810 5662 cinerem
1834 5646 1848 5672 ,
1881 5604 2060 5668 fletum
2095 5625 2108 5663 :

532 5695 894 5764 adjunxerunt
916 5699 1074 5752 etiam
1098 5693 1220 5753 vitae
1249 5700 1618 5760 mutationem.

602 5786 655 5842 6.
693 5786 976 5844 Videamus
1003 5790 1162 5861 igitur
1185 5790 1434 5862 quidnam
1463 5791 1650 5850 horum
1677 5794 1956 5852 sanitatem
1984 5794 2111 5868 ipsis
2145 5791 2152 5796 ’

1535 355 1604 412 IN
1640 353 1850 413 EPIST.
1893 355 1935 411 l‘l
1999 353 2092 410 AD
2131 353 2284 412 (ΞΟΠ.
2329 356 2556 414 llOSIIL.
2601 359 2689 416 IV.

3701 370 3819 426 426

2229 470 2485 527 attulerit.
2530 473 2682 530 Unde
2726 483 2900 531 autem
2943 477 3044 533 hoc
3083 471 3350 548 sciemus,
3384 480 3626 552 inquies?
3651 483 3713 539 Si
3741 486 3816 538 ait

2231 563 2493 620 medicum
2543 568 2899 636 accedamus,
2947 581 3108 642 atque
3160 573 3331 643 ipsum
3377 575 3808 645 interrogemus:

2230 671 2402 726 neque
2427 658 2569 713 enim
2607 660 2657 714 id
2689 676 2786 717 nos
2814 662 3042 728 celabit,
3072 665 3165 720 sed
3195 667 3356 720 etiam
3396 667 3621 723 libenter
3646 668 3812 724 dicet.

2230 746 2342 802 lmo
2386 751 2559 818 potius
2603 765 2669 806 ne
2710 753 2830 822 quis
2876 753 3122 824 ignoret,
3166 766 3257 811 aut
3297 758 3554 822 sciscitari
3588 773 3825 815 necesse-

2230 837 2452 906 habeat,
2487 841 2828 910 pharmacum
2857 861 3087 916 quoque,
3119 849 3260 918 quod
3293 864 3388 904 eos
3418 851 3608 916 erexit,
3643 851 3814 908 literis

2231 931 2520 985 mandavit.
2551 932 2827 1000 Quodnam
2869 938 3024 1008 igitur
3063 939 3202 993 istud
3231 942 3354 995 est?
3394 939 3568 1008 Vidit,
3603 943 3812 1014 inquit,

2230 1020 2368 1076 Deus
2405 1024 2539 1092 quod
2572 1041 2836 1082 conversus
2866 1037 2938 1083 est
2965 1031 3304 1101 unusquisque
3331 1049 3363 1086 α
3389 1034 3470 1087 via
3495 1050 3588 1089 sua
3613 1051 3770 1105 prava
3787 1051 3816 1090 -:

2230 1121 2276 1166 et
2305 1108 2532 1183 paenituit
2561 1131 2675 1170 eum
2700 1119 2948 1172 malorum
2977 1137 3090 1188 quae
3128 1122 3360 1192 loquutus
3399 1126 3562 1195 fuerat
3590 1134 3644 1179 ut
3672 1126 3812 1195 {ace-

2230 1212 2304 1257 ret
2344 1205 2415 1259 eis
2455 1205 2647 1275 (Iona:
2675 1209 2727 1264 3.
2762 1209 2828 1265 10
2854 1209 2896 1282 ).
2929 1210 3041 1266 Non
3083 1212 3252 1280 dixit,
3289 1211 3432 1269 Vidit
3469 1215 3731 1286 jejunium
3761 1227 3816 1273 et

2230 1295 2462 1350 cilicium
2490 1312 2551 1352 ac
2579 1299 2834 1356 cinerem.
2867 1301 2976 1356 Nec
3008 1311 3181 1359 tamen
3212 1304 3326 1360 hate
3354 1319 3420 1360 eo
3447 1305 3566 1361 dico
3591 1349 3605 1372 ,
3635 1317 3694 1362 ut
3727 1308 3814 1378 je-

2226 1386 2432 1455 junium
2467 1389 2684 1455 tollam;
2717 1400 2919 1446 avertat
2951 1392 3050 1448 hoc
3082 1395 3254 1456 Deus;
3287 1395 3382 1450 sed
3416 1405 3473 1451 ut
3502 1411 3597 1453 vos
3623 1397 3689 1453 ad
3720 1399 3769 1454 id
3795 1441 3812 1463 .

2230 1479 2370 1550 quod
2397 1480 2600 1550 jejunio
2625 1485 2966 1552 prazstantius
2989 1495 3104 1551 est,
3139 1485 3438 1542 faciendum
3469 1487 3651 1545 horter
3670 1533 3684 1556 ,
3713 1491 3814 1547 hoc

2231 1581 2356 1637 est,
2405 1580 2461 1626 ut
2509 1572 2576 1628 ab
2623 1575 2769 1629 omni
2814 1574 2944 1630 vitio
2987 1575 3318 1640 abstineatis.
3367 1579 3617 1635 Peccavit
3655 1582 3842 1636 etiam‘

2233 1664 2396 1719 David
2426 1682 2439 1719 :
2468 1664 2745 1720 videamus
2774 1666 2934 1737 igitur
2958 1683 3064 1738 quo
3092 1675 3248 1737 pacto
3274 1668 3360 1725 hic
3389 1686 3599 1741 quoque
3639 1675 3816 1742 pani-

2231 1754 2450 1809 tentiam
2475 1754 2662 1824 egerit.
2686 1755 2820 1810 Tres
2841 1764 2981 1810 totos
3001 1757 3118 1812 dies
3143 1758 3194 1812 in
3217 1758 3397 1814 cinere
3423 1760 3559 1816 sedit
3581 1761 3657 1834 (2.
3683 1761 3813 1834 Reg.

2231 1843 2359 1914 12).
2391 1844 2462 1900 At
2490 1845 2578 1900 ille
2608 1845 2823 1915 quidem
2856 1846 2956 1902 hoc
2984 1863 3090 1903 non
3121 1848 3190 1904 ob
3215 1860 3488 1918 peccatum
3523 1851 3644 1908 fecit
3669 1894 3687 1920 ,
3719 1856 3815 1911 sed

2232 1934 2325 1988 ﬁlii
2355 1949 2513 1991 causa
2539 1976 2554 2002 ,
2588 1936 2891 1992 calamitate
2935 1937 3184 1994 nimirum
3227 1938 3401 1996 adhuc
3448 1943 3769 2000 temulentus
3800 1965 3814 2002 ε

2232 2036 2506 2097 peccatum
2534 2038 2714 2084 autem
2740 2028 2848 2084 alio
2871 2029 3031 2085 modo
3054 2029 3340 2098 abstersit,
3373 2047 3565 2102 nempe
3590 2049 3686 2104 per
3713 2035 3816 2092 hu:

2233 2119 2535 2186 militatem,
2567 2134 2663 2191 per
2691 2120 2870 2176 cordis
2897 2121 3296 2190 contritionem,
3325 2140 3422 2195 per
3447 2127 3637 2182 animae
3663 2142 3822 2184 com-

2233 2211 2573 2283 punctionem
2598 2253 2614 2280 ,
2655 2213 2782 2268 dum
2828 2215 2988 2270 etiam
3035 2215 3166 2271 illud
3205 2225 3398 2284 cavet,
3430 2233 3499 2274 ne
3537 2220 3587 2274 in
3628 2221 3817 2275 eadem

2234 2303 2522 2372 relabatur,
2549 2303 2674 2360 dum
2701 2307 2904 2376 peccati
2939 2322 3228 2378 numquam
3257 2311 3568 2365 memoriam
3600 2312 3781 2381 abjicit
3799 2356 3818 2380 ,

2234 2395 2362 2450 dum
2390 2396 2670 2480 irruentes
2699 2411 2886 2453 omnes
2926 2398 3246 2456 acerbitates
3281 2410 3435 2471 grato
3469 2402 3646 2456 animo
3677 2401 3822 2470 fert,

2233 2487 2360 2543 dum
2392 2487 2457 2542 iis
2485 2503 2514 2541 a
2543 2488 2737 2559 quibus
2777 2490 3021 2546 molestia
3061 2490 3295 2547 afﬁcitur
3335 2494 3502 2563 parcit
3527 2535 3542 2561 ,
3571 2495 3699 2551 dum
3725 2512 3822 2552 eos

2235 2580 2325 2650 qui
2366 2579 2465 2649 ipsi
2504 2580 2724 2635 insidias
2753 2589 2940 2651 parant
2979 2598 3083 2637 non
3126 2583 3418 2652 ulciscitur,
3449 2585 3556 2641 imo
3599 2601 3694 2642 eos
3729 2589 3822 2657 qui

2237 2670 2289 2725 id
2327 2669 2502 2726 facere
2529 2671 2754 2742 cupiunt
2780 2672 3045 2742 prohibet.
3073 2673 3204 2729 Nam
3230 2689 3351 2730 cum
3376 2675 3553 2733 Semei
3583 2693 3704 2733 eum
3733 2678 3822 2733 in-

2236 2762 2473 2818 numeris
2516 2762 2727 2833 probris
2765 2762 3055 2832 obrueret,
3097 2779 3161 2820 ac
3191 2767 3502 2822 militarium
3545 2769 3823 2839 copiarum

2236 2853 2548 2921 praefectus,
2579 2853 2667 2924 qui
2697 2862 2805 2910 tum
2837 2854 3056 2922 aderat,
3087 2856 3140 2912 id
3170 2857 3388 2928 indigno
3411 2858 3592 2914 animo
3623 2859 3819 2928 ferret,
3847 2881 3850 2884 θ

2238 2944 2448 3001 dicebat
2478 2946 2604 3001 Sine
2630 2947 2775 3002 illum
2804 2948 2929 3002 milii
2956 2949 3255 3004 maledicere
3281 2966 3299 3004 :
3329 2949 3467 3006 Deus
3495 2952 3626 3007 enim
3655 2952 3749 3008 hoc
3778 2955 3827 3008 el

2240 3037 2476 3106 prwcepit
2526 3037 2659 3108 (Id.
2695 3036 2782 3092 l6.
2830 3038 2966 3110 10).
3024 3039 3128 3094 Cor
3179 3039 3374 3111 quippe
3424 3044 3713 3120 contritum
3767 3054 3828 3107 et

2238 3126 2573 3181 humiliatum
2602 3125 2774 3200 (Psal.
2807 3128 2898 3184 50.
2930 3128 3020 3200 l9)
3050 3128 3298 3198 habebat,
3326 3131 3468 3201 quod
3501 3131 3667 3204 ipsius
3694 3148 3823 3203 pec-

2234 3225 2352 3272 cata
2391 3207 3000 3290 maxime'abstergebat
3034 3238 3048 3276 :
3081 3235 3200 3276 nam
3240 3221 3342 3278 hoc
3383 3222 3649 3280 confessio
3671 3266 3688 3292 ,
3720 3223 3825 3294 hoc

2237 3309 2552 3381 poenitentia”
2577 3319 2678 3365 est.
2709 3309 2934 3390 Quodsi
2961 3311 3266 3382 jejunantes
3291 3314 3594 3384 arrogantia
3623 3315 3824 3372 labore-

2237 3416 2376 3464 mus,
2398 3417 2504 3456 non
2528 3400 2690 3457 modo
2713 3401 2912 3457 nullum
2936 3403 3061 3458 hinc
3082 3404 3523 3474 emolumentum,
3547 3407 3640 3464 sed
3661 3410 3822 3465 etiam

2235 3493 2614 3548 detrimentum
2663 3494 2960 3564 capiemus.
3007 3495 3363 3562 Quamobrem
3397 3507 3451 3552 tu
3487 3515 3699 3570 queque
3727 3517 3822 3559 cor

2237 3593 2383 3639 tuum
2411 3584 2631 3640 demitte
2655 3625 2669 3650 ,
2698 3593 2758 3639 ut
2791 3585 2958 3641 Deum
2990 3586 3192 3641 allicias
3222 3603 3234 3640 :
3264 3586 3438 3658 Prope
3474 3591 3615 3645 enim
3642 3602 3714 3646 est
3743 3595 3822 3648 liis

2233 3678 2319 3747 qui
2350 3677 2586 3731 tribulato
2615 3687 2729 3732 sunt
2759 3676 2911 3731 corde
2936 3675 2956 3750 (
2985 3675 3129 3732 Psal.
3163 3678 3252 3734 35.
3282 3678 3350 3734 19
3377 3682 3420 3751 ).
3451 3680 3640 3737 Annon
3673 3683 3822 3740 vides

2233 3767 2504 3840 quomodo
2528 3769 2580 3823 in
2605 3768 2901 3838 splendidis
2924 3768 3128 3823 aedibus
3155 3769 3212 3835 ii,
3238 3770 3326 3840 qui
3353 3770 3619 3828 dedecore
3644 3773 3823 3830 allecti

2233 3867 2397 3924 sunt,
2425 3874 2545 3914 cum
2575 3859 2737 3913 etiam
2774 3858 2842 3913 ab
2881 3858 3076 3913 inﬁmis
3101 3860 3399 3930 quibusque
3428 3863 3600 3918 servis
3626 3873 3819 3920 contu-

2233 3951 2446 4006 meliam
2487 3950 2792 4019 accipiunt,
2835 3965 2940 4004 non
2987 3960 3162 4004 tamen
3205 3951 3594 4020 colluctentur,
3628 3956 3720 4011 sed
3751 3958 3821 4012 ob

2235 4041 2505 4096 infamiam
2534 4056 2652 4095 eam
2677 4081 2693 4106 ,
2722 4055 2882 4110 quam
2927 4050 3201 4110 peccatum
3243 4041 3372 4113 ipsis
3409 4042 3634 4109 inussit.
3665 4062 3842 4119 aequo-
3911 4029 3933 4051 ⁸

2232 4135 2412 4189 animo
2447 4133 2498 4187 id
2528 4131 2742 4187 ferant?
2773 4131 2916 4187 Idem
2946 4145 3159 4202 quoque
3199 4140 3254 4187 tu
3296 4133 3460 4189 facias
3489 4152 3501 4187 :
3531 4134 3577 4190 si
3615 4138 3732 4204 quis
3765 4147 3834 4203 te__

2231 4223 2490 4280 conviciis
2516 4223 2824 4288 insectetur,
2857 4238 2924 4277 ne
2950 4225 3284 4293 exaspereris
3303 4265 3318 4290 ,
3350 4225 3446 4280 sed
3477 4225 3816 4297 ingemiscas.

2232 4333 2338 4372 non
2381 4317 2449 4372 ob
2486 4315 2686 4370 illatam
2730 4314 2823 4368 tibi
2861 4314 3239 4370 contumeliam
3266 4357 3281 4381 ,
3314 4315 3410 4372 sed
3439 4316 3509 4372 ob
3537 4329 3840 4390 peccatum,

2231 4407 2372 4480 quod
2405 4417 2455 4463 te
2483 4406 2536 4461 in
2568 4405 2910 4475 ignominiam
2939 4405 3187 4476 conjeeit.
3221 4406 3351 4462 Cum
3387 4410 3693 4478 peccaveris
3732 4411 3817 4464 in-

2229 4502 2463 4572 gemisce
2485 4542 2499 4568 ,
2534 4515 2638 4555 non
2688 4499 2827 4570 quod
2873 4515 3058 4569 poenas
3097 4499 3320 4560 daturus
3360 4502 3435 4556 sis
3458 4543 3473 4567 ,
3507 4502 3638 4556 nihil
3670 4504 3815 4558 enim

2230 4593 2333 4648 hoc
2371 4601 2485 4652 est;
2518 4589 2611 4646 sed
2652 4590 2793 4661 quod
2834 4590 3115 4646 Dominum
3158 4599 3307 4645 tuum
3347 4591 3632 4647 offenderis
3655 4634 3671 4659 ,
3705 4600 3837 4648 tam!

2230 4684 2515 4755 benignum
2540 4726 2556 4752 ,
2588 4690 2694 4737 tam
2726 4690 2777 4738 te
2800 4690 3065 4738 amantem
3090 4722 3106 4747 ,
3135 4691 3241 4744 tam
3269 4683 3500 4762 denique
3523 4684 3681 4745 saluti
3713 4695 3816 4740 huc

2229 4791 2521 4847 appensum
2547 4816 2562 4841 ,
2600 4784 2659 4829 ut
2688 4774 2877 4829 Filium
2909 4787 3121 4844 quoque
3148 4789 3304 4829 suum
3333 4783 3422 4829 tua
3451 4790 3617 4839 causa
3649 4777 3816 4831 tradi-

2229 4870 2387 4925 derit.
2416 4869 2708 4940 lngemisce
2733 4867 2876 4932 ideo,
2902 4882 3074 4938 neque
3099 4882 3347 4937 umquam
3371 4867 3620 4931 id‘facere
3648 4869 3814 4931 inter—

2228 4963 2380 5017 mitte
2418 4977 2431 5013 :
2470 4960 2668 5016 etenim
2702 4958 2803 5012 hoc
2828 4958 3043 5016 demum
3082 4966 3166 5014 est
3203 4958 3490 5022 confessio.
3524 4961 3638 5016 Non
3670 4976 3810 5017 nunc

2226 5053 2443 5117 laetum,
2492 5063 2612 5104 cras
2657 5057 2835 5102 autem
2881 5057 3130 5104 moestum
3174 5064 3238 5104 ac
3281 5051 3715 5107 rursum‘laetum
3759 5061 3814 5113 te

2227 5145 2438 5215 praebe;
2470 5158 2655 5198 verum
2689 5152 2945 5216 perpetuo
2987 5144 3039 5198 in
3081 5143 3223 5204 luctu
3267 5160 3330 5199 ac
3368 5145 3442 5199 tui
3486 5145 3810 5201 contritione

2225 5252 2400 5291 mane.
2432 5235 2573 5290 Beati
2603 5235 2744 5290 enim
2769 5276 2784 5298 ,
2817 5235 3136 5308 inquit,,qui
3163 5237 3335 5308 lugent
3361 5235 3584 5307 (Matth.
3614 5238 3668 5293 5.
3697 5236 3766 5306 5)
3788 5277 3808 5306 ,

2224 5329 2328 5384 hoc
2351 5337 2463 5394 est,
2492 5327 2582 5398 qui
2610 5326 2824 5382 assidue
2852 5326 2952 5381 hoc
2979 5327 3195 5382 faciunt.
3229 5327 3339 5381 Hoc
3368 5341 3580 5396 semper
3609 5327 3768 5381 facias
3788 5370 3805 5392 ,

2225 5421 2426 5492 tibique
2452 5419 2717 5485 attendas,
2746 5433 2810 5473 ac
2838 5429 3022 5487 pectus
3046 5427 3192 5478 tuum
3219 5425 3488 5484 conteras,
3517 5425 3621 5474 non
3649 5433 3807 5474 secus

2223 5529 2286 5569 ac
2327 5512 2370 5567 si
2413 5511 2530 5582 quis
2557 5511 2757 5565 amisso
2788 5509 2896 5562 ﬁlio
2926 5509 3079 5564 unice
3122 5523 3249 5564 caro
3278 5510 3330 5569 in
3362 5509 3516 5568 luctu.
3537 5521 3801 5567 versetur.

2224 5605 2452 5663 Scindite
2474 5603 2692 5666 etenim,
2717 5602 2907 5672 inquit,
2931 5601 3085 5654 corda
3111 5612 3363 5668 vestra,_et
3389 5619 3492 5658 non
3516 5605 3807 5659 vestimenta

2223 5714 2385 5753 vestra
2408 5696 2565 5770 (Joel.
2595 5695 2649 5749 2.
2682 5693 2796 5765 l3).
2828 5693 2980 5760 Quod
3012 5692 3234 5750 fractum
3263 5702 3365 5762 est,
3395 5694 3804 5766 haudquaquam

2224 5807 2280 5848 se
2322 5793 2372 5848 in
2419 5791 2583 5845 altum
2628 5785 2878 5846 extulerit
2916 5801 2928 5841 :
2969 5785 3110 5858 quod
3153 5787 3480 5843 contrarium
3529 5796 3648 5855 est,
3697 5799 3808 5842 non
3829 5793 3838 5804 “
