4138 6220
370 329 488 397 ter

370 440 752 496 exsurrexerit.
783 437 864 496 Ob
889 451 1114 508 eamque
1142 451 1358 492 causam
1387 435 1524 489 alter
1551 434 1661 500 ait,
1693 433 1925 489 Scindite
1943 473 1960 500 ,

369 531 506 587 alter
543 541 722 586 autem
749 573 764 597 ,
797 528 899 585 Cor
939 528 1208 582 contritum
1244 535 1292 580 et
1321 525 1643 581 Ituntiliatuttt
1673 523 1812 580 Deus
1860 540 1962 580 non

370 620 609 690 despiciet
637 619 820 693 (l’sal.
851 619 939 674 50.
975 617 1103 686 19).
1133 614 1245 670 Etsi
1281 615 1499 685 Sapiens
1525 629 1584 671 es
1603 656 1617 680 ,
1647 615 1746 671 etsi
1775 614 1923 671 dives
1942 656 1960 683 ,

368 713 469 774 etsi
507 713 755 782 princeps
777 751 793 777 ,
827 717 1012 780 pectus
1051 717 1229 762 tamen
1257 705 1442 761 scinde
1465 747 1481 773 ,
1511 720 1611 760 nec
1650 706 1821 776 ipsum
1853 704 1961 760 alte

367 802 440 860 de
470 818 530 862 se
569 802 769 858 sentire
814 808 974 872 atque
1015 797 1190 854 inﬂari
1231 799 1367 854 sine.
1398 797 1530 854 Nam
1561 797 1702 869 quod
1733 797 1958 852 scissum

365 875 472 957 est,
495 908 610 948 non
631 891 847 946 inﬂatur
873 909 886 947 :
908 890 1116 946 etiamsi
1143 888 1340 962 aliquid
1368 890 1437 944 sit
1461 905 1490 944 a
1519 905 1624 960 quo
1649 890 1956 957 extollatur,

367 996 542 1040 tamen
571 981 694 1053 quia
722 982 950 1041 scissum
978 991 1082 1049 est,
1107 980 1436 1036 inﬂationem
1463 979 1604 1036 ferre
1632 981 1836 1051 nequit.
1869 979 1960 1036 Sic

365 1085 421 1130 tu
449 1088 662 1145 quoque
689 1075 965 1130 modestia:
990 1084 1149 1145 atque
1175 1073 1337 1129 animi
1364 1073 1726 1130 summissioni
1756 1073 1911 1130 stude
1941 1091 1955 1128 :

363 1167 494 1226 illud
544 1169 644 1224 tibi.
681 1168 735 1224 in
780 1176 1016 1224 mentem
1059 1167 1272 1232 veniat,
1307 1166 1646 1237 publicanum
1685 1165 1755 1221 ob
1793 1181 1960 1222 unum

362 1259 588 1318 verbum
624 1259 968 1328 justifieatum
1002 1258 1162 1314 fuisse
1193 1257 1345 1327 (Luc.
1378 1257 1506 1328 i8);
1538 1272 1859 1329 quamquam
1890 1273 1960 1314 ne

365 1340 624 1406 modestia
661 1350 874 1421 quidem
910 1358 1026 1404 erat
1055 1349 1141 1404 illa
1165 1391 1181 1418 ,
1211 1347 1305 1404 sed
1335 1363 1460 1404 vera
1485 1349 1773 1404 confessio.
1803 1347 1956 1418 Quod

362 1442 407 1497 si
435 1441 538 1497 hoc
568 1451 768 1496 tantam
795 1441 904 1496 vim
937 1439 1117 1508 habet,
1149 1440 1836 1511 quanto,qu:cso,majorem
1865 1439 1960 1495 ha-

362 1535 535 1590 bitnra
567 1544 648 1590 est
679 1533 990 1589 lmmilitas?
1019 1532 1088 1590 lis
1109 1576 1124 1599 ,
1157 1535 1245 1604 qui
1278 1533 1332 1589 in
1363 1543 1414 1589 te
1443 1533 1799 1605 deliquerint,
1835 1551 1958 1608 poc-

357 1635 485 1680 (‘ata
508 1626 720 1683 remitte
750 1647 762 1682 :
791 1641 912 1680 nam
945 1624 1068 1680 hinc
1097 1639 1311 1696 quoque
1339 1633 1556 1696 peccata
1585 1627 1952 1682 remittuntur.

358 1720 436 1775 Ac
462 1719 530 1775 de
559 1720 721 1790 priori
748 1719 965 1790 quidem
987 1718 1080 1784 ait,
1113 1717 1230 1773 Vidi
1254 1718 1391 1789 quod
1415 1719 1748 1773 ambulaverit
1774 1719 1951 1786 tristis,

358 1818 411 1864 et
444 1812 623 1866 sanavi
667 1811 773 1865 vias
807 1815 918 1881 eius
945 1810 964 1880 (
987 1809 1116 1865 Isai.
1147 1809 1236 1865 57.
1270 1811 1336 1864 18
1361 1808 1410 1874 );
1439 1819 1491 1864 et
1521 1810 1575 1864 in
1604 1808 1786 1867 Achab
1813 1811 1954 1867 istud

362 1902 454 1958 Dei
484 1904 619 1958 iram
643 1904 858 1958 sustulit
889 1904 964 1972 (ὅ.
995 1901 1124 1972 Reg.
1154 1900 1284 1972 2i):
1313 1901 1380 1957 de
1410 1902 1706 1972 posteriore
1733 1912 1910 1957 autem
1933 1945 1950 1970 ,

357 1992 612 2048 Dimittits
633 2036 649 2059 ,
679 2001 726 2048 et
755 1994 1037 2048 dimittetur
1063 1992 1199 2048 vobis
1221 1993 1241 2065 (
1262 1991 1390 2048 Luc.
1421 1992 1474 2049 6.
1503 1992 1572 2049 37
1592 1992 1633 2064 ).
1668 1991 1766 2047 Est
1789 1993 1952 2048 etiam

359 2087 462 2141 alia
489 2087 596 2153 via,
622 2085 721 2141 hnc
749 2085 1094 2156 pharmacum
1126 2085 1280 2142 nobis
1303 2087 1503 2150 ferens,
1529 2084 1792 2140 scelerum
1816 2099 1948 2140 con-

357 2176 630 2234 demnatio
659 2194 674 2230 :
701 2175 798 2230 Die
825 2177 957 2230 enim
997 2186 1050 2230 tu
1087 2177 1227 2246 prior
1252 2176 1537 2246 iniquitates
1566 2184 1678 2229 tuas
1698 2216 1712 2241 ,
1741 2176 1946 2246 inquit,

356 2280 412 2324 ut
429 2271 731 2342 jttstiﬁceris
754 2269 907 2340 (Isai.
937 2271 1026 2326 45.
1054 2270 1170 2341 26).
1203 2269 1333 2325 Illud
1365 2269 1490 2325 item
1524 2279 1741 2340 peccata
1770 2268 1910 2326 delet
1929 2310 1946 2337 ,

355 2346 400 2417 si
444 2362 748 2418 calamitate
784 2361 1008 2419 affectus
1038 2362 1236 2433 gratias
1263 2375 1427 2434 agas;
1458 2370 1513 2416 et
1543 2376 1663 2431 quae
1700 2360 1948 2416 omnibus

353 2454 661 2520 antecellit,
689 2455 1051 2526 eleemosyna.
1084 2453 1314 2510 Numera
1346 2454 1503 2525 igitur
1533 2452 1789 2515 remedia,
1823 2451 1945 2522 qui-

356 2545 460 2601 bus
497 2546 717 2601 vulnera
762 2556 848 2600 tua
890 2556 1147 2601 sanantur
1179 2563 1192 2602 :
1222 2555 1380 2616 atque
1405 2545 1582 2602 omnia
1611 2545 1946 2600 continenter

352 2636 948 2706 imponeJtutnilitatem
970 2652 1180 2708 nempe,
1196 2636 1610 2704 confessionem,
1632 2636 1942 2706 injuriarum

356 2728 677 2786 oblivionem
704 2772 719 2798 ,
747 2731 1036 2800 gratiarum
1067 2729 1333 2786 actionem
1374 2729 1428 2784 in
1468 2728 1630 2785 rebus
1662 2727 1903 2783 adversis
1922 2767 1940 2793 ,

1114 325 1172 383 8.
1211 325 1487 382 JOANNIS
1525 321 2000 380 CHRYSOSTOMI
2039 323 2351 382 ARCHIEP.
2393 327 2931 389 (ΣΟΝΞΤΑΝἹἸΝΟΡ.

3552 328 3663 388 ιΞΒ

2067 432 2486 496 misericordiam
2519 442 2574 496 in
2616 442 2867 514 juvandis
2907 453 3011 499 tam
3043 445 3266 514 pecunia
3295 459 3455 516 quam
3480 447 3659 504 studio

2065 540 2226 601 atque
2252 531 2428 588 officio
2467 535 2724 603 proximis
2748 576 2764 600 ,
2803 536 2983 591 firmas
3022 536 3252 608 denique
3283 553 3345 592 ac
3372 539 3656 603 continuas

2066 636 2274 693 preces.
2297 623 2386 680 Sic
2407 625 2561 680 vidua
2587 627 2677 682 illa
2699 628 2944 684 immanis
2968 630 3109 685 illius
3131 639 3186 685 et
3203 632 3437 686 crudelis
3457 633 3656 702 judicis

2065 712 2301 769 animum
2338 715 2600 786 mitigavit
2629 719 2646 788 (
2675 717 2806 773 Luc.
2838 719 2970 788 18).
3000 719 3153 788 Quod
3179 721 3224 775 si
3255 721 3341 776 illa
3373 722 3610 793 iniquum
3637 766 3653 790 ,

2064 815 2264 877 quanto
2303 808 2473 878 magis
2513 818 2566 862 tu
2596 819 2930 865 mansuetum
2958 826 3022 866 ac
3052 811 3306 868 facilem?
3343 812 3442 868 Est
3469 824 3522 870 et
3551 815 3653 870 alia

2064 908 2258 966 praeter
2296 912 2423 963 eas,
2455 914 2587 969 quas
2617 903 3188 969 commemoravimus,
3220 903 3336 969 via,
3371 920 3562 975 nempe
3589 892 3673 962 iis'

2063 990 2152 1060 qui
2182 989 2373 1061 injuria
2403 989 2708 1047 afficiuntur
2728 1033 2742 1059 ,
2773 994 3022 1064 praesidio
3047 1009 3169 1050 esse
3198 1013 3211 1050 :
3238 993 3480 1050 Judicate
3506 997 3649 1051 enim

2063 1081 2276 1151 pupillo,
2307 1081 2496 1151 inquit,
2527 1092 2574 1137 et
2598 1083 2803 1137 viduam
2821 1085 3100 1155 justi/irate
3121 1100 3145 1140 .·
3161 1097 3208 1141 et
3232 1087 3392 1142 venite
3415 1096 3460 1140 et
3482 1088 3651 1158 dispar

2063 1180 2221 1226 tentus
2243 1187 2262 1224 ε
2283 1182 2330 1227 et
2352 1174 2397 1228 si
2421 1175 2609 1245 fuerint
2631 1185 2838 1243 peccata
2860 1186 3019 1231 vestra
3043 1178 3170 1231 sicut
3190 1178 3448 1232 coccinum
3469 1227 3483 1245 ,
3505 1179 3650 1248 quasi

2061 1263 2224 1317 nivem
2261 1279 2320 1318 ea
2363 1263 2604 1319 dealbabo
2637 1263 2808 1336 (Isai.
2842 1267 2895 1322 1.
2937 1269 3023 1322 16.
3053 1267 3185 1340 17).
3217 1268 3455 1335 Quanam
3486 1285 3647 1338 porro

2060 1357 2404 1413 excusatione
2433 1357 2578 1429 digni
2609 1360 2810 1416 erimus
2833 1401 2848 1428 ,
2882 1361 2926 1416 si
2956 1377 3076 1417 cum
3111 1372 3188 1418 tot
3216 1364 3325 1416 vias
3357 1362 3646 1420 habeamus

2060 1466 2158 1508 nos
2196 1452 2249 1506 in
2289 1452 2480 1508 cadum
2521 1453 2886 1511 subvehentes
2909 1496 2924 1520 ,
2955 1471 3077 1511 cum
3115 1465 3188 1511 tot
3217 1457 3499 1527 pharmaca
3526 1472 3644 1528 quae

2057 1542 2366 1598 vulneribus
2395 1542 2711 1599 medeantur
2729 1586 2744 1612 ,
2772 1545 2934 1600 etiam
2965 1555 3086 1616 post
3118 1547 3437 1618 baptismum
3468 1547 3518 1602 in
3547 1548 3642 1604 iis.

2058 1635 2180 1691 dem
2205 1636 2327 1691 vita:
2353 1636 2543 1692 studiis
2568 1640 3008 1708 perseveremus?
3033 1638 3130 1706 Ne,
3160 1655 3359 1710 quaeso,
3391 1655 3641 1710 perseve-

2057 1743 2269 1793 remus,
2299 1743 2484 1783 verum
2512 1728 2546 1784 ii
2576 1729 2788 1800 quidem
2811 1771 2827 1796 ,
2858 1731 2945 1800 qui
2977 1729 3212 1785 nondum
3244 1730 3374 1800 lapsi
3401 1740 3558 1797 sunt,
3589 1731 3639 1785 in

2056 1833 2152 1875 sua
2184 1819 2578 1889 pulchritudine
2605 1829 2873 1891 perstent,
2903 1820 3012 1878 imo
3045 1836 3161 1877 eam
3189 1823 3356 1892 magis
3382 1837 3444 1876 ac
3473 1822 3642 1893 magis

2056 1913 2301 1968 excolam
2328 1914 2490 1983 (nam
2531 1912 2741 1968 etiamsi
2788 1914 3042 1983 prmclara
3082 1913 3196 1969 hate
3222 1913 3396 1970 officia
3424 1922 3639 1983 peccata

2055 2003 2198 2059 nulla
2237 2005 2550 2073 reperiant,
2581 2004 2986 2060 cumulatiorem
3015 2013 3160 2062 certe
3189 2005 3638 2076 pulchritudinem

2053 2093 2336 2165 reddunt):
2361 2108 2460 2150 nos
2477 2108 2630 2160 vero,
2654 2095 2742 2166 qui
2769 2105 2980 2166 peccata
3003 2097 3168 2152 multa
3191 2096 3634 2167 perpetravimus,

2052 2188 2119 2244 ad
2149 2187 2537 2244 correctionem
2571 2203 2634 2243 ea
2668 2202 2786 2259 qua:
2813 2188 3048 2245 diximus
3071 2189 3417 2246 adhibeamus
3445 2205 3469 2245 :.
3488 2199 3545 2244 ut
3570 2189 3638 2244 ad

2050 2278 2250 2336 Christi
2289 2278 2521 2335 tribunal
2551 2294 2672 2334 cum
2701 2294 2892 2350 magna
2929 2279 3123 2336 fiducia
3150 2280 3454 2347 adstemus;
3486 2281 3640 2352 cujus

2051 2377 2252 2432 utinam
2284 2391 2381 2431 nos
2411 2390 2598 2431 omnes
2642 2376 2930 2447 participes
2967 2377 3169 2442 simus,
3201 2393 3298 2446 per
3333 2377 3556 2447 gratiam
3583 2386 3637 2434 et

2051 2467 2430 2540 benignitatem
2473 2467 2682 2522 Domini
2727 2468 2895 2522 nostri
2936 2466 3063 2525 Jesu
3103 2466 3299 2523 Christi
3325 2509 3340 2533 ,
3370 2483 3491 2523 cum
3528 2482 3641 2538 quo

2049 2562 2195 2618 Patri
2237 2570 2293 2617 et
2334 2559 2552 2630 Spiritui
2592 2567 2780 2615 sancto
2820 2558 2986 2630 gloria
3011 2598 3029 2626 ,
3061 2559 3340 2629 imperium
3365 2601 3380 2625 ,
3425 2564 3636 2626 honor,

2048 2667 2190 2710 nunc
2213 2663 2268 2710 et
2295 2665 2542 2723 semper,
2573 2659 2631 2707 et
2660 2650 2713 2707 in
2741 2649 2936 2707 stccula
2961 2650 3300 2706 saeculorum.
3330 2651 3525 2707 Amen.

1764 2928 2107 2996 HOMILIA
2168 2925 2245 2986 V.

349 3085 476 3141 Car.
514 3081 568 3139 2.
599 3099 649 3138 v.
690 3082 780 3140 12-.
821 3081 948 3138 Cum
972 3090 1141 3138 autent
1168 3081 1411 3136 venissent
1435 3079 1688 3134 Troadem
1725 3084 1935 3149 praptcr

415 3175 729 3249 evangelium
757 3174 984 3241 Christi,
1017 3184 1062 3229 et
1086 3175 1274 3230 ostium
1311 3172 1435 3227 milti
1454 3180 1688 3244 apertum
1713 3177 1838 3225 esset
1879 3167 1933 3221 in

414 3268 638 3325 Domino
661 3311 678 3337 ,
727 3270 815 3326 15.
860 3285 964 3324 non
991 3268 1145 3322 habui
1173 3268 1397 3335 requiem
1441 3263 1647 3336 spiritui
1675 3278 1784 3317 meo
1813 3301 1829 3329 ,
1876 3276 1933 3316 eo

414 3360 556 3431 quod
578 3376 678 3414 non
704 3359 978 3414 invenerim
1001 3357 1175 3412 Titum
1201 3357 1414 3426 fratrem
1441 3371 1630 3412 meum.

418 3453 472 3507 1.
497 3451 623 3507 flare
648 3450 862 3522 quidem
893 3448 1056 3506 verba
1083 3447 1298 3518 indigna
1319 3445 1487 3502 Paulo
1513 3458 1636 3501 esse
1661 3443 1928 3508 videntur,

347 3558 541 3614 nempe
565 3543 708 3614 quod
736 3542 806 3597 ob
829 3541 1008 3598 fratris
1033 3539 1332 3595 absentiam
1365 3545 1566 3594 tantam
1593 3535 1781 3592 salutis
1804 3533 1933 3588 εσυ.

346 3619 526 3690 renda:
554 3633 892 3691 occasionem
934 3630 1212 3702 ahjecerit.
1255 3631 1333 3686 Ae
1378 3636 1641 3700 prmterea
1681 3623 1931 3680 videntur

346 3728 445 3782 ista
475 3741 581 3782 non
612 3726 742 3780 satis
781 3739 900 3780 eum
930 3723 1196 3796 prioribus
1227 3722 1522 3779 cohaerere.
1561 3718 1699 3789 Quid
1729 3717 1934 3789 igitur?

344 3817 506 3872 vultis
533 3826 590 3871 ut
617 3816 762 3886 prius
793 3813 1098 3882 ostendam,
1122 3829 1245 3870 eum
1276 3812 1412 3868 nihil
1442 3812 1622 3882 seipso
1653 3808 1931 3880 indignum

347 3907 591 3970 dixisse?
620 3915 714 3960 aut
740 3905 856 3962 haec
884 3904 951 3962 ad
978 3905 1176 3962 seriem
1207 3903 1513 3975 quadrare?
1557 3901 1678 3958 Meo
1715 3899 1932 3972 quidem

343 3997 546 4074 iudicio
574 3997 742 4054 satius
770 3997 969 4065 fuerit,
1011 3996 1278 4068 posterius
1306 3995 1487 4067 priore
1517 3993 1634 4050 loco
1677 3992 1932 4048 demons-

347 4099 489 4146 trare
517 4109 532 4147 ;
556 4090 634 4146 sic
661 4088 804 4144 enim
833 4087 1062 4142 alterum
1090 4101 1302 4158 quoque
1327 4084 1532 4140 facilius
1562 4097 1626 4139 ac
1648 4081 1934 4138 dilucidius

346 4180 529 4236 fuerit.
575 4178 855 4247 Quomodo
882 4178 1044 4249 igitur
1073 4176 1187 4231 hate
1213 4190 1337 4230 cum
1363 4173 1731 4245 superioribus
1753 4171 1933 4228 coita:-

345 4269 511 4326 rcnt?
550 4271 642 4326 l-lla
674 4270 788 4341 ipsa
818 4269 872 4325 in
905 4267 1218 4324 memoriam
1263 4265 1569 4336 redigamus
1593 4304 1611 4333 ,
1649 4271 1812 4333 atque
1858 4262 1930 4316 ita

343 4361 485 4418 istud
517 4361 894 4432 intelligemus.
944 4360 1199 4428 Quianam
1233 4357 1391 4429 igittir
1422 4357 1511 4412 illa
1561 4355 1753 4412 erant?
1799 4353 1930 4422 Quze

343 4453 498 4510 initio
531 4454 784 4522 dicebat,
827 4453 967 4509 Nolo
997 4469 1083 4509 vos
1103 4455 1338 4526 ignorare
1364 4451 1430 4507 de
1453 4450 1777 4506 tribulatione
1816 4465 1931 4521 qua:

343 4547 483 4615 facta
508 4554 582 4600 est
607 4544 749 4600 nobis
769 4545 824 4598 in
851 4543 976 4599 Asia
999 4586 1014 4612 ,
1044 4545 1284 4614 quoniam
1311 4559 1468 4612 supra
1493 4541 1701 4596 modum
1733 4540 1932 4612 gravati

339 4653 519 4693 sumus
559 4653 716 4710 supra
754 4636 1007 4692 virtutem.
1071 4633 1264 4691 Postea
1329 4642 1506 4688 autem
1561 4632 1651 4687 ubi
1698 4631 1932 4688 ostendit

339 4727 612 4798 quomodo
659 4727 916 4784 liberatus
959 4726 1063 4792 sit,
1111 4738 1281 4794 eaque
1310 4738 1428 4793 quae
1474 4723 1536 4778 in
1577 4721 1755 4777 medio
1805 4729 1930 4777 sunt

339 4817 627 4888 intcrjecit,
677 4818 983 4875 necessario
1035 4829 1222 4872 rursus
1271 4814 1431 4871 docet
1473 4828 1532 4868 se
1570 4812 1676 4868 alio
1719 4827 1930 4883 quoque

341 4906 505 4961 modo
520 4907 772 4962 afﬂictum
795 4907 978 4964 fuisse.
1001 4907 1103 4976 Qui
1132 4903 1346 4962 tandem
1378 4902 1551 4959 istud?
1575 4901 1728 4972 Quod
1749 4902 1926 4958 Titum

339 5013 448 5053 non
474 4997 758 5052 invenerit.
785 4998 1003 5058 Etenim
1027 4997 1169 5054 istud
1195 4998 1410 5070 quidem
1440 5011 1602 5068 grave
1631 5004 1735 5063 est,
1767 5004 1928 5066 atque

338 5090 408 5146 ad
457 5088 909 5146 consternandum
957 5091 1197 5145 animum
1237 5106 1483 5161 magnam
1515 5090 1622 5145 vim
1670 5089 1876 5145 habens
1904 5131 1918 5156 ,

340 5199 535 5256 nempe
566 5179 891 5238 tentationes
921 5181 1105 5236 subire
1134 5197 1149 5233 :
1179 5189 1234 5235 at
1263 5197 1386 5236 cum
1431 5181 1581 5236 deest
1611 5181 1700 5253 qui
1728 5195 1924 5237 conso-

341 5269 483 5332 latur
503 5264 878 5345 sarcinamque
908 5286 1011 5328 una
1045 5269 1271 5327 sufferre
1297 5278 1482 5341 queat,
1510 5280 1620 5326 tum
1647 5271 1819 5341 major
1843 5280 1928 5327 est

340 5359 652 5438 tempestas.
681 5366 833 5423 Titus
865 5378 1023 5437 porro
1054 5363 1170 5434 ipse
1193 5371 1277 5418 est
1299 5404 1315 5431 ,
1357 5375 1516 5432 quem
1558 5361 1692 5418 infra
1723 5361 1791 5418 ab
1818 5362 1924 5418 illis

338 5455 409 5510 ad.
432 5471 490 5511 se
519 5458 730 5514 venisse
771 5456 979 5537 refert,
1003 5453 1150 5512 etde
1179 5468 1286 5526 quo
1311 5453 1510 5509 multas
1546 5467 1609 5509 ac
1636 5453 1931 5523 przcclaras.

340 5541 527 5604 laudes
551 5557 816 5617 recenset,
843 5563 1110 5622 quemque
1135 5562 1166 5604 a
1193 5563 1252 5605 se
1280 5549 1505 5604 missum
1529 5561 1651 5604 esse
1684 5545 1920 5602 dicebat.

341 5640 412 5697 Ut
433 5641 678 5695 ostendat
703 5656 830 5712 ergo
855 5656 912 5698 se
934 5642 1170 5712 ipsorum
1192 5655 1350 5698 causa
1383 5641 1520 5695 hanc
1542 5653 1754 5709 quoque
1783 5637 1923 5692 afﬂi-

340 5731 572 5790 stionem
601 5729 828 5804 subiisse
851 5771 868 5802 ,
899 5729 982 5788 his
1013 5730 1189 5790 verbis
1218 5747 1347 5790 usus
1393 5737 1494 5788 est.
1541 5727 1694 5810 Quod
1739 5730 1915 5800 itaque

2041 3067 2160 3126 haec
2215 3063 2376 3120 verba
2430 3060 2654 3133 pulchre
2699 3075 2823 3116 cum
2870 3037 3235 3131 superioribus
3277 3063 3586 3121 cohatreant
3612 3105 3628 3132 ,

2039 3157 2166 3215 hinc
2194 3154 2477 3228 perspicue
2504 3161 2692 3225 patet;
2717 3151 2862 3224 quod
2891 3163 3068 3209 autem
3092 3153 3258 3210 Paulo
3282 3171 3392 3210 non
3419 3157 3627 3228 indigna

2037 3249 2145 3306 sint
2168 3291 2183 3316 ,
2218 3247 2269 3304 id
2289 3261 2504 3319 quoque
2529 3245 2748 3315 planum
2779 3244 2958 3302 facere
2985 3246 3246 3303 conabor.
3279 3247 3464 3320 Neque
3487 3251 3630 3305 enim

2038 3339 2141 3396 hoc
2169 3338 2300 3394 dicit
2327 3379 2344 3405 ,
2375 3335 2519 3408 quod
2545 3335 2650 3390 Titi
2688 3334 2931 3391 absentia
2975 3350 3165 3391 eorum
3186 3377 3203 3404 ,
3247 3337 3338 3408 qui
3368 3338 3436 3393 ad
3467 3339 3625 3394 fidem

2036 3431 2311 3489 accessurl
2337 3436 2528 3497 erant,
2566 3428 2725 3484 saluti
2769 3443 2976 3484 moram
3022 3429 3298 3498 attulerit,
3349 3446 3449 3488 nec
3485 3433 3626 3504 quod

2038 3533 2321 3596 propterea
2353 3536 2446 3577 eos
2473 3521 2563 3592 qui
2610 3519 2772 3576 fidem
2799 3529 3149 3592 susceperant
3194 3525 3578 3594 contempserit
3604 3565 3623 3592 ,

2037 3613 2132 3670 sed
2162 3612 2307 3684 quod
2337 3612 2575 3682 requiem
2608 3625 2713 3665 non
2743 3608 3011 3677 habuerit,
3058 3612 3161 3666 hoc
3184 3620 3266 3667 est
3291 3653 3308 3678 ,
3345 3612 3416 3667 ob
3444 3612 3627 3670 fratris

2035 3703 2333 3758 absentiam
2362 3703 2414 3757 in
2442 3701 2731 3757 afﬂictione
2755 3715 2820 3757 ac
2844 3701 3032 3757 dolore
3068 3711 3309 3758 versatus
3336 3704 3406 3758 sit
3433 3719 3448 3770 ;
3495 3703 3621 3761 hinc

2036 3796 2287 3850 nimirum
2323 3793 2614 3851 ostendens
2653 3794 2839 3865 quanti
2885 3798 3143 3851 momenti
3189 3798 3260 3851 sit
3303 3796 3482 3854 fratris
3529 3799 3628 3853 ab-

2037 3887 2244 3954 sentia;
2271 3896 2432 3957 atque
2462 3886 2583 3942 ideo
2611 3885 2760 3940 illinc
2788 3887 3102 3942 excesserit.
3140 3886 3278 3955 Quid
3304 3897 3481 3945 autem
3512 3891 3628 3947 luce

2034 3978 2199 4033 verba
2243 3977 2343 4032 sibi
2389 3977 2614 4044 volunt,
2663 3975 2791 4032 Cum
2832 3978 3076 4033 venissem
3126 3976 3377 4034 Troadem
3422 3991 3626 4052 prapter

2035 4069 2391 4141 evangelium?
2418 4069 2533 4125 Non
2561 4111 2574 4136 ,
2604 4069 2813 4140 inquit,
2862 4079 3063 4126 temere
3089 4084 3154 4126 eo
3182 4071 3454 4142 profectus
3480 4088 3622 4143 sum,

2034 4161 2130 4217 sed
2161 4171 2217 4217 ut
2247 4161 2617 4233 praedicarem.
2662 4161 2730 4216 Et
2767 4169 2945 4217 tamen
2976 4161 3100 4217 licet
3132 4177 3195 4218 ea
3238 4162 3307 4219 de
3350 4178 3512 4220 causa
3555 4178 3622 4220 eo

2033 4267 2122 4308 me
2169 4254 2515 4309 contulissem
2544 4293 2559 4321 ,
2619 4267 2682 4308 ac
2749 4253 3040 4310 maximum
3087 4269 3223 4325 opus
3260 4257 3620 4325 reperissem;

2038 4347 2238 4403 Ostium
2283 4348 2427 4403 enim
2477 4347 2602 4405 mihi
2651 4355 2882 4417 apertum
2926 4356 3052 4403 esset
3091 4348 3146 4402 in
3187 4345 3410 4403 Domino
3435 4367 3456 4415 ;
3502 4349 3620 4404 Non

2033 4442 2186 4495 habui
2209 4442 2448 4510 requiem,
2467 4441 2665 4511 inquit:
2683 4440 2893 4496 tametsi
2923 4455 3028 4496 non
3051 4451 3336 4512 propterea
3359 4457 3493 4512 Opus
3516 4442 3620 4498 im-

2034 4532 2269 4603 peditum
2298 4531 2475 4588 fuerit.
2520 4531 2630 4588 Cur
2655 4547 2782 4603 ergo
2813 4531 2942 4587 dicit
2965 4572 2982 4599 ,
3012 4533 3100 4587 13.
3140 4531 3459 4604 Valefacicns
3502 4534 3574 4588 eis
3600 4573 3620 4602 ,

2032 4622 2133 4677 abii
2159 4623 2186 4676 ?
2224 4623 2337 4680 Hoc
2363 4631 2484 4687 est,
2533 4638 2644 4693 prae
2689 4622 2854 4678 animi
2886 4625 3130 4694 angustia
3178 4638 3242 4679 ac
3279 4624 3468 4680 dolore
3512 4640 3618 4680 non

2033 4716 2287 4772 diuturno
2337 4725 2579 4788 tempore
2625 4716 2735 4772 illic
2781 4725 3018 4771 moratus
3062 4729 3202 4770 sum.
3247 4717 3325 4771 Ae
3391 4715 3620 4773 fortasse

2032 4807 2190 4862 etiam
2215 4807 2356 4862 illius
2381 4806 2621 4863 absentia
2639 4806 2853 4878 negotio
2874 4805 3314 4877 impedimentum
3341 4805 3617 4862 aﬂ'erebat.

2031 4900 2146 4957 Hoc
2177 4916 2336 4972 porro
2365 4916 2470 4956 non
2498 4915 2676 4971 parva:
2700 4913 2914 4970 quoque
2941 4897 3300 4954 consolationi
3323 4899 3452 4968 ipsis
3479 4907 3616 4953 erat.

2030 4992 2161 5049 Nam
2190 4993 2256 5058 si,
2295 5007 2416 5048 cum
2447 4992 2590 5047 fores
2620 4991 2730 5046 illic
2757 4999 2959 5062 apertae
2987 4998 3192 5058 essent,
3221 4997 3382 5058 atque
3407 4989 3476 5044 ob
3500 5003 3619 5044 eam

2029 5100 2246 5141 causam
2273 5086 2546 5150 venisset,
2578 5084 2829 5154 quoniam
2853 5082 3075 5138 fratrem
3104 5097 3209 5137 non
3239 5081 3466 5145 invenit,
3491 5095 3621 5136 con-

2030 5177 2209 5233 festim
2233 5177 2514 5242 abscessit,
2531 5176 2701 5231 multo
2718 5175 2921 5244 :equius
2941 5184 3043 5240 est,
3060 5173 3252 5244 inquit,
3271 5188 3368 5228 vos
3383 5173 3618 5244 negotio-

2029 5284 2147 5325 rum
2178 5268 2437 5339 angustiis
2464 5283 2528 5322 ac
2558 5265 2965 5323 necessitatibus
2994 5265 3276 5337 ignoscere
3298 5307 3314 5330 ,
3359 5279 3481 5334 quae
3521 5275 3621 5316 nos

2029 5374 2455 5432 quaquaversum
2493 5368 2657 5428 agunt
2675 5373 2738 5412 ac
2752 5357 3140 5428 circumagunt,
3158 5370 3257 5411 nec
3277 5355 3345 5410 ad
3369 5369 3465 5411 eos
3484 5368 3620 5427 quos

2031 5453 2274 5508 Volumus
2290 5449 2550 5505 arbitratu
2567 5460 2754 5506 nostro
2771 5448 3058 5522 proficisci,
3071 5463 3134 5504 ac
3150 5448 3353 5507 diutius
3368 5446 3508 5518 apud
3524 5459 3618 5501 eos

2028 5541 2226 5597 morari
2257 5541 2457 5596 sinunt.
2493 5539 2646 5596 Unde
2672 5541 2856 5609 etiam,
2881 5550 2942 5597 ut
2969 5555 3127 5610 supra
3165 5539 3396 5611 spiritui,
3427 5539 3502 5594 ita
3527 5537 3618 5593 hic

2026 5647 2239 5703 quoque
2278 5631 2388 5687 Deo
2430 5633 2893 5704 peregrinationes
2937 5648 3061 5690 suas
3100 5632 3454 5700 adscribens,
3497 5629 3616 5686 haec

2027 5725 2296 5799 subiungit
2317 5743 2329 5783 :
2348 5725 2431 5785 11.
2457 5725 2560 5785 Deo
2579 5736 2747 5784 autem
2768 5727 2977 5803 gratias,
3003 5729 3090 5801 qui
3117 5742 3318 5800 untper
3335 5722 3625 5798 triumphat
