4138 6220
505 383 608 442 ειη

503 513 652 569 ματα
673 494 790 559 τοῖς
823 490 1348 565 πεπλημμεληκόσιν
1364 491 1443 556 είς
1463 490 1543 544 σε’
1562 489 1786 561 καὶγὰρ
1808 490 1903 544 καὶ
1926 489 2085 543 τοῦτο

501 587 778 660 ἁμαρτίας
813 586 1026 657 ἀφίησι.
1046 584 1163 638 Καὶ
1191 584 1320 654 περὶ
1347 583 1446 655 μὲν
1472 583 1567 637 τοῦ
1594 581 1861 653 προτέρου
1896 581 2082 652 φησὶν,

500 677 686 736 Εἶδον
722 678 815 733 ὅτι
837 678 1135 747 ἐπορεύθη
1163 677 1450 747 στυγνὸς,
1502 676 1603 731 καὶ
1657 675 1928 746 ἰασάμην
1978 672 2085 740 τὰς

495 774 682 840 ὀδοὺς
708 771 918 828 αὐτοῦ’
956 773 1051 826 καὶ¹
1080 772 1173 825 ἐπὶ
1200 770 1295 825 τοῦ
1330 768 1538 841 ’Δχαάὁ
1572 768 1629 823 δὲ
1656 766 1815 822 τοῦτο
1843 766 1943 839 τὴν
1987 766 2085 837 όρ-

499 866 604 937 γὴν
627 865 785 918 ἔλυσε
822 862 918 917 τοῦ
956 862 1114 917 Θεοῦ·
1138 862 1269 932 περὶ
1300 860 1355 916 δέ
1392 860 1488 915 τοῦ
1524 858 1804 931 δευτέρου,
1844 859 2082 927 Ἅφετε,

500 958 599 1011 καὶ
627 955 993 1026 ἀφεθήσεται
1026 954 1189 1025 ὑμῖν.
1233 954 1391 1009 Ἐστι
1454 954 1550 1008 καὶ
1582 951 1744 1007 πάλιν
1798 950 1933 1022 άλλη
1967 948 2085 1014 όδδς

498 1048 658 1103 τοῦτο
679 1048 925 1119 φέρουσα
950 1046 1013 1100 τὸ
1042 1046 1335 1117 φάρμακον
1355 1047 1510 1116 ἡμῖν,
1540 1046 1574 1116 ἠ
1606 1042 1952 1112 κατάγνωσις
1974 1039 2085 1095 τῶν

501 1139 1080 1212 πεπλημμελημένωψ
1110 1137 1259 1209 Λέγε
1286 1138 1395 1210 γὰρ
1419 1137 1503 1192 σὺ
1534 1137 1642 1202 τὰς
1680 1136 1937 1206 ἀνομίας
1964 1148 2083 1188 σου

501 1233 750 1302 πρῶτος,
791 1233 894 1287 ἵνα
944 1230 1286 1300 δικαιωθῇς.
1315 1230 1428 1284 Καὶ
1474 1228 1534 1283 τὸ
1580 1227 1765 1292 κακῶς
1807 1227 2085 1298 πάσχοντα

498 1326 843 1396 εὐχαριστεῖν
880 1324 998 1379 λύει
1026 1322 1096 1378 τὰ
1127 1321 1521 1395 ἁμαρτήματα,
1554 1320 1650 1375 καὶ
1679 1317 1925 1392 ήπασῶν
1961 1316 2082 1389 μεί·ι

498 1416 610 1481 ζων
646 1415 1009 1488 ἐλεημοσύνη.
1052 1414 1305 1486 ’Δρίθμει
1359 1413 1540 1468 τοίνυν
1575 1411 1646 1466 τά
1702 1411 1970 1482 φάρμακα
2013 1413 2085 1463 τά

499 1506 708 1579 ίὼμενά
732 1524 829 1561 σου
845 1507 915 1562 τὰ
928 1506 1242 1579 τραύματα,
1264 1506 1362 1561 καὶ
1379 1505 1556 1562 πάντα
1571 1503 1802 1559 ἐπιτίθει
1820 1500 2081 1573 συνεχῶς.

496 1598 1019 1671 ταπεινοφροσύνην,
1042 1581 1453 1670 ἐξομολόγησιν,
1485 1598 1545 1653 τδ
1569 1595 1645 1668 μὴ
1702 1596 2082 1666 μνησικακεῖν,

496 1693 559 1747 τὸ
580 1691 864 1764 πάσχοντα
890 1690 1078 1755 κακῶς
1126 1691 1489 1762 εὐχαριστεῖν,
1536 1691 1599 1744 τὸ
1624 1689 1794 1742 ἐλεεῖν
1826 1686 1916 1741 διά
1944 1703 2083 1758 χρη-

494 1782 708 1854 μάτων,
756 1781 848 1837 διά
895 1781 1258 1854 πραγμάτων,
1306 1781 1369 1835 τδ
1409 1779 1665 1856 εὔχεσθαι
1714 1776 2079 1850 καρτερικῶς.

497 1874 737 1945 οὕτωςή
763 1874 907 1946 χήρα
937 1873 1029 1927 τὸν
1061 1873 1211 1945 ὠμὸν
1240 1872 1337 1927 καὶ
1371 1872 1557 1944 ἀπηνῆ
1588 1868 1912 1939 ἐξιλεώσατο
1929 1869 2083 1924 δικα-

500 1966 654 2037 στήν.
685 1963 749 2018 EI
781 1963 839 2017 δὲ
862 1964 1050 2035 ἐκείνη
1072 1962 1166 2018 τὸν
1193 1964 1407 2029 ἄδικον,
1447 1961 1628 2033 πολλῷ
1664 1961 1866 2033 μᾶλλον
1897 1960 1962 2016 σὺ
1988 1960 2082 2015 τδν

495 2057 725 2128 ἥμερον.
762 2056 920 2110 Ἔστι
951 2055 1045 2109 καὶ
1081 2053 1245 2126 ἑτέρα
1276 2053 1414 2125 μετά
1441 2053 1650 2108 τούτων
1669 2052 1807 2118 όδὸς,
1835 2052 1897 2108 τδ
1945 2069 2082 2124 προσ

497 2146 754 2202 ιστασθαι
801 2147 911 2203 τῶν
963 2145 1373 2218 ἀδικουμένων·
1406 2145 1661 2215 Κρίνατε
1703 2143 1834 2216 γὰρ,
1891 2145 2077 2217 φησὶν,

1558 376 1627 433 IN
1667 375 1890 433 EPIST.
1948 376 1995 432 ll
2041 374 2131 431 AD
2168 373 2327 431 (ΞΟΠ.
2368 374 2607 431 ΠΟΜΙΙ..
2637 376 2699 429 V.

3655 371 3779 430 ιεο

2190 485 2450 556 ὀρφανῷ,
2493 487 2592 543 καὶ
2639 483 2994 541 δικαιώσατε
3028 486 3243 557 χήραν·
3289 486 3388 541 καὶ
3440 486 3634 552 δεῦτε,
3671 488 3773 542 καί

2185 577 2613 648 διαλεχθῶμεν,
2656 577 2755 633 καὶ
2795 578 2904 632 ἐὰν
2919 572 3031 632 ὦσι
3086 581 3146 631 al
3185 578 3463 647 ἁμαρτίαι
3494 575 3665 646 ὑμῶν
3691 577 3782 643 ὡς,

2184 668 2522 738 φοινικοῦν,
2556 670 2640 735 ὠς
2691 669 2867 738 χιόνα
2896 667 3196 724 λευκανῶ.
3233 670 3401 732 Ποίας
3434 663 3527 724 οὖν
3556 667 3623 723 ἂν
3653 668 3773 737 είηει

2188 750 2287 832 μέν
2329 761 2628 831 ἀπολογίας
2676 761 2838 829 ἀξιοι,
2876 762 2925 815 εἰ
2953 760 3221 824 τοσαύτας
3260 761 3474 831 ἔχοντες
3512 760 3664 824 ὁδοὺς
3694 762 3775 824 εἰς

2183 853 2276 908 τὸν
2296 852 2523 925 οὐρανὸν
2555 853 2885 923 ἀναγούσας,
2914 853 3010 907 καὶ
3044 853 3271 907 τοιαῦτα
3304 852 3577 925 φάρμακα
3611 852 3772 922 ίώμε-

2185 962 2252 999 να
2278 944 2348 998 τὰ
2375 944 2686 1017 τραύματα,
2740 944 2833 998 καὶ
2891 944 3031 1016 μετά
3080 943 3143 999 τὸ
3176 943 3400 1016 λουτρὸν
3437 944 3547 1005 τοῖς
3590 941 3777 1003 αὐτοῖς

2185 1036 2549 1108 ἐπιμένομεν;
2579 1035 2673 1108 Μὴ
2699 1037 2878 1091 τοίνυν
2906 1037 3277 1109 ἐπιμένωμεν.
3314 1034 3429 1089 ἀλλ’
3459 1034 3509 1087 οἰ
3535 1033 3633 1105 μὲν
3668 1049 3774 1103 p.11-

2183 1127 2331 1180 δέπω
2386 1127 2664 1192 πεσόντες,
2710 1129 2772 1181 ἐν
2821 1128 2900 1200 τῷ
2949 1127 3137 1199 οἰκείῳ
3191 1127 3502 1198 μενέτωσαν
3559 1123 3769 1187 κάλλει,

2187 1221 2390 1292 μᾶλλον
2428 1221 2485 1276 δὲ
2526 1222 2785 1277 ἐπιπλέον
2836 1222 3177 1277 ἀσκείτωσαν
3202 1220 3378 1275 τοῦτο·
3420 1219 3523 1274 κᾶν
3547 1217 3658 1289 γάρ
3695 1217 3772 1289 μὴ

2185 1312 2321 1387 εὕρῃ
2375 1314 2773 1388 ἁμαρτήματα,
2820 1315 2978 1370 ταυτὶ
3009 1314 3080 1368 τά
3112 1311 3513 1384 κατορθώματα
3546 1308 3776 1363 πλείονα

2185 1408 2331 1460 ποιεῖ
2356 1405 2454 1478 τὴν
2498 1407 2799 1480 εὐμορφίαν
2819 1423 2833 1438 ·
2877 1409 3040 1478 ἡμεῖς
3065 1407 3122 1461 δὲ
3167 1408 3217 1460 οί
3240 1404 3411 1459 πολλά
3443 1402 3770 1472 πεπλημμε-

2184 1495 2431 1567 ληκότες,
2472 1500 2553 1561 εἰς
2604 1496 2702 1569 τὴν
2744 1496 2854 1552 τῶν
2885 1496 3304 1569 ἁμαρτημάτων
3330 1492 3617 1566 διόρθωσιν
3636 1505 3774 1562 χρηγ·

2187 1588 2410 1660 σώμεθα
2445 1593 2560 1654 τοῖς
2596 1590 2907 1661 εἰρημένοις
2938 1588 3113 1663 [465],
3153 1590 3240 1644 ἵνα
3303 1586 3382 1660 τῷ
3419 1586 3625 1658 βήματι
3672 1581 3773 1637 toi

2183 1681 2420 1752 Χριστοῦ
2463 1682 2604 1752 μετὰ
2660 1683 2975 1757 παρρησίας
3012 1682 3387 1756 παραστῶμεν
3426 1678 3629 1750 πολλῆς
3654 1694 3669 1707 ·
3699 1672 3769 1750 ἧς

2185 1773 2396 1843 γένοιτο
2424 1775 2632 1839 πάντας
2669 1777 2817 1847 ἡμᾶς
2865 1779 3163 1849 ἐπιτυχεῖν,
3196 1777 3383 1849 χάριτι
3435 1775 3530 1829 καὶ
3581 1772 3772 1844 φιλαν·

2181 1866 2402 1939 θρωπίᾳ
2426 1866 2520 1921 τοῦ
2541 1866 2748 1940 Κυρίου
2770 1869 2929 1940 ἡμῶν
2959 1868 3135 1941 Ἰησοῦ
3164 1867 3427 1939 Χριστοῦ,
3456 1866 3576 1938 μεθ’
3596 1861 3658 1920 οὗ
3689 1864 3770 1935 τῷ

2180 1958 2359 2031 Πατρὶ
2391 1957 2509 2031 ἅμα
2554 1958 2633 2031 τῷ
2679 1959 2820 2029 ἀγίῳ
2857 1959 3138 2031 Πνεύματι
3173 1959 3323 2026 δόξα,
3355 1960 3578 2029 κράτος,
3607 1955 3765 2027 τιμὴ,

2179 2049 2273 2105 νῦν
2327 2052 2422 2106 καὶ
2472 2051 2596 2119 ἀεὶ,
2661 2052 2755 2107 καὶ
2801 2053 2883 2118 εἰς
2924 2053 3049 2118 τοὺς
3073 2091 3085 2102 .
3109 2051 3315 2118 αἰῶνας
3369 2051 3480 2109 τῶν
3525 2050 3764 2109 αἰώνων.

2191 2144 2389 2217 Ἀμήν.

1667 2436 2391 2450 -ο-ῇυυ--ῄ

1990 2694 2236 2749 ΟΜῙΛΙΑ
2261 2695 2342 2751 Ε’.

509 2864 731 2922 Ἐλθὼν
755 2866 828 2922 δὲ
843 2868 934 2934 εἰς
959 2865 1077 2937 τὴν
1112 2864 1350 2936 Τρωάδα
1381 2866 1469 2931 είς
1492 2862 1559 2918 τό
1586 2860 1948 2931 εὐαγγέλιον
1970 2860 2079 2916 τοῦ

569 2955 854 3025 Χριστοῦ,
885 2954 983 3010 καί
1011 2956 1197 3024 θύρας
1215 2972 1320 3025 μοι
1350 2950 1735 3023 ἀνεῳγμένης
1762 2951 1834 3004 ἐν
1858 2950 2079 3019 Κυρίῳ,

566 3048 680 3101 οὐκ
720 3048 958 3117 ἔσχηκα
1002 3041 1220 3103 ἄνεσιν
1261 3044 1343 3112 τῷ
1387 3045 1686 3115 πνεύματι
1722 3061 1865 3115 μου,
1892 3042 1971 3109 τῷ
1991 3042 2076 3113 μὴ

564 3139 763 3209 εὑρεῖν
779 3157 853 3210 με
882 3140 1050 3196 Τίτον
1076 3140 1184 3195 τὸν
1205 3138 1476 3209 ἀδελφόν
1494 3155 1635 3209 μου.

565 3257 617 3306 α’
623 3294 637 3309 .
655 3251 841 3306 Ταῦτα
857 3252 1011 3307 δοκεῖ
1027 3252 1127 3324 μὲν
1145 3251 1341 3318 ἀνάξια
1358 3246 1496 3306 εἶναι
1514 3250 1727 3306 Παύλου
1747 3249 1816 3305 τὰ
1834 3250 2078 3323 ῥήματα,

503 3344 553 3396 εἰ
595 3345 665 3397 δι’
699 3344 970 3399 ἀπουσίαν
1009 3345 1245 3415 ἀδελφοῦ
1269 3343 1548 3414 τοσαύτην
1583 3343 1869 3416 προήκατο
1898 3358 2080 3413 σωτη·

503 3435 625 3506 ρίαν
650 3452 666 3468 ”
704 3435 854 3490 δοκεῖ
889 3436 948 3491 δὲ
984 3437 1082 3491 καὶ
1104 3437 1205 3508 τῆς
1239 3435 1563 3499 ἀκολουθίας
1604 3433 1979 3507 ἀπηρτῆσθαι.
2009 3434 2078 3510 Τί

496 3521 625 3593 ούν;
670 3525 931 3597 βούλεσθε
962 3527 1238 3599 πρότερον
1267 3527 1642 3598 ἀποδείξωμεν
1665 3565 1682 3591 ,
1712 3525 1796 3580 ὅτι
1823 3525 1921 3597 τῆς
1944 3525 2077 3579 ἀκο-

498 3616 718 3683 λουθίας
745 3619 1054 3691 ἦρτηται,ἢ
1079 3620 1162 3674 δτι
1190 3620 1342 3677 οὐδὲν
1360 3618 1582 3685 ἀνάξιον
1600 3619 1828 3692 εἴρηκεν
1852 3618 2074 3689 ἑαυτούς

511 3706 669 3780 Ἐμοὶ
683 3709 906 3763 δοκεῖτὸ
925 3707 1179 3779 δεύτερον
1207 3727 1223 3742 ο
1258 3708 1401 3763 οὕτω
1433 3708 1543 3778 γὰρ
1575 3709 1799 3763 κάκεῖνο
1833 3709 1968 3779 ἡμῖν
1985 3706 2077 3760 εύ-

501 3797 803 3870 κολώτερον
834 3799 988 3853 ἔσται
1027 3800 1122 3854 καὶ
1150 3800 1508 3873 σαφέστερον.
1543 3800 1671 3865 Πῶς
1704 3794 1801 3855 οὖν
1840 3800 2077 3871 ἢρτηται

497 3890 607 3944 τῶν
636 3892 918 3965 προτέρων
948 3892 1157 3961 ταῦτα;
1201 3892 1672 3964 ’Δναμνησθῶμεν
1713 3892 1894 3946 αὐτῶν
1929 3890 2077 3946 ἐκεί-

499 3998 628 4047 νων,
659 3984 754 4038 καὶ
773 3983 949 4049 οὕτως
979 3984 1243 4055 εἰσόμεθα
1272 3982 1453 4039 τοῦτο.
1476 3983 1613 4038 Τίνα
1644 3977 1739 4037 οὖν
1762 3978 1831 4054 ἦν
1856 3981 1926 4037 τά
1946 3982 2079 4055 πρό-

496 4093 630 4148 τερα
663 4095 678 4145 ;
738 4079 919 4151 Ἅπερ
965 4079 1154 4148 ἔλεγεν
1206 4078 1509 4150 ἀρχόμενος
1533 4092 1549 4107 ⁸
1589 4078 1673 4131 Οὐ
1702 4076 1857 4131 θέλω
1915 4074 2074 4147 ὑμᾶς

496 4170 737 4241 ἀγνοεῖν
776 4171 929 4240 ὑπὲρ
987 4171 1100 4243 τῆς
1152 4171 1441 4242 θλίψεως,
1483 4170 1640 4241 φησὶ,
1690 4168 1802 4239 τῆς
1834 4168 2074 4238 γενομέ-

495 4280 609 4331 νης
648 4262 792 4331 ἡμῖν
816 4263 889 4317 ἐν
923 4261 1001 4333 τῇ
1051 4264 1245 4332 Ἀσίᾳ,
1285 4262 1374 4317 ὅτι
1399 4264 1533 4316 καθ’
1565 4260 1914 4331 ὑπερϐολὴν
1934 4260 2070 4315 ἐϐα-

490 4362 767 4434 ρήθημεν
802 4364 955 4433 ὑπὲρ
990 4364 1285 4435 δύναμιν·
1329 4366 1426 4419 κα)⁸
1456 4360 1638 4429 δείξας
1666 4362 1784 4425 πῶς
1829 4356 2075 4429 ἀπηλλάὶ

493 4471 566 4524 γη
585 4493 601 4518 ,
635 4454 729 4509 καὶ
762 4456 831 4510 τά
856 4456 916 4509 ἐν
947 4456 1100 4528 μέσῳ
1129 4456 1446 4529 παρενθεὶς,
1487 4454 1804 4526 ἀναγκαίως
1827 4454 2072 4509 διδάσκει

493 4546 658 4600 πάλιν
682 4547 764 4601 ὅτι
808 4547 905 4601 καὶ
943 4548 1147 4619 ἑτέρως
1179 4546 1388 4622 ἐθλίὸη.
1419 4546 1545 4612 Πῶς
1574 4547 1671 4602 καὶ
1697 4546 1806 4601 τίνι
1836 4545 2026 4617 τρόπῳ
2052 4560 2068 4610 ;

491 4637 584 4708 Τῷ
626 4639 700 4709 μὴ
733 4639 917 4711 εύρεῖν
939 4640 1118 4696 Τίτον.
1154 4641 1338 4696 Δεινδν
1377 4640 1479 4712 μὲν
1498 4641 1608 4713 γὰρ
1640 4640 1734 4694 καὶ
1761 4639 1948 4694 ἱκανὸν
1966 4656 2071 4693 καο

491 4731 750 4787 ταδαλεῖν
775 4731 974 4805 ψυχὴν,
1009 4732 1105 4788 καὶ
1128 4732 1189 4786 τὸ
1222 4733 1566 4805 πειρασμοὺς
1595 4730 1888 4802 ὑπομένειν
1904 4747 1918 4760 ’
1939 4730 2070 4784 ὅταν

490 4823 548 4878 δέ
597 4824 691 4878 καὶ
718 4826 747 4879 ό
790 4824 1286 4897 παραμυθούμενος
1338 4822 1414 4895 μὴ
1436 4819 1494 4899 ᾗ,
1525 4824 1619 4877 καὶ
1669 4822 1971 4895 δυνάμενος
2008 4822 2071 4876 τὸ

489 4915 711 4988 φορτίον
759 4916 1196 4986 συνδιενεγκείν,
1250 4915 1457 4988 μείζων
1497 4914 1709 4985 γίνεται
1766 4915 1795 4967 ό
1838 4913 2065 4986 χειμών.

486 5007 648 5071 Τίτος
685 5007 745 5061 δέ
782 5007 947 5072 αύτός
989 5008 1159 5074 ἐστιν,
1199 5009 1259 5062 ὄν
1292 5024 1429 5079 φησι
1463 5004 1670 5077 προῖὼν
1723 5006 1855 5078 παρ’
1889 5004 2068 5061 αὐτῶν

485 5098 714 5171 ἀφῖχθαι
739 5101 877 5173 πρὸς
906 5101 1090 5166 αὐτὸν,
1148 5102 1243 5155 καὶ
1272 5101 1402 5171 περὶ
1426 5093 1488 5154 οὗ
1525 5099 1697 5154 πολλά
1722 5098 1817 5153 καὶ
1852 5096 2068 5170 μεγάλα

489 5187 828 5260 διεξέρχεται
862 5189 1134 5262 ἐγκώμια,
1175 5190 1270 5243 καὶ
1313 5189 1373 5244 ὃν
1402 5188 1606 5260 ἐιρησεν
1633 5187 2061 5243 ἀπεσταλκέναι.

480 5280 663 5348 Δεῖξαι
709 5280 891 5335 τοίνυν
933 5280 1257 5353 βουλόμενος
1286 5281 1369 5335 ὅτι
1406 5280 1502 5334 καὶ⁵
1548 5280 1721 5353 ταύτῃ
1757 5280 1824 5333 δι’
1863 5278 2063 5340 αὐτοὺς

480 5370 695 5445 zonam
753 5373 928 5428 ταῦτα
980 5375 1222 5446 εἴρηκεν.
1256 5371 1381 5427 Ὀτι
1436 5372 1539 5444 μὲν
1567 5368 1660 5427 οὖν
1692 5374 1926 5445 ἤρτηται
1948 5370 2058 5424 τῶν

481 5458 848 5531 προτέρωντά
864 5460 1152 5532 είρημένα,
1176 5461 1335 5531 δῆλον
1370 5462 1435 5513 ἐκ
1455 5460 1665 5515 τούτων
1689 5478 1703 5492 ·
1733 5463 1814 5514 ὃτι
1838 5461 1895 5514 δὲ
1933 5459 2055 5514 ούδέ

478 5550 674 5617 ἀνάξια
714 5553 951 5619 Παύλου,
995 5556 1091 5608 καὶ
1130 5555 1290 5609 τοῦτο
1344 5554 1517 5620 δεῖξαι
1560 5556 1919 5626 πειράσομαι.
1978 5555 2054 5609 Ού

480 5643 591 5712 γάρ
617 5641 805 5711 λέγει,
829 5645 911 5699 ὅτι
951 5646 1227 5699 ἐνεπόδισε
1252 5648 1319 5718 τῇ
1349 5646 1594 5717 σωτηρίᾳ
1624 5647 1736 5700 τῶν
1768 5646 2055 5717 προσιέναι

485 5733 846 5805 μελλόντωνὴ
880 5735 1116 5788 ἀπουσία
1166 5735 1349 5801 Τίτου,
1386 5736 1495 5789 οὐδ’
1535 5738 1617 5789 ὅτι
1660 5735 1881 5806 παρεῖδε
1928 5737 2055 5797 τοὺς

483 5823 877 5891 πιστεύσαντας
901 5824 1184 5899 ﬁgit-061:0,
1204 5826 1317 5882 ἀλλ’
1346 5829 1431 5884 ὅτι
1451 5826 1551 5882 οὐκ
1580 5825 1813 5897 ἔσχηκεν
1842 5827 2048 5891 ἄνεσιν,

2183 2864 2465 2921 τουτέστιν
2512 2867 2724 2941 ἐθλίὸη,
2772 2870 3026 2942 ώδυνήθη
3076 2872 3167 2927 διὰ
3216 2874 3317 2944 τὴν
3340 2862 3626 2929 ἀπουσίαν
3666 2875 3763 2931 τοῦ

2182 2956 2414 3026 ἀδελφοῦ
2440 2999 2454 3025 ,
2488 2959 2704 3024 δεικνὺς
2753 2962 2877 3016 ὅσον
2917 2963 3067 3018 ἐστὶν
3096 2963 3330 3034 ἀδελφοῦ
3357 2966 3595 3022 ἀπουσία
3616 2986 3631 3000 ·
3669 2972 3764 3025 καὶ

2179 3048 2271 3105 διὰ
2308 3049 2468 3104 τοῦτο
2492 3051 2736 3123 ἀπῆλθεν
2756 3053 2992 3111 ἐκεῖθεν.
3024 3056 3091 3110 Τί
3123 3058 3181 3111 δέ
3215 3059 3401 3124 ἐστιν,
3443 3059 3672 3116 Ἐλθὼν
3693 3062 3765 3116 δὲ

2180 3141 2270 3206 είς
2332 3139 2449 3210 τὴν
2482 3140 2719 3210 Τρωάδα
2741 3145 2830 3210 είς
2866 3145 2935 3199 τὸ
2964 3147 3324 3217 εὐαγγέλιον
3341 3165 3362 3213 ;
3398 3150 3510 3221 Ούχ
3541 3151 3756 3218 ἁπλῶς,

2181 3228 2369 3299 φησὶν,
2387 3230 2731 3304 ἐπεδήμησα,
2756 3233 2870 3288 ἀλλ’
2893 3234 3034 3290 ὥστε
3056 3237 3315 3309 κηρῦξαι.
3334 3239 3476 3294 Ἀλλ’
3493 3241 3643 3313 ὅμως
3665 3245 3761 3298 καὶΙ

2182 3320 2273 3376 διά
2311 3320 2474 3377 τοῦτο
2504 3323 2699 3394 ἐλθὼν,
2726 3328 2823 3381 καὶ
2848 3328 3025 3400 εὑρὼν
3045 3329 3206 3403 ἔργον
3237 3332 3531 3404 μέγιστον’
3564 3338 3767 3406 Θύρας

2178 3414 2287 3485 γάρ
2302 3431 2405 3484 μοι
2418 3416 2802 3488 ἀνεῳγμένης
2821 3420 2892 3476 ἐν
2906 3423 3118 3491 Κυρίῳ,
3136 3425 3246 3479 οὐκ
3268 3424 3504 3496 ἔσχηκα
3522 3426 3763 3497 ἄνεσιν,

2181 3507 2349 3579 φησίν
2379 3526 2391 3539 α
2432 3509 2494 3563 ού
2533 3510 2640 3583 μὴν
2683 3511 2773 3568 διὰ
2808 3514 2966 3569 τοῦτο
3014 3517 3292 3574 ἐνεπόδισε
3323 3521 3386 3574 τὺ
3429 3521 3608 3594 ἔργον.
3635 3523 3761 3590 Πῶς

2173 3595 2270 3654 οὖν
2286 3599 2337 3673 [Δ
2346 3600 2434 3674 66]
2453 3619 2638 3673 φησιν,
2652 3606 2734 3658 ὅτι
2752 3606 3231 3681 Ἀποταξάμενος
3245 3613 3450 3682 αὐτοῖς
3464 3613 3759 3684 ἐξῆλθον-ς

2180 3693 2494 3759 Τουτέστιν,
2545 3696 2605 3749 ού
2653 3697 2905 3771 διέτριψα
2952 3701 3176 3758 πλείονα
3215 3706 3444 3776 χρόνον,
3492 3725 3760 3781 στενοχω-

2182 3783 2483 3856 ρούμενος,
2518 3787 2878 3861 ὀδυνώμενος.
2929 3795 3093 3860 Ἴσως
3124 3796 3181 3851 δέ
3210 3800 3307 3853 καὶ
3339 3802 3679 3868 ἐνεποδίζετο
3697 3804 3761 3859 τὸ

2179 3875 2361 3947 ἔργον,
2398 3879 2613 3934 ἐκείνου
2642 3882 2894 3948 ἀπόντος.
2939 3885 3111 3941 Τοῦτο
3147 3888 3205 3941 δέ
3233 3891 3295 3945 ού
3322 3893 3495 3964 μικρά
3512 3896 3607 3949 καὶ
3636 3894 3759 3950 τού-

2178 3984 2291 4032 τοις
2336 3969 2680 4041 παραμυθία.
2730 3973 2795 4027 Εἰ
2863 3974 2972 4049 γάρ
3023 3977 3141 4032 ἐκεῖ
3167 3977 3337 4050 θύρας
3371 3983 3758 4056 ἀνεῳγμένης.

2180 4059 2275 4112 καὶ
2316 4061 2396 4125 εἰς
2434 4061 2591 4117 τοῦτο
2625 4064 2817 4133 ἐλθὼν,
2855 4066 3043 4140 ἐπειδὴ
3067 4067 3160 4123 τὸν
3183 4069 3410 4141 ἀδελφόν
3441 4074 3540 4145 ούχ
3571 4069 3752 4147 εὗρεν,

2179 4151 2503 4224 ἀπεπήδησε
2522 4156 2758 4226 ταχέως,
2789 4157 2971 4229 πολλῷ
3003 4159 3203 4231 μᾶλλον
3234 4163 3399 4233 ὑμᾶς,
3428 4164 3582 4236 φησὶ,
3624 4183 3757 4236 συγ-

2176 4243 2472 4313 γινώσκειν
2547 4247 2654 4320 χρὴ
2733 4251 2855 4314 ταῖς
2904 4250 3014 4305 τῶν
3073 4254 3416 4325 πραγμάτων
3483 4257 3753 4329 ἀνάγκαις

2174 4336 2439 4406 ἀγούσαις
2471 4339 2569 4393 κα)⁸
2590 4342 2983 4413 περιαγούσαις
3014 4346 3162 4417 ημᾶς
3187 4348 3488 4420 πανταχοῦ,
3518 4352 3615 4405 καίΙ
3653 4352 3754 4406 ούκ

2174 4427 2374 4493 ἐώσαις
2396 4470 2411 4497 ,
2447 4429 2524 4494 ὡς
2553 4430 2857 4504 βουλόμεθα
2884 4474 2899 4499 ,
2931 4434 3055 4491 οὔτε
3082 4435 3388 4512 ἀποδημεῖν
3418 4440 3544 4495 οὔτε
3571 4442 3752 4497 ἐνδια-

2171 4521 2384 4592 τρίϐειν
2426 4518 2510 4588 οἷς
2551 4524 2619 4578 ἂν
2672 4526 2950 4598 ἐθέλωμεν
2990 4530 3271 4587 ἐπιπλέον.
3313 4533 3404 4587 Διὸ
3428 4534 3521 4589 καὶ
3550 4535 3747 4604 ἐπάγει

2173 4614 2336 4671 πάλιν
2359 4656 2376 4681 ,
2402 4615 2593 4689 ὥσπερ
2626 4617 2740 4673 ἀνω
2772 4618 2849 4692 τῷ
2888 4621 3192 4694 Πνεύματι,
3223 4623 3367 4679 οὕτω
3393 4625 3490 4680 καὶ
3513 4626 3751 4682 ἐνταῦθα

2170 4707 2249 4779 τῷ
2290 4707 2410 4780 Θεῷ
2454 4708 2555 4773 τάς
2605 4709 2917 4782 ἀποδημίας
2954 4714 3252 4781 ἀνατιθεὶς,
3281 4716 3374 4770 καὶ
3395 4716 3568 4789 λέγων
3592 4733 3608 4749 ’
3666 4719 3757 4786 Τῷ

2170 4798 2240 4852 δὲ
2282 4798 2406 4867 Θεῷ
2450 4800 2627 4872 χάρις
2668 4802 2749 4868 τῷ
2775 4801 3035 4859 πάντοτε
3055 4804 3214 4875 ἡμᾶς
3242 4810 3651 4880 θριαμϐεύοντι
3678 4813 3751 4867 έν

2168 4891 2249 4958 τῷ
2278 4893 2535 4963 Χριστῷ,
2603 4896 2701 4949 καὶ
2750 4896 2869 4963 τὴν
2893 4896 3098 4966 ὀσμὴν
3117 4898 3229 4968 τῆς
3253 4900 3532 4970 γνώσεως
3556 4904 3755 4960 αὐτοῦ

2167 4986 2527 5056 φανεροῦντι
2554 4985 2631 5040 δι’
2660 4985 2829 5057 ἡμῶν
2849 4988 2921 5042 ἐν
2947 4990 3126 5045 παντί
3152 4993 3331 5059 τόπῳ.
3371 4996 3490 5051 Ἵνα
3521 4995 3628 5072 γὰρ
3667 4997 3747 5072 μὴ

2165 5077 2290 5151 δόξῃ
2318 5079 2394 5143 ὡς
2420 5079 2636 5151 θρηνῶν
2681 5081 2855 5136 ταῦτα
2880 5082 3275 5157 ἀποδύρεσθαι,
3297 5087 3463 5159 χάριν
3495 5089 3745 5161 ἀναπέμ-

2167 5191 2258 5227 πει
2290 5174 2369 5245 τῷ
2388 5173 2605 5245 Θεῷ.“0
2629 5173 2686 5228 δέ
2711 5174 2878 5245 λέγει,
2903 5177 3061 5231 τοῦτό
3080 5179 3196 5233 ἐστι
3211 5194 3225 5209 ³
3244 5180 3521 5253 πανταχοῦ
3547 5181 3751 5252 θλίψις,

2167 5265 2446 5336 πανταχοῦ
2469 5267 2832 5341 στενοχωρίαο
2856 5264 3021 5341 ἦλθον
3055 5271 3136 5335 εἰς
3168 5272 3269 5343 τὴν
3308 5273 3516 5338 Ἀσίαν,
3538 5271 3745 5345 ἐϐαρή-

2167 5357 2268 5429 θην
2299 5357 2442 5428 ὑπὲρ
2463 5357 2693 5431 δύναμιν
2713 5376 2726 5389 ·
2764 5356 2929 5431 ἦλθον
2950 5363 3031 5426 εἰς
3052 5362 3151 5434 τὴν
3174 5363 3424 5434 Τρωάδα,
3456 5364 3556 5434 ούχ
3584 5360 3747 5436 εὗρον

2166 5452 2256 5504 τὸν
2283 5449 2511 5521 ἀδελφόν
2532 5469 2547 5485 ·
2594 5452 2696 5505 οὐκ
2719 5449 2883 5524 ἦλθον
2920 5455 3060 5524 πρὸς
3097 5456 3278 5525 ὑμᾶς’
3309 5456 3371 5507 ού
3407 5456 3613 5529 μικράν
3653 5476 3744 5528 μοι

2167 5544 2260 5599 καὶ
2302 5543 2460 5597 τούτο
2507 5543 2747 5614 ἀθυμίαν
2782 5545 3098 5615 ἐνεποίησεν
3131 5588 3146 5614 ,
3193 5547 3332 5605 ἀλλά
3383 5549 3479 5603 καὶ⁸
3535 5550 3744 5622 σφόδρα

2170 5635 2436 5707 μεγάλην,
2479 5635 2575 5688 καὶ
2616 5634 2694 5706 τῷ
2739 5636 2970 5701 πολλοὺς
3002 5638 3391 5710 ἡμαρτηκέναι
3424 5642 3555 5714 παρ’
3590 5641 3743 5713 ὑμῖν,

2165 5730 2260 5785 καὶ
2312 5728 2388 5801 τῷ
2432 5729 2522 5783 διὰ
2558 5727 2721 5782 τοῦτο
2761 5730 2907 5801 ὑμᾶς
2934 5731 3009 5801 μὴ
3056 5733 3222 5804 όρᾷν·
3250 5732 3606 5804 Φειδόμενος
3636 5733 3746 5806 γὰρ

2166 5823 2348 5893 ἡμῶν,
2392 5822 2591 5878 οὐκέτι
2622 5819 2810 5895 ἦλθον
2826 5828 2915 5892 εἷς
2944 5825 3253 5896 Κόρινθον,
3298 5828 3485 5899 φησίν.
3529 5827 3625 5884 Ἵν⁹
3649 5814 3761 5881 οὖν¹
