  <div class='ocr_page' id='page_1' title='image "/cluster/home/n/w/nwhite01/storage/ocr_20150623/61/hvd.32044054166368/433.png"; bbox 0 0 4098 6222; ppageno 0'>
   <div class='ocr_carea' id='block_1_1' title="bbox 383 351 494 410">
    <p class='ocr_par' dir='ltr' id='par_1_1' title="bbox 383 351 494 410">
     <span class='ocr_line' id='line_1_1' title="bbox 383 351 494 410; baseline -0.018 0"><span class='ocrx_word' id='word_1_1' title='bbox 383 351 494 410; x_wconf 50' lang='lat' dir='ltr'>lli-‘9</span> 
     </span>
    </p>
   </div>
   <div class='ocr_carea' id='block_1_2' title="bbox 383 465 1952 540">
    <p class='ocr_par' dir='ltr' id='par_1_2' title="bbox 383 465 1952 540">
     <span class='ocr_line' id='line_1_2' title="bbox 383 465 1952 540; baseline 0.002 -20"><span class='ocrx_word' id='word_1_2' title='bbox 383 469 459 539; x_wconf 84' lang='grc' dir='ltr'>μὴ</span> <span class='ocrx_word' id='word_1_3' title='bbox 501 467 628 540; x_wconf 72' lang='grc' dir='ltr'>δόξῃ</span> <span class='ocrx_word' id='word_1_4' title='bbox 661 465 1020 538; x_wconf 79' lang='grc' dir='ltr'>ὀλοφύρεσθαι</span> <span class='ocrx_word' id='word_1_5' title='bbox 1068 465 1242 520; x_wconf 87' lang='grc' dir='ltr'>ταῦτα</span> <span class='ocrx_word' id='word_1_6' title='bbox 1284 465 1461 535; x_wconf 83' lang='grc' dir='ltr'>λέγων</span> <span class='ocrx_word' id='word_1_7' title='bbox 1482 507 1496 532; x_wconf 90' lang='grc'>,</span> <span class='ocrx_word' id='word_1_8' title='bbox 1527 467 1744 535; x_wconf 83' lang='grc' dir='ltr'>ἐπάγει,</span> <span class='ocrx_word' id='word_1_9' title='bbox 1774 471 1856 523; x_wconf 83' lang='grc' dir='ltr'>ὅτι</span> <span class='ocrx_word' id='word_1_10' title='bbox 1878 471 1952 523; x_wconf 88' lang='grc' dir='ltr'>Οὐ</span> 
     </span>
    </p>
   </div>
   <div class='ocr_carea' id='block_1_3' title="bbox 381 557 1955 629">
    <p class='ocr_par' dir='ltr' id='par_1_3' title="bbox 381 557 1955 629">
     <span class='ocr_line' id='line_1_3' title="bbox 381 557 1955 629; baseline 0.004 -17"><span class='ocrx_word' id='word_1_11' title='bbox 381 562 543 629; x_wconf 85' lang='grc' dir='ltr'>μόνον</span> <span class='ocrx_word' id='word_1_12' title='bbox 589 576 689 614; x_wconf 88' lang='grc' dir='ltr'>ουκ</span> <span class='ocrx_word' id='word_1_13' title='bbox 721 559 998 628; x_wconf 87' lang='grc' dir='ltr'>ἀλγοῦμεν</span> <span class='ocrx_word' id='word_1_14' title='bbox 1049 560 1106 610; x_wconf 84' lang='grc' dir='ltr'>ἐν</span> <span class='ocrx_word' id='word_1_15' title='bbox 1135 560 1256 622; x_wconf 87' lang='grc' dir='ltr'>ταῖς</span> <span class='ocrx_word' id='word_1_16' title='bbox 1288 557 1502 628; x_wconf 71' lang='grc' dir='ltr'>θλίψεσι</span> <span class='ocrx_word' id='word_1_17' title='bbox 1543 561 1792 626; x_wconf 76' lang='grc' dir='ltr'>ταύταις,</span> <span class='ocrx_word' id='word_1_18' title='bbox 1817 564 1955 618; x_wconf 87' lang='grc' dir='ltr'>ἀλλά</span> 
     </span>
    </p>
   </div>
   <div class='ocr_carea' id='block_1_4' title="bbox 380 648 1954 723">
    <p class='ocr_par' dir='ltr' id='par_1_4' title="bbox 380 648 1954 723">
     <span class='ocr_line' id='line_1_4' title="bbox 380 648 1954 723; baseline 0.003 -20"><span class='ocrx_word' id='word_1_19' title='bbox 380 654 475 703; x_wconf 78' lang='grc' dir='ltr'>καὶ</span> <span class='ocrx_word' id='word_1_20' title='bbox 513 651 775 722; x_wconf 86' lang='grc' dir='ltr'>χαίρομεν</span> <span class='ocrx_word' id='word_1_21' title='bbox 806 667 819 679; x_wconf 91' lang='grc'><strong>·</strong></span> <span class='ocrx_word' id='word_1_22' title='bbox 857 649 950 702; x_wconf 75' lang='grc' dir='ltr'>καὶ</span> <span class='ocrx_word' id='word_1_23' title='bbox 993 648 1054 701; x_wconf 83' lang='grc' dir='ltr'>τὸ</span> <span class='ocrx_word' id='word_1_24' title='bbox 1101 648 1288 718; x_wconf 83' lang='grc' dir='ltr'>μεῖζον</span> <span class='ocrx_word' id='word_1_25' title='bbox 1313 691 1327 713; x_wconf 96' lang='grc'>,</span> <span class='ocrx_word' id='word_1_26' title='bbox 1381 651 1440 704; x_wconf 91' lang='grc' dir='ltr'>οὐ</span> <span class='ocrx_word' id='word_1_27' title='bbox 1498 652 1610 706; x_wconf 87' lang='grc' dir='ltr'>τῶν</span> <span class='ocrx_word' id='word_1_28' title='bbox 1649 653 1954 723; x_wconf 80' lang='grc' dir='ltr'>μελλόντων</span> 
     </span>
    </p>
   </div>
   <div class='ocr_carea' id='block_1_5' title="bbox 376 737 1955 816">
    <p class='ocr_par' dir='ltr' id='par_1_5' title="bbox 376 737 1955 816">
     <span class='ocr_line' id='line_1_5' title="bbox 376 737 1955 816; baseline 0.003 -24"><span class='ocrx_word' id='word_1_29' title='bbox 376 741 562 794; x_wconf 68' lang='grc' dir='ltr'>ἕνεκεν</span> <span class='ocrx_word' id='word_1_30' title='bbox 602 741 760 809; x_wconf 89' lang='grc' dir='ltr'>μόνον</span> <span class='ocrx_word' id='word_1_31' title='bbox 791 737 1063 803; x_wconf 77' lang='grc' dir='ltr'>ἐπάθλων,</span> <span class='ocrx_word' id='word_1_32' title='bbox 1095 739 1233 792; x_wconf 86' lang='grc' dir='ltr'>ἀλλά</span> <span class='ocrx_word' id='word_1_33' title='bbox 1267 741 1360 793; x_wconf 78' lang='grc' dir='ltr'>καὶ</span> <span class='ocrx_word' id='word_1_34' title='bbox 1397 741 1577 796; x_wconf 91' lang='grc' dir='ltr'>αὐτῶν</span> <span class='ocrx_word' id='word_1_35' title='bbox 1605 743 1718 798; x_wconf 90' lang='grc' dir='ltr'>τῶν</span> <span class='ocrx_word' id='word_1_36' title='bbox 1753 747 1955 816; x_wconf 84' lang='grc' dir='ltr'>παρόν-</span> 
     </span>
    </p>
   </div>
   <div class='ocr_carea' id='block_1_6' title="bbox 375 830 1954 906">
    <p class='ocr_par' dir='ltr' id='par_1_6' title="bbox 375 830 1954 906">
     <span class='ocr_line' id='line_1_6' title="bbox 375 830 1954 906; baseline 0.005 -22"><span class='ocrx_word' id='word_1_37' title='bbox 375 849 484 884; x_wconf 86' lang='grc' dir='ltr'>των</span> <span class='ocrx_word' id='word_1_38' title='bbox 511 846 524 862; x_wconf 87' lang='grc'><strong>·</strong></span> <span class='ocrx_word' id='word_1_39' title='bbox 559 832 652 884; x_wconf 67' lang='grc' dir='ltr'>κα)⁸</span> <span class='ocrx_word' id='word_1_40' title='bbox 686 831 794 900; x_wconf 84' lang='grc' dir='ltr'>γὰρ</span> <span class='ocrx_word' id='word_1_41' title='bbox 821 830 1056 885; x_wconf 86' lang='grc' dir='ltr'>ἐνταῦθά</span> <span class='ocrx_word' id='word_1_42' title='bbox 1084 832 1252 902; x_wconf 83' lang='grc' dir='ltr'>ἐσμεν</span> <span class='ocrx_word' id='word_1_43' title='bbox 1274 833 1518 906; x_wconf 81' lang='grc' dir='ltr'>λαμπροὶ</span> <span class='ocrx_word' id='word_1_44' title='bbox 1543 836 1606 888; x_wconf 84' lang='grc' dir='ltr'>ἐκ</span> <span class='ocrx_word' id='word_1_45' title='bbox 1628 836 1833 890; x_wconf 90' lang='grc' dir='ltr'>τούτων</span> <span class='ocrx_word' id='word_1_46' title='bbox 1859 839 1954 892; x_wconf 78' lang='grc' dir='ltr'>καὶ</span> 
     </span>
    </p>
   </div>
   <div class='ocr_carea' id='block_1_7' title="bbox 375 921 1947 999">
    <p class='ocr_par' dir='ltr' id='par_1_7' title="bbox 375 921 1947 999">
     <span class='ocr_line' id='line_1_7' title="bbox 375 921 1947 999; baseline 0.004 -24"><span class='ocrx_word' id='word_1_47' title='bbox 375 924 715 993; x_wconf 87' lang='grc' dir='ltr'>περιφανεῖς.</span> <span class='ocrx_word' id='word_1_48' title='bbox 739 921 1005 975; x_wconf 78' lang='grc' dir='ltr'>Τοσοῦτον</span> <span class='ocrx_word' id='word_1_49' title='bbox 1033 922 1214 977; x_wconf 80' lang='grc' dir='ltr'>τοίνυν</span> <span class='ocrx_word' id='word_1_50' title='bbox 1247 924 1530 997; x_wconf 83' lang='grc' dir='ltr'>ἀπέχομεν</span> <span class='ocrx_word' id='word_1_51' title='bbox 1559 925 1655 980; x_wconf 87' lang='grc' dir='ltr'>τοῦ</span> <span class='ocrx_word' id='word_1_52' title='bbox 1691 927 1910 999; x_wconf 82' lang='grc' dir='ltr'>θρηνεῖν</span> <span class='ocrx_word' id='word_1_53' title='bbox 1932 969 1947 994; x_wconf 94' lang='grc'>,</span> 
     </span>
    </p>
   </div>
   <div class='ocr_carea' id='block_1_8' title="bbox 374 1012 1952 1087">
    <p class='ocr_par' dir='ltr' id='par_1_8' title="bbox 374 1012 1952 1087">
     <span class='ocr_line' id='line_1_8' title="bbox 374 1012 1952 1087; baseline 0.004 -21"><span class='ocrx_word' id='word_1_54' title='bbox 374 1016 456 1066; x_wconf 84' lang='grc' dir='ltr'>ὅτι</span> <span class='ocrx_word' id='word_1_55' title='bbox 487 1013 582 1067; x_wconf 75' lang='grc' dir='ltr'>καὶ</span> <span class='ocrx_word' id='word_1_56' title='bbox 620 1012 889 1085; x_wconf 74' lang='grc' dir='ltr'>θρίαμϐον</span> <span class='ocrx_word' id='word_1_57' title='bbox 922 1013 982 1066; x_wconf 80' lang='grc' dir='ltr'>τὸ</span> <span class='ocrx_word' id='word_1_58' title='bbox 1027 1015 1262 1086; x_wconf 84' lang='grc' dir='ltr'>πρᾶγμα</span> <span class='ocrx_word' id='word_1_59' title='bbox 1285 1016 1580 1087; x_wconf 81' lang='grc' dir='ltr'>καλοῦμεν,</span> <span class='ocrx_word' id='word_1_60' title='bbox 1618 1017 1713 1070; x_wconf 74' lang='grc' dir='ltr'>καὶ</span> <span class='ocrx_word' id='word_1_61' title='bbox 1751 1020 1952 1087; x_wconf 77' lang='grc' dir='ltr'>ἐγκαλο</span> 
     </span>
    </p>
   </div>
   <div class='ocr_carea' id='block_1_9' title="bbox 372 1104 1950 1178">
    <p class='ocr_par' dir='ltr' id='par_1_9' title="bbox 372 1104 1950 1178">
     <span class='ocr_line' id='line_1_9' title="bbox 372 1104 1950 1178; baseline 0.006 -22"><span class='ocrx_word' id='word_1_62' title='bbox 372 1104 727 1174; x_wconf 82' lang='grc' dir='ltr'>λωπιζόμεθα</span> <span class='ocrx_word' id='word_1_63' title='bbox 767 1105 881 1167; x_wconf 86' lang='grc' dir='ltr'>τοῖς</span> <span class='ocrx_word' id='word_1_64' title='bbox 947 1105 1274 1176; x_wconf 88' lang='grc' dir='ltr'>γινομένοις.</span> <span class='ocrx_word' id='word_1_65' title='bbox 1299 1108 1390 1161; x_wconf 79' lang='grc' dir='ltr'>Διὸ</span> <span class='ocrx_word' id='word_1_66' title='bbox 1423 1109 1518 1162; x_wconf 69' lang='grc' dir='ltr'>καὶ</span> <span class='ocrx_word' id='word_1_67' title='bbox 1553 1107 1729 1178; x_wconf 75' lang='grc' dir='ltr'>ἔλεγε,</span> <span class='ocrx_word' id='word_1_68' title='bbox 1769 1109 1852 1175; x_wconf 84' lang='grc' dir='ltr'>Τῷ</span> <span class='ocrx_word' id='word_1_69' title='bbox 1881 1111 1950 1167; x_wconf 81' lang='grc' dir='ltr'>δὲ</span> 
     </span>
    </p>
   </div>
   <div class='ocr_carea' id='block_1_10' title="bbox 372 1195 1944 1269">
    <p class='ocr_par' dir='ltr' id='par_1_10' title="bbox 372 1195 1944 1269">
     <span class='ocr_line' id='line_1_10' title="bbox 372 1195 1944 1269; baseline 0.003 -19"><span class='ocrx_word' id='word_1_70' title='bbox 372 1196 498 1263; x_wconf 84' lang='grc' dir='ltr'>Θεῷ</span> <span class='ocrx_word' id='word_1_71' title='bbox 528 1196 701 1265; x_wconf 82' lang='grc' dir='ltr'>χάρις</span> <span class='ocrx_word' id='word_1_72' title='bbox 730 1195 811 1260; x_wconf 83' lang='grc' dir='ltr'>τῷ</span> <span class='ocrx_word' id='word_1_73' title='bbox 831 1195 1089 1249; x_wconf 78' lang='grc' dir='ltr'>πάντοτε</span> <span class='ocrx_word' id='word_1_74' title='bbox 1119 1195 1279 1266; x_wconf 73' lang='grc' dir='ltr'>ἡμᾶς</span> <span class='ocrx_word' id='word_1_75' title='bbox 1313 1201 1716 1269; x_wconf 80' lang='grc' dir='ltr'>θριαμϐεύοντι</span> <span class='ocrx_word' id='word_1_76' title='bbox 1745 1215 1760 1233; x_wconf 84' lang='grc'><strong>⁸</strong></span> <span class='ocrx_word' id='word_1_77' title='bbox 1786 1220 1944 1256; x_wconf 79' lang='grc' dir='ltr'>τουτ-</span> 
     </span>
    </p>
   </div>
   <div class='ocr_carea' id='block_1_11' title="bbox 367 1287 1950 1364">
    <p class='ocr_par' dir='ltr' id='par_1_11' title="bbox 367 1287 1950 1364">
     <span class='ocr_line' id='line_1_11' title="bbox 367 1287 1950 1364; baseline 0.004 -22"><span class='ocrx_word' id='word_1_78' title='bbox 367 1290 523 1352; x_wconf 83' lang='grc' dir='ltr'>ἐστι,</span> <span class='ocrx_word' id='word_1_79' title='bbox 589 1287 671 1357; x_wconf 83' lang='grc' dir='ltr'>τῷ</span> <span class='ocrx_word' id='word_1_80' title='bbox 719 1288 854 1340; x_wconf 80' lang='grc' dir='ltr'>πᾶσι</span> <span class='ocrx_word' id='word_1_81' title='bbox 899 1287 1146 1342; x_wconf 77' lang='grc' dir='ltr'>ποιοῦντι</span> <span class='ocrx_word' id='word_1_82' title='bbox 1192 1294 1533 1360; x_wconf 87' lang='grc' dir='ltr'>περιφανεῖς.</span> <span class='ocrx_word' id='word_1_83' title='bbox 1569 1295 1635 1346; x_wconf 89' lang='grc' dir='ltr'><strong>Ὃ</strong></span> <span class='ocrx_word' id='word_1_84' title='bbox 1667 1293 1950 1364; x_wconf 75' lang='grc' dir='ltr'>γάρδοκεῖ</span> 
     </span>
    </p>
   </div>
   <div class='ocr_carea' id='block_1_12' title="bbox 371 1377 1948 1456">
    <p class='ocr_par' dir='ltr' id='par_1_12' title="bbox 371 1377 1948 1456">
     <span class='ocr_line' id='line_1_12' title="bbox 371 1377 1948 1456; baseline 0.003 -22"><span class='ocrx_word' id='word_1_85' title='bbox 371 1378 512 1434; x_wconf 71' lang='grc' dir='ltr'>εἶναι</span> <span class='ocrx_word' id='word_1_86' title='bbox 552 1378 811 1449; x_wconf 81' lang='grc' dir='ltr'>ἀτιμίας,</span> <span class='ocrx_word' id='word_1_87' title='bbox 837 1377 896 1432; x_wconf 78' lang='grc' dir='ltr'>τὸ</span> <span class='ocrx_word' id='word_1_88' title='bbox 926 1379 1191 1433; x_wconf 80' lang='grc' dir='ltr'>πάντοθεν</span> <span class='ocrx_word' id='word_1_89' title='bbox 1219 1381 1560 1448; x_wconf 83' lang='grc' dir='ltr'>ἐλαύνεσθαι,</span> <span class='ocrx_word' id='word_1_90' title='bbox 1586 1383 1744 1437; x_wconf 88' lang='grc' dir='ltr'>τοῦτο</span> <span class='ocrx_word' id='word_1_91' title='bbox 1781 1389 1948 1456; x_wconf 81' lang='grc' dir='ltr'>τιμῆς</span> 
     </span>
    </p>
   </div>
   <div class='ocr_carea' id='block_1_13' title="bbox 366 1467 1944 1548">
    <p class='ocr_par' dir='ltr' id='par_1_13' title="bbox 366 1467 1944 1548">
     <span class='ocr_line' id='line_1_13' title="bbox 366 1467 1944 1548; baseline 0.004 -23"><span class='ocrx_word' id='word_1_92' title='bbox 366 1475 498 1543; x_wconf 86' lang='grc' dir='ltr'>ήμῖν</span> <span class='ocrx_word' id='word_1_93' title='bbox 528 1467 668 1525; x_wconf 84' lang='grc' dir='ltr'>εἶναι</span> <span class='ocrx_word' id='word_1_94' title='bbox 698 1471 946 1540; x_wconf 84' lang='grc' dir='ltr'>φαίνεται</span> <span class='ocrx_word' id='word_1_95' title='bbox 977 1472 1258 1543; x_wconf 88' lang='grc' dir='ltr'>μεγίστης.</span> <span class='ocrx_word' id='word_1_96' title='bbox 1287 1473 1379 1527; x_wconf 75' lang='grc' dir='ltr'>Διὸ</span> <span class='ocrx_word' id='word_1_97' title='bbox 1406 1475 1514 1529; x_wconf 90' lang='grc' dir='ltr'>οὐκ</span> <span class='ocrx_word' id='word_1_98' title='bbox 1536 1474 1654 1530; x_wconf 89' lang='grc' dir='ltr'>εἷπε</span> <span class='ocrx_word' id='word_1_99' title='bbox 1675 1517 1689 1542; x_wconf 95' lang='grc'>,</span> <span class='ocrx_word' id='word_1_100' title='bbox 1725 1477 1815 1548; x_wconf 88' lang='grc' dir='ltr'>Τῷ</span> <span class='ocrx_word' id='word_1_101' title='bbox 1844 1495 1944 1532; x_wconf 84' lang='grc' dir='ltr'>κα·-</span> 
     </span>
    </p>
   </div>
   <div class='ocr_carea' id='block_1_14' title="bbox 365 1562 1942 1636">
    <p class='ocr_par' dir='ltr' id='par_1_14' title="bbox 365 1562 1942 1636">
     <span class='ocr_line' id='line_1_14' title="bbox 365 1562 1942 1636; baseline 0.002 -18"><span class='ocrx_word' id='word_1_102' title='bbox 365 1565 630 1636; x_wconf 79' lang='grc' dir='ltr'>ταδήλους</span> <span class='ocrx_word' id='word_1_103' title='bbox 651 1562 914 1626; x_wconf 77' lang='grc' dir='ltr'>ποιοῦντι,</span> <span class='ocrx_word' id='word_1_104' title='bbox 935 1563 1093 1631; x_wconf 86' lang='grc' dir='ltr'>ἀλλά,</span> <span class='ocrx_word' id='word_1_105' title='bbox 1124 1564 1208 1630; x_wconf 84' lang='grc' dir='ltr'>Τῷ</span> <span class='ocrx_word' id='word_1_106' title='bbox 1237 1567 1676 1634; x_wconf 77' lang='grc' dir='ltr'>θριαμϐεύοντι·</span> <span class='ocrx_word' id='word_1_107' title='bbox 1707 1567 1942 1633; x_wconf 77' lang='grc' dir='ltr'>δεικνὺς,</span> 
     </span>
    </p>
   </div>
   <div class='ocr_carea' id='block_1_15' title="bbox 364 1647 1944 1727">
    <p class='ocr_par' dir='ltr' id='par_1_15' title="bbox 364 1647 1944 1727">
     <span class='ocr_line' id='line_1_15' title="bbox 364 1647 1944 1727; baseline 0.002 -17"><span class='ocrx_word' id='word_1_108' title='bbox 364 1658 448 1710; x_wconf 79' lang='grc' dir='ltr'>δτι</span> <span class='ocrx_word' id='word_1_109' title='bbox 479 1658 528 1710; x_wconf 84' lang='grc' dir='ltr'>οἱ</span> <span class='ocrx_word' id='word_1_110' title='bbox 569 1655 800 1726; x_wconf 77' lang='grc' dir='ltr'>διωγμοὶ</span> <span class='ocrx_word' id='word_1_111' title='bbox 846 1647 996 1708; x_wconf 79' lang='grc' dir='ltr'>οῦτοι</span> <span class='ocrx_word' id='word_1_112' title='bbox 1036 1655 1278 1726; x_wconf 84' lang='grc' dir='ltr'>τρόπαια</span> <span class='ocrx_word' id='word_1_113' title='bbox 1309 1661 1508 1727; x_wconf 86' lang='grc' dir='ltr'>συνεχῆ</span> <span class='ocrx_word' id='word_1_114' title='bbox 1541 1657 1684 1711; x_wconf 88' lang='grc' dir='ltr'>κατά</span> <span class='ocrx_word' id='word_1_115' title='bbox 1706 1657 1800 1712; x_wconf 89' lang='grc' dir='ltr'>τοῦ</span> <span class='ocrx_word' id='word_1_116' title='bbox 1831 1660 1944 1714; x_wconf 88' lang='grc' dir='ltr'>δια-</span> 
     </span>
    </p>
   </div>
   <div class='ocr_carea' id='block_1_16' title="bbox 366 1746 1942 1821">
    <p class='ocr_par' dir='ltr' id='par_1_16' title="bbox 366 1746 1942 1821">
     <span class='ocr_line' id='line_1_16' title="bbox 366 1746 1942 1821; baseline 0.003 -21"><span class='ocrx_word' id='word_1_117' title='bbox 366 1749 527 1801; x_wconf 74' lang='grc' dir='ltr'>δόλου</span> <span class='ocrx_word' id='word_1_118' title='bbox 574 1747 856 1817; x_wconf 85' lang='grc' dir='ltr'>πανταχοῦ</span> <span class='ocrx_word' id='word_1_119' title='bbox 889 1748 992 1817; x_wconf 81' lang='grc' dir='ltr'>τῆς</span> <span class='ocrx_word' id='word_1_120' title='bbox 1036 1748 1140 1817; x_wconf 77' lang='grc' dir='ltr'>γῆς</span> <span class='ocrx_word' id='word_1_121' title='bbox 1172 1749 1485 1804; x_wconf 86' lang='grc' dir='ltr'>ἀνιστῶσιν.</span> <span class='ocrx_word' id='word_1_122' title='bbox 1515 1746 1648 1804; x_wconf 77' lang='grc' dir='ltr'>Εῖτα</span> <span class='ocrx_word' id='word_1_123' title='bbox 1686 1751 1822 1821; x_wconf 86' lang='grc' dir='ltr'>μετά</span> <span class='ocrx_word' id='word_1_124' title='bbox 1847 1751 1942 1804; x_wconf 89' lang='grc' dir='ltr'>τοῦ</span> 
     </span>
    </p>
   </div>
   <div class='ocr_carea' id='block_1_17' title="bbox 365 1837 1942 1913">
    <p class='ocr_par' dir='ltr' id='par_1_17' title="bbox 365 1837 1942 1913">
     <span class='ocr_line' id='line_1_17' title="bbox 365 1837 1942 1913; baseline 0.005 -24"><span class='ocrx_word' id='word_1_125' title='bbox 365 1838 802 1910; x_wconf 75' lang='grc' dir='ltr'>θριαμϐεύοντος</span> <span class='ocrx_word' id='word_1_126' title='bbox 840 1837 955 1902; x_wconf 73' lang='grc' dir='ltr'>θεὶς</span> <span class='ocrx_word' id='word_1_127' title='bbox 979 1839 1074 1892; x_wconf 80' lang='grc' dir='ltr'>καὶ</span> <span class='ocrx_word' id='word_1_128' title='bbox 1108 1838 1207 1910; x_wconf 83' lang='grc' dir='ltr'>τὴν</span> <span class='ocrx_word' id='word_1_129' title='bbox 1235 1839 1510 1904; x_wconf 81' lang='grc' dir='ltr'>ὑπόθεσιν,</span> <span class='ocrx_word' id='word_1_130' title='bbox 1538 1841 1786 1913; x_wconf 91' lang='grc' dir='ltr'>ἀνίστησι</span> <span class='ocrx_word' id='word_1_131' title='bbox 1812 1843 1942 1897; x_wconf 86' lang='grc' dir='ltr'>κάν-</span> 
     </span>
    </p>
   </div>
   <div class='ocr_carea' id='block_1_18' title="bbox 363 1929 1940 2006">
    <p class='ocr_par' dir='ltr' id='par_1_18' title="bbox 363 1929 1940 2006">
     <span class='ocr_line' id='line_1_18' title="bbox 363 1929 1940 2006; baseline 0.003 -22"><span class='ocrx_word' id='word_1_132' title='bbox 363 1930 550 1984; x_wconf 85' lang='grc' dir='ltr'>τεῦθεν</span> <span class='ocrx_word' id='word_1_133' title='bbox 565 1930 655 1983; x_wconf 81' lang='grc' dir='ltr'>τὸν</span> <span class='ocrx_word' id='word_1_134' title='bbox 675 1930 1053 2001; x_wconf 89' lang='grc' dir='ltr'>ἀκροατήν.οὐ</span> <span class='ocrx_word' id='word_1_135' title='bbox 1072 1929 1178 2002; x_wconf 87' lang='grc' dir='ltr'>γὰρ</span> <span class='ocrx_word' id='word_1_136' title='bbox 1194 1931 1352 2001; x_wconf 82' lang='grc' dir='ltr'>μόνον</span> <span class='ocrx_word' id='word_1_137' title='bbox 1366 1931 1469 1985; x_wconf 80' lang='grc' dir='ltr'>ὐπὸ</span> <span class='ocrx_word' id='word_1_138' title='bbox 1484 1931 1578 1986; x_wconf 88' lang='grc' dir='ltr'>τοῦ</span> <span class='ocrx_word' id='word_1_139' title='bbox 1595 1933 1729 1988; x_wconf 85' lang='grc' dir='ltr'>Θεοῦ</span> <span class='ocrx_word' id='word_1_140' title='bbox 1743 1933 1940 2006; x_wconf 89' lang='grc' dir='ltr'>θριαμ-</span> 
     </span>
    </p>
   </div>
   <div class='ocr_carea' id='block_1_19' title="bbox 362 2020 1940 2094">
    <p class='ocr_par' dir='ltr' id='par_1_19' title="bbox 362 2020 1940 2094">
     <span class='ocr_line' id='line_1_19' title="bbox 362 2020 1940 2094; baseline 0.003 -20"><span class='ocrx_word' id='word_1_141' title='bbox 362 2020 634 2092; x_wconf 73' lang='grc' dir='ltr'>ϐευόμεθα</span> <span class='ocrx_word' id='word_1_142' title='bbox 662 2060 677 2086; x_wconf 95' lang='grc'>,</span> <span class='ocrx_word' id='word_1_143' title='bbox 707 2020 846 2074; x_wconf 88' lang='grc' dir='ltr'>ἀλλά</span> <span class='ocrx_word' id='word_1_144' title='bbox 884 2022 978 2076; x_wconf 76' lang='grc' dir='ltr'>καὶ</span> <span class='ocrx_word' id='word_1_145' title='bbox 1019 2021 1077 2075; x_wconf 80' lang='grc' dir='ltr'>ἐν</span> <span class='ocrx_word' id='word_1_146' title='bbox 1129 2020 1357 2094; x_wconf 84' lang='grc' dir='ltr'>Χριστῷ</span> <span class='ocrx_word' id='word_1_147' title='bbox 1379 2037 1393 2052; x_wconf 76' lang='grc' dir='ltr'><strong>ο</strong></span> <span class='ocrx_word' id='word_1_148' title='bbox 1423 2021 1706 2089; x_wconf 88' lang='grc' dir='ltr'>τουτέστι,</span> <span class='ocrx_word' id='word_1_149' title='bbox 1731 2024 1818 2078; x_wconf 86' lang='grc' dir='ltr'>διά</span> <span class='ocrx_word' id='word_1_150' title='bbox 1850 2026 1940 2079; x_wconf 82' lang='grc' dir='ltr'>τὸν</span> 
     </span>
    </p>
   </div>
   <div class='ocr_carea' id='block_1_20' title="bbox 360 2111 1939 2185">
    <p class='ocr_par' dir='ltr' id='par_1_20' title="bbox 360 2111 1939 2185">
     <span class='ocr_line' id='line_1_20' title="bbox 360 2111 1939 2185; baseline 0.004 -21"><span class='ocrx_word' id='word_1_151' title='bbox 360 2111 597 2182; x_wconf 67' lang='grc' dir='ltr'>Χριστὸν</span> <span class='ocrx_word' id='word_1_152' title='bbox 636 2112 730 2165; x_wconf 73' lang='grc' dir='ltr'>καὶ</span> <span class='ocrx_word' id='word_1_153' title='bbox 762 2111 824 2164; x_wconf 85' lang='grc' dir='ltr'>τὸ</span> <span class='ocrx_word' id='word_1_154' title='bbox 845 2111 1129 2182; x_wconf 86' lang='grc' dir='ltr'>κήρυγμα.</span> <span class='ocrx_word' id='word_1_155' title='bbox 1171 2111 1423 2166; x_wconf 77' lang='grc' dir='ltr'>Ἐπειδὰν</span> <span class='ocrx_word' id='word_1_156' title='bbox 1445 2111 1550 2184; x_wconf 78' lang='grc' dir='ltr'>γὰρ</span> <span class='ocrx_word' id='word_1_157' title='bbox 1577 2112 1939 2185; x_wconf 79' lang='grc' dir='ltr'>θριαμϐεῦσαι</span> 
     </span>
    </p>
   </div>
   <div class='ocr_carea' id='block_1_21' title="bbox 357 2202 1938 2278">
    <p class='ocr_par' dir='ltr' id='par_1_21' title="bbox 357 2202 1938 2278">
     <span class='ocr_line' id='line_1_21' title="bbox 357 2202 1938 2278; baseline 0.003 -23"><span class='ocrx_word' id='word_1_158' title='bbox 357 2203 475 2276; x_wconf 86' lang='grc' dir='ltr'>δέῃ,</span> <span class='ocrx_word' id='word_1_159' title='bbox 519 2202 735 2270; x_wconf 82' lang='grc' dir='ltr'>ἀνάγκη</span> <span class='ocrx_word' id='word_1_160' title='bbox 777 2203 928 2255; x_wconf 74' lang='grc' dir='ltr'>πᾶσα</span> <span class='ocrx_word' id='word_1_161' title='bbox 969 2203 1064 2255; x_wconf 77' lang='grc' dir='ltr'>καὶ</span> <span class='ocrx_word' id='word_1_162' title='bbox 1115 2203 1263 2273; x_wconf 78' lang='grc' dir='ltr'>ἡμᾶς</span> <span class='ocrx_word' id='word_1_163' title='bbox 1290 2203 1415 2267; x_wconf 84' lang='grc' dir='ltr'>τούς</span> <span class='ocrx_word' id='word_1_164' title='bbox 1447 2203 1707 2274; x_wconf 91' lang='grc' dir='ltr'>φέροντας</span> <span class='ocrx_word' id='word_1_165' title='bbox 1729 2205 1790 2258; x_wconf 83' lang='grc' dir='ltr'>τὸ</span> <span class='ocrx_word' id='word_1_166' title='bbox 1811 2208 1938 2278; x_wconf 81' lang='grc' dir='ltr'>τρό-</span> 
     </span>
    </p>
   </div>
   <div class='ocr_carea' id='block_1_22' title="bbox 359 2289 1934 2368">
    <p class='ocr_par' dir='ltr' id='par_1_22' title="bbox 359 2289 1934 2368">
     <span class='ocr_line' id='line_1_22' title="bbox 359 2289 1934 2368; baseline 0.004 -22"><span class='ocrx_word' id='word_1_167' title='bbox 359 2311 524 2348; x_wconf 88' lang='grc' dir='ltr'>παιον</span> <span class='ocrx_word' id='word_1_168' title='bbox 583 2293 920 2364; x_wconf 77' lang='grc' dir='ltr'>καταδήλους</span> <span class='ocrx_word' id='word_1_169' title='bbox 949 2289 1110 2360; x_wconf 78' lang='grc' dir='ltr'>εἶναι,</span> <span class='ocrx_word' id='word_1_170' title='bbox 1136 2294 1326 2366; x_wconf 83' lang='grc' dir='ltr'>ἐπειδὴ</span> <span class='ocrx_word' id='word_1_171' title='bbox 1354 2295 1518 2350; x_wconf 80' lang='grc' dir='ltr'>αὐτὸν</span> <span class='ocrx_word' id='word_1_172' title='bbox 1555 2295 1895 2368; x_wconf 80' lang='grc' dir='ltr'>βαστάζομεν</span> <span class='ocrx_word' id='word_1_173' title='bbox 1919 2337 1934 2352; x_wconf 95' lang='grc'>.</span> 
     </span>
    </p>
   </div>
   <div class='ocr_carea' id='block_1_23' title="bbox 357 2385 1937 2458">
    <p class='ocr_par' dir='ltr' id='par_1_23' title="bbox 357 2385 1937 2458">
     <span class='ocr_line' id='line_1_23' title="bbox 357 2385 1937 2458; baseline 0.001 -16"><span class='ocrx_word' id='word_1_174' title='bbox 357 2387 456 2442; x_wconf 83' lang='grc' dir='ltr'>Διά</span> <span class='ocrx_word' id='word_1_175' title='bbox 477 2385 635 2440; x_wconf 86' lang='grc' dir='ltr'>τοῦτο</span> <span class='ocrx_word' id='word_1_176' title='bbox 689 2385 1046 2457; x_wconf 78' lang='grc' dir='ltr'>περίϐλεπτοί</span> <span class='ocrx_word' id='word_1_177' title='bbox 1095 2388 1286 2457; x_wconf 88' lang='grc' dir='ltr'>ἐσμεν,</span> <span class='ocrx_word' id='word_1_178' title='bbox 1337 2387 1434 2440; x_wconf 71' lang='grc' dir='ltr'>καὶ</span> <span class='ocrx_word' id='word_1_179' title='bbox 1463 2391 1802 2458; x_wconf 81' lang='grc' dir='ltr'>περιφανεῖς.</span> <span class='ocrx_word' id='word_1_180' title='bbox 1828 2389 1937 2443; x_wconf 81' lang='grc' dir='ltr'>Καὶ</span> 
     </span>
    </p>
   </div>
   <div class='ocr_carea' id='block_1_24' title="bbox 356 2475 1935 2546">
    <p class='ocr_par' dir='ltr' id='par_1_24' title="bbox 356 2475 1935 2546">
     <span class='ocr_line' id='line_1_24' title="bbox 356 2475 1935 2546; baseline 0.002 -17"><span class='ocrx_word' id='word_1_181' title='bbox 356 2481 473 2544; x_wconf 70' lang='grc' dir='ltr'>τὴν</span> <span class='ocrx_word' id='word_1_182' title='bbox 513 2475 715 2546; x_wconf 71' lang='grc' dir='ltr'>ὀσμὴν</span> <span class='ocrx_word' id='word_1_183' title='bbox 755 2475 866 2545; x_wconf 81' lang='grc' dir='ltr'>τῆς</span> <span class='ocrx_word' id='word_1_184' title='bbox 909 2476 1186 2546; x_wconf 74' lang='grc' dir='ltr'>γνώσεως</span> <span class='ocrx_word' id='word_1_185' title='bbox 1244 2477 1432 2532; x_wconf 79' lang='grc' dir='ltr'>αὐτοῦ</span> <span class='ocrx_word' id='word_1_186' title='bbox 1474 2476 1834 2546; x_wconf 72' lang='grc' dir='ltr'>φανεροῦντι</span> <span class='ocrx_word' id='word_1_187' title='bbox 1859 2478 1935 2532; x_wconf 81' lang='grc' dir='ltr'>δι’</span> 
     </span>
    </p>
   </div>
   <div class='ocr_carea' id='block_1_25' title="bbox 357 2565 1037 2637">
    <p class='ocr_par' dir='ltr' id='par_1_25' title="bbox 357 2565 1037 2637">
     <span class='ocr_line' id='line_1_25' title="bbox 357 2565 1037 2637; baseline -0.006 -14"><span class='ocrx_word' id='word_1_188' title='bbox 357 2568 528 2637; x_wconf 70' lang='grc' dir='ltr'>ἡμῶν</span> <span class='ocrx_word' id='word_1_189' title='bbox 548 2568 618 2621; x_wconf 85' lang='grc' dir='ltr'>ἐν</span> <span class='ocrx_word' id='word_1_190' title='bbox 653 2565 831 2621; x_wconf 74' lang='grc' dir='ltr'>παντί</span> <span class='ocrx_word' id='word_1_191' title='bbox 857 2569 1037 2630; x_wconf 80' lang='grc' dir='ltr'>τόπῳ.</span> 
     </span>
    </p>
   </div>
   <div class='ocr_carea' id='block_1_26' title="bbox 427 2776 1936 2852">
    <p class='ocr_par' dir='ltr' id='par_1_26' title="bbox 427 2776 1936 2852">
     <span class='ocr_line' id='line_1_26' title="bbox 427 2776 1936 2852; baseline -0.001 -16"><span class='ocrx_word' id='word_1_192' title='bbox 427 2781 494 2852; x_wconf 80' lang='grc' dir='ltr'>β’.</span> <span class='ocrx_word' id='word_1_193' title='bbox 513 2782 660 2834; x_wconf 79' lang='grc' dir='ltr'>Ἀνω</span> <span class='ocrx_word' id='word_1_194' title='bbox 681 2776 824 2845; x_wconf 88' lang='grc' dir='ltr'>εἷπε,</span> <span class='ocrx_word' id='word_1_195' title='bbox 845 2781 1107 2834; x_wconf 78' lang='grc' dir='ltr'>Πάντοτε</span> <span class='ocrx_word' id='word_1_196' title='bbox 1124 2781 1552 2850; x_wconf 81' lang='grc' dir='ltr'>θριαμϐεύοντι,</span> <span class='ocrx_word' id='word_1_197' title='bbox 1569 2781 1821 2847; x_wconf 86' lang='grc' dir='ltr'>ἐνταῦθα,</span> <span class='ocrx_word' id='word_1_198' title='bbox 1840 2781 1936 2835; x_wconf 82' lang='grc' dir='ltr'>Ἐν</span> 
     </span>
    </p>
   </div>
   <div class='ocr_carea' id='block_1_27' title="bbox 355 2871 1933 2943">
    <p class='ocr_par' dir='ltr' id='par_1_27' title="bbox 355 2871 1933 2943">
     <span class='ocr_line' id='line_1_27' title="bbox 355 2871 1933 2943; baseline 0 -17"><span class='ocrx_word' id='word_1_199' title='bbox 355 2872 532 2926; x_wconf 77' lang='grc' dir='ltr'>παντὶ</span> <span class='ocrx_word' id='word_1_200' title='bbox 555 2872 736 2937; x_wconf 83' lang='grc' dir='ltr'>τόπῳ,</span> <span class='ocrx_word' id='word_1_201' title='bbox 771 2872 902 2943; x_wconf 89' lang='grc' dir='ltr'>φησί</span> <span class='ocrx_word' id='word_1_202' title='bbox 925 2889 938 2902; x_wconf 76' lang='grc' dir='ltr'><strong>ο</strong></span> <span class='ocrx_word' id='word_1_203' title='bbox 969 2871 1182 2935; x_wconf 78' lang='grc' dir='ltr'>δεικνὺς</span> <span class='ocrx_word' id='word_1_204' title='bbox 1202 2873 1284 2926; x_wconf 86' lang='grc' dir='ltr'>ὃτι</span> <span class='ocrx_word' id='word_1_205' title='bbox 1317 2873 1409 2926; x_wconf 75' lang='grc' dir='ltr'>καὶ</span> <span class='ocrx_word' id='word_1_206' title='bbox 1438 2872 1600 2936; x_wconf 87' lang='grc' dir='ltr'>τόπος</span> <span class='ocrx_word' id='word_1_207' title='bbox 1625 2874 1717 2926; x_wconf 83' lang='grc' dir='ltr'>καὶ</span> <span class='ocrx_word' id='word_1_208' title='bbox 1741 2871 1933 2943; x_wconf 78' lang='grc' dir='ltr'>καιρὸς</span> 
     </span>
    </p>
   </div>
   <div class='ocr_carea' id='block_1_28' title="bbox 354 2962 1933 3035">
    <p class='ocr_par' dir='ltr' id='par_1_28' title="bbox 354 2962 1933 3035">
     <span class='ocr_line' id='line_1_28' title="bbox 354 2962 1933 3035; baseline -0.002 -15"><span class='ocrx_word' id='word_1_209' title='bbox 354 2967 462 3029; x_wconf 74' lang='grc' dir='ltr'>πᾶς</span> <span class='ocrx_word' id='word_1_210' title='bbox 493 2963 602 3017; x_wconf 89' lang='grc' dir='ltr'>τῶν</span> <span class='ocrx_word' id='word_1_211' title='bbox 631 2963 808 3019; x_wconf 81' lang='grc' dir='ltr'>ἄθλων</span> <span class='ocrx_word' id='word_1_212' title='bbox 836 2963 1221 3035; x_wconf 76' lang='grc' dir='ltr'>ἐμπέπλησται</span> <span class='ocrx_word' id='word_1_213' title='bbox 1254 2962 1363 3016; x_wconf 90' lang='grc' dir='ltr'>τῶν</span> <span class='ocrx_word' id='word_1_214' title='bbox 1393 2964 1786 3018; x_wconf 88' lang='grc' dir='ltr'>ἀποστολικῶν.</span> <span class='ocrx_word' id='word_1_215' title='bbox 1824 2965 1933 3018; x_wconf 80' lang='grc' dir='ltr'>Καὶ</span> 
     </span>
    </p>
   </div>
   <div class='ocr_carea' id='block_1_29' title="bbox 357 3055 1929 3129">
    <p class='ocr_par' dir='ltr' id='par_1_29' title="bbox 357 3055 1929 3129">
     <span class='ocr_line' id='line_1_29' title="bbox 357 3055 1929 3129; baseline -0.001 -18"><span class='ocrx_word' id='word_1_216' title='bbox 357 3057 518 3129; x_wconf 78' lang='grc' dir='ltr'>ἑτέρᾳ</span> <span class='ocrx_word' id='word_1_217' title='bbox 567 3055 730 3110; x_wconf 88' lang='grc' dir='ltr'>πάλιν</span> <span class='ocrx_word' id='word_1_218' title='bbox 772 3055 1037 3127; x_wconf 83' lang='grc' dir='ltr'>κέχρηται</span> <span class='ocrx_word' id='word_1_219' title='bbox 1081 3057 1367 3128; x_wconf 77' lang='grc' dir='ltr'>μεταφορᾷ</span> <span class='ocrx_word' id='word_1_220' title='bbox 1407 3057 1472 3126; x_wconf 81' lang='grc' dir='ltr'>τῇ</span> <span class='ocrx_word' id='word_1_221' title='bbox 1526 3055 1625 3126; x_wconf 78' lang='grc' dir='ltr'>τῆς</span> <span class='ocrx_word' id='word_1_222' title='bbox 1683 3055 1929 3119; x_wconf 77' lang='grc' dir='ltr'>εὐωδίας.</span> 
     </span>
    </p>
   </div>
   <div class='ocr_carea' id='block_1_30' title="bbox 353 3145 1932 3222">
    <p class='ocr_par' dir='ltr' id='par_1_30' title="bbox 353 3145 1932 3222">
     <span class='ocr_line' id='line_1_30' title="bbox 353 3145 1932 3222; baseline -0.004 -16"><span class='ocrx_word' id='word_1_223' title='bbox 353 3149 619 3222; x_wconf 79' lang='grc' dir='ltr'>Καθάπερ</span> <span class='ocrx_word' id='word_1_224' title='bbox 648 3147 758 3221; x_wconf 76' lang='grc' dir='ltr'>γὰρ</span> <span class='ocrx_word' id='word_1_225' title='bbox 794 3147 966 3220; x_wconf 87' lang='grc' dir='ltr'>μύρον</span> <span class='ocrx_word' id='word_1_226' title='bbox 989 3147 1368 3219; x_wconf 78' lang='grc' dir='ltr'>βαστάζοντες,</span> <span class='ocrx_word' id='word_1_227' title='bbox 1393 3145 1535 3201; x_wconf 78' lang='grc' dir='ltr'>οὓτω</span> <span class='ocrx_word' id='word_1_228' title='bbox 1569 3147 1734 3200; x_wconf 87' lang='grc' dir='ltr'>πᾶσίν</span> <span class='ocrx_word' id='word_1_229' title='bbox 1765 3145 1932 3218; x_wconf 87' lang='grc' dir='ltr'>ἐσμεν</span> 
     </span>
    </p>
   </div>
   <div class='ocr_carea' id='block_1_31' title="bbox 351 3234 1931 3308">
    <p class='ocr_par' dir='ltr' id='par_1_31' title="bbox 351 3234 1931 3308">
     <span class='ocr_line' id='line_1_31' title="bbox 351 3234 1931 3308; baseline -0.004 -14"><span class='ocrx_word' id='word_1_230' title='bbox 351 3237 666 3308; x_wconf 82' lang='grc' dir='ltr'>κατάδηλοι,</span> <span class='ocrx_word' id='word_1_231' title='bbox 732 3236 916 3308; x_wconf 87' lang='grc' dir='ltr'>φησί·</span> <span class='ocrx_word' id='word_1_232' title='bbox 985 3235 1155 3307; x_wconf 87' lang='grc' dir='ltr'>μύρον</span> <span class='ocrx_word' id='word_1_233' title='bbox 1213 3234 1508 3304; x_wconf 78' lang='grc' dir='ltr'>πολύτιμον</span> <span class='ocrx_word' id='word_1_234' title='bbox 1573 3234 1669 3306; x_wconf 82' lang='grc' dir='ltr'>τὴν</span> <span class='ocrx_word' id='word_1_235' title='bbox 1729 3235 1931 3304; x_wconf 87' lang='grc' dir='ltr'>γνῶσιν</span> 
     </span>
    </p>
   </div>
   <div class='ocr_carea' id='block_1_32' title="bbox 351 3323 1929 3400">
    <p class='ocr_par' dir='ltr' id='par_1_32' title="bbox 351 3323 1929 3400">
     <span class='ocr_line' id='line_1_32' title="bbox 351 3323 1929 3400; baseline -0.001 -18"><span class='ocrx_word' id='word_1_236' title='bbox 351 3327 502 3400; x_wconf 64' lang='grc' dir='ltr'>νιοη</span> <span class='ocrx_word' id='word_1_237' title='bbox 535 3329 733 3396; x_wconf 83' lang='grc' dir='ltr'>λέγων.</span> <span class='ocrx_word' id='word_1_238' title='bbox 770 3327 882 3382; x_wconf 80' lang='lat' dir='ltr'>Kal</span> <span class='ocrx_word' id='word_1_239' title='bbox 907 3328 1006 3380; x_wconf 85' lang='grc' dir='ltr'>οὐκ</span> <span class='ocrx_word' id='word_1_240' title='bbox 1035 3323 1178 3392; x_wconf 82' lang='grc' dir='ltr'>εἷπε,</span> <span class='ocrx_word' id='word_1_241' title='bbox 1208 3327 1319 3396; x_wconf 80' lang='grc' dir='ltr'>Τήν</span> <span class='ocrx_word' id='word_1_242' title='bbox 1350 3326 1573 3395; x_wconf 86' lang='grc' dir='ltr'>γνῶσιν,</span> <span class='ocrx_word' id='word_1_243' title='bbox 1606 3327 1744 3391; x_wconf 85' lang='grc' dir='ltr'>ἀλλ’,</span> <span class='ocrx_word' id='word_1_244' title='bbox 1792 3326 1929 3380; x_wconf 86' lang='grc' dir='ltr'>ὀσ-</span> 
     </span>
    </p>
   </div>
   <div class='ocr_carea' id='block_1_33' title="bbox 351 3417 1928 3492">
    <p class='ocr_par' dir='ltr' id='par_1_33' title="bbox 351 3417 1928 3492">
     <span class='ocr_line' id='line_1_33' title="bbox 351 3417 1928 3492; baseline -0.001 -18"><span class='ocrx_word' id='word_1_245' title='bbox 351 3421 475 3489; x_wconf 78' lang='grc' dir='ltr'>ιιὴν</span> <span class='ocrx_word' id='word_1_246' title='bbox 502 3420 798 3490; x_wconf 70' lang='grc' dir='ltr'>γνώσεως.</span> <span class='ocrx_word' id='word_1_247' title='bbox 832 3419 1084 3472; x_wconf 87' lang='grc' dir='ltr'>Τοιοῦτον</span> <span class='ocrx_word' id='word_1_248' title='bbox 1112 3418 1220 3492; x_wconf 77' lang='grc' dir='ltr'>γὰρ</span> <span class='ocrx_word' id='word_1_249' title='bbox 1250 3419 1282 3490; x_wconf 85' lang='grc' dir='ltr'><strong>ἡ</strong></span> <span class='ocrx_word' id='word_1_250' title='bbox 1313 3417 1565 3490; x_wconf 86' lang='grc' dir='ltr'>παροῦσα</span> <span class='ocrx_word' id='word_1_251' title='bbox 1597 3419 1818 3487; x_wconf 87' lang='grc' dir='ltr'>γνῶσις,</span> <span class='ocrx_word' id='word_1_252' title='bbox 1866 3419 1928 3472; x_wconf 89' lang='grc' dir='ltr'>οὐ</span> 
     </span>
    </p>
   </div>
   <div class='ocr_carea' id='block_1_34' title="bbox 355 3511 1928 3585">
    <p class='ocr_par' dir='ltr' id='par_1_34' title="bbox 355 3511 1928 3585">
     <span class='ocr_line' id='line_1_34' title="bbox 355 3511 1928 3585; baseline -0.001 -19"><span class='ocrx_word' id='word_1_253' title='bbox 355 3513 557 3585; x_wconf 83' lang='grc' dir='ltr'>σφόδρα</span> <span class='ocrx_word' id='word_1_254' title='bbox 596 3513 806 3583; x_wconf 73' lang='grc' dir='ltr'>σαφὴς,</span> <span class='ocrx_word' id='word_1_255' title='bbox 840 3511 960 3565; x_wconf 80' lang='grc' dir='ltr'>οὐδὲ</span> <span class='ocrx_word' id='word_1_256' title='bbox 997 3511 1472 3583; x_wconf 86' lang='grc' dir='ltr'>ἐκκεκαλυμμένη.</span> <span class='ocrx_word' id='word_1_257' title='bbox 1515 3511 1606 3564; x_wconf 85' lang='grc' dir='ltr'>Διὸ</span> <span class='ocrx_word' id='word_1_258' title='bbox 1635 3512 1729 3565; x_wconf 79' lang='grc' dir='ltr'>καὶ</span> <span class='ocrx_word' id='word_1_259' title='bbox 1763 3513 1820 3566; x_wconf 85' lang='grc' dir='ltr'>ἐν</span> <span class='ocrx_word' id='word_1_260' title='bbox 1861 3515 1928 3582; x_wconf 86' lang='grc' dir='ltr'>τῇ</span> 
     </span>
    </p>
   </div>
   <div class='ocr_carea' id='block_1_35' title="bbox 352 3602 1930 3675">
    <p class='ocr_par' dir='ltr' id='par_1_35' title="bbox 352 3602 1930 3675">
     <span class='ocr_line' id='line_1_35' title="bbox 352 3602 1930 3675; baseline 0 -19"><span class='ocrx_word' id='word_1_261' title='bbox 352 3604 595 3675; x_wconf 73' lang='grc' dir='ltr'>προτέρα</span> <span class='ocrx_word' id='word_1_262' title='bbox 646 3603 828 3671; x_wconf 68' lang='grc' dir='ltr'>ἔλεγεν</span> <span class='ocrx_word' id='word_1_263' title='bbox 893 3602 1220 3674; x_wconf 83' lang='grc' dir='ltr'>Ἐπιστολῇ,</span> <span class='ocrx_word' id='word_1_264' title='bbox 1270 3602 1585 3671; x_wconf 74' lang='grc' dir='ltr'>Βλέπομεν</span> <span class='ocrx_word' id='word_1_265' title='bbox 1633 3603 1743 3673; x_wconf 78' lang='grc' dir='ltr'>γὰρ</span> <span class='ocrx_word' id='word_1_266' title='bbox 1799 3602 1930 3669; x_wconf 80' lang='grc' dir='ltr'>ἄρτι</span> 
     </span>
    </p>
   </div>
   <div class='ocr_carea' id='block_1_36' title="bbox 351 3692 1930 3764">
    <p class='ocr_par' dir='ltr' id='par_1_36' title="bbox 351 3692 1930 3764">
     <span class='ocr_line' id='line_1_36' title="bbox 351 3692 1930 3764; baseline 0.001 -17"><span class='ocrx_word' id='word_1_267' title='bbox 351 3695 425 3747; x_wconf 75' lang='grc' dir='ltr'>δι’</span> <span class='ocrx_word' id='word_1_268' title='bbox 465 3694 766 3760; x_wconf 83' lang='grc' dir='ltr'>ἐσόπτρου</span> <span class='ocrx_word' id='word_1_269' title='bbox 805 3692 874 3746; x_wconf 82' lang='grc' dir='ltr'>ἐν</span> <span class='ocrx_word' id='word_1_270' title='bbox 915 3693 1230 3762; x_wconf 73' lang='grc' dir='ltr'>αἰνίγματι,</span> <span class='ocrx_word' id='word_1_271' title='bbox 1255 3695 1351 3747; x_wconf 68' lang='grc' dir='ltr'>καὶ</span> <span class='ocrx_word' id='word_1_272' title='bbox 1391 3693 1622 3747; x_wconf 85' lang='grc' dir='ltr'>ἐνταῦθα</span> <span class='ocrx_word' id='word_1_273' title='bbox 1661 3693 1841 3764; x_wconf 80' lang='grc' dir='ltr'>ὀσμήν</span> <span class='ocrx_word' id='word_1_274' title='bbox 1869 3695 1930 3748; x_wconf 84' lang='grc' dir='ltr'>τὸ</span> 
     </span>
    </p>
   </div>
   <div class='ocr_carea' id='block_1_37' title="bbox 350 3783 1930 3857">
    <p class='ocr_par' dir='ltr' id='par_1_37' title="bbox 350 3783 1930 3857">
     <span class='ocr_line' id='line_1_37' title="bbox 350 3783 1930 3857; baseline 0.001 -19"><span class='ocrx_word' id='word_1_275' title='bbox 350 3784 589 3838; x_wconf 82' lang='grc' dir='ltr'>τοιοῦτον</span> <span class='ocrx_word' id='word_1_276' title='bbox 609 3783 780 3854; x_wconf 87' lang='grc' dir='ltr'>μύρον</span> <span class='ocrx_word' id='word_1_277' title='bbox 797 3795 824 3824; x_wconf 72' lang='grc' dir='ltr'><strong>α</strong></span> <span class='ocrx_word' id='word_1_278' title='bbox 851 3783 1027 3837; x_wconf 82' lang='grc' dir='ltr'>καλεῖ.</span> <span class='ocrx_word' id='word_1_279' title='bbox 1059 3784 1116 3838; x_wconf 86' lang='lat'>&#39;0</span> <span class='ocrx_word' id='word_1_280' title='bbox 1139 3783 1195 3838; x_wconf 77' lang='grc' dir='ltr'>δὲ</span> <span class='ocrx_word' id='word_1_281' title='bbox 1217 3785 1318 3856; x_wconf 83' lang='grc' dir='ltr'>τὴν</span> <span class='ocrx_word' id='word_1_282' title='bbox 1337 3784 1512 3856; x_wconf 82' lang='grc' dir='ltr'>ὀσμὴν</span> <span class='ocrx_word' id='word_1_283' title='bbox 1526 3785 1700 3852; x_wconf 85' lang='grc' dir='ltr'>εἰδὼς,</span> <span class='ocrx_word' id='word_1_284' title='bbox 1724 3786 1804 3840; x_wconf 83' lang='grc' dir='ltr'>ὅτι</span> <span class='ocrx_word' id='word_1_285' title='bbox 1831 3786 1930 3857; x_wconf 84' lang='grc' dir='ltr'>μὲν</span> 
     </span>
    </p>
   </div>
   <div class='ocr_carea' id='block_1_38' title="bbox 349 3871 1924 3946">
    <p class='ocr_par' dir='ltr' id='par_1_38' title="bbox 349 3871 1924 3946">
     <span class='ocr_line' id='line_1_38' title="bbox 349 3871 1924 3946; baseline -0.001 -17"><span class='ocrx_word' id='word_1_286' title='bbox 349 3875 465 3929; x_wconf 74' lang='grc' dir='ltr'>ἐστι</span> <span class='ocrx_word' id='word_1_287' title='bbox 487 3874 656 3946; x_wconf 86' lang='grc' dir='ltr'>μύρον</span> <span class='ocrx_word' id='word_1_288' title='bbox 686 3891 788 3926; x_wconf 84' lang='grc' dir='ltr'>που</span> <span class='ocrx_word' id='word_1_289' title='bbox 814 3872 1065 3944; x_wconf 81' lang='grc' dir='ltr'>κείμενον</span> <span class='ocrx_word' id='word_1_290' title='bbox 1085 3871 1215 3938; x_wconf 75' lang='grc' dir='ltr'>οἶδε,</span> <span class='ocrx_word' id='word_1_291' title='bbox 1244 3875 1486 3928; x_wconf 79' lang='grc' dir='ltr'>ποταπὸν</span> <span class='ocrx_word' id='word_1_292' title='bbox 1512 3874 1569 3928; x_wconf 87' lang='grc' dir='ltr'>δὲ</span> <span class='ocrx_word' id='word_1_293' title='bbox 1593 3874 1691 3946; x_wconf 80' lang='grc' dir='ltr'>τὴν</span> <span class='ocrx_word' id='word_1_294' title='bbox 1715 3874 1924 3940; x_wconf 87' lang='grc' dir='ltr'>οὐσίαν,</span> 
     </span>
    </p>
   </div>
   <div class='ocr_carea' id='block_1_39' title="bbox 348 3965 1929 4039">
    <p class='ocr_par' dir='ltr' id='par_1_39' title="bbox 348 3965 1929 4039">
     <span class='ocr_line' id='line_1_39' title="bbox 348 3965 1929 4039; baseline -0.003 -17"><span class='ocrx_word' id='word_1_295' title='bbox 348 3968 552 4034; x_wconf 82' lang='grc' dir='ltr'>οὐκέτι,</span> <span class='ocrx_word' id='word_1_296' title='bbox 587 3967 681 4022; x_wconf 77' lang='grc' dir='ltr'>ἐὰν</span> <span class='ocrx_word' id='word_1_297' title='bbox 721 3966 796 4038; x_wconf 83' lang='grc' dir='ltr'>μὴ</span> <span class='ocrx_word' id='word_1_298' title='bbox 825 3968 1088 4039; x_wconf 83' lang='grc' dir='ltr'>πρότερον</span> <span class='ocrx_word' id='word_1_299' title='bbox 1123 3967 1254 4021; x_wconf 83' lang='grc' dir='ltr'>αὐτὸ</span> <span class='ocrx_word' id='word_1_300' title='bbox 1283 3966 1438 4032; x_wconf 85' lang='grc' dir='ltr'>εἰδὼς</span> <span class='ocrx_word' id='word_1_301' title='bbox 1462 3966 1620 4038; x_wconf 82' lang='grc' dir='ltr'>τύχῃ.</span> <span class='ocrx_word' id='word_1_302' title='bbox 1649 3965 1806 4019; x_wconf 85' lang='grc' dir='ltr'>υύτω</span> <span class='ocrx_word' id='word_1_303' title='bbox 1835 3965 1929 4019; x_wconf 77' lang='grc' dir='ltr'>καὶ</span> 
     </span>
    </p>
   </div>
   <div class='ocr_carea' id='block_1_40' title="bbox 348 4055 1923 4132">
    <p class='ocr_par' dir='ltr' id='par_1_40' title="bbox 348 4055 1923 4132">
     <span class='ocr_line' id='line_1_40' title="bbox 348 4055 1923 4132; baseline -0.002 -19"><span class='ocrx_word' id='word_1_304' title='bbox 348 4062 529 4132; x_wconf 82' lang='grc' dir='ltr'>ἡμεῖς,</span> <span class='ocrx_word' id='word_1_305' title='bbox 559 4060 641 4114; x_wconf 82' lang='grc' dir='ltr'>ὅτι</span> <span class='ocrx_word' id='word_1_306' title='bbox 677 4059 777 4130; x_wconf 79' lang='grc' dir='ltr'>μὲν</span> <span class='ocrx_word' id='word_1_307' title='bbox 809 4059 926 4112; x_wconf 76' lang='grc' dir='ltr'>ἐστι</span> <span class='ocrx_word' id='word_1_308' title='bbox 974 4059 1104 4123; x_wconf 85' lang='grc' dir='ltr'>Θεὸς</span> <span class='ocrx_word' id='word_1_309' title='bbox 1146 4058 1325 4129; x_wconf 76' lang='grc' dir='ltr'>ἴσμεν,</span> <span class='ocrx_word' id='word_1_310' title='bbox 1370 4059 1421 4112; x_wconf 87' lang='grc' dir='ltr'>τί</span> <span class='ocrx_word' id='word_1_311' title='bbox 1465 4057 1524 4111; x_wconf 81' lang='grc' dir='ltr'>δὲ</span> <span class='ocrx_word' id='word_1_312' title='bbox 1569 4057 1666 4128; x_wconf 78' lang='grc' dir='ltr'>τὴν</span> <span class='ocrx_word' id='word_1_313' title='bbox 1712 4055 1923 4122; x_wconf 87' lang='grc' dir='ltr'>οὐσίαν,</span> 
     </span>
    </p>
   </div>
   <div class='ocr_carea' id='block_1_41' title="bbox 345 4147 1924 4224">
    <p class='ocr_par' dir='ltr' id='par_1_41' title="bbox 345 4147 1924 4224">
     <span class='ocr_line' id='line_1_41' title="bbox 345 4147 1924 4224; baseline -0.003 -19"><span class='ocrx_word' id='word_1_314' title='bbox 345 4151 548 4206; x_wconf 88' lang='grc' dir='ltr'>οὐκέτι.</span> <span class='ocrx_word' id='word_1_315' title='bbox 603 4151 815 4224; x_wconf 82' lang='grc' dir='ltr'>Ὥσπερ</span> <span class='ocrx_word' id='word_1_316' title='bbox 860 4147 955 4205; x_wconf 83' lang='grc' dir='ltr'>οὖν</span> <span class='ocrx_word' id='word_1_317' title='bbox 1004 4151 1361 4222; x_wconf 85' lang='grc' dir='ltr'>θυμιατήριόν</span> <span class='ocrx_word' id='word_1_318' title='bbox 1405 4151 1574 4221; x_wconf 87' lang='grc' dir='ltr'>ἐσμεν</span> <span class='ocrx_word' id='word_1_319' title='bbox 1628 4148 1924 4219; x_wconf 78' lang='grc' dir='ltr'>βασιλικὸν,</span> 
     </span>
    </p>
   </div>
   <div class='ocr_carea' id='block_1_42' title="bbox 343 4239 1928 4315">
    <p class='ocr_par' dir='ltr' id='par_1_42' title="bbox 343 4239 1928 4315">
     <span class='ocr_line' id='line_1_42' title="bbox 343 4239 1928 4315; baseline -0.004 -17"><span class='ocrx_word' id='word_1_320' title='bbox 343 4247 478 4298; x_wconf 77' lang='grc' dir='ltr'>ὅπου</span> <span class='ocrx_word' id='word_1_321' title='bbox 502 4243 567 4297; x_wconf 83' lang='grc' dir='ltr'>ἂν</span> <span class='ocrx_word' id='word_1_322' title='bbox 591 4242 914 4314; x_wconf 81' lang='grc' dir='ltr'>ἀπέλθωμεν</span> <span class='ocrx_word' id='word_1_323' title='bbox 939 4242 1036 4297; x_wconf 89' lang='grc' dir='ltr'>τοῦ</span> <span class='ocrx_word' id='word_1_324' title='bbox 1057 4243 1306 4315; x_wconf 80' lang='grc' dir='ltr'>οὐρανίου</span> <span class='ocrx_word' id='word_1_325' title='bbox 1335 4241 1588 4303; x_wconf 85' lang='grc' dir='ltr'>πνέοντες</span> <span class='ocrx_word' id='word_1_326' title='bbox 1611 4239 1808 4312; x_wconf 82' lang='grc' dir='ltr'>μύρου,</span> <span class='ocrx_word' id='word_1_327' title='bbox 1832 4239 1928 4292; x_wconf 73' lang='grc' dir='ltr'>καὶ</span> 
     </span>
    </p>
   </div>
   <div class='ocr_carea' id='block_1_43' title="bbox 343 4335 1926 4413">
    <p class='ocr_par' dir='ltr' id='par_1_43' title="bbox 343 4335 1926 4413">
     <span class='ocr_line' id='line_1_43' title="bbox 343 4335 1926 4413; baseline -0.004 -18"><span class='ocrx_word' id='word_1_328' title='bbox 343 4342 446 4413; x_wconf 84' lang='grc' dir='ltr'>τῆς</span> <span class='ocrx_word' id='word_1_329' title='bbox 482 4342 865 4412; x_wconf 82' lang='grc' dir='ltr'>πνευματικῆς</span> <span class='ocrx_word' id='word_1_330' title='bbox 907 4339 1155 4404; x_wconf 83' lang='grc' dir='ltr'>εὐωδίας.</span> <span class='ocrx_word' id='word_1_331' title='bbox 1215 4339 1403 4394; x_wconf 88' lang='grc' dir='ltr'>Ταῦτα</span> <span class='ocrx_word' id='word_1_332' title='bbox 1448 4337 1504 4391; x_wconf 79' lang='grc' dir='ltr'>δὲ</span> <span class='ocrx_word' id='word_1_333' title='bbox 1545 4337 1748 4407; x_wconf 80' lang='grc' dir='ltr'>ἔλεγεν,</span> <span class='ocrx_word' id='word_1_334' title='bbox 1791 4335 1926 4408; x_wconf 87' lang='grc' dir='ltr'>ὁμοῦ</span> 
     </span>
    </p>
   </div>
   <div class='ocr_carea' id='block_1_44' title="bbox 345 4426 1927 4508">
    <p class='ocr_par' dir='ltr' id='par_1_44' title="bbox 345 4426 1927 4508">
     <span class='ocr_line' id='line_1_44' title="bbox 345 4426 1927 4508; baseline -0.003 -17"><span class='ocrx_word' id='word_1_335' title='bbox 345 4440 440 4493; x_wconf 74' lang='grc' dir='ltr'>καὶ</span> <span class='ocrx_word' id='word_1_336' title='bbox 485 4436 580 4491; x_wconf 90' lang='grc' dir='ltr'>τοῦ</span> <span class='ocrx_word' id='word_1_337' title='bbox 610 4436 966 4508; x_wconf 77' lang='grc' dir='ltr'>κηρύγματος</span> <span class='ocrx_word' id='word_1_338' title='bbox 997 4436 1214 4500; x_wconf 75' lang='grc' dir='ltr'>δεικνὺς</span> <span class='ocrx_word' id='word_1_339' title='bbox 1261 4435 1360 4507; x_wconf 82' lang='grc' dir='ltr'>τήν</span> <span class='ocrx_word' id='word_1_340' title='bbox 1403 4434 1577 4506; x_wconf 83' lang='grc' dir='ltr'>ίσχύν,</span> <span class='ocrx_word' id='word_1_341' title='bbox 1627 4437 1708 4489; x_wconf 83' lang='grc' dir='ltr'>ὃτι</span> <span class='ocrx_word' id='word_1_342' title='bbox 1755 4431 1819 4487; x_wconf 81' lang='grc' dir='ltr'>δι’</span> <span class='ocrx_word' id='word_1_343' title='bbox 1851 4426 1927 4487; x_wconf 85' lang='grc' dir='ltr'>ὧν</span> 
     </span>
    </p>
   </div>
   <div class='ocr_carea' id='block_1_45' title="bbox 349 4529 1926 4604">
    <p class='ocr_par' dir='ltr' id='par_1_45' title="bbox 349 4529 1926 4604">
     <span class='ocr_line' id='line_1_45' title="bbox 349 4529 1926 4604; baseline -0.003 -15"><span class='ocrx_word' id='word_1_344' title='bbox 349 4533 808 4597; x_wconf 79' lang='grc' dir='ltr'>ἐπιϐουλεύονται,</span> <span class='ocrx_word' id='word_1_345' title='bbox 864 4533 954 4587; x_wconf 84' lang='grc' dir='ltr'>διά</span> <span class='ocrx_word' id='word_1_346' title='bbox 1000 4533 1205 4588; x_wconf 84' lang='grc' dir='ltr'>τούτων</span> <span class='ocrx_word' id='word_1_347' title='bbox 1251 4533 1527 4604; x_wconf 88' lang='grc' dir='ltr'>λάμπουσι</span> <span class='ocrx_word' id='word_1_348' title='bbox 1575 4531 1775 4602; x_wconf 75' lang='grc' dir='ltr'>μᾶλλον</span> <span class='ocrx_word' id='word_1_349' title='bbox 1818 4529 1926 4584; x_wconf 90' lang='grc' dir='ltr'>τῶν</span> 
     </span>
    </p>
   </div>
   <div class='ocr_carea' id='block_1_46' title="bbox 342 4626 1926 4700">
    <p class='ocr_par' dir='ltr' id='par_1_46' title="bbox 342 4626 1926 4700">
     <span class='ocr_line' id='line_1_46' title="bbox 342 4626 1926 4700; baseline -0.003 -16"><span class='ocrx_word' id='word_1_350' title='bbox 342 4634 649 4690; x_wconf 80' lang='grc' dir='ltr'>διωκόντων</span> <span class='ocrx_word' id='word_1_351' title='bbox 668 4630 886 4697; x_wconf 77' lang='grc' dir='ltr'>αὐτοὺς,</span> <span class='ocrx_word' id='word_1_352' title='bbox 920 4631 1014 4682; x_wconf 77' lang='grc' dir='ltr'>καὶ</span> <span class='ocrx_word' id='word_1_353' title='bbox 1039 4631 1219 4683; x_wconf 78' lang='grc' dir='ltr'>πᾶσαν</span> <span class='ocrx_word' id='word_1_354' title='bbox 1246 4630 1342 4700; x_wconf 83' lang='grc' dir='ltr'>τὴν</span> <span class='ocrx_word' id='word_1_355' title='bbox 1365 4629 1688 4698; x_wconf 78' lang='grc' dir='ltr'>οἰκουμένην</span> <span class='ocrx_word' id='word_1_356' title='bbox 1710 4626 1926 4680; x_wconf 86' lang='grc' dir='ltr'>ποιούν-</span> 
     </span>
    </p>
   </div>
   <div class='ocr_carea' id='block_1_47' title="bbox 340 4724 1924 4804">
    <p class='ocr_par' dir='ltr' id='par_1_47' title="bbox 340 4724 1924 4804">
     <span class='ocr_line' id='line_1_47' title="bbox 340 4724 1924 4804; baseline -0.005 -20"><span class='ocrx_word' id='word_1_357' title='bbox 340 4747 448 4784; x_wconf 80' lang='grc' dir='ltr'>των</span> <span class='ocrx_word' id='word_1_358' title='bbox 470 4729 499 4768; x_wconf 74' lang='grc' dir='ltr'>ὶι</span> <span class='ocrx_word' id='word_1_359' title='bbox 530 4729 727 4788; x_wconf 86' lang='grc' dir='ltr'>εἰδέναι</span> <span class='ocrx_word' id='word_1_360' title='bbox 755 4728 850 4782; x_wconf 77' lang='grc' dir='ltr'>καὶ</span> <span class='ocrx_word' id='word_1_361' title='bbox 873 4728 941 4780; x_wconf 82' lang='grc' dir='ltr'>τὰ</span> <span class='ocrx_word' id='word_1_362' title='bbox 969 4726 1202 4804; x_wconf 80' lang='grc' dir='ltr'>τρόπαια</span> <span class='ocrx_word' id='word_1_363' title='bbox 1232 4725 1412 4779; x_wconf 86' lang='grc' dir='ltr'>αὐτῶν</span> <span class='ocrx_word' id='word_1_364' title='bbox 1438 4727 1529 4778; x_wconf 72' lang='grc' dir='ltr'>καὶ</span> <span class='ocrx_word' id='word_1_365' title='bbox 1552 4725 1650 4795; x_wconf 81' lang='grc' dir='ltr'>τὴν</span> <span class='ocrx_word' id='word_1_366' title='bbox 1677 4724 1924 4792; x_wconf 88' lang='grc' dir='ltr'>εὐωδίαν,</span> 
     </span>
    </p>
   </div>
   <div class='ocr_carea' id='block_1_48' title="bbox 343 4820 1926 4896">
    <p class='ocr_par' dir='ltr' id='par_1_48' title="bbox 343 4820 1926 4896">
     <span class='ocr_line' id='line_1_48' title="bbox 343 4820 1926 4896; baseline -0.001 -20"><span class='ocrx_word' id='word_1_367' title='bbox 343 4825 438 4882; x_wconf 73' lang='grc' dir='ltr'>καὶ</span> <span class='ocrx_word' id='word_1_368' title='bbox 481 4823 816 4894; x_wconf 78' lang='grc' dir='ltr'>παρακαλῶν</span> <span class='ocrx_word' id='word_1_369' title='bbox 852 4823 993 4896; x_wconf 80' lang='grc' dir='ltr'>ὑπὲρ</span> <span class='ocrx_word' id='word_1_370' title='bbox 1021 4821 1130 4879; x_wconf 88' lang='grc' dir='ltr'>τῶν</span> <span class='ocrx_word' id='word_1_371' title='bbox 1173 4820 1406 4895; x_wconf 76' lang='grc' dir='ltr'>θλίψεων</span> <span class='ocrx_word' id='word_1_372' title='bbox 1450 4820 1647 4884; x_wconf 76' lang='grc' dir='ltr'>αὐτοὺς</span> <span class='ocrx_word' id='word_1_373' title='bbox 1695 4820 1790 4872; x_wconf 69' lang='grc' dir='ltr'>καὶ</span> <span class='ocrx_word' id='word_1_374' title='bbox 1817 4821 1926 4874; x_wconf 89' lang='grc' dir='ltr'>τῶν</span> 
     </span>
    </p>
   </div>
   <div class='ocr_carea' id='block_1_49' title="bbox 340 4917 1925 4992">
    <p class='ocr_par' dir='ltr' id='par_1_49' title="bbox 340 4917 1925 4992">
     <span class='ocr_line' id='line_1_49' title="bbox 340 4917 1925 4992; baseline 0 -20"><span class='ocrx_word' id='word_1_375' title='bbox 340 4919 693 4992; x_wconf 81' lang='grc' dir='ltr'>πειρασμῶν,</span> <span class='ocrx_word' id='word_1_376' title='bbox 729 4919 869 4975; x_wconf 80' lang='grc' dir='ltr'>ὥστε</span> <span class='ocrx_word' id='word_1_377' title='bbox 900 4921 1078 4975; x_wconf 88' lang='grc' dir='ltr'>πάντα</span> <span class='ocrx_word' id='word_1_378' title='bbox 1115 4921 1301 4991; x_wconf 87' lang='grc' dir='ltr'>φέρειν</span> <span class='ocrx_word' id='word_1_379' title='bbox 1334 4918 1618 4988; x_wconf 83' lang='grc' dir='ltr'>γενναίως,</span> <span class='ocrx_word' id='word_1_380' title='bbox 1654 4917 1708 4970; x_wconf 77' lang='grc' dir='ltr'>εἴ</span> <span class='ocrx_word' id='word_1_381' title='bbox 1737 4933 1800 4986; x_wconf 90' lang='grc' dir='ltr'>γε</span> <span class='ocrx_word' id='word_1_382' title='bbox 1831 4919 1925 4972; x_wconf 79' lang='grc' dir='ltr'>καὶ</span> 
     </span>
    </p>
   </div>
   <div class='ocr_carea' id='block_1_50' title="bbox 341 5012 1920 5094">
    <p class='ocr_par' dir='ltr' id='par_1_50' title="bbox 341 5012 1920 5094">
     <span class='ocr_line' id='line_1_50' title="bbox 341 5012 1920 5094; baseline 0.001 -27"><span class='ocrx_word' id='word_1_383' title='bbox 341 5015 449 5094; x_wconf 80' lang='grc' dir='ltr'>πρὸ</span> <span class='ocrx_word' id='word_1_384' title='bbox 495 5013 594 5081; x_wconf 83' lang='grc' dir='ltr'>τῆς</span> <span class='ocrx_word' id='word_1_385' title='bbox 640 5014 964 5078; x_wconf 75' lang='grc' dir='ltr'>ἀντιδόσεως</span> <span class='ocrx_word' id='word_1_386' title='bbox 1001 5015 1204 5083; x_wconf 80' lang='grc' dir='ltr'>ἄφατον</span> <span class='ocrx_word' id='word_1_387' title='bbox 1255 5012 1592 5086; x_wconf 86' lang='grc' dir='ltr'>καρποῦνται</span> <span class='ocrx_word' id='word_1_388' title='bbox 1640 5013 1702 5067; x_wconf 84' lang='grc' dir='ltr'>τὸ</span> <span class='ocrx_word' id='word_1_389' title='bbox 1746 5013 1920 5079; x_wconf 81' lang='grc' dir='ltr'>κλέος.</span> 
     </span>
    </p>
   </div>
   <div class='ocr_carea' id='block_1_51' title="bbox 347 5107 1925 5181">
    <p class='ocr_par' dir='ltr' id='par_1_51' title="bbox 347 5107 1925 5181">
     <span class='ocr_line' id='line_1_51' title="bbox 347 5107 1925 5181; baseline -0.001 -16"><span class='ocrx_word' id='word_1_390' title='bbox 347 5116 474 5164; x_wconf 86' lang='grc' dir='ltr'>Ὅτι</span> <span class='ocrx_word' id='word_1_391' title='bbox 496 5107 758 5176; x_wconf 79' lang='grc' dir='ltr'>Χριστοῦ</span> <span class='ocrx_word' id='word_1_392' title='bbox 787 5108 1003 5163; x_wconf 82' lang='grc' dir='ltr'>εὐωδία</span> <span class='ocrx_word' id='word_1_393' title='bbox 1026 5109 1214 5178; x_wconf 83' lang='grc' dir='ltr'>ἐσμὲν</span> <span class='ocrx_word' id='word_1_394' title='bbox 1242 5109 1320 5174; x_wconf 86' lang='grc' dir='ltr'>τῷ</span> <span class='ocrx_word' id='word_1_395' title='bbox 1343 5107 1462 5181; x_wconf 83' lang='grc' dir='ltr'>Θεῷ</span> <span class='ocrx_word' id='word_1_396' title='bbox 1491 5110 1561 5162; x_wconf 86' lang='grc' dir='ltr'>ἐν</span> <span class='ocrx_word' id='word_1_397' title='bbox 1599 5107 1722 5176; x_wconf 86' lang='grc' dir='ltr'>τοῖς</span> <span class='ocrx_word' id='word_1_398' title='bbox 1743 5110 1925 5170; x_wconf 79' lang='grc' dir='ltr'>σωζο-</span> 
     </span>
    </p>
   </div>
   <div class='ocr_carea' id='block_1_52' title="bbox 337 5203 1925 5278">
    <p class='ocr_par' dir='ltr' id='par_1_52' title="bbox 337 5203 1925 5278">
     <span class='ocr_line' id='line_1_52' title="bbox 337 5203 1925 5278; baseline 0 -18"><span class='ocrx_word' id='word_1_399' title='bbox 337 5205 570 5277; x_wconf 77' lang='grc' dir='ltr'>μένοις,</span> <span class='ocrx_word' id='word_1_400' title='bbox 602 5203 701 5258; x_wconf 84' lang='grc' dir='ltr'>καί</span> <span class='ocrx_word' id='word_1_401' title='bbox 725 5203 795 5258; x_wconf 80' lang='grc' dir='ltr'>ἐν</span> <span class='ocrx_word' id='word_1_402' title='bbox 823 5204 944 5272; x_wconf 84' lang='grc' dir='ltr'>τοῖς</span> <span class='ocrx_word' id='word_1_403' title='bbox 967 5203 1435 5273; x_wconf 77' lang='grc' dir='ltr'>ἀπολλυμένοις.</span> <span class='ocrx_word' id='word_1_404' title='bbox 1467 5207 1567 5258; x_wconf 74' lang='lat' dir='ltr'><strong>&quot;Av</strong></span> <span class='ocrx_word' id='word_1_405' title='bbox 1593 5222 1653 5258; x_wconf 91' lang='grc' dir='ltr'>τε</span> <span class='ocrx_word' id='word_1_406' title='bbox 1681 5207 1789 5278; x_wconf 86' lang='grc' dir='ltr'>γὰρ</span> <span class='ocrx_word' id='word_1_407' title='bbox 1821 5207 1925 5260; x_wconf 86' lang='grc' dir='ltr'>σώ-</span> 
     </span>
    </p>
   </div>
   <div class='ocr_carea' id='block_1_53' title="bbox 345 5298 1923 5375">
    <p class='ocr_par' dir='ltr' id='par_1_53' title="bbox 345 5298 1923 5375">
     <span class='ocr_line' id='line_1_53' title="bbox 345 5298 1923 5375; baseline -0.001 -18"><span class='ocrx_word' id='word_1_408' title='bbox 345 5303 506 5375; x_wconf 75' lang='grc' dir='ltr'>ζηταί</span> <span class='ocrx_word' id='word_1_409' title='bbox 531 5319 636 5366; x_wconf 89' lang='grc' dir='ltr'>τις,</span> <span class='ocrx_word' id='word_1_410' title='bbox 679 5301 866 5372; x_wconf 73' lang='grc' dir='ltr'>φησὶν,</span> <span class='ocrx_word' id='word_1_411' title='bbox 912 5301 976 5355; x_wconf 82' lang='grc' dir='ltr'>ἄν</span> <span class='ocrx_word' id='word_1_412' title='bbox 1013 5316 1072 5352; x_wconf 88' lang='grc' dir='ltr'>τε</span> <span class='ocrx_word' id='word_1_413' title='bbox 1105 5298 1463 5369; x_wconf 85' lang='grc' dir='ltr'>ἀπολλύηται,</span> <span class='ocrx_word' id='word_1_414' title='bbox 1504 5302 1566 5354; x_wconf 82' lang='grc' dir='ltr'>τὸ</span> <span class='ocrx_word' id='word_1_415' title='bbox 1607 5304 1923 5373; x_wconf 86' lang='grc' dir='ltr'>εὐαγγέλιον</span> 
     </span>
    </p>
   </div>
   <div class='ocr_carea' id='block_1_54' title="bbox 341 5396 1922 5476">
    <p class='ocr_par' dir='ltr' id='par_1_54' title="bbox 341 5396 1922 5476">
     <span class='ocr_line' id='line_1_54' title="bbox 341 5396 1922 5476; baseline -0.002 -21"><span class='ocrx_word' id='word_1_416' title='bbox 341 5399 440 5470; x_wconf 74' lang='grc' dir='ltr'>τὴν</span> <span class='ocrx_word' id='word_1_417' title='bbox 473 5398 683 5454; x_wconf 76' lang='grc' dir='ltr'>οἰκείαν</span> <span class='ocrx_word' id='word_1_418' title='bbox 732 5399 936 5476; x_wconf 82' lang='grc' dir='ltr'>ἀρετὴν</span> <span class='ocrx_word' id='word_1_419' title='bbox 995 5396 1118 5466; x_wconf 78' lang='grc' dir='ltr'>ἕχον</span> <span class='ocrx_word' id='word_1_420' title='bbox 1165 5396 1336 5472; x_wconf 84' lang='grc' dir='ltr'>μένει.</span> <span class='ocrx_word' id='word_1_421' title='bbox 1391 5397 1501 5457; x_wconf 87' lang='lat' dir='ltr'>Kal</span> <span class='ocrx_word' id='word_1_422' title='bbox 1551 5398 1803 5474; x_wconf 87' lang='grc' dir='ltr'>καθάπερ</span> <span class='ocrx_word' id='word_1_423' title='bbox 1862 5401 1922 5453; x_wconf 85' lang='grc' dir='ltr'>τὸ</span> 
     </span>
    </p>
   </div>
   <div class='ocr_carea' id='block_1_55' title="bbox 405 5684 1918 5754">
    <p class='ocr_par' dir='ltr' id='par_1_55' title="bbox 405 5684 1918 5754">
     <span class='ocr_line' id='line_1_55' title="bbox 405 5684 1918 5754; baseline 0.005 -24"><span class='ocrx_word' id='word_1_424' title='bbox 405 5685 433 5754; x_wconf 54' lang='grc' dir='ltr'><strong>ξ</strong></span> <span class='ocrx_word' id='word_1_425' title='bbox 459 5684 574 5754; x_wconf 33' lang='grc' dir='ltr'>μσς,</span> <span class='ocrx_word' id='word_1_426' title='bbox 622 5685 712 5754; x_wconf 45' lang='grc' dir='ltr'>τὸ,⁸</span> <span class='ocrx_word' id='word_1_427' title='bbox 731 5687 956 5754; x_wconf 5' lang='grc' dir='ltr'>τοιοῦτον,</span> <span class='ocrx_word' id='word_1_428' title='bbox 987 5687 1166 5754; x_wconf 64' lang='grc' dir='ltr'>μύρον.Δ</span> <span class='ocrx_word' id='word_1_429' title='bbox 1192 5688 1248 5737; x_wconf 78' lang='grc' dir='ltr'>ιιι</span> <span class='ocrx_word' id='word_1_430' title='bbox 1271 5686 1442 5754; x_wconf 59' lang='grc' dir='ltr'>⁸[ξτιίιλςς⁸</span> <span class='ocrx_word' id='word_1_431' title='bbox 1472 5690 1614 5747; x_wconf 79' lang='grc' dir='ltr'>μύοον</span> <span class='ocrx_word' id='word_1_432' title='bbox 1653 5691 1812 5740; x_wconf 77' lang='lat' dir='ltr'>dccsl.</span> <span class='ocrx_word' id='word_1_433' title='bbox 1863 5689 1918 5740; x_wconf 85' lang='lat' dir='ltr'><strong>In</strong></span> 
     </span>
    </p>
   </div>
   <div class='ocr_carea' id='block_1_56' title="bbox 343 5745 1578 5809">
    <p class='ocr_par' dir='ltr' id='par_1_56' title="bbox 343 5745 1578 5809">
     <span class='ocr_line' id='line_1_56' title="bbox 343 5745 1578 5809; baseline 0.003 -15"><span class='ocrx_word' id='word_1_434' title='bbox 343 5745 644 5809; x_wconf 72' lang='lat' dir='ltr'>Cojsliniano</span> <span class='ocrx_word' id='word_1_435' title='bbox 673 5745 758 5794; x_wconf 77' lang='lat' dir='ltr'>Ms.</span> <span class='ocrx_word' id='word_1_436' title='bbox 795 5751 874 5809; x_wconf 78' lang='lat' dir='ltr'>hic</span> <span class='ocrx_word' id='word_1_437' title='bbox 899 5745 1086 5809; x_wconf 67' lang='lat' dir='ltr'>alidudt</span> <span class='ocrx_word' id='word_1_438' title='bbox 1106 5750 1218 5798; x_wconf 82' lang='lat' dir='ltr'><strong><em>folia</em></strong></span> <span class='ocrx_word' id='word_1_439' title='bbox 1244 5748 1398 5797; x_wconf 75' lang='lat' dir='ltr'><strong><em>ablata</em></strong></span> <span class='ocrx_word' id='word_1_440' title='bbox 1422 5745 1578 5798; x_wconf 68' lang='lat' dir='ltr'>l&#39;ubre.</span> 
     </span>
    </p>
   </div>
   <div class='ocr_carea' id='block_1_57' title="bbox 382 5807 1060 5870">
    <p class='ocr_par' dir='ltr' id='par_1_57' title="bbox 382 5807 1060 5870">
     <span class='ocr_line' id='line_1_57' title="bbox 382 5807 1060 5870; baseline 0.012 -18"><span class='ocrx_word' id='word_1_441' title='bbox 382 5807 433 5852; x_wconf 80' lang='lat' dir='ltr'>-b</span> <span class='ocrx_word' id='word_1_442' title='bbox 458 5809 603 5859; x_wconf 68' lang='lat' dir='ltr'>savii.</span> <span class='ocrx_word' id='word_1_443' title='bbox 631 5808 829 5870; x_wconf 69' lang='lat' dir='ltr'>conﬁcit</span> <span class='ocrx_word' id='word_1_444' title='bbox 853 5807 1060 5860; x_wconf 76' lang='grc' dir='ltr'>ποιοῦσι.</span> 
     </span>
    </p>
   </div>
   <div class='ocr_carea' id='block_1_58' title="bbox 1083 351 2954 432">
    <p class='ocr_par' dir='ltr' id='par_1_58' title="bbox 1083 351 2954 432">
     <span class='ocr_line' id='line_1_58' title="bbox 1083 351 2954 432; baseline 0.012 -24"><span class='ocrx_word' id='word_1_445' title='bbox 1083 352 1140 408; x_wconf 89' lang='lat' dir='ltr'>s.</span> <span class='ocrx_word' id='word_1_446' title='bbox 1181 351 1470 408; x_wconf 73' lang='lat' dir='ltr'><strong>JOANMS</strong></span> <span class='ocrx_word' id='word_1_447' title='bbox 1507 351 2002 411; x_wconf 69' lang='lat' dir='ltr'>cumsosrmu</span> <span class='ocrx_word' id='word_1_448' title='bbox 2042 360 2362 424; x_wconf 72' lang='lat' dir='ltr'>ARCHIEP.</span> <span class='ocrx_word' id='word_1_449' title='bbox 2406 370 2954 432; x_wconf 61' lang='lat' dir='ltr'>coxsmsmop.</span> 
     </span>
    </p>
   </div>
   <div class='ocr_carea' id='block_1_59' title="bbox 2067 479 3642 562">
    <p class='ocr_par' dir='ltr' id='par_1_59' title="bbox 2067 479 3642 562">
     <span class='ocr_line' id='line_1_59' title="bbox 2067 479 3642 562; baseline 0.011 -32"><span class='ocrx_word' id='word_1_450' title='bbox 2067 479 2181 546; x_wconf 86' lang='grc' dir='ltr'>φῶς</span> <span class='ocrx_word' id='word_1_451' title='bbox 2207 493 2252 547; x_wconf 79' lang='grc' dir='ltr'>ε,</span> <span class='ocrx_word' id='word_1_452' title='bbox 2293 485 2394 538; x_wconf 78' lang='grc' dir='ltr'>κᾶν</span> <span class='ocrx_word' id='word_1_453' title='bbox 2423 486 2648 562; x_wconf 78' lang='grc' dir='ltr'>σκοτίζῃ</span> <span class='ocrx_word' id='word_1_454' title='bbox 2675 489 2800 554; x_wconf 81' lang='grc' dir='ltr'>τούς</span> <span class='ocrx_word' id='word_1_455' title='bbox 2831 488 3096 554; x_wconf 86' lang='grc' dir='ltr'>ἀσθενεῖς,</span> <span class='ocrx_word' id='word_1_456' title='bbox 3139 489 3253 560; x_wconf 85' lang='grc' dir='ltr'>φῶς</span> <span class='ocrx_word' id='word_1_457' title='bbox 3293 489 3429 556; x_wconf 87' lang='grc' dir='ltr'>ἐστι,</span> <span class='ocrx_word' id='word_1_458' title='bbox 3467 497 3642 548; x_wconf 77' lang='grc' dir='ltr'>καίτοι</span> 
     </span>
    </p>
   </div>
   <div class='ocr_carea' id='block_1_60' title="bbox 2065 573 3639 651">
    <p class='ocr_par' dir='ltr' id='par_1_60' title="bbox 2065 573 3639 651">
     <span class='ocr_line' id='line_1_60' title="bbox 2065 573 3639 651; baseline 0.008 -28"><span class='ocrx_word' id='word_1_459' title='bbox 2065 573 2346 638; x_wconf 75' lang='grc' dir='ltr'>σκοτίζονο</span> <span class='ocrx_word' id='word_1_460' title='bbox 2397 579 2490 632; x_wconf 75' lang='grc' dir='ltr'>καὶ</span> <span class='ocrx_word' id='word_1_461' title='bbox 2528 579 2589 632; x_wconf 85' lang='grc' dir='ltr'>τὸ</span> <span class='ocrx_word' id='word_1_462' title='bbox 2622 579 2747 650; x_wconf 90' lang='grc' dir='ltr'>μέλι</span> <span class='ocrx_word' id='word_1_463' title='bbox 2789 578 2893 633; x_wconf 84' lang='grc' dir='ltr'>κᾶν</span> <span class='ocrx_word' id='word_1_464' title='bbox 2946 578 3142 650; x_wconf 84' lang='grc' dir='ltr'>πικρὸν</span> <span class='ocrx_word' id='word_1_465' title='bbox 3267 582 3380 644; x_wconf 88' lang='grc' dir='ltr'>τοῖς</span> <span class='ocrx_word' id='word_1_466' title='bbox 3403 577 3639 648; x_wconf 84' lang='grc' dir='ltr'>νοσοῦσι,</span> 
     </span>
    </p>
   </div>
   <div class='ocr_carea' id='block_1_61' title="bbox 2062 662 3638 742">
    <p class='ocr_par' dir='ltr' id='par_1_61' title="bbox 2062 662 3638 742">
     <span class='ocr_line' id='line_1_61' title="bbox 2062 662 3638 742; baseline 0.009 -27"><span class='ocrx_word' id='word_1_467' title='bbox 2062 662 2230 730; x_wconf 84' lang='grc' dir='ltr'>γλυκύ</span> <span class='ocrx_word' id='word_1_468' title='bbox 2263 668 2360 737; x_wconf 82' lang='grc' dir='ltr'>τὴν</span> <span class='ocrx_word' id='word_1_469' title='bbox 2391 670 2552 738; x_wconf 88' lang='grc' dir='ltr'>φύσιν</span> <span class='ocrx_word' id='word_1_470' title='bbox 2581 672 2727 724; x_wconf 86' lang='grc' dir='ltr'>ἐστιν</span> <span class='ocrx_word' id='word_1_471' title='bbox 2767 686 2782 702; x_wconf 76' lang='grc' dir='ltr'><strong>ο</strong></span> <span class='ocrx_word' id='word_1_472' title='bbox 2808 671 2952 724; x_wconf 76' lang='grc' dir='ltr'>οὕτω</span> <span class='ocrx_word' id='word_1_473' title='bbox 2980 672 3076 724; x_wconf 74' lang='grc' dir='ltr'>καὶ</span> <span class='ocrx_word' id='word_1_474' title='bbox 3101 672 3163 726; x_wconf 81' lang='grc' dir='ltr'>τὸ</span> <span class='ocrx_word' id='word_1_475' title='bbox 3194 673 3514 742; x_wconf 87' lang='grc' dir='ltr'>εὐαγγέλιον</span> <span class='ocrx_word' id='word_1_476' title='bbox 3548 675 3638 729; x_wconf 83' lang='grc' dir='ltr'>εὐ·-</span> 
     </span>
    </p>
   </div>
   <div class='ocr_carea' id='block_1_62' title="bbox 2059 754 3638 829">
    <p class='ocr_par' dir='ltr' id='par_1_62' title="bbox 2059 754 3638 829">
     <span class='ocr_line' id='line_1_62' title="bbox 2059 754 3638 829; baseline 0.009 -23"><span class='ocrx_word' id='word_1_477' title='bbox 2059 754 2191 819; x_wconf 85' lang='grc' dir='ltr'>ῶδές</span> <span class='ocrx_word' id='word_1_478' title='bbox 2237 758 2373 820; x_wconf 81' lang='grc' dir='ltr'>ἐστι,</span> <span class='ocrx_word' id='word_1_479' title='bbox 2403 759 2506 813; x_wconf 74' lang='grc' dir='ltr'>κᾶν</span> <span class='ocrx_word' id='word_1_480' title='bbox 2536 760 2911 816; x_wconf 86' lang='grc' dir='ltr'>ἀπολλύωνταί</span> <span class='ocrx_word' id='word_1_481' title='bbox 2960 779 3105 826; x_wconf 89' lang='grc' dir='ltr'>τινες</span> <span class='ocrx_word' id='word_1_482' title='bbox 3145 762 3521 829; x_wconf 87' lang='grc' dir='ltr'>ἀπιστοῦντες.</span> <span class='ocrx_word' id='word_1_483' title='bbox 3563 767 3638 820; x_wconf 87' lang='grc' dir='ltr'>Οὐ</span> 
     </span>
    </p>
   </div>
   <div class='ocr_carea' id='block_1_63' title="bbox 2059 849 3635 925">
    <p class='ocr_par' dir='ltr' id='par_1_63' title="bbox 2059 849 3635 925">
     <span class='ocr_line' id='line_1_63' title="bbox 2059 849 3635 925; baseline 0.006 -24"><span class='ocrx_word' id='word_1_484' title='bbox 2059 849 2167 920; x_wconf 77' lang='grc' dir='ltr'>γὰρ</span> <span class='ocrx_word' id='word_1_485' title='bbox 2195 850 2358 904; x_wconf 88' lang='grc' dir='ltr'>αὐτοῦ</span> <span class='ocrx_word' id='word_1_486' title='bbox 2387 853 2598 924; x_wconf 79' lang='grc' dir='ltr'>ἔργονή</span> <span class='ocrx_word' id='word_1_487' title='bbox 2632 852 2894 916; x_wconf 85' lang='grc' dir='ltr'>ἀπώλεια,</span> <span class='ocrx_word' id='word_1_488' title='bbox 2921 853 3058 907; x_wconf 87' lang='grc' dir='ltr'>ἀλλά</span> <span class='ocrx_word' id='word_1_489' title='bbox 3082 853 3180 925; x_wconf 80' lang='grc' dir='ltr'>τῆς</span> <span class='ocrx_word' id='word_1_490' title='bbox 3205 854 3430 909; x_wconf 78' lang='grc' dir='ltr'>ἐκείνων</span> <span class='ocrx_word' id='word_1_491' title='bbox 3459 857 3635 925; x_wconf 72' lang='grc' dir='ltr'>ἀγνωο</span> 
     </span>
    </p>
   </div>
   <div class='ocr_carea' id='block_1_64' title="bbox 2061 940 3635 1018">
    <p class='ocr_par' dir='ltr' id='par_1_64' title="bbox 2061 940 3635 1018">
     <span class='ocr_line' id='line_1_64' title="bbox 2061 940 3635 1018; baseline 0.006 -26"><span class='ocrx_word' id='word_1_492' title='bbox 2061 940 2316 1012; x_wconf 88' lang='grc' dir='ltr'>μοσύνης.</span> <span class='ocrx_word' id='word_1_493' title='bbox 2346 943 2454 997; x_wconf 88' lang='lat' dir='ltr'>Kal</span> <span class='ocrx_word' id='word_1_494' title='bbox 2479 944 2651 1016; x_wconf 79' lang='grc' dir='ltr'>ταύτῃ</span> <span class='ocrx_word' id='word_1_495' title='bbox 2683 944 2740 998; x_wconf 86' lang='grc' dir='ltr'>δὲ</span> <span class='ocrx_word' id='word_1_496' title='bbox 2772 944 3008 1014; x_wconf 89' lang='grc' dir='ltr'>μάλιστα</span> <span class='ocrx_word' id='word_1_497' title='bbox 3036 945 3068 1014; x_wconf 89' lang='grc' dir='ltr'>ή</span> <span class='ocrx_word' id='word_1_498' title='bbox 3094 946 3294 999; x_wconf 86' lang='grc' dir='ltr'>εὐωδία</span> <span class='ocrx_word' id='word_1_499' title='bbox 3314 946 3483 1000; x_wconf 88' lang='grc' dir='ltr'>αὐτοῦ</span> <span class='ocrx_word' id='word_1_500' title='bbox 3510 949 3635 1018; x_wconf 77' lang='grc' dir='ltr'>φαί-</span> 
     </span>
    </p>
   </div>
   <div class='ocr_carea' id='block_1_65' title="bbox 2057 1024 3629 1106">
    <p class='ocr_par' dir='ltr' id='par_1_65' title="bbox 2057 1024 3629 1106">
     <span class='ocr_line' id='line_1_65' title="bbox 2057 1024 3629 1106; baseline 0.008 -27"><span class='ocrx_word' id='word_1_501' title='bbox 2057 1024 2292 1103; x_wconf 80' lang='grc' dir='ltr'>νεται,ᾗ</span> <span class='ocrx_word' id='word_1_502' title='bbox 2343 1033 2392 1084; x_wconf 82' lang='grc' dir='ltr'>οἱ</span> <span class='ocrx_word' id='word_1_503' title='bbox 2434 1033 2816 1104; x_wconf 77' lang='grc' dir='ltr'>διεφθαρμένοι</span> <span class='ocrx_word' id='word_1_504' title='bbox 2869 1033 2963 1087; x_wconf 79' lang='grc' dir='ltr'>καὶ</span> <span class='ocrx_word' id='word_1_505' title='bbox 3007 1035 3238 1106; x_wconf 73' lang='grc' dir='ltr'>πονηροὶ</span> <span class='ocrx_word' id='word_1_506' title='bbox 3284 1036 3629 1093; x_wconf 81' lang='grc' dir='ltr'>ἀπόλλυνται.</span> 
     </span>
    </p>
   </div>
   <div class='ocr_carea' id='block_1_66' title="bbox 2057 1117 3633 1196">
    <p class='ocr_par' dir='ltr' id='par_1_66' title="bbox 2057 1117 3633 1196">
     <span class='ocr_line' id='line_1_66' title="bbox 2057 1117 3633 1196; baseline 0.008 -26"><span class='ocrx_word' id='word_1_507' title='bbox 2057 1117 2217 1172; x_wconf 83' lang='grc' dir='ltr'>Ὥστε</span> <span class='ocrx_word' id='word_1_508' title='bbox 2239 1122 2338 1174; x_wconf 88' lang='grc' dir='ltr'>οὐκ</span> <span class='ocrx_word' id='word_1_509' title='bbox 2366 1122 2473 1175; x_wconf 81' lang='grc' dir='ltr'>ἀπὸ</span> <span class='ocrx_word' id='word_1_510' title='bbox 2492 1122 2590 1192; x_wconf 82' lang='grc' dir='ltr'>τῆς</span> <span class='ocrx_word' id='word_1_511' title='bbox 2612 1123 2721 1177; x_wconf 91' lang='grc' dir='ltr'>τῶν</span> <span class='ocrx_word' id='word_1_512' title='bbox 2747 1123 2964 1193; x_wconf 86' lang='grc' dir='ltr'>ἀγαθῶν</span> <span class='ocrx_word' id='word_1_513' title='bbox 2990 1126 3263 1195; x_wconf 86' lang='grc' dir='ltr'>σωτηρίας</span> <span class='ocrx_word' id='word_1_514' title='bbox 3287 1126 3470 1196; x_wconf 85' lang='grc' dir='ltr'>μόνον,</span> <span class='ocrx_word' id='word_1_515' title='bbox 3495 1128 3633 1182; x_wconf 85' lang='grc' dir='ltr'>ἀλλά</span> 
     </span>
    </p>
   </div>
   <div class='ocr_carea' id='block_1_67' title="bbox 2056 1210 3630 1286">
    <p class='ocr_par' dir='ltr' id='par_1_67' title="bbox 2056 1210 3630 1286">
     <span class='ocr_line' id='line_1_67' title="bbox 2056 1210 3630 1286; baseline 0.007 -24"><span class='ocrx_word' id='word_1_516' title='bbox 2056 1210 2148 1262; x_wconf 62' lang='grc' dir='ltr'>καί⁹</span> <span class='ocrx_word' id='word_1_517' title='bbox 2180 1212 2286 1264; x_wconf 85' lang='grc' dir='ltr'>ἀπὸ</span> <span class='ocrx_word' id='word_1_518' title='bbox 2310 1212 2406 1282; x_wconf 84' lang='grc' dir='ltr'>τῆς</span> <span class='ocrx_word' id='word_1_519' title='bbox 2435 1213 2542 1266; x_wconf 90' lang='grc' dir='ltr'>τῶν</span> <span class='ocrx_word' id='word_1_520' title='bbox 2573 1214 2827 1286; x_wconf 89' lang='grc' dir='ltr'>πονηρῶν</span> <span class='ocrx_word' id='word_1_521' title='bbox 2858 1215 3136 1280; x_wconf 86' lang='grc' dir='ltr'>ἀπωλείας</span> <span class='ocrx_word' id='word_1_522' title='bbox 3159 1217 3436 1271; x_wconf 86' lang='grc' dir='ltr'>δείκνυται</span> <span class='ocrx_word' id='word_1_523' title='bbox 3468 1219 3630 1273; x_wconf 82' lang='grc' dir='ltr'>αὐτοῦ</span> 
     </span>
    </p>
   </div>
   <div class='ocr_carea' id='block_1_68' title="bbox 2054 1300 3632 1384">
    <p class='ocr_par' dir='ltr' id='par_1_68' title="bbox 2054 1300 3632 1384">
     <span class='ocr_line' id='line_1_68' title="bbox 2054 1300 3632 1384; baseline 0.008 -33"><span class='ocrx_word' id='word_1_524' title='bbox 2054 1300 2087 1369; x_wconf 88' lang='grc' dir='ltr'>ή</span> <span class='ocrx_word' id='word_1_525' title='bbox 2117 1300 2306 1370; x_wconf 86' lang='grc' dir='ltr'>ἀρετή.</span> <span class='ocrx_word' id='word_1_526' title='bbox 2357 1301 2508 1356; x_wconf 67' lang='grc' dir='ltr'>Ἐπεὶ</span> <span class='ocrx_word' id='word_1_527' title='bbox 2555 1303 2650 1358; x_wconf 76' lang='grc' dir='ltr'>καὶ</span> <span class='ocrx_word' id='word_1_528' title='bbox 2679 1307 2707 1357; x_wconf 84' lang='grc' dir='ltr'>ὁ</span> <span class='ocrx_word' id='word_1_529' title='bbox 2738 1304 2922 1376; x_wconf 78' lang='grc' dir='ltr'>ἥλιος,</span> <span class='ocrx_word' id='word_1_530' title='bbox 2955 1306 3142 1378; x_wconf 81' lang='grc' dir='ltr'>ἐπειδὴ</span> <span class='ocrx_word' id='word_1_531' title='bbox 3174 1307 3378 1380; x_wconf 84' lang='grc' dir='ltr'>σφόδρα</span> <span class='ocrx_word' id='word_1_532' title='bbox 3410 1311 3632 1384; x_wconf 79' lang='grc' dir='ltr'>φαιδρός</span> 
     </span>
    </p>
   </div>
   <div class='ocr_carea' id='block_1_69' title="bbox 2053 1390 3630 1466">
    <p class='ocr_par' dir='ltr' id='par_1_69' title="bbox 2053 1390 3630 1466">
     <span class='ocr_line' id='line_1_69' title="bbox 2053 1390 3630 1466; baseline 0.011 -25"><span class='ocrx_word' id='word_1_533' title='bbox 2053 1391 2190 1454; x_wconf 81' lang='grc' dir='ltr'>ἐστι,</span> <span class='ocrx_word' id='word_1_534' title='bbox 2236 1390 2322 1444; x_wconf 80' lang='grc' dir='ltr'>διά</span> <span class='ocrx_word' id='word_1_535' title='bbox 2369 1391 2526 1446; x_wconf 89' lang='grc' dir='ltr'>τοῦτο</span> <span class='ocrx_word' id='word_1_536' title='bbox 2579 1395 2813 1464; x_wconf 86' lang='grc' dir='ltr'>μάλιστα</span> <span class='ocrx_word' id='word_1_537' title='bbox 2845 1397 3070 1466; x_wconf 83' lang='grc' dir='ltr'>πλήττει</span> <span class='ocrx_word' id='word_1_538' title='bbox 3117 1399 3226 1454; x_wconf 91' lang='grc' dir='ltr'>τῶν</span> <span class='ocrx_word' id='word_1_539' title='bbox 3265 1401 3630 1458; x_wconf 88' lang='grc' dir='ltr'>ἀσθενούντων</span> 
     </span>
    </p>
   </div>
   <div class='ocr_carea' id='block_1_70' title="bbox 2053 1483 3630 1560">
    <p class='ocr_par' dir='ltr' id='par_1_70' title="bbox 2053 1483 3630 1560">
     <span class='ocr_line' id='line_1_70' title="bbox 2053 1483 3630 1560; baseline 0.008 -25"><span class='ocrx_word' id='word_1_540' title='bbox 2053 1483 2149 1546; x_wconf 85' lang='grc' dir='ltr'>τὰς</span> <span class='ocrx_word' id='word_1_541' title='bbox 2173 1484 2325 1554; x_wconf 74' lang='grc' dir='ltr'>ὄψεις</span> <span class='ocrx_word' id='word_1_542' title='bbox 2350 1503 2360 1513; x_wconf 86' lang='grc'><strong>·</strong></span> <span class='ocrx_word' id='word_1_543' title='bbox 2399 1488 2492 1539; x_wconf 78' lang='grc' dir='ltr'>καὶ</span> <span class='ocrx_word' id='word_1_544' title='bbox 2519 1488 2548 1539; x_wconf 76' lang='grc' dir='ltr'><strong>ὁ</strong></span> <span class='ocrx_word' id='word_1_545' title='bbox 2584 1489 2776 1560; x_wconf 83' lang='grc' dir='ltr'>Σωτήρ</span> <span class='ocrx_word' id='word_1_546' title='bbox 2803 1490 2883 1554; x_wconf 86' lang='grc' dir='ltr'>είς</span> <span class='ocrx_word' id='word_1_547' title='bbox 2911 1491 3118 1544; x_wconf 93' lang='grc' dir='ltr'>πτῶσιν</span> <span class='ocrx_word' id='word_1_548' title='bbox 3143 1491 3350 1547; x_wconf 87' lang='grc' dir='ltr'>πολλῶν</span> <span class='ocrx_word' id='word_1_549' title='bbox 3387 1495 3476 1547; x_wconf 78' lang='grc' dir='ltr'>καὶ</span> <span class='ocrx_word' id='word_1_550' title='bbox 3501 1495 3630 1548; x_wconf 77' lang='grc' dir='ltr'>ἀνάο</span> 
     </span>
    </p>
   </div>
   <div class='ocr_carea' id='block_1_71' title="bbox 2054 1573 3628 1655">
    <p class='ocr_par' dir='ltr' id='par_1_71' title="bbox 2054 1573 3628 1655">
     <span class='ocr_line' id='line_1_71' title="bbox 2054 1573 3628 1655; baseline 0.008 -30"><span class='ocrx_word' id='word_1_551' title='bbox 2054 1573 2241 1626; x_wconf 89' lang='grc' dir='ltr'>στασίν</span> <span class='ocrx_word' id='word_1_552' title='bbox 2275 1575 2442 1640; x_wconf 87' lang='grc' dir='ltr'>ἐστιν,</span> <span class='ocrx_word' id='word_1_553' title='bbox 2489 1575 2604 1630; x_wconf 84' lang='grc' dir='ltr'>ἀλλ’</span> <span class='ocrx_word' id='word_1_554' title='bbox 2634 1579 2781 1648; x_wconf 85' lang='grc' dir='ltr'>ὅμως</span> <span class='ocrx_word' id='word_1_555' title='bbox 2829 1580 2980 1650; x_wconf 90' lang='grc' dir='ltr'>μένει</span> <span class='ocrx_word' id='word_1_556' title='bbox 3030 1581 3221 1652; x_wconf 79' lang='grc' dir='ltr'>Σωτὴρ</span> <span class='ocrx_word' id='word_1_557' title='bbox 3262 1582 3357 1646; x_wconf 84' lang='grc' dir='ltr'>ὢν,</span> <span class='ocrx_word' id='word_1_558' title='bbox 3401 1585 3495 1636; x_wconf 68' lang='grc' dir='ltr'>καὶ</span> <span class='ocrx_word' id='word_1_559' title='bbox 3525 1603 3628 1655; x_wconf 81' lang='grc' dir='ltr'>μυ-</span> 
     </span>
    </p>
   </div>
   <div class='ocr_carea' id='block_1_72' title="bbox 2053 1659 3629 1742">
    <p class='ocr_par' dir='ltr' id='par_1_72' title="bbox 2053 1659 3629 1742">
     <span class='ocr_line' id='line_1_72' title="bbox 2053 1659 3629 1742; baseline 0.01 -31"><span class='ocrx_word' id='word_1_560' title='bbox 2053 1659 2185 1729; x_wconf 87' lang='grc' dir='ltr'>ρίων</span> <span class='ocrx_word' id='word_1_561' title='bbox 2219 1663 2556 1716; x_wconf 74' lang='grc' dir='ltr'>πιπτόντωνο</span> <span class='ocrx_word' id='word_1_562' title='bbox 2595 1665 2688 1718; x_wconf 80' lang='grc' dir='ltr'>καὶ</span> <span class='ocrx_word' id='word_1_563' title='bbox 2735 1668 2766 1736; x_wconf 90' lang='grc' dir='ltr'>ή</span> <span class='ocrx_word' id='word_1_564' title='bbox 2826 1669 3101 1739; x_wconf 86' lang='grc' dir='ltr'>παρουσία</span> <span class='ocrx_word' id='word_1_565' title='bbox 3151 1670 3316 1724; x_wconf 87' lang='grc' dir='ltr'>αὐτοῦ</span> <span class='ocrx_word' id='word_1_566' title='bbox 3368 1673 3629 1742; x_wconf 79' lang='grc' dir='ltr'>μειζόνως</span> 
     </span>
    </p>
   </div>
   <div class='ocr_carea' id='block_1_73' title="bbox 2051 1753 3627 1835">
    <p class='ocr_par' dir='ltr' id='par_1_73' title="bbox 2051 1753 3627 1835">
     <span class='ocr_line' id='line_1_73' title="bbox 2051 1753 3627 1835; baseline 0.01 -31"><span class='ocrx_word' id='word_1_567' title='bbox 2051 1753 2276 1807; x_wconf 82' lang='grc' dir='ltr'>ἐκόλασε</span> <span class='ocrx_word' id='word_1_568' title='bbox 2308 1757 2436 1819; x_wconf 80' lang='grc' dir='ltr'>τοὺς</span> <span class='ocrx_word' id='word_1_569' title='bbox 2471 1757 2544 1827; x_wconf 86' lang='grc' dir='ltr'>μὴ</span> <span class='ocrx_word' id='word_1_570' title='bbox 2582 1759 2962 1830; x_wconf 80' lang='grc' dir='ltr'>πειθομένους,</span> <span class='ocrx_word' id='word_1_571' title='bbox 2998 1761 3115 1815; x_wconf 79' lang='grc' dir='ltr'>ἀλλ’</span> <span class='ocrx_word' id='word_1_572' title='bbox 3148 1763 3298 1834; x_wconf 83' lang='grc' dir='ltr'>ὅμως</span> <span class='ocrx_word' id='word_1_573' title='bbox 3336 1765 3489 1835; x_wconf 87' lang='grc' dir='ltr'>μένει</span> <span class='ocrx_word' id='word_1_574' title='bbox 3521 1783 3627 1820; x_wconf 85' lang='grc' dir='ltr'>σω-</span> 
     </span>
    </p>
   </div>
   <div class='ocr_carea' id='block_1_74' title="bbox 2048 1843 3630 1924">
    <p class='ocr_par' dir='ltr' id='par_1_74' title="bbox 2048 1843 3630 1924">
     <span class='ocr_line' id='line_1_74' title="bbox 2048 1843 3630 1924; baseline 0.01 -28"><span class='ocrx_word' id='word_1_575' title='bbox 2048 1844 2235 1916; x_wconf 84' lang='grc' dir='ltr'>τήριος</span> <span class='ocrx_word' id='word_1_576' title='bbox 2261 1843 2414 1904; x_wconf 77' lang='grc' dir='ltr'>οὖσα.</span> <span class='ocrx_word' id='word_1_577' title='bbox 2455 1848 2554 1902; x_wconf 78' lang='grc' dir='ltr'>Διά</span> <span class='ocrx_word' id='word_1_578' title='bbox 2581 1849 2739 1904; x_wconf 87' lang='grc' dir='ltr'>τοῦτο</span> <span class='ocrx_word' id='word_1_579' title='bbox 2759 1852 2852 1906; x_wconf 79' lang='grc' dir='ltr'>καὶ</span> <span class='ocrx_word' id='word_1_580' title='bbox 2884 1853 3044 1915; x_wconf 83' lang='grc' dir='ltr'>αὐτός</span> <span class='ocrx_word' id='word_1_581' title='bbox 3071 1871 3256 1924; x_wconf 86' lang='grc' dir='ltr'>φησιν,</span> <span class='ocrx_word' id='word_1_582' title='bbox 3282 1857 3364 1909; x_wconf 82' lang='grc' dir='ltr'>ὅτι</span> <span class='ocrx_word' id='word_1_583' title='bbox 3399 1856 3483 1923; x_wconf 85' lang='grc' dir='ltr'>Τῷ</span> <span class='ocrx_word' id='word_1_584' title='bbox 3506 1857 3630 1922; x_wconf 86' lang='grc' dir='ltr'>Θεῷ</span> 
     </span>
    </p>
   </div>
   <div class='ocr_carea' id='block_1_75' title="bbox 2048 1938 3625 2013">
    <p class='ocr_par' dir='ltr' id='par_1_75' title="bbox 2048 1938 3625 2013">
     <span class='ocr_line' id='line_1_75' title="bbox 2048 1938 3625 2013; baseline 0.008 -23"><span class='ocrx_word' id='word_1_585' title='bbox 2048 1938 2266 1994; x_wconf 82' lang='grc' dir='ltr'>εὐωδία</span> <span class='ocrx_word' id='word_1_586' title='bbox 2302 1941 2491 2012; x_wconf 81' lang='grc' dir='ltr'>ἐσμέν</span> <span class='ocrx_word' id='word_1_587' title='bbox 2515 1959 2528 1975; x_wconf 78' lang='grc' dir='ltr'><strong>ο</strong></span> <span class='ocrx_word' id='word_1_588' title='bbox 2564 1944 2834 2009; x_wconf 87' lang='grc' dir='ltr'>τουτέστι,</span> <span class='ocrx_word' id='word_1_589' title='bbox 2881 1945 3000 1998; x_wconf 81' lang='grc' dir='ltr'>Κᾶν</span> <span class='ocrx_word' id='word_1_590' title='bbox 3037 1945 3413 2000; x_wconf 87' lang='grc' dir='ltr'>ἀπολλύωνταί</span> <span class='ocrx_word' id='word_1_591' title='bbox 3459 1965 3625 2013; x_wconf 84' lang='grc' dir='ltr'>τινες⁹</span> 
     </span>
    </p>
   </div>
   <div class='ocr_carea' id='block_1_76' title="bbox 2048 2031 3628 2110">
    <p class='ocr_par' dir='ltr' id='par_1_76' title="bbox 2048 2031 3628 2110">
     <span class='ocr_line' id='line_1_76' title="bbox 2048 2031 3628 2110; baseline 0.007 -27"><span class='ocrx_word' id='word_1_592' title='bbox 2048 2031 2209 2099; x_wconf 77' lang='grc' dir='ltr'>ἡμεῖς</span> <span class='ocrx_word' id='word_1_593' title='bbox 2255 2032 2486 2104; x_wconf 88' lang='grc' dir='ltr'>μένομεν</span> <span class='ocrx_word' id='word_1_594' title='bbox 2534 2033 2692 2088; x_wconf 88' lang='grc' dir='ltr'>τοῦτο</span> <span class='ocrx_word' id='word_1_595' title='bbox 2747 2035 2897 2100; x_wconf 75' lang='grc' dir='ltr'>ὅντες</span> <span class='ocrx_word' id='word_1_596' title='bbox 2945 2038 3083 2109; x_wconf 76' lang='grc' dir='ltr'>δπερ</span> <span class='ocrx_word' id='word_1_597' title='bbox 3133 2038 3320 2110; x_wconf 88' lang='grc' dir='ltr'>ἐσμέν.</span> <span class='ocrx_word' id='word_1_598' title='bbox 3368 2040 3478 2093; x_wconf 81' lang='grc' dir='ltr'>Καὶ</span> <span class='ocrx_word' id='word_1_599' title='bbox 3527 2042 3628 2108; x_wconf 74' lang='grc' dir='ltr'>οὐκ</span> 
     </span>
    </p>
   </div>
   <div class='ocr_carea' id='block_1_77' title="bbox 2049 2115 3626 2200">
    <p class='ocr_par' dir='ltr' id='par_1_77' title="bbox 2049 2115 3626 2200">
     <span class='ocr_line' id='line_1_77' title="bbox 2049 2115 3626 2200; baseline 0.008 -30"><span class='ocrx_word' id='word_1_600' title='bbox 2049 2117 2233 2182; x_wconf 83' lang='grc' dir='ltr'>ἁπλῶς</span> <span class='ocrx_word' id='word_1_601' title='bbox 2259 2115 2433 2188; x_wconf 75' lang='grc' dir='ltr'>εἶπεν,</span> <span class='ocrx_word' id='word_1_602' title='bbox 2467 2122 2719 2183; x_wconf 78' lang='grc' dir='ltr'>Εὺωδία.</span> <span class='ocrx_word' id='word_1_603' title='bbox 2751 2123 2908 2190; x_wconf 80' lang='grc' dir='ltr'>ἀλλὰ,</span> <span class='ocrx_word' id='word_1_604' title='bbox 2943 2124 3029 2192; x_wconf 82' lang='grc' dir='ltr'>Τῷ</span> <span class='ocrx_word' id='word_1_605' title='bbox 3064 2125 3205 2192; x_wconf 84' lang='grc' dir='ltr'>Θεῷ.</span> <span class='ocrx_word' id='word_1_606' title='bbox 3241 2127 3411 2182; x_wconf 88' lang='grc' dir='ltr'>Ὅταν</span> <span class='ocrx_word' id='word_1_607' title='bbox 3446 2127 3504 2182; x_wconf 75' lang='grc' dir='ltr'>δέ</span> <span class='ocrx_word' id='word_1_608' title='bbox 3545 2129 3626 2200; x_wconf 85' lang='grc' dir='ltr'>τῷ</span> 
     </span>
    </p>
   </div>
   <div class='ocr_carea' id='block_1_78' title="bbox 2045 2206 3627 2289">
    <p class='ocr_par' dir='ltr' id='par_1_78' title="bbox 2045 2206 3627 2289">
     <span class='ocr_line' id='line_1_78' title="bbox 2045 2206 3627 2289; baseline 0.007 -27"><span class='ocrx_word' id='word_1_609' title='bbox 2045 2209 2164 2280; x_wconf 86' lang='grc' dir='ltr'>Θεῷ</span> <span class='ocrx_word' id='word_1_610' title='bbox 2197 2212 2394 2266; x_wconf 83' lang='grc' dir='ltr'>εὐωδία</span> <span class='ocrx_word' id='word_1_611' title='bbox 2440 2206 2610 2284; x_wconf 82' lang='grc' dir='ltr'>ὦμεν,</span> <span class='ocrx_word' id='word_1_612' title='bbox 2655 2215 2904 2280; x_wconf 88' lang='grc' dir='ltr'>κάκεῖνος</span> <span class='ocrx_word' id='word_1_613' title='bbox 2945 2216 3116 2271; x_wconf 89' lang='grc' dir='ltr'>ταῦτα</span> <span class='ocrx_word' id='word_1_614' title='bbox 3173 2218 3497 2289; x_wconf 75' lang='grc' dir='ltr'>ψηφίζηται,</span> <span class='ocrx_word' id='word_1_615' title='bbox 3541 2221 3627 2284; x_wconf 86' lang='grc' dir='ltr'>τίς</span> 
     </span>
    </p>
   </div>
   <div class='ocr_carea' id='block_1_79' title="bbox 2045 2301 3626 2384">
    <p class='ocr_par' dir='ltr' id='par_1_79' title="bbox 2045 2301 3626 2384">
     <span class='ocr_line' id='line_1_79' title="bbox 2045 2301 3626 2384; baseline 0.008 -31"><span class='ocrx_word' id='word_1_616' title='bbox 2045 2301 2262 2373; x_wconf 84' lang='grc' dir='ltr'>ἀντερεῖ</span> <span class='ocrx_word' id='word_1_617' title='bbox 2310 2302 2524 2371; x_wconf 85' lang='grc' dir='ltr'>λοιπόν;</span> <span class='ocrx_word' id='word_1_618' title='bbox 2561 2304 2672 2358; x_wconf 87' lang='lat' dir='ltr'>Kal</span> <span class='ocrx_word' id='word_1_619' title='bbox 2719 2306 2799 2373; x_wconf 86' lang='grc' dir='ltr'>τὺ,</span> <span class='ocrx_word' id='word_1_620' title='bbox 2833 2307 3070 2377; x_wconf 86' lang='grc' dir='ltr'>Χριστοῦ</span> <span class='ocrx_word' id='word_1_621' title='bbox 3099 2308 3155 2362; x_wconf 85' lang='grc' dir='ltr'>δὲ</span> <span class='ocrx_word' id='word_1_622' title='bbox 3181 2310 3396 2376; x_wconf 86' lang='grc' dir='ltr'>εὐωδία,</span> <span class='ocrx_word' id='word_1_623' title='bbox 3431 2311 3626 2384; x_wconf 86' lang='grc' dir='ltr'>διπλῆν</span> 
     </span>
    </p>
   </div>
   <div class='ocr_carea' id='block_1_80' title="bbox 2049 2392 3622 2472">
    <p class='ocr_par' dir='ltr' id='par_1_80' title="bbox 2049 2392 3622 2472">
     <span class='ocr_line' id='line_1_80' title="bbox 2049 2392 3622 2472; baseline 0.008 -28"><span class='ocrx_word' id='word_1_624' title='bbox 2049 2407 2138 2461; x_wconf 89' lang='grc' dir='ltr'>μοι</span> <span class='ocrx_word' id='word_1_625' title='bbox 2171 2392 2267 2464; x_wconf 79' lang='grc' dir='ltr'>τὴν</span> <span class='ocrx_word' id='word_1_626' title='bbox 2311 2394 2568 2465; x_wconf 77' lang='grc' dir='ltr'>ἐξήγησιν</span> <span class='ocrx_word' id='word_1_627' title='bbox 2607 2395 2752 2465; x_wconf 78' lang='grc' dir='ltr'>ἔχειν</span> <span class='ocrx_word' id='word_1_628' title='bbox 2782 2396 2948 2451; x_wconf 88' lang='grc' dir='ltr'>δοκεῖ.</span> <span class='ocrx_word' id='word_1_629' title='bbox 2986 2398 3057 2450; x_wconf 89' lang='grc' dir='ltr'><strong>Ἦ</strong></span> <span class='ocrx_word' id='word_1_630' title='bbox 3086 2398 3194 2469; x_wconf 84' lang='grc' dir='ltr'>γὰρ</span> <span class='ocrx_word' id='word_1_631' title='bbox 3227 2399 3386 2454; x_wconf 87' lang='grc' dir='ltr'>τοῦτό</span> <span class='ocrx_word' id='word_1_632' title='bbox 3435 2419 3622 2472; x_wconf 84' lang='grc' dir='ltr'>φησιν,</span> 
     </span>
    </p>
   </div>
   <div class='ocr_carea' id='block_1_81' title="bbox 2043 2483 3625 2564">
    <p class='ocr_par' dir='ltr' id='par_1_81' title="bbox 2043 2483 3625 2564">
     <span class='ocr_line' id='line_1_81' title="bbox 2043 2483 3625 2564; baseline 0.008 -28"><span class='ocrx_word' id='word_1_633' title='bbox 2043 2483 2123 2536; x_wconf 87' lang='grc' dir='ltr'>ὃτι</span> <span class='ocrx_word' id='word_1_634' title='bbox 2151 2486 2373 2549; x_wconf 81' lang='grc' dir='ltr'>ἐαυτούς</span> <span class='ocrx_word' id='word_1_635' title='bbox 2399 2485 2588 2540; x_wconf 89' lang='grc' dir='ltr'>θυσίαν</span> <span class='ocrx_word' id='word_1_636' title='bbox 2622 2487 2962 2558; x_wconf 83' lang='grc' dir='ltr'>προσέφερον</span> <span class='ocrx_word' id='word_1_637' title='bbox 2996 2489 3452 2561; x_wconf 82' lang='grc' dir='ltr'>ἀποθνήσκοντες,</span> <span class='ocrx_word' id='word_1_638' title='bbox 3483 2494 3516 2564; x_wconf 77' lang='grc' dir='ltr'>ἢ</span> <span class='ocrx_word' id='word_1_639' title='bbox 3541 2494 3625 2548; x_wconf 87' lang='grc' dir='ltr'>ὅτι</span> 
     </span>
    </p>
   </div>
   <div class='ocr_carea' id='block_1_82' title="bbox 2042 2575 3625 2649">
    <p class='ocr_par' dir='ltr' id='par_1_82' title="bbox 2042 2575 3625 2649">
     <span class='ocr_line' id='line_1_82' title="bbox 2042 2575 3625 2649; baseline 0.006 -21"><span class='ocrx_word' id='word_1_640' title='bbox 2042 2576 2142 2646; x_wconf 83' lang='grc' dir='ltr'>τῆς</span> <span class='ocrx_word' id='word_1_641' title='bbox 2173 2575 2268 2628; x_wconf 86' lang='grc' dir='ltr'>τοῦ</span> <span class='ocrx_word' id='word_1_642' title='bbox 2294 2577 2530 2648; x_wconf 86' lang='grc' dir='ltr'>Χριστοῦ</span> <span class='ocrx_word' id='word_1_643' title='bbox 2563 2579 2779 2648; x_wconf 79' lang='grc' dir='ltr'>σφαγῆς</span> <span class='ocrx_word' id='word_1_644' title='bbox 2809 2579 3009 2632; x_wconf 89' lang='grc' dir='ltr'>εὐωδία</span> <span class='ocrx_word' id='word_1_645' title='bbox 3038 2581 3206 2649; x_wconf 85' lang='grc' dir='ltr'>ἐσμέν</span> <span class='ocrx_word' id='word_1_646' title='bbox 3240 2597 3254 2612; x_wconf 90' lang='grc'><strong>·</strong></span> <span class='ocrx_word' id='word_1_647' title='bbox 3287 2581 3362 2647; x_wconf 87' lang='grc' dir='ltr'>ῶς</span> <span class='ocrx_word' id='word_1_648' title='bbox 3387 2585 3453 2636; x_wconf 83' lang='grc' dir='ltr'>ἂν</span> <span class='ocrx_word' id='word_1_649' title='bbox 3479 2585 3625 2638; x_wconf 84' lang='grc' dir='ltr'>εἴποι</span> 
     </span>
    </p>
   </div>
   <div class='ocr_carea' id='block_1_83' title="bbox 2041 2666 3616 2746">
    <p class='ocr_par' dir='ltr' id='par_1_83' title="bbox 2041 2666 3616 2746">
     <span class='ocr_line' id='line_1_83' title="bbox 2041 2666 3616 2746; baseline 0.008 -28"><span class='ocrx_word' id='word_1_650' title='bbox 2041 2683 2146 2730; x_wconf 88' lang='grc' dir='ltr'>τις,</span> <span class='ocrx_word' id='word_1_651' title='bbox 2183 2666 2348 2721; x_wconf 86' lang='grc' dir='ltr'>Τοῦδε</span> <span class='ocrx_word' id='word_1_652' title='bbox 2378 2668 2471 2722; x_wconf 88' lang='grc' dir='ltr'>τοῦ</span> <span class='ocrx_word' id='word_1_653' title='bbox 2505 2670 2702 2741; x_wconf 83' lang='grc' dir='ltr'>ἱερείου</span> <span class='ocrx_word' id='word_1_654' title='bbox 2735 2671 2932 2724; x_wconf 87' lang='grc' dir='ltr'>εὐωδία</span> <span class='ocrx_word' id='word_1_655' title='bbox 2961 2672 3080 2725; x_wconf 77' lang='grc' dir='ltr'>ἐστὶ</span> <span class='ocrx_word' id='word_1_656' title='bbox 3109 2672 3228 2726; x_wconf 86' lang='grc' dir='ltr'>τόδε</span> <span class='ocrx_word' id='word_1_657' title='bbox 3252 2675 3313 2728; x_wconf 84' lang='grc' dir='ltr'>τὸ</span> <span class='ocrx_word' id='word_1_658' title='bbox 3339 2675 3616 2746; x_wconf 86' lang='grc' dir='ltr'>θυμίαμα.</span> 
     </span>
    </p>
   </div>
   <div class='ocr_carea' id='block_1_84' title="bbox 2047 2757 3620 2840">
    <p class='ocr_par' dir='ltr' id='par_1_84' title="bbox 2047 2757 3620 2840">
     <span class='ocr_line' id='line_1_84' title="bbox 2047 2757 3620 2840; baseline 0.008 -29"><span class='ocrx_word' id='word_1_659' title='bbox 2047 2760 2120 2812; x_wconf 79' lang='grc' dir='ltr'>’Ἠ</span> <span class='ocrx_word' id='word_1_660' title='bbox 2165 2759 2324 2814; x_wconf 88' lang='grc' dir='ltr'>τοῦτο</span> <span class='ocrx_word' id='word_1_661' title='bbox 2351 2757 2445 2815; x_wconf 91' lang='grc' dir='ltr'>οῦν</span> <span class='ocrx_word' id='word_1_662' title='bbox 2502 2762 2754 2832; x_wconf 81' lang='grc' dir='ltr'>ἐμφαίνει</span> <span class='ocrx_word' id='word_1_663' title='bbox 2801 2762 2902 2833; x_wconf 83' lang='grc' dir='ltr'>τῆς</span> <span class='ocrx_word' id='word_1_664' title='bbox 2935 2764 3163 2829; x_wconf 88' lang='grc' dir='ltr'>εὐωδίας</span> <span class='ocrx_word' id='word_1_665' title='bbox 3203 2766 3264 2820; x_wconf 83' lang='grc' dir='ltr'>τὸ</span> <span class='ocrx_word' id='word_1_666' title='bbox 3311 2767 3522 2839; x_wconf 74' lang='grc' dir='ltr'>ὄνομα·</span> <span class='ocrx_word' id='word_1_667' title='bbox 3562 2770 3620 2840; x_wconf 82' lang='grc' dir='ltr'>ἢ,</span> 
     </span>
    </p>
   </div>
   <div class='ocr_carea' id='block_1_85' title="bbox 2040 2850 3621 2928">
    <p class='ocr_par' dir='ltr' id='par_1_85' title="bbox 2040 2850 3621 2928">
     <span class='ocr_line' id='line_1_85' title="bbox 2040 2850 3621 2928; baseline 0.008 -25"><span class='ocrx_word' id='word_1_668' title='bbox 2040 2851 2178 2921; x_wconf 82' lang='grc' dir='ltr'>ὅπερ</span> <span class='ocrx_word' id='word_1_669' title='bbox 2204 2850 2374 2922; x_wconf 80' lang='grc' dir='ltr'>ἔφθην</span> <span class='ocrx_word' id='word_1_670' title='bbox 2407 2852 2597 2920; x_wconf 87' lang='grc' dir='ltr'>εἰπὼν,</span> <span class='ocrx_word' id='word_1_671' title='bbox 2637 2855 2720 2907; x_wconf 82' lang='grc' dir='ltr'>ὅτι</span> <span class='ocrx_word' id='word_1_672' title='bbox 2763 2853 2886 2909; x_wconf 88' lang='grc' dir='ltr'>καθ’</span> <span class='ocrx_word' id='word_1_673' title='bbox 2925 2856 3139 2928; x_wconf 80' lang='grc' dir='ltr'>ἡμέραν</span> <span class='ocrx_word' id='word_1_674' title='bbox 3168 2856 3384 2914; x_wconf 91' lang='grc' dir='ltr'>θύονται</span> <span class='ocrx_word' id='word_1_675' title='bbox 3411 2860 3499 2914; x_wconf 92' lang='grc' dir='ltr'>διά</span> <span class='ocrx_word' id='word_1_676' title='bbox 3528 2861 3621 2915; x_wconf 80' lang='grc' dir='ltr'>τὸν</span> 
     </span>
    </p>
   </div>
   <div class='ocr_carea' id='block_1_86' title="bbox 2040 2940 3618 3023">
    <p class='ocr_par' dir='ltr' id='par_1_86' title="bbox 2040 2940 3618 3023">
     <span class='ocr_line' id='line_1_86' title="bbox 2040 2940 3618 3023; baseline 0.008 -29"><span class='ocrx_word' id='word_1_677' title='bbox 2040 2942 2292 3014; x_wconf 86' lang='grc' dir='ltr'>Χριστόν.</span> <span class='ocrx_word' id='word_1_678' title='bbox 2370 2940 2523 3007; x_wconf 73' lang='grc' dir='ltr'>Εἶδες</span> <span class='ocrx_word' id='word_1_679' title='bbox 2583 2943 2686 2998; x_wconf 89' lang='grc' dir='ltr'>ποῦ</span> <span class='ocrx_word' id='word_1_680' title='bbox 2765 2946 2892 3010; x_wconf 87' lang='grc' dir='ltr'>τούς</span> <span class='ocrx_word' id='word_1_681' title='bbox 2956 2951 3297 3020; x_wconf 84' lang='grc' dir='ltr'>πειρασμούς</span> <span class='ocrx_word' id='word_1_682' title='bbox 3355 2952 3618 3023; x_wconf 83' lang='grc' dir='ltr'>ἀνήγαγε.</span> 
     </span>
    </p>
   </div>
   <div class='ocr_carea' id='block_1_87' title="bbox 2041 3031 3620 3116">
    <p class='ocr_par' dir='ltr' id='par_1_87' title="bbox 2041 3031 3620 3116">
     <span class='ocr_line' id='line_1_87' title="bbox 2041 3031 3620 3116; baseline 0.008 -30"><span class='ocrx_word' id='word_1_683' title='bbox 2041 3033 2308 3106; x_wconf 81' lang='grc' dir='ltr'>θρίαμϐον</span> <span class='ocrx_word' id='word_1_684' title='bbox 2348 3037 2441 3089; x_wconf 77' lang='grc' dir='ltr'>καὶ</span> <span class='ocrx_word' id='word_1_685' title='bbox 2474 3035 2626 3109; x_wconf 72' lang='grc'>[468]</span> <span class='ocrx_word' id='word_1_686' title='bbox 2668 3037 2896 3092; x_wconf 86' lang='grc' dir='ltr'>εὐωδίαν</span> <span class='ocrx_word' id='word_1_687' title='bbox 2942 3031 3143 3108; x_wconf 70' lang='grc' dir='ltr'>καλῶν,</span> <span class='ocrx_word' id='word_1_688' title='bbox 3191 3042 3289 3096; x_wconf 72' lang='grc' dir='ltr'>καὶ</span> <span class='ocrx_word' id='word_1_689' title='bbox 3322 3043 3514 3098; x_wconf 90' lang='grc' dir='ltr'>θυσίαν</span> <span class='ocrx_word' id='word_1_690' title='bbox 3543 3045 3620 3116; x_wconf 83' lang='grc' dir='ltr'>τῷ</span> 
     </span>
    </p>
   </div>
   <div class='ocr_carea' id='block_1_88' title="bbox 2039 3125 3619 3203">
    <p class='ocr_par' dir='ltr' id='par_1_88' title="bbox 2039 3125 3619 3203">
     <span class='ocr_line' id='line_1_88' title="bbox 2039 3125 3619 3203; baseline 0.009 -26"><span class='ocrx_word' id='word_1_691' title='bbox 2039 3125 2158 3196; x_wconf 85' lang='grc' dir='ltr'>Θεῷ</span> <span class='ocrx_word' id='word_1_692' title='bbox 2185 3127 2637 3198; x_wconf 82' lang='grc' dir='ltr'>προσαγομένην;</span> <span class='ocrx_word' id='word_1_693' title='bbox 2670 3125 2832 3196; x_wconf 74' lang='grc' dir='ltr'>Εἶτα,</span> <span class='ocrx_word' id='word_1_694' title='bbox 2855 3131 3043 3203; x_wconf 84' lang='grc' dir='ltr'>ἐπειδὴ</span> <span class='ocrx_word' id='word_1_695' title='bbox 3060 3127 3232 3198; x_wconf 84' lang='grc' dir='ltr'>εἶπεν,</span> <span class='ocrx_word' id='word_1_696' title='bbox 3264 3127 3619 3190; x_wconf 77' lang='grc' dir='ltr'>Εὺωδία’ὲο’-</span> 
     </span>
    </p>
   </div>
   <div class='ocr_carea' id='block_1_89' title="bbox 2039 3213 3615 3293">
    <p class='ocr_par' dir='ltr' id='par_1_89' title="bbox 2039 3213 3615 3293">
     <span class='ocr_line' id='line_1_89' title="bbox 2039 3213 3615 3293; baseline 0.007 -28"><span class='ocrx_word' id='word_1_697' title='bbox 2039 3213 2171 3281; x_wconf 85' lang='grc' dir='ltr'>μὲν,</span> <span class='ocrx_word' id='word_1_698' title='bbox 2211 3214 2310 3267; x_wconf 72' lang='grc' dir='ltr'>καί</span> <span class='ocrx_word' id='word_1_699' title='bbox 2354 3215 2425 3268; x_wconf 81' lang='grc' dir='ltr'>ἐν</span> <span class='ocrx_word' id='word_1_700' title='bbox 2462 3215 2590 3283; x_wconf 82' lang='grc' dir='ltr'>τοῖς</span> <span class='ocrx_word' id='word_1_701' title='bbox 2630 3217 3096 3286; x_wconf 73' lang='grc' dir='ltr'>ἀπολλυμένοις,</span> <span class='ocrx_word' id='word_1_702' title='bbox 3135 3219 3226 3274; x_wconf 84' lang='grc' dir='ltr'>ἵνα</span> <span class='ocrx_word' id='word_1_703' title='bbox 3255 3221 3329 3292; x_wconf 82' lang='grc' dir='ltr'>μὴ</span> <span class='ocrx_word' id='word_1_704' title='bbox 3368 3221 3615 3293; x_wconf 76' lang='grc' dir='ltr'>νομίσῃς,</span> 
     </span>
    </p>
   </div>
   <div class='ocr_carea' id='block_1_90' title="bbox 2038 3306 3619 3383">
    <p class='ocr_par' dir='ltr' id='par_1_90' title="bbox 2038 3306 3619 3383">
     <span class='ocr_line' id='line_1_90' title="bbox 2038 3306 3619 3383; baseline 0.006 -25"><span class='ocrx_word' id='word_1_705' title='bbox 2038 3306 2121 3358; x_wconf 85' lang='grc' dir='ltr'>ὅτι</span> <span class='ocrx_word' id='word_1_706' title='bbox 2146 3306 2387 3359; x_wconf 89' lang='grc' dir='ltr'>κάκεῖνοι</span> <span class='ocrx_word' id='word_1_707' title='bbox 2413 3307 2804 3378; x_wconf 87' lang='grc' dir='ltr'>εὐπρόσδεκτοί</span> <span class='ocrx_word' id='word_1_708' title='bbox 2834 3311 2991 3374; x_wconf 78' lang='grc' dir='ltr'>εἰσιν,</span> <span class='ocrx_word' id='word_1_709' title='bbox 3024 3311 3269 3380; x_wconf 89' lang='grc' dir='ltr'>ἐπήγαγε</span> <span class='ocrx_word' id='word_1_710' title='bbox 3305 3329 3318 3342; x_wconf 78' lang='grc' dir='ltr'><strong>ο</strong></span> <span class='ocrx_word' id='word_1_711' title='bbox 3358 3313 3486 3380; x_wconf 86' lang='grc' dir='ltr'>Τοῖς</span> <span class='ocrx_word' id='word_1_712' title='bbox 3503 3312 3619 3383; x_wconf 72' lang='grc' dir='ltr'>μὲν</span> 
     </span>
    </p>
   </div>
   <div class='ocr_carea' id='block_1_91' title="bbox 2039 3397 3618 3474">
    <p class='ocr_par' dir='ltr' id='par_1_91' title="bbox 2039 3397 3618 3474">
     <span class='ocr_line' id='line_1_91' title="bbox 2039 3397 3618 3474; baseline 0.005 -23"><span class='ocrx_word' id='word_1_713' title='bbox 2039 3397 2199 3467; x_wconf 81' lang='grc' dir='ltr'>ὀσμὴ</span> <span class='ocrx_word' id='word_1_714' title='bbox 2224 3398 2483 3453; x_wconf 81' lang='grc' dir='ltr'>θανάτου</span> <span class='ocrx_word' id='word_1_715' title='bbox 2503 3401 2590 3465; x_wconf 79' lang='grc' dir='ltr'>εἰς</span> <span class='ocrx_word' id='word_1_716' title='bbox 2621 3399 2900 3465; x_wconf 79' lang='grc' dir='ltr'>θάνατον,</span> <span class='ocrx_word' id='word_1_717' title='bbox 2934 3401 3058 3467; x_wconf 88' lang='grc' dir='ltr'>τοῖς</span> <span class='ocrx_word' id='word_1_718' title='bbox 3081 3403 3148 3455; x_wconf 81' lang='grc' dir='ltr'>δὲ</span> <span class='ocrx_word' id='word_1_719' title='bbox 3177 3403 3338 3472; x_wconf 82' lang='grc' dir='ltr'>ὀσμὴ</span> <span class='ocrx_word' id='word_1_720' title='bbox 3363 3404 3511 3474; x_wconf 84' lang='grc' dir='ltr'>ζωῆς</span> <span class='ocrx_word' id='word_1_721' title='bbox 3530 3407 3618 3473; x_wconf 79' lang='grc' dir='ltr'>εἰς</span> 
     </span>
    </p>
   </div>
   <div class='ocr_carea' id='block_1_92' title="bbox 2038 3488 3617 3567">
    <p class='ocr_par' dir='ltr' id='par_1_92' title="bbox 2038 3488 3617 3567">
     <span class='ocr_line' id='line_1_92' title="bbox 2038 3488 3617 3567; baseline 0.005 -25"><span class='ocrx_word' id='word_1_722' title='bbox 2038 3488 2210 3556; x_wconf 77' lang='grc' dir='ltr'>ζωήν.</span> <span class='ocrx_word' id='word_1_723' title='bbox 2237 3488 2346 3560; x_wconf 79' lang='grc' dir='ltr'>Τήν</span> <span class='ocrx_word' id='word_1_724' title='bbox 2380 3489 2489 3561; x_wconf 88' lang='grc' dir='ltr'>γὰρ</span> <span class='ocrx_word' id='word_1_725' title='bbox 2532 3491 2757 3544; x_wconf 89' lang='grc' dir='ltr'>εὐωδίαν</span> <span class='ocrx_word' id='word_1_726' title='bbox 2802 3491 3007 3564; x_wconf 89' lang='grc' dir='ltr'>ταύτην</span> <span class='ocrx_word' id='word_1_727' title='bbox 3041 3495 3090 3547; x_wconf 87' lang='grc' dir='ltr'>οί</span> <span class='ocrx_word' id='word_1_728' title='bbox 3138 3495 3236 3565; x_wconf 84' lang='grc' dir='ltr'>μὲν</span> <span class='ocrx_word' id='word_1_729' title='bbox 3262 3495 3405 3549; x_wconf 75' lang='grc' dir='ltr'>οὕτω</span> <span class='ocrx_word' id='word_1_730' title='bbox 3449 3515 3617 3567; x_wconf 89' lang='grc' dir='ltr'>προσ-</span> 
     </span>
    </p>
   </div>
   <div class='ocr_carea' id='block_1_93' title="bbox 2040 3577 3608 3648">
    <p class='ocr_par' dir='ltr' id='par_1_93' title="bbox 2040 3577 3608 3648">
     <span class='ocr_line' id='line_1_93' title="bbox 2040 3577 3608 3648; baseline 0.005 -20"><span class='ocrx_word' id='word_1_731' title='bbox 2040 3577 2228 3644; x_wconf 87' lang='grc' dir='ltr'>ίενται,</span> <span class='ocrx_word' id='word_1_732' title='bbox 2265 3577 2404 3635; x_wconf 87' lang='grc' dir='ltr'>ῶστε</span> <span class='ocrx_word' id='word_1_733' title='bbox 2436 3579 2696 3648; x_wconf 80' lang='grc' dir='ltr'>σωθῆναι,</span> <span class='ocrx_word' id='word_1_734' title='bbox 2727 3579 2777 3633; x_wconf 88' lang='grc' dir='ltr'>οἱ</span> <span class='ocrx_word' id='word_1_735' title='bbox 2806 3579 2864 3632; x_wconf 85' lang='grc' dir='ltr'>δέ</span> <span class='ocrx_word' id='word_1_736' title='bbox 2897 3579 3091 3644; x_wconf 80' lang='grc' dir='ltr'>οὕτως,</span> <span class='ocrx_word' id='word_1_737' title='bbox 3122 3580 3260 3634; x_wconf 84' lang='grc' dir='ltr'>ὥστε</span> <span class='ocrx_word' id='word_1_738' title='bbox 3289 3581 3608 3636; x_wconf 85' lang='grc' dir='ltr'>ἀπολέσθαι.</span> 
     </span>
    </p>
   </div>
   <div class='ocr_carea' id='block_1_94' title="bbox 2039 3666 3612 3742">
    <p class='ocr_par' dir='ltr' id='par_1_94' title="bbox 2039 3666 3612 3742">
     <span class='ocr_line' id='line_1_94' title="bbox 2039 3666 3612 3742; baseline 0.003 -21"><span class='ocrx_word' id='word_1_739' title='bbox 2039 3669 2200 3722; x_wconf 82' lang='grc' dir='ltr'>Ὥστε</span> <span class='ocrx_word' id='word_1_740' title='bbox 2229 3670 2332 3723; x_wconf 77' lang='grc' dir='ltr'>κᾶν</span> <span class='ocrx_word' id='word_1_741' title='bbox 2357 3668 2694 3741; x_wconf 88' lang='grc' dir='ltr'>ἀπολλύηταί</span> <span class='ocrx_word' id='word_1_742' title='bbox 2729 3687 2832 3734; x_wconf 88' lang='grc' dir='ltr'>τις,</span> <span class='ocrx_word' id='word_1_743' title='bbox 2863 3670 2993 3742; x_wconf 80' lang='grc' dir='ltr'>παρ’</span> <span class='ocrx_word' id='word_1_744' title='bbox 3020 3671 3186 3725; x_wconf 90' lang='grc' dir='ltr'>αὐτοῦ</span> <span class='ocrx_word' id='word_1_745' title='bbox 3214 3673 3246 3741; x_wconf 90' lang='grc' dir='ltr'>ή</span> <span class='ocrx_word' id='word_1_746' title='bbox 3279 3672 3426 3725; x_wconf 86' lang='grc' dir='ltr'>αίτία</span> <span class='ocrx_word' id='word_1_747' title='bbox 3450 3688 3464 3702; x_wconf 88' lang='grc'><strong>·</strong></span> <span class='ocrx_word' id='word_1_748' title='bbox 3491 3666 3612 3725; x_wconf 81' lang='grc' dir='ltr'>ἐπεὶ</span> 
     </span>
    </p>
   </div>
   <div class='ocr_carea' id='block_1_95' title="bbox 2036 3756 3610 3834">
    <p class='ocr_par' dir='ltr' id='par_1_95' title="bbox 2036 3756 3610 3834">
     <span class='ocr_line' id='line_1_95' title="bbox 2036 3756 3610 3834; baseline 0.003 -21"><span class='ocrx_word' id='word_1_749' title='bbox 2036 3760 2258 3824; x_wconf 75' lang='grc' dir='ltr'>καὶτὰς</span> <span class='ocrx_word' id='word_1_750' title='bbox 2285 3756 2348 3824; x_wconf 78' lang='grc' dir='ltr'>ῦς</span> <span class='ocrx_word' id='word_1_751' title='bbox 2393 3761 2454 3814; x_wconf 79' lang='grc' dir='ltr'>τὸ</span> <span class='ocrx_word' id='word_1_752' title='bbox 2495 3761 2665 3834; x_wconf 89' lang='grc' dir='ltr'>μύρον</span> <span class='ocrx_word' id='word_1_753' title='bbox 2711 3761 2930 3831; x_wconf 88' lang='grc' dir='ltr'>λέγεται</span> <span class='ocrx_word' id='word_1_754' title='bbox 2965 3763 3198 3832; x_wconf 90' lang='grc' dir='ltr'>πνίγειν,</span> <span class='ocrx_word' id='word_1_755' title='bbox 3237 3763 3334 3816; x_wconf 75' lang='grc' dir='ltr'>καὶ</span> <span class='ocrx_word' id='word_1_756' title='bbox 3370 3763 3429 3816; x_wconf 81' lang='grc' dir='ltr'>τὸ</span> <span class='ocrx_word' id='word_1_757' title='bbox 3475 3762 3610 3834; x_wconf 88' lang='grc' dir='ltr'>φῶς,</span> 
     </span>
    </p>
   </div>
   <div class='ocr_carea' id='block_1_96' title="bbox 2035 3851 3616 3926">
    <p class='ocr_par' dir='ltr' id='par_1_96' title="bbox 2035 3851 3616 3926">
     <span class='ocr_line' id='line_1_96' title="bbox 2035 3851 3616 3926; baseline 0 -20"><span class='ocrx_word' id='word_1_758' title='bbox 2035 3855 2171 3926; x_wconf 83' lang='grc' dir='ltr'>ὅπερ</span> <span class='ocrx_word' id='word_1_759' title='bbox 2201 3853 2370 3923; x_wconf 82' lang='grc' dir='ltr'>ἔφθην</span> <span class='ocrx_word' id='word_1_760' title='bbox 2403 3851 2594 3921; x_wconf 75' lang='grc' dir='ltr'>εἰπὼν,</span> <span class='ocrx_word' id='word_1_761' title='bbox 2623 3853 2752 3918; x_wconf 78' lang='grc' dir='ltr'>τοὺς</span> <span class='ocrx_word' id='word_1_762' title='bbox 2785 3853 3032 3917; x_wconf 89' lang='grc' dir='ltr'>ἀσθενεῖς</span> <span class='ocrx_word' id='word_1_763' title='bbox 3059 3854 3347 3916; x_wconf 84' lang='grc' dir='ltr'>σκοτίζειν.</span> <span class='ocrx_word' id='word_1_764' title='bbox 3376 3855 3484 3908; x_wconf 85' lang='lat' dir='ltr'>Kal</span> <span class='ocrx_word' id='word_1_765' title='bbox 3507 3871 3616 3907; x_wconf 76' lang='grc' dir='ltr'>τοιιο</span> 
     </span>
    </p>
   </div>
   <div class='ocr_carea' id='block_1_97' title="bbox 2037 3943 3614 4016">
    <p class='ocr_par' dir='ltr' id='par_1_97' title="bbox 2037 3943 3614 4016">
     <span class='ocr_line' id='line_1_97' title="bbox 2037 3943 3614 4016; baseline 0.001 -18"><span class='ocrx_word' id='word_1_766' title='bbox 2037 3944 2176 4016; x_wconf 88' lang='grc' dir='ltr'>αύτη</span> <span class='ocrx_word' id='word_1_767' title='bbox 2205 3943 2310 3998; x_wconf 86' lang='grc' dir='ltr'>τῶν</span> <span class='ocrx_word' id='word_1_768' title='bbox 2341 3944 2561 4013; x_wconf 87' lang='grc' dir='ltr'>ἀγαθῶν</span> <span class='ocrx_word' id='word_1_769' title='bbox 2588 3947 2620 4016; x_wconf 89' lang='grc' dir='ltr'>ή</span> <span class='ocrx_word' id='word_1_770' title='bbox 2653 3944 2812 4014; x_wconf 89' lang='grc' dir='ltr'>φύσις</span> <span class='ocrx_word' id='word_1_771' title='bbox 2838 3959 2852 3973; x_wconf 82' lang='grc'>⁶</span> <span class='ocrx_word' id='word_1_772' title='bbox 2885 3944 2945 3998; x_wconf 90' lang='grc' dir='ltr'>οὐ</span> <span class='ocrx_word' id='word_1_773' title='bbox 2990 3944 3059 3997; x_wconf 84' lang='grc' dir='ltr'>τὰ</span> <span class='ocrx_word' id='word_1_774' title='bbox 3091 3945 3266 3998; x_wconf 90' lang='grc' dir='ltr'>οἰκεῖα</span> <span class='ocrx_word' id='word_1_775' title='bbox 3312 3945 3614 4016; x_wconf 86' lang='grc' dir='ltr'>διορθοῦται</span> 
     </span>
    </p>
   </div>
   <div class='ocr_carea' id='block_1_98' title="bbox 2039 4037 3614 4110">
    <p class='ocr_par' dir='ltr' id='par_1_98' title="bbox 2039 4037 3614 4110">
     <span class='ocr_line' id='line_1_98' title="bbox 2039 4037 3614 4110; baseline 0.001 -19"><span class='ocrx_word' id='word_1_776' title='bbox 2039 4039 2220 4109; x_wconf 88' lang='grc' dir='ltr'>μόνον,</span> <span class='ocrx_word' id='word_1_777' title='bbox 2251 4037 2389 4092; x_wconf 88' lang='grc' dir='ltr'>ἀλλά</span> <span class='ocrx_word' id='word_1_778' title='bbox 2414 4039 2507 4092; x_wconf 77' lang='grc' dir='ltr'>καὶ</span> <span class='ocrx_word' id='word_1_779' title='bbox 2535 4037 2602 4092; x_wconf 86' lang='grc' dir='ltr'>τά</span> <span class='ocrx_word' id='word_1_780' title='bbox 2630 4038 2844 4092; x_wconf 82' lang='grc' dir='ltr'>ἐναντία</span> <span class='ocrx_word' id='word_1_781' title='bbox 2879 4037 3175 4092; x_wconf 74' lang='grc' dir='ltr'>ἀπόλλυσι·</span> <span class='ocrx_word' id='word_1_782' title='bbox 3203 4038 3296 4091; x_wconf 78' lang='grc' dir='ltr'>καὶ</span> <span class='ocrx_word' id='word_1_783' title='bbox 3320 4039 3490 4110; x_wconf 81' lang='grc' dir='ltr'>ταύτῃ</span> <span class='ocrx_word' id='word_1_784' title='bbox 3520 4039 3614 4109; x_wconf 83' lang='grc' dir='ltr'>μά·</span> 
     </span>
    </p>
   </div>
   <div class='ocr_carea' id='block_1_99' title="bbox 2035 4129 3612 4205">
    <p class='ocr_par' dir='ltr' id='par_1_99' title="bbox 2035 4129 3612 4205">
     <span class='ocr_line' id='line_1_99' title="bbox 2035 4129 3612 4205; baseline -0.001 -19"><span class='ocrx_word' id='word_1_785' title='bbox 2035 4133 2192 4186; x_wconf 91' lang='grc' dir='ltr'>λιστα</span> <span class='ocrx_word' id='word_1_786' title='bbox 2219 4132 2584 4187; x_wconf 86' lang='grc' dir='ltr'>διαδείκνυται</span> <span class='ocrx_word' id='word_1_787' title='bbox 2616 4132 2794 4185; x_wconf 82' lang='grc' dir='ltr'>αὐτῶν</span> <span class='ocrx_word' id='word_1_788' title='bbox 2820 4129 3121 4203; x_wconf 88' lang='grc' dir='ltr'>ήδύναμις.</span> <span class='ocrx_word' id='word_1_789' title='bbox 3159 4133 3268 4186; x_wconf 80' lang='lat' dir='ltr'>Kal</span> <span class='ocrx_word' id='word_1_790' title='bbox 3295 4131 3404 4205; x_wconf 87' lang='grc' dir='ltr'>γάρ</span> <span class='ocrx_word' id='word_1_791' title='bbox 3438 4134 3531 4186; x_wconf 75' lang='grc' dir='ltr'>καὶ</span> <span class='ocrx_word' id='word_1_792' title='bbox 3553 4131 3612 4184; x_wconf 79' lang='grc' dir='ltr'>τὸ</span> 
     </span>
    </p>
   </div>
   <div class='ocr_carea' id='block_1_100' title="bbox 2036 4221 3613 4296">
    <p class='ocr_par' dir='ltr' id='par_1_100' title="bbox 2036 4221 3613 4296">
     <span class='ocr_line' id='line_1_100' title="bbox 2036 4221 3613 4296; baseline -0.001 -20"><span class='ocrx_word' id='word_1_793' title='bbox 2036 4222 2149 4294; x_wconf 88' lang='grc' dir='ltr'>πῦρ</span> <span class='ocrx_word' id='word_1_794' title='bbox 2177 4223 2273 4294; x_wconf 91' lang='grc' dir='ltr'>οὐχ</span> <span class='ocrx_word' id='word_1_795' title='bbox 2296 4223 2424 4276; x_wconf 86' lang='grc' dir='ltr'>ὅταν</span> <span class='ocrx_word' id='word_1_796' title='bbox 2458 4221 2666 4296; x_wconf 83' lang='grc' dir='ltr'>φωτίζῃ</span> <span class='ocrx_word' id='word_1_797' title='bbox 2705 4221 2887 4292; x_wconf 84' lang='grc' dir='ltr'>μόνον,</span> <span class='ocrx_word' id='word_1_798' title='bbox 2916 4222 3024 4276; x_wconf 82' lang='grc' dir='ltr'>οὐδ’</span> <span class='ocrx_word' id='word_1_799' title='bbox 3055 4223 3183 4276; x_wconf 86' lang='grc' dir='ltr'>ὅταν</span> <span class='ocrx_word' id='word_1_800' title='bbox 3217 4223 3438 4293; x_wconf 86' lang='grc' dir='ltr'>χρυσίον</span> <span class='ocrx_word' id='word_1_801' title='bbox 3482 4221 3613 4276; x_wconf 87' lang='grc' dir='ltr'>καθ-</span> 
     </span>
    </p>
   </div>
   <div class='ocr_carea' id='block_1_101' title="bbox 2034 4313 3612 4386">
    <p class='ocr_par' dir='ltr' id='par_1_101' title="bbox 2034 4313 3612 4386">
     <span class='ocr_line' id='line_1_101' title="bbox 2034 4313 3612 4386; baseline -0.001 -19"><span class='ocrx_word' id='word_1_802' title='bbox 2034 4316 2187 4386; x_wconf 79' lang='grc' dir='ltr'>αίρῃ,</span> <span class='ocrx_word' id='word_1_803' title='bbox 2221 4313 2357 4369; x_wconf 65' lang='grc' dir='ltr'>ἀλλὰ</span> <span class='ocrx_word' id='word_1_804' title='bbox 2387 4314 2480 4368; x_wconf 79' lang='grc' dir='ltr'>καὶ</span> <span class='ocrx_word' id='word_1_805' title='bbox 2525 4315 2653 4367; x_wconf 84' lang='grc' dir='ltr'>ὅταν</span> <span class='ocrx_word' id='word_1_806' title='bbox 2695 4313 2936 4377; x_wconf 86' lang='grc' dir='ltr'>ἀκάνθας</span> <span class='ocrx_word' id='word_1_807' title='bbox 2979 4314 3214 4386; x_wconf 82' lang='grc' dir='ltr'>δαπανᾷ,</span> <span class='ocrx_word' id='word_1_808' title='bbox 3243 4315 3480 4385; x_wconf 89' lang='grc' dir='ltr'>μάλιστα</span> <span class='ocrx_word' id='word_1_809' title='bbox 3516 4314 3612 4386; x_wconf 81' lang='grc' dir='ltr'>τὴν</span> 
     </span>
    </p>
   </div>
   <div class='ocr_carea' id='block_1_102' title="bbox 2033 4403 3605 4477">
    <p class='ocr_par' dir='ltr' id='par_1_102' title="bbox 2033 4403 3605 4477">
     <span class='ocr_line' id='line_1_102' title="bbox 2033 4403 3605 4477; baseline 0 -20"><span class='ocrx_word' id='word_1_810' title='bbox 2033 4404 2240 4458; x_wconf 82' lang='grc' dir='ltr'>οἰκείαν</span> <span class='ocrx_word' id='word_1_811' title='bbox 2265 4403 2417 4473; x_wconf 86' lang='grc' dir='ltr'>ίσχύν</span> <span class='ocrx_word' id='word_1_812' title='bbox 2449 4403 2833 4470; x_wconf 84' lang='grc' dir='ltr'>ἐπιδείκνυται,</span> <span class='ocrx_word' id='word_1_813' title='bbox 2855 4405 2950 4458; x_wconf 59' lang='grc' dir='ltr'>καὶ⁵</span> <span class='ocrx_word' id='word_1_814' title='bbox 2979 4404 3150 4477; x_wconf 80' lang='grc' dir='ltr'>ταύτῃ</span> <span class='ocrx_word' id='word_1_815' title='bbox 3182 4406 3434 4474; x_wconf 85' lang='grc' dir='ltr'>φαίνεται</span> <span class='ocrx_word' id='word_1_816' title='bbox 3465 4405 3573 4473; x_wconf 88' lang='grc' dir='ltr'>πῦρ</span> <span class='ocrx_word' id='word_1_817' title='bbox 3593 4422 3605 4434; x_wconf 87' lang='grc'><strong>·</strong></span> 
     </span>
    </p>
   </div>
   <div class='ocr_carea' id='block_1_103' title="bbox 2035 4494 3606 4568">
    <p class='ocr_par' dir='ltr' id='par_1_103' title="bbox 2035 4494 3606 4568">
     <span class='ocr_line' id='line_1_103' title="bbox 2035 4494 3606 4568; baseline -0.002 -18"><span class='ocrx_word' id='word_1_818' title='bbox 2035 4495 2127 4550; x_wconf 71' lang='grc' dir='ltr'>καὶ</span> <span class='ocrx_word' id='word_1_819' title='bbox 2163 4497 2191 4548; x_wconf 86' lang='grc' dir='ltr'><strong>ὁ</strong></span> <span class='ocrx_word' id='word_1_820' title='bbox 2215 4495 2445 4564; x_wconf 82' lang='grc' dir='ltr'>Χριστὸς</span> <span class='ocrx_word' id='word_1_821' title='bbox 2471 4495 2527 4548; x_wconf 85' lang='grc' dir='ltr'>δὲ</span> <span class='ocrx_word' id='word_1_822' title='bbox 2562 4494 2735 4568; x_wconf 81' lang='grc' dir='ltr'>ταύτῃ</span> <span class='ocrx_word' id='word_1_823' title='bbox 2765 4495 2862 4567; x_wconf 81' lang='grc' dir='ltr'>τὴν</span> <span class='ocrx_word' id='word_1_824' title='bbox 2897 4497 3289 4567; x_wconf 86' lang='grc' dir='ltr'>μεγαλωσύνην</span> <span class='ocrx_word' id='word_1_825' title='bbox 3314 4498 3481 4551; x_wconf 85' lang='grc' dir='ltr'>αὐτοῦ</span> <span class='ocrx_word' id='word_1_826' title='bbox 3521 4499 3606 4549; x_wconf 77' lang='grc' dir='ltr'>ἐν·</span> 
     </span>
    </p>
   </div>
   <div class='ocr_carea' id='block_1_104' title="bbox 2033 4585 3611 4660">
    <p class='ocr_par' dir='ltr' id='par_1_104' title="bbox 2033 4585 3611 4660">
     <span class='ocr_line' id='line_1_104' title="bbox 2033 4585 3611 4660; baseline 0 -21"><span class='ocrx_word' id='word_1_827' title='bbox 2033 4585 2324 4649; x_wconf 86' lang='grc' dir='ltr'>δείκνυται,</span> <span class='ocrx_word' id='word_1_828' title='bbox 2373 4585 2501 4638; x_wconf 83' lang='grc' dir='ltr'>ὅταν</span> <span class='ocrx_word' id='word_1_829' title='bbox 2529 4585 2784 4660; x_wconf 82' lang='grc' dir='ltr'>ἀναλώσῃ</span> <span class='ocrx_word' id='word_1_830' title='bbox 2825 4587 2915 4641; x_wconf 81' lang='grc' dir='ltr'>τὸν</span> <span class='ocrx_word' id='word_1_831' title='bbox 2961 4587 3304 4658; x_wconf 89' lang='grc' dir='ltr'>ἀντίχριστον</span> <span class='ocrx_word' id='word_1_832' title='bbox 3332 4587 3410 4658; x_wconf 86' lang='grc' dir='ltr'>τῷ</span> <span class='ocrx_word' id='word_1_833' title='bbox 3449 4587 3611 4641; x_wconf 83' lang='grc' dir='ltr'>πνεύ-</span> 
     </span>
    </p>
   </div>
   <div class='ocr_carea' id='block_1_105' title="bbox 2037 4675 3609 4750">
    <p class='ocr_par' dir='ltr' id='par_1_105' title="bbox 2037 4675 3609 4750">
     <span class='ocr_line' id='line_1_105' title="bbox 2037 4675 3609 4750; baseline 0.001 -21"><span class='ocrx_word' id='word_1_834' title='bbox 2037 4693 2166 4748; x_wconf 90' lang='grc' dir='ltr'>ματι</span> <span class='ocrx_word' id='word_1_835' title='bbox 2197 4675 2291 4729; x_wconf 87' lang='grc' dir='ltr'>τοῦ</span> <span class='ocrx_word' id='word_1_836' title='bbox 2322 4675 2590 4746; x_wconf 79' lang='grc' dir='ltr'>στόματος</span> <span class='ocrx_word' id='word_1_837' title='bbox 2617 4677 2805 4744; x_wconf 92' lang='grc' dir='ltr'>αὐτοῦ,</span> <span class='ocrx_word' id='word_1_838' title='bbox 2837 4678 2930 4730; x_wconf 78' lang='grc' dir='ltr'>καὶ</span> <span class='ocrx_word' id='word_1_839' title='bbox 2955 4679 3282 4750; x_wconf 73' lang='grc' dir='ltr'>καταργήσῃ</span> <span class='ocrx_word' id='word_1_840' title='bbox 3311 4681 3376 4748; x_wconf 82' lang='grc' dir='ltr'>τῇ</span> <span class='ocrx_word' id='word_1_841' title='bbox 3411 4680 3609 4747; x_wconf 86' lang='grc' dir='ltr'>ἐπιφα-</span> 
     </span>
    </p>
   </div>
   <div class='ocr_carea' id='block_1_106' title="bbox 2033 4769 3614 4840">
    <p class='ocr_par' dir='ltr' id='par_1_106' title="bbox 2033 4769 3614 4840">
     <span class='ocr_line' id='line_1_106' title="bbox 2033 4769 3614 4840; baseline -0.002 -15"><span class='ocrx_word' id='word_1_842' title='bbox 2033 4769 2154 4840; x_wconf 65' lang='grc' dir='ltr'>νείᾳ</span> <span class='ocrx_word' id='word_1_843' title='bbox 2206 4771 2305 4840; x_wconf 84' lang='grc' dir='ltr'>τῆς</span> <span class='ocrx_word' id='word_1_844' title='bbox 2352 4770 2656 4840; x_wconf 86' lang='grc' dir='ltr'>παρουσίας</span> <span class='ocrx_word' id='word_1_845' title='bbox 2697 4770 2882 4825; x_wconf 89' lang='grc' dir='ltr'>αὐτοῦ.</span> <span class='ocrx_word' id='word_1_846' title='bbox 2935 4771 3046 4825; x_wconf 75' lang='lat' dir='ltr'>Kal</span> <span class='ocrx_word' id='word_1_847' title='bbox 3103 4769 3252 4840; x_wconf 81' lang='grc' dir='ltr'>πρὸς</span> <span class='ocrx_word' id='word_1_848' title='bbox 3292 4770 3476 4824; x_wconf 84' lang='grc' dir='ltr'>ταῦτα</span> <span class='ocrx_word' id='word_1_849' title='bbox 3523 4770 3614 4835; x_wconf 77' lang='grc' dir='ltr'>τίς</span> 
     </span>
    </p>
   </div>
   <div class='ocr_carea' id='block_1_107' title="bbox 2033 4858 3615 4932">
    <p class='ocr_par' dir='ltr' id='par_1_107' title="bbox 2033 4858 3615 4932">
     <span class='ocr_line' id='line_1_107' title="bbox 2033 4858 3615 4932; baseline 0.001 -19"><span class='ocrx_word' id='word_1_850' title='bbox 2033 4858 2278 4926; x_wconf 79' lang='grc' dir='ltr'>ίκανός;</span> <span class='ocrx_word' id='word_1_851' title='bbox 2317 4858 2534 4930; x_wconf 83' lang='grc' dir='ltr'>Ἐπειδὴ</span> <span class='ocrx_word' id='word_1_852' title='bbox 2574 4859 2683 4931; x_wconf 82' lang='grc' dir='ltr'>γὰρ</span> <span class='ocrx_word' id='word_1_853' title='bbox 2724 4860 2938 4932; x_wconf 85' lang='grc' dir='ltr'>μεγάλα</span> <span class='ocrx_word' id='word_1_854' title='bbox 2976 4860 3304 4930; x_wconf 84' lang='grc' dir='ltr'>ἐφθέγξατο,</span> <span class='ocrx_word' id='word_1_855' title='bbox 3338 4862 3418 4914; x_wconf 85' lang='grc' dir='ltr'>δτι</span> <span class='ocrx_word' id='word_1_856' title='bbox 3443 4861 3615 4915; x_wconf 85' lang='grc' dir='ltr'>Θυσία</span> 
     </span>
    </p>
   </div>
   <div class='ocr_carea' id='block_1_108' title="bbox 2033 4938 3613 5023">
    <p class='ocr_par' dir='ltr' id='par_1_108' title="bbox 2033 4938 3613 5023">
     <span class='ocr_line' id='line_1_108' title="bbox 2033 4938 3613 5023; baseline 0.002 -19"><span class='ocrx_word' id='word_1_857' title='bbox 2033 4951 2201 5022; x_wconf 84' lang='grc' dir='ltr'>ἐσμὲν</span> <span class='ocrx_word' id='word_1_858' title='bbox 2243 4950 2334 5004; x_wconf 84' lang='grc' dir='ltr'>τοῦ</span> <span class='ocrx_word' id='word_1_859' title='bbox 2373 4950 2608 5022; x_wconf 89' lang='grc' dir='ltr'>Χριστοῦ</span> <span class='ocrx_word' id='word_1_860' title='bbox 2650 4953 2744 5005; x_wconf 79' lang='grc' dir='ltr'>καὶ</span> <span class='ocrx_word' id='word_1_861' title='bbox 2777 4952 2992 5017; x_wconf 89' lang='grc' dir='ltr'>εὐωδία,</span> <span class='ocrx_word' id='word_1_862' title='bbox 3027 4938 3122 5005; x_wconf 74' lang='grc' dir='ltr'>καὶ</span> <span class='ocrx_word' id='word_1_863' title='bbox 3168 4951 3613 5023; x_wconf 81' lang='grc' dir='ltr'>θριαμϐευόμεθα</span> 
     </span>
    </p>
   </div>
   <div class='ocr_carea' id='block_1_109' title="bbox 2034 5043 3610 5116">
    <p class='ocr_par' dir='ltr' id='par_1_109' title="bbox 2034 5043 3610 5116">
     <span class='ocr_line' id='line_1_109' title="bbox 2034 5043 3610 5116; baseline 0 -18"><span class='ocrx_word' id='word_1_864' title='bbox 2034 5043 2333 5115; x_wconf 89' lang='grc' dir='ltr'>πανταχοῦ,</span> <span class='ocrx_word' id='word_1_865' title='bbox 2383 5045 2544 5099; x_wconf 81' lang='grc' dir='ltr'>πάλιν</span> <span class='ocrx_word' id='word_1_866' title='bbox 2586 5043 2887 5116; x_wconf 86' lang='grc' dir='ltr'>μετριάζει,</span> <span class='ocrx_word' id='word_1_867' title='bbox 2928 5044 3005 5116; x_wconf 85' lang='grc' dir='ltr'>τῷ</span> <span class='ocrx_word' id='word_1_868' title='bbox 3041 5045 3160 5116; x_wconf 84' lang='grc' dir='ltr'>Θεῷ</span> <span class='ocrx_word' id='word_1_869' title='bbox 3203 5046 3382 5098; x_wconf 81' lang='grc' dir='ltr'>πάντα</span> <span class='ocrx_word' id='word_1_870' title='bbox 3425 5045 3610 5098; x_wconf 82' lang='grc' dir='ltr'>ἀνατι-</span> 
     </span>
    </p>
   </div>
   <div class='ocr_carea' id='block_1_110' title="bbox 2033 5133 3613 5204">
    <p class='ocr_par' dir='ltr' id='par_1_110' title="bbox 2033 5133 3613 5204">
     <span class='ocr_line' id='line_1_110' title="bbox 2033 5133 3613 5204; baseline 0 -16"><span class='ocrx_word' id='word_1_871' title='bbox 2033 5135 2147 5197; x_wconf 82' lang='grc' dir='ltr'>θείς</span> <span class='ocrx_word' id='word_1_872' title='bbox 2172 5151 2186 5165; x_wconf 75' lang='grc' dir='ltr'>σ</span> <span class='ocrx_word' id='word_1_873' title='bbox 2218 5133 2297 5187; x_wconf 85' lang='grc' dir='ltr'>διὸ</span> <span class='ocrx_word' id='word_1_874' title='bbox 2319 5135 2411 5188; x_wconf 92' lang='grc' dir='ltr'>καί</span> <span class='ocrx_word' id='word_1_875' title='bbox 2441 5151 2594 5204; x_wconf 89' lang='grc' dir='ltr'>φησι,</span> <span class='ocrx_word' id='word_1_876' title='bbox 2623 5133 2732 5189; x_wconf 76' lang='grc' dir='ltr'>Καὶ</span> <span class='ocrx_word' id='word_1_877' title='bbox 2763 5135 2911 5202; x_wconf 78' lang='grc' dir='ltr'>πρὸς</span> <span class='ocrx_word' id='word_1_878' title='bbox 2942 5135 3130 5189; x_wconf 83' lang='grc' dir='ltr'>ταῦτα</span> <span class='ocrx_word' id='word_1_879' title='bbox 3153 5136 3243 5201; x_wconf 86' lang='grc' dir='ltr'>τίς</span> <span class='ocrx_word' id='word_1_880' title='bbox 3272 5137 3476 5201; x_wconf 79' lang='grc' dir='ltr'>ἱκανός</span> <span class='ocrx_word' id='word_1_881' title='bbox 3498 5151 3517 5199; x_wconf 87' lang='grc'><em>;</em></span> <span class='ocrx_word' id='word_1_882' title='bbox 3540 5135 3613 5188; x_wconf 82' lang='grc' dir='ltr'>Τὸ</span> 
     </span>
    </p>
   </div>
   <div class='ocr_carea' id='block_1_111' title="bbox 2031 5225 3611 5299">
    <p class='ocr_par' dir='ltr' id='par_1_111' title="bbox 2031 5225 3611 5299">
     <span class='ocr_line' id='line_1_111' title="bbox 2031 5225 3611 5299; baseline -0.001 -18"><span class='ocrx_word' id='word_1_883' title='bbox 2031 5227 2141 5299; x_wconf 71' lang='grc' dir='ltr'>γὰρ</span> <span class='ocrx_word' id='word_1_884' title='bbox 2175 5227 2283 5280; x_wconf 81' lang='grc' dir='ltr'>πᾶν</span> <span class='ocrx_word' id='word_1_885' title='bbox 2309 5225 2405 5279; x_wconf 90' lang='grc' dir='ltr'>τοῦ</span> <span class='ocrx_word' id='word_1_886' title='bbox 2439 5225 2700 5296; x_wconf 87' lang='grc' dir='ltr'>Χριστοῦ,</span> <span class='ocrx_word' id='word_1_887' title='bbox 2741 5227 2927 5297; x_wconf 71' lang='grc' dir='ltr'>φησὶν,</span> <span class='ocrx_word' id='word_1_888' title='bbox 2979 5227 3126 5280; x_wconf 90' lang='grc' dir='ltr'>ἐστίν</span> <span class='ocrx_word' id='word_1_889' title='bbox 3161 5247 3173 5261; x_wconf 78' lang='lat'><strong><em>~</em></strong></span> <span class='ocrx_word' id='word_1_890' title='bbox 3218 5229 3370 5281; x_wconf 79' lang='grc' dir='ltr'>οὐδὲν</span> <span class='ocrx_word' id='word_1_891' title='bbox 3410 5228 3611 5299; x_wconf 83' lang='grc' dir='ltr'>ήμέτε-</span> 
     </span>
    </p>
   </div>
   <div class='ocr_carea' id='block_1_112' title="bbox 2034 5317 3613 5390">
    <p class='ocr_par' dir='ltr' id='par_1_112' title="bbox 2034 5317 3613 5390">
     <span class='ocr_line' id='line_1_112' title="bbox 2034 5317 3613 5390; baseline 0.001 -19"><span class='ocrx_word' id='word_1_892' title='bbox 2034 5336 2148 5390; x_wconf 86' lang='grc' dir='ltr'>ρον.</span> <span class='ocrx_word' id='word_1_893' title='bbox 2195 5317 2360 5387; x_wconf 73' lang='grc' dir='ltr'>Ὁρᾷς</span> <span class='ocrx_word' id='word_1_894' title='bbox 2391 5317 2485 5370; x_wconf 85' lang='grc' dir='ltr'>ἀπ’</span> <span class='ocrx_word' id='word_1_895' title='bbox 2521 5319 2769 5383; x_wconf 85' lang='grc' dir='ltr'>ἐναντίας</span> <span class='ocrx_word' id='word_1_896' title='bbox 2804 5321 2914 5381; x_wconf 84' lang='grc' dir='ltr'>τοῖς</span> <span class='ocrx_word' id='word_1_897' title='bbox 2957 5319 3413 5386; x_wconf 75' lang='grc' dir='ltr'>ψευδαποστόλοις</span> <span class='ocrx_word' id='word_1_898' title='bbox 3448 5319 3613 5388; x_wconf 87' lang='grc' dir='ltr'>φθεγ-</span> 
     </span>
    </p>
   </div>
   <div class='ocr_carea' id='block_1_113' title="bbox 2031 5408 3612 5483">
    <p class='ocr_par' dir='ltr' id='par_1_113' title="bbox 2031 5408 3612 5483">
     <span class='ocr_line' id='line_1_113' title="bbox 2031 5408 3612 5483; baseline 0.001 -23"><span class='ocrx_word' id='word_1_899' title='bbox 2031 5409 2298 5477; x_wconf 87' lang='grc' dir='ltr'>γόμενον;</span> <span class='ocrx_word' id='word_1_900' title='bbox 2341 5409 2404 5461; x_wconf 82' lang='grc' dir='ltr'>Οἱ</span> <span class='ocrx_word' id='word_1_901' title='bbox 2460 5408 2558 5478; x_wconf 80' lang='grc' dir='ltr'>μὲν</span> <span class='ocrx_word' id='word_1_902' title='bbox 2599 5411 2710 5481; x_wconf 85' lang='grc' dir='ltr'>γὰρ</span> <span class='ocrx_word' id='word_1_903' title='bbox 2759 5411 3067 5482; x_wconf 84' lang='grc' dir='ltr'>καυχῶνται</span> <span class='ocrx_word' id='word_1_904' title='bbox 3123 5412 3199 5475; x_wconf 84' lang='grc' dir='ltr'>ὡς</span> <span class='ocrx_word' id='word_1_905' title='bbox 3232 5413 3361 5483; x_wconf 76' lang='grc' dir='ltr'>παρ’</span> <span class='ocrx_word' id='word_1_906' title='bbox 3401 5410 3612 5464; x_wconf 80' lang='grc' dir='ltr'>ἑαυτῶν</span> 
     </span>
    </p>
   </div>
   <div class='ocr_carea' id='block_1_114' title="bbox 2031 5494 3610 5572">
    <p class='ocr_par' dir='ltr' id='par_1_114' title="bbox 2031 5494 3610 5572">
     <span class='ocr_line' id='line_1_114' title="bbox 2031 5494 3610 5572; baseline -0.001 -19"><span class='ocrx_word' id='word_1_907' title='bbox 2031 5499 2377 5568; x_wconf 86' lang='grc' dir='ltr'>είσφέροντές</span> <span class='ocrx_word' id='word_1_908' title='bbox 2427 5517 2478 5551; x_wconf 89' lang='grc' dir='ltr'>τι</span> <span class='ocrx_word' id='word_1_909' title='bbox 2516 5501 2595 5563; x_wconf 85' lang='grc' dir='ltr'>εἰς</span> <span class='ocrx_word' id='word_1_910' title='bbox 2637 5501 2697 5554; x_wconf 85' lang='grc' dir='ltr'>τὸ</span> <span class='ocrx_word' id='word_1_911' title='bbox 2737 5503 3016 5572; x_wconf 83' lang='grc' dir='ltr'>κήρυγμα,</span> <span class='ocrx_word' id='word_1_912' title='bbox 3052 5494 3206 5565; x_wconf 71' lang='grc' dir='ltr'>οὗτος</span> <span class='ocrx_word' id='word_1_913' title='bbox 3247 5502 3304 5554; x_wconf 77' lang='grc' dir='ltr'>δὲ</span> <span class='ocrx_word' id='word_1_914' title='bbox 3333 5501 3421 5554; x_wconf 80' lang='grc' dir='ltr'>διὰ</span> <span class='ocrx_word' id='word_1_915' title='bbox 3453 5499 3610 5553; x_wconf 87' lang='grc' dir='ltr'>τοῦτό</span> 
     </span>
    </p>
   </div>
   <div class='ocr_carea' id='block_1_115' title="bbox 2033 5585 3608 5662">
    <p class='ocr_par' dir='ltr' id='par_1_115' title="bbox 2033 5585 3608 5662">
     <span class='ocr_line' id='line_1_115' title="bbox 2033 5585 3608 5662; baseline 0.002 -21"><span class='ocrx_word' id='word_1_916' title='bbox 2033 5607 2164 5661; x_wconf 68' lang='grc' dir='ltr'>φησι</span> <span class='ocrx_word' id='word_1_917' title='bbox 2197 5589 2526 5658; x_wconf 75' lang='grc' dir='ltr'>καυχᾶσθαι,</span> <span class='ocrx_word' id='word_1_918' title='bbox 2569 5591 2755 5660; x_wconf 80' lang='grc' dir='ltr'>ἐπειδὴ</span> <span class='ocrx_word' id='word_1_919' title='bbox 2800 5593 2952 5646; x_wconf 81' lang='grc' dir='ltr'>οὐδὲν</span> <span class='ocrx_word' id='word_1_920' title='bbox 2995 5591 3158 5646; x_wconf 83' lang='grc' dir='ltr'>αὐτοῦ</span> <span class='ocrx_word' id='word_1_921' title='bbox 3210 5610 3376 5662; x_wconf 87' lang='grc' dir='ltr'>φησιν</span> <span class='ocrx_word' id='word_1_922' title='bbox 3429 5585 3608 5645; x_wconf 66' lang='grc' dir='ltr'>εἶναι’</span> 
     </span>
    </p>
   </div>
   <div class='ocr_carea' id='block_1_116' title="bbox 2098 5809 3492 5876">
    <p class='ocr_par' dir='ltr' id='par_1_116' title="bbox 2098 5809 3492 5876">
     <span class='ocr_line' id='line_1_116' title="bbox 2098 5809 3492 5876; baseline 0 -14"><span class='ocrx_word' id='word_1_923' title='bbox 2098 5813 2118 5842; x_wconf 70' lang='grc' dir='ltr'>ε</span> <span class='ocrx_word' id='word_1_924' title='bbox 2146 5810 2402 5876; x_wconf 72' lang='lat' dir='ltr'>chcbalur</span> <span class='ocrx_word' id='word_1_925' title='bbox 2429 5815 2453 5862; x_wconf 80' lang='grc' dir='ltr'>ὁ</span> <span class='ocrx_word' id='word_1_926' title='bbox 2477 5815 2622 5872; x_wconf 69' lang='grc' dir='ltr'>ἥλιος,</span> <span class='ocrx_word' id='word_1_927' title='bbox 2657 5813 2868 5876; x_wconf 48' lang='lat' dir='ltr'>Erum“.</span> <span class='ocrx_word' id='word_1_928' title='bbox 2908 5811 3086 5866; x_wconf 62' lang='lat' dir='ltr'>ercis</span> <span class='ocrx_word' id='word_1_929' title='bbox 3109 5809 3492 5866; x_wconf 74' lang='lat' dir='ltr'>reclamantibus.</span> 
     </span>
    </p>
   </div>
  </div>
