4098 6222
411 351 518 412 4929

406 494 499 532 nos
520 477 572 529 in
595 473 794 530 Christo
815 470 852 525 J
855 487 961 536 esu,
986 479 1029 524 et
1051 469 1236 524 bonum
1257 469 1462 524 odorem
1483 469 1674 524 notitia:
1691 485 1804 523 sua:
1831 469 1994 522 mani-

405 574 556 639 festat
577 581 666 636 per
683 581 772 618 nos
795 563 846 616 in
866 563 1003 617 omni
1029 561 1158 616 loco.
1184 561 1390 616 Etenim
1415 577 1482 616 ne
1509 570 1775 631 tamquam
1803 561 1992 630 lugens

407 660 521 714 lucc
537 657 819 726 deplorare
841 653 1100 716 videatur,
1122 654 1320 724 gratias
1349 653 1457 707 Deo
1481 653 1607 723 agit.
1633 651 1786 719 Quod
1810 662 1988 706 autem

402 754 511 817 ait,
559 749 700 803 hunc
752 761 970 802 sensum
1025 744 1452 814 habetzubique
1499 742 1738 810 afﬂictio,
1794 743 1990 812 ubique

403 840 646 894 anxietas
673 856 685 892 :
710 839 830 892 veni
863 838 914 892 in
942 836 1144 900 Asiam,
1173 844 1422 906 gravatus
1461 850 1579 890 sum
1622 849 1783 906 supra
1810 837 1985 890 vires:

401 933 524 987 veni
572 930 837 986 Troadem
860 972 874 996 ,
906 929 1127 984 fratrem
1161 945 1267 984 non
1297 929 1473 984 inveni
1503 945 1518 982 :
1547 927 1612 982 ad
1645 942 1739 983 vos
1769 944 1874 982 non
1907 943 1990 982 ve-

403 1025 456 1079 ni
484 1040 498 1089 ;
529 1023 630 1078 hoc
658 1037 872 1092 quoque
899 1036 1005 1076 non
1039 1035 1252 1090 parvam
1275 1062 1290 1087 ,
1339 1020 1448 1074 imo
1498 1033 1749 1089 perquam
1797 1018 1986 1088 ingen-

403 1127 511 1172 tem
542 1117 850 1172 mmstitiam
876 1114 1004 1168 mihi
1036 1114 1229 1169 attulit.
1263 1113 1507 1183 llludque
1547 1120 1809 1183 praeterea
1844 1111 1986 1182 quod

402 1208 554 1263 multi
571 1207 710 1278 apud
730 1221 822 1262 vos
845 1207 1206 1278 peccaverint,
1227 1221 1398 1276 eaque
1420 1205 1571 1271 mihi,
1593 1221 1689 1260 cur
1710 1221 1806 1260 vos
1832 1205 1987 1259 mini-

399 1316 489 1355 me
510 1299 758 1363 viderim,
782 1312 942 1352 causa
966 1298 1153 1353 fuerit:
1185 1297 1407 1350 Porcens
1430 1297 1570 1352 enim
1594 1297 1728 1350 vobis
1751 1315 1852 1351 non
1873 1297 1988 1350 veni

399 1391 698 1447 Corinthum
727 1389 826 1462 (2.
861 1389 979 1444 Cor.
1031 1389 1081 1443 1.
1128 1388 1240 1458 25)
1267 1430 1282 1454 ,
1316 1388 1504 1458 inquit.
1547 1387 1726 1455 Quare
1769 1404 1836 1442 ne
1870 1388 1984 1442 hinc

398 1497 497 1552 per
538 1480 960 1551 deplorationem
1002 1479 1182 1534 dicere
1233 1478 1510 1533 videretur
1535 1520 1550 1544 ,
1595 1477 1820 1534 subdit:
1866 1476 1980 1531 Non

400 1573 563 1629 modo
589 1587 693 1627 non
719 1571 962 1627 dolemus
986 1571 1038 1625 in
1059 1569 1208 1625 hisee
1233 1569 1682 1636 tribulationibus,
1706 1568 1799 1624 sed
1821 1569 1982 1624 etiam

400 1665 694 1736 gaudemus
726 1681 740 1716 :
776 1661 1027 1735 quodque
1057 1662 1230 1731 majus
1261 1669 1378 1726 est,
1426 1676 1532 1715 non
1573 1659 1734 1716 modo
1766 1669 1984 1729 propter

397 1756 574 1812 futura
604 1755 852 1827 praemia,
905 1753 999 1809 sed
1039 1752 1199 1808 etiam
1241 1752 1310 1807 ob
1350 1751 1668 1821 prsesentia;
1721 1751 1980 1820 siquidem

399 1847 486 1902 hic
531 1861 742 1917 quoque
795 1846 865 1902 ob
909 1859 1026 1900 eam
1085 1859 1301 1899 causam
1350 1843 1480 1899 clari
1531 1851 1692 1913 atque
1745 1843 1981 1898 illustres

401 1951 604 1992 sumus.
645 1935 904 2003 Quocirca
949 1943 1153 1989 tantum
1195 1934 1347 1989 abest
1378 1940 1435 1986 ut
1463 1932 1609 1988 luctu
1641 1931 1936 1987 efﬁciamur
1963 1973 1978 1996 ,

399 2036 458 2081 ut
487 2027 645 2082 etiam
668 2026 992 2095 triumphum
1020 2039 1133 2079 rem
1160 2024 1315 2079 istam
1338 2023 1666 2093 appellemus
1686 2063 1700 2088 ,
1733 2032 1890 2092 atque
1913 2023 1982 2077 ob

400 2134 468 2173 ea
489 2134 606 2188 quae
628 2119 938 2188 contingunt
959 2118 1269 2188 gloriemur.
1298 2116 1484 2186 quue
1510 2115 1727 2171 nomine
1749 2113 1980 2181 dicebat,

409 2210 616 2266 Gratias
655 2219 818 2265 autem
862 2211 1004 2277 Deo,
1049 2212 1131 2278 qui
1180 2225 1378 2281 semper
1404 2210 1680 2280 triumphat
1719 2225 1849 2274 nos;
1879 2208 1982 2264 hoc

399 2313 520 2366 est,
561 2303 648 2373 qui
699 2318 796 2358 nos
837 2302 976 2373 apud
1023 2316 1214 2358 omnes
1256 2301 1568 2372 splendidos
1614 2301 1806 2356 reddit.
1848 2299 1978 2355 Nam

400 2395 542 2466 quod
592 2393 873 2449 dedecoris
921 2394 1158 2464 speciem
1203 2394 1402 2460 habet,
1451 2392 1702 2447 nimirum
1749 2391 1982 2460 undique

400 2489 547 2558 pelli,
571 2490 671 2543 hoc
689 2502 786 2542 nos
808 2501 1020 2542 summo
1041 2486 1227 2542 honori
1256 2487 1519 2542 ducimus.
1544 2485 1668 2542 Ideo
1689 2501 1794 2540 non
1818 2486 1978 2551 dixit,

399 2580 497 2648 Qui
529 2594 626 2634 nos
650 2579 972 2648 conspicuos
999 2578 1209 2646 reddit,
1242 2578 1333 2633 sed
1355 2620 1369 2644 ,
1407 2579 1508 2646 Qui
1535 2578 1834 2648 triumphat.
1865 2578 1978 2646 Qua

399 2686 529 2726 voce
561 2670 660 2725 hoc
704 2670 944 2737 indicat,
974 2669 1280 2740 hujusmodi
1312 2671 1751 2739 persequutiones
1783 2669 1980 2740 ubique

397 2772 660 2818 terrarum
718 2770 971 2832 perpetua
1011 2761 1272 2818 adversus
1325 2760 1594 2816 diabolum
1627 2768 1826 2831 tropzea
1869 2761 1980 2816 eri-

395 2869 543 2926 gere.
579 2854 778 2910 Deinde
807 2869 909 2909 una
950 2869 1070 2909 cum
1110 2868 1210 2918 eo,
1260 2855 1349 2923 qui
1393 2852 1724 2923 triumphat,
1763 2867 1979 2908 causam

398 2947 559 3001 etiam
587 2946 837 3010 atterens,
870 2945 994 3002 hinc
1015 2959 1225 3020 quoque
1249 2943 1510 3001 auditoris
1538 2944 1772 2999 animum
1802 2946 1978 3016 erigit.

396 3036 510 3091 Non
539 3037 713 3102 enim,
741 3036 949 3106 inquit,
980 3051 1011 3090 a
1040 3036 1150 3090 Deo
1189 3044 1392 3091 tantum
1423 3036 1474 3090 in
1508 3035 1834 3106 triumphum
1864 3035 1978 3106 agi-

398 3144 539 3194 mur,
569 3129 662 3184 sed
691 3129 854 3184 etiam
882 3116 936 3183 i'n
966 3127 1205 3195 Christo,
1236 3127 1338 3184 hoc
1358 3137 1438 3184 est
1463 3137 1682 3199 propter
1707 3127 1978 3184 Christum

396 3237 461 3277 ac
487 3221 942 3292 praedicationem.
989 3219 1122 3274 Nam
1167 3236 1288 3276 cum
1337 3221 1665 3290 triumphare
1707 3235 1840 3290 opus
1869 3218 1976 3273 sit:

398 3312 616 3367 omnino
642 3327 742 3366 nos
768 3326 982 3382 quoque
997 3312 1085 3382 qui
1112 3322 1371 3382 tropaeum
1393 3311 1634 3378 ferimus,
1663 3311 1980 3380 conspicuos

397 3426 518 3467 esse
544 3426 768 3467 necesse
794 3418 896 3478 est,
927 3409 1358 3481 quandoquidem
1388 3409 1560 3480 ipsum
1587 3417 1881 3479 gestamus;
1910 3406 1981 3462 ob

400 3506 559 3576 idque
586 3505 716 3560 clari
745 3519 808 3559 ac
831 3503 1075 3559 celebres
1097 3517 1305 3558 sumus.
1343 3501 1412 3555 Et
1437 3502 1642 3556 adorent
1664 3499 1856 3554 notitia:
1873 3513 1981 3554 sua:

397 3599 685 3667 manifestat
712 3614 805 3667 per
832 3613 923 3650 nos
952 3596 1004 3650 in
1034 3596 1171 3650 omni
1197 3595 1328 3649 loco.

467 3690 523 3744 2.
572 3689 828 3759 Superius
873 3687 1042 3752 dixit,
1101 3686 1314 3756 Semper
1367 3685 1690 3753 triumphat;
1738 3684 1866 3752 hie,
1917 3683 1982 3740 In

398 3784 535 3837 omni
565 3785 698 3850 loco,
728 3781 918 3852 inquit,
948 3779 1079 3835 illud
1105 3779 1352 3835 nimirum
1381 3778 1654 3843 indicans,
1684 3793 1783 3833 nec
1804 3779 1979 3832 locum

397 3889 500 3930 nec
530 3883 739 3944 tempus
779 3872 949 3927 ullum
981 3887 1101 3927 esse
1128 3912 1144 3940 ,
1191 3870 1332 3942 quod
1361 3885 1465 3925 non
1505 3869 1813 3940 apostolicis
1847 3883 1980 3924 cer-

400 3965 687 4019 taminibus
731 3964 1008 4034 impletum
1036 3963 1123 4017 sit.
1173 3963 1347 4032 Atque
1375 3961 1543 4016 altera
1580 3976 1766 4016 rursus
1807 3969 1978 4016 meta-

398 4055 569 4125 phora
600 4056 794 4122 utitur,
824 4069 854 4108 a
883 4053 1033 4110 suavi
1061 4053 1228 4108 odore
1253 4053 1432 4107 ducta.
1485 4052 1557 4108 Ut
1587 4053 1727 4108 enim
1757 4053 1846 4122 qui
1875 4069 1979 4106 un-

398 4160 656 4223 guentum
683 4160 929 4221 gestant,
981 4151 1194 4221 inquit,
1237 4149 1316 4205 sic
1343 4149 1550 4204 cunctis
1578 4149 1679 4218 ipsi
1706 4148 1981 4218 conSpieui

399 4261 624 4311 sumus;
663 4247 953 4316 pretiosum
982 4251 1309 4315 unguentum
1359 4242 1453 4298 Dei
1493 4241 1855 4312 cognitionem
1884 4255 1982 4295 vo-

397 4352 547 4392 cans.
601 4337 710 4392 Nec
754 4337 923 4403 dixit,
972 4335 1229 4391 Notitiam
1256 4375 1270 4401 ,
1317 4333 1411 4389 sed
1438 4374 1454 4399 ,
1503 4332 1724 4387 Odorem
1767 4333 1979 4387 notitiw.

399 4428 676 4498 Ejusmodi
706 4428 846 4483 enim
875 4436 956 4483 est
983 4441 1220 4498 prmsens
1248 4425 1484 4496 cognitio
1513 4465 1528 4490 ,
1575 4424 1676 4479 hoc
1701 4432 1784 4478 est
1808 4463 1824 4490 ,
1873 4439 1982 4478 non

397 4519 683 4574 admodum
717 4518 994 4588 perSpicua
1016 4526 1070 4574 et
1093 4527 1350 4574 reserata.
1392 4517 1477 4573 Ob
1506 4516 1557 4570 id
1587 4525 1694 4570 tum
1723 4515 1775 4570 in
1805 4515 1984 4586 priore

399 4609 624 4679 epistola
651 4609 882 4672 dicebat,
900 4607 1142 4663 Videmus
1166 4624 1301 4662 nunc
1330 4624 1418 4677 per
1442 4607 1704 4677 speculum
1743 4607 1796 4661 in
1821 4607 1984 4677 amig-

397 4710 531 4755 mate
583 4701 672 4772 (1.
709 4700 828 4756 Cor.
861 4701 950 4756 15.
983 4699 1124 4771 l2);
1153 4706 1315 4769 atque
1358 4698 1445 4754 hic
1473 4698 1694 4754 odorem
1737 4699 1840 4754 hoc
1879 4715 1984 4754 un-

397 4800 650 4862 guentum
679 4801 852 4847 vocat.
899 4791 1069 4846 Porro
1093 4791 1184 4861 qui
1210 4789 1432 4845 odorem
1463 4790 1633 4845 sensit
1656 4831 1672 4858 ,
1708 4789 1839 4844 illud
1866 4789 1985 4860 qui-

399 4887 519 4943 dem
548 4887 736 4954 novit,
785 4895 1113 4958 unguentum
1165 4883 1360 4939 alicubi
1413 4883 1686 4938 conditum
1719 4897 1878 4950 esse;
1926 4891 1988 4940 at

395 4978 698 5049 cujusmodi
725 4987 929 5033 natura:
953 5017 969 5042 ,
1003 4991 1109 5031 non
1141 4977 1264 5031 item
1290 5019 1304 5041 ,
1337 4976 1439 5031 nisi
1469 4976 1616 5046 prius
1662 4975 1714 5030 id
1759 4991 1983 5046 perspe-

397 5078 544 5125 ctum
589 5070 856 5126 habuerit.
900 5070 1102 5128 Eodem
1134 5085 1231 5124 nos
1274 5085 1486 5140 quoque
1529 5068 1690 5124 modo
1741 5070 1882 5138 quod
1915 5069 1988 5124 sit

365 5190 371 5196 -
398 5161 541 5217 Deus
563 5205 578 5230 ,
607 5163 842 5231 scimus;
875 5161 1128 5233 quidnam
1159 5169 1337 5217 autem
1365 5169 1552 5216 natura
1579 5162 1669 5228 sit,
1698 5175 1803 5214 non
1833 5161 1981 5216 item.

398 5251 582 5322 Itaque
611 5263 879 5324 tamquam
909 5253 1237 5309 thuribulum
1267 5254 1474 5324 regium
1501 5269 1684 5309 sumus
1706 5297 1722 5322 ,
1771 5254 1986 5309 cwleste

396 5357 775 5418 unguentum,
833 5362 898 5402 ac
942 5347 1276 5416 Spiritualem
1333 5347 1716 5418 fragrantiam,
1773 5363 1986 5419 quoquo

396 5440 638 5510 gentium
665 5455 951 5510 pergamus
975 5481 990 5505 ,
1019 5438 1344 5494 redolentes.
1379 5439 1504 5493 llaec
1531 5449 1708 5495 autem
1737 5439 1949 5494 dicebat
1969 5479 1983 5503 ,

399 5535 594 5604 partim
615 5543 672 5588 ut
688 5534 1008 5604 evangelica:
1025 5531 1414 5603 prindicationis
1437 5532 1541 5586 vim
1555 5532 1951 5588 demonstraret
1971 5550 1985 5588 :

400 5639 594 5694 nempe
619 5624 760 5695 quod
789 5640 883 5694 per
921 5637 1050 5688 eos.
1098 5638 1128 5675 a
1178 5622 1369 5691 quibus
1410 5623 1619 5679 insidiae
1664 5625 1794 5694 ipsis
1831 5639 1986 5694 para-

401 5727 606 5782 rentur,
647 5718 815 5786 magis
836 5717 1127 5779 elucereut,
1152 5713 1277 5766 dum
1306 5712 1555 5768 videlicet
1581 5729 1766 5770 eorum
1797 5733 1982 5786 perse-
2007 5785 2067 5806 μ

403 5818 660 5880 quutorcs
688 5807 788 5864 hoc
810 5807 1066 5878 tacerent,
1098 5812 1154 5861 ut
1182 5805 1461 5860 universus
1487 5805 1632 5862 Orbis
1660 5816 1981 5891 lum'COt‘tltll

1475 350 1542 406 IN
1582 347 1798 406 EPIST.
1841 345 1881 401 ll
1949 343 2040 400 AD
2082 345 2238 405 (ΞΟΠ.
2282 353 2512 412 IIOMIL.
2559 358 2624 415 V.’

3582 374 3682 431 430

2103 475 2298 539 trapara
2325 515 2338 536 ,
2373 481 2482 525 tum
2514 474 2695 529 odoris
2725 477 3043 536 suavitatem
3073 483 3405 552 exploratam
3433 487 3680 555 haberet:

2097 563 2287 629 partim
2312 566 2471 618 etiam
2517 576 2572 620 ut
2608 583 2701 623 eos
2725 569 2791 624 ad
2830 586 3018 628 omnes
3062 576 3381 636 afllictiones
3410 592 3464 636 et
3501 592 3678 638 tenta-

2097 653 2269 708 tiones
2297 653 2419 709 forti
2449 659 2628 711 animo
2657 662 3000 729 perferendas
3031 668 3406 726 cohortaretur
3437 690 3450 728 :
3479 674 3680 745 quippe

2095 763 2214 802 cum
2243 750 2401 804 etiam
2451 762 2574 808 ante
2617 756 2832 812 cmleste
2864 761 3140 828 przemium
3178 764 3401 831 gloriam
3430 769 3678 838 percipe-

2095 851 2244 909 rent,
2290 860 2410 915 qua:
2438 848 2597 902 nullis
2639 851 2816 905 verbis
2859 855 3111 923 explicari
3158 869 3359 926 posset.
3408 860 3493 914 15.
3540 859 3678 926 Quia

2092 932 2280 988 Clu-isti
2306 937 2466 990 bonus
2490 939 2616 992 odor
2647 958 2820 997 sumus
2851 941 2962 998 Deo
2993 946 3045 998 in
3073 948 3134 1001 iis
3165 949 3250 1016 qui
3275 950 3401 1003 salvi
3427 950 3588 1018 ﬁunt,
3634 961 3682 1005 et

2092 1027 2143 1080 in
2188 1027 2250 1080 iis
2288 1029 2375 1096 qui
2418 1022 2648 1098 pereunt.
2694 1031 2819 1089 Sive
2866 1037 3009 1089 enim
3053 1037 3174 1106 quis
3209 1039 3436 1093 salutem
3483 1055 3679 1096 conse-

2090 1127 2302 1188 quatur,
2335 1121 2536 1192 inquit,
2564 1124 2677 1179 sive
2707 1134 2918 1194 pereat,
2953 1128 3230 1198 evangelio
3257 1144 3474 1200 semper
3502 1132 3675 1185 virtus

2090 1223 2185 1263 sua
2207 1220 2436 1266 constat.
2463 1213 2531 1268 Et
2553 1214 2689 1270 sicut
2708 1216 2808 1282 Sol,
2839 1217 2963 1272 licet
2986 1217 3210 1274 inﬁrmis
3236 1220 3405 1274 oculis
3429 1222 3678 1276 tenebras

2089 1298 2362 1367 oﬁ‘undat,
2414 1303 2592 1360 lumen
2629 1315 2805 1360 tamen
2832 1317 2948 1374 est;
2984 1323 3046 1363 ac
3075 1309 3218 1374 mel,
3264 1311 3472 1365 etiamsi
3501 1327 3676 1381 (egro-

2092 1392 2158 1445 tis
2184 1407 2426 1448 amarum
2458 1395 2563 1461 sit,
2597 1407 2784 1466 suapte
2814 1407 2990 1454 tamen
3021 1409 3210 1454 natura
3242 1400 3399 1455 dulce
3432 1411 3546 1463 est;
3591 1403 3672 1456 sic

2089 1484 2424 1554 evangelium
2450 1488 2600 1540 suavi
2630 1488 2796 1543 odore
2825 1489 3105 1558 prmditum
3137 1500 3219 1546 est
3245 1533 3259 1556 ,
3292 1491 3506 1546 etiamsi
3552 1493 3675 1561 qui—

2088 1572 2208 1628 dam
2242 1591 2346 1630 non
2376 1578 2655 1633 credentes
2686 1590 2932 1649 pereant.
2977 1581 3160 1652 Neque
3191 1583 3338 1638 enim
3367 1583 3498 1637 illud
3525 1582 3674 1637 exitii

2087 1680 2246 1722 causa
2273 1678 2390 1736 est,
2421 1670 2514 1725 sed
2542 1686 2724 1726 eorum
2755 1675 3095 1743 perversitas.
3137 1673 3273 1741 Quin
3311 1675 3436 1729 hinc
3463 1690 3677 1744 quoque

2088 1759 2170 1812 vel
2201 1761 2432 1816 maxime
2460 1764 2626 1831 ipsius
2654 1765 2887 1818 suavitas
2917 1766 3210 1835 percipitur
3229 1807 3244 1833 ,
3276 1766 3418 1836 quod
3445 1767 3533 1835 qui
3564 1766 3670 1819 im-

2088 1850 2236 1920 probi
2270 1867 2332 1906 ae
2375 1855 2612 1923 corrupti
2659 1863 2819 1921 sunt,
2865 1864 3108 1925 pereant.
3171 1857 3248 1911 Ae
3299 1857 3522 1926 proinde
3565 1871 3673 1912 non

2088 1942 2248 1997 modo
2277 1959 2373 2013 per
2400 1944 2664 1999 bonorum
2712 1946 2940 2001 salutem
2964 1987 2978 2012 ,
3031 1946 3125 2001 sed
3155 1948 3318 2001 etiam
3351 1962 3445 2016 per
3475 1947 3676 2015 impro-

2089 2033 2277 2092 borum
2302 2037 2575 2093 interitum
2608 2039 2775 2109 ipsius
2798 2040 2967 2094 virtus
2987 2039 3310 2094 declaratur.
3343 2039 3474 2093 Nam
3496 2049 3546 2094 et
3568 2040 3673 2104 sol,

2085 2127 2206 2197 quia
2238 2143 2496 2198 perquam
2525 2129 2701 2184 clarus
2741 2138 2823 2185 est
2842 2171 2857 2197 ,
2897 2145 2958 2185 ea
2984 2145 3044 2184 re
3073 2129 3408 2200 potissimum
3438 2127 3677 2182 inﬁrmo-

2088 2233 2206 2272 rum
2237 2221 2422 2275 oculos
2469 2222 2782 2294 perstringit
2827 2239 2840 2275 :
2890 2237 2955 2278 ac
2998 2221 3244 2278 Salvator
3286 2221 3337 2275 in
3383 2221 3672 2275 multorum

2087 2313 2295 2367 ruinam
2340 2323 2395 2369 et
2439 2317 2892 2371 resurrectionem
2940 2323 3056 2382 est,
3103 2322 3158 2370 et
3209 2323 3384 2368 tamen
3428 2312 3674 2369 Salvator

2089 2416 2268 2462 manet
2292 2449 2306 2472 ,
2334 2409 2577 2479 quamvis
2601 2409 2866 2463 innumeri
2892 2407 3086 2463 cadant
3111 2425 3123 2460 :
3157 2417 3315 2477 atque
3337 2406 3506 2476 ipsius
3531 2421 3674 2476 prau-

2085 2501 2254 2555 sentia
2286 2502 2503 2572 gravius
2525 2503 2675 2572 punit
2696 2516 2789 2556 eos
2813 2505 2901 2571 qui
2925 2516 3030 2555 non
3051 2501 3441 2570 obsequuntur,
3465 2510 3672 2552 lamen-

2086 2606 2190 2660 que
2223 2592 2471 2648 salutaris
2501 2601 2699 2647 manet.
2727 2591 2850 2649 Ideo
2874 2591 3071 2647 Paulus
3094 2593 3188 2657 ait,
3222 2590 3331 2644 Deo
3359 2590 3519 2644 bonus
3541 2590 3669 2643 odor

2085 2699 2301 2747 smnus;
2331 2682 2432 2738 hoc
2461 2691 2565 2748 est,
2595 2683 2852 2750 Quamvis
2883 2683 3124 2738 nonnulli
3159 2690 3419 2752 pereant,
3456 2681 3670 2736 interim

2089 2781 2262 2827 tamen
2297 2772 2347 2826 id
2370 2788 2490 2828 esse
2523 2783 2847 2843 perstamus,
2881 2773 3022 2843 quod
3052 2786 3258 2826 sumus.
3289 2770 3400 2826 Nec
3425 2770 3674 2825 absolute

2087 2864 2220 2919 dixit
2243 2905 2257 2931 ,
2289 2863 2462 2919 Bonus
2487 2865 2615 2920 odor
2643 2883 2816 2920 sumus
2841 2906 2856 2932 ,
2889 2865 2982 2920 sed
3011 2906 3025 2928 ,
3059 2863 3188 2918 Deo.
3216 2864 3383 2918 Porro
3410 2878 3530 2918 cum
3561 2863 3672 2918 Deo

2085 2957 2257 3012 bonus
2283 2955 2415 3029 odpr
2442 2956 2612 3011 simus
2634 2998 2648 3023 ,
2688 2966 2846 3027 atque
2874 2957 2963 3010 ille
2995 2954 3110 3008 haec
3139 2954 3348 3008 calculo
3387 2968 3486 3008 suo
3515 2968 3669 3007 com-

2086 3048 2297 3118 probet,
2316 3049 2434 3118 quis
2453 3049 2562 3119 jam
2582 3048 2949 3104 contradicat?
2976 3047 3115 3115 Quin
3143 3046 3259 3101 haec
3280 3045 3464 3112 verba,
3489 3043 3674 3098 Christi

2088 3141 2246 3194 bonus
2275 3141 2400 3194 odor
2426 3157 2600 3195 sumus
2627 3183 2641 3205 ,
2675 3139 2803 3194 mihi
2832 3138 3031 3210 duplici
3070 3137 3230 3192 modo
3272 3137 3467 3206 exponi
3514 3151 3673 3206 posse

2087 3231 2334 3286 videntur
2369 3250 2382 3286 :
2411 3239 2503 3285 aut
2528 3231 2670 3286 enim
2702 3230 2807 3286 hoc
2849 3231 2959 3294 ait,
2991 3229 3133 3301 quod
3163 3229 3370 3299 seipsos
3400 3227 3672 3283 victimam

2085 3324 2340 3380 offerrent
2362 3367 2376 3392 ,
2410 3325 2536 3380 dum
2558 3334 2783 3380 mortem
2807 3333 3159 3396 oppeterent;
3189 3332 3280 3378 aut
3305 3365 3319 3387 ,
3353 3322 3494 3392 quod
3526 3322 3674 3376 necis

2086 3416 2283 3472 Christi
2314 3418 2488 3473 bonus
2517 3415 2652 3472 odor
2681 3417 2849 3471 simus
2875 3433 2886 3469 :
2923 3414 3145 3484 perinde
3177 3429 3239 3469 ac
3269 3415 3312 3468 si
3345 3415 3465 3484 quis
3491 3414 3669 3477 dicat,
3701 3459 3705 3464 .

2088 3508 2318 3580 Hujusce
2345 3509 2578 3564 victima;
2626 3509 2799 3562 bonus
2845 3507 2980 3561 odor
3027 3516 3111 3563 est
3157 3507 3242 3562 hic
3273 3506 3509 3561 sufﬁtus.
3565 3507 3674 3560 Aut

2087 3600 2247 3672 igitur
2292 3600 2392 3656 hoc
2422 3600 2687 3670 signiﬁcat
2730 3599 2859 3654 boni
2891 3599 3073 3654 odoris
3114 3599 3434 3653 vocabulum
3462 3639 3478 3662 ,
3537 3607 3625 3652 aut
3653 3639 3670 3664 ,

2087 3691 2226 3761 quod
2248 3701 2372 3746 ante
2400 3691 2530 3758 dixi,
2558 3689 2699 3761 quod
2730 3689 2966 3759 quotidie
2988 3689 3183 3745 Christi
3222 3704 3383 3744 causa
3430 3697 3674 3744 macten-

2089 3793 2193 3838 tur.
2224 3784 2387 3838 Vides
2426 3799 2532 3854 quo
2587 3783 2911 3837 tentationes
2957 3782 3284 3848 subvexerit,
3309 3797 3431 3836 eum
3488 3783 3670 3836 trium-

2086 3874 2250 3945 phum
2281 3889 2372 3930 eas
2397 3915 2412 3940 ,
2458 3882 2512 3929 et
2542 3873 2764 3929 odorem
2791 3913 2805 3938 ,
2839 3872 3183 3941 oblatumque
3215 3871 3324 3927 Deo
3354 3872 3672 3930 Sacriﬁcium

2087 3966 2364 4036 appellat?
2393 3965 2594 4020 Deinde
2625 3972 2902 4035 postquam
2930 3963 3101 4028 dixit,
3135 3961 3310 4017 Bonus
3341 3963 3470 4016 odor
3497 3980 3671 4016 sumus

2085 4057 2140 4111 in
2169 4057 2230 4111 iis
2258 4058 2344 4127 qui
2369 4068 2620 4127 pereunt;
2649 4070 2717 4110 ne
2743 4054 2845 4110 hoc
2869 4054 3144 4108 existimes
3173 4053 3294 4108 illos
3323 4068 3535 4123 quoque
3561 4053 3670 4107 Deo

2086 4159 2268 4221 gratos
2294 4157 2349 4205 et
2375 4158 2623 4218 acceptos
2648 4162 2767 4202 esse
2787 4187 2802 4212 ,
2835 4145 3110 4215 subjunxit
3143 4161 3157 4201 :
3195 4143 3282 4200 l6.
3316 4143 3441 4197 Aliis
3469 4143 3670 4214 quidem

2088 4243 2214 4296 odor
2242 4242 2417 4296 mortis
2442 4242 2495 4296 in
2526 4249 2755 4305 mortem,
2787 4239 2902 4292 aliis
2927 4248 3095 4292 autem
3122 4239 3249 4292 odor
3275 4241 3392 4292 vita:
3411 4237 3462 4290 in
3493 4236 3670 4291 vitam.

2089 4334 2238 4388 lianc
2267 4335 2407 4388 enim
2439 4332 2776 4403 l'ragrantiam
2799 4331 3014 4400 quidam
3043 4330 3115 4384 ita
3143 4330 3441 4400 suscipiunt
3462 4337 3518 4383 ut
3537 4326 3668 4382 salvi

2091 4424 2258 4491 ﬁant;
2292 4423 2505 4494 quidam
2556 4435 2742 4476 rursus
2757 4420 2862 4487 ita,
2894 4429 2954 4474 ut
2982 4429 3225 4490 pereant.
3258 4419 3438 4488 Itaque
3463 4417 3673 4472 etiamsi

2090 4525 2276 4587 pereat
2305 4515 2494 4582 aliquis
2520 4556 2535 4581 ,
2587 4513 2702 4584 ipse
2730 4514 2783 4567 in
2828 4513 2983 4582 culpa
3016 4520 3120 4567 est.
3162 4511 3294 4566 Nam
3326 4520 3381 4565 et
3410 4525 3535 4564 sues
3568 4527 3670 4563 uu-

2089 4619 2289 4681 guento
2317 4608 2566 4665 suﬁ'ocari
2599 4608 2890 4673 dicuntur;
2923 4617 2976 4661 et
3005 4606 3183 4660 lumen
3211 4645 3225 4668 ,
3260 4612 3320 4658 ut
3349 4611 3506 4657 antea
3538 4601 3672 4667 dixi,

2091 4701 2319 4756 inﬁrmis
2347 4701 2518 4757 oculis
2557 4699 2807 4755 tenebras
2853 4698 3098 4753 oﬁ'undit.
3141 4698 3315 4766 Atque
3363 4694 3675 4765 hujusmodi

2090 4794 2356 4850 bonorum
2383 4805 2570 4849 natura
2615 4801 2728 4858 est,
2778 4800 2837 4846 ut
2867 4806 2971 4844 non
3001 4805 3064 4844 ea
3097 4797 3338 4854 tantum,
3386 4803 3505 4857 quae
3547 4786 3678 4854 ipsis

2091 4887 2375 4944 familiaria
2402 4896 2546 4952 sunt,
2576 4893 2788 4951 sanent,
2817 4882 2912 4938 sed
2934 4883 3094 4938 etiam
3118 4882 3385 4937 contraria
3412 4878 3673 4949 perdant:

2092 4980 2320 5051 hincque
2347 4978 2577 5033 maxime
2605 4976 2683 5029 vis
2712 4989 2898 5030 eorum
2929 4972 3254 5028 declaratur.
3299 4970 3576 5040 Siquidem
3625 4978 3680 5024 et

2091 5073 2266 5143 ignis,
2311 5086 2417 5126 non
2451 5070 2622 5124 solum
2651 5083 2772 5122 cum
2822 5067 3126 5130 illuminat,
3169 5074 3261 5118 aut
3307 5079 3432 5118 cum
3485 5076 3674 5117 aurum

2092 5172 2322 5234 purgat,
2355 5161 2450 5216 sed
2478 5161 2638 5214 etiam
2668 5175 2789 5215 cum
2833 5158 3014 5228 spinas
3044 5156 3322 5223 absumit,
3373 5156 3480 5208 vim
3526 5165 3675 5206 suam

2095 5258 2327 5313 maxime
2358 5256 2597 5320 indicat,
2648 5265 2810 5324 atque
2855 5253 2956 5307 hac
2985 5252 3194 5306 ratione
3227 5251 3400 5320 ignem
3448 5262 3507 5301 se
3559 5258 3678 5300 esse

2094 5350 2443 5405 demonstrat.
2486 5346 2688 5401 Eodem
2719 5345 2879 5399 modo
2904 5343 3146 5396 Christus
3175 5342 3301 5394 hinc
3328 5353 3539 5408 quoque
3564 5351 3677 5390 ma-

2092 5441 2302 5511 jestatis
2328 5454 2439 5494 sure
2461 5437 2730 5508 Speeimen
2758 5434 2887 5498 edit,
2919 5447 3042 5487 cum
3067 5432 3178 5485 oris
3207 5430 3288 5484 sui
3310 5430 3496 5498 spiritu
3528 5426 3676 5480 Anti.

2097 5533 2357 5589 christum
2386 5531 2672 5602 opprimit,
2703 5543 2764 5582 ac
2796 5542 2890 5597 per
2917 5525 3205 5580 adventum
3241 5522 3539 5591 praesentia:
3566 5534 3676 5573 suae

2097 5625 2166 5680 de
2195 5623 2373 5679 medio
2420 5620 2578 5675 tollit.
2625 5616 2691 5673 Et
2735 5618 2802 5671 ad
2833 5616 2941 5670 lia:c
2967 5619 3078 5686 quis
3106 5611 3367 5666 idoneus?
3411 5610 3675 5678 Quoniam

2099 5716 2380 5788 magnifice
2401 5715 2656 5784 loquutus
2685 5721 2807 5768 crat
2836 5711 3020 5767 dicens
3046 5750 3060 5773 ,
3093 5706 3291 5762 Christi
3321 5704 3637 5761 sacriﬁcium
3658 5744 3676 5770 ,

2104 5827 2204 5892 ac,
2255 5809 2433 5866 Bonus
2479 5805 2610 5863 odor
2638 5818 2859 5873 sumus,
2911 5812 3102 5878 atque,
3151 5799 3354 5872 Ubique
3384 5795 3676 5868 triumpha!
