4098 6222
444 325 538 380 ἀει
1166 318 1226 376 S.
1262 314 1536 375 10thle
1572 315 2041 374 CllltYSOSTOMl
2082 315 2392 374 ARCﬂlEP.
2433 318 2944 378 CONSTANTINUP.

446 453 564 492 nius
588 481 602 504 ,
636 453 816 492 rursus
849 435 1209 491 moderatione
1251 431 1456 496 utitur,
1509 429 1619 484 Deo
1661 439 1850 484 cuncta
1894 430 2026 484 assi-

447 545 635 599 gnans,
659 531 727 582 ob
754 527 911 596 idque
933 528 1026 591 ait,
1045 523 1106 577 Et
1128 523 1196 576 ad
1217 522 1324 575 hac
1344 521 1454 591 quis
1478 521 1733 576 idoneus?
1754 520 1860 575 lloc
1881 521 2025 576 enim

449 630 619 674 totum
648 620 842 674 Christi
869 629 946 672 est
969 655 987 683 ,
1021 615 1191 685 inquit
1228 633 1239 667 :
1268 613 1400 668 nihil
1426 623 1509 669 est
1535 613 1674 684 quod
1703 615 1856 669 nobis
1875 629 2027 670 arro-

445 729 652 783 gcmus.
705 711 889 765 Viden’
933 707 1204 780 quomodo
1246 722 1404 763 secus
1430 723 1590 777 quam
1623 706 2024 778 psendapostoli

446 804 734 874 loquatur?
766 803 974 857 Etenim
1006 803 1078 858 illi
1107 801 1495 871 gloriabantur,
1530 799 1752 870 perinde
1779 815 1841 855 ac
1872 801 1916 856 si
1957 801 2024 856 ad

446 895 876 964 przedicationem
902 892 1104 962 aliquid
1139 907 1202 946 ex
1231 906 1290 946 se
1311 891 1604 956 afferrent;
1638 891 1726 945 hic
1753 899 1933 946 autem
1961 907 2026 946 eo

447 987 664 1041 nomine
694 1001 751 1040 se
781 985 998 1056 gloriari
1026 986 1102 1039 ait
1129 1027 1143 1049 ,
1177 983 1320 1055 quod
1349 983 1479 1039 nihil
1509 984 1679 1054 ipsius
1705 983 1775 1038 sit
1803 1000 1816 1036 :
1847 983 2026 1038 Gloria

441 1079 585 1132 enim
615 1086 787 1131 nostra
819 1077 926 1132 Izwc
956 1087 1029 1130 est
1054 1119 1068 1142 ,
1101 1077 1306 1146 inquit,
1337 1075 1680 1130 testimonium
1705 1076 2027 1130 conscientia:

443 1177 648 1232 nostra),
679 1167 916 1236 quoniam
949 1183 1048 1221 non
1075 1167 1128 1220 in
1154 1167 1405 1235 sapientia
1427 1164 1644 1232 carnali,
1668 1167 1757 1220 sed
1777 1167 1828 1219 in
1858 1166 2024 1237 gratia

447 1260 538 1313 Dei
567 1259 845 1314 conversati
873 1275 1046 1312 sumus
1079 1260 1130 1311 in
1176 1258 1362 1312 mundo
1391 1258 1477 1328 (2.
1514 1254 1631 1312 Cor.
1685 1258 1732 1311 Ι.
1783 1259 1893 1328 12).
1942 1256 2025 1312 0b

441 1349 594 1420 cujus
620 1350 695 1403 rei
721 1391 735 1415 ,
769 1349 868 1403 hoc
895 1357 978 1404 est
1002 1359 1239 1404 externa:
1268 1348 1548 1418 sapientiae
1579 1388 1592 1412 ,
1627 1347 1972 1418 adeptionem
2005 1389 2022 1415 ,

441 1440 772 1510 gloriandum
798 1440 898 1494 sibi
931 1439 1004 1494 illi
1036 1439 1438 1503 existimabant,
1462 1437 1529 1493 de
1552 1437 1710 1508 hujus
1737 1438 1814 1493 rei
1844 1438 2024 1492 subla-

445 1534 588 1586 tione
617 1532 702 1585 hic
729 1532 989 1602 gloriatur
1019 1547 1034 1584 :
1070 1531 1210 1585 unde
1235 1532 1395 1586 etiam
1428 1531 1530 1586 hoc
1566 1532 1686 1588 loco
1714 1532 1826 1598 ait,
1862 1529 1929 1583 Et
1953 1531 2020 1583 ad

443 1628 549 1677 lucc
575 1625 686 1693 quis
728 1623 984 1676 idoneus?
1029 1622 1182 1690 Quod
1224 1623 1270 1678 si
1319 1623 1538 1678 minime
1570 1623 1748 1679 idonei
1795 1637 1979 1677 sumus
2006 1662 2020 1685 ,

443 1714 627 1782 gratia:
660 1713 902 1784 profecto
935 1713 985 1767 id
1016 1723 1099 1768 est
1139 1713 1280 1784 quod
1307 1713 1531 1784 geritur.
1586 1716 1672 1770 17.
1721 1713 1843 1768 Νοη
1891 1714 2024 1767 enim

444 1821 615 1857 sumus
642 1806 772 1858 sicut
797 1804 976 1875 reliqui
1004 1803 1348 1859 adulterantes
1380 1806 1585 1859 verbum
1617 1805 1735 1860 Dei.

510 1898 559 1951 5.
589 1895 719 1951 Nam
745 1896 845 1950 etsi
873 1910 1059 1966 magna
1086 1895 1326 1964 quaedam
1359 1895 1646 1967 loquimur,
1680 1905 1858 1952 tamen
1883 1895 2015 1950 nihil

446 1995 630 2042 nostra
656 2001 819 2058 opera
843 1998 991 2042 recte
1022 1986 1219 2041 factum
1269 1986 1454 2054 fuisse,
1486 1987 1580 2043 sed
1619 1988 1797 2042 omnia
1823 1985 2024 2041 Christi

443 2097 563 2137 esse
593 2081 825 2136 diximus
851 2097 864 2133 :
890 2095 1063 2152 neque
1108 2080 1252 2135 enim
1301 2080 1746 2151 pseudapostolos
1791 2079 2024 2133 imitabi-

443 2190 581 2239 mur,
613 2173 703 2244 qui
731 2173 982 2244 pleraque
1006 2189 1101 2228 sua
1128 2189 1247 2229 esse
1274 2173 1476 2228 dicunt.
1507 2174 1618 2229 lloc
1638 2174 1779 2229 enim
1802 2182 2024 2228 estcau-

443 2267 652 2338 ponari,
682 2282 802 2322 cum
829 2268 948 2338 quis
975 2267 1155 2321 vinum
1183 2266 1482 2332 adulterat;
1515 2282 1634 2321 cum
1664 2266 1784 2337 quis
1801 2266 2022 2336 pecunia

446 2360 495 2413 id
527 2359 730 2424 vendit,
763 2359 902 2429 quod
924 2361 1090 2430 gratis
1116 2359 1243 2414 dare
1277 2358 1527 2414 debebat.
1565 2358 1675 2413 lloc
1713 2360 1855 2413 enim
1904 2357 2024 2411 loco

443 2461 497 2506 et
525 2450 590 2504 de
607 2461 812 2520 qna-stu
843 2466 936 2505 eos
965 2451 1329 2521 perstringere
1362 2451 1592 2517 videtur,
1631 2459 1686 2506 et
1713 2464 1920 2514 rursus,
1969 2448 2023 2502 id

442 2543 584 2615 quod
614 2545 744 2610 dixi,
777 2544 1138 2610 subindicare,
1201 2558 1392 2614 nempe
1437 2542 1579 2614 quod
1609 2558 1702 2597 sua
1735 2542 1808 2596 illi
1831 2540 2024 2595 divinis

446 2637 799 2691 admisceant.
833 2637 947 2704 Qua
979 2635 1047 2691 de
1079 2651 1137 2690 re
1165 2635 1329 2690 isaias
1355 2635 1516 2690 etiam
1547 2633 1855 2697 accusabat,
1885 2632 2022 2689 Cau-

441 2745 597 2801 pones
632 2728 706 2782 tui
735 2728 905 2781 vinum
935 2744 1068 2799 aqua
1095 2728 1302 2782 miscent
1357 2725 1508 2798 (Isai.
1547 2727 1598 2781 1.
1623 2725 1739 2797 εει).
1765 2725 1896 2780 Nam
1924 2725 2024 2780 etsi

443 2823 510 2874 de
537 2820 658 2874 vino
691 2819 794 2874 hoc
822 2819 1024 2874 dictum
1050 2827 1152 2884 est,
1185 2834 1290 2872 non
1321 2827 1498 2873 tamen
1528 2817 1812 2884 aberrarit,
1835 2816 1926 2888 qui
1957 2816 2024 2872 de

376 2913 382 2919 ’
442 2911 683 2965 doctrina
712 2910 815 2966 hoc
844 2926 1056 2980 quoque
1078 2910 1419 2964 intellexerit.
1453 2911 1523 2964 At
1548 2923 1655 2963 non
1684 2923 1802 2975 nos,
1832 2907 2022 2978 inquit,

442 3001 508 3055 ad
540 3001 680 3055 hunc
715 2999 964 3066 modum;
995 3001 1088 3054 sed
1116 2999 1292 3068 qualia
1343 3008 1543 3054 nostra:
1585 2997 1709 3053 fidei
1737 2998 2024 3053 commissa

442 3101 588 3161 sunt,
620 3093 744 3147 talia
767 3106 978 3162 quoque
1015 3107 1077 3146 ea
1110 3091 1430 3161 praibemus,
1473 3090 1774 3146 doctrinam
1817 3104 2023 3145 meram

447 3183 794 3255 propinantes
816 3201 828 3236 :
853 3181 996 3237 unde
1024 3180 1320 3251 sultjunxit,
1367 3180 1475 3236 Sed
1494 3197 1558 3236 ea:
1578 3180 1863 3234 sinceritate
1890 3189 2024 3234 tam-

441 3295 592 3348 quam
621 3292 686 3331 ea:
710 3275 841 3342 Deo,
869 3291 1042 3329 coram
1063 3273 1170 3328 Deo
1200 3274 1254 3327 in
1277 3271 1477 3328 Christo
1507 3273 1778 3344 loquimur.
1819 3271 1936 3327 Non
1967 3280 2027 3326 ut

443 3383 539 3424 vos
586 3369 915 3438 decipiamus
945 3365 1016 3421 ita
1062 3364 1416 3436 prtedicamns
1446 3403 1463 3431 ,
1514 3364 1722 3434 inquit,
1757 3372 2022 3433 tamquam

439 3461 593 3515 vobis
620 3460 979 3530 gratificantes
999 3502 1014 3526 ,
1045 3468 1135 3513 aut
1167 3468 1433 3528 tamquam
1462 3471 1492 3512 a
1543 3455 1697 3510 nobis
1719 3455 1914 3526 aliquid
1942 3451 2027 3508 af-

442 3555 680 3609 ferentes
718 3563 877 3624 atque
905 3553 1266 3608 admiscentes
1285 3594 1298 3620 ,
1337 3550 1747 3621 sed,Tantquam
1774 3567 1836 3606 ea:
1865 3549 1974 3605 Deo
2004 3568 2024 3616 ;

445 3645 496 3698 id
525 3653 627 3710 est,
654 3659 758 3698 non
791 3645 1018 3699 dicimus
1048 3659 1144 3698 nos
1162 3643 1362 3714 aliquid
1392 3651 1634 3698 nostrum
1665 3643 1897 3713 elargiri,
1930 3641 2023 3696 sed

444 3739 610 3792 Deum
640 3739 818 3792 omnia
871 3737 1084 3794 dedisse
1109 3778 1125 3804 ,
1156 3737 1260 3792 hoc
1301 3738 1444 3792 enim
1495 3735 1595 3792 sibi
1627 3736 1738 3790 vult
1763 3735 1916 3804 illud,
1944 3735 2029 3789 Ea:

442 3829 548 3882 Deo
577 3845 595 3894 ;
621 3838 678 3884 ut
719 3845 824 3884 non
852 3829 1144 3900 gloriemur
1165 3829 1315 3898 quasi
1346 3827 1549 3899 aliquid
1585 3825 1898 3893 habeamus,
1931 3826 2026 3881 sed

442 3922 617 3975 onmia
650 3921 746 3991 ipsi
779 3923 1091 3986 referentes,
1122 3918 1189 3973 In
1214 3919 1414 3974 Christo
1441 3919 1728 3990 loquimur;
1770 3933 1876 3972 non
1925 3931 2024 3971 no-

444 4025 557 4070 stra
584 4015 866 4086 sapientia,
893 4015 987 4070 sed
1041 4014 1181 4068 illius
1212 4013 1446 4084 potentia
1490 4013 1671 4068 afﬂati.
1708 4011 1810 4079 Qui
1846 4019 2026 4066 autem

439 4108 736 4180 gloriantur
759 4150 772 4174 ,
825 4123 930 4162 non
957 4107 1188 4162 adhunc
1234 4105 1448 4161 modum
1480 4121 1538 4160 se
1577 4113 1768 4176 gerunt
1792 4146 1808 4170 ,
1840 4117 2025 4159 verum

442 4199 666 4269 perinde
703 4213 765 4253 ac
789 4200 831 4253 si
867 4197 1064 4268 aliquid
1093 4214 1122 4251 a
1151 4197 1344 4266 scipsis
1391 4196 1636 4252 afferant.
1669 4194 1822 4251 Unde
1861 4195 2025 4250 etiam

437 4304 540 4345 cos
569 4290 674 4343 alio
696 4289 814 4344 loco
842 4289 925 4344 his
957 4289 1134 4344 verbis
1177 4288 1444 4352 traducit,
1482 4286 1617 4353 Quid
1663 4287 1795 4340 enim
1825 4285 1976 4339 habes
2009 4325 2025 4350 ,

438 4382 584 4451 quod
611 4399 709 4436 non
737 4381 1032 4451 acceperis?
1059 4380 1316 4436 Stantem
1347 4379 1609 4450 accepisti,
1637 4377 1760 4449 quid
1787 4377 2026 4450 gloriaris

438 4477 591 4548 quasi
613 4493 713 4529 non
742 4477 999 4545 acceperis
1025 4475 1104 4547 (i.
1136 4473 1255 4528 Cor.
1286 4473 1341 4528 4.
1366 4472 1422 4543 7)
1447 4473 1470 4526 ?

528 4565 702 4620 Virtus
756 4568 978 4620 maxima
1022 4567 1192 4620 omnia
1220 4564 1325 4620 Deo
1351 4564 1656 4619 adscribere.
1700 4563 1798 4619 Dei
1824 4564 2030 4618 oculum

438 4676 590 4712 nemo
619 4660 769 4730 fugit.
796 4689 869 4699 —
896 4657 1020 4712 llmc
1064 4657 1294 4711 maxima
1319 4655 1486 4710 virtus
1534 4666 1614 4710 est
1644 4696 1658 4720 ,
1708 4655 1887 4710 omnia
1921 4655 2028 4709 Deo

433 4750 774 4816 .adscribere,
811 4750 943 4805 nihil
987 4765 1144 4806 suum
1165 4762 1284 4804 esse
1305 4747 1526 4814 ducere,
1557 4747 1688 4802 nihil
1718 4747 1902 4817 gloria:
1926 4746 2026 4801 hu-

447 4860 620 4899 meum
647 4860 807 4900 causa
838 4844 1035 4910 facere,
1065 4842 1158 4899 sed
1186 4840 1484 4899 secundum
1515 4841 1607 4898 Dei
1639 4842 1968 4898 voluntatem
2004 4860 2020 4898 :

439 4936 536 4990 dtic
560 4937 701 4989 enim
731 4944 814 4991 est
843 4978 856 5002 ,
890 4938 978 5006 qui
1003 4938 1124 4991 vita:
1167 4947 1301 4993 acta:
1352 4938 1588 4993 rationes
1617 4945 1902 4991 exacturus
1924 4946 2024 4992 est.

441 5025 600 5083 Nunc
631 5041 758 5080 vero
780 5028 856 5081 rei
886 5027 1018 5081 ordo
1041 5027 1286 5083 inversus
1307 5039 1388 5084 est
1417 5047 1430 5084 :
1460 5039 1618 5099 atque
1637 5029 1783 5083 illum
1812 5029 2028 5098 quidem

439 5123 537 5191 qui
567 5133 664 5189 pro
691 5119 942 5174 tribunali
993 5134 1240 5176 sessurus
1265 5162 1280 5187 ,
1310 5136 1372 5176 ac
1399 5122 1636 5177 rationes
1701 5122 2026 5192 repetiturus

441 5223 553 5279 cst,
583 5227 686 5268 non
716 5211 869 5267 valde
897 5211 1184 5267 metuimus
1210 5228 1224 5274 ;
1253 5227 1346 5266 eos
1368 5222 1544 5267 autem
1569 5255 1584 5279 ,
1623 5214 1711 5284 qui
1745 5213 2020 5268 nobiscum

443 5308 669 5364 stabunt
716 5322 779 5363 ac
819 5305 1076 5375 judicium
1133 5303 1358 5360 subituri
1403 5315 1557 5372 sunt,
1599 5307 2020 5376 expavescimus.

446 5398 603 5454 Ilnde
627 5399 782 5469 igitur
813 5398 897 5453 hic
918 5393 1179 5452 mo’rbus?
1210 5396 1348 5452 unde
1376 5395 1426 5450 in
1453 5405 1666 5452 nostras
1695 5397 1902 5452 animas
1934 5397 2022 5450 in-

447 5491 629 5545 vasit?
657 5490 792 5546 Hinc
813 5490 1084 5554 nimirum,
1113 5489 1252 5561 quod
1284 5504 1389 5546 non
1415 5489 1627 5544 assidue
1658 5505 1743 5544 res
1771 5489 1888 5544 illas
1913 5488 2030 5541 ani-

446 5595 542 5635 mo
601 5581 936 5646 volutemus,
977 5582 1073 5638 sed
1125 5581 1480 5655 prmsentibus
1536 5580 1678 5634 affixi
1721 5589 2022 5666 vneamur.

448 5673 586 5728 llinc
604 5673 683 5738 lit,
702 5682 824 5728 utet
849 5673 900 5727 in
923 5675 1176 5729 exitiosas
1203 5675 1442 5728 actiones
1471 5672 1624 5726 facile
1657 5670 2026 5741 prolabamur,

441 5774 502 5829 at
532 5767 576 5823 st
598 5765 723 5839 quid
749 5764 876 5823 boni
903 5767 1125 5837 agimus,
1155 5763 1529 5822 ostentationis
1554 5777 1708 5820 causa
1743 5760 2024 5831 faciamus,

3616 327 3721 384 £32

2139 440 2298 500 atque
2330 431 2380 484 id
2403 447 2613 502 quoque
2645 433 2693 487 in
2717 433 3102 490 detrimentum
3151 435 3303 490 nobis
3331 436 3506 494 cedat.
3538 439 3717 511 Siqui-

2134 520 2255 575 dem
2285 521 2414 576 vidit
2441 522 2667 579 fortasse
2696 526 2960 595 quispiam
2992 527 3274 596 impudicis
3321 530 3496 585 oculis
3524 536 3718 590 mulie-

2137 628 2272 678 rem,
2309 629 2405 667 nec
2435 613 2486 668 id
2517 625 2607 668 aut
2635 617 2826 672 mulier
2846 633 2965 688 qum
2997 630 3284 689 conspecta
3307 631 3409 688 est,
3437 633 3528 678 aut
3562 626 3594 679 ii
3618 634 3709 696 qut

2137 720 2239 759 una
2283 705 2686 776 gradiebantur,
2715 721 3035 777 senserunt;
3070 729 3256 769 verum
3304 719 3518 773 oculum
3569 721 3714 777 illum

2136 799 2441 868 pervigilem
2471 800 2690 856 minime
2736 803 2886 873 fugit.
2919 804 3049 859 Nam
3075 806 3163 862 ille
3187 808 3334 877 prius
3363 810 3525 865 etiam
3554 829 3712 883 quam

2137 900 2414 959 peccatum
2465 893 2754 949 admissum
2807 906 2989 963 esset,
3025 898 3345 968 impudicam
3398 905 3631 959 animam
3661 917 3716 964 et

2135 979 2402 1034 internum
2446 981 2680 1038 furorem
2711 995 2764 1039 et
2792 989 3142 1057 Cogitationes
3191 991 3244 1044 in
3293 1001 3610 1062 tempestate
3653 1011 3715 1052 ac

2135 1071 2364 1137 procella
2421 1087 2542 1128 sese
2583 1077 2966 1132 convolventes
3022 1083 3313 1151 perspexit.
3347 1083 3528 1155 Neque
3568 1088 3712 1146 enim

2133 1163 2358 1218 testibus
2384 1175 2437 1219 et
2464 1167 2786 1236 coniecturis
2815 1169 2904 1224 ille
2932 1185 3068 1242 opus
3100 1173 3280 1240 habet,
3313 1176 3397 1230 cui
3417 1179 3595 1240 omnia
3621 1195 3712 1234 ex-

2133 1254 2336 1320 plorata
2369 1266 2512 1309 sunt.
2571 1259 2830 1323 Quocirca
2859 1277 2926 1316 ne
2948 1264 3132 1318 oculos
3157 1265 3221 1320 ad
3254 1281 3545 1324 conservos
3593 1280 3712 1328 tuos

2129 1355 2454 1400 convertas:
2508 1363 2629 1402 nam
2677 1351 2885 1407 etiamsi
2929 1352 3089 1409 homo
3135 1355 3336 1424 laudet,
3366 1357 3498 1414 nihil
3531 1369 3711 1418 tamen

2131 1433 2232 1488 hoc
2253 1437 2613 1504 prodest,cum
2632 1440 2774 1496 Deus
2798 1458 2901 1498 non
2916 1446 3199 1515 approbat;
3220 1464 3320 1504 nec
3331 1450 3374 1505 si
3390 1451 3711 1508 condemnet

2131 1525 2311 1593 homo,
2340 1530 2624 1600 quidquam
2644 1531 2768 1589 hinc
2793 1534 3098 1592 detrimenti
3129 1539 3285 1605 redit,
3305 1556 3426 1596 cum
3446 1541 3583 1598 Deus
3600 1558 3710 1600 non

2129 1618 2466 1676 condcnmat.
2488 1620 2676 1678 Nehac
2703 1639 2918 1696 quoque
2948 1629 3155 1684 ratione
3171 1630 3405 1700 iudicem
3419 1631 3484 1686 ad
3499 1633 3710 1688 iracun-

2129 1708 2268 1764 diam
2282 1713 2664 1780 concites,dum
2675 1731 3050 1774 conservorum
3065 1721 3279 1790 quidem
3298 1725 3712 1794 magnamgratio-

2130 1819 2249 1858 nem
2261 1806 2748 1878 habes,ipsoantem
2767 1810 3195 1882 indignante,nec
3211 1824 3354 1870 metu
3367 1831 3465 1872 nec
3483 1825 3711 1876 tremore

2129 1896 2374 1954 afficeris.
2405 1898 2579 1966 Quare
2605 1900 2814 1957 laudem
2832 1919 2974 1970 eam,
3002 1919 3120 1974 qua:
3141 1905 3206 1961 ab
3227 1905 3532 1963 hominibus
3549 1911 3709 1980 proli-

2129 1991 2362 2056 ciscitur,
2387 2004 2804 2052 contemnamus.
2829 1996 3116 2068 Quousque
3137 1998 3348 2055 tandem
3377 2000 3512 2057 viles
3537 2010 3591 2058 et
3618 2002 3712 2058 ab-

2129 2080 2254 2149 iecti
2281 2084 2521 2139 erimus?
2549 2100 2827 2156 quousque
2852 2087 2959 2143 Deo
2990 2089 3057 2144 ad
3082 2090 3271 2145 caelum
3303 2106 3403 2147 nos
3431 2093 3708 2150 attollente
3753 2089 3772 2108 ‘

2131 2175 2232 2244 ipsi
2263 2176 2408 2230 humi
2436 2191 2655 2247 serpere
2676 2180 3062 2237 contendemus
3093 2182 3350 2239 ?Fratres
3379 2184 3600 2257 Iosephi
3623 2229 3640 2255 ,
3662 2190 3708 2243 si

2132 2267 2228 2322 Dei
2271 2269 2512 2323 timorem
2545 2279 2666 2326 ante
2712 2273 2900 2327 oculos
2946 2271 3276 2341 habuissent,
3301 2285 3360 2331 ut
3388 2276 3584 2334 habere
3615 2294 3709 2350 par

2129 2369 2265 2426 erat,
2295 2375 2399 2416 non
2429 2371 2640 2431 captum
2666 2365 2718 2418 in
2751 2364 3042 2422 solitudine
3070 2367 3292 2424 fratrem
3316 2370 3710 2432 interemissent

2129 2453 2149 2523 (
2174 2452 2299 2508 Gen.
2331 2454 2398 2508 '57
2425 2455 2464 2523 ).
2494 2452 2625 2510 Cain
2657 2471 2866 2522 rursus,
2890 2458 2936 2513 si
2966 2461 3286 2515 sententiam
3317 2463 3506 2533 ipsius,
3538 2474 3708 2538 utpar

2132 2556 2270 2613 erat,
2296 2547 2650 2615 extimui=sct,
2679 2565 2784 2604 non
2815 2549 3038 2608 dixisset
3064 2571 3077 2606 :
3118 2552 3307 2608 Veniet
3323 2557 3643 2626 egrediantur
3656 2559 3710 2614 in

2129 2653 2306 2709 agrum
2335 2637 2484 2709 (Gen.
2509 2640 2564 2695 4.
2592 2641 2670 2710 8).
2693 2639 2831 2708 Quid
2852 2643 3016 2710 enim,
3045 2659 3076 2698 o
3106 2646 3271 2702 miser
3293 2655 3347 2702 et
3374 2649 3706 2719 calamitose,

2129 2744 2159 2782 a
2189 2738 2338 2799 patre
2383 2730 2556 2800 ipsum
2603 2731 2858 2788 distrahis
2908 2743 3066 2805 atque
3089 2738 3140 2790 in
3172 2751 3421 2808 campum
3445 2739 3708 2798 abducis?

2130 2835 2308 2877 annon
2351 2823 2490 2878 Deus
2532 2825 2776 2880 etiamin
2819 2841 3010 2898 campo
3054 2828 3259 2886 facinus
3299 2839 3448 2888 tuum
3487 2834 3708 2891 cernit!

2130 2929 2309 2969 annon
2337 2915 2403 2970 ab
2430 2915 2534 2984 iis,
2583 2932 2702 2987 qua:
2761 2920 2897 2988 patri
2955 2928 3046 2975 tuo
3086 2921 3420 2990 acciderunt,
3451 2924 3704 2993 didicisti,

2130 3006 2272 3077 quod
2298 3006 2478 3060 omnia
2509 3007 2672 3074 norit,
2702 3017 2862 3080 atque
2887 3011 3132 3066 omnibus
3155 3027 3274 3081 qum
3297 3013 3432 3069 flurtt
3459 3015 3706 3074 intersit?

2129 3099 2270 3166 Quid
2295 3108 2474 3154 autem
2500 3113 2677 3155 causa:
2701 3113 2802 3167 est,
2840 3115 2938 3158 cur
2965 3115 3069 3156 non
3111 3101 3177 3157 ad
3217 3118 3341 3159 eum
3370 3105 3547 3163 scelus
3591 3107 3708 3163 infi-

2130 3192 2362 3249 ciantem
2388 3192 2460 3245 ita
2488 3191 2738 3262 loquutus
2763 3194 2853 3260 sit,
2879 3193 3030 3249 Mene
3051 3195 3217 3261 celas,
3249 3199 3338 3266 qui
3367 3198 3564 3270 ubique
3607 3199 3705 3256 ad-

2130 3299 2247 3339 sum
2275 3291 2328 3339 et
2352 3297 2546 3340 arcana
2576 3283 2699 3338 novi
2727 3284 2748 3338 2
2777 3283 2911 3352 Quia
2943 3285 3179 3340 nondum
3212 3287 3300 3343 ille
3335 3287 3450 3344 hate
3476 3298 3623 3346 recte
3643 3304 3708 3346 ac

2130 3375 2400 3444 sapienter
2441 3375 2720 3445 percipere
2771 3385 3000 3445 poterat.
3053 3377 3191 3444 Quid
3222 3389 3400 3435 autem
3428 3381 3546 3435 ait?
3602 3379 3711 3436 Vo:

2131 3467 2390 3538 sanguinis
2411 3470 2584 3538 fratris
2623 3467 2696 3522 tui
2720 3469 2908 3522 clamat
2935 3469 3004 3522 ad
3029 3487 3106 3524 me
3139 3469 3318 3543 (Ibid.
3347 3489 3393 3527 υ.
3429 3471 3569 3546 10);
3602 3490 3708 3531 non

2131 3557 2273 3628 quod
2299 3558 2516 3628 sanguis
2566 3573 2754 3614 vocem
2780 3559 2992 3626 habeat,
3023 3560 3118 3616 sed
3149 3561 3334 3617 eodem
3385 3563 3566 3631 modo,
3599 3580 3710 3634 quo

2131 3649 2198 3704 de
2243 3648 2538 3719 perSpieuis
2557 3663 2621 3703 ac
2647 3648 2943 3705 manifestis
2977 3651 3162 3706 dicere
3185 3651 3438 3718 solemus,
3467 3651 3574 3708 Res
3599 3654 3711 3709 cla-

2133 3750 2261 3795 mat.
2314 3742 2390 3796 Ac
2412 3739 2636 3812 proinde
2679 3741 2772 3796 Dei
2821 3744 3142 3798 sententiam
3171 3743 3240 3806 ob
3273 3744 3460 3800 oculos
3499 3761 3712 3816 semper

2133 3832 2333 3888 habere
2360 3847 2496 3903 opus
2521 3842 2625 3899 est;
2644 3847 2874 3903 moxque
2901 3834 3076 3888 omnia
3094 3834 3231 3888 mala
3249 3837 3511 3892 exstincta
3531 3847 3706 3892 erunt.

2134 3922 2222 3978 Sic
2251 3923 2303 3977 in
2335 3922 2584 3992 precibus
2611 3938 2824 3994 quoque
2854 3923 3162 3995 vigilantem
3189 3926 3425 3984 animum
3454 3937 3708 3998 prestare

2135 4027 2436 4084 possumus,
2480 4013 2523 4067 si
2551 4029 2708 4084 quem
2755 4013 3089 4085 alloquamur
3134 4015 3466 4086 cogitemus,
3500 4017 3546 4072 si
3581 4017 3711 4073 illud

2134 4114 2463 4175 reputemus,
2518 4119 2617 4160 nos
2664 4103 2987 4160 sacrificium
3019 4105 3236 4174 offerre,
3294 4108 3636 4180 gladiumque
3657 4111 3710 4166 in

2138 4194 2403 4261 manibus,
2433 4195 2608 4266 ignem
2640 4209 2704 4250 ac
2734 4196 2874 4266 ligna
2911 4197 3141 4264 habere;
3177 4198 3223 4253 si
3263 4199 3379 4254 οωιὶ
3409 4211 3590 4271 portas
3618 4216 3712 4272 per

2133 4288 2510 4358 cogitationem
2565 4303 2885 4352 reseremus,
2928 4291 2974 4344 si
3023 4290 3148 4345 illuc
3206 4291 3516 4362 migremus,
3560 4307 3713 4349 acce—

2135 4390 2394 4451 ptumque
2421 4379 2647 4452 Spiritus
2675 4381 2906 4451 gladium
2939 4382 2991 4436 in
3039 4383 3268 4439 victima:
3295 4385 3481 4456 jugulo
3509 4385 3712 4458 deﬁga-

2141 4487 2263 4528 mus
2287 4515 2302 4539 ,
2334 4473 2542 4543 ipsique
2594 4473 2923 4544 vigilantiam
2975 4475 3334 4540 immolemus,
3363 4492 3426 4531 ac
3451 4477 3716 4550 lacrymas

2133 4562 2487 4618 ell'undamus.
2513 4563 2612 4618 llic
2641 4566 2783 4619 enim
2817 4564 2972 4636 hujus
2991 4566 3219 4621 victim-.e
3242 4568 3458 4637 sanguis
3473 4577 3591 4624 est:
3622 4569 3716 4625 tali

2139 4657 2309 4710 altare
2339 4655 2469 4710 illud
2498 4657 2645 4712 ctede
2675 4659 2913 4728 tingitur.
2966 4657 3043 4714 Ne
3069 4659 3229 4729 igitur
3251 4659 3397 4714 sinas
3425 4659 3718 4732 quidquam

2136 4750 2490 4804 humanarum
2547 4749 2934 4820 cogitationum
2956 4749 3187 4805 animam
3217 4760 3362 4806 tuam
3397 4760 3506 4807 tum
3553 4765 3722 4809 occu-

2135 4856 2284 4911 pare.

2205 4935 2260 4989 4.
2285 4933 2484 4990 Subeat
2503 4935 2553 4988 in
2573 4943 2834 5001 mentem,
2860 4933 3374 5003 Abrahamum,cum
3395 4937 3712 4994 sacrificium

2135 5025 2377 5089 offerret,
2407 5041 2513 5080 non
2561 5025 2744 5092 uxori,
2778 5041 2883 5080 non
2908 5040 3084 5093 servo,
3135 5043 3241 5082 non
3269 5029 3357 5082 alii
3384 5030 3629 5100 cuiquam
3660 5037 3717 5083 ut

2135 5117 2351 5171 adesset
2378 5115 2713 5186 permisisse.
2753 5115 2953 5171 Eodem
2975 5117 3136 5172 modo
3163 5128 3216 5176 tu
3233 5134 3446 5190 quoque
3468 5135 3540 5174 ne
3569 5123 3715 5176 sinas

2136 5219 2194 5262 ut
2219 5207 2427 5263 servilis
2458 5208 2595 5264 ullus
2633 5217 2684 5263 et
2723 5209 2999 5264 illiberalis
3037 5207 3264 5265 affectus
3289 5209 3380 5266 tibi
3411 5211 3572 5273 adsit,
3620 5213 3715 5269 sed

2138 5299 2285 5354 solus
2309 5300 2362 5353 in
2385 5307 2627 5353 montem
2679 5300 2933 5368 ascende,
2962 5300 3028 5355 ad
3070 5316 3229 5370 quem
3260 5303 3350 5358 ille
3372 5301 3633 5370 ascendit,
3665 5313 3717 5357 et

2139 5390 2205 5445 ad
2230 5406 2386 5462 quem
2415 5389 2564 5445 nefas
2586 5400 2668 5446 est
2693 5392 2853 5446 alium
2877 5408 3200 5464 quemquam
3222 5393 3530 5452 ascendere.
3561 5391 3716 5460 Quod

2136 5481 2182 5535 si
2204 5496 2324 5551 quae
2356 5481 2661 5552 hujusmodi
2710 5485 3065 5555 cogitationes
3091 5501 3196 5540 una
3225 5483 3590 5541 conscendere
3618 5498 3716 5539 co-

2137 5584 2357 5642 nentur,
2391 5577 2592 5645 impera
2623 5577 2701 5632 eis
2729 5592 2848 5632 cum
2875 5579 3218 5645 auctoritate,
3250 5594 3311 5634 ac
3331 5577 3419 5634 dic
3447 5595 3460 5635 :
3517 5575 3718 5632 Sedete

2134 5668 2240 5732 hic,
2267 5682 2364 5739 ego
2385 5677 2561 5723 autem
2585 5679 2639 5725 et
2666 5669 2827 5739 filius,
2865 5681 3146 5744 postquam
3179 5671 3603 5735 adoraverimus,
3630 5683 3716 5724 re-

2138 5762 2441 5834 vertemur(
2467 5760 2593 5818 Gen.
2625 5761 2714 5818 93.
2751 5765 2783 5822 5
2811 5763 2859 5835 ):
2893 5773 3057 5837 atque
3099 5764 3246 5821 asina
3275 5775 3327 5820 et
3354 5761 3554 5835 pueris,
3582 5769 3638 5818 et
3664 5759 3711 5817 si
