4098 6222
355 382 460 438 εἴη

359 498 421 554 Ἠ
449 497 557 568 γὰρ
584 496 884 565 καύχησις
919 495 1088 564 ἡμῶν
1123 493 1272 562 αὕτη
1313 493 1464 558 ἐστὶ,
1502 494 1566 547 τὸ
1600 494 1928 564 μαρτύριον

345 591 459 659 τῆς
517 589 950 654 συνειδήσεως,
1004 587 1093 640 ὅτι
1139 588 1249 640 οὐκ
1295 586 1365 640 ἐν
1413 586 1603 655 σοφίᾳ
1641 582 1925 654 σαρκικῇ,

345 683 486 739 ἀλλ’
509 683 580 736 ἐν
611 681 803 751 χάριτι
831 681 980 734 Θεοῦ
1013 678 1474 748 ἀνεστράφημεν
1494 679 1564 732 ἐν
1591 677 1670 744 τῷ
1699 678 1924 747 κόσμῳ.

347 775 458 830 Καὶ
481 768 542 828 οὐ
571 773 669 844 τὴν
709 773 901 842 κτῆσιν
953 772 1200 842 ἐνόμιζον
1241 772 1438 824 ἐκεῖνοι
1469 768 1605 823 εἶναι
1645 769 1924 841 καύχημα,

347 861 450 931 τῆς
479 860 670 930 σοφίας
701 860 846 929 λέγω
888 859 990 930 τῆς
1023 859 1243 924 ἔξωθεν,
1273 853 1426 922 οὗτος
1469 859 1568 930 τὴν
1609 859 1889 932 ἀναίρεσιν
1909 876 1922 890 ·

346 951 428 1004 διὸ
449 951 542 1004 καὶ
567 949 802 1004 ἐνταῦθά
828 967 983 1020 φησι,
1018 949 1128 1004 Καὶ
1163 949 1313 1018 πρὸς
1343 951 1532 1006 ταῦτα
1560 951 1652 1016 τίς
1679 950 1926 1016 bear-6c;

348 1042 413 1094 Εἰ
438 1041 494 1095 δέ
527 1041 602 1111 μὴ
633 1040 829 1106 ἱκανοὶ,
858 1039 1081 1110 χάριτος
1119 1039 1180 1092 τὸ
1223 1040 1527 1112 γινόμενον.
1575 1042 1656 1094 Οὐ
1688 1039 1796 1110 γάρ
1824 1039 1927 1093 ἐσ-

342 1148 478 1200 μεν,
502 1129 707 1201 ὥσπερ
726 1131 780 1183 οί
799 1127 998 1184 λοιποί
1018 1131 1463 1200 καπηλεύοντες
1486 1131 1593 1185 τὸν
1609 1131 1797 1200 λόγον
1822 1129 1927 1184 τοῦ

351 1222 519 1278 Θεοῦ.

422 1407 490 1468 γ’.
509 1398 574 1454 El
601 1401 710 1471 γάρ
739 1401 834 1454 καὶ
862 1402 1072 1474 μεγάλα
1101 1401 1473 1475 φθεγγόμεθα,
1493 1403 1606 1457 ἀλλ’
1623 1403 1929 1475 οὐδένήμέ-

348 1507 507 1562 τερον
545 1492 754 1564 ἔφαμεν
782 1489 922 1547 εἶναι
969 1493 1318 1564 κατόρθωμα,
1351 1494 1486 1549 άλλά
1512 1494 1581 1548 τὰ
1623 1496 1798 1550 πάντα
1829 1493 1925 1549 τοῦ

351 1583 622 1654 Χριστοῦ·
670 1585 790 1638 οὐδέ
835 1585 944 1657 γὰρ
997 1586 1349 1657 μιμησόμεθα
1389 1588 1515 1650 τοὺς
1556 1586 1928 1657 ψευδαπόστό-

350 1675 496 1741 λους,
543 1678 671 1742 τοὺς
711 1678 778 1731 τὰ
816 1678 986 1732 πολλὰ
1025 1679 1204 1732 αὐτῶν
1246 1675 1386 1733 εἶναι
1434 1678 1707 1748 λέγοντας.
1759 1680 1927 1732 Τοῦτο

350 1769 457 1839 γάρ
479 1771 595 1822 ἐστι
623 1771 983 1841 καπηλεῦσαι,
1006 1773 1133 1825 ὅταν
1163 1789 1246 1836 τις
1267 1772 1463 1846 νοθεύῃ
1489 1773 1579 1827 τὸν
1604 1769 1766 1836 οἶνον,
1797 1774 1927 1828 ὅταν

350 1876 433 1922 τις
459 1861 755 1932 χρημάτων
790 1861 969 1933 πωλῇ,
1009 1862 1148 1934 ὅπερ
1178 1861 1388 1934 δωρεάν
1420 1863 1527 1917 ἔδει
1558 1862 1765 1918 δοῦναι.
1811 1865 1930 1916 Ἐν-

348 1951 520 2006 ταῦθα
550 1953 657 2024 γὰρ
679 1953 773 2007 καὶ
803 1955 883 2018 είς
908 1954 1165 2027 χρήματα
1189 1956 1386 2020 αὐτοὺς
1417 1957 1693 2010 σκώπτειν
1726 1973 1817 2027 μοι
1841 1955 1927 2009 δοο

350 2043 456 2106 κεῖ,
508 2043 600 2096 καὶ
630 2044 767 2115 ὅπερ
801 2039 952 2098 εἷπον
993 2045 1326 2101 αἰνίττεσθαι
1378 2046 1562 2114 πάλιν,
1588 2040 1719 2111 οἷον,
1745 2047 1827 2100 ὅτι
1858 2045 1928 2100 τά

349 2133 532 2187 αὐτῶν
565 2135 956 2206 ἀναμιγνύουσι
981 2138 1096 2201 τοῖς
1126 2137 1291 2201 θείοις
1327 2154 1344 2172 ο
1377 2138 1514 2210 ὅπερ
1567 2137 1662 2192 καὶ
1693 2137 1927 2202 Ἢσαῖας

349 2224 598 2292 ἐγκαλῶν
624 2225 827 2296 ἔλεγεν,
859 2231 922 2282 Ol
947 2226 1210 2298 κάπηλοι
1236 2245 1354 2285 σου
1382 2230 1676 2301 μίσγουσι
1707 2229 1816 2284 τὸν
1846 2226 1928 2285 οἶ-

345 2331 464 2370 νον
487 2315 674 2371 ὕδατι.
705 2317 764 2371 Et
789 2319 894 2391 γὰρ
921 2319 1015 2373 καὶ
1048 2320 1176 2391 περὶ
1208 2321 1350 2374 οῖνου
1380 2321 1538 2375 τοῦτο
1565 2322 1798 2393 εἴρηται,
1828 2323 1928 2375 οὐκ

345 2405 416 2460 ἀν
456 2422 540 2470 τις
572 2408 802 2480 ἁμάρτοι
837 2411 930 2464 καὶ
975 2413 1056 2475 είς
1089 2411 1438 2466 διδασκαλίαν
1475 2413 1606 2468 αὐτὸ
1643 2412 1925 2484 ἐκλαμϐά-

347 2515 476 2552 νων.
533 2497 671 2552 Ἀλλ’
707 2501 803 2570 οὐχ
834 2503 1015 2571 ἡμεῖς,
1057 2502 1244 2574 φησὶν,
1294 2502 1498 2568 οὕτως·
1543 2503 1656 2557 ἀλλ’
1685 2499 1773 2559 οἷα
1811 2507 1930 2558 ἐπι-

349 2589 674 2662 στεύθημεν,
714 2591 942 2648 τοιαῦτα
989 2594 1322 2665 παρέχομεν,
1356 2595 1594 2667 ἄκρατον
1632 2597 1928 2667 κιρνῶντες

347 2681 441 2734 τὸν
456 2682 610 2752 λόγον
631 2702 647 2716 ν
674 2684 753 2739 διὸ
775 2686 1053 2758 ἐπήγαγεν
1079 2704 1092 2719 ·
1137 2687 1298 2742 Ἀλλ’
1327 2689 1408 2754 ὡς
1431 2688 1500 2752 ἐξ
1527 2690 1926 2758 εὶλικριιοείας,

347 2773 486 2826 ἀλλ’
515 2773 596 2840 ὡς
612 2775 681 2828 ἐκ
707 2776 878 2842 Θεοῦ,
901 2776 1272 2834 κατενώπιον
1299 2779 1405 2834 τοῦ
1435 2779 1582 2835 Θεοῦ
1605 2781 1677 2835 ἐν
1697 2781 1930 2850 Χριστῷ

349 2866 678 2935 λαλοῦμεν.
708 2869 822 2924 Οὐκ
864 2870 1183 2936 ἀπατῶντες
1218 2872 1386 2943 ὑμᾶς,
1426 2872 1612 2943 φησὶν,
1648 2873 1789 2927 οῦτω
1831 2891 1932 2945 κη-

352 2954 643 3025 ρύττομεν,
672 2951 783 3011 οἷον
811 2958 887 3023 ὡς
919 2961 1267 3032 χαριζόμενοι
1313 2963 1461 3033 ὑμῖν,
1488 2963 1521 3032 ἢ
1559 2963 1688 3035 παρ’
1723 2965 1930 3019 ἑαυτῶν

351 3047 776 3118 τιείσφέροντες
804 3047 956 3123 [469]
1003 3052 1097 3105 καὶ
1143 3051 1558 3123 ἀναμιγνύντες,
1590 3053 1706 3107 ἀλλ’
1745 3053 1837 3121 Ὦς
1862 3055 1930 3108 ἐκ

354 3137 503 3192 Θεοῦ
527 3152 540 3166 ’
578 3139 880 3208 τουτέστιν,
907 3143 983 3196 Οὐ
1029 3142 1259 3213 λέγομεν
1295 3144 1375 3198 ὅτι
1401 3143 1609 3198 οἴκοθέν
1635 3163 1687 3198 τι
1715 3145 1933 3216 χαριζό-

355 3229 516 3300 μεθα,
544 3231 659 3284 ἀλλ’
688 3233 771 3285 δτι
809 3233 988 3288 πάντα
1013 3235 1042 3286 6
1078 3235 1210 3300 Θεὸς
1248 3235 1414 3289 ἔδωκε
1449 3252 1463 3267 ο
1492 3236 1650 3290 τοῦτο
1679 3237 1789 3309 γάρ
1817 3239 1932 3291 ἐστι

350 3320 436 3387 τὸ,
478 3322 574 3375 Ἐκ
599 3323 747 3377 Θεοῦ
777 3341 791 3355 ο
823 3325 886 3378 τὸ
915 3325 1078 3396 μηδὲν
1105 3327 1411 3397 καυχᾶσθαι
1439 3326 1516 3391 ὠς
1539 3327 1668 3381 ίδιον
1689 3327 1931 3398 ἔχοντας,

351 3413 494 3468 ἀλλά
527 3414 706 3468 πάντα
741 3418 821 3479 εἰς
853 3416 1016 3471 αὐτὸν
1061 3418 1376 3490 ἀναφέρειν.
1426 3420 1529 3474 Ἐν
1557 3419 1790 3490 Χριστῷ
1827 3425 1935 3475 λα-

353 3502 614 3574 λοῦμεν-ο
641 3507 797 3561 οὐδὲν
821 3511 887 3580 τῇ
909 3509 1157 3582 ἡμετέρᾳ
1183 3510 1367 3582 σοφίᾳ,
1392 3509 1526 3564 ἀλλά
1541 3514 1608 3582 τῇ
1637 3514 1768 3584 παρ’
1788 3512 1933 3566 ἐκεί-

356 3612 448 3649 νου
506 3596 732 3668 δυνάμει
779 3599 1152 3671 ἐνηχούμενοι.
1211 3603 1276 3656 Ol
1330 3602 1388 3656 δὲ
1434 3602 1797 3674 καυχώμενοι,
1837 3603 1936 3673 οὐχ

357 3686 553 3753 οὕτως,
582 3689 697 3742 ἀλλ’
720 3689 797 3754 ὡς
833 3692 965 3761 παρ’
994 3693 1202 3746 ἑαυτῶν
1231 3710 1282 3746 τι
1322 3693 1688 3764 εἰσφέροντες.
1721 3693 1811 3746 Διὸ
1844 3696 1937 3747 καὶ

356 3771 591 3851 ἀλλαχοῦ
618 3783 815 3845 αὐτοὺς
845 3783 1100 3854 κωμῳδεῖ
1130 3784 1322 3854 λέγων,
1354 3786 1416 3838 Τί
1432 3785 1544 3855 γὰρ
1564 3785 1742 3854 ἔχεις,
1769 3785 1802 3842 ὃ
1826 3788 1938 3841 οὐκ

357 3872 604 3939 ἔλαϐες-ς
632 3873 702 3929 El
748 3873 819 3930 δὲ
851 3874 951 3929 καὶ
986 3875 1222 3943 ἔλαϐες,
1270 3879 1329 3931 τί
1364 3877 1689 3947 καυχᾶσαι,
1735 3878 1815 3944 ὠς
1851 3877 1936 3948 μὴ

357 3963 559 4020 λαϐὼν
570 3980 592 4030 ;

432 4142 585 4215 Δύτη
623 4147 852 4218 μεγίστη
884 4147 1076 4220 ἀρετὴ,
1113 4146 1176 4201 τὸ
1219 4146 1398 4201 πάντα
1422 4145 1498 4217 τῷ
1536 4145 1656 4218 Θεῷ
1686 4146 1940 4201 ἀνατιθέο

356 4254 473 4303 ναι,
507 4238 570 4291 τὸ
607 4239 772 4311 μηδὲν
799 4241 998 4295 οἰκεῖον
1023 4234 1162 4293 εἶναι
1206 4239 1469 4310 νομίζειν,
1507 4239 1570 4292 τὸ
1605 4239 1772 4310 μηδὲν
1804 4238 1940 4308 πρὸς

358 4327 666 4400 ἀνθρώπων
708 4331 864 4397 δόξαν
903 4334 1098 4393 ποιεῖν,
1140 4330 1278 4384 ἀλλά
1325 4331 1460 4402 πρὸς
1490 4331 1551 4383 τὸ
1588 4331 1666 4401 τῷ
1705 4331 1822 4402 Θεῷ
1863 4331 1943 4384 6o-

360 4417 492 4472 κοῦν
511 4435 525 4449 ⁸
561 4413 714 4484 οὗτος
743 4421 850 4491 γάρ
891 4421 1037 4474 ἐστιν
1073 4422 1102 4474 6
1127 4418 1226 4483 τὰς
1255 4417 1483 4483 εὐθύνας
1515 4421 1780 4479 ἀπαιτῶν.
1827 4425 1942 4478 Νῦν

234 4560 252 4582 ,
359 4511 419 4565 δὲ
445 4514 478 4582 ή
509 4513 662 4580 τάξις
680 4514 1086 4585 ἀντέστραπται
1103 4529 1117 4543 ⁹
1143 4513 1238 4567 καὶ
1263 4513 1356 4566 τὸν
1384 4513 1483 4584 μὲν
1503 4514 1599 4568 ἐπὶ
1629 4515 1724 4569 τοῦ
1753 4515 1939 4588 βήμα-

360 4619 454 4665 τος
485 4604 869 4675 καθιούμενον,
917 4605 1012 4658 καὶ
1054 4604 1152 4668 τάς
1191 4605 1420 4669 εὐθύνας
1468 4607 1842 4678 ἀπαιτήσοντα
1880 4609 1938 4661 οὐ

365 4695 572 4765 σφόδρα
601 4696 942 4768 δεδοίκαμεν,
980 4698 1106 4761 τοὺς
1138 4696 1195 4750 δὲ
1231 4697 1351 4768 μεθ’
1390 4698 1546 4769 ήμῶν
1578 4697 1817 4762 ἑστῶτας
1850 4699 1944 4753 καὶ

361 4789 719 4859 κρινομένους
763 4789 1079 4861 φρίττομεν.
1130 4788 1301 4843 Πόθεν
1355 4784 1448 4843 οὖν
1478 4790 1512 4859 ή
1559 4789 1714 4854 νόσος
1763 4790 1942 4863 αὐτη;

362 4881 531 4935 πόθεν
565 4883 643 4945 είς
662 4882 762 4945 τὰς
793 4882 1071 4954 ἡμετέρας
1103 4881 1419 4953 κατέσκηψε
1448 4881 1659 4953 ψυχάς;
1695 4883 1943 4938 Ἀπὸτοῦ

367 4973 448 5045 μὴ
475 4973 738 5044 διηνεκῶς
768 4977 837 5030 τά
866 4977 984 5029 ἐκεῖ
1017 4975 1346 5046 λογίζεσθαι,
1391 4975 1526 5030 ἀλλά
1563 4979 1675 5040 τοῖς
1708 4978 1945 5048 παροῦσι

364 5065 778 5136 προσηλῶσθαι.
824 5065 1102 5120 Ἐντεῦθεν
1136 5066 1230 5120 καὶ
1259 5067 1318 5119 ἐν
1349 5068 1469 5130 ταῖς
1506 5070 1771 5139 πονηραῖς
1801 5069 1947 5140 πρά-

279 5231 288 5238 ,
366 5157 485 5224 ξεσι
521 5158 757 5222 εὐκόλως
804 5159 1079 5229 πίπτομεν
1119 5176 1135 5191 ο
1173 5157 1276 5216 κᾶν
1307 5158 1510 5227 ἀγαθόν
1543 5177 1594 5212 τι
1626 5159 1944 5230 πράξωμεν,

365 5249 508 5322 πρὸς
533 5250 793 5317 ἐπίδειξιν
822 5252 1102 5323 ποιοῦμεν,
1141 5253 1282 5308 ὥστε
1316 5251 1610 5306 κάντεῦθεν
1648 5255 1779 5324 ήμίν
1805 5253 1949 5322 γίνε-

368 5343 497 5399 σθαι
521 5344 616 5417 τήν
644 5345 872 5417 ζημίαν.
902 5341 1025 5398 Εἷδε
1044 5344 1176 5414 γοῦν
1196 5361 1279 5408 τις
1300 5343 1623 5409 ἀκολάστοις
1648 5345 1948 5415 ὀφθαλμοῖς

363 5454 495 5491 τινα
524 5437 806 5504 πολλάκις,
842 5439 936 5491 καὶ
974 5435 1135 5490 ἔλαθε
1163 5437 1256 5490 καὶ
1292 5436 1391 5508 τὴν
1425 5435 1682 5506 ὀφθεῖσαν
1711 5437 1803 5491 καὶ
1823 5439 1948 5502 τοὺς

369 5528 802 5600 συμϐαδίζοντας
844 5545 860 5560 ο
917 5529 1053 5584 ἀλλὰ
1103 5527 1194 5582 τὸν
1247 5528 1546 5600 ἀκοίμητον
1602 5528 1704 5582 οὐκ
1760 5528 1949 5582 ἐλαθεν

367 5619 672 5690 ὀφθαλμόν.
714 5622 954 5684 Ἐκεῖνος
998 5621 1109 5691 γὰρ
1144 5621 1238 5674 καὶ
1281 5621 1411 5692 πρὶν
1454 5621 1487 5692 ἢ
1539 5621 1637 5692 τὴν
1678 5623 1950 5694 ἁμαρτίαν

369 5713 716 5784 ἐργάσασθαι
744 5756 759 5779 ,
796 5711 904 5768 εἶδε
929 5715 1028 5785 τὴν
1055 5713 1234 5785 ψυχὴν
1266 5712 1364 5783 τὴν
1387 5712 1708 5781 ἀκόλαστον,
1734 5716 1828 5770 καὶ
1853 5716 1950 5788 τὴν

377 5803 577 5876 μανίαν
606 5803 705 5874 τὴν
735 5804 901 5874 ἔνδον,
936 5805 1028 5859 καὶ
1063 5804 1190 5867 τοὺς
1228 5803 1522 5875 λογισμοὺς
1565 5807 1690 5872 τοὺς
1732 5825 1949 5880 στρεφο·

1407 375 1475 431 IN
1505 373 1725 432 EPIST.
1764 374 1805 428 ιι
1850 372 1940 427 AD
1983 370 2140 430 COR.
2182 376 2421 435 H‘OMIL.
2455 381 2522 436 ν.

3499 376 3607 433 ίέί

2037 492 2233 563 μένους
2257 497 2316 549 ἐν
2347 495 2485 567 ζάλῃ
2508 496 2601 550 καὶ
2639 495 2886 550 κλύδωνι.
2917 495 3049 550 Οὐδέ
3071 495 3178 566 γάρ
3203 495 3370 548 δεῖται
3403 491 3608 563 μαρτύ-

2035 601 2145 654 ρων
2175 587 2268 639 καὶ
2293 587 2611 658 τεκμηρίων
2649 589 2677 640 6
2710 587 2890 641 πάντα
2918 585 3095 651 εἰδώς.
3124 587 3214 656 Μὴ
3244 584 3422 638 τοίνυν
3470 581 3609 653 πρὸς

2033 677 2158 739 τοὺς
2189 676 2507 740 συνδούλους
2533 679 2633 749 ὅρα
2653 696 2666 709 ·
2718 679 2822 732 κᾶν
2857 677 2967 747 γὰρ
2995 677 3260 748 ἐπαινέσῃ
3299 675 3604 746 ἄνθρωπος,

2031 764 2184 817 οὐδὲν
2209 763 2422 834 ὄφελος,
2447 767 2576 819 ὅταν
2602 769 2630 820 6
2657 767 2788 832 Θεὸς
2821 767 2895 839 μὴ
2927 768 3284 838 ἀποδέξηται·
3319 766 3419 820 κᾶν
3440 781 3606 818 καταο

2033 855 2147 926 γνῷ
2175 856 2478 926 ἄνθρωπος,
2509 859 2661 912 οὐδὲν
2700 859 2916 930 βλάϐος,
2956 860 3083 913 ὅταν
3113 860 3142 912 6
3165 858 3298 921 Θεὸς
3331 857 3405 927 μὴ
3443 872 3600 908 κατα-

2037 948 2172 1019 γνῷ.
2207 949 2300 1021 Μὴ
2322 948 2407 1022 ⁶δὴ
2437 951 2606 1023 ταύτῃ
2637 950 2909 1022 παρόξυνε
2941 952 3030 1005 τὸν
3057 949 3334 1020 δικαστὴν,
3359 949 3468 1001 τῶν
3507 947 3608 1018 μέν

2034 1039 2334 1093 συνδούλων
2360 1039 2529 1094 πολὺν
2559 1039 2882 1112 ποιούμενος
2917 1040 3094 1110 λόγον,
3127 1040 3292 1094 αὐτοῦ
3321 1039 3376 1092 δὲ
3405 1039 3610 1106 ἀγαναο

2036 1129 2296 1195 κτοῦντος
2317 1132 2377 1184 οὐ
2401 1130 2651 1196 δεδοικὼς
2691 1133 2782 1185 καὶ
2823 1133 3062 1202 τρέμων.
3098 1130 3612 1201 Καταφρονίῃωμεν

2033 1223 2212 1277 τοίνυν
2240 1224 2336 1277 τοῦ
2372 1226 2502 1296 παρ’
2528 1224 2832 1296 ἀνθρώπων
2869 1224 3115 1278 ἐπαίνου.
3155 1223 3333 1294 Μέχρι
3365 1223 3494 1276 πότε
3522 1224 3614 1275 εὐ-

2032 1315 2208 1379 τελεῖς
2243 1318 2340 1370 καὶ
2366 1316 2730 1388 χαμαίζηλοι;
2774 1317 2936 1388 μέχρι
2977 1317 3128 1380 πότε,
3163 1315 3258 1368 τοῦ
3306 1315 3441 1368 Θεοῦ
3476 1317 3612 1386 πρὸς

2033 1408 2126 1464 τὸν
2157 1409 2383 1479 οὐρανὸν
2419 1410 2566 1480 ἡμᾶς
2613 1408 2880 1480 αἴροντος,
2936 1409 3092 1461 αὐτοὶ
3140 1406 3314 1482 χαμαὶ
3353 1405 3612 1477 σύρεσθαι

2033 1500 2486 1572 ἐσπουδάκαμεν;
2532 1502 2594 1554 ΟΞ
2634 1499 2732 1554 τοῦ
2780 1498 2977 1570 Ἰωσὴφ
3018 1497 3258 1566 ἀδελφοὶ,
3303 1498 3360 1550 εἰ.
3387 1496 3481 1550 τὸν
3518 1497 3611 1551 τοῦ

2033 1589 2168 1643 Θεοῦ
2191 1590 2354 1660 φόϐον
2382 1593 2488 1663 πρὸ
2525 1591 2819 1662 ὀφθαλμῶν
2865 1586 3030 1661 εἶχον,
3071 1590 3146 1654 ὡς
3192 1588 3335 1659 ἔχειν
3373 1587 3473 1652 δεῖ,
3513 1586 3613 1640 οὐκ

2033 1679 2101 1735 ἂν
2131 1680 2216 1734 ἐπ’
2243 1683 2479 1752 ἐρημίας
2503 1682 2595 1736 τὸν
2632 1682 2858 1752 ἀδελφὸν
2895 1680 3149 1744 λαϐόντες
3170 1680 3517 1733 ἀπέκτειναν.
3555 1679 3613 1732 ὐ

2034 1772 2175 1826 Κάϊν
2206 1772 2366 1826 πάλιν
2400 1774 2448 1826 εί
2498 1774 2602 1843 τὴν
2639 1773 2818 1844 ψῆφον
2868 1773 3078 1827 ἐκείνου
3117 1771 3392 1833 ἐδεδοίκει,
3427 1771 3502 1834 ὼς
3528 1769 3617 1824 δε·

2035 1863 2268 1917 δοικέναι
2298 1864 2424 1930 ἔδει,
2469 1864 2569 1919 οὐκ
2607 1863 2674 1918 ἂν
2718 1861 2861 1929 εἷπε,
2903 1865 3104 1932 Δεῦρο,
3138 1862 3238 1916 καὶ
3280 1861 3617 1932 ἐξέλθωμεν

2033 1956 2120 2020 είς
2150 1954 2217 2008 τὸ
2252 1955 2485 2010 πεδίον.
2519 1956 2584 2009 Τί
2610 1956 2740 2027 γὰρ,
2775 1948 2820 2008 ὧ
2850 1953 2991 2008 δειλέ
3021 1955 3115 2006 καὶ
3141 1952 3479 2023 ταλαίπωρε,
3507 1969 3616 2022 χω·

2037 2047 2208 2118 ρίζεις
2243 2048 2406 2102 αὐτὸν
2437 2047 2530 2101 τοῦ
2564 2046 2954 2118 γεγεννηκότος
2987 2045 3080 2100 καὶ
3121 2045 3202 2108 είς
3248 2044 3484 2115 ἐρημίαν
3521 2041 3611 2107 ἐξ·

2034 2139 2227 2207 άγεις;
2273 2138 2347 2210 μὴ
2397 2138 2504 2210 γὰρ
2538 2141 2566 2192 6
2602 2137 2735 2202 Θεὸς
2764 2138 2861 2208 οὐχ
2889 2138 2992 2209 ὁρᾷ
3019 2139 3113 2190 καὶ
3150 2136 3209 2188 ἐν
3240 2133 3318 2205 τῷ
3356 2132 3522 2203 πεδίῳ
3551 2131 3612 2185 τὸ

2032 2228 2326 2301 τόλμημα;
2370 2231 2480 2285 ἀπὸ
2530 2229 2638 2284 τῶν
2681 2229 2762 2302 τῷ
2801 2228 2971 2299 πατρί
3022 2243 3116 2280 σου
3187 2223 3612 2296 συμϐεϐηκότων

2033 2324 2133 2376 οὐκ
2165 2321 2510 2394 ἐπαιδεύθης,
2556 2323 2638 2376 δτι
2695 2321 2876 2377 πάντα
2909 2315 3042 2385 οἵδε,
3080 2319 3175 2372 καὶ
3216 2319 3348 2370 πᾶσι
3381 2316 3612 2387 πάρεστι

2034 2416 2146 2480 τοῖς
2181 2415 2517 2486 γινομένοις;
2573 2415 2686 2470 Καὶ
2727 2415 2873 2478 τίνος
2918 2412 3106 2466 ἕνεκεν
3157 2411 3258 2464 οὐκ
3291 2403 3412 2462 εἷπε
3454 2405 3614 2459 τοῦτο

2036 2504 2173 2577 πρὸς
2208 2506 2369 2568 αὐτὸν
2412 2506 2440 2559 6
2487 2505 2620 2570 Θεὸς
2659 2504 3008 2576 ἀρνούμενον·
3047 2501 3177 2572 Ἐμὲ
3227 2498 3486 2572 κρύπτεις
3520 2496 3614 2549 τὸν

2037 2596 2312 2668 πανταχοῦ
2343 2597 2606 2669 παρόντα,
2648 2597 2742 2650 καὶ
2787 2594 2855 2649 τά
2892 2594 3180 2665 ἀπόρρητα
3217 2589 3612 2659 ἐπιστάμενονς
3704 2655 3706 2657 μ

2039 2687 2161 2741 Ὅτι
2207 2685 2360 2741 οὐπω
2402 2685 2576 2740 ταῦτα
2643 2687 2952 2757 φιλοσοφεῖν
2999 2684 3205 2746 ἐκεῖνος
3242 2680 3357 2752 ⁴ᾔδει
3408 2677 3611 2741 καλῶς.

2049 2778 2210 2836 Ἀλλά
2234 2779 2288 2833 τί
2319 2796 2485 2852 φησι;
2523 2778 2696 2847 Φωνὴ
2745 2779 2996 2848 αἵματος
3045 2774 3154 2830 τοῦ
3203 2771 3470 2842 ἀδελφοῦ
3497 2785 3616 2824 σου

2031 2869 2155 2938 ,βοᾷ
2199 2871 2348 2940 πρός
2384 2887 2495 2941 με’
2551 2870 2650 2940 οὐχ
2696 2869 2771 2933 ὡς
2815 2867 2911 2921 τοῦ
2958 2867 3186 2938 αἵματος
3233 2861 3380 2937 [470]
3431 2859 3615 2931 φωνὴν

2038 2962 2271 3035 ἔχοντος,
2301 2963 2415 3017 ἀλλ’
2441 2964 2575 3034 ὅπερ
2603 2964 2762 3034 ἡμεῖς
2784 2961 3033 3033 λέγομεν,
3062 2957 3221 3013 ὅτιτὸ
3238 2958 3469 3027 πρᾶγμα
3495 2953 3614 3024 βοᾷ,

2038 3056 2262 3111 ἐπὶτῶν
2303 3056 2478 3128 δήλων
2521 3054 2614 3108 καὶ
2659 3053 2868 3123 σαφῶν.
2918 3051 3009 3105 Διὸ
3061 3049 3126 3122 δὴ
3167 3049 3265 3120 τὴν
3307 3047 3487 3117 ψῆφον
3521 3044 3615 3098 τοῦ

2038 3146 2175 3201 Θεοῦ
2205 3146 2311 3218 πρὸ
2333 3145 2628 3216 ὀφθαλμῶν
2650 3142 2793 3214 ἔχειν
2823 3142 2933 3204 δεῖ,
2977 3140 3073 3194 καὶ
3109 3137 3288 3193 πάντα
3336 3135 3616 3188 σϐέννυται

2039 3238 2107 3292 τά
2141 3238 2310 3293 δεινά.
2354 3237 2509 3292 Οὐτω
2540 3235 2634 3290 καὶ
2671 3237 2730 3288 ἐν
2761 3235 2947 3304 εὐχαῖς
2993 3233 3184 3304 νήφειν
3216 3227 3512 3299 δυνάμεθα,
3550 3224 3617 3278 ἂν

2040 3331 2381 3400 ἐννοήσωμεν
2412 3328 2517 3383 τίνι
2581 3324 2942 3396 διαλεγόμεθα
2970 3364 2986 3390 ,
3047 3321 3114 3376 ἂν
3171 3313 3619 3387 ἀναλογισώμεθα

2041 3419 2122 3474 ὄτι
2205 3418 2394 3474 θυσίαν
2477 3416 2826 3488 προσάγομεν
2865 3455 2881 3481 ,
2943 3412 3038 3467 καὶ
3112 3411 3386 3483 μάχαιραν
3479 3404 3620 3476 μετά

2042 3514 2231 3584 χεῖρας
2293 3510 2510 3581 ἔχομεν,
2543 3509 2638 3564 καὶ
2697 3506 2808 3578 πῦρ
2862 3508 2958 3562 καὶ
3011 3504 3146 3572 ξύλα
3171 3544 3188 3571 ,
3243 3503 3309 3557 ἂν
3348 3498 3624 3555 ἀναπετά-

2045 3619 2224 3672 σωμεν
2287 3601 2380 3655 τοῦ
2438 3597 2669 3670 οὐρανοῦ
2722 3597 2821 3660 τὰς
2869 3595 3044 3658 πύλας
3083 3592 3162 3664 τῷ
3223 3586 3499 3661 λογισμῷ,
3553 3586 3624 3640 ἂν

2047 3693 2404 3764 μεταστῶμεν
2473 3692 2641 3754 ἐκεῖ,
2697 3688 2792 3742 καὶ
2847 3686 3104 3750 λαϐόντες
3177 3683 3278 3756 τὴν
3346 3681 3627 3752 μάχαιραν

2043 3785 2136 3840 τοῦ
2189 3784 2504 3854 Πνεύματος
2565 3780 2898 3851 ἐμπήξωμεν
2962 3780 3042 3842 είς
3099 3775 3190 3830 τὸν
3256 3773 3351 3827 τοῦ
3420 3768 3626 3842 ἱερείου

2046 3877 2242 3948 λαιμὸν
2277 3917 2294 3942 ,
2365 3875 2460 3930 καὶ
2488 3873 2886 3941 καταθύσωμεν
2941 3867 3089 3937 αὐτῷ
3134 3866 3294 3936 νῆψιν
3327 3905 3344 3931 ,
3397 3862 3490 3916 καὶ
3520 3862 3624 3948 ,ἐκ-

2048 3946 2260 4040 χέωμεν
2327 3964 2477 4035 αὐτῷ
2533 3963 2765 4033 δάκρυα.
2852 3959 3105 4014 Τοιοῦτον
3166 3956 3274 4026 γὰρ
3344 3954 3405 4007 τὸ
3479 3946 3630 4021 αἷμα

2049 4058 2144 4112 τοῦ
2213 4056 2408 4129 ἱερείου
2484 4054 2673 4108 τούτου
2725 4069 2740 4084 ·
2813 4051 3036 4121 τοιαύτῃ
3110 4048 3171 4102 τὸ
3241 4043 3632 4113 θυσιαστήριον

2048 4153 2224 4204 ἐκεῖνο
2284 4148 2618 4220 φοινίσσεται
2695 4146 2903 4216 σφαγῇ.
2980 4141 3164 4212 Μηδὲν
3237 4137 3416 4191 τοίνυν
3479 4135 3625 4203 ἀφῇς

2048 4246 2155 4300 τῶν
2194 4243 2548 4316 ἀνθρωπίνων
2598 4237 2876 4310 λογισμῶν
2912 4234 3164 4304 κατέχειν
3198 4248 3288 4286 σου
3314 4229 3411 4301 τὴν
3442 4225 3632 4298 ψυχὴν

2047 4339 2189 4393 τότε.

2121 4516 2186 4572 δ’.
2219 4514 2502 4586 Ἐννόησον
2523 4514 2606 4568 ὅτι
2629 4511 2721 4566 καὶ
2749 4513 2776 4564 ὀ
2809 4507 3060 4580 Ἀϐραὰμ
3081 4504 3269 4558 θυσίαν
3296 4501 3531 4570 ἀνάγων,
3566 4499 3626 4554 οὐ

2051 4611 2307 4679 γυναῖκα,
2346 4607 2404 4660 οὐ
2431 4605 2637 4672 δοῦλον,
2664 4605 2764 4658 οὐκ
2794 4601 2950 4656 ἄλλον
2984 4599 3104 4654 τινὰ
3132 4598 3310 4668 ἀφῆκε
3351 4597 3624 4666 παρεῖναι.

2052 4702 2145 4773 Μὴ
2174 4701 2350 4756 τοίνυν
2393 4699 2529 4771 μηδὲ
2579 4697 2642 4751 σὺ
2689 4695 2797 4750 τῶν
2825 4691 3084 4748 δουλικῶν
3120 4690 3215 4744 καὶ
3260 4686 3630 4756 ἀνελευθέρων

2054 4793 2242 4848 παθῶν
2285 4794 2428 4864 ἀφῇς
2457 4791 2580 4844 τινά
2618 4806 2702 4844 σοι
2733 4790 3020 4859 παρεῖναι·
3055 4783 3167 4839 ἀλλ’
3209 4779 3440 4850 ἀνάϐηθι
3471 4779 3630 4849 μόνος

2053 4888 2133 4951 είς
2155 4886 2220 4940 τὸ
2249 4886 2394 4959 ὅρος,
2425 4883 2554 4938 ἔνθα
2583 4883 2787 4944 ἐκεῖνος
2813 4877 3006 4948 ἀνέϐη,
3039 4875 3166 4929 ἔνθα
3185 4873 3450 4942 ἀναϐῆναι
3473 4870 3631 4941 θέμις

2053 4980 2244 5034 οὐδένα
2271 4979 2479 5049 ἓτερον.
2507 4975 2625 5029 Κᾶν
2656 4970 2976 5042 ἐπιχειρῶσι
3026 4966 3439 5022 συναναϐαίνειν
3487 4963 3632 5028 τινὲς

2053 5071 2164 5124 τῶν
2188 5067 2444 5123 τοιούτων
2471 5061 2712 5123 ἐννοιῶν.
2737 5060 2993 5126 ἐπίταξον
3012 5059 3199 5121 αὐταῖς
3224 5055 3340 5126 μετ’
3358 5055 3634 5120 ἐξουσίας,

2055 5163 2152 5217 καὶ
2183 5161 2324 5225 εἰπέ,
2371 5157 2648 5212 Καθίσατε
2695 5154 2881 5219 αὐτοῦ,
2937 5152 3130 5223 ἐγὼδέ
3179 5149 3371 5204 καὶτὸ
3417 5147 3638 5201 παιδίον

2055 5252 2534 5326 προσκυνήσαντες
2558 5245 2970 5317 ὐποστρέψομεν
2987 5261 3000 5274 ·
3021 5244 3113 5296 καὶ
3141 5240 3238 5312 τὴν
3258 5240 3378 5292 ὄνον
3401 5236 3642 5296 καὶτοὺς

2056 5322 2252 5406 παῖδας
2291 5342 2450 5411 ἀφεὶς
2480 5340 2652 5403 κάτω,
2688 5340 2781 5392 καὶ
2805 5338 2856 5389 εἴ
2880 5354 2932 5388 τι
2965 5335 3158 5402 ἄλογον
3180 5331 3272 5384 καὶ
3300 5329 3523 5397 ἀνόητον
3542 5340 3555 5354 ⁸
3579 5322 3634 5376 εἴ

2054 5458 2108 5494 τι
2129 5436 2366 5506 λογικὸν,
2392 5431 2572 5487 λαϐὼν
2590 5431 2843 5500 ἀνάϐηθι,
2881 5428 3031 5481 ῶσπε
3038 5444 3070 5497 ρ
3091 5427 3296 5484 ἐκεῖνος
3313 5421 3404 5472 τὸν
3420 5417 3640 5474 Ἰσαάκ.

2056 5534 2168 5590 Καὶ
2188 5532 2249 5585 τὸ
2278 5527 2667 5598 θυσιαστήριον
2704 5523 3058 5592 οἰκοδόμησον
3097 5517 3269 5580 οὕτως
3301 5515 3375 5578 ῶς
3402 5514 3641 5580 ἐκεῖνος,

2057 5626 2133 5688 ὡς
2167 5621 2331 5694 μηδὲν
2362 5619 2499 5694 ἔχων
2522 5613 2882 5683 ἀνθρώπινον,
2916 5608 3030 5662 ἀλλ’
3055 5607 3159 5673 ἔξω
3181 5606 3279 5676 τῆς
3306 5603 3519 5670 φύσεως
3535 5619 3636 5694 γε-

2059 5692 2284 5788 νόμενος
2303 5733 2315 5746 ο
2345 5692 2465 5768 ἐτὲῖ
2500 5710 2594 5764 καὶ
2627 5709 2851 5769 ἐκεῖνος,
2885 5706 2932 5757 εἰ
2958 5704 3033 5775 μὴ
3061 5701 3163 5766 ἔξω
3181 5699 3280 5770 τῆς
3310 5699 3524 5769 φύσεως
3541 5693 3640 5771 ἦνι

2062 5813 2160 5868 οὐκ
2191 5809 2256 5865 ἂν
2297 5807 2383 5862 τὸν
2439 5803 2599 5859 παῖδα
2637 5795 2962 5868 κατέσφαξε.
2998 5795 3108 5851 Καὶ
3157 5793 3320 5867 μηδὲν
3348 5792 3644 5866 ἐνοχλείτως
