4090 6216
481 325 587 381 453

488 456 569 490 σοι
598 438 738 500 τότε,
765 436 880 491 ἀλλ’
907 434 1087 491 αὐτῶν
1113 433 1264 502 γίνου
1295 434 1401 486 τῶν
1426 432 1668 504 οὐρανῶν
1698 432 2050 505 ὑψηλότερος*

470 530 742 597 ,στέναξον
772 527 988 597 πικρὸν,
1015 524 1317 579 κατάθυσον
1337 523 1724 596 ἐξομολόγησιν
1747 540 1761 553 ⁸
1786 522 1930 594 Λέγε
1950 524 2054 594 γάρ

483 623 566 676 σὺ
588 622 692 688 τὰς
717 619 967 688 ἀνομίας
986 632 1102 672 σου
1118 616 1365 684 πρῶτος,
1393 618 1578 687 φησὶν,
1597 618 1697 670 ἵνα
1716 614 2051 683 δικαιωθῇς·

486 713 789 767 κατάθυσον
817 708 1108 781 συντριϐὴν
1151 709 1398 781 καρδίας.
1432 708 1619 763 Ταῦτα
1650 708 1716 762 τά
1745 710 1919 779 ἱερεῖα
1955 707 2054 759 οὐκ

486 805 566 866 είς
590 802 791 872 τέφραν
828 800 1077 870 τελευτᾷ,
1112 801 1233 854 οὐδὲ
1268 802 1349 863 εἰς
1376 799 1583 852 καπνὸν
1613 798 1909 861 διαλύεται,
1933 797 2052 852 οὐδὲ

480 887 656 951 ξύλων
684 887 972 940 δεῖταικαὶ
1008 888 1197 958 πυρὸς,
1242 887 1376 941 ἀλλὰ
1419 884 1899 958 κατανενυγμένης
1941 886 2054 941 διαο

483 977 631 1040 νοίας
668 978 834 1049 μόνης
853 995 866 1008 ⁸
901 979 1060 1031 τοῦτο
1085 978 1238 1045 ξύλα,
1269 980 1425 1034 τοῦτο
1456 980 1566 1051 πῦρ
1597 982 1751 1033 καῖον
1780 979 1938 1043 αὐτὰ,
1960 979 2053 1032 καὶ

478 1067 543 1119 οὐ
578 1069 895 1121 κατακαῖον.
955 1068 1013 1120 '0
1042 1068 1146 1139 γὰρ
1190 1068 1325 1138 μετά
1364 1068 1699 1139 θερμότητος
1737 1067 2049 1138 εὐχόμενος,

483 1158 718 1223 καίεται,
762 1159 855 1213 καὶ
904 1161 964 1214 ού
997 1161 1382 1226 κατακαίεται,
1431 1161 1547 1214 ἀλλ’
1603 1161 1790 1231 ὥσπερ
1831 1160 2052 1231 χρυσίον

484 1251 614 1319 περὶ
647 1249 1087 1321 βασανιζόμενον,
1113 1252 1488 1317 λαμπρότερος
1516 1252 1747 1322 γίνεται.

552 1433 708 1487 Μετά
732 1432 788 1487 δὲ
819 1433 1018 1488 τούτων
1047 1435 1267 1489 κάκεῖνο
1288 1436 1579 1506 φυλάττου,
1602 1436 1662 1490 rb
1687 1436 1852 1508 μηδὲν
1878 1435 2053 1490 εἰπεῖν

478 1521 773 1592 εὐχόμενος
800 1522 906 1576 τῶν
937 1522 1342 1595 παροξυνόντων
1371 1542 1464 1578 σου
1485 1527 1574 1579 τὸν
1599 1526 1897 1597 Δεσπότην,
1920 1525 2054 1596 μηδέ

482 1615 602 1665 κατ’
643 1613 851 1684 ἐχθρῶν
883 1615 1204 1688 προσέλθῃς.
1269 1618 1330 1671 Εἰ
1370 1617 1477 1688 γάρ
1530 1617 1589 1671 rb
1636 1618 1780 1688 ἐχειν
1828 1617 2054 1688 ἐχθροὺς

480 1704 702 1768 ὄνειδος,
735 1706 795 1759 τὸ
829 1707 1187 1777 κατεύχεσθαι
1220 1707 1403 1762 αὐτῶν
1449 1710 1701 1779 ἐννόησον
1743 1710 1928 1780 ἡλίκον
1953 1726 2053 1763 κα·-

481 1795 599 1849 κόν.
629 1796 756 1849 Δέον
779 1796 887 1867 γάρ
919 1814 976 1849 σε
998 1797 1440 1868 ἀπολογήσασθαι
1458 1800 1545 1853 διὰ
1562 1800 1612 1852 τί
1638 1801 1866 1870 ἐχθροὺς
1888 1800 2054 1870 ἔχεις,

482 1890 549 1942 σὺ
578 1888 635 1941 δέ
655 1889 835 1943 αὐτῶν
860 1889 952 1943 καὶ
985 1894 1316 1963 κακηγορεῖς
1344 1905 1393 1946 δ.
1423 1892 1534 1947 Καὶ
1561 1892 1718 1957 ποίας
1745 1891 1910 1965 τεύξῃ
1934 1908 2058 1960 συγ-

482 1978 732 2050 γνώμης,
770 1979 863 2034 καὶ
891 1982 1238 2052 κακηγορῶν,
1270 1984 1363 2036 καὶ
1393 1984 1451 2036 ἐν
1483 1983 1659 2055 καιρῷ
1685 1983 1930 2055 τοιούτῳ,
1965 1983 2055 2037 ὅτε

480 2064 632 2121 ἐλέου
657 2085 738 2121 σοι
759 2068 840 2123 δεῖ
866 2069 1091 2134 πολλοῦς
1124 2073 1234 2125 Καὶ⁵
1260 2073 1368 2145 γὰρ
1402 2074 1540 2143 ὑπὲρ
1574 2075 1790 2129 οἰκείων
1815 2074 2055 2145 προσῆλ-

483 2160 575 2222 θες
595 2160 1006 2232 ἁμαρτημάτων
1028 2162 1282 2233 δεόμενος
1301 2182 1313 2194 ·
1352 2169 1428 2237 μὴ
1454 2165 1634 2220 τοίνυν
1676 2167 2056 2239 μνημονεύσῃς

482 2248 592 2301 τῶν
613 2248 929 2319 ἀλλοτρίων,
962 2251 1048 2304 ἵνα
1068 2251 1143 2322 μὴ
1166 2252 1272 2307 τῶν
1297 2254 1440 2307 ίδίων
1463 2255 1799 2326 ἀναμνήσῃς.
1829 2257 1926 2310 Ἂν
1948 2256 2056 2329 γὰρ

482 2339 664 2410 εἴπῃς,
698 2339 939 2405 Πάταξον
960 2342 1051 2396 τὸν
1088 2342 1300 2414 ἐχθρὸν,
1332 2344 1633 2416 ἐνέφραξάς
1654 2363 1749 2400 σου
1770 2347 1829 2400 rb
1857 2348 2052 2417 στόμα·

481 2430 667 2486 οὐκέτι
699 2432 807 2505 γὰρ
851 2435 1164 2506 παρρησίαν
1214 2435 1423 2500 ἔδωκας
1450 2440 1514 2509 τῇ
1548 2436 1790 2512 γλώττῃδ
1837 2439 2057 2511 πρῶτον

486 2526 608 2597 μὲν,
630 2527 711 2579 ὄτι
741 2525 1100 2599 παρώργισας
1122 2528 1212 2583 τὸν
1245 2529 1508 2603 δικαστὴν
1547 2534 1611 2586 ἐκ
1640 2533 1940 2605 προοιμίων
1964 2536 2055 2589 εύ-

484 2618 622 2683 θέως
642 2636 656 2649 ·
683 2617 954 2690 δεύτερον,
994 2618 1144 2693 [47η
1176 2621 1256 2675 ὅτι
1286 2623 1503 2677 ἐναντία
1523 2626 1694 2689 αἰτεῖς
1716 2625 1794 2696 τῷ
1819 2627 2056 2698 σχήματι

483 2710 585 2781 τῆς
637 2710 824 2781 εὐχῆς.
874 2712 937 2766 El
996 2714 1104 2783 γὰρ
1143 2714 1284 2785 ὑπὲρ
1333 2714 1583 2784 ἀφέσεως
1645 2717 2057 2789 ἁμαρτημάτων

486 2804 764 2873 προσεύχῃ
801 2802 850 2867 b,
900 2801 1018 2866 πῶς
1050 2803 1190 2872 ὑπὲρ
1222 2803 1498 2869 κολάσεως
1529 2807 1783 2881 διαλέγῃ;
1820 2810 2057 2864 Τούναν-

485 2892 601 2944 τίον
634 2892 730 2961 μὲν
755 2888 847 2945 οῦν
869 2891 976 2945 ἔδει
1006 2896 1201 2959 ποιεῖν,
1228 2894 1322 2946 καὶ
1347 2895 1553 2949 δεῖσθαι
1587 2898 1729 2970 ὑπὲρ
1751 2899 1951 2963 αὐτῶν,
1972 2900 2059 2955 ἵνα

488 2983 647 3038 τοῦτο
677 2985 771 3037 καὶ
805 2983 943 3055 ὑπὲρ
975 2985 1187 3039 ἑαυτῶν
1215 2986 1353 3057 μετὰ
1391 2990 1706 3059 παρρησίας
1743 2986 2057 3062 παρακαλέέ

490 3093 695 3147 σωμεν.
726 3075 864 3129 Νυνὶ
890 3076 946 3130 δὲ
976 3077 1383 3149 προκατέλαϐες
1413 3079 1506 3134 τοῦ
1540 3081 1794 3137 δικαστοῦ
1827 3084 1926 3156 τὴν
1959 3086 2061 3156 ψῆ-

490 3187 590 3236 φον
615 3169 703 3224 διὰ
729 3169 830 3240 τῆς
857 3169 977 3240 σῆς,
1005 3168 1171 3237 ἀξιῶν
1196 3172 1323 3236 τοὺς
1358 3172 1770 3244 ἁμαρτάνοντας
1788 3176 2058 3242 κολάζειν·

490 3259 520 3313 δ
548 3260 641 3313 καὶ
666 3256 994 3331 συγγνώμης
1017 3260 1310 3331 ἀποστερεῖ
1338 3262 1539 3333 πάσης.
1575 3265 1670 3318 Ἂν
1696 3265 1752 3318 δὲ
1788 3267 1932 3338 ὑπὲρ
1961 3269 2061 3324 αύ-

493 3348 603 3402 τῶν
639 3347 790 3423 εῦξῃ,
824 3350 926 3403 κᾶν
978 3350 1146 3421 μηδὲν
1177 3350 1316 3422 ὑπὲρ
1350 3351 1457 3404 τῶν
1486 3351 1596 3405 σῶν
1625 3354 1802 3427 εἴπῃς,
1856 3356 1916 3411 τὸ
1954 3361 2062 3412 πᾶν

493 3440 717 3510 ἤνυσας.
766 3440 1049 3511 Ἐννόησον
1102 3441 1267 3495 πόσαι
1308 3441 1488 3497 θυσίαι
1519 3443 1655 3498 εἰσὶν
1687 3447 1745 3498 ἐν
1771 3446 1846 3517 τῷ
1880 3448 2058 3521 νόμῳ·

493 3530 657 3587 θυσία
685 3532 963 3598 αἰνέσεως,
984 3522 1156 3587 ’θυσία
1189 3534 1658 3607 ἐξομολογήσεως,
1697 3538 1856 3593 θυσία
1887 3558 2063 3614 σωτη-

499 3624 636 3695 ρίου,
658 3625 815 3678 θυσία
838 3624 1158 3696 καθαρμῶν,
1182 3626 1276 3680 καὶ
1291 3627 1471 3698 ἕτεραι
1497 3630 1708 3703 μυρίαι,
1731 3632 1825 3685 καὶ
1840 3632 2062 3704 οὐδεμία

498 3715 619 3768 κατ’
651 3714 880 3786 ἐχθρῶν,
923 3715 1039 3769 ἀλλ’
1071 3718 1212 3790 ὑπὲρ
1246 3718 1354 3775 τῶν
1395 3721 1610 3775 οἰκείων
1652 3723 2063 3795 ἁμαρτημάτων

497 3808 724 3879 ἑκάστη,
750 3808 895 3879 ήκαὶ
914 3810 1371 3882 κατορθωμάτων.
1386 3813 1477 3886 Μὴ
1495 3815 1600 3885 γὰρ
1622 3815 1766 3887 ἄλλῳ
1787 3818 2061 3892 προσέρχῃ

496 3900 653 3972 Θεῷ;
694 3901 917 3973 Ἐκείνῳ
948 3902 1225 3976 προσέρχῃ
1255 3904 1334 3974 τῷ
1355 3907 1584 3973 εἰπόντι,
1611 3909 1883 3978 Εὔχεσθε
1911 3911 2063 3980 ὑπὲρ

496 3990 616 4045 τῶν
637 3992 861 4062 ἐχθρῶν
887 3992 1073 4063 ὑμῶν.
1103 3996 1228 4060 Πῶς
1256 3993 1348 4050 οῦν
1386 3998 1565 4052 αὐτῶν
1596 4001 1899 4073 καταϐοᾷς;
1945 4002 2063 4067 πῶς

499 4084 838 4156 παρακαλεῖς
865 4085 955 4139 τὸν
983 4085 1115 4140 Θεὸν
1148 4085 1240 4141 τὸν
1277 4089 1475 4144 οίκεῖον
1509 4089 1666 4144 λῦσαι
1704 4092 1898 4162 νόμονς
1951 4095 2065 4148 Οὐκ

497 4175 610 4230 ἐστι
639 4176 796 4230 τοῦτο
832 4177 1008 4230 ἱκέτου
1040 4178 1251 4248 σχῆμα·
1286 4178 1460 4243 οὐδεὶς
1496 4180 1727 4235 ἱκετεύει
1772 4183 1861 4236 ἵνα
1908 4183 2065 4250 ἄλλος

497 4265 785 4336 ἀπόληται,
804 4264 920 4319 ἀλλ’
949 4266 1036 4320 ἵνα
1070 4265 1233 4331 αὐτὸς
1263 4267 1429 4340 σωθῇ.
1461 4269 1526 4334 Τί
1547 4270 1726 4325 τοίνυν
1753 4273 1941 4343 σχῆμα
1967 4275 2066 4345 μὲν

500 4358 678 4411 ἱκέτου
701 4357 1032 4429 περίκεισαι,
1068 4360 1288 4430 ῥήματα
1317 4359 1373 4414 δέ
1404 4360 1546 4432 ἔχεις
1577 4365 1917 4436 κατηγόρου;
1954 4366 2066 4420 Καὶ

498 4450 626 4503 ὅταν
660 4449 759 4520 μὲν
784 4448 921 4521 ὑπὲρ
949 4450 1155 4505 ἐαυτῶν
1193 4451 1478 4523 εὐχώμεθα
1501 4493 1517 4520 ,
1560 4456 1653 4508 καὶ
1683 4454 1939 4528 κνώμεθα
1972 4457 2066 4511 καὶ

499 4539 860 4612 χασμώμεθα,
884 4543 979 4595 καὶ
1000 4543 1082 4606 είς
1115 4543 1342 4613 μυρίους
1367 4545 1713 4619 ἐμπίπτομεν
1736 4547 2029 4620 λογισμούς
2046 4569 2061 4583 .

496 4634 624 4687 ὅταν
643 4633 700 4686 δέ
729 4634 847 4688 κατ’
871 4633 1101 4705 ἐχθρῶν,
1124 4634 1385 4704 νήφοντες
1405 4636 1565 4691 τοῦτο
1588 4639 1742 4693 ποιοῦ
1750 4658 1871 4711 μεν.
1893 4643 2066 4696 Ἐπει-

496 4728 561 4797 δὴ
589 4727 698 4799 γάρ
740 4724 881 4782 οἶδεν
923 4727 1240 4791 όδιάϐολος,
1280 4729 1362 4782 ὅτι
1409 4729 1533 4783 καθ’
1572 4732 1781 4786 ἑαυτῶν
1824 4734 1885 4788 rb
1914 4735 2066 4806 ξίφος

496 4817 768 4888 ώθοῦμεν,
795 4820 857 4872 οὐ
879 4819 1158 4890 περιέλκει
1180 4819 1301 4873 οὐδὲ
1324 4821 1569 4892 περισπᾷ
1597 4820 1741 4889 τότε,
1774 4824 1860 4878 ῖνα
1889 4826 2069 4896 μειζό-

500 4927 604 4973 νως
634 4912 766 4980 ἡμῖν
791 4911 1114 4982 λυμήνηται.
1154 4912 1315 4967 Ἀλλὰ
1340 4912 1625 4985 ἠδίκημαι,
1645 4916 1799 4987 φησὶ,
1827 4918 1921 4970 καὶ
1954 4918 2068 4972 θλί-

500 5000 687 5069 ϐομαι.
717 5002 923 5056 Οὐκοῦν
953 5004 1091 5057 κατά
1120 5004 1213 5058 τοῦ
1243 5005 1488 5060 διαϐόλου
1508 5002 1682 5073 εὖξαι,
1712 5008 1804 5063 τοῦ
1835 5010 2070 5083 μάλιστα

502 5092 719 5145 πάντων
738 5092 1048 5157 ἀδικοῦντος
1070 5095 1103 5163 ή
1112 5096 1236 5162 μᾶς.
1266 5097 1436 5152 Τοῦτο
1453 5101 1547 5153 καὶ
1574 5101 1847 5173 ἐπετάγης
1870 5101 2065 5171 λέγειν,

512 5182 717 5237 Ῥῦσαι
748 5180 905 5251 ἡμᾶς
927 5183 1047 5236 ἀπὸ
1079 5184 1187 5237 τοῦ
1233 5190 1520 5255 πονηροῦ.
1572 5192 1809 5257 Ἐκεῖνός
1851 5195 1997 5248 ἐστιν
2041 5198 2070 5249 ό

503 5276 910 5339 ἀκατάλλακτος
954 5275 1179 5347 ἐχθρόςσ
1217 5277 1502 5347 ἄνθρωπος
1541 5280 1631 5345 δὲ,
1680 5283 1779 5336 ὅσα
1805 5283 1871 5337 ἂν
1916 5287 2066 5356 ποιῇ,

504 5369 655 5437 φίλος
684 5368 800 5421 ἐστὶ
828 5368 922 5421 καὶ
948 5366 1194 5438 ἀδελφός.
1235 5366 1456 5442 Ἐκείνῳ
1487 5371 1664 5426 τοίνυν
1694 5372 1891 5437 πάντες
1915 5375 2069 5445 ὀργι-

564 5591 589 5655 _‘
618 5588 871 5655 _L_cgcba!ur
890 5592 1177 5655 κατηγορεῖς.

564 5641 784 5719 ξιΜεέξήεξι
804 5666 956 5719 gnagg.
993 5641 1165 5715 S'm'iL;
1189 5655 1446 5717 προσέρχῃ.
1474 5654 1627 5706 Paulo
1670 5659 1781 5717 post
1818 5652 1950 5703 idem
1988 5654 2065 5703 ἵνα

504 5711 659 5762 τοῦτο.
690 5708 817 5759 Ειιίιί
840 5708 1018 5763 τοῦτον.

1175 323 1232 381 S.
1272 321 1560 379 JOANNIS
1594 318 2087 377 CIIRYSOSTOMI
2127 320 2453 380 ARCHIEP.
2494 322 3045 381 CONSTANTINOP.

3620 319 3725 379 εει

2149 431 2395 503 ζώμεθα,
2424 435 2544 488 κατ’
2566 434 2730 488 αὑτοῦ
2760 434 3164 507 παρακαλῶμεν
3182 432 3273 487 τὸν
3302 430 3434 488 Θεὸν
3453 431 3722 503 λέγοντες,

2155 521 2451 593 Σύντριψον
2471 524 2562 576 τὸν
2593 525 2830 577 σατανᾶν
2852 524 2956 578 ὑπὸ
2983 526 3110 588 τοὺς
3141 522 3305 587 πόδας
3348 522 3524 595 ήμῶν.
3556 518 3726 591 Οὗτος

2153 612 2261 681 γὰρ
2304 613 2477 667 τίκτει
2513 616 2606 669 καὶ
2649 616 2776 679 τοὺς
2813 614 3061 687 ἐχθρούς.
3099 617 3196 668 Ἂν
3248 614 3305 669 δὲ
3339 614 3459 668 κατ’
3512 617 3725 690 ἐχθρῶν

2153 701 2308 774 εὔξῃ,
2343 702 2440 774 τήν
2469 704 2650 776 εὐχὴν,
2682 705 2748 777 ἢν
2780 708 2985 770 ἐκεῖνος
3029 706 3297 776 βούλεται,
3338 706 3504 781 εὔχῃ·
3532 708 3726 782 ῶσπερ

2153 792 2246 849 οῦν
2269 795 2334 848 ἂν
2365 796 2505 866 ὑπὲρ
2535 798 2763 869 ἐχθρῶν,
2795 800 2936 854 κατά
2970 799 3184 853 τούτου.
3214 799 3279 852 Τί
3305 800 3484 854 τοίνυν
3521 801 3614 856 τὸν
3639 802 3725 856 δν-

2153 905 2261 952 τως
2305 888 2500 959 ἐχθρὸν
2539 890 2718 959 ἀφεὶς,
2756 891 2824 945 τά
2866 892 3003 963 μέλη
3034 891 3253 954 δάκνεις
3278 891 3344 945 τά
3386 891 3475 959 σά,
3516 892 3725 965 θηρίων

2153 978 2531 1049 χαλεπώτερος
2556 979 2729 1054 ταύτῃ
2763 982 3076 1052 γινόμενος;
3131 982 3269 1035 Ἀλλ’
3310 980 3523 1053 ὕϐρισε,
3564 984 3723 1055 φησὶ,

2152 1071 2244 1124 καὶ
2268 1073 2524 1143 χρήματα
2551 1074 2912 1145 ἀπεστέρησε.
2949 1074 3060 1128 Καὶ
3092 1073 3214 1129 τίνα
3249 1073 3331 1126 δεῖ
3359 1071 3597 1141 πενθεῖν,
3630 1074 3726 1130 τὸν

2156 1161 2396 1215 παθόντα
2434 1163 2639 1227 κακῶς,
2675 1164 2709 1236 ἢ
2739 1164 2832 1217 τὸν
2862 1165 3163 1235 ποιήσαντα
3191 1164 3411 1231 κακῶς;
3437 1165 3559 1219 ’Ότι
3588 1166 3725 1239 χρήο

2157 1269 2302 1322 ματα
2352 1263 2375 1292 ο
2416 1253 2698 1325 κερδάνας,
2745 1255 2847 1326 τῆς
2880 1257 3092 1321 εὐνοίας
3129 1257 3319 1312 ἐαυτὸν
3364 1256 3585 1323 ἐξέϐαλε
3625 1260 3723 1313 τοῦ

2153 1343 2307 1412 Θεοῦ,
2340 1345 2432 1399 καὶ
2471 1346 2693 1416 μείζονα
2720 1346 2999 1402 ἀπώλεσεν
3028 1348 3060 1420 ἢ
3095 1347 3315 1402 ἐλαϐενο
3344 1349 3482 1403 ὥστε
3516 1349 3722 1414 ἐκεῖνός

2155 1436 2301 1490 ἐστιν
2347 1438 2375 1491 ό
2422 1432 2764 1508 ἠδικημένος.
2809 1439 3017 1493 Οὐκοῦν
3071 1440 3190 1510 ούχὶ
3223 1440 3577 1512 κατεύχεσθαι
3615 1441 3719 1506 δεῖ,

2155 1525 2272 1580 ἀλλ’
2300 1527 2695 1600 ὑπερεύχεσθαι
2715 1530 2900 1599 αὐτοῦ,
2927 1531 3014 1585 ἵνα
3037 1533 3065 1585 ό
3101 1530 3234 1596 Θεὸς
3277 1531 3430 1597 ἵλεως
3456 1529 3603 1603 αύτῷ
3629 1530 3723 1602 γέ-

2155 1635 2332 1689 νηται.

2133 1791 2136 1795 ’
2225 1793 2285 1841 ε’.
2311 1788 2454 1860 Ὅρα
2481 1788 2620 1843 πόσα
2638 1789 2837 1844 έπαθον
2860 1792 2909 1845 οἱ
2929 1790 3114 1856 παῖδες
3138 1792 3185 1845 οί
3209 1792 3375 1862 τρεῖς,
3397 1792 3547 1846 οὐδὲν
3569 1794 3727 1863 ποιήο

2157 1894 2348 1942 σαντες
2379 1878 2582 1932 δεινόν·
2619 1879 2876 1944 ἐξέπεσον
2942 1881 3217 1951 πατρίδος,
3258 1879 3598 1952 ἐλευθερίας,
3631 1878 3724 1947 ἐξ·

2154 1969 2647 2041 ῃχμαλωτίσθησαν
2664 1972 2757 2024 καὶ
2774 1968 3021 2040 ἐγένοντο
3036 1971 3328 2037 δοῦλοι,καὶ
3344 1973 3424 2035 είς
3442 1971 3729 2042 ἀλλοτρίαν

2155 2059 2249 2111 καὶ
2280 2057 2555 2130 βάρϐαρον
2603 2060 2992 2131 ἀπενεχθέντες
3019 2060 3221 2133 χώραν,
3257 2062 3351 2116 καὶ
3394 2060 3726 2132 σφάττεσθαι

2154 2149 2379 2221 ἔμελλον
2408 2151 2495 2205 διὰ
2524 2150 2585 2205 rb
2603 2152 2734 2223 ὄναρ
2761 2153 2882 2223 εἰκῆ
2906 2153 3002 2207 καὶ
3028 2153 3227 2225 μάτην.
3257 2154 3322 2208 Τί
3350 2148 3443 2208 οῦν
3463 2152 3727 2207 εἰσελθόν-

2154 2258 2247 2305 τες
2271 2241 2408 2313 μετὰ
2430 2241 2524 2295 τοῦ
2543 2243 2761 2315 Δανιὴλ,
2781 2243 2834 2296 τί
2861 2242 3094 2313 ηὔξαντο
3113 2262 3128 2311 ;
3153 2245 3281 2299 τίδὲ
3305 2240 3488 2311 εἵπονς
3509 2243 3729 2315 Κατάῤ-

2157 2329 2319 2401 ῥαξον
2371 2331 2463 2385 τὸν
2516 2331 3022 2404 Ναϐουχοδονόσορο
3070 2333 3419 2387 κατάσπασον
3470 2331 3635 2387 αὐτοῦ
3665 2331 3729 2384 τὸ

2154 2422 2425 2492 διάδημα·
2482 2423 2756 2476 κατάϐαλε
2803 2424 2965 2478 αὑτὸν
3002 2425 3110 2479 ἀπὸ
3156 2424 3250 2479 τοῦ
3294 2423 3521 2498 θρόνους
3561 2423 3728 2477 Οὐδὲν

2154 2512 2394 2567 τοιοῦτον
2417 2531 2430 2545 ·
2493 2514 2609 2567 ἀλλ’
2653 2514 2875 2586 ἐξῄτουν
2908 2516 3224 2587 οἰκτιρμοὺς
3266 2514 3416 2587 παρά
3439 2513 3532 2567 τοῦ
3565 2511 3727 2567 Θεοῦ.

2156 2605 2304 2678 [472]
2335 2607 2442 2660 Καὶ
2466 2607 2554 2660 ὅτε
2580 2611 2637 2662 ὲν
2668 2609 2733 2679 τῇ
2765 2607 2980 2677 καμίνῳ
3015 2602 3177 2678 ἦσαν,
3206 2606 3422 2678 ὁμοίως.
3463 2606 3600 2660 Ἀλλ’
3628 2605 3728 2677 οὐχ

2154 2696 2334 2767 ὑμεῖς,
2366 2697 2502 2751 ἀλλά
2535 2696 2714 2768 πολλῷ
2752 2698 3008 2752 ἐλάττονα
3038 2698 3261 2751 ἐκείνων
3288 2697 3607 2767 πάσχοντες,
3633 2697 3729 2750 καὶ

2154 2787 2375 2853 δικαίως
2412 2789 2691 2853 πολλάκις,
2718 2790 2779 2843 ού
2820 2788 3056 2843 παύεσθε
3085 2788 3364 2859 ἀρώμενοι
3394 2787 3567 2860 μυρία
3586 2803 3599 2817 ⁸
3632 2786 3729 2841 καὶ

2154 2880 2183 2930 ό
2211 2877 2309 2948 μέν
2336 2894 2487 2947 φησι,
2516 2877 2800 2932 Κατάϐαλε
2833 2878 2925 2932 τὸν
2953 2877 3146 2950 ἐχθρὸν
3165 2918 3180 2943 ,
3226 2878 3303 2943 ὡς
3338 2877 3732 2940 κατεπόντισας

2156 2969 2218 3021 rb
2239 2969 2390 3040 ἀρμα
2419 2968 2514 3022 τοῦ
2540 2968 2737 3040 Φαραώ
2757 2984 2771 3000 ·
2793 2972 2821 3022 ὁ
2847 2968 2925 3032 δέ,
2953 2969 3159 3039 Πλῆξον
3183 2967 3349 3023 αὐτοῦ
3392 2968 3488 3040 τὴν
3510 2967 3688 3038 σάρκα
3710 2982 3726 2997 ·

2157 3062 2342 3132 ἕτερος
2360 3061 2541 3127 πάλιν,
2581 3061 2801 3125 Ἀπόδος
2837 3064 3002 3127 είςτά
3031 3065 3217 3118 τέκνα.
3240 3058 3319 3115 Ἦ
3347 3061 3449 3117 οὐκ
3478 3058 3733 3132 ἐπιγινώ-

2162 3169 2318 3206 σκετε
2360 3152 2517 3207 ταυτὶ
2541 3153 2608 3206 τὰ
2627 3153 2851 3225 ῥήματα
2871 3170 2889 3221 ;

2230 3340 2401 3395 Πόθεν
2425 3333 2518 3395 οῦν
2557 3339 2685 3411 ὑμῖν
2727 3340 2756 3393 ό
2797 3339 2971 3410 γέλως
3019 3334 3204 3404 οῦτοςς
3243 3338 3412 3412 Ὀρᾷς
3461 3339 3579 3403 πῶς
3615 3337 3731 3393 ἐστι

2160 3430 2560 3501 καταγέλαστα,
2586 3431 2714 3484 ὅταν
2734 3431 2904 3503 χωρὶς
2925 3431 3132 3494 πάθους
3152 3431 3377 3503 λέγηται
3397 3446 3413 3496 ;
3445 3432 3557 3487 Καὶ
3584 3433 3736 3485 πᾶσα

2160 3523 2216 3576 δὲ
2250 3522 2494 3594 ἁμαρτία
2540 3522 2661 3575 τότε
2690 3521 2965 3576 δείκνυται
3000 3522 3119 3586 πῶς
3154 3524 3301 3576 ἐστιν
3343 3521 3563 3591 αίσχρά,
3603 3522 3737 3574 ὅταν

2160 3612 2330 3684 αὐτὴν
2367 3609 2662 3683 γυμνώσῃς
2692 3611 2791 3682 τῆς
2823 3610 3116 3672 διαθέσεως
3147 3610 3238 3665 τοῦ
3275 3611 3600 3681 τολμῶντος,
3630 3609 3737 3663 Ἂν

2159 3703 2253 3757 τὸν
2290 3701 2611 3773 ὀργισθέντα
2650 3700 2971 3772 ύπομνήοῃς
3013 3700 3124 3754 τῶν
3154 3699 3430 3771 ῥημάτων,
3458 3689 3535 3751 ὧν
3578 3691 3735 3752 εἶπεν

2161 3795 2219 3846 ἐν
2234 3792 2312 3864 τῷ
2338 3791 2515 3862 θυμῷ,
2538 3790 2917 3857 καταδύσεται,
2947 3791 3043 3846 καὶ
3059 3789 3483 3860 καταγελάσεται
3513 3787 3733 3852 ἑαυτοῦ,

2162 3885 2254 3939 καὶ
2287 3884 2607 3956 βουλήσεται
2664 3882 2834 3954 μυρία
2881 3882 3226 3947 πεπονθέναι,
3269 3881 3303 3954 ἦ
3337 3882 3521 3935 ἐκεῖνα
3566 3878 3734 3934 αὑτοῦ

2162 3973 2301 4032 εἶναι
2342 3977 2409 4031 τά
2460 3976 2709 4048 ρήματα’
2759 3974 2862 4028 κᾶν
2886 3974 2977 4028 τὸν
3024 3974 3321 4028 ἀκόλαστον
3353 3973 3565 4043 ἀγάγῃς
3594 3969 3736 4044 μετά

2162 4069 2258 4141 τὴν
2284 4068 2429 4140 μίξιν
2449 4066 2585 4138 πρὸς
2609 4064 2707 4138 τὴν
2733 4065 3135 4138 πορνευομένην
3153 4068 3431 4136 γυναῖκα,,
3463 4064 3558 4118 καὶ
3579 4056 3735 4124 οὗτος

2163 4160 2366 4232 ταύτην
2388 4159 2873 4231 ἀποστραφήσεται
2902 4158 2979 4222 ὡς
3002 4158 3271 4229 μυσαράν.
3293 4156 3450 4211 οὕτω
3464 4156 3556 4209 καὶ
3573 4153 3736 4223 ὑμεῖς

2162 4254 2211 4307 οί
2244 4251 2319 4324 μὴ
2350 4251 2502 4315 ὄντες
2524 4251 2582 4304 ἐν
2609 4249 2687 4321 τῷ
2714 4248 2901 4314 πάθει,
2937 4249 3275 4318 καταγελᾶτε
3319 4248 3414 4303 νῦν
3435 4265 3450 4279 ·
3500 4244 3736 4313 καταγέ-

2162 4344 2335 4398 λαστα
2360 4341 2488 4414 γὰρ,
2531 4342 2624 4396 καὶ
2649 4340 2908 4414 γραῖδίων
2939 4339 3008 4392 τὰ
3037 4341 3258 4411 ῥήματα
3295 4337 3469 4391 ταῦτα
3512 4334 3737 4407 μεθυόν-

2166 4450 2292 4499 των,
2316 4433 2409 4487 καὶ
2435 4431 2802 4502 γυναικώδους
2836 4430 3219 4503 μικροψυχίας.
3260 4430 3370 4484 Καὶ
3389 4430 3418 4482 ό
3456 4427 3651 4497 Ἰωσὴφ
3675 4424 3735 4478 δέ

2165 4525 2394 4598 πραθεὶς
2424 4524 2517 4578 καὶ
2541 4522 2723 4587 δοῦλος
2754 4522 3042 4593 γενόμενος
3069 4522 3163 4579 καὶ
3188 4520 3559 4591 δεσμωτήριον
3581 4516 3737 4586 οίκή-

2167 4634 2285 4681 σας,
2312 4616 2421 4670 οὐδ’
2442 4614 2614 4679 οὕτως
2642 4613 2864 4680 ἐξέϐαλε
2882 4616 3030 4687 ῥῆμα
3057 4612 3252 4685 πικρὸν
3283 4611 3423 4666 κατὰ
3448 4610 3557 4664 τῶν
3576 4609 3735 4663 λελυ-

2165 4708 2448 4779 πηκότων’
2500 4705 2639 4761 ἀλλά
2686 4688 2749 4759 τί
2767 4721 2931 4777 φησι;
2981 4703 3194 4772 Κλοπῇ
3220 4701 3494 4770 Mirm»
3522 4700 3592 4754 ἐκ
3621 4698 3737 4768 τῆς

2172 4800 2449 4870 Ἑϐραίων
2472 4814 2487 4831 ·
2516 4798 2608 4852 καὶ
2632 4797 2693 4851 ού
2716 4796 3073 4868 προστίθησιν
3093 4794 3197 4849 ὑπὸ
3214 4794 3355 4857 τίνος
3376 4810 3391 4826 ο
3419 4790 3735 4862 αἰσχύνεται

2164 4889 2271 4959 γὰρ
2304 4887 2442 4959 ὑπὲρ
2469 4885 2578 4940 τῶν
2608 4885 2908 4955 ἀδελφικῶν
2930 4884 3116 4939 κακῶν
3143 4883 3345 4954 μᾶλλον
3373 4883 3596 4937 ἐκείνων
3625 4879 3734 4934 τῶν

2167 4980 2508 5052 ποιησάντων
2547 4978 2707 5033 αὐτά.
2761 4978 2918 5032 υῦτω
2968 4977 3062 5032 καὶ
3091 4978 3240 5048 ἡμᾶς
3270 4974 3573 5030 διακεῖσθαι
3600 4972 3735 5043 χρὴ,

2169 5080 2367 5151 μᾶλλον
2387 5076 2417 5117 ἀ
2454 5076 2562 5130 τῶν
2599 5074 3013 5146 ἐπηρεαζόντων
3039 5073 3218 5127 αὐτῶν
3247 5060 3435 5141 ἀλγεῖν
3470 5069 3611 5139 ὑπὲρ
3638 5066 3736 5121 αὺ-

2166 5172 2302 5229 τῶν·
2337 5171 2370 5240 ἡ
2407 5168 2576 5240 βλάϐη
2606 5167 2715 5237 γὰρ
2735 5169 2815 5231 εἰς
2838 5167 3081 5229 ἐκείνους
3103 5164 3387 5219 διαϐαίνει.
3413 5162 3623 5229 Ὠσπερ
3639 5152 3736 5211 οῦν

2166 5267 2214 5318 οἱ
2241 5261 2585 5326 λακτίζοντες
2623 5260 2810 5330 ἥλους,
2858 5259 2953 5312 καὶ
2999 5255 3140 5327 μέγα
3192 5255 3509 5327 φρονοῦντες
3534 5293 3550 5320 ,
3581 5249 3734 5303 ἐλέου
3772 5278 3775 5279 ν

2166 5352 2431 5418 ἄξιοικαὶ
2484 5351 2680 5423 θρήνου
2731 5350 2833 5421 τῆς
2878 5348 3075 5420 μανίας
3126 5348 3289 5402 ἕνεκα
3319 5345 3521 5417 ταύτης
3558 5340 3733 5396 είσίνο

2229 5664 2250 5725 εξ
2274 5659 2479 5725 Υἱάειοι·
2506 5659 2704 5712 omnino
2735 5660 3002 5722 legendum
3024 5662 3051 5710 ό
3073 5660 3131 5710 τὰ
3153 5661 3392 5725 χρήματα.
3428 5684 3435 5689 -

2228 5722 2252 5762 d
2277 5723 2456 5797 Forsan
2482 5725 2583 5787 leg.
2603 5725 2682 5785 καὶ
2707 5725 2903 5787 μᾶλλον.
