4090 6216
364 291 473 349 £33

363 405 491 477 quid
545 405 758 462 brutum
779 417 842 458 ac
866 400 1118 459 stolidum
1153 406 1266 465 est,
1297 395 1436 453 infra
1481 395 1718 459 relictis;
1748 393 1792 448 si
1819 388 1945 462 quid

363 500 574 554 ratione
608 499 886 569 praeditum
925 504 1007 550 est
1031 535 1046 560 ,
1077 493 1259 562 accipe
1288 501 1447 562 atque
1473 489 1725 552 ascende,
1759 502 1945 557 quem-

362 588 654 644 admodum
702 588 792 642 ille
839 585 1126 654 assumpsit
1165 585 1332 638 Isaac.
1372 581 1555 635 Altare
1607 593 1818 650 quoque
1851 591 1945 646 pe-

365 677 520 733 rinde
549 686 607 732 ut
635 677 761 743 ille,
789 685 1040 741 exstrue,
1075 685 1352 742 tamquam
1404 669 1623 726 humani
1673 666 1802 722 nihil
1850 666 1946 718 ha—

365 770 501 827 bens
519 811 535 836 ,
561 779 720 840 atque
748 777 899 824 extra
929 777 1172 821 naturam
1205 773 1416 834 raptus:
1445 758 1872 833 quandoquidem
1897 764 1951 811 ct

367 861 480 926 ille,
510 861 614 916 nisi
634 875 664 914 a
691 869 881 914 natura
907 858 1230 913 excessisset
1261 899 1275 923 ,
1307 856 1471 909 ﬁlium
1501 869 1605 908 non
1627 851 1948 922 jugulasset.

368 953 479 1012 Nec
516 953 804 1025 quidquam
835 961 944 1007 tum
995 960 1045 1006 te
1091 949 1414 1005 interturbet
1439 989 1452 1013 ,
1485 946 1580 1001 sed
1612 960 1770 1014 supra
1806 943 1948 1011 ipsos

367 1047 528 1101 etiam
559 1045 720 1100 cazlos
765 1057 985 1113 assurge
1015 1059 1028 1096 :
1059 1042 1253 1097 acerbe
1308 1041 1625 1110 ingemisce,
1650 1035 1946 1091 confessio-

366 1152 489 1192 nem
509 1145 700 1190 ntacta:
719 1134 812 1188 Dic
834 1135 968 1188 enim
989 1144 1041 1188 tu
1065 1133 1203 1204 prior
1221 1132 1506 1203 iniquitates
1522 1126 1856 1196 tuas,inquit,
1889 1133 1944 1176 ut

358 1228 656 1302 justiﬁceris
686 1237 896 1282 :macta
939 1223 1317 1281 contritionem
1354 1221 1551 1277 cordis.
1594 1219 1686 1273 Hae
1715 1216 1947 1272 victitmc

366 1335 474 1375 non
499 1319 552 1374 in
582 1319 818 1374 cinerem
849 1317 1120 1382 desinunt,
1147 1331 1246 1371 nec
1273 1315 1324 1369 in
1355 1313 1553 1368 fumum
1585 1308 1898 1366 dilabuntur
1929 1346 1944 1372 ,

367 1428 466 1469 nec
495 1411 652 1483 lignis
674 1420 728 1466 et
761 1411 881 1482 igne
929 1424 1066 1480 opus
1091 1409 1310 1472 habent,
1343 1405 1436 1461 sed
1463 1405 1738 1459 dumtaxat
1767 1399 1947 1454 animo

365 1514 722 1576 compuncto:
754 1503 857 1558 hoc
889 1504 1054 1574 ligna,
1084 1503 1185 1557 hoc
1226 1501 1362 1571 ignis
1403 1506 1502 1564 est,
1525 1509 1685 1551 urens
1708 1495 1816 1559 illa,
1847 1491 1948 1547 sed

367 1613 472 1654 non
493 1612 771 1668 perurens.
787 1597 919 1653 Nam
946 1597 1034 1667 qui
1063 1596 1326 1652 ferventer
1355 1603 1491 1660 orat,
1516 1591 1690 1647 uritur
1707 1588 1944 1660 quidem,

367 1699 421 1744 at
454 1704 558 1745 non
583 1691 874 1760 peruritur,
898 1689 992 1743 sed
1022 1689 1160 1744 sicut
1186 1701 1376 1742 aurum
1407 1727 1422 1752 ,
1445 1682 1586 1754 quod
1618 1682 1736 1752 igne
1763 1678 1946 1749 explo-

367 1791 536 1848 ratur,
565 1781 900 1852 splendidius
937 1781 1188 1837 efficitur.

438 1869 562 1926 Non
613 1872 924 1943 precandum
969 1881 1143 1926 contra
1179 1870 1428 1924 inimicos.
1455 1898 1526 1908 —
1569 1866 1648 1920 Ad
1675 1865 1786 1919 haec
1819 1861 1945 1917 illud

367 1978 518 2029 cave,
549 1978 616 2018 ne
659 1964 825 2018 ullum
875 1964 926 2016 in
957 1963 1200 2017 oratione
1259 1961 1481 2016 verbum
1524 1957 1758 2021 emittas,
1804 1952 1944 2024 quod

367 2055 656 2111 Dominum
698 2055 909 2124 irritet,
936 2055 1022 2110 vel
1051 2057 1102 2108 in
1131 2054 1362 2108 hostium
1415 2062 1625 2107 tuorum
1656 2045 1945 2120 perniciem

367 2147 545 2217 ipsum
568 2146 749 2202 adeas.
779 2146 906 2201 Nam
935 2147 980 2201 si
1009 2146 1095 2201 vel
1128 2147 1308 2200 hostes
1349 2143 1569 2207 habere,
1616 2141 1814 2212 probro
1839 2156 1945 2194 non

367 2249 538 2305 caret,
562 2239 730 2309 cogita
751 2247 1004 2308 quantum
1033 2237 1230 2292 malum
1257 2237 1327 2292 sit
1351 2236 1610 2290 adversus
1637 2248 1733 2289 eos
1758 2231 1947 2287 orare?

365 2334 475 2388 Pro
495 2345 560 2386 eo
577 2331 856 2400 Oportebat
902 2345 1161 2385 excusare
1200 2339 1250 2384 te
1275 2327 1414 2398 quod
1461 2326 1644 2381 hostes
1670 2324 1856 2388 habes,
1890 2333 1945 2377 tu

365 2438 496 2478 vero
537 2431 720 2478 contra
765 2437 860 2477 eos
894 2437 1110 2494 quoque
1148 2433 1389 2474 accusas.
1439 2419 1506 2472 Et
1540 2432 1698 2488 quam
1731 2414 1946 2469 tandem

365 2516 576 2571 veniam
598 2515 838 2570 obtinere
867 2529 1053 2585 queas,
1081 2529 1202 2568 cum
1231 2528 1297 2568 eo
1322 2525 1531 2581 quoque
1560 2518 1799 2579 tempore
1827 2506 1948 2561 aliis

365 2608 655 2670 obtrectes,
679 2623 785 2678 quo
811 2609 1011 2678 ingenti
1043 2609 1158 2678 ipse
1187 2605 1550 2661 misericordia
1581 2619 1714 2674 opus
1743 2599 1947 2655 habes?

366 2697 583 2754 Etenim
611 2714 676 2754 eo
705 2699 1002 2762 accessisti,
1029 2708 1088 2754 ut
1113 2715 1212 2770 pro
1244 2700 1347 2753 tuis
1379 2696 1611 2766 peccatis
1641 2708 1823 2749 orares
1847 2709 1858 2744 :
1881 2704 1947 2745 ne

366 2790 528 2860 igitur
546 2791 844 2846 alienorum
895 2800 1236 2860 peccatorum
1291 2788 1616 2852 recorderis,
1652 2802 1718 2841 ne
1748 2785 1946 2854 alioqui

367 2892 577 2939 tuorum
611 2884 725 2954 ipse
779 2883 1095 2938 memoriam
1149 2882 1394 2937 refrices.
1452 2879 1583 2934 Nam
1615 2879 1659 2933 si
1707 2877 1943 2942 dixeris,

372 2975 592 3030 Hostem
611 2983 854 3046 percute,
885 2988 947 3028 os
972 2983 1120 3028 tuum
1148 2972 1483 3037 obstruxisti,
1504 2971 1614 3042 jatn
1648 2970 1841 3039 linguae
1880 2969 1942 3024 fi-

368 3067 578 3122 duciam
633 3064 923 3136 praecidisti
955 3081 970 3119 :
1002 3063 1233 3136 primum
1264 3079 1492 3135 nempe,
1548 3063 1670 3132 quia
1717 3062 1786 3116 ab
1833 3062 1950 3134 ipso

366 3161 542 3216 statim
564 3159 717 3214 initio
739 3158 1022 3213 Dominum
1046 3157 1112 3212 ad
1139 3157 1464 3212 iracundiam
1485 3156 1734 3221 iucitasti;
1753 3155 1948 3216 deinde

367 3252 491 3317 quia
539 3249 806 3306 contraria
834 3247 1096 3318 postulas,
1127 3263 1287 3318 quam
1341 3247 1512 3302 oratio
1557 3246 1713 3302 ferat.
1745 3247 1876 3301 Nam
1905 3247 1949 3301 si

367 3356 472 3412 pro
501 3351 843 3411 peccatorum
869 3339 1188 3393 remissione
1235 3338 1403 3393 Deum
1437 3339 1696 3407 precaris,
1728 3338 1819 3408 qui
1851 3338 1949 3406 ﬁt,

368 3441 429 3485 ut
457 3445 556 3502 pro
582 3431 842 3502 supplicio
869 3431 1031 3514 verba
1053 3428 1264 3485 facias?
1288 3429 1428 3497 Quin
1457 3439 1641 3485 contra
1665 3431 1843 3500 potius
1867 3430 1948 3485 fa-

369 3526 620 3581 ciendum
651 3535 786 3591 erat,
819 3541 917 3595 pro
945 3525 1075 3596 ipsis
1117 3539 1327 3594 quoque
1356 3538 1549 3594 preces
1579 3523 1802 3578 fundere
1821 3561 1840 3590 ,
1883 3534 1942 3578 ut

371 3615 472 3672 hoc
501 3632 597 3686 pro
625 3617 782 3672 nobis
802 3633 1016 3688 quoque
1045 3631 1166 3672 cum
1199 3615 1391 3671 ﬁducia
1416 3624 1740 3686 peteremus.
1799 3614 1952 3671 Nunc

370 3722 501 3764 vero
548 3707 755 3764 Judicis
785 3711 1105 3765 sententiam
1155 3724 1252 3779 per
1307 3718 1448 3764 tuam
1501 3709 1793 3779 occupasti,
1824 3708 1950 3762 dum

372 3800 508 3869 petis
537 3810 593 3854 ut
619 3800 688 3855 de
711 3801 1056 3870 precantibus
1083 3799 1401 3869 supplicium
1428 3809 1603 3854 sumat
1627 3817 1640 3853 :
1672 3799 1811 3870 quod
1838 3799 1956 3869 qui-

373 3892 495 3947 dem
516 3907 734 3948 onmem
778 3893 871 3947 tibi
904 3893 1114 3948 veniam
1141 3892 1350 3947 adimit.
1405 3890 1601 3948 Contra
1624 3891 1666 3944 si
1701 3907 1796 3962 pro
1826 3892 1956 3963 ipsis

376 3985 632 4053 preceris,
658 3985 863 4038 etiamsi
893 3999 990 4053 pro
1021 3984 1255 4054 peccatis
1284 3984 1388 4038 tuis
1408 3984 1607 4039 nullum
1631 3985 1848 4039 verbum
1879 3984 1957 4040 fe-

373 4077 536 4141 ceris,
579 4090 691 4130 rem
715 4084 878 4130 totam
907 4073 1208 4130 confecisti.
1254 4075 1440 4145 Cogita
1485 4084 1738 4146 quotnam
1761 4076 1812 4129 in
1842 4075 1957 4147 lege

371 4167 632 4221 sacrificia
659 4167 800 4221 sint:
832 4165 1153 4221 sacrificium
1180 4166 1374 4232 laudis,
1403 4167 1724 4224 sacrificium
1745 4168 1960 4224 confes-

374 4260 564 4320 sionis.
593 4256 916 4312 sacrificium
945 4257 1158 4322 salutis,
1189 4257 1508 4312 sacrificium
1539 4260 1914 4329 purgationqu
1937 4299 1956 4326 ,

373 4367 436 4406 ac
458 4358 710 4406 sexcenta
740 4350 844 4404 alia
870 4367 885 4405 :
920 4359 1080 4421 atque
1107 4350 1320 4406 interim
1350 4349 1554 4405 nullum
1582 4361 1664 4406 est
1692 4351 1958 4408 adversus

375 4443 623 4497 inimicos
652 4482 668 4508 ,
701 4441 794 4497 sed
824 4457 920 4512 pro
948 4441 1177 4513 propriis
1226 4441 1459 4511 peccatis
1498 4450 1591 4496 aut
1632 4443 1791 4498 etiam
1814 4455 1961 4500 recte

375 4532 548 4589 factis.
563 4533 700 4590 Num
715 4535 878 4591 alium
898 4535 1065 4592 Deum
1083 4535 1240 4590 adis?
1258 4538 1452 4590 Annon
1469 4535 1535 4590 ad
1555 4535 1702 4590 illum
1725 4537 1958 4605 accedis,

375 4628 468 4696 qui
487 4629 642 4693 dixit,
662 4627 818 4684 Orate
839 4646 931 4700 pro
951 4629 1167 4684 inimicis
1182 4629 1354 4684 vestris
1374 4628 1392 4700 (
1405 4627 1466 4682 Η
1468 4631 1595 4684 att/1.
1616 4630 1670 4686 5.
1694 4630 1809 4698 44).
1825 4629 1961 4697 Quo-

380 4733 502 4773 nam
531 4719 694 4790 igitur
715 4719 874 4774 modo
899 4719 1156 4776 adversus
1181 4719 1305 4774 illos
1329 4708 1572 4776 clamitas
1593 4721 1616 4776 ?
1644 4735 1740 4775 cur
1769 4721 1956 4788 Deum,

380 4817 439 4863 ut
466 4809 638 4879 legem
665 4825 815 4864 suam
843 4807 1114 4879 infringat,
1144 4823 1302 4880 rogas
1326 4810 1350 4863 ?
1375 4812 1418 4864 A
1451 4811 1707 4880 supplicis
1734 4827 1962 4882 persona

380 4899 523 4955 istud
552 4899 787 4956 alienum
819 4907 902 4955 est
929 4916 943 4954 :
975 4914 1136 4955 nemo
1180 4901 1446 4972 supplicat
1472 4911 1531 4956 ut
1551 4901 1690 4957 alius
1740 4912 1958 4973 pereat,

381 4993 479 5047 sed
501 5000 560 5047 ut
589 4992 703 5062 ipse
729 4991 957 5048 salutem
984 5001 1360 5064 consequatur.
1392 4993 1529 5062 Quid
1554 4994 1713 5066 igitur
1760 4995 1966 5065 suppli-

379 5085 462 5140 cis
499 5083 738 5155 ejusdem
768 5099 1052 5154 personam
1083 5086 1244 5156 geris,
1275 5085 1402 5140 dum
1450 5087 1779 5143 accusatoris
1800 5089 1962 5144 verba

382 5179 595 5234 habes?
655 5181 735 5234 Ac
783 5177 999 5249 quidem
1039 5194 1162 5233 cum
1191 5193 1288 5249 pro
1339 5180 1495 5235 nobis
1541 5180 1671 5251 ipsis
1720 5195 1963 5250 oramus,

379 5269 650 5324 scabimus
672 5285 791 5337 nos,
811 5270 1125 5338 oscitamus,
1149 5281 1202 5326 et
1224 5272 1274 5325 in
1297 5282 1580 5327 sexcentas
1609 5274 1964 5343 cogitationes

319 5417 323 5420 ,
379 5359 656 5426 labimur;
685 5377 807 5418 cum
827 5371 1008 5418 autem
1059 5361 1318 5418 adversus
1355 5363 1632 5430 inimicos,
1666 5365 1858 5419 attenti
1902 5379 1965 5420 ac

380 5452 664 5522 vigilantes
687 5455 786 5511 hoc
814 5454 1060 5512 facimus.
1093 5455 1225 5522 Quia
1260 5455 1404 5510 enim
1431 5455 1677 5512 diabolus
1698 5457 1828 5512 illud
1859 5472 1962 5512 no-

380 5546 482 5612 vit,
514 5547 662 5617 quod
689 5548 741 5602 in
772 5564 870 5603 nos
896 5549 1042 5618 ipsos
1067 5548 1299 5620 gladium
1341 5550 1702 5619 impellimus;
1728 5566 1832 5606 non
1863 5551 1964 5606 mi-

381 5639 529 5696 nime
573 5640 823 5697 distrahit
863 5642 950 5696 vel
977 5651 1188 5710 avocat,
1237 5642 1416 5698 uthac
1446 5643 1656 5698 ratione
1702 5644 1959 5713 majorem

381 5732 540 5790 nobis
560 5734 853 5807 perniciem
881 5734 1070 5793 afferat
1123 5736 1222 5804 At,
1270 5736 1508 5807 inquies,
1551 5737 1710 5795 laesus
1741 5752 1862 5795 sum
1901 5749 1954 5797 et

1429 282 1494 338 IN
1534 281 1746 338 EPIST.
1795 279 1834 334 ll
1901 277 1990 332 AD
2029 275 2186 333 COR.
2231 279 2454 336 lthflL.
2501 279 2562 335 Υ.

3537 294 3642 348 455

2055 391 2286 462 affligar.
2322 395 2464 465 Ergo
2494 395 2754 451 adversus
2797 397 3069 456 diabolum
3099 418 3191 458 ora
3215 448 3228 470 ,
3267 407 3355 476 qui
3398 412 3635 464 omnium

2060 488 2290 542 maxime
2320 503 2417 541 nos
2446 489 2636 558 injuria
2664 489 2849 546 afﬁcit.
2909 493 3021 548 lloc
3049 497 3209 552 etiam
3238 498 3418 554 dicere
3450 504 3641 570 prati-i-

2057 578 2199 646 pcris
2229 619 2244 643 ,
2295 578 2477 631 Libera
2504 597 2595 632 nos
2621 598 2651 633 (ι
2677 581 2811 635 malo
2843 582 3054 653 (Matth.
3086 588 3139 641 6.
3172 590 3238 643 15
3332 591 3422 646 Ille
3454 592 3640 661 intplao

2055 668 2239 723 cabilis
2262 669 2430 723 hostis
2457 680 2571 735 est;
2606 681 2659 725 at
2685 671 2867 737 homo,
2893 676 3150 746 quidquid
3171 679 3262 733 tibi
3289 681 3462 748 faciat,
3494 685 3634 737 ami-

2055 775 2149 814 cus
2170 776 2233 815 ac
2259 759 2424 816 frater
2470 773 2572 818 est.
2622 763 2884 830 Quocirca
2938 783 3126 824 omnes
3177 772 3436 828 adversus
3487 776 3634 832 illum

2055 852 2636 918 irascamur,adversus
2654 873 2774 911 eum
2793 859 2956 914 Deum
2982 861 3348 931 Obsecremus,
3363 867 3601 923 dicentes
3621 888 3632 921 :

2053 941 2282 999 Contere
2304 944 2555 1000 Satanam
2585 949 2684 1003 sub
2717 951 2940 1018 pedibus
2968 953 3185 1009 nostris.
3217 957 3314 1012 [lle
3355 960 3496 1014 enim
3528 959 3638 1014 ini-

2054 1035 2223 1090 micos
2245 1054 2458 1107 quoque
2489 1042 2645 1096 nobis
2674 1046 2832 1111 parit.
2866 1045 3019 1112 Quod
3055 1047 3101 1101 si
3137 1048 3419 1104 adversum
3453 1052 3634 1108 inimi-

2055 1140 2148 1179 cos
2176 1129 2411 1196 preceris
2433 1172 2447 1197 ,
2480 1131 2531 1185 id
2561 1135 2796 1202 precaris
2820 1175 2834 1199 ,
2865 1135 3007 1205 quod
3036 1137 3148 1206 ipse
3173 1155 3387 1209 quoque
3410 1142 3460 1196 in
3493 1143 3635 1198 votis

2055 1218 2214 1275 habet
2243 1240 2256 1278 :
2293 1232 2346 1276 ut
2369 1223 2410 1277 si
2441 1239 2536 1294 pro
2566 1225 2795 1281 inimicis
2820 1241 2942 1283 ores
2963 1269 2977 1293 ,
3011 1229 3266 1286 adversus
3293 1248 3412 1287 eum
3443 1251 3633 1303 preca—

2053 1313 2149 1368 ris.
2177 1312 2314 1380 Quid
2353 1316 2512 1386 igitur
2542 1318 2729 1371 relicto
2767 1334 2896 1374 vero
2923 1319 3076 1376 hoste
3102 1323 3342 1378 membra
3369 1334 3453 1378 tua
3485 1343 3632 1382 mor-

2052 1403 2170 1471 dcs,
2203 1413 2362 1475 atque
2387 1405 2490 1461 hac
2538 1408 2745 1463 ratione
2793 1408 2923 1465 feris
2965 1412 3094 1480 ipsis
3148 1413 3519 1472 immaniorem
3578 1431 3636 1474 te

2052 1498 2416 1569 prmbeszt,
2453 1499 2629 1569 inquis
2653 1540 2667 1563 ,
2713 1503 3092 1558 contumeliam
3140 1505 3268 1560 mihi
3298 1507 3514 1575 intulit,
3565 1525 3628 1566 ac

2053 1590 2191 1644 bona
2221 1589 2438 1645 ademit.
2473 1591 2537 1644 Et
2559 1606 2716 1660 quem
2737 1593 2881 1647 luetu
2904 1595 3155 1666 prosequi
3183 1601 3454 1666 convenit,
3479 1615 3633 1654 eum-

2051 1695 2120 1736 ne
2147 1681 2237 1750 qui
2281 1680 2529 1749 injuriam
2566 1682 2796 1750 accepit,
2830 1698 2896 1736 an
2933 1685 3025 1754 qui
3060 1687 3274 1742 intulit?
3325 1690 3424 1756 Qui
3468 1707 3632 1759 pecu-

2051 1773 2167 1826 nias
2197 1772 2432 1826 lucratus
2459 1780 2560 1837 est,
2581 1787 2610 1825 a
2627 1773 2718 1827 Dei
2735 1773 3100 1829 benevolentia
3129 1778 3361 1846 seipsum
3380 1783 3628 1850 exclusit,

2052 1863 2315 1934 pluraque
2368 1863 2600 1934 perdidit
2653 1879 2812 1934 quam
2859 1869 3112 1937 accepit:
3159 1883 3223 1924 ac
3259 1873 3480 1939 proinde
3519 1875 3632 1943 ipse

2052 1957 2238 2027 estqui
2272 1956 2431 2010 lmsus
2456 1964 2558 2010 est.
2583 1954 2664 2010 Ob
2693 1955 2852 2026 idque
2881 1971 2986 2011 non
3035 1959 3294 2015 adversus
3342 1977 3486 2032 cum,
3531 1965 3626 2019 sed

2052 2062 2148 2116 pro
2170 2062 2235 2102 co
2272 2046 2446 2117 potius
2475 2045 2736 2101 orandum
2765 2054 2867 2115 cst,
2897 2057 2952 2102 ut
2983 2048 3122 2104 Deus
3148 2052 3436 2122 propitium
3463 2069 3522 2110 se
3553 2056 3627 2111 illi

2051 2138 2304 2208 prmbeat.

2119 2233 2173 2287 5.
2216 2230 2349 2286 Vide
2374 2239 2505 2302 quot
2531 2232 2923 2287 calamitatibus
2947 2233 3121 2289 affecti
3161 2236 3267 2291 sint
3301 2235 3418 2292 tres
3455 2244 3627 2308 pueri,

2049 2337 2170 2378 cum
2201 2333 2376 2378 tamen
2401 2322 2528 2376 nihil
2562 2323 2686 2376 mali
2709 2322 3050 2379 admisissent
3082 2343 3094 2378 :
3130 2329 3294 2395 patria
3313 2338 3366 2384 et
3389 2329 3631 2388 libertate

2050 2417 2376 2483 exciderant,
2420 2417 2613 2486 captivi
2641 2417 2858 2472 abducti
2887 2433 2949 2472 ac
2980 2420 3120 2474 servi
3154 2420 3349 2489 effecti,
3392 2433 3549 2494 atque
3577 2426 3628 2479 in

2049 2512 2274 2565 alienam
2328 2526 2391 2566 ac
2438 2511 2717 2566 barbaram
2764 2514 3032 2582 regionem
3079 2515 3332 2572 abstracti
3385 2519 3616 2587 fuerant,

2053 2601 2352 2671 frustraque
2371 2617 2433 2656 ac
2455 2613 2657 2658 temere
2682 2613 2900 2673 propter
2929 2604 3248 2662 insomnium
3278 2609 3628 2667 obtruncandi

2049 2703 2220 2747 erant.
2255 2693 2392 2759 Quid
2423 2693 2581 2763 igitur
2607 2709 2727 2748 cum
2750 2694 2968 2750 Daniele
2996 2696 3242 2766 ingressi,
3261 2699 3628 2770 quid,inquam

2050 2786 2318 2840 orarunt?
2368 2785 2496 2855 quid
2527 2787 2818 2844 dixerunt?
2844 2786 3076 2842 Contere
3115 2789 3628 2860 Nabuchodonosor,

2050 2879 2218 2949 ipsius
2246 2879 2490 2935 diadema
2520 2879 2722 2948 abripe,
2755 2894 2786 2934 e
2838 2881 2988 2950 regio
3029 2881 3165 2936 solio
3205 2897 3324 2937 eum
3357 2884 3578 2939 deturba
3606 2887 3632 2938 ’ὲ

2050 2971 2190 3025 Nihil
2234 2970 2528 3041 ejusmodi;
2559 2987 2743 3025 verum
2778 2972 2868 3027 Dei
2903 2973 3323 3028 misericordiam
3376 2977 3630 3046 implora-

2051 3065 2198 3119 bant.
2231 3065 2440 3118 Etcum
2468 3063 2521 3118 in
2552 3063 2766 3118 fornace
2791 3073 2989 3131 essent,
3018 3065 3209 3120 eodem
3236 3067 3394 3124 modo
3419 3083 3477 3123 se
3505 3083 3633 3139 ges-

2051 3165 2255 3212 serunt.
2300 3156 2369 3210 At
2406 3169 2502 3210 vos
2554 3170 2666 3210 non
2711 3155 2969 3225 perinde;
3021 3156 3115 3212 sed
3167 3158 3324 3229 longe
3369 3174 3526 3228 quam
3558 3160 3633 3216 illi

2053 3251 2259 3305 minora
2291 3249 2453 3320 passi,
2485 3263 2548 3303 ac
2588 3248 2904 3320 plerumque
2935 3249 3125 3304 merito
3149 3291 3164 3315 ,
3213 3262 3462 3307 sexcenta
3495 3253 3633 3308 mala

2054 3340 2335 3408 imprecari
2366 3354 2470 3393 non
2502 3338 2746 3393 desinitis
2779 3357 2792 3392 :
2825 3349 2985 3410 atque
3027 3341 3163 3396 alius
3200 3341 3412 3412 quidem
3445 3344 3521 3398 sic
3552 3345 3635 3398 lo-

2054 3431 2254 3500 quitur,
2297 3429 2588 3485 Prosterne
2632 3429 2930 3496 inimicum,
2977 3439 3035 3485 ut
3079 3431 3371 3488 Pharaonis
3420 3450 3636 3490 currum

2054 3520 2394 3587 demersisti;
2424 3521 2578 3583 alius,
2609 3519 2836 3575 Carnem
2884 3521 3026 3576 illius
3079 3521 3214 3588 feri;
3244 3525 3380 3579 alius
3428 3542 3632 3592 rursus,

2055 3613 2239 3669 Redde
2265 3613 2343 3669 illi
2387 3615 2443 3668 in
2495 3613 2656 3667 ﬁlios.
2688 3615 2880 3668 Annon
2930 3613 3235 3686 hujusmodi
3265 3617 3423 3672 verba
3468 3633 3635 3690 agno—

2056 3709 2208 3766 scitis
2233 3708 2258 3762 ?

2135 3801 2433 3856 Auditorum
2474 3798 2820 3872 Cltrysestomi
2845 3802 2996 3856 risus.
3025 3833 3098 3844 —-
3125 3801 3278 3858 Unde
3306 3803 3466 3874 igitur
3487 3804 3639 3861 vobis

2060 3896 2146 3950 hic
2175 3894 2352 3949 risus?
2377 3894 2538 3950 Vides
2564 3911 2725 3965 quam
2767 3895 2994 3950 ridicula
3042 3894 3157 3949 lucc
3183 3896 3330 3961 sinit,
3357 3913 3477 3951 cum
3505 3897 3638 3953 citra

2060 3988 2222 4041 animi
2264 3986 2720 4058 perturbationem
2765 3985 3058 4041 dicuntur?
3104 3985 3171 4041 Et
3208 4002 3335 4041 sane
3363 3999 3639 4056 peccatum

2061 4095 2222 4136 omne
2250 4089 2360 4134 tum
2388 4079 2621 4150 denique
2664 4095 2822 4150 quam
2873 4079 3073 4135 fmdum
3115 4081 3184 4134 sit
3234 4090 3398 4150 patet,
3425 4097 3544 4136 ctnn
3573 4082 3643 4137 ab

2060 4190 2148 4240 eo,
2178 4175 2268 4244 qui
2309 4172 2363 4229 id
2403 4173 2656 4239 admittit,
2680 4173 2934 4228 affectum
2979 4173 3306 4229 detraxeris.
3354 4175 3411 4230 Si
3455 4176 3504 4230 ci
3551 4177 3641 4245 qui

2063 4265 2229 4319 iratus
2257 4261 2390 4328 fuit,
2417 4263 2470 4318 in
2516 4265 2835 4318 memoriam
2879 4279 2940 4320 ea
2972 4263 3134 4321 verba
3163 4265 3374 4336 redigas
3395 4308 3408 4332 ,
3443 4280 3560 4334 qua:
3587 4265 3642 4320 in

2063 4355 2334 4412 iracundia
2367 4356 2609 4426 protulit,
2644 4357 2926 4414 crubescct
2951 4367 3005 4413 et
3029 4359 3262 4429 seipsum
3291 4359 3549 4421 irridebit,
3581 4374 3644 4414 ac

2064 4448 2210 4503 mille
2240 4447 2378 4502 mala
2411 4447 2639 4517 perpeti,
2662 4463 2820 4516 quam
2843 4448 3004 4503 verba
3025 4448 3117 4503 illa
3146 4449 3430 4518 protulisse
3459 4449 3643 4505 malet.

2063 4540 2118 4596 Si
2152 4538 2478 4610 impudicum
2521 4539 2790 4593 hominem
2825 4547 2945 4608 post
2990 4539 3188 4594 coitum
3239 4539 3305 4594 ad
3356 4539 3640 4595 mulierem

2065 4649 2207 4698 eam,
2239 4632 2322 4687 cui
2354 4640 2595 4702 stuprum
2618 4630 2831 4698 obtulit,
2863 4630 3179 4696 adduxeris,
3209 4631 3297 4686 hic
3324 4647 3534 4702 quoque
3583 4643 3640 4687 ut

2067 4723 2448 4781 exsecrandum
2494 4723 2663 4794 ipsam
2701 4723 3088 4779 adversabitur.
3133 4722 3333 4778 Eodem
3363 4723 3522 4778 modo
3549 4737 3647 4776 Vos

2067 4816 2158 4886 qui
2184 4815 2252 4871 ab
2281 4815 2383 4870 hoc
2423 4815 2615 4871 affectu
2647 4814 2802 4870 liberi
2845 4814 2998 4880 estis,
3040 4813 3347 4884 hujusmodi
3377 4815 3538 4869 verba
3568 4815 3643 4868 ri-

2067 4908 2207 4964 dctis
2238 4927 2252 4964 :
2287 4909 2504 4964 ridicula
2555 4908 2696 4963 enim
2753 4915 2912 4971 sunt,
2967 4921 3030 4962 ac
3094 4906 3398 4962 temulentis
3445 4907 3646 4963 vetulis

2067 4999 2250 5070 digna,
2291 4999 2645 5068 muliebriqne
2695 4997 2990 5052 simultate.
3030 4997 3168 5064 Quin
3211 4998 3372 5052 etiam
3409 4997 3643 5070 Joseph,

2068 5093 2194 5147 licet
2219 5090 2468 5145 venditus
2487 5105 2550 5144 ac
2593 5103 2779 5143 servus
2805 5088 3061 5156 effectus,
3108 5099 3267 5160 atque
3295 5090 3644 5146 incarcerem

2069 5183 2366 5252 conjectus,
2419 5196 2486 5236 ne
2533 5181 2611 5235 sic
2649 5189 2828 5236 tamen
2873 5181 3126 5236 acerbum
3164 5181 3420 5236 adversus
3459 5195 3571 5240 eos.
3617 5190 3649 5228 a

2069 5275 2262 5346 quibus
2314 5273 2473 5328 lmsus
2519 5272 2714 5339 fuerat,
2743 5274 2963 5328 verbum
3013 5273 3232 5339 emisit;
3261 5273 3355 5327 sed
3382 5269 3507 5339 quid
3538 5268 3654 5322 ait?

2071 5368 2274 5422 Furtim
2301 5366 2527 5420 sublatus
2555 5383 2666 5420 sum
2712 5366 2775 5418 de
2815 5375 2950 5419 terra
2980 5363 3311 5418 Hebraeorum
3353 5363 3371 5427 (
3397 5360 3522 5414 Cm.
3557 5361 3648 5415 ιο.

2072 5460 2161 5528 15)
2187 5475 2202 5524 ;
2231 5472 2328 5512 nec
2354 5456 2536 5522 addit,
2584 5473 2614 5510 a
2657 5471 2764 5524 quo
2797 5475 2811 5511 :
2841 5455 3000 5523 pudet
3025 5455 3167 5508 enim
3217 5469 3339 5508 eum
3382 5451 3645 5507 malorum

2070 5551 2316 5615 fratrum,
2348 5549 2516 5618 magis
2537 5563 2694 5618 quam
2719 5561 2814 5602 eos
2840 5546 3004 5617 ipsos,
3037 5547 3126 5616 qui
3156 5545 3272 5600 base
3306 5555 3649 5616 perpetrave-

2073 5652 2212 5701 rant.
2239 5643 2312 5698 lta
2343 5657 2440 5697 nos
2469 5655 2683 5712 quoque
2723 5639 2864 5696 afﬁci
2915 5640 3186 5704 convenit,
3216 5648 3272 5693 ut
3306 5654 3402 5709 pro
3445 5638 3532 5705 iis,
3558 5639 3651 5709 qui

2073 5737 2226 5795 nobis
2252 5735 2496 5810 injuriam
2516 5732 2771 5806 inferunt,
2799 5733 3169 5793 vehementius
3190 5747 3467 5805 angamur,
3491 5746 3653 5805 quam
