4098 6222
465 277 568 333 43$

455 391 538 444 illi
571 388 671 460 ipsi
708 387 1132 445 :dctrimentum
1175 382 1320 438 enim
1371 379 1438 434 ad
1482 378 1604 437 illos
1650 374 1860 430 transit.
1892 370 2044 426 Sicut

461 484 604 536 enim
633 481 720 552 qui
747 482 924 536 clavos
951 475 1186 536 calcibus
1214 475 1494 543 impetunt,
1512 471 1784 538 altumque
1809 464 2044 533 sapiunt,

458 571 770 643 'hujusmodi
797 571 998 627 luroris
1037 582 1164 637 ergo
1193 562 1664 620 commiseratione
1703 573 1766 614 ac
1795 555 2048 628 lacrymis

464 664 608 733 digni
639 672 761 717 sunt
779 680 802 718 λε
835 660 1028 717 eodem
1077 657 1236 713 modo
1261 656 1349 726 qui
1393 669 1487 710 eos
1531 650 1752 716 lzedunt,
1781 663 1811 703 a
1851 648 2046 718 quibus

457 757 598 810 nihil
629 756 838 824 injuriae
864 759 1227 822 acceperunt,
1262 748 1443 803 multis
1467 744 1718 800 lamentis
1743 756 1808 796 ac
1834 740 2048 796 ﬂetibus

467 848 660 914 potius,
693 861 853 916 quam
876 842 1340 901 exsecrationibus
1362 839 1503 910 digni
1533 844 1678 900 sunt,
1709 843 1768 890 ut
1793 833 1883 904 qui
1925 846 2050 887 suas

466 936 681 1005 ipsimet
725 936 933 990 animas
978 934 1190 990 feriant.
1243 931 1385 986 Nihil
1431 929 1572 984 enim
1617 925 1928 983 sceleratius
1963 929 2054 978 est

463 1026 640 1080 anima
672 1027 867 1080 malum
899 1026 1247 1095 imprecante,
1290 1036 1390 1077 nec
1419 1019 1676 1090 impurius
1704 1016 1881 1086 lingua
1903 1057 1917 1082 ,
1945 1013 2050 1068 hu-

460 1116 698 1186 iusmodi
724 1116 984 1172 sacriﬁcia
1011 1116 1292 1170 otTerente.
1339 1113 1510 1167 llomo
1553 1125 1650 1175 es;
1692 1123 1760 1163 ne
1807 1106 2051 1177 aSpidum

465 1207 612 1261 virus
638 1221 856 1263 evomas
889 1223 902 1259 :
936 1207 1096 1260 homo
1125 1219 1223 1271 es;
1255 1217 1323 1258 ne
1347 1201 1524 1257 bellua
1557 1200 1672 1253 tias.
1716 1197 1845 1253 Ideo
1873 1211 1936 1251 os
1959 1195 2053 1251 tibi

462 1298 646 1352 datum
669 1306 780 1363 est,
809 1311 917 1351 non
950 1305 1005 1350 ut
1034 1294 1317 1360 mordeas,
1347 1292 1441 1347 sed
1469 1299 1527 1345 ut
1556 1290 1780 1344 aliorum
1805 1288 2050 1343 vulneri-

465 1390 563 1444 bus
591 1389 876 1444 medearis.
907 1387 1211 1444 Recordare
1253 1384 1384 1456 quid
1424 1384 1520 1438 tibi
1567 1382 1939 1453 prmccperim,
1973 1381 2054 1435 in-

463 1483 577 1552 quit
614 1483 774 1548 Dens,
807 1482 1081 1537 remittere
1125 1494 1318 1549 nempe
1357 1493 1420 1532 ac
1461 1475 1785 1532 condonare.
1819 1475 1899 1529 Tu
1926 1487 2055 1528 vero

463 1590 551 1630 me
581 1574 855 1639 obsecras,
885 1584 936 1628 ut
967 1574 1170 1629 socium
1221 1587 1308 1626 me
1353 1570 1445 1624 tibi
1481 1568 1545 1623 ad
1591 1566 1878 1623 evertenda
1907 1581 2055 1636 prai-

465 1678 621 1738 cepta
668 1683 785 1723 mea
834 1667 1143 1737 adjungam,
1173 1679 1237 1720 ac
1267 1662 1485 1717 fratrem
1513 1660 1756 1716 corrod-is
1777 1702 1790 1725 ,
1820 1659 2053 1729 linguam

465 1770 742 1823 cruentas,
805 1773 912 1812 non
965 1772 1120 1812 secus
1167 1770 1231 1809 ac
1283 1753 1467 1808 furiosi
1528 1752 1758 1821 propriis
1804 1751 2056 1806 carnibus

467 1851 657 1904 dentes
705 1864 901 1904 cruore
941 1845 1290 1917 perfundunt.
1339 1843 1546 1910 Quanta
1593 1841 1866 1896 diabolum
1893 1840 2050 1896 volu-

1134 272 1193 329 S.
1231 267 1508 327 JOANNIS
1543 256 2018 321 CHRYSOSTOSII
2058 253 2372 312 ARClllEP.
2411 255 2940 316 CONSTANTINOP.

3641 255 3745 312 5'56

2156 376 2298 437 ptate’
2347 368 2504 434 allici,
2546 381 2745 441 quanto
2783 369 2896 426 risu
2943 369 3242 436 existimas,
3294 349 3417 424 cum
3468 371 3742 441 ejusmodi

2150 475 2340 530 preces
2368 461 2554 516 audit?
2611 479 2771 534 quam
2823 465 2987 518 Deum
3045 464 3228 530 irasci,
3285 473 3447 534 teque
3496 469 3740 520 aversari

2153 559 2312 620 atque
2339 551 2536 618 odisse,
2567 567 2688 607 cum
2723 553 2844 608 talia
2873 554 3070 625 rogas?
3101 569 3207 623 quo
3229 554 3353 624 quid
3375 556 3592 625 gravius
3621 568 3745 613 esse

2151 642 2352 712 queat?
2383 641 2514 696 Nam
2541 643 2585 698 si
2615 644 2762 700 nefas
2783 653 2869 701 est
2911 659 3033 700 eum
3075 644 3140 700 ad
3168 645 3423 716 mysteria
3449 645 3733 715 accedere,

2155 732 2244 800 qui
2289 732 2536 790 inimicos
2564 733 2760 801 habet;
2792 751 2970 790 annon
3024 735 3089 803 is,
3124 735 3214 806 qui
3255 751 3360 790 non
3411 744 3617 790 tantum
3649 735 3748 791 ho-

2155 829 2291 876 stem
2319 821 2497 886 habet,
2529 824 2624 879 sed
2661 825 2821 880 etiam
2848 825 2896 880 ei
2920 825 3261 894 imprecatur,
3294 826 3361 880 ab
3389 827 3504 896 ipso
3533 840 3748 896 quoque

2158 912 2338 982 templi
2366 913 2568 969 ambitu
2600 915 2868 971 arcendus
2896 915 3013 970 est?
3040 916 3168 972 litae
3212 917 3374 987 igitur
3415 919 3746 988 cogitantes,

2156 1010 2315 1073 atque
2347 1004 2504 1074 hujus
2552 1005 2804 1062 sacriﬁcii
2857 1021 3072 1062 causam
3122 1018 3515 1078 agnoscentes,
3552 1023 3749 1079 nempe

2157 1095 2299 1165 quod
2332 1111 2429 1165 pro
2459 1096 2706 1154 hostibus
2735 1108 2998 1154 mactatus
3029 1099 3274 1155 Christus
3315 1100 3407 1164 sit,
3455 1100 3505 1155 id
3557 1101 3748 1158 demus

2157 1200 2396 1255 operam,
2443 1198 2499 1243 ut
2547 1205 2615 1245 ne
2645 1190 2917 1246 inimicum
2961 1191 3177 1262 quidem
3224 1191 3547 1258 habeamus;
3595 1209 3659 1249 ac
3702 1195 3750 1250 si

2162 1276 2474 1346 habeamus,
2509 1295 2608 1350 pro
2652 1281 2746 1336 illo
2787 1297 3070 1352 precemur
3102 1299 3114 1335 :
3151 1291 3209 1337 ut
3249 1299 3347 1338 nos
3373 1299 3584 1354 quoque
3628 1301 3750 1355 pec-

2156 1380 2401 1425 catorum
2434 1381 2741 1428 nostrorum
2771 1374 2982 1430 veniam
3007 1377 3350 1446 consequuti,
3396 1393 3518 1432 cum
3555 1378 3752 1433 fiducia

2165 1461 2415 1516 tribunali
2463 1461 2659 1518 Christi
2715 1464 3024 1530 adstemus;
3071 1466 3156 1520 cui
3208 1466 3394 1535 gloria,
3440 1468 3747 1536 imperium,

2164 1551 2370 1620 honor,
2425 1570 2567 1611 nunc
2609 1563 2665 1612 et
2706 1571 2942 1627 semper,
2985 1566 3041 1613 et
3081 1557 3134 1612 in
3171 1559 3369 1613 smcula
3401 1559 3751 1618 saeculorum.

2163 1645 2360 1700 Amen.

3565 1694 3600 1705 ,—

1890 2044 2226 2108 HOMILIA
2271 2050 2378 2112 Vl.

466 2197 592 2252 Car.
621 2198 672 2252 3.
712 2211 764 2249 v.
796 2196 848 2250 l.
878 2193 1164 2261 Incipimus
1202 2191 1389 2245 iterum
1429 2188 1760 2257 nosmetipsos
1788 2203 2048 2241 commen-

537 2289 702 2343 dare?
741 2298 829 2341 aut
857 2285 1101 2356 numquid
1128 2299 1348 2354 egemus,
1385 2281 1514 2335 sicut
1539 2280 1768 2349 quidam,
1795 2294 2055 2332 commen-

537 2382 730 2435 datitiis
755 2378 980 2448 epistolis
1007 2379 1075 2432 ad
1100 2393 1207 2443 vos,
1240 2385 1327 2428 aut
1350 2390 1412 2428 ea:
1431 2372 1612 2427 vobis?

542 2472 596 2526 l.
625 2470 780 2538 Quod
811 2469 1046 2524 futurum
1076 2476 1211 2531 erat,
1241 2474 1298 2519 ut
1331 2465 1430 2534 ipsi
1461 2465 1529 2518 ab
1559 2463 1677 2517 aliis
1707 2461 2056 2532 objiceretur,

469 2579 662 2634 nempe
683 2561 822 2634 quod
847 2562 1082 2631 seipsum
1114 2558 1382 2613 attolleret
1407 2599 1419 2623 ,
1453 2555 1553 2610 hoc
1577 2553 1694 2624 ipse
1721 2562 2061 2608 antevertens

470 2655 651 2725 posuit
674 2670 690 2710 :
719 2653 964 2724 quamvis
991 2652 1150 2706 etiam
1180 2657 1323 2704 tanta
1353 2645 1759 2718 prmmoui-tione
1784 2653 1908 2699 ante
1933 2656 2062 2698 usus

472 2746 683 2812 fuisset,
716 2761 780 2800 ac
805 2744 1068 2800 dixisset:
1103 2741 1168 2796 Et
1194 2741 1262 2795 ad
1292 2741 1398 2796 haec
1436 2740 1548 2808 quis
1576 2739 1788 2792 idoneus
1827 2737 1946 2792 est?
1983 2744 2059 2800 et,

475 2839 558 2893 Es:
583 2837 869 2892 sinceritate
896 2836 1182 2902 loquimur;
1217 2831 1311 2887 sed
1343 2841 1518 2886 tamen
1553 2829 1667 2884 haec
1706 2828 1807 2898 ipsi
1842 2827 2064 2883 minime

477 2928 768 2984 sufliciunt.
803 2927 876 2982 Ea
903 2926 1046 2980 enim
1077 2924 1244 2993 ipsius
1273 2920 1610 2977 consuetudo
1646 2929 1730 2976 est
1759 2938 1772 2974 :
1801 2927 1863 2974 ut
1907 2919 2064 2989 longe

478 3022 635 3086 absit,
666 3029 722 3074 ut
749 3018 924 3089 magni
950 3016 1225 3088 quidpiam
1265 3014 1335 3070 de
1363 3028 1423 3069 se
1453 3012 1635 3069 dicere
1670 3011 1936 3076 videatur,
1959 3025 2061 3066 ve-

480 3112 869 3179 hementerque
911 3116 1073 3178 atque
1127 3104 1497 3160 incredibilem
1526 3103 1814 3174 quemdam
1861 3104 1913 3158 in
1944 3117 2064 3158 mo-

481 3203 606 3258 dum
656 3199 799 3257 iallld
833 3199 986 3271 fugit.
1032 3197 1115 3253 Tu
1161 3211 1291 3252 vero
1321 3194 1446 3251 hinc
1485 3209 1696 3266 quoque
1740 3193 2066 3266 singularem

479 3292 648 3364 ipsius
684 3291 1001 3361 sapientiam
1028 3286 1416 3343 animadverte.
1449 3286 1580 3340 Rem
1625 3285 1791 3351 enim,
1820 3300 1941 3355 qua:
1971 3283 2070 3338 tri-

480 3387 639 3443 stitia:
669 3386 900 3456 speciem
928 3383 1109 3450 habet,
1139 3382 1241 3438 hoc
1261 3389 1344 3438 est
1368 3380 1708 3444 afﬂictiones,
1736 3393 1904 3449 usque
1930 3376 2066 3432 adeo

481 3477 690 3542 extulit,
717 3491 782 3532 ac
808 3475 1133 3530 luculentam
1155 3484 1208 3528 et
1230 3471 1493 3527 illustrem
1518 3485 1634 3526 rem
1662 3483 1782 3525 esse
1807 3465 2066 3533 ostendit,

484 3581 544 3626 ut
581 3585 648 3626 ex
681 3569 780 3636 bis,
811 3583 932 3638 quae
975 3566 1205 3632 dixerat,
1253 3563 1371 3618 hznc
1401 3563 1450 3618 ei
1493 3562 1726 3632 objectio
1762 3557 2067 3616 emerserit.

485 3661 638 3731 Quod
685 3661 848 3715 etiam
892 3659 945 3713 in
987 3657 1229 3728 epistola:
1271 3657 1376 3710 line
1409 3654 1554 3709 facit.
1600 3653 1885 3723 Postquam
1925 3649 2069 3705 enim

485 3756 764 3810 innumera
814 3751 1073 3822 pericula,
1117 3749 1492 3812 contumelias,
1538 3746 1858 3808 aaxictates,
1904 3757 2071 3812 angu-

487 3848 638 3912 stias,
665 3859 729 3900 ac
763 3853 958 3900 czelera
987 3841 1252 3912 ejusmodi
1283 3839 1573 3904 recensuit,
1604 3838 1721 3893 haec
1751 3837 1914 3892 verba
1946 3849 2068 3889 mox

486 3939 764 4010 subiunxit
793 3955 806 3991 :
837 3937 958 3992 Non
989 3938 1219 4006 nosipsos
1245 3934 1683 3997 commendamus,
1715 3931 1804 3986 sed
1847 3929 2073 3984 occasio-

487 4048 605 4087 nem
651 4030 788 4086 vobis
824 4029 1006 4084 damus
1053 4028 1310 4100 gloriandi
1353 4026 1430 4098 (2.
1478 4024 1596 4081 Cor.
1641 4026 1695 4080 5.
1746 4021 1863 4095 ‘13).
1898 4023 2074 4091 Atque

488 4123 630 4181 istud
673 4137 887 4194 quoque
935 4136 1121 4176 rursus
1166 4121 1276 4176 illic
1322 4120 1694 4182 vehementer,
1743 4125 1906 4186 atque
1945 4129 2071 4169 cum

489 4217 679 4288 majori
706 4215 1072 4271 consolatione
1098 4213 1265 4283 ponit.
1300 4211 1506 4267 Etenim
1535 4211 1623 4266 hic
1649 4209 1886 4264 caritatis
1914 4204 2074 4261 verba

489 4317 616 4365 sunt
645 4326 660 4364 :
688 4308 786 4362 Aut
815 4305 1059 4376 numquid
1084 4321 1307 4376 egemus,
1336 4304 1466 4357 sicut
1495 4302 1720 4372 quidam,
1754 4299 2076 4354 commenda-

488 4402 614 4456 titiis
640 4398 902 4471 epistolis?
934 4399 1041 4453 illic
1067 4407 1243 4453 autem
1274 4395 1581 4452 necessario
1617 4408 1748 4450 sane
1785 4407 1850 4448 ac
1876 4391 2077 4445 utiliter

491 4505 655 4547 sensu
700 4501 756 4545 et
801 4490 980 4544 animo
1010 4489 1164 4559 plena
1206 4497 1332 4544 sunt
1370 4502 1490 4558 quae
1533 4485 1703 4541 dicit:
1736 4483 1857 4538 Non
1903 4483 2072 4548 enim,

492 4584 686 4652 inquit,
715 4599 890 4636 rursus
913 4597 1002 4636 nos
1027 4580 1458 4646 commendamus,
1485 4579 1574 4632 sed
1599 4577 1911 4632 occasionem
1937 4575 2076 4629 vobis

491 4677 676 4730 damus
705 4674 998 4746 gloriandi;
1035 4689 1097 4728 ac
1137 4687 1344 4736 rursus,
1381 4671 1577 4724 Putatis
1614 4671 1750 4740 quod
1777 4671 1914 4724 vobis
1957 4685 2078 4722 nos-

492 4770 632 4836 ipsos
675 4767 1004 4822 excusemus?
1049 4765 1232 4822 Coram
1287 4762 1392 4817 Deo
1439 4763 1494 4818 in
1542 4761 1744 4816 Christo
1797 4761 2074 4832 loquimur.

495 4859 671 4914 Timeo
695 4871 862 4915 autem
892 4877 954 4914 n'e
981 4863 1130 4931 forte,
1165 4875 1278 4913 cum
1301 4873 1506 4924 uenero,
1529 4871 1628 4910 non
1658 4855 1828 4925 quales
1854 4855 1964 4909 volo
1995 4855 2078 4907 in-

495 4954 698 5008 ueniam
725 4969 829 5014 vos.
872 4962 918 5006 et
959 4969 1050 5022 ego
1076 4954 1304 5006 inveniar
1327 4969 1361 5006 a
1401 4950 1539 5006 vobis
1569 4950 1768 5022 qualem
1797 4965 1898 5002 non
1927 4948 2079 5009 vultis

492 5044 579 5115 (2.
611 5042 728 5097 Cor.
763 5043 851 5098 12.
887 5045 972 5100 l9.
1005 5044 1122 5113 20).
1165 5043 1443 5112 Siquidem
1475 5059 1546 5098 ne
1584 5041 1910 5098 adulationis
1957 5039 2077 5109 upi-

499 5138 718 5194 nionem
750 5136 958 5198 subeat,
987 5145 1046 5191 ut
1071 5139 1159 5206 qui
1186 5136 1444 5192 honorem
1475 5136 1542 5191 ab
1574 5137 1703 5206 ipsis
1739 5136 1962 5202 ambiat,
1997 5135 2081 5189 his

496 5229 677 5285 verbis
702 5227 870 5284 uti-tur
896 5243 910 5282 :
940 5225 1112 5281 Timeo
1143 5242 1204 5280 ne
1231 5227 1381 5296 forte,
1409 5243 1525 5280 cum
1557 5243 1756 5291 uenero,
1786 5245 1885 5282 non
1911 5227 2081 5296 quam

499 5327 614 5376 uolo
641 5320 890 5376 inueniam
930 5335 1037 5386 uos,
1069 5327 1114 5373 et
1139 5335 1228 5391 ego
1267 5318 1493 5372 inveniar
1529 5335 1561 5371 a
1591 5319 1730 5372 vobis
1758 5320 1956 5390 qualem
1983 5335 2083 5371 non

499 5413 669 5466 uultis.
703 5411 903 5468 Verum
931 5411 1046 5467 lucc
1071 5410 1285 5482 quidem
1313 5425 1418 5465 non
1447 5409 1565 5466 sine
1596 5409 1762 5463 multa
1794 5408 2084 5480 reprehen-

479 5505 686 5573 _sione;
714 5505 864 5560 initio
893 5514 1069 5562 autem
1101 5520 1204 5559 non
1238 5504 1330 5570 ita,
1361 5503 1454 5560 sed
1483 5503 1677 5558 mitiori
1706 5516 1952 5557 sermone
1979 5501 2085 5553 uti.

501 5606 608 5651 tur.
632 5597 897 5663 Quidnam
931 5607 1108 5653 autem
1140 5597 1224 5653 his
1249 5596 1428 5651 verbis
1467 5595 1570 5651 sibi
1597 5594 1755 5649 vult?
1794 5595 1869 5648 De
1907 5602 2083 5647 tenta-

504 5687 741 5743 tionibus
778 5703 840 5744 ac
869 5689 1118 5760 periculis
1145 5688 1397 5747 loouutus
1425 5693 1528 5754 est,
1557 5685 1804 5756 quodque
1832 5683 2026 5753 ubique
2053 5698 2082 5740 a

2164 2185 2274 2240 Deo
2304 2187 2662 2258 triumphatur
2694 2189 2748 2245 in
2788 2190 3023 2260 Christo,
3065 2201 3226 2264 atque
3271 2194 3416 2250 orbis
3465 2194 3748 2251 universus

2165 2276 2263 2333 bos
2292 2279 2592 2350 triumphos
2616 2282 2782 2336 novit.
2815 2283 3078 2350 Quoniam
3111 2284 3270 2354 igitur
3299 2285 3577 2356 magnifica
3603 2303 3753 2357 quae-

2164 2369 2286 2424 dam
2313 2370 2381 2426 de
2409 2388 2469 2427 se
2503 2375 2851 2445 proloquutus
2870 2385 3008 2444 erat,
3030 2377 3234 2434 idcirco
3259 2378 3618 2448 objectionem
3650 2381 3751 2436 sibi

2166 2460 2396 2531 ipsemet
2445 2465 2645 2533 struit,
2694 2467 2880 2523 dicens
2909 2485 2922 2522 :
2950 2468 3234 2540 Incipimus
3285 2471 3467 2524 iterum
3521 2472 3754 2542 nosipsos

2167 2554 2554 2609 commendare?
2582 2555 2736 2624 Quod
2765 2566 2944 2613 autem
2986 2559 3080 2626 ait,
3122 2560 3261 2615 hunc
3291 2573 3507 2616 sensum
3545 2561 3706 2617 habet
3735 2580 3750 2617 :

2169 2640 2420 2699 Fortasse
2465 2647 2728 2716 quispiam
2778 2647 2879 2704 hoc
2923 2649 3079 2705 nobis
3127 2650 3386 2720 obiecerit
3423 2651 3604 2718 :Quid
3651 2652 3754 2708 huc

2165 2744 2271 2802 est,
2305 2736 2506 2793 Paule?
2546 2739 2659 2794 hazc
2684 2740 2752 2796 de
2785 2749 2838 2798 te
2874 2741 3128 2813 loqueris,
3177 2759 3241 2799 ac
3271 2746 3498 2815 teipsum
3549 2745 3708 2802 elfers
3729 2749 3754 2801 τ

2171 2826 2318 2883 lianc
2349 2829 2508 2899 igitur
2533 2832 2893 2902 suspicionem
2919 2835 3156 2899 solvens,
3185 2835 3259 2890 ait
3284 2852 3297 2889 :
3326 2835 3443 2891 Non
3472 2838 3572 2891 hoc
3597 2837 3754 2892 volu-

2171 2933 2312 2986 mus,
2353 2935 2547 2991 nempe
2594 2925 2842 2994 nosipsos
2875 2926 3078 2996 jactare
3121 2935 3284 2998 atque
3325 2929 3614 2984 attollere:
3645 2930 3755 2984 imo

2169 3018 2376 3064 tantum
2399 3011 2555 3069 abest
2575 3025 2632 3070 ut
2655 3017 3110 3074 commendatitiis
3137 3019 3204 3074 ad
3234 3036 3330 3076 vos
3357 3022 3596 3092 epistolis
3623 3037 3756 3092 opus

2172 3099 2488 3171 habeamus,
2533 3113 2592 3159 ut
2637 3121 2732 3162 vos
2772 3107 2873 3178 ipsi
2917 3109 3074 3165 nobis
3114 3111 3360 3182 epistola:
3405 3115 3576 3170 instar
3616 3117 3752 3170 sitis.

2171 3192 2227 3248 2.
2260 3193 2399 3248 Nam
2427 3197 2640 3265 epistola
2668 3209 2841 3255 nostra
2865 3217 2951 3256 uos
2968 3203 3106 3272 estis,
3140 3205 3332 3275 inquit.
3354 3207 3490 3273 Quid
3515 3215 3615 3273 est,
3659 3206 3756 3263 Vos

2174 3286 2328 3342 estis?
2355 3287 2412 3343 Si
2441 3291 2912 3350 commendatione
2940 3297 3082 3366 apud
3125 3297 3260 3353 alios
3303 3313 3440 3369 opus
3468 3300 3596 3355 mihi
3626 3298 3756 3355 fuis-

2174 3387 2277 3444 set,
2310 3395 2404 3436 vos
2425 3381 2667 3451 epistolas
2692 3385 2810 3440 loco
2833 3387 2886 3440 in
2913 3386 3146 3442 medium
3175 3388 3545 3459 produxissem
3575 3410 3589 3444 :
3617 3390 3759 3462 quod

2175 3478 2231 3526 et
2273 3471 2325 3526 in
2357 3472 2520 3542 priori
2559 3474 2786 3544 epistola
2813 3475 3068 3536 dicebat:
3092 3479 3429 3550 Signaculum
3459 3483 3590 3535 enim
3627 3499 3758 3552 apa-

2175 3564 2389 3619 stolatus
2417 3567 2513 3620 mei
2539 3582 2624 3622 vos
2646 3569 2762 3624 estis
2783 3569 2832 3640 (Ι
2849 3610 2861 3624 .
2886 3569 3003 3625 Cor.
3028 3571 3082 3628 9.
3109 3571 3188 3643 2).
3217 3574 3284 3627 At
3305 3573 3404 3627 hoc
3431 3574 3546 3628 loco
3573 3573 3624 3628 id
3647 3589 3756 3630 non

2177 3654 2250 3710 ita
2275 3657 2546 3726 exprimit,
2588 3659 2682 3714 sed
2709 3675 2806 3730 per
2831 3661 3060 3717 ironiam
3087 3661 3389 3733 quamdam,
3435 3673 3494 3718 ut
3522 3663 3757 3734 majores

2177 3751 2392 3805 aculeos
2425 3752 2654 3807 orationi
2704 3753 2909 3810 addat:
2941 3757 3044 3809 Aut
3083 3756 3326 3827 numquid
3365 3771 3565 3827 egemus
3609 3772 3755 3810 com-

2177 3845 2486 3900 mendatitiis
2525 3847 2796 3916 epistolis?
2837 3849 3012 3919 Atque
3041 3849 3482 3920 pseudapostolos
3507 3851 3758 3915 innucns,

2179 3936 2440 4004 subjecit:
2475 3937 2619 3992 Sicut
2646 3939 2854 4009 quidam
2879 3941 2949 3993 ad
2986 3957 3094 4008 uos,
3125 3950 3213 3995 aut
3243 3957 3307 3995 ea:
3329 3942 3466 3996 vobis
3507 3958 3760 3996 commen-

2179 4026 2370 4082 datitiis
2395 4029 2644 4097 epistolis,
2667 4029 2731 4085 ad
2753 4030 2904 4085 alios.
2934 4030 3138 4086 Deinde
3158 4033 3410 4102 quoniam
3436 4047 3599 4103 grave
3623 4043 3756 4099 erat,

2179 4121 2320 4191 quod
2345 4121 2575 4189 dixerat,
2596 4123 2648 4177 id
2667 4124 2892 4195 mitigat,
2916 4125 3032 4181 haec
3057 4125 3222 4180 verba
3245 4125 3575 4197 subjungcns
3596 4143 3610 4181 :
3633 4126 3759 4196 Epic

2179 4215 2314 4267 stola
2335 4223 2510 4270 nostra
2535 4231 2621 4270 uos
2647 4217 2764 4270 estis
2783 4218 2972 4287 scripta
2990 4219 3042 4271 in
3062 4217 3300 4272 cordibus
3321 4219 3526 4286 nostris,
3545 4233 3656 4289 quat
3675 4219 3762 4272 sci-

2182 4315 2266 4360 tur
2280 4316 2326 4360 et
2341 4307 2524 4377 legitur
2541 4307 2602 4361 ab
2625 4309 2857 4362 omnibus
2885 4309 3166 4363 hominibus
3185 4325 3204 4363 :
3225 4310 3277 4366 3.
3297 4309 3607 4379 manifestati
3631 4309 3764 4380 quod

2183 4400 2397 4467 epistola
2423 4401 2542 4455 estis
2569 4400 2778 4455 Christi.
2812 4400 2922 4457 Hoc
2951 4402 3072 4457 loco
3099 4416 3205 4456 non
3227 4401 3400 4456 solum
3432 4403 3650 4468 amoris,
3671 4402 3764 4457 sed

2183 4492 2342 4546 etiam
2364 4501 2508 4547 recte
2527 4491 2785 4548 factorum
2809 4493 3172 4548 testimonium
3196 4493 3326 4563 ipsis
3348 4493 3552 4561 tribuit,
3571 4494 3766 4565 quippe

2182 4584 2272 4654 qui
2313 4583 2574 4652 ejusmodi
2613 4584 2749 4649 sint,
2780 4594 2835 4640 ut
2860 4585 3099 4655 magistri
3131 4585 3440 4655 dignitatem
3474 4599 3571 4654 per
3600 4585 3767 4639 virtu-

2186 4685 2291 4728 tem
2337 4688 2487 4728 suam
2513 4673 2885 4730 demonstrare
2914 4684 3132 4745 queant.
3167 4674 3279 4730 [loc
3315 4676 3458 4731 enim
3501 4675 3768 4745 signiﬁcat

2184 4765 2327 4834 quod
2372 4765 2466 4832 ait,
2514 4763 2750 4835 Epistula
2795 4775 2967 4820 nostra
3008 4781 3096 4820 uos
3131 4766 3268 4820 estis.
3317 4765 3371 4821 Id
3412 4764 3555 4836 quod
3603 4765 3768 4821 litem:

2186 4856 2463 4923 fecissent,
2494 4871 2688 4927 nempe
2716 4866 2775 4912 ut
2802 4872 2902 4912 nos
2930 4857 3392 4920 commendarent,
3421 4871 3484 4912 ac
3512 4872 3768 4912 reveren-

2189 4949 2316 5004 tiam
2358 4950 2514 5006 nobis
2559 4951 2943 5017 conciliarent;
2994 4951 3096 5005 hoc
3152 4950 3252 5019 ipsi
3303 4951 3590 5021 praestatis,
3645 4952 3768 5005 dum

2188 5041 2432 5097 homines
2483 5055 2580 5096 vos
2627 5041 2808 5096 vident
2858 5051 3018 5112 atque
3072 5040 3316 5096 audiunt.
3375 5041 3766 5110 Discipulorum

2187 5133 2330 5188 enim
2372 5134 2561 5200 virtus,
2599 5134 2853 5204 magistro
2891 5133 3011 5202 plus
3047 5133 3373 5195 ornamenti,
3422 5143 3582 5204 atque
3627 5149 3770 5188 com-

2189 5223 2544 5278 mendationis
2592 5223 2781 5289 aﬂ‘ert,
2827 5238 2988 5294 quam
3035 5223 3139 5278 ulla
3183 5223 3432 5292 epistola.
3465 5224 3676 5294 Scripta
3719 5225 3769 5278 in

2189 5315 2423 5369 cordibus
2449 5316 2652 5370 nostris.
2695 5315 2808 5370 l-loc
2833 5325 2937 5380 est,
2969 5330 3129 5386 quam
3157 5330 3346 5370 omnes
3375 5325 3573 5370 norunt
3599 5334 3614 5369 :
3640 5315 3771 5370 adeo

2190 5407 2441 5460 nimirum
2481 5421 2577 5461 vos
2603 5423 2814 5478 quoquo
2839 5409 3079 5478 gentium
3119 5409 3571 5472 circumferimus,
3613 5418 3771 5481 atque

2190 5501 2369 5554 animo
2412 5515 2710 5556 versamus.
2760 5501 2873 5557 Non
2920 5517 3076 5559 secus
3119 5517 3183 5559 ac
3221 5503 3265 5559 si
3299 5503 3504 5558 diceret
3536 5523 3549 5557 :
3580 5501 3770 5558 Nostra

2191 5591 2327 5660 apud
2357 5592 2488 5646 alios
2509 5593 2906 5653 commendatio
2926 5610 3024 5651 vos
3049 5596 3181 5650 estis
3210 5609 3344 5650 :vos
3371 5594 3513 5649 enim
3538 5593 3591 5648 in
3613 5595 3774 5648 corde

2193 5699 2405 5755 semper
2436 5684 2717 5758 habemus,
2763 5701 2826 5743 ac
2850 5696 3026 5744 vestra
3067 5696 3215 5744 recte
3255 5686 3390 5742 facta
3420 5682 3561 5758 apud
3592 5698 3776 5741 omnes
