4098 6222
527 242 627 298 ιττ

532 359 636 411 λῶν
670 354 801 426 παρ’
827 353 979 425 ὑμῶν
997 370 1008 383 ·
1042 352 1173 407 ἀλλά
1197 354 1287 406 καὶ
1307 352 1383 422 τῷ
1414 351 1620 421 σφόδρα
1641 351 1813 421 φιλεῖν
1841 352 2005 422 ὑμᾶς,
2028 353 2089 404 οὐ

531 448 760 519 δεόμεθα
784 447 917 518 πρὸς
944 447 1087 516 ὑμᾶς
1110 443 1421 505 συστάσεως
1442 459 1454 471 ·
1483 444 1616 512 πρὸς
1639 442 1745 513 γάρ
1770 445 1895 505 τοὺς
1917 443 2093 511 ἁγνῷ-

532 541 629 604 τάς
669 556 754 603 τις
796 538 962 592 δεῖται
1002 534 1375 606 γραμμάτων·
1431 535 1590 604 ὑμεῖς
1615 535 1671 587 δὲ
1700 536 1756 587 ἐν
1794 537 1861 604 τῇ
1891 534 2107 605 διανοίᾳ.

533 632 566 707 ἡ
574 632 688 707 μῶν
710 633 850 686 ἐστε.
869 630 976 683 Καὶ
1004 627 1103 682 οὐκ
1120 621 1292 689 εἶπεν,
1308 625 1499 690 Ἑστὲ,
1519 625 1722 691 ἁπλῶς,
1738 625 1893 687 ἀλλά,
1910 627 2099 695 Ἐγγε-

535 715 836 792 γραμμένη
857 734 871 746 ·
892 716 1189 779 τουτέστιν,
1213 711 1334 768 οὖδὲ
1362 715 1660 767 ἀποπεσεῖν
1682 714 1931 769 δύνασθε.
1966 715 2098 768 Ὥσ-

535 830 643 883 περ
666 812 770 883 γάρ
795 811 901 865 ἀπὸ
924 807 1270 882 γραμμάτων
1297 804 1779 876 ἀναγινώσκοντες,
1803 804 1974 868 οὕτως
1994 805 2100 858 ἀπὸ

533 898 631 971 τῆς
677 903 900 973 καρδίας
949 904 982 971 ἠ
993 901 1108 972 μῶν
1160 900 1521 971 γινώσκοντες
1567 900 1713 952 ίσασι
1757 898 1953 961 πάντες
2004 896 2100 967 τὴν

534 993 753 1064 ἀγάπην
778 992 957 1065 ἡμῶν,
981 993 1048 1065 ἦν
1075 993 1269 1064 ἔχομεν
1295 992 1425 1063 περὶ
1452 992 1613 1062 ὑμᾶς.

604 1135 672 1205 β’.
690 1135 752 1190 El
782 1136 962 1190 τοίνυν
994 1136 1064 1190 τά
1098 1135 1402 1206 γράμματα
1416 1132 1509 1188 ’διὰ
1530 1133 1687 1187 τοῦτό
1705 1135 1870 1199 ἐστιν,
1902 1133 1989 1186 ἵνα
2007 1133 2103 1205 δη-

535 1227 683 1298 λῶσῃ
708 1228 794 1281 δτι
836 1229 864 1280 6
888 1225 1041 1280 δεῖνά
1093 1244 1184 1296 μοι
1215 1227 1387 1295 φίλος,
1431 1228 1526 1280 καὶ
1557 1226 1874 1279 άπολαυέτω
1894 1227 2108 1296 παρρη-

540 1318 660 1380 σίας
677 1330 726 1383 ι,
755 1317 914 1388 ἀρκεῖ
939 1319 973 1387 ἡ
1000 1317 1242 1388 ὑμετέρα
1269 1317 1454 1387 ἀγάπη
1478 1317 1539 1370 τὸ
1572 1318 1679 1370 πᾶν
1703 1315 2026 1369 ἀνύσαι.”Αν
2048 1332 2107 1368 τε

539 1408 650 1479 γάρ
712 1407 850 1477 πρὸς
891 1407 1036 1477 ὑμᾶς
1092 1405 1280 1475 ἕωμεν,
1343 1407 1403 1458 οὐ
1448 1404 1682 1475 δεόμεθα
1746 1405 1947 1475 ἐτέρων
2000 1404 2109 1459 τῶν

543 1497 917 1551 συνιστὼντων
962 1499 1131 1568 ἡμᾶς,
1186 1496 1288 1566 τῆς
1331 1495 1510 1566 φιλίας
1569 1496 1722 1567 ὑμῶν
1788 1495 2109 1567 προλαμϐα-

541 1589 767 1659 νούσης·
822 1590 888 1644 ἄν
933 1606 993 1643 τε
1040 1588 1178 1655 πρὸς
1224 1589 1465 1659 ἐτέρους,
1526 1588 1587 1640 οὐ
1632 1585 1904 1658 χρῄζομεν
1949 1586 2110 1641 πάλιν

546 1681 913 1752 γραμμάτων,
964 1680 1064 1749 τῆς
1114 1679 1283 1749 αὐτῆς
1329 1679 1549 1749 ἀγάπης
1599 1678 1720 1732 ἀντὶ
1764 1677 1968 1731 τούτων
2013 1677 2111 1748 ἀρ-

547 1773 750 1843 κούσης
778 1773 909 1842 ἡμῖν
938 1769 1097 1823 πάλιν
1115 1786 1128 1800 ·
1159 1767 1528 1839 περιφέρομεν
1558 1767 1666 1839 γάρ
1695 1766 1791 1838 τὴν
1821 1765 2112 1837 ἐπιστολὴν

545 1866 603 1917 ἐν
646 1866 763 1927 ταῖς
808 1862 1057 1933 καρδίαις
1110 1861 1285 1933 ἡμῶν.
1340 1855 1475 1914 Εἶτα
1525 1861 1620 1914 ἐπὶ
1654 1858 1837 1930 μεῖζον
1870 1859 2113 1930 ἐπαίρων

546 1956 778 2019 αὐτοὺς,
842 1954 936 2007 καὶ
997 1952 1286 2022 ἐπιστολὴν
1350 1950 1587 2023 Χριστοῦ
1651 1949 1837 2015 καλεῖ,
1902 1949 2110 2017 λέγων·

546 2046 1002 2115 Φανερούμενοι,
1046 2044 1136 2098 ὅτι
1172 2042 1314 2098 ἐστὲ
1359 2042 1655 2110 ἐπιστολὴ
1695 2041 1970 2110 Χριστοῦ.
2006 2041 2116 2095 Καὶ

545 2136 705 2190 τοῦτο
748 2135 939 2204 εἰπὼν,
975 2135 1244 2208 λαμϐάνει
1273 2134 1470 2188 ’λοιπὸν
1521 2133 1773 2187 ὑπόθεσιν
1818 2132 1910 2186 καὶ
1942 2132 2116 2203 ἀρχὴν

548 2227 800 2282 ἐντεῦθεν
832 2228 1084 2293 ἐξετάσαι
1129 2226 1199 2281 τά
1230 2227 1325 2281 τοῦ
1353 2226 1538 2297 νόμου.
1575 2226 1685 2279 Καὶ
1731 2224 1902 2288 ἄλλως
1932 2224 1988 2277 δὲ
2017 2223 2116 2276 αὑο

546 2317 675 2381 τοὺς
706 2317 941 2371 ἐνταῦθά
972 2333 1136 2388 φησιν
1182 2311 1321 2370 εἶναι
1367 2315 1653 2385 ἐπιστολήν
1673 2331 1686 2345 ·
1736 2313 1991 2383 ἀνωτέρω
2021 2314 2118 2383 μὲν

547 2405 657 2477 γάρ
675 2406 757 2470 ὼς
785 2407 1176 2471 συνιστῶντας·
1209 2408 1289 2461 διὸ
1327 2406 1617 2479 ἐπιστολήν
1652 2406 1937 2460 ἐκάλεσεν·
1970 2405 2118 2479 [475]

547 2498 782 2555 ἐνταῦθα
805 2501 861 2555 δέ
892 2500 1181 2573 ἐπιστολὴν
1205 2499 1463 2572 Χριστοῦ,
1494 2499 1568 2562 ὡς
1590 2497 1809 2569 ἔχοντας
1837 2499 1929 2553 τὸν
1957 2500 2119 2570 νόμον

547 2594 1003 2666 ἐγγεγραμμένον
1037 2594 1133 2648 τοῦ
1158 2592 1318 2648 Θεοῦ.
1377 2595 1445 2647 "A
1475 2592 1584 2665 γὰρ
1632 2592 1882 2646 ἐϐούλετο
1920 2594 1948 2647 6
1990 2592 2122 2669 Θεὸς

547 2684 787 2755 δηλῶσαι
833 2688 967 2740 πᾶσι
1016 2687 1109 2740 καὶ
1141 2686 1290 2757 ὑμῖν,
1351 2685 1526 2739 ταῦτα
1574 2685 1885 2756 γέγραπται
1918 2686 1974 2738 ἐν
2004 2688 2122 2750 ταῖς

550 2776 800 2847 καρδίαις
842 2777 1016 2848 ὑμῶν.
1070 2777 1262 2848 Ἡμεῖς
1306 2777 1366 2831 δὲ
1416 2776 1910 2848 παρεσκευάσαμεν
1955 2777 2120 2847 ὑμᾶς,

551 2866 694 2920 ὥστε
714 2867 970 2934 δέξασθαι
996 2868 1066 2922 τά
1088 2869 1414 2940 γράμματα.
1442 2867 1711 2939 Καθάπερ
1733 2867 1972 2935 Μωῦσῆς
1998 2868 2123 2930 τοὺς

551 2954 734 3019 λίθους
764 2956 856 3009 καὶ
905 2956 1005 3021 τὰς
1053 2956 1266 3020 πλάκας
1298 2956 1580 3026 ἐκόλαψεν,
1616 2955 1791 3020 οὕτως
1835 2958 1999 3026 ἡμεῖς
2025 2956 2124 3018 τὰς

552 3046 826 3118 ὑμετέρας
852 3046 1029 3117 ψυχάς
1046 3064 1058 3076 ·
1083 3047 1163 3100 διό
1182 3064 1335 3118 φησι.
1358 3045 1786 3114 Διακογηθεῖσα
1809 3048 1908 3116 ὑφ’
1933 3044 2121 3116 ἡμῶν.

565 3137 704 3192 ’Δλλ’
740 3140 799 3191 ἐν
841 3137 1015 3209 τούτῳ
1048 3138 1100 3191 τὸ
1152 3138 1264 3192 ῐσον
1289 3134 1435 3208 εἶχον
1460 3154 1473 3168 ·
1502 3139 1597 3191 καὶ
1642 3138 1750 3208 γὰρ
1776 3139 1977 3191 ἐκεῖναι
2019 3137 2125 3191 ὑπὸ

548 3229 691 3284 Θεοῦ
719 3229 1059 3299 ἐγράφησαν,
1089 3229 1184 3283 καὶ
1215 3222 1375 3282 αῦται
1405 3229 1509 3283 ὑπὸ
1530 3227 1623 3282 τοῦ
1653 3227 1985 3300 Πνεῦματος.
2014 3228 2124 3283 Ποῦ

552 3320 733 3375 τοίνυν
782 3322 816 3391 ἡ
866 3320 1130 3392 διαφορά;
1198 3319 1691 3391 Ἔττεγραμμένη,
1753 3322 1825 3375 οὐ
1884 3323 2122 3389 μέλανι,

555 3410 717 3467 ἀλλὰ
746 3412 1041 3480 Πνεύματι
1071 3410 1220 3466 Θεοῦ
1243 3410 1455 3477 ζῶντος
1473 3428 1487 3443 ·
1521 3413 1631 3465 οὐκ
1660 3411 1730 3466 ἐν
1765 3411 1951 3475 πλαξὶ
1978 3412 2128 3466 λιθί-

556 3520 712 3570 ναις,
743 3503 880 3558 ἀλλ’
909 3504 981 3557 ἐν
1004 3503 1191 3568 πλαξὶ
1222 3503 1469 3572 καρδίας
1510 3505 1845 3573 σαρκίναις.
1881 3504 2044 3558 ’Ὅσον
2070 3504 2128 3558 δὲ

555 3593 619 3647 τὸ
643 3594 805 3665 μέσον
825 3595 964 3648 Ilva-:6
972 3611 1138 3665 ματος
1162 3596 1258 3649 καὶ
1284 3594 1531 3665 μέλανος,
1579 3595 1672 3649 καὶ
1695 3594 1902 3663 λιθίνης
1925 3595 2130 3660 πλακὸς

556 3686 656 3739 ικαὶ
681 3685 962 3757 σαρκίνης,
984 3684 1235 3740 τοσοῦτον
1254 3686 1315 3740 τὸ
1333 3686 1585 3758 διάφορον
1603 3687 1807 3742 τούτων
1824 3686 2091 3742 κάκείνων
2108 3703 2125 3717 ·

556 3777 755 3832 οὐκοῦν
779 3778 873 3832 καλ¹
895 3778 943 3830 et
974 3778 1391 3849 διακονήσαντες
1423 3777 1519 3832 τοῦ
1553 3778 1965 3850 διακονήσαντος
1988 3777 2132 3830 ἐκεί-

563 3885 694 3932 νοις.
720 3868 818 3923 Διά
834 3887 916 3923 τοι
940 3869 1115 3933 τοῦτο,
1134 3871 1257 3924 ἐπεὶ⁵
1281 3870 1425 3941 μέγα
1452 3869 1770 3940 ἐφθέγξατο,
1792 3869 2002 3939 ταχέως
2019 3871 2131 3922 ἐπι-

559 3960 900 4032 λαμϐάνεται
919 3962 1134 4028 ἐαυτοῦ,
1151 3962 1324 4031 λέγων
1346 3980 1358 3993 ·
1382 3963 1749 4030 Πεποίθησιν
1762 3961 1831 4015 δὲ
1851 3962 2132 4028 τοιαύτην

561 4052 785 4123 ἔχομεν
807 4052 905 4108 διὰ
932 4054 1039 4110 τοῦ
1058 4055 1313 4125 Χριστοῦ
1337 4055 1485 4124 πρὸς
1508 4054 1613 4108 τὸν
1640 4054 1789 4108 Θεόν
1805 4069 1819 4084 ·
1853 4053 1945 4107 καὶ
1972 4052 2133 4106 πάλιν

566 4145 688 4199 ὅλον
723 4146 1011 4217 ἀνατίθησι
1043 4145 1121 4217 τῷ
1144 4144 1263 4215 Θεῷ
1282 4164 1295 4176 ·
1317 4145 1522 4199 τούτων
1545 4144 1653 4215 γάρ
1691 4146 1822 4215 ἡμῖν
1846 4146 1876 4198 6
1899 4143 2133 4215 Χριστὸς

561 4233 757 4299 αἴτιος,
803 4236 987 4306 φησίν.
1023 4237 1147 4303 Οὐχ
1196 4234 1284 4289 ὅτι
1325 4236 1521 4289 ἱκανοί
1549 4235 1736 4305 ἐσμεν
1773 4234 1873 4304 ἀφ’
1906 4232 2136 4288 ἑαυτῶν

562 4343 624 4380 τι
665 4326 1046 4395 λογίσασθαι,
1101 4326 1181 4392 ὡς
1226 4325 1296 4390 ἐξ
1354 4325 1603 4382 ἑαυτῶν.
1645 4325 1784 4397 Ὅρα
1832 4323 1993 4379 πάλιν
2039 4324 2136 4379 καὶ

565 4415 762 4488 ἑτέραν
809 4415 1204 4487 ἐπιδιόρθωσιν.
1238 4416 1349 4470 Καὶ
1386 4416 1492 4487 γάρ
1529 4414 1646 4486 μεθ’
1697 4415 2005 4487 ὑπερϐολῆς
2037 4414 2135 4486 τὴν

566 4506 775 4577 ἀρετὴν
804 4505 1008 4577 ταύτην
1039 4507 1276 4578 μάλιστα
1315 4508 1596 4578 κέκτηται,
1641 4506 1739 4579 τὴν
1782 4523 2138 4579 ταπεινοφρο-

571 4596 738 4670 σύνην
774 4598 938 4667 λέγω.
970 4599 1168 4671 Διόπερ
1192 4601 1323 4654 ὅταν
1351 4601 1480 4673 είπῃ
1509 4618 1562 4653 τι
1585 4601 1726 4671 μέγα
1760 4600 1887 4672 περ)⁵
1918 4599 2133 4665 ἐαυτοῦ,

569 4690 723 4763 πάσῃ
760 4690 1036 4763 κέχρηται
1070 4691 1293 4762 σπουδῇ,
1345 4691 1486 4746 ὥστε
1539 4692 1783 4763 σφοδρῶς
1812 4691 2140 4764 παραμυθή-

571 4782 770 4837 σασθαι
805 4783 867 4837 τὸ
904 4781 1192 4855 είρημένον
1236 4782 1422 4856 τρόπῳ
1468 4783 1665 4838 παντί·
1715 4783 1744 4837 ὃ
1784 4784 1877 4837 καὶ
1905 4783 2141 4838 ἐνταῦθα

573 4875 740 4940 ποιεῖ,
770 4875 965 4944 λέγων,
1005 4878 1129 4946 οὐχ
1166 4876 1256 4932 ὅτι
1282 4876 1477 4932 ἱκανοί
1498 4875 1686 4945 ἐσμεν
1708 4875 1807 4945 ἀφ’
1836 4874 2065 4931 ἑαυτῶν
2085 4894 2140 4931 τι

567 4963 932 5031 λογίσασθαι
957 4968 1038 5032 ὼς
1081 4966 1151 5032 ἐξ
1181 4966 1430 5022 ἑαυτῶν.
1480 4965 1788 5032 Τουτέστιν,
1829 4965 1942 5036 Οὐχ
1970 4965 2141 5029 οὕτως

572 5045 747 5117 εἷπον,
797 5056 1166 5124 Πεποιθησιν
1217 5058 1453 5127 ἔχομεν,
1495 5058 1574 5123 ὡς
1637 5060 1698 5112 τὸ
1748 5058 1848 5128 μὲν
1877 5058 2144 5129 ἡμέτερον

568 5136 737 5205 εἶναι,
767 5141 827 5196 τὸ
851 5142 910 5196 δὲ
935 5143 1029 5196 τοῦ
1071 5144 1237 5198 Θεοῦ·
1270 5146 1409 5200 άλλά
1448 5147 1508 5201 τὸ
1543 5149 1650 5202 πᾶν
1675 5146 1822 5217 αὐτῷ
1849 5144 2142 5215 ἀνατίθημι

576 5230 671 5286 καὶ
694 5231 997 5303 λογίζομαι.
1035 5234 1095 5289 Ἠ
1121 5234 1230 5303 γὰρ
1253 5237 1530 5304 ἱκανότης
1556 5236 1722 5306 ἡμῶν
1748 5238 1815 5291 ἐκ
1846 5236 1951 5291 τοῦ
1974 5234 2142 5299 θεοῦ,

571 5324 643 5391 ὃς
657 5325 755 5380 καὶ
777 5324 1074 5381 ἱκάνωσεν
1089 5325 1246 5396 ἡμᾶς
1263 5326 1583 5396 διακόνους
1602 5328 1814 5398 καινῆς
1829 5327 2145 5395 Διαθήκης.

573 5416 640 5471 Τί
684 5418 855 5487 ἐστιν,
897 5419 1216 5488 ⁹Ικάνωσε;
1258 5422 1529 5487 Δυνατοὺς
1563 5424 1784 5495 ἐποίησε
1818 5420 1913 5475 καὶ
1958 5423 2148 5491 ἐπιτη-

641 5634 665 5663 ⁶
684 5632 837 5702 Εάῖῐί,
860 5643 1138 5709 παρῤησίας.
1158 5643 1247 5695 Ms.
1269 5645 1575 5709 προστασίας.

1217 240 1275 294 S.
1300 235 1603 295 'JOANNIS
1643 234 2130 292 CHRYSOSTOMI
2170 235 2489 292 ARCHIEP.
2528 233 3073 293 CONSTAINTINOP.

3659 230 3768 290 458

2193 353 2384 416 δείους.
2433 354 2507 406 Οὐ
2542 352 2734 423 μικρὸν
2782 352 2838 405 δὲ
2885 349 3066 416 τοῦτο,
3120 346 3183 401 τὸ
3234 343 3459 418 κομίσαι
3511 345 3768 410 τοιαύτας

2193 441 2406 505 πλάκας
2450 442 2544 493 καὶ
2590 438 2881 503 ἐπιστολὰς
2923 442 2989 510 τῇ
3019 438 3337 508 οἰκουμένῃ,
3377 435 3511 489 πολὺ
3549 434 3770 505 μείζους

2192 532 2299 585 τῶν
2329 533 2628 602 προτέρων.
2668 530 2760 583 Διὸ
2800 528 2896 582 καὶ
2925 529 3203 598 ἐπήγαγεν
3225 542 3239 558 ·
3284 528 3367 580 Οὐ
3407 523 3768 595 γράμματος,

2194 621 2357 676 ἀλλὰ
2376 622 2734 689 πνεύματος.
2773 619 2904 673 Ἰδοὺ
2929 617 3089 672 πάλιν
3110 617 3244 686 ἄλλη
3268 615 3524 687 διαφορά.
3553 616 3619 668 Τί
3645 611 3770 684 οὗνς

2197 714 2413 774 ἐκεῖνος
2433 712 2532 764 οὐκ
2556 706 2621 781 ἦν
2652 708 3017 780 πνευματικὸς
3035 709 3064 761 6
3088 709 3282 779 νόμος;
3315 707 3432 770 πῶς
3460 702 3554 761 οῦν
3582 724 3770 778 φησιν,

2192 801 2448 870 οἴδαμεν
2483 800 2572 870 ὅτι
2614 803 2646 854 ὀ
2677 802 2858 868 νόμος
2890 797 3292 867 πνευματικός
3316 798 3486 860 ἐστι;
3514 800 3774 870 Πνεῦμα-

2196 894 2349 957 τικδς
2380 894 2499 964 μὲν,
2528 892 2642 946 ἀλλ’
2669 892 2728 945 οὐ
2759 891 2976 962 πνεῦμα
3006 892 3263 966 παρεῖχεν
3281 907 3296 920 ·
3323 890 3385 943 οὐ
3421 890 3529 961 γὰρ
3553 890 3773 960 πνεῦμα

2198 987 2419 1057 ἐκόμισε
2446 966 2703 1055 Μῶῡσῆς,
2731 983 2862 1038 άλλά
2889 983 3209 1055 γράμματα·
3240 984 3403 1053 ἡμεῖς
3429 980 3484 1034 δὲ
3509 981 3770 1035 ἐπιστεύα

2200 1078 2372 1148 θημεν
2420 1076 2635 1148 πνεῦμα
2663 1076 2878 1130 διδόναι.
2913 1074 3003 1128 Διδ
3034 1074 3127 1127 καὶ
3164 1072 3590 1145 ἐπεξεργάζεται
3640 1073 3773 1127 αὐτὸ

2199 1169 2401 1239 λέγων·
2434 1161 2509 1223 Τὸ
2540 1169 2649 1239 γὰρ
2686 1168 2919 1239 ῃοάμμα
2950 1166 3305 1229 ἀποκτείνει,
3340 1165 3415 1217 τὸν
3445 1164 3513 1218 δὲ
3537 1165 3777 1235 πνεῦμα

2203 1256 2490 1324 ζωοποιεῖ.
2512 1258 2700 1315 Ταῦτα
2728 1261 2784 1314 δέ
2820 1259 2922 1329 οὐχ
2949 1257 3133 1321 ἁπλῶς
3167 1274 3351 1327 φησιν,
3385 1256 3500 1310 ἀλλ’
3533 1257 3777 1320 ἐκείνους

2203 1351 2569 1422 αἰνιττόμενος
2612 1350 2740 1411 τοὺς
2789 1346 3328 1419 μεγαλοφρονοῦντας
3361 1346 3455 1400 ἐπὶ
3479 1349 3593 1411 τοῖς
3647 1347 3778 1402 Ἰουο

2202 1441 2426 1504 δαῖκοῖς.
2473 1442 2710 1512 Γράμμα
2760 1440 2818 1494 δὲ
2867 1437 3100 1492 ἐνταῦθα
3146 1436 3238 1491 τὸν
3286 1437 3449 1508 νόμον
3500 1431 3785 1508 (manca!

2206 1531 2502 1595 κολάζοντα
2524 1533 2648 1595 τοὺς
2670 1528 3125 1600 πλημμελοῦντας
3140 1545 3155 1560 ·
3178 1527 3395 1601 πνεῦμα
3419 1527 3476 1582 δέ
3497 1527 3594 1600 τὴν
3616 1528 3777 1600 χάριν

2168 1622 2303 1692 ’τὴν
2338 1621 2425 1676 διά
2470 1621 2563 1674 τοῦ
2606 1620 2979 1691 βαπτίσματος
3008 1621 3134 1682 τοὺς
3181 1619 3284 1672 ὑπὸ
3332 1618 3441 1673 τῶν
3494 1620 3778 1691 ἁμαρτιῶν

2208 1712 2582 1785 νεκρωθέντας
2614 1711 3000 1777 ζωοποιοῦσαν.
3043 1711 3225 1764 Εἰπὼν
3244 1709 3355 1782 γὰρ
3388 1710 3489 1781 τὴν
3513 1708 3778 1780 διαφορὰν

2207 1806 2306 1877 τὴν
2334 1804 2442 1858 ἀπὸ
2487 1805 2585 1874 τῆς
2637 1803 2854 1872 φύσεως
2897 1802 3004 1855 τῶν
3039 1801 3288 1865 πλακῶν,
3321 1801 3421 1853 οὐκ
3456 1798 3776 1871 ἐνδιατρίϐει

2210 1897 2367 1967 αὐτῇ,
2409 1894 2546 1949 ἀλλά
2589 1893 2962 1965 παραδραμὼν
3013 1892 3182 1963 αὐτὴν
3228 1889 3428 1961 ταύτην
3471 1889 3562 1942 ἐπὶ
3590 1889 3778 1942 πλεῖον

2211 1984 2524 2057 ἐργάζεται,
2561 1978 2594 2058 ᾖ
2648 1983 2879 2055 μάλιστα
2927 1983 3064 2037 έλεῖν
3096 1982 3187 2035 τὸν
3215 1979 3480 2052 ἀκροατὴν
3516 1977 3775 2048 ἠδύνατο,

2211 2078 2319 2131 ἀπὸ
2345 2076 2437 2129 τοῦ
2484 2076 2850 2147 συμφέροντος
2890 2076 2983 2129 καὶ
3029 2073 3248 2142 κούφου.
3291 2069 3427 2126 Οὔτε
3477 2069 3585 2142 γάρ
3614 2070 3780 2139 πόνον

2214 2170 2346 2240 ἔχει,
2388 2168 2540 2239 φησὶ,
2576 2169 2669 2222 καὶ
2703 2167 2925 2239 μείζονα
2980 2164 3208 2235 παρέχει
3240 2165 3338 2235 τὴν
3367 2163 3545 2235 χάριν.
3580 2162 3643 2215 Εἰ
3669 2160 3783 2232 γὰρ

2214 2261 2342 2331 περὶ
2369 2258 2601 2331 Χριστοῦ
2632 2257 3030 2327 διαλεγόμενος,
3065 2257 3250 2309 ἐκεῖνα
3280 2255 3512 2326 μάλιστα
3546 2252 3778 2323 τίθησιν,

2213 2353 2249 2407 ἀ
2277 2352 2374 2422 τῆς
2401 2350 2807 2421 φιλανθρωπίας
2834 2348 2998 2402 αὑτοῦ
3027 2349 3140 2401 ἐστι
3169 2346 3370 2418 μᾶλλον
3398 2345 3432 2418 ἢ
3463 2345 3559 2416 τῆς
3603 2343 3782 2411 ἀξίας,

2215 2440 2310 2492 καὶ
2354 2437 2602 2508 ἀλλήλοις
2649 2435 2798 2508 [Πϐ]
2842 2435 3175 2490 συνδέδεται·
3228 2432 3409 2505 πολλῷ
3462 2430 3661 2503 μᾶλλον
3690 2433 3786 2485 ἐπὶ

2214 2531 2314 2601 τῆς
2340 2528 2619 2600 διαθήκης,
2648 2527 2958 2597 ἀναγκαίως
2978 2527 3135 2580 τοῦτο
3161 2528 3323 2580 ποιεῖ.
3349 2524 3412 2578 Τί
3439 2520 3532 2579 οῦν
3552 2524 3666 2578 ἐστι
3699 2521 3781 2586 τὸ,

2218 2620 2465 2691 Γράμμα
2506 2620 2876 2682 ἀποκτείνει;
2907 2612 3072 2673 Εἶπεν
3117 2618 3201 2672 δτι
3240 2619 3298 2672 ἐν
3345 2616 3509 2681 πλαξὶ
3532 2614 3782 2679 λιθίναις,

2218 2715 2313 2768 καὶ
2360 2712 2606 2785 καρδίαις
2649 2710 2953 2783 σαρκίναις,
2989 2709 3202 2763 οὐδέπω
3241 2707 3299 2763 δὲ
3329 2708 3571 2780 μεγάλην
3613 2704 3784 2760 ἐδόκει

2215 2805 2478 2879 διαφοράν
2501 2805 2698 2872 λέγειν.
2726 2803 3038 2876 Προσέθηκε
3063 2798 3155 2856 οὖν
3180 2803 3262 2856 ὃτι
3293 2800 3475 2872 ἐκείνη
3501 2799 3787 2871 γράμματι

2219 2897 2250 2967 ἢ
2281 2896 2489 2967 μέλανι,
2519 2893 2656 2966 αῦτη
2682 2895 2738 2948 δὲ
2765 2894 3057 2964 πνεύματι.
3084 2892 3221 2947 Οὔτε
3242 2891 3402 2947 τοῦτο
3433 2891 3576 2945 πάνυ
3592 2889 3788 2952 αὐτοὺς

2218 2989 2474 3060 διήγειρε.
2537 2986 2699 3056 Λέγει
2750 2982 2842 3041 οῦν
2891 2984 3076 3039 λοιπὸν
3140 2985 3277 3056 ὅπερ
3342 2983 3526 3039 ίκανδν
3594 2982 3790 3045 αὖτοὺς

2221 3078 2518 3145 πτερῶσαι.
2541 3077 2622 3130 ὅτι
2650 3076 2712 3130 τὸ
2745 3077 2841 3148 μὲν
2866 3075 3199 3139 ἀποκτείνει,
3228 3074 3291 3127 τδ
3318 3074 3376 3128 δὲ
3412 3072 3682 3138 ζωοποιεῖ.

2291 3176 2360 3237 7'.
2376 3169 2440 3222 Τί
2456 3168 2512 3223 δὲ
2533 3167 2690 3222 τοῦτό
2708 3169 2883 3235 ἐστιν;
2901 3169 2989 3221 Ἑν
3003 3166 3080 3238 τῷ
3100 3166 3251 3238 νόμῳ
3264 3169 3293 3221 6
3314 3165 3618 3237 ἁμάρτημα
3632 3163 3789 3235 ἔχων,

2222 3259 2540 3324 κολάζεται·
2584 3258 2819 3313 ἐνταῦθα
2872 3260 2900 3312 6
2942 3260 3244 3329 ἁμάρτημα
3292 3257 3451 3328 ἔχων,
3485 3254 3793 3327 προσελθὼν

2224 3351 2562 3423 βαπτίζεται,
2584 3351 2678 3405 καὶ
2702 3350 2910 3420 γίνεται
2933 3351 3139 3415 δίκαιος
3162 3366 3177 3384 ·
3199 3349 3408 3414 δίκαιος
3434 3348 3492 3403 δὲ
3512 3346 3795 3418 γινόμενος

2223 3444 2311 3517 ζῇ,
2336 3443 2430 3498 τοῦ
2471 3443 2699 3499 θανάτου
2729 3446 2828 3515 τῆς
2859 3444 3132 3516 ἁμαρτίας
3153 3442 3507 3511 ἀπαλλαγείς.
3545 3441 3606 3496 '0
3633 3441 3795 3512 νόμος

2225 3538 2323 3592 ἐὰν
2366 3536 2504 3610 λάϐῃ
2546 3536 2731 3605 φονέα,
2764 3537 3007 3607 ἀναιρεῖ·
3050 3536 3084 3606 ἡ
3127 3534 3287 3605 χάρις
3323 3532 3418 3586 ἐάν
3442 3532 3583 3605 λάϐῃ
3602 3532 3793 3600 φονέα,

2226 3629 2448 3698 φωτίζει
2495 3629 2589 3684 καὶ
2636 3629 2906 3692 ζωοποιεῖ.
2954 3627 3065 3681 Καὶ
3108 3627 3161 3680 τί
3214 3626 3357 3692 λέγω
3401 3623 3598 3695 φονέας
3647 3622 3795 3676 Ξὺλα

2226 3719 2412 3774 ἔλαϐεν
2441 3720 2499 3772 ἐν
2529 3719 2783 3790 σαϐϐάτῳ
2812 3718 3136 3785 συλλέξαντα
3160 3718 3188 3773 6
3211 3716 3401 3787 νόμος,
3430 3715 3521 3768 καὶ
3544 3714 3791 3769 ἐλίθασε·

2224 3807 2383 3861 τοῦτό
2409 3809 2545 3874 ἐστι,
2586 3806 2657 3861 Τὸ
2685 3806 2919 3877 γράμμα
2946 3805 3303 3861 ἀποκτείνει.
3338 3803 3577 3874 Μυρίους
3603 3803 3796 3874 ἀνδρο-

2228 3898 2422 3969 φόνους
2441 3897 2536 3952 καὶ
2552 3896 2754 3969 λῃστὰς
2781 3897 3048 3968 λαμϐάνει
3072 3899 3108 3969 ἠ
3135 3896 3314 3970 χάρις,
3341 3895 3436 3949 καὶ
3461 3894 3801 3965 βαπτίζουσα

2229 3987 2557 4043 ἀπαλλάττει
2607 3985 2718 4041 τῶν
2778 3985 3060 4057 προτέρων
3108 3983 3326 4040 κακῶν·
3370 3981 3527 4037 τοῦτό
3551 3983 3687 4048 ἐστι,
3728 3982 3801 4036 Τὸ

2230 4079 2465 4149 πνεῦμα
2496 4076 2777 4140 ζωοποιεῖ.
2837 4077 3076 4140 Ἐκεῖνος
3102 4076 3211 4130 ἀπὸ
3240 4075 3444 4140 ζῶντος
3487 4075 3678 4147 νεκρὸν
3711 4074 3803 4143 ἐρ-

2231 4170 2456 4241 γάζεται
2509 4170 2600 4224 τὸν
2639 4169 2864 4223 ἁλόντα·
2897 4166 3036 4238 αὕτη
3066 4168 3174 4222 ἀπὸ
3199 4167 3395 4240 νεκροῦ
3426 4166 3601 4233 ζῶντα
3631 4182 3801 4221 κατα-

2236 4260 2592 4326 σκευάζειτὸν
2620 4258 3129 4315 ὑπεύθυνον.Δεῦτε
3151 4259 3259 4330 γάρ
3289 4259 3440 4327 πρός
3454 4273 3555 4327 με,
3582 4256 3805 4321 πάντες

2233 4355 2288 4407 οἱ
2326 4349 2651 4417 κοπιῶντες
2693 4351 2791 4405 καί
2841 4346 3305 4419 πεφορτισμένοι
3325 4365 3339 4379 ·
3387 4348 3482 4402 καὶ
3520 4346 3621 4400 οὐκ
3656 4341 3803 4409 εἷπε,

2234 4444 2464 4499 Κολάσω
2496 4444 2659 4515 ὑμᾶς,
2692 4442 2825 4508 ἀλλ’,
2872 4442 3229 4497 Ἀναπαύσω
3253 4437 3429 4509 ὑμᾶς.
3473 4439 3562 4492 Ἐν
3590 4437 3696 4509 γὰρ
3725 4435 3808 4507 τῷ

2238 4537 2571 4609 βαπτίσματι
2615 4535 2875 4590 θάπτεται
2920 4533 2987 4588 τά
3035 4532 3429 4605 ἁμαρτήματα,
3468 4528 3809 4599 ἐξαλείφεται

2236 4628 2315 4682 τά⁷
2351 4628 2610 4700 πρότερα,
2661 4627 3004 4692 ζωοποιεῖται
3052 4627 3082 4679 6
3133 4623 3436 4695 ἄνθρωπος,
3493 4619 3682 4692 ὥσπερ
3728 4621 3813 4683 είς

2240 4720 2422 4775 πλάκα
2451 4719 2615 4774 αὑτοῦ
2638 4719 2734 4791 τὴν
2766 4718 2993 4790 καρδίαν
3025 4716 3363 4786 ἐγγράφεται
3385 4713 3536 4767 πᾶσα
3563 4714 3597 4782 ἡ
3628 4711 3810 4782 χάρις.

2250 4810 2533 4882 Ἐννόησον
2575 4809 2754 4863 τοίνυν
2794 4808 2894 4877 ὅση
2924 4805 3020 4860 τοῦ
3072 4804 3387 4874 Πνεῦματος
3421 4803 3456 4872 ὴ
3502 4800 3648 4867 ἀξία,
3681 4800 3815 4853 ὅταν

2241 4903 2297 4956 αί
2324 4901 2528 4964 πλάκες
2561 4899 2724 4954 αὐτοῦ
2761 4897 2999 4968 βελτίους
3022 4897 3129 4951 τῶν
3152 4896 3452 4968 προτέρων,
3476 4894 3605 4948 ὅταν
3631 4891 3818 4964 μεῖζόν

2241 5012 2296 5049 τι
2329 4995 2425 5062 καί
2438 4993 2605 5061 αὐτῆς
2624 4992 2722 5061 τῆς
2745 4990 3090 5053 ἀναστάσεως
3118 4974 3540 5056 ἐπιδεικνύηται.
3566 4985 3678 5041 Καὶ
3702 4982 3816 5054 γάρ

2244 5086 2282 5157 ἡ
2309 5086 2572 5157 νέκρωσις
2591 5083 2731 5155 αὕτη
2754 5082 2855 5152 τῆς
2887 5080 3161 5153 προτέρας
3206 5070 3685 5149 χαλεπωτέρα,’ἦς
3718 5073 3817 5127 καὶ

2245 5175 2597 5238 ἀπαλλάττει,
2637 5174 2732 5227 καὶ
2773 5170 3029 5241 τοσούτῳ,
3078 5171 3189 5239 ὅσῳ
3220 5166 3367 5239 ψυχὴ
3411 5165 3663 5235 σώματος
3690 5162 3831 5233 βελλ

2244 5269 2405 5322 τίων·
2433 5266 2529 5321 καὶ
2568 5266 2704 5337 αὕτη
2736 5265 2803 5320 δι’
2833 5264 3045 5333 ἐκείνης
3078 5261 3387 5317 συνίσταται
3417 5260 3451 5329 ἠ
3484 5255 3617 5328 ζωὴ,
3650 5255 3719 5327 ῆν
3753 5254 3823 5308 τὸ

2247 5360 2470 5430 Πνεῦμα
2510 5358 2754 5413 δίδωσιν·
2806 5359 2854 5411 εἰ
2885 5356 2942 5410 δέ
2978 5354 3182 5426 ταύτην
3207 5350 3433 5406 δυνατὸν
3466 5345 3819 5421 χαρίσασθαι,

2249 5448 2431 5521 πολλῷ
2461 5448 2658 5520 μᾶλλον
2696 5450 2797 5520 τὴν
2827 5447 3110 5502 ἐλάττονα·
3161 5443 3377 5514 ἐκείνην
3406 5441 3505 5514 μὲν
3532 5438 3643 5511 γάρ
3678 5452 3833 5508 προ-

2249 5542 2418 5613 φῆται
2464 5542 2815 5615 εἰργάσαντο,
2870 5537 3071 5609 ταύτην
3122 5537 3179 5591 δέ
3229 5535 3432 5589 οὐκέτι.
3473 5531 3659 5593 οὐδεὶς
3709 5528 3874 5600 γὰρ,

2253 5632 2472 5691 δύναται
2503 5633 2721 5707 ἀφιέναι
2757 5629 3050 5705 ἁμαρτίας,
3081 5630 3129 5684 εί
3159 5628 3232 5701 μὴ
3258 5627 3417 5700 μόνος
3442 5628 3472 5680 6
3507 5623 3659 5689 Θεός.
3685 5620 3827 5676 Οὐδέ
