4098 6222
293 261 400 318 ιδἹ
1319 245 1385 301 IN
1424 244 1640 300 EPIST.
1682 243 1724 296 ll

294 373 672 448 prmdicamus.
702 367 821 436 Quo
860 365 939 426 ﬁt,
968 373 1024 418 ut
1067 376 1170 415 non
1215 359 1374 413 modo
1399 357 1520 428 quia
1566 355 1706 427 apud
1746 355 1880 408 alios

294 481 515 538 quoque
546 457 1028 517 commendationis
1074 456 1240 509 instar
1283 452 1438 507 nobis
1464 451 1612 514 estis,
1645 449 1886 520 epistolis

295 559 493 616 vestris
537 556 755 610 minime
800 550 1161 620 indigeamus;
1210 545 1302 601 sed
1345 546 1465 599 ideo
1493 559 1706 614 quoque
1734 557 1886 597 com-

296 648 650 707 mendatione
698 642 855 698 nobis
884 641 1021 709 apud
1064 653 1160 694 vos
1186 638 1407 692 minime
1449 651 1584 705 opus
1610 645 1715 698 est,
1743 633 1884 704 quod

297 757 396 795 vos
415 739 662 807 apprime
683 751 882 790 amem.
911 733 1126 789 Etenim
1149 731 1214 784 ad
1239 732 1448 801 ignotos
1475 729 1688 799 quidem
1720 727 1888 781 literis

297 833 563 906 quispiam
612 845 748 900 opus
792 827 990 892 habet;
1040 840 1136 878 vos
1178 834 1356 878 autem
1401 822 1556 876 nobis
1602 822 1653 875 in
1705 821 1887 874 animo

297 929 450 983 estis.
483 925 593 979 Nec
625 938 752 976 vero
783 921 954 975 solum
984 919 1138 981 dixit,
1173 917 1331 982 Estis,
1359 915 1452 970 sed
1490 913 1749 981 Inscripti,
1782 913 1886 966 hoc

295 1028 404 1077 est,
438 1029 537 1069 nec
567 1012 694 1068 mihi
728 1027 791 1065 ex
823 1011 1002 1063 animo
1029 1007 1276 1062 excidere
1299 1005 1539 1076 potestis.
1569 1003 1712 1058 Sicut
1744 1001 1886 1054 enim

300 1125 365 1162 ex
395 1105 584 1170 literis,
612 1103 698 1172 qui
727 1116 820 1156 eas
840 1101 1043 1170 legunt,
1062 1099 1141 1153 sic
1161 1113 1224 1152 ex
1252 1095 1414 1151 corde
1441 1103 1644 1156 nostro,
1675 1091 1762 1160 qui
1787 1090 1889 1146 hoc

303 1209 523 1265 norunt,
569 1206 803 1252 nostram
845 1209 972 1264 erga
1023 1207 1122 1246 vos
1163 1189 1506 1245 dilectionem
1554 1194 1886 1257 perspectam

301 1291 528 1344 habent.

375 1383 430 1436 2.
471 1380 732 1448 Quocirca
781 1378 824 1430 si
853 1377 1126 1430 literarum
1151 1373 1254 1427 hoc
1285 1385 1479 1426 munus
1503 1378 1608 1434 est,
1644 1379 1698 1422 ut
1729 1385 1792 1422 ex
1825 1368 1889 1422 iis

305 1475 506 1544 liqueat
535 1475 672 1525 hunc
692 1479 779 1523 aut
803 1469 950 1522 illum
977 1466 1103 1520 mihi
1134 1466 1361 1518 amicum
1386 1462 1620 1524 csse,hic
1644 1461 1890 1514 libertate

306 1567 532 1630 fruatur,
574 1565 640 1618 ad
688 1564 736 1616 id
772 1573 937 1616 totum
982 1558 1369 1613 conﬁciendum
1416 1555 1546 1610 satis
1591 1564 1673 1609 est
1713 1563 1889 1607 vestra

305 1671 432 1726 erga
461 1672 545 1710 me
566 1655 777 1707 caritas.
806 1651 936 1706 Nam
959 1651 1071 1705 sive
1099 1650 1164 1703 ad
1192 1664 1284 1701 νος
1307 1647 1733 1717 proﬁciscamur,
1759 1643 1892 1697 alio-

307 1764 427 1800 rum
456 1743 919 1799 commendatione
961 1742 1182 1795 minime
1214 1739 1532 1808 indigemus,
1563 1735 1704 1806 quod
1738 1747 1892 1787 amor

305 1855 436 1907 erga
466 1855 551 1893 me
579 1847 756 1893 vester
799 1836 850 1890 id
897 1835 1133 1888 muneris
1153 1834 1263 1903 jam
1309 1831 1584 1901 occuparit
1614 1850 1628 1886 ε
1658 1829 1776 1884 sive
1825 1827 1891 1882 ad

307 1931 463 1994 alios,
497 1929 662 1983 literis
691 1942 878 1982 rursus
904 1926 1031 1980 nihil
1063 1926 1218 1979 nobis
1256 1939 1391 1993 opus
1417 1931 1520 1987 est,
1563 1932 1749 1992 utpote
1777 1920 1896 1989 qui-

309 2022 413 2075 bus
445 2021 631 2075 eadem
653 2019 871 2074 dilectio
899 2033 1084 2073 earum
1111 2017 1230 2070 loco
1259 2016 1388 2070 satis
1419 2015 1528 2071 sit:
1557 2011 1895 2069 circumieri-

310 2131 433 2168 mus
463 2114 604 2168 enim
629 2113 905 2182 epistolam
933 2112 985 2164 in
1035 2109 1286 2164 cordibus
1327 2108 1543 2162 nostris.
1574 2106 1687 2159 Mox
1735 2105 1894 2158 altius

313 2206 492 2260 adhuc
516 2219 609 2259 eos
634 2199 898 2263 attollens,
917 2202 1198 2270 epistolam
1221 2214 1432 2270 quoque
1453 2195 1654 2252 Christi
1685 2209 1779 2248 eos
1805 2209 1898 2247 vo-

313 2305 426 2360 cat,
467 2295 695 2349 dicens:
739 2292 1050 2364 Manifestati
1085 2293 1220 2362 quod
1256 2290 1470 2360 epistola
1517 2288 1634 2342 estis
1683 2285 1888 2340 Christi.

316 2389 495 2456 Atque
542 2385 593 2438 id
641 2385 885 2456 loquutus
925 2384 1262 2438 occasionem
1313 2381 1438 2436 hinc
1484 2389 1644 2447 atque
1686 2379 1894 2432 initium

313 2479 477 2534 sumit
511 2478 680 2549 legem
705 2476 1066 2532 examinandi.
1097 2478 1269 2544 Atque
1299 2473 1405 2528 alio
1437 2471 1596 2525 modo
1623 2485 1773 2524 suam
1804 2483 1898 2523 eos

317 2569 598 2639 epistolam
625 2584 747 2624 esse
767 2567 854 2622 hic
881 2568 987 2621 ait:
1009 2566 1254 2637 superius
1277 2565 1420 2619 enim
1448 2580 1542 2620 eos
1573 2563 1773 2618 idcirco
1795 2561 1901 2631 epi-

319 2664 512 2716 stolam
563 2661 907 2732 appellabat,
936 2659 1076 2729 quod
1119 2659 1191 2712 ah
1233 2659 1362 2727 ipsis
1390 2653 1896 2711 commendaretur:

319 2754 410 2808 hic
454 2763 629 2808 autem
672 2750 952 2821 epistolam
984 2749 1183 2805 Christi
1225 2765 1319 2803 eos
1359 2757 1534 2808 vocat,
1584 2755 1641 2800 ut
1669 2745 1759 2814 qui
1806 2745 1898 2798 Dei

318 2846 491 2915 legem
545 2845 853 2914 inscriptam
912 2842 1162 2897 habeant.
1220 2840 1352 2896 Nam
1403 2857 1523 2910 qua:
1580 2839 1722 2894 Deus
1777 2851 1900 2891 cum

319 2937 570 2992 omnibus
609 2937 761 3001 aliis,
809 2945 920 2989 tum
951 2935 1100 2989 vobis
1148 2935 1308 2988 etiam
1351 2942 1472 2987 nota
1518 2947 1639 2987 esse
1668 2931 1897 2994 volebat,

320 3027 438 3081 lucc
459 3028 510 3080 in
540 3026 796 3080 cordibus
822 3026 1011 3080 vestris
1042 3026 1294 3094 inscripta
1322 3033 1464 3077 sunt.
1497 3021 1605 3077 Nos
1636 3036 1795 3091 porro
1826 3021 1897 3074 ita

321 3132 419 3171 vos
461 3118 908 3187 comparavimus,
958 3129 1016 3171 ut
1046 3117 1225 3171 literas
1271 3115 1610 3185 exciperetis.
1642 3112 1711 3168 Ut
1756 3111 1900 3166 enim

321 3214 496 3270 Moses
535 3214 738 3283 lapides
780 3225 834 3268 et
877 3214 1088 3268 tabulas
1140 3211 1382 3281 sculpsit,
1425 3211 1505 3264 sic
1554 3223 1652 3263 nos
1689 3220 1902 3278 quoque

318 3307 528 3360 animas
566 3317 773 3360 vestras
806 3305 966 3359 :ideo
993 3305 1088 3371 ait,
1137 3301 1427 3356 Ministrata
1475 3317 1505 3352 a
1548 3301 1711 3353 nobis.
1749 3299 1817 3352 At
1848 3299 1899 3351 in

323 3399 430 3452 hoc
457 3397 567 3466 pari
609 3395 918 3451 conditione
959 3405 1151 3450 erant:
1185 3409 1307 3449 nam
1347 3403 1403 3447 et
1431 3392 1533 3446 illa:
1563 3407 1592 3445 a
1635 3391 1743 3445 Deo
1767 3405 1900 3443 con-

319 3491 543 3560 scriptae
578 3499 755 3556 erant,
787 3498 843 3544 et
869 3489 986 3544 lucc
1026 3505 1055 3542 a
1082 3487 1305 3558 Spiritu.
1335 3486 1572 3552 Quanam
1600 3498 1727 3554 ergo
1757 3483 1808 3536 in
1839 3497 1899 3536 rc

321 3581 614 3637 discrimen
639 3580 801 3634 situm
825 3579 948 3635 est?
979 3577 1184 3647 Scripta
1215 3596 1315 3632 non
1343 3586 1646 3641 atramento,
1665 3575 1752 3628 sed
1779 3573 1905 3642 Spi-

319 3675 428 3726 ritu
461 3671 550 3726 Dei
572 3672 780 3726 viventis
807 3685 826 3726 :
852 3687 956 3724 non
979 3670 1030 3723 in
1057 3670 1237 3723 tabulis
1259 3668 1502 3738 lapideis,
1525 3667 1614 3721 sed
1641 3667 1692 3718 in
1719 3665 1904 3717 tabulis

321 3767 493 3821 cordis
529 3763 842 3820 carnalibus.
887 3761 1152 3829 Quantum
1183 3770 1360 3813 autem
1393 3759 1531 3812 inter
1554 3757 1811 3827 Spiritum
1852 3765 1906 3809 et

321 3868 703 3921 atramentum,
731 3866 889 3926 atque
916 3856 1053 3909 inter
1083 3853 1321 3922 lapideas
1347 3862 1399 3906 et
1424 3851 1666 3906 carnales
1698 3849 1906 3902 tabulas

324 3954 570 4016 interest,
606 3958 809 4004 tantum
835 3948 993 4001 etiam
1025 3947 1164 4000 inter
1189 3944 1285 3998 has
1309 3953 1364 3998 et
1391 3943 1509 3997 illas
1529 3952 1609 3996 est
1632 3940 1905 3995 discrimi-

331 4047 420 4100 nis
449 4062 463 4098 :
496 4057 559 4097 ac
600 4039 821 4111 proinde
863 4038 1002 4092 inter
1040 4050 1133 4091 eos
1157 4050 1386 4106 quoque,
1415 4035 1504 4103 qui
1548 4033 1630 4086 his
1673 4046 1891 4100 operam

321 4141 613 4195 navatunt,
641 4143 690 4187 et
716 4148 858 4193 eum,
890 4132 978 4202 qui
1002 4130 1109 4185 illis
1132 4145 1347 4198 operam
1373 4127 1603 4182 navavit.
1635 4125 1716 4181 Ob
1755 4141 1905 4181 eam-

323 4243 436 4299 que
481 4239 719 4288 causam,
749 4223 872 4294 quia
913 4220 1190 4292 magniﬁce
1217 4219 1467 4289 loquutus
1493 4216 1684 4281 fuerat,
1724 4215 1910 4269 confe-

331 4320 467 4374 stim
526 4317 758 4384 seipsum
802 4313 1010 4383 carpit,
1056 4313 1241 4367 dicens
1270 4329 1282 4365 :
1316 4311 1371 4365 4.
1425 4309 1694 4362 Fiduciam
1742 4318 1908 4361 autem

334 4409 507 4462 talem'
521 4405 762 4460 habemus
800 4421 887 4473 per
913 4401 1169 4457 Christum
1195 4403 1262 4455 ad
1301 4400 1501 4464 Deum;
1530 4417 1592 4453 ac
1620 4415 1802 4454 rursus
1831 4408 1912 4451 to-

328 4512 442 4557 tum
491 4499 543 4556 id
589 4501 699 4554 Deo
727 4498 985 4554 adscribit
1016 4515 1029 4550 :
1065 4497 1254 4551 horum
1298 4496 1440 4551 enim
1484 4494 1638 4549 nobis
1667 4493 1911 4546 Christus

328 4607 490 4648 causa
543 4600 666 4659 est,
715 4591 904 4662 inquit.
955 4591 1010 4646 5.
1073 4588 1195 4643 Non
1242 4589 1376 4659 quod
1421 4587 1717 4658 sufﬁcientes
1755 4586 1913 4637 simus

326 4684 550 4754 cogitare
564 4682 758 4754 aliquid
782 4698 844 4736 ea:
864 4683 1004 4736 nobis
1023 4690 1277 4750 tamquam
1299 4695 1360 4733 ea:
1379 4678 1542 4732 nobis.
1571 4677 1700 4733 Vide
1727 4690 1913 4730 rursus

330 4775 557 4828 alteram
585 4774 744 4827 etiam
770 4773 1264 4842 prmmunitionem;
1289 4770 1550 4841 siquidem
1575 4771 1674 4824 hac
1692 4770 1908 4834 virtute,

332 4863 439 4918 hoc
466 4872 550 4918 est
572 4863 895 4924 humilitate.
925 4863 979 4917 in
1016 4864 1204 4934 primis
1235 4863 1430 4917 Paulus
1456 4862 1693 4917 excellit.
1725 4860 1917 4929 quut:

332 4955 415 5017 tit,
446 4964 506 5008 ut
533 4956 746 5023 quoties
772 4955 840 5010 de
870 4956 1046 5025 seipso
1089 4954 1373 5025 magniﬁce
1421 4952 1623 5023 aliquid
1653 4954 1747 5015 ait,
1783 4949 1912 5004 nihil

333 5062 443 5100 non
484 5048 642 5102 studii
669 5047 940 5113 adhibeat,
973 5055 1030 5101 ut
1062 5047 1112 5102 id
1155 5047 1343 5116 quovis
1388 5045 1550 5100 modo
1602 5045 1808 5114 mitiget
1851 5060 1915 5098 ac

333 5139 563 5191 molliat.
599 5140 750 5206 Quod
778 5143 937 5194 etiam
969 5143 1072 5194 hoc
1114 5139 1233 5194 loco
1273 5139 1356 5193 his
1379 5139 1555 5193 verbis
1588 5136 1711 5191 facit
1747 5154 1760 5189 :
1795 5134 1915 5190 Non

330 5234 474 5303 quod
500 5235 656 5288 simus
693 5236 987 5305 suﬁicientes
1010 5236 1231 5306 cogitare
1254 5233 1447 5302 aliquid
1489 5248 1552 5286 ex
1577 5231 1739 5294 nobis,
1786 5241 1916 5282 tam-

331 5341 490 5394 quam
520 5341 583 5379 ea:
623 5327 786 5382 nobis.
817 5327 929 5382 Hoc
969 5335 1070 5394 est,
1101 5325 1216 5380 Non
1248 5326 1316 5380 ita
1357 5325 1488 5388 dixi,
1523 5321 1796 5376 Fiduciam
1825 5322 1916 5375 Ita-

336 5416 535 5482 bemus,
567 5432 630 5470 ac
653 5419 697 5471 si
723 5417 867 5472 aliud
893 5426 1132 5472 nostrmn
1175 5416 1264 5482 sit,
1291 5414 1430 5470 aliud
1467 5415 1590 5478 Dei;
1621 5413 1712 5468 sed
1746 5422 1915 5467 totum

338 5506 484 5559 istud
515 5507 626 5562 Deo
667 5507 938 5563 adscribo.
974 5507 1170 5563 Nostra
1194 5509 1327 5561 enim
1369 5505 1664 5574 sufﬁcientia
1708 5520 1770 5557 ex
1806 5501 1918 5556 Deo

336 5607 433 5660 est,
460 5598 516 5654 6.
542 5599 630 5668 qui
648 5610 694 5654 et
719 5602 927 5655 idoneos
948 5617 1038 5656 nos
1060 5601 1176 5672 fecit
1198 5600 1451 5654 ministros
1480 5599 1593 5652 novi
1615 5598 1918 5653 testamenti.

337 5691 482 5757 Quid
515 5705 621 5760 est,
654 5693 872 5750 Idoneos
921 5713 1011 5750 nos
1049 5695 1209 5766 fecit?
1250 5693 1399 5748 Fecit
1437 5701 1498 5747 ut
1539 5691 1664 5747 huic
1709 5693 1916 5748 muneri

681 5791 946 5852 ΡΑτιιοι.
995 5793 1110 5852 (in.
1160 5793 1316 5855 LXI.

1787 243 1880 299 AD
1918 242 2072 298 COR.
2115 244 2346 300 HOMIL.
2393 244 2478 300 Vl.

3462 257 3566 309 438

1989 371 2146 426 pares
2171 374 2292 415 esse
2314 363 2599 430 possimus.
2629 363 2856 417 Parvum
2883 380 3042 435 porro
3074 367 3176 422 hoc
3203 381 3310 421 non
3346 375 3453 434 est,
3495 369 3574 422 ni-

1992 451 2186 504 mirum
2230 452 2364 507 tales
2406 453 2614 508 tabulas
2661 463 2716 508 et
2759 456 3034 523 epistolas,
3083 457 3352 528 prioribus
3400 456 3569 512 multo

1992 542 2224 611 majores
2249 557 2312 597 ac
2342 546 2742 612 pra‘stantiores
2785 547 2899 600 orbi
2926 549 3168 602 attulisse
3201 566 3215 602 :
3245 547 3389 604 unde
3414 548 3577 604 etiam

1992 631 2286 703 subiunxit,
2315 633 2437 689 Non
2474 635 2652 700 (iterm,
2695 638 2784 692 sed
2823 639 3053 708 spiritus.
3093 640 3174 694 En
3205 656 3394 696 rursus
3434 639 3576 694 aliud

1992 724 2305 780 discrimen.
2337 725 2474 792 Quid
2518 729 2737 783 autem?
2781 745 2958 784 annon
2988 731 3071 785 lex
3100 746 3315 801 quoque
3357 731 3446 785 illa
3477 731 3580 800 spi-

1992 816 2200 871 ritualis
2250 818 2403 872 erat?
2441 821 2709 888 quomodo
2750 837 2880 891 ergo
2925 823 2999 875 ait
3032 840 3046 875 :
3080 821 3282 876 Scimus
3320 823 3457 890 quod
3499 822 3581 874 (ex

1995 912 2276 978 spiritualis
2301 923 2372 965 est
2400 910 2575 984 (Rom.
2607 915 2662 967 7.
2697 914 2828 982 l4)?
2861 913 3170 984 Spiritualis
3197 914 3411 984 quidem
3437 923 3577 976 erat,

1995 1004 2087 1058 sed
2117 1006 2362 1074 spiritum
2413 1007 2631 1061 minime
2659 1009 2930 1076 prtebebat
2959 1029 2974 1065 :
3009 1027 3111 1064 non
3155 1011 3297 1064 enim
3331 1010 3575 1077 spiritum

1995 1094 2191 1161 Moses,
2234 1096 2327 1150 sed
2360 1097 2541 1151 literas
2566 1099 2778 1164 attulit;
2817 1109 3017 1154 nostra:
3055 1111 3233 1155 autem
3261 1101 3382 1155 ﬁdei
3425 1116 3574 1155 com-

1997 1189 2218 1242 missum
2250 1197 2354 1252 est,
2405 1198 2461 1243 ut
2500 1192 2743 1258 Spiritum
2793 1191 2980 1246 demus
3014 1209 3027 1244 :
3057 1193 3199 1246 unde
3242 1193 3401 1245 etiam
3434 1191 3573 1244 isutd

1996 1280 2235 1335 studiose
2281 1283 2649 1350 prosequitur,
2699 1281 2922 1342 dicens,
2971 1282 3140 1335 Litera
3179 1283 3312 1335 enim
3357 1281 3577 1345 occidit,

1993 1373 2206 1440 spiritus
2232 1384 2397 1426 autent
2427 1374 2660 1441 viviﬁcat.
2691 1373 2815 1427 Hauc
2841 1384 3016 1427 autem
3045 1390 3146 1425 non
3179 1383 3381 1426 temere
3422 1372 3577 1436 dixit,

1998 1464 2090 1518 sed
2118 1479 2211 1519 eos
2241 1464 2582 1520 subindicans
2611 1467 2697 1534 qui
2726 1466 2792 1519 de.
2817 1464 3052 1519 Judaicis
3078 1465 3240 1518 altum
3278 1461 3575 1531 sapiebant.

1999 1557 2101 1612 Per
2142 1559 2351 1612 literam
2394 1569 2572 1612 autem
2621 1559 2721 1613 hoc
2772 1559 2891 1613 loco
2932 1559 3101 1628 legem
3148 1554 3418 1625 intelligit,
3465 1569 3584 1623 qua:

2001 1659 2285 1718 peccantes
2335 1651 2598 1719 supplicio
2640 1650 2937 1716 afﬁciebat;
2970 1666 3065 1719 per
3109 1649 3355 1719 Spiritum
3398 1655 3578 1701 autem

1997 1742 2224 1812 gratiam
2260 1744 2535 1814 baptismi,
2565 1758 2668 1814 qua
2713 1745 2770 1810 ii,
2816 1744 2904 1814 qui
2949 1759 2978 1796 a
3023 1752 3242 1812 peccato
3274 1739 3581 1808 interempti

1997 1843 2140 1898 sunt,
2185 1834 2253 1888 ad
2293 1836 2455 1889 vitam
2508 1843 2847 1889 revocantur.
2881 1833 3171 1902 Postquam
3219 1831 3364 1886 enim
3393 1829 3584 1884 discri-

1999 1942 2118 1980 men
2151 1927 2281 1981 illud
2325 1927 2785 1992 commemoravit,
2818 1926 2959 1997 quod
2999 1926 3138 1979 inter
3183 1925 3461 1993 utriusque
3504 1931 3582 1976 ta-

2003 2017 2140 2071 bula:
2173 2028 2418 2072 naturam
2454 2027 2590 2085 erat,
2636 2033 2741 2072 non
2782 2019 2835 2072 iu
2875 2033 2941 2073 eo
2973 2019 3159 2082 lueret,
3216 2016 3312 2072 sed
3354 2016 3580 2070 ulterius

2002 2123 2360 2179 progressus,
2413 2109 2515 2164 hoc
2560 2110 2720 2164 latius
2769 2109 3108 2179 prosequitur
3155 2125 3167 2160 :
3217 2121 3320 2175 qua
3372 2106 3578 2158 ratione

2001 2202 2297 2256 auditorem
2332 2203 2498 2271 magis
2517 2217 2710 2270 capere
2733 2211 2959 2269 poterat,
2987 2201 3236 2254 nimirum
3263 2198 3332 2254 ab
3353 2197 3578 2252 utilitate

2003 2302 2057 2348 et
2087 2291 2354 2350 facilitate.
2387 2293 2566 2363 Neque
2607 2295 2749 2347 enim
2780 2293 3016 2347 laborem
3059 2291 3240 2354 habet,
3291 2289 3482 2358 inquit,
3527 2297 3580 2341 et

2004 2385 2260 2454 majorem
2306 2386 2529 2455 gratiam
2561 2386 2734 2440 affert.
2768 2384 2899 2439 Nam
2925 2384 2968 2437 si
2997 2385 3062 2439 de
3084 2384 3303 2439 Christo
3335 2383 3579 2451 loquens,

2003 2490 2066 2530 ea
2109 2475 2444 2546 potissimum
2479 2476 2628 2544 ponit
2653 2490 2772 2546 quae
2815 2475 3156 2544 benignitatis
3188 2475 3351 2542 ipsius
3381 2476 3575 2542 potius.

2003 2581 2162 2636 quam
2194 2567 2360 2620 nostri
2392 2566 2564 2620 meriti
2611 2576 2754 2628 sunt,
2785 2582 3010 2637 qumque
3060 2567 3198 2620 inter
3238 2581 3296 2620 sc
3336 2559 3595 2619 devincta

2005 2667 2166 2724 sunt,
2200 2659 2370 2712 multo
2426 2660 2594 2728 magis
2643 2658 2746 2712 hoc
2789 2659 3094 2714 necessario
3144 2659 3288 2720 facit,
3334 2673 3456 2712 cum
3516 2655 3584 2710 de

2009 2752 2332 2805 testamento
2360 2751 2615 2820 loquitur.
2664 2749 2930 2817 Quidnam
2975 2752 3136 2821 igitur
3179 2752 3292 2811 haec
3319 2748 3483 2804 verba
3515 2749 3584 2802 si-

2006 2841 2282 2911 gniﬁcant,
2327 2841 2499 2896 Litera
2541 2841 2764 2896 occidit?
2796 2843 3010 2896 Dixerat
3035 2841 3248 2911 quidem
3297 2840 3348 2894 in
3391 2839 3590 2893 tabulis

2008 2933 2232 3005 lapideis
2277 2946 2332 2991 et
2379 2935 2632 2990 cordibus
2665 2935 2916 2999 carneis;
2967 2945 3022 2989 at
3062 2935 3298 2988 nondum
3338 2948 3586 3002 magnum

2007 3027 2277 3097 quoddam
2338 3027 2629 3083 discrimen
2686 3030 2923 3096 proferre
2976 3027 3278 3082 videbatur.
3329 3025 3588 3095 Adjunxit

2009 3121 2208 3190 itaque,
2229 3119 2370 3188 quod
2392 3121 2481 3174 illa
2500 3121 2652 3174 litera
2668 3130 2762 3174 aut
2783 3127 3103 3184 atramento,
3129 3119 3244 3173 lnec
3260 3118 3448 3188 spiritu
3478 3133 3591 3185 per-

2005 3215 2206 3284 scripta
2234 3214 2324 3268 sit.
2379 3213 2490 3268 Hoc
2517 3223 2694 3268 autem
2727 3229 2834 3268 non
2862 3227 2957 3278 eos
2983 3211 3267 3266 admodum
3300 3209 3588 3265 excitabat.

2012 3305 2125 3360 Hoc
2153 3321 2280 3376 ergo
2306 3305 2521 3360 demum
2554 3306 2705 3371 dicit,
2737 3305 2879 3374 quod
2911 3304 2991 3358 vel
3020 3318 3225 3374 pennas
3266 3303 3374 3356 illis
3399 3301 3592 3356 alferre

2008 3408 2190 3466 queat,
2223 3413 2436 3466 nempe,
2469 3397 2642 3451 Litera
2673 3399 2875 3463 occidit,
2912 3398 3122 3468 spiritus
3159 3405 3328 3450 autem
3351 3397 3590 3460 aiui/icat.

2082 3488 2136 3542 3.
2181 3488 2447 3556 Quidnam
2477 3498 2670 3551 autem.
2693 3488 2796 3543 hoc
2833 3488 2957 3542 est?
2990 3487 3044 3541 In
3077 3488 3192 3557 lege
3218 3487 3262 3540 is
3286 3486 3374 3556 qui
3397 3501 3594 3557 pecca-

2011 3591 2123 3636 tum
2158 3582 2335 3643 habet,
2371 3583 2626 3650 punitur;
2673 3581 2760 3636 hic
2791 3582 2880 3650 qui
2911 3590 3187 3650 peccatum
3216 3580 3396 3647 habet,
3440 3595 3597 3633 acce-

2014 3673 2150 3726 dens
2197 3674 2516 3742 baptizatur,
2563 3688 2627 3728 ac
2671 3673 2846 3742 justus
2892 3671 3162 3727 efﬁcitur:
3190 3672 3373 3741 justus
3413 3681 3592 3725 autem

2013 3765 2260 3827 cll'ectus,
2307 3764 2457 3828 vivit,
2501 3774 2685 3834 utpote
2715 3766 2917 3834 peccati
2963 3774 3136 3819 morte
3166 3764 3445 3817 liberatus.
3476 3762 3589 3816 Lex

2012 3862 2057 3915 si
2089 3859 2409 3914 homicidam
2431 3859 2741 3929 arripuerit.
2771 3873 2896 3913 eum
2926 3865 3097 3911 morte
3123 3855 3291 3910 afﬁcit
3316 3874 3329 3910 :
3355 3854 3521 3924 gratia
3549 3855 3594 3909 si

2013 3950 2334 4006 homicidam
2354 3948 2861 4019 ceperit,il|uminat
2887 3962 2950 4002 ac
2975 3945 3225 4002 viviﬁcat.
3250 3946 3386 4014 Quid
3415 3955 3595 4000 autem

2013 4044 2336 4100 homicidam
2375 4042 2530 4098 dico?
2577 4043 2685 4098 Lex
2733 4057 2891 4106 eum,
2935 4040 3024 4109 qui
3072 4039 3276 4094 sabbati
3323 4038 3410 4093 dte
3455 4037 3595 4107 ligna

2013 4135 2326 4205 collegerat,
2378 4141 2649 4205 arreptum
2702 4131 2964 4200 lapidibus
3007 4129 3184 4185 obruit
3225 4127 3416 4199 (Nunt.
3464 4129 3595 4198 15);

2017 4228 2120 4282 hoc
2163 4226 2307 4280 enim
2342 4234 2429 4280 est
2453 4224 2592 4294 quod
2625 4225 2719 4290 ait,
2744 4222 2916 4278 Litera
2945 4222 3125 4276 occidit
3152 4238 3172 4277 :
3200 4222 3369 4294 gratia
3411 4229 3596 4275 (onlra

2016 4326 2300 4374 sexcentos
2329 4315 2621 4372 homicidas
2660 4325 2714 4371 et
2745 4316 2980 4370 latrones
3006 4315 3229 4383 accepit,
3259 4327 3321 4367 ac
3347 4310 3597 4382 baptismi

2019 4428 2155 4483 aqua
2187 4412 2382 4466 tinctos
2411 4411 2678 4482 prioribus
2703 4409 2859 4464 malis
2887 4408 3112 4470 liberat;
3141 4407 3245 4462 hoc
3287 4415 3390 4473 est,
3420 4405 3594 4476 Spiri-

2019 4513 2102 4558 tus
2140 4503 2378 4572 viviﬁcat.
2413 4501 2502 4556 Illa
2529 4517 2676 4568 eum,
2723 4501 2812 4570 qui
2842 4499 3215 4570 deprehensus
3242 4507 3346 4565 est,
3385 4514 3449 4552 ex
3477 4497 3600 4551 vivo

2019 4603 2289 4648 mortuum
2314 4591 2523 4648 reddit:
2553 4591 2667 4646 hazc
2694 4607 2845 4647 reum
2871 4607 2937 4647 ex
2964 4598 3176 4645 mortuo
3201 4591 3380 4644 vivum
3411 4586 3596 4642 cilicii.

2032 4685 2203 4741 Venite
2237 4686 2400 4750 enim,
2449 4685 2640 4755 inquit,
2693 4685 2762 4738 ad
2811 4700 2891 4738 me
2935 4699 3106 4738 omnes
3147 4682 3231 4752 qui
3274 4679 3514 4734 laboratis
3556 4687 3599 4731 et

2019 4777 2216 4832 onerati
2241 4777 2358 4832 estis
2382 4792 2400 4829 :
2425 4787 2480 4831 et
2509 4791 2612 4830 non
2653 4775 2806 4839 dixit,
2847 4772 3166 4830 excruciabo
3192 4787 3307 4835 vos,
3339 4771 3455 4836 sed,
3483 4771 3600 4840 reﬁ-

2019 4869 2154 4922 ciam
2177 4885 2263 4922 vos
2284 4867 2498 4936 (Matth.
2523 4868 2611 4921 ll.
2635 4867 2753 4934 9.8).
2782 4866 2994 4920 Etenim
3019 4865 3070 4919 in
3089 4863 3354 4935 baptismo
3379 4874 3599 4934 peccata

2021 4959 2375 5029 sepeliuntur,
2405 4959 2583 5030 priora
2605 4958 2871 5020 delentur,
2901 4956 3062 5011 homo
3082 4955 3403 5022 viviﬁcatur,
3429 4954 3605 5012 omnis

2021 5051 2187 5119 gratia
2220 5051 2272 5104 in
2304 5050 2472 5119 ipsius
2499 5057 2737 5118 pectore,
2771 5057 3041 5119 tamquam
3088 5047 3142 5103 in
3184 5048 3381 5104 tabulis
3411 5047 3603 5102 inscri-

2023 5145 2188 5199 bitur.
2209 5144 2391 5213 !taque
2415 5153 2652 5213 reputes,
2687 5142 2868 5208 velim,
2891 5152 3087 5211 quanta
3116 5145 3348 5211 Spiritus
3371 5141 3605 5211 dignitas

2024 5235 2114 5301 sit,
2132 5234 2329 5304 quippe
2348 5247 2469 5287 cum
2499 5233 2667 5305 ipsius
2688 5234 2880 5290 tabula:
2902 5235 3172 5306 prioribus
3200 5236 3449 5290 meliores
3472 5233 3602 5291 sim,

2025 5336 2187 5394 atque
2233 5325 2347 5394 ipsa
2387 5324 2548 5380 etiam
2591 5325 2988 5381 resurrectione
3029 5326 3364 5396 pra‘stantius
3407 5321 3606 5391 aliquid

2033 5416 2302 5472 ostendat.
2330 5416 2461 5473 Nam
2488 5427 2543 5472 et
2566 5432 2712 5474 mors
2745 5433 2830 5483 ea,
2861 5433 2892 5472 a
2917 5434 3019 5488 qua
3051 5418 3164 5488 ipsa
3191 5417 3400 5481 liberat,
3430 5416 3610 5486 priore

2027 5511 2244 5580 gravior
2273 5521 2375 5574 est,
2408 5522 2463 5566 et
2490 5511 2705 5581 quidem
2754 5520 2924 5578 tanto,
2954 5521 3154 5581 quanto
3180 5512 3354 5568 anima
3393 5511 3606 5581 corpori

2031 5611 2251 5673 praestat
2282 5621 2296 5658 :
2325 5612 2485 5673 atque
2522 5617 2582 5657 ea
2613 5603 2743 5667 vita,
2776 5617 2936 5672 quam
2966 5603 3199 5674 Spiritus
3226 5603 3480 5673 impertit,
3513 5618 3607 5673 per

2031 5709 2150 5750 eam
2200 5694 2477 5751 conﬂatur.
2518 5693 2670 5762 Quod
2704 5693 2750 5751 si
2792 5693 2930 5751 hanc
2974 5694 3168 5752 afferre
3197 5703 3390 5760 potest,
3435 5695 3606 5752 multo

3156 5794 3239 5855 28
