4098 6222
510 211 614 274 ιῦῦ

512 331 683 401 magis
705 329 964 385 minorem
991 348 1005 383 :
1030 327 1170 383 illam
1198 325 1392 381 etenim
1427 321 1703 393 prophetat
1729 332 1940 391 quoque
1960 331 2090 372 con-

511 423 767 483 tulerunt.
802 420 937 476 hanc
963 428 1138 473 autem
1169 429 1273 471 non
1290 413 1541 485 perinde.
1572 411 1742 468 Nemo
1784 410 1951 475 enim,
1981 407 2092 462 Deo

510 525 620 567 uno
646 522 889 581 excepto,
918 517 1133 580 peccata
1165 507 1439 561 remittere
1467 513 1663 576 potest.
1686 502 1825 571 Quin
1856 517 1925 558 ne
1946 500 2093 555 illam

509 606 722 678 quidem
748 606 875 660 citra
898 601 1125 672 Spiritus
1148 617 1302 670 opem
1324 602 1631 669 prtebebant
1655 599 1950 670 propheta.
1976 596 2088 654 Nec

513 712 644 752 vero
680 692 789 748 hoc
817 695 1093 748 dumtaxat
1134 694 1325 748 mirum
1371 698 1475 758 est,
1515 691 1656 762 quod
1682 690 1938 759 vivificet,
1990 689 2087 745 sed

509 788 671 841 etiam
700 784 842 856 quod
878 785 926 839 id
958 783 1184 840 faciendi
1209 794 1523 854 potestatem
1551 783 1672 839 aliis
1698 797 1911 855 quoque
1944 797 2088 853 pra:-

507 877 701 932 bucrit.
758 870 985 947 ﬁccipile
1045 877 1226 942 enim,
1282 877 1492 946 inquit,
1547 871 1801 944 Spiritum
1856 884 2091 929 sanctum

516 966 695 1036 (Joan.
718 966 807 1023 ΞΟ.
833 966 946 1038 22).
975 966 1111 1037 Quid
1134 966 1247 1022 ita?
1273 985 1340 1022 an
1372 968 1420 1021 id
1451 968 1569 1022 sine
1593 967 1791 1037 Spiritu
1822 980 1926 1021 non
1954 965 2084 1021 lice-

466 1102 469 1103 ν
504 1057 637 1111 bat?
663 1059 765 1113 Sed
799 1068 853 1112 nt
878 1059 1187 1114 ostenderet
1213 1060 1352 1113 Deus
1398 1058 1547 1113 illum
1588 1072 1854 1128 supremae
1894 1066 2084 1128 poten-

507 1149 594 1203 tia:
634 1164 698 1204 ac
725 1149 885 1220 regiae
926 1151 1068 1204 illius
1112 1154 1358 1205 essentia:
1401 1166 1544 1217 esse,
1586 1149 1940 1220 eamdemque
1980 1150 2085 1205 vim

505 1240 727 1308 habere,
753 1240 834 1295 bis
858 1241 1030 1295 verbis
1052 1243 1217 1296 utitur
1240 1259 1253 1295 :
1275 1242 1498 1310 ideoque
1526 1240 1820 1311 subjungit,
1857 1241 2088 1308 Quorum

505 1333 797 1387 rentiseritis
823 1344 1045 1403 peccata,
1076 1334 1395 1387 remittuntur
1422 1334 1528 1395 eis;
1552 1343 1598 1385 et
1617 1349 1830 1403 quorum
1856 1333 2084 1385 retinue-

505 1426 639 1490 ritis,
669 1434 860 1479 retenta
888 1436 1022 1479 sunt.
1053 1424 1494 1495 Quandoquidem
1528 1426 1688 1493 igitur
1724 1439 1822 1477 nos
1848 1424 1953 1477 vita
1983 1421 2085 1477 do-

507 1517 673 1584 navit,
705 1517 943 1572 viventes
984 1532 1319 1581 maneamus,
1356 1532 1454 1570 nec
1482 1516 1547 1570 ad
1578 1516 1808 1584 priorem
1856 1524 2085 1570 mortem

504 1624 691 1664 rursus
736 1609 1064 1664 redeamus:
1098 1608 1328 1663 Christus
1377 1607 1518 1662 enim
1557 1607 1672 1677 jam
1718 1623 1819 1660 non
1871 1606 2087 1659 moritur

508 1701 681 1766 (Rom.
708 1704 761 1759 6.
797 1703 909 1775 l0).
931 1702 1082 1771 Quod
1112 1703 1254 1757 enim
1289 1710 1529 1755 mortuus
1555 1708 1657 1765 est,
1690 1708 1906 1769 peccato
1934 1714 2079 1753 mor-

504 1804 629 1848 tuus
654 1803 736 1849 est
763 1793 951 1858 semel,
983 1808 1081 1849 nec
1110 1793 1221 1847 vult
1243 1806 1455 1859 semper
1484 1806 1581 1845 nos
1609 1790 1793 1860 gratia:
1821 1789 2085 1844 benelieio

505 1885 729 1940 salutem
759 1885 1048 1955 consequi;
1077 1883 1277 1954 alioqui
1300 1884 1441 1938 enim
1472 1884 1711 1936 omnium
1744 1882 1894 1934 vacui
1920 1878 2085 1934 futuri

502 1990 690 2030 sumus
721 1994 733 2028 :
764 1990 828 2030 ac
855 1974 1083 2045 proinde
1111 1990 1143 2029 a
1183 1974 1337 2029 nobis
1363 1988 1578 2043 quoque
1607 1972 1806 2043 aliquid
1849 1971 2084 2027 conferri

501 2069 636 2123 vult.
669 2070 851 2139 itaque
899 2067 1003 2124 hoc
1036 2068 1397 2134 conferamus,
1444 2074 1501 2120 ut
1544 2066 1777 2120 animam
1809 2066 2081 2120 viventem

500 2176 901 2217 conservemus.

574 2254 770 2307 Anima
793 2253 917 2317 vita,
947 2266 1079 2322 qua.
1106 2279 1179 2291 —-
1203 2249 1341 2318 Quid
1367 2259 1544 2304 autem
1575 2250 1766 2303 anima:
1794 2249 1896 2303 vita
1929 2248 2017 2314 sit,
2050 2262 2079 2302 a

500 2361 729 2417 corpore
774 2345 940 2401 disce.
985 2344 1193 2400 Etenim
1241 2359 1436 2412 corpus
1481 2352 1590 2397 tum
1639 2342 1854 2397 demqu
1905 2343 2081 2398 vivere

499 2438 697 2493 dicitur
724 2453 843 2493 cum
877 2450 1009 2491 sano
1039 2435 1268 2507 quodam
1297 2450 1483 2506 gressu
1511 2434 1706 2489 incedit
1731 2453 1743 2486 :
1767 2445 1820 2489 at
1850 2435 1935 2489 ubi
1966 2436 2079 2489 dis-

498 2531 730 2584 solutum
755 2530 917 2599 jacet,
946 2544 1008 2583 ac
1030 2518 1354 2598 praipostere
1382 2537 1645 2593 movetur,
1671 2528 1877 2582 etiamsi
1902 2527 2080 2582 vivere

499 2633 589 2676 aut
617 2623 891 2677 amlmlare
921 2622 1169 2676 videatur
1188 2663 1204 2687 ,
1252 2631 1428 2676 tamen
1459 2620 1646 2691 quavis
1672 2629 1842 2675 morte
1865 2619 2080 2689 gravior

498 2715 911 2785 est‘hujusmodi
938 2716 1070 2771 vita.
1101 2713 1305 2770 Eodem
1338 2713 1498 2768 modo
1525 2714 1568 2767 si
1593 2713 1723 2767 nihil
1749 2715 1863 2767 sani
1896 2714 2079 2782 loqua-

500 2815 608 2873 ‘tur,
639 2806 730 2859 sed
762 2821 967 2871 eorum,
1000 2808 1089 2875 qui
1121 2806 1315 2859 mentis
1345 2814 1541 2859 emotae
1569 2815 1720 2869 sunt,
1752 2804 1926 2857 verbis
1958 2813 2076 2856 uta-

499 2906 586 2953 tur
606 2940 620 2963 ,
662 2908 824 2968 atque
853 2896 954 2950 alia
987 2910 1083 2966 pro
1108 2897 1227 2950 aliis
1256 2905 1441 2951 cernat
1460 2936 1472 2956 ,
1506 2909 1692 2948 rursus
1725 2894 2079 2949 miserabilior

498 2999 582 3043 est
606 2987 695 3042 ille
716 3029 730 3052 ,
762 3002 919 3059 quam
951 2988 1166 3042 mortui.
1195 2985 1290 3042 Sic
1318 2987 1493 3041 anima
1523 3002 1735 3056 quoque
1755 3026 1768 3046 .
1800 3001 1919 3040 cum
1947 2984 2076 3039 nihil

499 3082 613 3136 sani
647 3081 825 3144 habet,
857 3079 1066 3136 etiamsi
1100 3079 1323 3133 viventis
1351 3078 1582 3148 speciem
1615 3076 1865 3147 praebeat,
1900 3086 2076 3131 tamen

499 3180 707 3227 mortua
736 3182 818 3228 est
841 3187 856 3224 :
879 3188 998 3225 cum
1031 3185 1220 3225 aurum
1256 3184 1359 3223 non
1391 3178 1445 3223 ut
1473 3183 1692 3233 aurum,
1725 3168 1819 3223 sed
1869 3175 1929 3223 ut
1965 3182 2078 3222 ma-

497 3276 661 3336 gnum
705 3262 903 3335 aliquid
933 3276 995 3318 ac
1023 3263 1316 3333 pretiosum
1355 3261 1562 3327 cernit;
1608 3276 1730 3315 cum
1770 3261 1939 3315 futura
1971 3274 2076 3313 non

498 3359 733 3430 cogitat,
776 3356 868 3412 sed
905 3357 1049 3411 lmmi
1097 3356 1301 3426 serpit;
1340 3366 1462 3411 cum
1496 3366 1591 3422 pro
1626 3353 1748 3406 aliis
1774 3352 1877 3407 alia
1924 3351 2072 3406 facit.

500 3448 653 3505 Unde
681 3448 827 3503 enim
858 3461 958 3502 nos
986 3447 1160 3500 anima
1205 3443 1454 3514 prmditos
1481 3458 1602 3498 esse
1628 3442 1871 3498 constat?
1899 3457 2076 3496 annon

497 3557 563 3597 ex
592 3540 935 3595 actionibus?
964 3538 1097 3594 Cum
1135 3538 1294 3607 igitur
1337 3537 1448 3592 suis
1478 3537 1591 3606 ipsa
1631 3536 1941 3591 muneribus
1969 3550 2076 3593 non

499 3634 735 3706 fungitur
754 3673 770 3700 ,
797 3647 977 3687 annon
1007 3641 1216 3685 mortua
1245 3630 1364 3686 est?
1394 3629 1550 3684 Verbi
1579 3630 1747 3700 gratia
1767 3670 1784 3695 ,
1811 3643 1930 3684 cum
1965 3628 2076 3684 vir-

496 3727 630 3784 tutis
654 3741 781 3782 cura
824 3739 929 3780 non
965 3732 1173 3779 tenetur
1196 3765 1212 3789 ,
1253 3722 1346 3778 sed
1375 3722 1513 3792 rapit
1541 3737 1603 3777 ac
1628 3721 1889 3793 ﬂagitiose
1908 3721 2075 3784 vivit,

498 3818 642 3874 unde
666 3832 856 3888 queam
884 3816 1068 3872 dicere
1093 3816 1325 3869 animam
1347 3813 1439 3869 tibi
1465 3813 1681 3869 inesse?
1705 3829 1771 3866 an
1794 3812 1934 3882 quod
1961 3826 2078 3865 am-

499 3908 703 3965 bules?
728 3907 797 3963 At
827 3908 927 3962 hoc
957 3907 1109 3962 bruta
1139 3905 1296 3961 etiam
1328 3906 1550 3959 habent.
1583 3906 1662 3958 An
1692 3904 1833 3973 quod
1859 3903 1987 3958 edas
2016 3917 2080 3958 ac

498 4000 689 4058 bibas?
729 4003 801 4056 Λί
843 4000 946 4055 hoc
987 3999 1218 4055 ferarum
1259 4013 1471 4070 quoque
1500 4006 1600 4052 est.
1634 4000 1714 4053 An
1745 3997 1886 4066 quod
1933 4006 2080 4052 recto

501 4108 730 4164 corpore
755 4092 847 4156 sis,
877 4106 941 4147 ac
966 4091 1174 4146 duobus
1203 4090 1428 4160 pedibus
1453 4090 1707 4144 insistas?
1730 4091 1797 4144 At
1822 4089 1924 4143 hoc
1950 4089 2079 4144 mihi

502 4185 679 4256 potius
723 4183 921 4239 iudieat
946 4192 998 4239 te
1028 4182 1259 4240 belluam
1307 4181 1538 4235 humana
1573 4179 1740 4234 forma
1774 4194 1913 4235 esse.
1949 4179 2079 4234 Nam

498 4292 623 4332 eum
647 4285 842 4332 caetera
865 4275 1053 4331 eadem
1077 4273 1170 4329 tibi
1191 4288 1313 4329 eum
1337 4273 1512 4329 bellua
1538 4275 1665 4337 sint,
1685 4272 1882 4326 erectio
1904 4283 2080 4327 autent

507 4383 613 4422 non
659 4368 785 4422 item
812 4408 827 4433 ,
862 4368 963 4422 hoc
994 4366 1111 4438 ipSo
1138 4364 1508 4421 vehementius
1537 4380 1624 4420 me
1654 4364 1836 4419 turbas
1863 4378 1927 4420 ac
1956 4379 2081 4435 per-

492 4460 794 4524 terrefaeis,
821 4459 1094 4529 magisque
1113 4466 1415 4529 portentum
1434 4457 1488 4512 id
1506 4471 1627 4513 esse
1650 4457 1917 4524 existimo,
1941 4457 2081 4527 quod

497 4564 684 4607 cerno.
729 4548 943 4605 Etenim
982 4548 1031 4605 si
1076 4547 1242 4602 feram
1278 4546 1519 4602 humana
1560 4548 1735 4619 lingua
1778 4547 2082 4617 loquentem

497 4654 778 4699 cernerem
803 4683 820 4709 ,
865 4654 971 4697 non
1014 4648 1298 4711 prepterea
1344 4638 1615 4694 hominem
1650 4654 1772 4695 esse
1800 4639 2033 4695 dicerem
2065 4657 2078 4694 :

502 4736 630 4804 quin
654 4734 761 4791 hoc
782 4735 902 4805 ipso
928 4734 1148 4790 nomine
1177 4733 1356 4805 potius
1381 4731 1571 4799 feram,
1595 4733 1704 4787 fera
1725 4730 2081 4802 protﬁgiosio-

503 4843 639 4881 rem.
671 4827 827 4883 Unde
853 4843 982 4897 ergo
1006 4826 1137 4882 mihi
1164 4827 1502 4896 exploratum
1530 4838 1651 4879 esse
1676 4832 1855 4895 queat,
1888 4823 2082 4879 huma-

431 4946 437 4959 ι
503 4930 629 4972 nam
654 4919 888 4973 animam
921 4918 1016 4973 tibi
1060 4919 1274 4986 inesse,
1305 4933 1428 4975 cum
1457 4925 1519 4973 ut
1557 4915 1691 4972 asini
1717 4915 1996 4983 calcitres,
2025 4926 2086 4972 ut

499 5007 692 5064 calueli
736 5021 943 5064 memor
980 5008 1056 5064 sis
1094 5010 1429 5078 iniuriarum,
1470 5017 1529 5064 ut
1572 5008 1681 5063 utsi
1726 5006 1999 5075 mordeas,
2029 5016 2086 5064 ut

503 5101 615 5174 lupi
644 5101 823 5172 rapias
843 5142 859 5169 ,
888 5109 949 5156 ut
976 5101 1162 5173 vulpes
1190 5100 1389 5157 fureris
1413 5142 1429 5167 ,
1459 5109 1517 5156 ut
1545 5111 1823 5173 serpentes
1849 5100 1998 5156 vafer
2023 5116 2085 5157 ac

502 5194 875 5251 fraudulentus
892 5194 989 5259 sis,
1010 5202 1069 5248 ut
1091 5192 1239 5248 canis
1260 5192 1600 5264 impudenter
1620 5202 1673 5248 te
1693 5207 1850 5263 geras
1869 5193 1894 5248 ’ἰ
1919 5192 2082 5255 unde,

502 5294 744 5363 inquam,
775 5295 828 5344 te
859 5287 1089 5344 humana
1120 5288 1296 5343 anima
1335 5284 1614 5358 prmditum
1643 5301 1763 5342 esse
1791 5285 2085 5356 intelligere

504 5380 739 5452 queam?
769 5378 943 5437 Vultis
969 5387 1233 5436 mortuam
1260 5393 1324 5434 ac
1350 5379 1619 5434 viventem
1645 5376 1878 5431 animam
1906 5382 2087 5429 osten-

486 5473 675 5529 rdam?
702 5472 781 5529 Ad
812 5480 1015 5543 priscos
1045 5473 1164 5527 illos
1192 5471 1337 5526 viros
1367 5482 1672 5525 sermonem
1699 5463 2041 5521 conferamus
2066 5503 2083 5529 ,

507 5581 591 5630 ac,
621 5565 666 5619 si
695 5563 889 5635 placet,
916 5567 1134 5620 divitem
1165 5565 1346 5633 illum,
1372 5564 1462 5634 qui
1490 5559 1677 5615 Lazari
1704 5568 1949 5626 tempore
1970 5561 2087 5609 erat

511 5657 664 5730 (lue.
698 5657 789 5728 ιϐ)
809 5699 822 5721 ,
856 5656 908 5711 in
940 5652 1173 5711 medium
1205 5652 1569 5727 proferamus;
1597 5656 1756 5718 atque
1782 5686 1797 5717 τ
1831 5643 2083 5716 quidnam

1282 211 1341 269 S.
1383 207 1669 269 ιοΑΝΝιε
1704 200 2176 261 (ιιιιιγδοετοιιι
2215 201 2531 260 ARCHIEP.
2568 202 3106 264 CONSTANTINOP.

3680 207 3786 263 41.0

2200 314 2412 372 tandem
2452 332 2598 373 mors
2633 319 2828 375 animae
2870 320 2978 387 sit,
3025 319 3405 391 intelligemus.
3442 320 3650 378 Etenim
3694 325 3785 378 ille

2204 416 2466 463 mortuam
2493 409 2726 465 animam
2748 409 2988 467 habebat
3011 428 3027 477 ;
3052 412 3211 482 idque
3232 428 3296 467 ex
3325 412 3390 467 iis
3410 429 3531 484 quae
3555 412 3782 471 faciebat

2196 495 2404 567 liquet:
2433 514 2621 555 eorum
2661 502 2811 559 enim
2854 518 3139 559 munerum
3164 544 3182 571 ,
3227 521 3347 575 qua:
3388 507 3581 560 anima:
3621 518 3777 572 sunt,

2196 590 2398 645 nullum
2425 593 2855 664 exsequebatur,
2899 597 2997 653 sed
3035 597 3208 652 solum
3236 596 3433 653 edebat
3460 613 3523 654 ac
3564 599 3781 656 bibebat

2196 696 2250 741 et
2278 685 2638 757 voluptatibus
2661 704 2877 760 operam
2905 690 3086 749 dabat.

2275 778 2317 832 l.
2353 777 2510 833 Tales
2540 796 2682 837 nunc
2718 782 2882 838 etiam
2924 793 3089 850 sunt,
3123 783 3213 855 qui
3253 783 3693 842 immisericordta
3721 799 3779 846 et

2193 867 2510 926 crudelitate
2545 870 2792 927 laborant
2825 889 2840 927 :
2870 884 3136 928 mortuam
3164 874 3306 930 enim
3337 874 3392 929 hi
3420 891 3633 947 quoque
3658 880 3773 932 ani-

2193 974 2334 1014 mam
2363 959 2584 1029 habent,
2615 973 2672 1018 ut
2698 974 2754 1020 et
2782 966 2895 1022 ille.
2925 965 3219 1027 Universus
3242 967 3387 1024 enim
3417 969 3462 1024 is
3487 970 3651 1036 calor,
3682 972 3772 1042 qui

2193 1047 2264 1105 ab
2283 1067 2468 1109 amore
2487 1070 2611 1125 erga
2637 1058 2936 1126 proximum
2964 1060 3495 1132 manat,absumptns
3519 1073 3619 1129 cst,
3636 1065 3771 1134 ipsa-

2192 1156 2299 1211 que
2326 1145 2497 1214 magis
2519 1162 2677 1216 quam
2700 1149 2946 1205 exanime
2967 1166 3161 1222 corpus
3187 1162 3398 1208 mortua
3423 1163 3524 1207 est.
3553 1156 3621 1209 At
3648 1172 3776 1224 pau-

2194 1249 2296 1306 per
2338 1252 2444 1293 non
2492 1238 2605 1306 ita;
2646 1242 2741 1296 sed
2779 1243 2834 1298 in
2872 1243 2985 1314 ipsa
3029 1245 3384 1317 philosophia:
3429 1262 3554 1303 arce
3599 1257 3768 1314 stans,

2191 1327 2437 1386 elucebat
2462 1350 2476 1386 :
2504 1340 2562 1389 et
2588 1336 2831 1404 quamvis
2869 1346 3127 1407 perpetua
3159 1338 3299 1394 fame
3326 1339 3765 1407 conﬂictaretur,

2190 1437 2255 1478 ac
2276 1439 2343 1480 ne
2364 1426 2699 1482 necessarius
2719 1428 2932 1499 quidem
2950 1431 3101 1486 cibus
3121 1431 3221 1501 ipsi
3245 1442 3574 1503 suppeteret,
3593 1444 3767 1490 tamen

2191 1532 2261 1573 ne
2285 1519 2364 1573 sic
2392 1520 2607 1591 quidem
2654 1522 2952 1593 blasphemi
2982 1526 3267 1596 quidquam
3313 1526 3573 1583 adversus
3604 1530 3766 1584 Deum

2190 1609 2442 1680 loquutus
2483 1620 2604 1677 est,
2637 1614 2730 1669 sed
2757 1616 2936 1670 omnia
2981 1632 3243 1687 generoso
3285 1621 3464 1674 animo
3492 1622 3628 1676 tulit.
3659 1623 3769 1678 lloe

2192 1715 2353 1770 porro
2379 1717 2484 1758 non
2515 1719 2736 1774 parvum
2762 1707 2955 1763 animae
2982 1724 3117 1779 opus
3144 1718 3247 1773 est,
3274 1706 3369 1766 sed
3396 1713 3686 1767 maximum
3712 1721 3768 1768 et

2188 1804 2475 1848 nervorum
2505 1804 2560 1849 et
2584 1796 2831 1852 sanitatis
2859 1810 3252 1870 argumentum.
3284 1801 3410 1856 Cum
3439 1811 3616 1857 autem
3649 1802 3765 1859 haec

2188 1879 2598 1951 desiderantur,
2633 1886 2803 1957 liquet
2848 1888 2970 1944 ideo
2998 1905 3058 1945 ea
3090 1891 3390 1955 interiisse,
3433 1892 3551 1962 quia
3583 1895 3761 1949 anima

2188 1980 2397 2027 mortua
2427 1975 2515 2029 sit.
2546 1978 2736 2032 Annon
2760 1990 3024 2035 mortuam
3046 1983 3279 2037 animam
3304 1984 3444 2036 illam
3468 1998 3589 2038 esse
3610 1984 3761 2040 dice-

2189 2078 2326 2127 mus,
2354 2080 2513 2133 quam
2537 2068 2739 2123 invadit
2759 2069 3023 2139 diabolus,
3049 2071 3270 2138 feriens,
3300 2073 3594 2141 Ianeinans,
3616 2090 3764 2129 mor-

2184 2155 2322 2213 deus
2346 2198 2361 2222 ,
2407 2158 2644 2216 calcibus
2693 2163 2957 2233 impetens
2982 2206 2998 2229 ,
3028 2180 3131 2221 nec
3171 2176 3346 2221 tamen
3385 2182 3445 2222 ea
3475 2167 3763 2238 quidquam

2186 2250 2376 2306 horum
2408 2254 2609 2321 sentit,
2638 2255 2732 2311 sed
2760 2268 2969 2313 mortua
2992 2258 3168 2328 jacet,
3201 2275 3330 2323 nec.
3362 2276 3482 2317 cum
3512 2263 3609 2331 ipsi
3636 2278 3765 2332 opes

2185 2358 2298 2399 suae
2326 2347 2633 2403 adimuntur
2655 2391 2671 2416 ,
2703 2347 2850 2404 dolet
2882 2368 2894 2404 :
2927 2367 3113 2407 verum
3145 2353 3233 2408 ille
3261 2353 3475 2422 quidem
3507 2355 3721 2409 insultat
3745 2397 3762 2419 ,

2186 2434 2300 2491 hmc
2325 2446 2499 2492 autem
2526 2440 2814 2495 immobilis
2838 2453 3038 2509 manet,
3061 2453 3116 2498 et
3141 2446 3307 2498 instar
3327 2446 3569 2513 corporis
3589 2447 3762 2500 anima

2184 2526 2356 2581 orbati
2384 2527 2531 2583 nullo
2558 2544 2718 2584 sensu
2748 2530 3015 2588 afﬁcitur?
3040 2531 3171 2587 Nam
3202 2548 3321 2588 eum
3352 2534 3445 2588 Dei
3475 2536 3635 2589 timor
3661 2551 3763 2591 una

2184 2634 2305 2673 cum
2352 2634 2480 2675 cura
2520 2636 2582 2673 ac
2624 2622 2893 2692 diligentia
2940 2641 3045 2678 non
3093 2624 3274 2689 adest.
3308 2625 3466 2679 talem
3499 2641 3618 2681 eam
3645 2641 3765 2681 esse

2186 2729 2407 2770 necesse
2432 2724 2548 2778 est,
2577 2731 2640 2770 ac
2668 2717 2893 2770 mortuis
2923 2716 3273 2771 miseriorem.
3315 2716 3497 2786 Neque
3538 2718 3678 2772 enim
3710 2718 3761 2771 in

2189 2807 2393 2860 saniem
2428 2816 2481 2860 et
2506 2809 2738 2861 cinerem
2767 2823 2829 2861 ac
2855 2808 3148 2878 pulverem,
3172 2809 3416 2878 corporis
3443 2808 3494 2863 in
3524 2810 3759 2871 modum.

2183 2897 2357 2949 anima
2381 2896 2651 2963 dilabitur,
2679 2897 2773 2952 sed
2799 2899 2850 2952 in
2876 2912 2960 2961 ea,
2987 2914 3104 2968 qua:
3129 2898 3213 2952 his
3238 2898 3502 2954 loetidiora
3532 2910 3674 2965 sunt,
3709 2900 3760 2953 in

2183 2988 2497 3043 ebrietatem
2519 3031 2533 3052 ,
2564 2989 2615 3043 in
2643 2991 2919 3043 avaritiam
2946 2990 3046 3054 ,λιι
3074 2990 3338 3047 absurdos
3363 3007 3575 3048 amores
3601 3002 3657 3048 et
3683 2993 3764 3047 in-

2186 3079 2532 3148 tempestivas
2556 3081 2896 3150 cupiditates.
2927 3080 3079 3147 Quod
3110 3083 3154 3136 si
3187 3083 3353 3154 ipsius
3380 3085 3621 3141 faetorem
3647 3101 3759 3140 cer-

2187 3172 2291 3225 tius
2322 3172 2513 3226 iutueri
2541 3173 2691 3243 cupis
2715 3214 2730 3237 ,
2771 3172 2839 3226 da
2867 3172 2995 3226 mihi
3028 3188 3214 3243 puram
3257 3176 3491 3231 animam
3516 3218 3531 3242 ,
3562 3191 3625 3230 ac
3652 3186 3760 3229 tum

2186 3263 2463 3334 perSpicuc
2484 3278 2675 3319 cernes
2695 3280 2853 3334 quam
2883 3262 3062 3318 futtida
3083 3264 3153 3319 sit
3174 3265 3343 3334 turpis
3360 3266 3444 3320 illa
3466 3276 3521 3321 et
3536 3266 3759 3336 impura.

2182 3354 2334 3409 Nunc
2360 3355 2500 3408 enim
2530 3354 2579 3408 id
2600 3355 2816 3410 minimc
2839 3356 3149 3425 pchpiccre
3170 3356 3403 3425 poteris;
3432 3373 3551 3412 nam
3573 3372 3763 3427 quam-

2182 3447 2273 3502 diu
2314 3446 2488 3503 fmtori
2519 3449 2719 3502 assueti
2748 3462 2932 3503 sumus
2955 3489 2970 3512 ,
3022 3447 3074 3502 id
3106 3464 3213 3503 non
3239 3449 3500 3504 sentimus
3527 3467 3541 3504 :
3564 3460 3618 3504 at
3639 3429 3775 3504 cum

2183 3542 2547 3612 spiritualibus
2590 3540 2929 3596 sermonibus
2969 3541 3197 3601 alimur,
3246 3550 3372 3595 tunc
3402 3541 3597 3595 malum
3628 3541 3760 3595 illml

2183 3633 2521 3703 agnoscimus
2541 3677 2556 3700 ,
2578 3632 2792 3687 etiamsi
2817 3632 3096 3701 permultis
3118 3628 3417 3686 indifferens
3437 3646 3557 3685 esse
3580 3631 3762 3686 videa-

2185 3733 2292 3780 tur.
2326 3727 2403 3780 Ae
2441 3724 2510 3780 de
2550 3724 2793 3795 gehenna
2844 3724 3079 3780 nondum
3128 3724 3344 3793 loquor;
3384 3722 3477 3777 sed
3520 3720 3564 3777 si
3615 3722 3765 3777 lubet

2185 3816 2464 3886 praesentia
2487 3814 2872 3887 expendamus,
2898 3830 2998 3870 nec
3021 3830 3140 3869 eum
3164 3814 3255 3885 qui
3277 3813 3443 3883 turpia
3465 3821 3761 3883 perpetrat,

2185 3907 2280 3964 sed
2323 3923 2444 3964 eum
2489 3907 2580 3975 qui
2625 3908 2795 3976 turpia
2842 3905 3110 3975 loquitur,
3140 3903 3573 3968 consideremus,
3602 3918 3761 3973 quam

2186 3998 2446 4054 ridiculus
2473 3999 2564 4065 sit,
2597 4012 2865 4068 quamque
2893 4012 3012 4052 sese
3042 3995 3272 4067 primum
3301 3994 3619 4049 contumelia
3650 3992 3765 4047 affi-

2185 4090 2310 4155 ciat,
2341 4098 2522 4159 atque,
2557 4098 2614 4143 ut
2639 4088 2726 4159 qui
2755 4102 2967 4143 omnum
2994 4085 3208 4156 aliquod
3234 4101 3298 4141 ex
3326 4101 3421 4140 ore
3449 4086 3660 4149 emittit,
3687 4084 3765 4137 sic

2186 4195 2247 4236 se
2285 4180 2397 4250 ipse
2426 4178 2773 4234 contaminet.
2803 4178 3016 4233 Etenim
3045 4178 3090 4232 si
3119 4176 3282 4231 lluxio
3310 4186 3478 4247 usque
3502 4176 3635 4229 adeo
3663 4175 3761 4227 im-

2189 4287 2319 4342 pura
2348 4281 2451 4336 est,
2478 4270 2671 4340 cogita,
2703 4283 2887 4339 quaeso
2905 4311 2922 4336 ,
2949 4267 3123 4339 qualis
3153 4265 3311 4336 hujus
3336 4266 3477 4321 omni
3502 4263 3766 4330 scaturigo

2188 4364 2257 4418 sit
2281 4381 2294 4417 :
2322 4361 2404 4418 Ea:
2424 4362 2737 4417 abundantia
2757 4363 2890 4416 enim
2914 4359 3085 4415 cordia
3111 4376 3166 4414 as
3190 4358 3415 4428 loquitur
3444 4355 3651 4428 (Matth.
3676 4354 3763 4410 i2.

2188 4455 2301 4525 δι).
2334 4454 2446 4524 Ego
2470 4470 2599 4508 vero
2642 4468 2746 4508 non
2792 4452 2894 4507 hoe
2938 4461 3140 4506 tantum
3186 4449 3405 4504 nomine
3451 4448 3638 4518 lugeo,
3670 4446 3768 4501 scd

2189 4544 2330 4614 quod
2357 4544 2496 4614 apud
2527 4544 2813 4599 nonnullos
2842 4559 2908 4598 ne
2932 4551 3084 4610 turpe
3104 4540 3317 4610 quidem
3341 4538 3479 4593 istud
3506 4538 3766 4593 videatur.

2189 4636 2323 4693 lline
2352 4636 2490 4690 mala
2520 4637 2698 4690 omnia
2728 4636 3114 4691 incrementum
3142 4632 3377 4701 capiunt,
3410 4645 3534 4684 cum
3561 4638 3616 4684 et
3642 4643 3769 4698 pec-

2189 4742 2395 4794 camus,
2426 4742 2526 4783 nec
2557 4736 2732 4781 tamen
2762 4739 2984 4796 peccare
3012 4721 3299 4793 nobisipsis
3327 4719 3593 4775 videmur.

2266 4817 2509 4874 Obscaena
2532 4815 2670 4887 loqui
2687 4825 2930 4887 quantum
2951 4813 3161 4869 malum.
3183 4843 3257 4857 -
3271 4812 3434 4867 Visne
3454 4811 3614 4881 igitur
3632 4810 3770 4865 scire

2190 4921 2447 4981 quantum
2477 4909 2674 4964 malum
2704 4908 2773 4962 sit
2803 4907 2979 4977 turpia
3010 4903 3198 4975 loqui?
3223 4901 3607 4958 Animadverte
3634 4916 3772 4971 quo-

2191 5001 2353 5059 modo
2379 5015 2474 5057 eos
2491 5042 2506 5067 ,
2536 5000 2628 5071 qui
2651 5007 2708 5054 te
2735 4997 2958 5052 audiunt
2979 5036 2995 5061 ,
3026 4992 3396 5051 obscaenitatis
3425 5000 3529 5047 tua:
3555 4992 3770 5061 pudeat.

2191 5094 2326 5163 Quid
2345 5096 2486 5148 enim
2515 5091 2690 5153 vilius,
2712 5087 2837 5159 quid
2859 5086 3220 5157 contemptius
3249 5083 3465 5139 homine
3493 5081 3665 5152 turpia
3696 5081 3774 5133 lo.

2191 5184 2423 5255 quente?
2448 5181 2580 5237 Nam
2608 5180 2696 5251 qui
2726 5178 2862 5234 tales
2889 5184 3052 5244 sunt,
3082 5176 3135 5231 in
3165 5175 3486 5230 histrionum
3507 5172 3733 5227 classem
3752 5211 3771 5235 ,

2191 5285 2352 5344 atque
2380 5274 2431 5326 in
2462 5272 2761 5341 prostitutae
2790 5267 3059 5338 pudicitiae
3083 5265 3367 5322 mulierum
3388 5262 3634 5318 ordinem
3648 5273 3775 5313 sese

2193 5364 2519 5423 eoutrudunt
2538 5381 2552 5418 :
2574 5364 2683 5419 imo
2703 5362 2865 5418 etiam
2887 5361 3008 5431 plus
3028 5361 3157 5425 illis,
3181 5374 3340 5430 quam
3365 5355 3535 5420 vobis,
3557 5351 3778 5423 pudoris

2194 5458 2352 5514 inest.
2380 5455 2621 5523 Quonam
2665 5462 2842 5508 autem
2884 5452 3046 5506 modo
3091 5463 3314 5504 uxorem
3358 5444 3425 5501 ad
3466 5439 3776 5514 pudicitiam

2195 5551 2408 5607 erudire
2432 5563 2620 5620 queas,
2642 5562 2763 5603 cum
2789 5562 2883 5617 per
2909 5542 3214 5616 hujusmodi
3236 5540 3397 5597 verba
3416 5553 3533 5593 eam
3558 5535 3625 5588 ad
3655 5533 3783 5587 libi-

2194 5646 2372 5701 dinem
2413 5640 2698 5698 instituas?
2728 5636 2953 5696 Praestat
2998 5634 3203 5691 saniem
3242 5646 3310 5690 ex
3350 5643 3446 5687 ore
3491 5625 3776 5690 emittere,
