4098 6222
531 168 635 226 ιεο

527 285 739 353 ἐκείνην
769 282 826 336 δέ
871 283 1038 355 χωρὶς
1072 280 1387 350 Πνεύματος
1416 282 1695 350 παρεῖχονι
1720 281 1771 331 οί
1803 277 2098 349 προφῆται.

506 375 596 427 σού
629 373 789 427 τοῦτο
815 374 871 427 δέ
903 377 1018 427 ἐστι
1050 374 1209 444 μόνον
1237 372 1298 425 τὸ
1331 370 1663 441 θαυμαστὸν,
1698 373 1778 425 ὅτι
1826 369 2098 434 ζωοποιεῖ,

504 465 636 519 .ἀλλ’
663 465 745 518 ὅτι
788 465 883 519 καὶ
924 465 1128 535 ἑτέροις
1171 464 1328 517 τοῦτο
1370 462 1611 532 παρέσχε
1640 464 1832 517 ποιεῖν.
1880 459 2102 515 Λάϐετε

528 557 650 624 γὰρ,
687 554 844 625 φησι,
873 554 1110 622 Πνεῦμα
1137 554 1325 622 ἅγιον.
1355 555 1450 608 Διά
1480 554 1564 615 τίς
1594 555 1762 625 χωρὶς
1785 552 2098 621 Πνεύματος

520 645 628 712 γὰρ
665 645 767 698 οὐκ
816 645 981 712 ἐνῆν;
1031 645 1190 699 ’Λλλά
1217 645 1427 708 δεικνὺς
1465 645 1494 697 ὁ
1525 644 1679 709 Θεὸς,
1704 645 1786 697 ὅτι
1818 642 1974 696 τοῦτο
1999 644 2099 712 τῆς

522 732 770 796 ἐξουσίας
807 734 923 786 ἐστὶ
951 734 1050 803 τῆς
1077 735 1360 798 ἀνωτάτω,
1391 734 1484 787 καὶ
1514 734 1614 804 τῆς
1650 733 1837 796 οὐσίας
1868 732 1968 802 τῆς
1998 732 2095 801 βα-

522 824 734 893 σιλικῆς
770 825 986 895 ἐκείνης
1015 827 1110 879 καὶ
1134 827 1233 897 τὴν
1263 826 1432 897 αὐτὴν
1463 825 1575 896 ἔχει
1609 826 1781 894 ίσχῦν,
1815 824 1911 877 καὶ
1939 823 2097 876 τοῦτό

520 931 652 983 φησι
668 930 683 944 ’
704 914 784 967 διὸ
809 916 904 969 καὶ
929 916 1145 984 ἐπάγει,
1172 910 1286 971 Ὧν
1306 916 1415 969 ἐὰν
1436 915 1628 985 ἀφῆτε
1658 916 1765 982 τὰς
1784 916 2091 984 ἁμαρτίας,

519 1002 830 1071 ἀφέωνται,
853 1005 952 1058 καί
970 999 1058 1058 ὧν
1074 1006 1181 1060 ἐὰν
1197 1006 1470 1074 κρατῆτε,
1493 1004 1905 1074 κεκράτηνται.
1941 1005 2094 1058 Ἐπεὶ

518 1090 611 1147 οὖν
662 1095 1024 1167 ἐζωοποίησεν
1075 1098 1244 1167 ἡμᾶς,
1301 1098 1548 1168 μένωμεν
1598 1096 1820 1161 ζῶντες,
1874 1096 1968 1149 καὶ
2016 1097 2090 1169 μὴ

517 1185 681 1239 πάλιν
712 1186 808 1239 ἐπὶ
840 1187 938 1256 τὴν
969 1189 1241 1259 προτέραν
1294 1188 1603 1258 ἐπανίωμεν
1639 1187 1939 1257 νεκρότητα
1962 1203 1977 1217 '
2026 1187 2089 1240 '0

517 1274 773 1341 Χριστὸς
795 1276 905 1345 γὰρ
941 1276 1138 1330 οὐκέτι
1166 1277 1557 1343 ἀποθνήσκει.
1601 1277 1666 1329 Ὃ
1694 1275 1799 1346 γὰρ
1828 1275 2087 1339 ἀπέθανε,

515 1366 582 1432 τῇ
616 1364 858 1435 ἁμαρτίᾳ
904 1364 1173 1418 ἀπέθανεν
1216 1363 1466 1434 ἐφάπαξ·
1500 1363 1593 1423 καὶ
1619 1364 1681 1416 οὺ
1724 1361 1967 1434 βούλεται
2001 1364 2089 1417 ἀεὶ

516 1455 696 1524 χάριτι
744 1458 892 1525 ἡμᾶς
943 1456 1230 1522 σώζεσθαι,
1288 1457 1411 1511 ἐπεὶ
1452 1457 1599 1509 κενοὶ
1658 1455 1875 1509 πάντων
1924 1456 2088 1524 ἡμεῖς

513 1544 775 1615 ἐσόμεθα⁶
804 1547 884 1599 διὸ
911 1549 1004 1600 καὶ
1025 1551 1153 1618 παρ’
1175 1547 1331 1619 ἡμῶν
1359 1545 1707 1618 είσφέρεσθαί
1731 1564 1783 1599 τι
1814 1546 2081 1617 βούλεται.

514 1636 927 1707 Εἰσενέγκωμεν
962 1638 1159 1706 τοίνυν,
1216 1640 1309 1692 καὶ
1358 1639 1455 1710 τὴν
1481 1640 1658 1712 ψυχὴν
1685 1640 1863 1705 ζῶσαν
1900 1640 2083 1709 διατη-

514 1727 717 1796 ρῶμεν.

581 1837 647 1891 Τί
672 1838 730 1891 δέ
756 1840 871 1892 ἐστι
896 1840 1072 1912 ψυχῆς
1119 1843 1251 1913 ζωὴ,
1287 1846 1395 1900 ἀπὸ
1421 1846 1513 1901 τοῦ
1536 1847 1788 1919 σώματος
1819 1850 2078 1919 μάνθανε.

509 1926 620 1977 Καὶ
655 1928 763 1996 γὰρ
807 1929 868 1981 τὸ
918 1930 1078 2001 σῶμα
1119 1933 1241 1986 τότε
1278 1936 1508 2006 λέγομεν
1560 1937 1678 2009 ζῇν,
1720 1939 1850 1995 ὅταν
1889 1939 2080 2013 βαδίζῃ

509 2017 639 2086 ὑγιῆ
676 2035 797 2073 τινα
830 2021 1069 2091 βάδισινο
1103 2025 1231 2078 ὅταν
1264 2026 1320 2080 δὲ
1354 2030 1686 2099 κατακέηται
1714 2030 1863 2103 [477]
1899 2031 2080 2085 διαλυ-

510 2109 621 2173 θέν,
656 2112 749 2164 καὶ
784 2114 934 2182 παρὰ
959 2114 1112 2179 τάξιν
1141 2117 1379 2185 κινῆται,
1415 2120 1519 2173 κᾶν
1548 2121 1677 2191 δοκῇ
1713 2121 1811 2192 ζῇν
1844 2120 1877 2191 ἢ
1928 2120 2076 2191 βαδί-

510 2199 646 2263 ζειν,
680 2202 877 2264 παντδς
914 2203 1143 2259 Θανάτου
1197 2207 1550 2281 χαλεπωτέρα
1589 2213 1622 2282 ἠ
1668 2212 1890 2283 τοιαύτη
1937 2212 2072 2285 ζωή.

508 2289 628 2342 Κάν
658 2288 953 2361 φθέγγηται
983 2296 1150 2365 μηδὲν
1183 2298 1352 2366 ὑγιὲς,
1398 2301 1533 2355 ἀλλά
1557 2303 1663 2356 τῶν
1700 2304 2075 2375 παραπλήγων

504 2377 747 2447 ῥήματα,
798 2381 892 2434 καὶ
934 2383 1098 2455 ἔτερα
1126 2384 1244 2438 ἀνθ’
1295 2388 1497 2459 ἑτέρων
1542 2389 1737 2465 βλέπῃ,
1770 2393 1931 2447 πάλιν
1963 2394 2072 2448 τῶν

500 2466 963 2537 τετελευτηκότων
992 2472 1344 2547 ἐλεεινότερος
1374 2480 1403 2531 ό
1432 2480 1688 2545 τοιοῦτος.
1735 2482 1890 2537 Οὕτω
1916 2484 2009 2537 καὶ
2037 2486 2070 2554 ἠ

499 2554 665 2627 ψυχὴ,
707 2559 836 2613 ὅταν
888 2561 1053 2632 μηδὲν
1099 2565 1252 2634 ὑγιὲς
1281 2569 1399 2641 ἔχῃ,
1428 2572 1531 2626 κᾶν
1561 2572 1689 2647 δοκῇ
1717 2574 1838 2646 ζῇν,
1882 2576 2074 2649 τέθνη-

500 2665 625 2702 κενο
667 2651 797 2704 ὅταν
848 2653 909 2706 τὸ
942 2656 1163 2727 χρυσίον
1212 2660 1284 2730 μὴ
1338 2661 1508 2736 βλέπῃ
1553 2665 1628 2729 ὡς
1665 2667 1908 2737 χρυσίον,
1952 2671 2067 2725 ἀλλ’

498 2738 572 2801 ὡς
604 2740 745 2809 μέγα
786 2759 840 2795 τι
871 2746 965 2797 καὶ
1009 2747 1206 2818 τίμιον,
1239 2751 1369 2805 ὅταν
1400 2754 1465 2806 τὰ
1496 2755 1755 2825 μέλλοντα
1786 2760 1861 2831 μὴ
1889 2762 2064 2834 ἑννοῇν

499 2831 633 2885 ἀλλά
655 2834 829 2904 χαμαὶ
853 2835 1104 2909 σύρηται,
1130 2840 1257 2895 ὅταν
1277 2842 1396 2897 ἀνθ’
1417 2845 1617 2917 ἐτέρων
1638 2848 1799 2919 ἔτερα
1830 2831 2061 2925 πραττῃ.

498 2922 667 2976 Πόθεν
713 2924 823 2997 γάρ
871 2927 1029 2998 δῆλον
1077 2931 1159 2984 ὃτι
1189 2931 1367 3004 ψυχὴν
1418 2935 1644 3008 ἔχομενς
1682 2940 1782 2993 οὐκ
1822 2942 1932 2995 ἀπὸ
1956 2922 2064 2997 τῶν

495 3011 818 3081 ἐνεργειῶν;
854 3016 1021 3070 Ὅταν
1061 3015 1152 3073 οὖν
1188 3021 1252 3074 τὰ
1285 3023 1455 3094 αὐτῆς
1481 3026 1552 3096 μὴ
1582 3028 1800 3101 ἐνεργῇ,
1828 3031 1947 3102 οὐχὶ
1973 3034 2062 3087 τέο

496 3101 723 3171 θνηκενς
754 3102 897 3170 Οἷον,
932 3108 1059 3161 ὅταν
1094 3110 1168 3181 μὴ
1196 3114 1517 3186 ἐπιμελῆται
1549 3118 1774 3190 ἀρετῆς,
1803 3121 1938 3177 ἀλλά
1964 3125 2064 3193 ἀρ-

498 3193 646 3267 πάζῃ
674 3196 769 3249 καὶ
799 3204 1110 3271 παρανομῇ,
1143 3203 1305 3257 πόθεν
1330 3204 1562 3278 δύναμαι
1588 3212 1761 3264 εἰπεῖν
1778 3213 1860 3266 ὅτι
1884 3213 2062 3287 ψυχὴν

496 3284 675 3354 ﬁxam;
709 3289 791 3342 ὅτι
840 3290 1107 3359 βαδίζειςς
1162 3296 1319 3351 Ἀλλά
1357 3298 1515 3355 τοῦτο
1550 3303 1780 3358 καὶτῶν
1824 3284 2055 3376 ἀλόγων.

510 3377 646 3429 Ἀλλ’
683 3380 764 3433 ὅτι
808 3381 1007 3448 ἐσθίεις
1036 3387 1129 3439 καὶ
1182 3388 1390 3457 πίνεις;
1439 3392 1599 3448 Ἀλλά
1640 3396 1796 3452 τοῦτο
1820 3399 1913 3452 καὶ
1950 3402 2058 3454 τῶν

497 3466 717 3538 θηρίων.
762 3472 899 3526 Ἀλλ’
920 3475 1000 3527 ὅτι
1023 3476 1179 3547 ὀρθὸς
1204 3479 1439 3551 ἕστηκας
1464 3483 1559 3537 ἐπὶ
1585 3485 1679 3539 δύο
1704 3488 1863 3555 ποσί;
1889 3490 2059 3546 Τοῦτό

495 3575 585 3627 μοι
620 3561 818 3630 μᾶλλον
849 3564 1245 3657 δείκνυσινκὸτι
1274 3570 1460 3643 θηρίον
1488 3570 1543 3627 εἶ
1568 3575 2053 3651 ἀνθρωπόμορφον.

495 3651 659 3706 Ὅταν
691 3656 790 3725 μὲν
821 3658 929 3728 γάρ
958 3660 1026 3712 τά
1058 3651 1191 3715 ἄλλα
1231 3663 1360 3738 ἔχῃς
1385 3667 1615 3733 ἐκείνου,
1641 3670 1741 3738 τὴν
1782 3671 1838 3725 δέ
1869 3672 2054 3727 διανά-

491 3761 674 3800 στασιν
726 3750 942 3820 μηκέτι,
993 3753 1192 3821 μᾶλλόν
1228 3774 1297 3826 με
1332 3760 1618 3831 ταράττεις
1666 3763 1761 3816 καὶ
1801 3765 2055 3837 ἐκδειμα-

487 3838 618 3902 τοῖς,
649 3841 742 3892 καὶ
778 3840 976 3910 μᾶλλον
1007 3845 1172 3918 τέρας
1218 3844 1358 3903 εἶναι
1388 3852 1593 3920 νομίζω
1618 3855 1680 3907 τὸ
1708 3856 2050 3927 φαινόμενον.

492 3927 598 3979 Καὶ
637 3930 746 4000 γὰρ
766 3933 813 3984 εἰ
846 3932 1032 4004 θηρίον
1077 3932 1213 3991 εἶδον
1244 3940 1557 4014 ἀνθρωπίνῃ
1585 3943 1955 4017 φθεγγόμενον
1983 3951 2050 4019 τῇ

488 4022 661 4089 φωνῇ,
693 4023 792 4075 οὐκ
818 4023 885 4076 ἀν
914 4024 980 4078 δι’
1009 4026 1142 4079 αὐτὸ
1168 4028 1327 4083 τοῦτο
1355 4030 1491 4101 ἔφην
1522 4034 1806 4106 ἄνθρωπον
1838 4034 1978 4094 εἶναι
2000 4052 2050 4103 ³,

489 4107 624 4161 ἀλλά
651 4110 716 4163 δι’
745 4115 872 4167 αὐτὸ
896 4117 995 4185 μὲν
1024 4114 1117 4171 οὖν
1140 4118 1297 4173 τοῦτο
1328 4122 1514 4194 θηρίον
1538 4124 1724 4196 θηρίου
1757 4129 2055 4200 τερατωδέ-

490 4213 699 4267 στερον.
724 4202 892 4268 Πόθεν
913 4201 1004 4259 οὖν
1029 4207 1325 4279 δυνήσομαι
1358 4212 1569 4280 μαθεῖν,
1602 4215 1682 4269 ὅτι
1709 4216 1883 4290 ψυχὴν
1907 4219 2051 4291 ἔχεις

483 4293 793 4363 ἀνθρώπου,
823 4298 951 4351 ὅταν
992 4299 1249 4373 λακτίζῃς
1280 4303 1354 4367 ὡς
1395 4306 1444 4357 οί
1469 4305 1600 4369 ὄνοι,
1627 4308 1754 4362 ὅταν
1784 4328 2051 4382 μνησικα-

482 4385 585 4454 κῇς
610 4384 686 4449 ὡς
714 4388 771 4441 αί
809 4390 1067 4458 κάμηλοι,
1096 4391 1224 4445 ὅταν
1260 4393 1461 4468 δάκνῃς
1492 4398 1569 4460 ὠς
1599 4399 1655 4452 αί
1680 4398 1890 4470 ἀρκτοι,
1919 4404 2049 4457 ὅταν

480 4475 731 4548 ἁρπάζῃς
750 4479 826 4542 ὡς
860 4483 907 4534 οἱ
938 4480 1109 4547 λύκοι,
1138 4484 1265 4539 ὅταν
1301 4486 1532 4561 κλέπτῃς
1557 4488 1633 4553 ὡς
1659 4491 1716 4544 αί
1746 4491 2047 4559 ἀλώπεκες,

480 4566 606 4619 ὅταν
650 4568 864 4637 δολερὸς
892 4569 959 4644 ᾗς
985 4573 1061 4638 ὡς
1085 4575 1133 4628 οί
1153 4575 1323 4645 ὄφεις,
1362 4578 1491 4633 ὅταν
1518 4581 1881 4657 ἀναισχυντῇ
1913 4586 1989 4649 ὼς
2020 4588 2049 4640 ό

481 4654 655 4722 κύων;
690 4659 853 4713 πόθεν
887 4662 1186 4734 δυνήσομαι
1232 4667 1420 4736 μαθεῖν
1457 4669 1540 4724 ὅτι
1570 4671 1748 4743 ψυχὴν
1777 4654 1922 4746 ἔχεις
1946 4678 2046 4731 ἀν-

483 4745 734 4815 θρώπους
778 4751 1039 4807 Βούλεσθε
1071 4755 1230 4823 δείξω
1272 4758 1471 4830 νεκράν
1494 4760 1673 4832 ψυχὴν
1702 4764 1796 4817 καὶ
1825 4764 2044 4831 Camn;

484 4838 741 4911 Ἄγωμεν
784 4842 877 4896 τὸν
918 4844 1073 4913 λόγον
1103 4848 1264 4901 πάλιν
1292 4851 1386 4904 ἐπὶ
1413 4853 1535 4916 τοὺς
1564 4854 1821 4925 ἀρχαίους
1852 4857 2049 4930 ἄνδρας

480 4928 741 4993 ἐκείνους,
787 4934 901 4997 καὶ,
945 4937 995 4988 εί
1040 4936 1204 5004 δοκεῖ,
1235 4940 1325 4992 τὸν
1372 4941 1624 4996 πλούσιον
1651 4945 1729 5006 είς
1762 4946 1924 5013 μέσον
1947 4964 2037 4999 κα-

478 5018 771 5090 ταθώμεθα
818 5024 912 5078 τὸν
962 5028 1052 5080 ἐπὶ
1100 5028 1193 5082 τοῦ
1250 5031 1523 5104 Λαζάρου,
1577 5034 1670 5088 καὶ
1706 5035 1960 5107 εἰσόμεθα
1991 5037 2045 5090 τί

479 5110 610 5199 ¹ιιίοτέ
650 5113 767 5165 ἐστι
791 5114 971 5186 ψυχῆς
1013 5118 1301 5190 νέκρωσις.
1336 5124 1444 5178 Καὶ
1477 5126 1583 5195 γὰρ
1614 5125 1819 5190 ἐκεῖνος
1845 5129 2043 5199 νεκρὰν

475 5190 587 5269 εἶχε
628 5200 829 5274 ψυχὴν,
884 5208 975 5259 καὶ
1003 5208 1161 5277 δῆλον
1197 5212 1290 5281 ἀφ’
1319 5208 1393 5269 ὧν
1426 5190 1628 5271 ἐποίει·
1664 5218 1770 5271 τῶν
1804 5220 1902 5289 μὲν
1935 5190 2044 5293 γὰρ

474 5464 889 5581 ηῆἰυέἕῖὦξῧτο
932 5474 1045 5537 ἔφην
1082 5477 1324 5542 ἄνθρωπον
1348 5483 1481 5548 εῖναι,
1508 5491 1606 5540 etc.
1631 5489 1841 5545 deerant
1861 5491 1911 5546 in
1935 5495 2039 5548 Mo-

1570 163 1635 217 IN
1678 161 1893 217 EPIST.
1936 163 1976 216 Π
2021 160 2108 214 AD
2149 158 2306 215 C0“.
2352 162 2582 217 HOMIL.
2629 164 2715 220 Vl.

3648 175 3760 229 HO

2203 276 2381 348 ψυχῆς
2418 278 2599 348 ἔργων
2620 280 2769 333 οὐδὲν
2797 278 3084 352 ἔπραττεν,
3116 281 3270 353 ἤσθιε
3302 284 3356 338 δέ
3384 287 3474 340 καὶ
3502 287 3650 344 ἔπινε
3683 293 3783 347 καὶ

2203 366 2413 437 ἐτρύφα
2437 368 2616 438 μόνον.

2266 457 2329 511 δ’.
2360 456 2603 511 Τοιοῦτοί
2631 459 2737 511 εἰσι
2764 458 2857 511 καὶ
2886 458 2983 513 νῦν
3003 461 3054 512 οί
3084 461 3446 535 ἀνελεήμονες
3473 468 3565 519 καὶ
3597 469 3740 538 ὠμοί
3759 489 3773 503 ·

2198 546 2397 617 νεκρὰν
2422 547 2530 618 γάρ
2559 548 2742 619 έχουσι
2780 550 2876 603 καὶ
2902 545 3047 604 οὗτοι
3076 551 3276 624 ψυχὴν,
3315 553 3503 628 ὥσπερ
3547 559 3772 622 ἐκεῖνος.

2198 636 2271 688 Τὸ
2295 635 2405 707 γὰρ
2426 636 2626 708 θερμὸν
2647 639 2818 710 αὐτῆς
2840 640 2986 695 ἅπαν
3014 641 3075 694 τὸ
3098 643 3204 697 ἀπὸ
3232 648 3331 715 τῆς
3360 648 3539 716 φιλίας
3569 651 3667 719 τῆς
3694 654 3774 714 εὶς

2194 725 2286 779 τὸν
2320 728 2545 797 πλησίον
2587 729 2880 799 ἀνήλωται,
2936 732 3031 785 καὶ
3079 732 3225 786 ἐστιν
3272 735 3481 806 ἀψύχου
3520 739 3774 807 σώματος

2193 819 2507 890 νεκροτέρα.
2550 820 2608 873 '0
2631 819 2687 874 δὲ
2714 821 2880 892 πένης
2899 824 2961 876 οὐ
2988 824 3251 891 τοιοῦτος,
3286 826 3404 880 ἀλλ’
3431 830 3488 882 ἐν
3514 831 3664 902 αὐτῷ
3692 833 3771 899 τῷ

2193 911 2347 981 ἄκρῳ
2371 912 2470 982 τῆς
2499 911 2814 982 φιλοσοφίας
2837 915 3008 978 ἐστὼς
3031 917 3293 988 διέλαμπε
3314 936 3330 953 ο
3357 922 3453 974 καὶ
3484 922 3628 994 λιμῷ
3662 943 3770 978 πα-

2191 1000 2355 1053 λαίων
2405 1002 2663 1072 διηνεκεῖ,
2706 1004 2804 1058 καὶ
2846 1005 2968 1058 οὐδὲ
3018 1006 3119 1074 τῆς
3168 1010 3473 1075 ἀναγκαίας
3522 1013 3772 1082 εὐπορῶν

2188 1093 2414 1162 τροφῆς,
2440 1093 2559 1145 οὐδὲ
2594 1093 2765 1157 οὕτως
2798 1092 2919 1149 εἷπέ
2953 1114 3005 1151 τι
3043 1097 3358 1169 βλάσφημον
3384 1104 3463 1164 εἰς
3492 1101 3582 1155 τὸν
3612 1103 3767 1169 Θεὸν,

2188 1184 2300 1236 ἀλλ’
2331 1184 2523 1255 ἔφερεν
2561 1184 2776 1239 ἃπαντα
2821 1189 3101 1253 γενναίως.
3156 1192 3229 1245 Οὐ
3284 1194 3478 1263 μικρὸν
3504 1194 3560 1248 δὲ
3611 1195 3768 1250 τοῦτο

2185 1273 2361 1345 ψυχῆς
2406 1275 2587 1344 ἔργον,
2624 1277 2760 1330 ἀλλά
2787 1277 2878 1337 κιρ
2914 1281 3013 1349 τῆς
3040 1281 3279 1346 εὐτονίας
3321 1283 3414 1338 καὶ
3444 1284 3544 1352 τῆς
3578 1287 3768 1353 ὑγείας

2184 1367 2483 1436 τεκμήριον
2529 1365 2804 1436 μέγιστον.
2850 1366 3018 1421 Ὅταν
3065 1369 3120 1422 δὲ
3164 1372 3336 1424 ταῦτα
3389 1373 3462 1442 μὴ
3496 1370 3552 1447 ᾗ,
3605 1375 3766 1445 δῆλον

2183 1455 2265 1508 ὅτι
2298 1456 2446 1527 παρά
2482 1456 2542 1509 τὸ
2590 1457 2958 1528 νενεκρῶσθαι
3011 1459 3310 1514 ἀπόλωλεν.
3347 1462 3418 1515 Ἦ
3468 1466 3530 1517 οὐ
3566 1467 3764 1537 νεκρὰν

2183 1547 2393 1617 ἐκείνην
2431 1542 2568 1601 εἶναι
2593 1551 2861 1621 φήσομεν,
2892 1552 3016 1605 εἰπέ
3043 1568 3153 1621 μοι,
3257 1552 3433 1607 ἔπεισι
3469 1556 3568 1624 μὲν
3592 1558 3621 1609 ό
3646 1556 3763 1609 διά-

2182 1638 2335 1701 ϐόλος
2363 1639 2632 1709 πλήττων,
2659 1641 2883 1706 κεντῶν,
2914 1642 3147 1707 δάκνων,
3178 1640 3471 1709 λακτίζων,
3500 1647 3756 1701 αἰσθάνε-

2180 1745 2270 1779 ται
2300 1728 2354 1780 δέ
2389 1728 2569 1797 ἐκείνη
2608 1729 2818 1792 οὐδενὸς
2851 1730 3001 1802 [478]
3037 1734 3262 1796 τούτων,
3285 1733 3424 1786 ἀλλά
3456 1738 3631 1789 κεῖται
3661 1754 3752 1790 νε·-

2178 1819 2520 1887 νεκρωμένη,
2555 1819 2770 1888 καὶτῆς
2806 1820 3122 1890 περιουσίας
3146 1822 3316 1892 αὐτῆς
3346 1824 3755 1897 ἀφαιρουμένης

2176 1910 2276 1961 οὐκ
2305 1908 2478 1976 ἀλγεῖ,
2505 1908 2619 1961 ἀλλ’
2640 1909 2931 1979 ὲφάλλεται
2961 1911 3061 1980 μὲν
3093 1913 3316 1975 ἐκεῖνος,
3353 1915 3504 1982 μένει
3531 1916 3586 1970 δὲ
3619 1916 3751 1990 αὕτη

2175 2000 2446 2071 ἀκίνητος,
2487 1999 2675 2072 ὥσπερ
2721 2000 2880 2072 σῶμα
2906 2002 3088 2073 ψυχῆς
3123 2004 3485 2078 ἀπελθούσης,
3519 2010 3637 2063 οὐδὲ
3668 2015 3756 2065 αξη

2177 2092 2509 2164 σθανομένη;
2547 2093 2718 2146 Ὅταν
2770 2094 2880 2165 γὰρ
2920 2097 2946 2148 ό
2974 2095 3068 2148 τοῦ
3096 2095 3231 2151 Θεοῦ
3286 2099 3451 2168 φόόος
3484 2101 3557 2172 μὴ
3601 2107 3752 2174 παρῇ

2176 2183 2313 2253 μετὰ
2353 2185 2657 2254 ἀκριϐείας,
2692 2186 2946 2255 τοιαύτην
2986 2187 3157 2262 αὐτὴν
3201 2184 3340 2245 εἶναι
3386 2192 3622 2263 ἀνάγκη,
3659 2197 3755 2248 καὶ

2172 2275 2382 2346 νεκρῶν
2418 2276 2755 2349 ἀθλιωτέραν
2819 2280 2955 2334 (ὶύδέ
3006 2282 3114 2353 γὰρ
3142 2284 3223 2347 είς
3270 2284 3441 2355 ίχῶρα
3473 2285 3752 2341 διαλύεται

2172 2371 2265 2424 καὶ
2298 2370 2503 2441 τέφραν
2544 2371 2638 2424 καὶ
2667 2372 2814 2426 κόνιν
2859 2375 2890 2444 ἡ
2940 2374 3106 2445 ψυχὴ,
3155 2376 3408 2449 καθάπερ
3454 2377 3517 2432 τὸ
3565 2379 3749 2450 σῶμα.

2168 2462 2284 2515 ἀλλ’
2338 2464 2416 2525 εἰς
2453 2461 2521 2515 τά
2568 2462 2776 2517 τούτων
2832 2464 3225 2539 δυσωδέστερα,
3282 2469 3365 2532 είς
3421 2469 3595 2540 μέθην
3655 2472 3752 2526 καὶ¹

2169 2553 2336 2623 θυμὸν
2361 2555 2453 2607 καὶ
2485 2553 2816 2620 πλεονεξίαν,
2848 2556 2928 2619 είς
2953 2557 3190 2623 ἀτόπους
3218 2558 3427 2631 ἔρωτας
3459 2562 3553 2615 καὶ
3588 2563 3748 2617 ἀκαί-

2168 2663 2295 2716 ρους
2341 2645 2656 2718 ἐπιθυμίας.
2702 2648 2767 2701 El
2815 2648 2871 2701 δέ
2909 2649 3089 2720 βούλει
3134 2652 3304 2723 αὐτῆς
3347 2654 3743 2727 ἀκριϐέστερον

2167 2737 2296 2790 ίδεῖν
2323 2737 2382 2790 τὸ
2417 2737 2676 2802 δυσῶδες.
2722 2736 2810 2802 δός
2840 2757 2931 2810 μοι
2972 2741 3150 2813 ψυχὴν
3192 2745 3461 2816 καθαρὰν,
3502 2747 3596 2799 καὶ
3624 2749 3775 2802 τότε.

2162 2826 2281 2895 ὄψει
2332 2829 2518 2897 σαφῶς
2568 2829 2686 2892 πῶς
2735 2831 2852 2883 ἐστι
2890 2831 3133 2905 δυσώδης
3182 2837 3216 2906 ἡ
3246 2837 3450 2908 αἰσχρὰ
3481 2838 3617 2910 αὓτη
3650 2842 3747 2894 καὶ

2161 2919 2488 2991 ἀκάθαρτος.
2522 2920 2636 2974 Νῦν
2682 2922 2782 2991 μὲν
2815 2924 2923 2995 γὰρ
2969 2925 3029 2978 ού
3081 2926 3286 2999 δυνήσῃ
3338 2929 3603 2983 συνιδεῖν’
3638 2933 3743 2996 ἕως

2160 3009 2268 3081 γὰρ
2298 3012 2363 3065 ἂν
2385 3005 2534 3081 ὦμεν
2557 3013 2613 3065 ἐν
2639 3013 2895 3086 συνηθείᾳ
2914 3016 3195 3082 δυσωδίας,
3218 3022 3318 3073 οὐκ
3351 3021 3738 3093 αἰσθανόμεθα·

2156 3103 2286 3156 ὅταν
2316 3103 2371 3157 δὲ
2422 3109 2811 3175 πνευματικοῖς
2837 3109 3166 3179 τρεφὼμεοα
3198 3114 3425 3184 ῥήμασι,
3456 3116 3577 3169 τότε
3601 3118 3743 3170 εἰσό-

2162 3194 2303 3262 μεθα
2353 3196 2529 3249 ἐκεῖνο
2578 3197 2640 3250 τὸ
2694 3199 2896 3252 κακόν·
2956 3201 3128 3255 καίτοι
3181 3203 3395 3269 πολλοῖς
3450 3206 3738 3282 ἀδιάφορον

2154 3284 2315 3339 τοῦτο
2363 3282 2497 3341 εἶναι
2534 3288 2698 3343 δοκεῖ.
2738 3290 2847 3343 Καὶ
2879 3291 3090 3347 οὐδέπω
3134 3294 3277 3364 λέγω
3308 3296 3435 3368 περὶ
3477 3299 3735 3371 γεέννης·

2156 3376 2295 3442 ἀλλ’,
2327 3377 2377 3429 εί
2426 3377 2703 3447 βούλεσθε,
2752 3379 2820 3433 τὰ
2854 3382 3100 3453 παρόντα
3139 3384 3501 3457 ἐξετάσωμεν,
3536 3390 3631 3443 καὶ
3660 3390 3736 3461 μὴ

2154 3465 2245 3519 τὸν
2293 3468 2494 3539 αἰσχρά
2538 3471 2871 3539 πράττοντα,
2903 3474 3039 3528 ἀλλά
3069 3476 3160 3529 τὸν
3205 3477 3405 3549 αίσχρά
3432 3479 3737 3552 φθεγγόμε-

2153 3576 2265 3622 νον,
2290 3560 2406 3623 πῶς
2438 3562 2554 3614 ἐστι
2586 3563 3008 3633 καταγέλαστος,
3050 3568 3167 3633 πῶς
3193 3570 3386 3624 ἑαυτὸν
3415 3572 3733 3644 καθυϐρίζει

2154 3651 2370 3721 πρῶτον
2387 3667 2398 3680 ·
2441 3652 2690 3723 καθάπερ
2716 3672 2800 3719 τις
2836 3655 3095 3729 βόρϐορόν
3122 3677 3242 3715 τινα
3270 3662 3378 3716 ἀπὸ
3404 3662 3498 3717 τοῦ
3530 3667 3733 3735 στόμα-

2150 3758 2242 3805 τος
2267 3741 2471 3811 ἀφιεὶς,
2507 3743 2681 3808 οὓτως
2710 3747 2901 3801 ἐαυτὸν
2939 3748 3177 3818 μολύνει.
3209 3753 3272 3805 Εἰ
3294 3754 3401 3826 γὰρ
3430 3755 3489 3808 τὸ
3515 3756 3731 3827 ῥεῖθρον

2151 3831 2324 3896 οὕτως
2362 3833 2693 3904 ἀκάθαρτον,
2716 3838 2971 3909 ἐννόησον
3001 3842 3090 3895 οῖα
3112 3845 3144 3913 ἡ
3169 3845 3319 3916 πηγὴ
3347 3845 3440 3899 τοῦ
3464 3847 3728 3920 βορϐόρου

2150 3920 2340 3977 τούτου
2362 3939 2374 3952 ·
2421 3923 2525 3978 Ἐκ
2561 3924 2671 3994 γὰρ
2700 3927 2808 3982 τοῦ
2834 3933 3311 4001 περισσεύματος
3338 3933 3447 4001 τῆς
3478 3937 3721 4006 καρδίας,

2148 4012 2216 4065 τὸ
2241 4013 2437 4081 στόμα
2461 4013 2657 4068 λαλεῖ.
2703 4016 2845 4085 Ἐγὼ
2875 4018 2930 4072 δέ
2951 4021 3009 4072 οῦ
3034 4020 3121 4073 διὰ
3147 4021 3304 4075 τοῦτο
3326 4023 3507 4077 πενθῶ
3541 4028 3723 4096 μόνον,

2147 4101 2265 4155 ἀλλ’
2312 4104 2393 4158 ὅτι
2442 4105 2565 4160 οὐδὲ
2614 4102 2933 4164 εἶναιδοκεῖ
2974 4110 3085 4164 τῶν
3129 4112 3345 4168 ἀτόπων
3384 4113 3541 4169 τοῦτο
3573 4119 3725 4190 παρά

2149 4210 2311 4248 τισιν.
2354 4195 2636 4251 Ἐντεῦθεν
2656 4197 2883 4270 ἀπαντα
2906 4199 3125 4265 αὔξεται
3153 4204 3221 4258 τά
3264 4203 3431 4266 κακὰ.
3472 4206 3598 4260 ὅταν
3628 4210 3723 4260 καὶ

2148 4286 2570 4360 ἁμαρτάνωμεν,
2600 4292 2695 4346 καὶ
2717 4294 2851 4364 μηδέ
2885 4294 3223 4366 πλημμελεῖν
3250 4298 3580 4370 νομίζωμεν.

2220 4379 2406 4434 Βούλει
2453 4377 2546 4435 οὖν
2603 4384 2794 4452 μαθεῖν
2841 4387 2964 4441 ὅσον
2999 4389 3169 4443 κακὸν
3214 4391 3276 4444 τὸ
3304 4391 3507 4462 αἰσχρὰ
3545 4392 3711 4462 φθέγ-

2149 4470 2386 4537 γεσθαις
2436 4471 2721 4545 Ἐννόησον
2742 4477 2869 4540 τοὺς
2895 4478 3213 4545 ἀκούοντας,
3245 4481 3363 4546 πῶς
3391 4483 3716 4555 ἐρυθριῶσιν

2147 4560 2207 4613 ἐν
2236 4562 2303 4632 τῇ
2345 4562 2700 4638 ἀσχημοσύνῃ
2743 4568 2810 4637 τῇ
2848 4570 2936 4639 σῇ.
2986 4570 3053 4624 Τί
3084 4570 3193 4643 γάρ
3215 4573 3596 4646 εὐτελέστερον
3623 4575 3719 4628 ἁν-

2146 4649 2272 4720 δρὺς
2300 4652 2692 4724 αίσχρολόγους
2720 4655 2772 4710 τί
2829 4659 3188 4733 ἀτιμότερονς
3220 4663 3315 4727 Είς
3343 4663 3452 4734 γὰρ
3476 4663 3575 4735 τὴν
3609 4663 3718 4717 τῶν

2148 4739 2333 4810 μίμων
2361 4742 2592 4797 ὠθοῦσιν
2623 4745 2850 4812 ἑαυτοὺς
2874 4750 2923 4802 οί
2938 4750 3165 4805 τοιοῦτοι
3187 4753 3362 4825 τάξιν,
3392 4754 3487 4810 καὶ
3519 4756 3596 4819 είς
3618 4754 3716 4824 τὴν

2144 4829 2252 4883 τῶν
2287 4831 2746 4905 πεπορνευμένων
2782 4839 3087 4904 γυναικῶν·
3119 4842 3320 4913 μᾶλλον
3368 4844 3425 4898 δὲ
3448 4886 3462 4911 ,
3503 4846 3713 4900 ἐκεῖναι

2141 4919 2439 4990 ἐρυθριῶσι
2473 4923 2691 4991 μᾶλλον,
2723 4924 2755 4995 ἦ
2786 4925 2964 4995 ὑμεῖς.
2994 4929 3118 4993 Πῶς
3139 4930 3365 4988 δύνασαι
3386 4932 3592 4998 διδάξαι
3614 4949 3712 5000 γυ-

2140 5011 2305 5061 καίκα
2340 5012 2658 5079 σωφρονεῖν,
2693 5013 2963 5068 παιδεύων
2997 5017 3167 5090 αὐτὴν
3198 5020 3274 5078 εἰς
3309 5021 3598 5091 ἀσέλγειαν
3623 5022 3711 5076 διά

2141 5096 2346 5151 τούτων
2392 5100 2665 5155 ἐκϐαίνειν
2706 5103 2817 5157 τῶν
2848 5106 3110 5179 ῥημάτιον
3140 5126 3154 5173 ;
3195 5111 3413 5167 Βέλτιον
3442 5113 3709 5185 σηπεδόνα

2141 5188 2250 5241 ἀπὸ
2296 5189 2391 5242 τοῦ
2420 5191 2683 5262 στόματος
2703 5194 2944 5265 ἀφιέναι,
2980 5198 3013 5271 ἦ
3038 5201 3189 5272 ῥῆμα
3218 5205 3460 5277 αἰσχρόν.
3488 5204 3605 5259 Νῦν
3626 5206 3702 5271 δὲ,

2139 5277 2205 5329 ἂν
2258 5278 2358 5347 μὶν
2382 5278 2483 5355 ὅζῃ
2518 5282 2578 5337 τὸ
2604 5286 2800 5356 στόμα,
2828 5288 2947 5343 οὐδὲ
2977 5291 3086 5344 τῶν
3120 5297 3315 5348 κοινῶν
3336 5294 3581 5367 μετέχεις
3622 5314 3707 5350 σι·-

2139 5369 2296 5423 τίων·
2329 5366 2595 5445 τοσαύτης
2627 5375 2687 5430 δὲ
2711 5377 2973 5445 δυσωδίας
3018 5381 3186 5455 οὔσης
3214 5387 3272 5438 ἐν
3298 5389 3361 5457 τῇ
3389 5387 3532 5460 ψυχῇ
3553 5429 3567 5451 ,
3596 5407 3700 5459 μυ-

2138 5459 2375 5532 στηρίων
2424 5464 2627 5536 τολμᾷς
2679 5473 2985 5536 κοινωνεῖν,
3022 5474 3144 5527 εἰπέ
3189 5492 3320 5545 μοι;
3364 5479 3473 5531 Καὶ
3514 5481 3563 5533 εί
3602 5481 3702 5551 μὲν

2144 5549 2336 5616 σκεῦος
2357 5553 2664 5627 ἀκάθαρτόν
2679 5574 2762 5622 τις
2777 5558 2956 5615 λαϐὼν
2976 5604 2990 5629 ,
3022 5564 3114 5617 ἐπὶ
3135 5565 3233 5636 τῆς
3253 5569 3532 5642 τραπέζης
3569 5589 3710 5626 κατα
