4090 6216
370 156 472 212 ιιι

369 274 522 324 έθετο
551 269 650 339 τῆς
678 269 799 337 σῆς,
833 268 1012 333 ξυλο.ς
1033 272 1194 324 αὑτὸν
1217 272 1282 324 ἂν
1311 275 1489 326 παίων
1517 275 1724 344 ἧλασας
1742 291 1754 304 ο
1785 275 1948 330 τὸνδέ

369 363 504 415 Θεὸν
535 362 629 414 ἐπὶ
659 361 762 431 τῆς
792 363 1072 432 τραπέζης
1093 362 1192 432 τῆς
1223 364 1392 416 αὑτοῦ
1424 365 1693 436 (τράπεζα
1722 368 1828 437 γὰρ
1855 368 1952 420 αὑ-

368 452 464 506 τοῦ
494 492 509 513 ,
532 453 594 505 τὸ
622 453 796 523 στόμα
827 452 887 505 τὸ
924 453 1190 524 ἡμέτερον
1222 454 1576 524 εὐχαριστίας
1633 456 1949 527 πληρούμε-

369 542 516 614 νον),
546 544 774 607 σκεύους
809 544 1119 612 ἀκαθάρτου
1162 545 1362 608 παντὸς
1403 547 1625 618 ῥήματα
1673 547 1945 620 βδελυρώ-

369 653 504 708 τερα
520 637 828 708 προφέρων,
847 637 946 688 οὑκ
961 635 1062 688 οἴει
1082 637 1422 707 παροξύνειν,
1445 639 1566 690 είπέ
1587 657 1675 708 μοι
1694 657 1707 703 ;
1726 640 1949 704 καὶπῶς

372 728 451 781 ἔνι
483 728 669 792 τοῦτο;
690 727 855 779 Οὐδὲν
886 727 994 797 γάρ
1016 727 1160 780 οὕτω
1198 730 1519 802 παροργίζει
1542 731 1634 784 τὸν
1669 731 1823 800 ἆγιον
1855 732 1948 787 καὶ

370 819 464 872 τὸν
479 817 816 889 καθαρὸν,ώς
832 819 900 870 τά
917 819 1135 890 ῥήματα
1149 821 1323 874 ταῦτα
1339 838 1351 852 ·
1369 821 1522 874 οὐδὲν
1533 819 1705 886 οῦτως
1723 823 1948 893 ἰταμοὺς

371 912 468 964 καὶ
519 909 914 980 ἀναισχύντους
958 913 1137 974 ποιεῖ,
1173 912 1250 975 ώς
1299 913 1359 965 τὸ
1397 913 1576 982 λέγειν
1599 914 1824 968 τοιαῦτα
1853 915 1948 968 καὶ

369 1002 589 1056 ἀκούειν
614 1018 626 1034 ·
661 1001 812 1054 οὐδὲν
839 1000 1012 1064 οὕτως
1031 1002 1214 1056 ἐκλύει
1251 1013 1275 1037 ⁸
1307 1003 1376 1056 τὰ
1407 1003 1582 1074 νεῦρα
1607 1005 1704 1074 τῆς
1737 1021 1949 1075 σωφρο-

369 1092 555 1162 σύνης,
615 1091 692 1156 ώς
737 1093 770 1162 ἡ
806 1093 894 1145 διά
929 1092 1137 1146 τούτων
1177 1094 1531 1164 ἀναπτομένη
1578 1094 1726 1162 φλόξ.
1761 1095 1948 1164 Μόρον

366 1185 581 1239 ἐνέθετό
608 1204 702 1240 σου
729 1187 807 1257 τῷ
831 1187 1058 1258 στόματι
1087 1190 1114 1240 6
1147 1187 1279 1251 Θεός
1297 1202 1309 1216 ’
1336 1189 1400 1242 σὺ
1423 1187 1478 1239 δέ
1506 1185 1700 1257 νεκροῦ
1719 1185 1947 1239 δυσωδέο

369 1295 534 1349 στερα
580 1279 902 1333 ἀποτίθεσαι
948 1282 1188 1350 ῥήματα,
1223 1281 1318 1334 καὶ
1351 1279 1521 1348 αὐτὴν
1561 1278 1810 1347 ἀναιρεῖς
1848 1275 1948 1346 τὴν

365 1371 661 1440 ψυχὴν,καὶ
675 1371 931 1441 ἀκίνητον
946 1371 1096 1443 [479]
1113 1375 1303 1434 ποιεῖς.
1319 1372 1428 1424 Καὶ
1439 1371 1546 1440 γὰρ
1558 1371 1686 1422 ὅταν
1699 1367 1943 1438 ὑδρίζῃς,

367 1461 465 1513 ούκ
505 1460 622 1513 ἐστι
665 1461 819 1513 τοῦτο
849 1460 1029 1530 ψυχῆς
1070 1460 1256 1531 φωνὴ,
1294 1459 1430 1512 ἀλλά
1458 1456 1664 1527 θυμοῦο
1700 1459 1827 1510 ὅταν
1865 1459 1948 1508 al-

367 1549 508 1620 οχρά
539 1549 722 1622 λέγῃς,
753 1551 852 1603 οὐκ
888 1549 1070 1621 ἐκείνη
1102 1549 1422 1619 ἐφθέγξατο,
1447 1547 1562 1601 ἀλλ’
1587 1547 1620 1616 ἡ
1650 1545 1908 1598 ἀκολασία
1929 1562 1943 1576 ⁸

365 1642 494 1692 ὅταν
528 1643 866 1712 κακηγορῗκ,
901 1642 934 1711 ἡ
968 1640 1269 1710 βασκανία’
1311 1639 1440 1692 ὅταν
1482 1634 1844 1705 ἐπιϐουλεύῃς
1869 1674 1884 1697 ,
1913 1635 1946 1704 ἡ

369 1732 666 1796 πλεονεξία.
695 1733 880 1785 Ταῦτα
909 1733 1020 1802 γὰρ
1049 1732 1148 1784 ούκ
1180 1729 1415 1800 ἐκείνης,
1450 1726 1586 1780 ἀλλά
1613 1726 1721 1778 τῶν
1755 1725 1945 1778 παθῶν

363 1825 552 1893 αὐτῆς.
578 1825 672 1876 καὶ
697 1825 806 1876 τῶν
832 1823 1176 1894 νοσημάτων.
1199 1823 1412 1889 Ὥσπερ
1431 1814 1525 1872 οῦν
1541 1816 1601 1870 τὸ
1621 1815 1942 1882 φθείρεσθαι

365 1918 463 1986 οὐχ
502 1917 692 1980 ἁπλῶς
722 1916 820 1968 τοῦ
859 1915 1109 1986 σώματος
1134 1959 1150 1979 ,
1180 1913 1318 1968 ἀλλά
1342 1911 1436 1966 τοῦ
1461 1909 1695 1964 Θανάτου
1726 1908 1822 1962 καὶ
1848 1907 1944 1962 τοῦ

423 2217 452 2246 ε
478 2205 585 2267 Ms..,
608 2205 805 2255 διαλύει.

375 2436 678 2454 ψ

1017 157 1073 213 S.
1115 157 1397 216 JOANNIS
1429 160 1916 218 CHRYSOSTOMI
1946 161 2261 220 ARCHIEP.
2301 167 2849 228 CONSTANTINOP.

3525 177 3632 232 ιη

2054 279 2267 344 πάθους
2307 281 2402 334 τοῦ
2435 283 2492 335 ἐν
2524 282 2602 353 τῷ
2638 283 2885 354 σώματιο
2915 283 3058 337 οῦτω
3086 283 3152 355 δὴ
3180 284 3273 338 καὶ
3296 284 3490 347 ταῦτα,
3521 291 3630 341 τῶν

2055 372 2506 440 προσγινομένων
2544 374 2680 443 αὐτῇ
2731 373 2938 428 παθῶν.
2967 375 3030 426 El
3076 375 3186 442 γὰρ
3245 374 3422 443 βούλει
3452 376 3631 448 ψυχῆς

2051 459 2281 514 ἀκοῦσαι
2329 463 2511 531 φωνῆς
2547 462 2762 534 ζώσης,
2805 463 3036 518 ἄκουσον
3081 464 3295 517 Παύλου
3345 465 3619 534 λέγοντο;’

2055 553 2344 621 Ἔχοντες
2366 554 2591 622 τροφὰς
2611 555 2706 608 καὶ
2731 557 3132 625 σκεπάσματα
3160 596 3174 620 ,
3203 557 3434 624 τούτοις
3461 560 3630 626 ἀρκε-

2051 647 2402 714 σθησόμεθα
2426 663 2438 675 ·
2477 649 2570 700 καὶ
2591 690 2607 714 ,
2643 649 2816 702 Ἐστι
2853 649 3148 718 πορισμὸς
3161 648 3353 718 μέγας
3382 651 3420 718 ἡ
3451 651 3629 705 εὐσέ-

2052 739 2182 790 ϐεια
2217 754 2230 767 ⁸
2265 739 2360 792 καὶ
2384 779 2400 801 ,
2439 740 2604 808 Ἐμοὶ
2633 741 2861 809 κόσμος
2899 741 3289 810 ἐσταύρωται,
3338 743 3502 811 κάγὼ
3548 744 3630 810 τῷ

2050 831 2278 898 κόσμῳ.
2311 834 2576 886 Ἄκουσον
2614 833 2823 903 Πέτρου
2867 834 3146 901 λέγοντος,
3193 837 3504 904 Ἀργύριον
3525 837 3626 890 καὶ

2051 925 2315 989 χρυσίον
2354 926 2466 992 οὐχ
2497 924 2751 994 ὑπάρχει
2765 943 2865 994 μοι
2887 943 2901 956 ο
2946 925 2977 979 δ
3016 926 3086 978 δὲ
3137 926 3290 994 ἔχω,
3322 927 3499 980 τοῦτό
3525 942 3627 980 σοι

2054 1012 2264 1082 δίδωμι
2289 1029 2303 1042 ·
2349 1015 2582 1068 ἄκουσον
2613 1015 2709 1068 τοῦ
2756 1016 2876 1069 Ίὼσ
2909 1016 3358 1086 εὐχαριστοῦντος
3399 1018 3492 1070 καὶ
3540 1017 3627 1070 λέ-

2048 1118 2257 1170 γοντος,
2275 1105 2338 1156 '0
2357 1104 2573 1172 Κύριος
2585 1104 2828 1168 ἔδωκεν,
2848 1109 2880 1160 ὁ
2897 1108 3109 1173 Κύριος
3122 1107 3424 1174 ἀφείλετο.
3441 1106 3626 1160 Ταῦτα

2051 1194 2234 1265 ψυχῆς
2272 1193 2456 1265 ζώσης
2489 1195 2561 1249 τὰ
2595 1199 2838 1268 ῥήματα,
2865 1199 3040 1252 ταῦτα
3069 1199 3401 1270 ἐνεργούσης
3416 1202 3514 1270 τὴν
3542 1203 3624 1254 οί-

2049 1286 2205 1338 κείαν
2216 1287 2514 1357 ἐνέργειαν.
2533 1288 2688 1341 Οὕτω
2704 1290 2798 1341 καὶ
2813 1288 3004 1343 ’ῐακὼὸ
3023 1291 3207 1359 ἔλεγεν
3222 1307 3234 1319 ·
3268 1292 3413 1344 Ἐὰν
3427 1290 3509 1356 δῷ
3519 1309 3624 1360 μοι

2049 1377 2266 1444 Κύριος
2303 1378 2484 1445 ἄρτον
2515 1380 2748 1448 φαγεῖν,
2781 1381 2879 1434 καὶ
2907 1380 3137 1449 ἱμάτιον
3163 1382 3585 1447 περιϐαλέσθαι
3603 1399 3619 1412 '

2055 1467 2204 1522 οὕτω
2244 1470 2338 1522 καὶ
2387 1470 2588 1542 Ἰωσὴφ
2609 1511 2624 1534 ,
2655 1471 2785 1537 Πῶς
2814 1471 3049 1538 ποιήσω
3079 1472 3145 1526 τὸ
3169 1472 3337 1542 ῥῆμα
3358 1474 3421 1526 τὸ
3447 1491 3626 1541 πονη-

2046 1560 2162 1628 ρὸν
2199 1560 2376 1614 τοῦτο
2398 1603 2412 1624 ,
2450 1561 2547 1613 καὶ
2584 1562 3002 1632 ἀμαρτήσομαι
3027 1562 3282 1618 ἐνώπιον
3303 1564 3410 1619 τοῦ
3441 1564 3625 1629 Θεοῦ;

2066 1652 2207 1704 Ἀλλ’
2237 1653 2336 1722 οὐχ
2375 1654 2408 1724 ἠ
2436 1652 2713 1724 βάρϐαρος
2735 1654 2943 1725 ἐκείνη,
2980 1655 3096 1708 ἀλλ’
3126 1654 3316 1727 ὥσπερ
3352 1657 3626 1727 μεθύουσα

2051 1742 2146 1794 καὶ
2189 1745 2598 1813 παραπαίουσα,
2649 1744 2822 1810 οὕτως
2867 1747 3168 1816 ἐφθέγγετο
3213 1749 3465 1817 λέγουσι,
3501 1754 3628 1804 Κοι-

2042 1831 2261 1900 μήθητι
2279 1835 2399 1900 μετ’
2420 1833 2588 1902 ἐμοῦ.
2609 1835 2772 1889 Ταῦτ’
2789 1836 2882 1890 οῦν
2904 1837 3104 1901 εἰδότες
3122 1879 3135 1902 ,
3167 1837 3502 1910 ζηλώσωμεν
3524 1841 3624 1911 τὴν

2043 1922 2222 1985 ζῶσαν
2247 1924 2447 1996 ψυχὴν,
2485 1925 2749 1997 φύγωμεν
2789 1927 2885 1999 τὴν
2917 1931 3352 2000 νενεκρωμένην,
3402 1931 3490 1984 ἵνα
3524 1934 3618 1986 καὶ

2045 2019 2144 2089 τῆς
2178 2019 2482 2091 μελλούσης
2499 2021 2848 2093 ἐπιτύχωμεν
2882 2023 3028 2094 ζωῆς
3047 2040 3062 2055 ο
3097 2020 3164 2096 ἧς
3189 2027 3400 2093 γένοιτο
3418 2027 3626 2090 πάντας

2044 2112 2195 2180 ἡμᾶς
2252 2115 2565 2184 μετασχεῖν,
2604 2115 2792 2187 χάριτι
2838 2117 2936 2170 καὶ
2971 2115 3376 2190 φιλανθρωπίᾳ,
3420 2120 3514 2173 καὶ
3556 2121 3627 2174 τά.

2049 2203 2196 2274 ἑξῆς.

1629 2381 1640 2400 1

699 2428 3617 2458 ς--ἈΜ

1888 2644 2141 2704 ὈΜΙΛῙΑ
2181 2646 2254 2703 Ζ’.

355 2765 428 2819 El
458 2763 528 2819 δὲ
558 2766 596 2834 ἡ
634 2765 909 2821 διακονία
941 2765 1048 2821 τοῦ
1080 2767 1340 2822 θανάτου
1361 2768 1432 2821 ἐν
1463 2768 1808 2839 γράμμασιν
1842 2769 1939 2822 ἐν·

432 2858 818 2928 τετυπωμένη
854 2859 926 2912 ἐν
958 2862 1174 2926 λίθοις,
1207 2859 1464 2929 ἐγενήθη
1499 2862 1569 2914 ἐν
1596 2860 1744 2928 δόξῃ
1782 2861 1940 2915 ὥστε

427 2949 513 3022 μὴ
553 2949 853 3006 δύνασθαι
888 2952 1164 3007 ἀτενίσαι
1198 2954 1342 3020 τοὺς
1377 2955 1549 3020 υἱοὺς
1576 2953 1826 3022 Ἰσραὴλ
1852 2957 1940 3022 εις

429 3042 499 3097 τὸ
565 3043 893 3110 πρόσωπον
938 3041 1258 3109 Μωῦσέως,
1304 3043 1402 3097 διὰ
1439 3045 1556 3109 τὴν
1593 3044 1782 3109 δόξαν
1830 3045 1939 3099 τοῦ

430 3133 760 3202 προσώπου
827 3133 1016 3188 αὐτοῦ
1072 3133 1188 3202 τὴν
1241 3136 1740 3206 καταργουμένην
1763 3154 1777 3167 ·
1811 3137 1940 3204 πῶς

421 3227 563 3295 ὀὐχί
587 3225 830 3296 μᾶλλον
858 3227 897 3296 ἠ
924 3225 1201 3281 διακονία
1244 3227 1354 3283 τοῦ
1388 3231 1730 3299 πνεύματος
1765 3230 1939 3284 ἔσται

428 3314 499 3368 ἐν
545 3314 693 3382 δόξῃ
715 3331 736 3381 ,°

428 3411 497 3458 α’.
520 3401 707 3468 Εἶπεν,
737 3407 822 3460 ὅτι
848 3403 1044 3461 λίθιναι
1064 3409 1119 3461 αί
1140 3406 1347 3472 πλάκες
1371 3411 1426 3462 αί
1443 3410 1742 3475 Μωῦσέως,
1763 3411 1838 3474 ώς
1857 3412 1941 3464 ὅτι

358 3497 665 3568 γράμματα
692 3493 859 3567 εἶχον,
896 3499 990 3551 καὶ
1021 3500 1101 3552 ὅτι
1137 3500 1398 3570 σάρκιναι
1420 3496 1602 3564 αὗται,
1631 3503 1686 3554 αί
1720 3501 1940 3572 καρδίαι

359 3589 466 3642 τῶν
483 3588 818 3652 ἀποστόλων,
838 3589 932 3642 καὶ
958 3589 1231 3659 πνεύματι
1258 3587 1400 3663 ἦσαν
1426 3593 1884 3663 ἐγγεγραμμέναι
1920 3607 1934 3621 ³

363 3680 460 3735 καὶ
508 3681 590 3734 δτι
635 3681 697 3734 τὸ
749 3682 846 3752 μὲν
898 3683 1133 3752 γράμμα
1179 3685 1512 3748 ἀποκτείνει,
1547 3685 1607 3738 τὸ
1632 3685 1689 3738 δέ
1724 3685 1942 3756 πνεῦμα

359 3768 620 3835 ζωοποιεῖ
642 3788 656 3802 ο
687 3771 934 3825 ἐλείπετο
949 3772 1135 3827 λοιπὸν
1156 3777 1222 3846 τῇ
1249 3775 1538 3846 συγκρίσει
1560 3775 1735 3848 ταύτῃ
1774 3793 1942 3846 προσο

359 3863 531 3916 θεῖναι
558 3865 651 3916 καὶ
680 3863 865 3935 ἕτερον
896 3865 956 3918 οὐ
989 3867 1202 3938 μικρὸν,
1227 3867 1286 3920 τὸ
1306 3869 1404 3938 τῆς
1432 3867 1588 3939 δόξης
1618 3869 1898 3931 Μωῦσέως
1924 3885 1937 3898 ο

359 3955 496 4026 ὅπερ
541 3956 774 4010 ἐνταῦθα
802 3957 977 4022 οὐδεὶς
1005 3955 1145 4012 εἶδεν
1184 3960 1278 4013 ἐπὶ
1315 3962 1414 4031 τῆς
1454 3961 1666 4030 Καινῆς
1700 3963 1813 4024 τοῖς
1841 3961 1936 4013 τοῦ

356 4048 621 4117 ’σώματος
647 4047 970 4119 ὀφθαλμοῖς.
995 4049 1088 4102 Διδ
1113 4049 1204 4104 καὶ
1232 4049 1378 4120 μέγα
1403 4051 1578 4104 ἐδόκει
1600 4047 1758 4114 εῖναι,
1792 4053 1942 4104 ἐπει-

350 4136 423 4208 δὴ
443 4139 675 4210 αίσθητὴ
701 4135 768 4210 ἦν
791 4139 916 4205 δόξα
937 4158 951 4173 ο
986 4140 1286 4210 ὀφθαλμοῖς
1305 4140 1413 4212 γὰρ
1433 4143 1643 4212 ἑωρᾶτο
1668 4142 1939 4211 σώματος,

349 4228 410 4280 -εί
441 4229 537 4283 καὶ
555 4231 850 4300 ἀπρόσιτος
866 4228 964 4302 ἦν’
999 4231 1107 4302 ἡδὲ
1134 4231 1233 4300 τῆς
1265 4231 1473 4301 Καινῆς
1506 4233 1694 4303 νοητή.
1725 4233 1799 4285 Ού
1831 4238 1941 4302 γαρ

361 4319 538 4391 σαφὴς
566 4325 677 4386 τοῖς
698 4323 1110 4395 ἀσθενεστέροις
1150 4323 1252 4394 τῆς
1299 4324 1559 4394 τοιαύτης
1613 4325 1941 4397 ὑπεροχῆςή

360 4413 696 4485 κατάληψις·
726 4416 840 4469 ἀλλ’
876 4417 1057 4486 ἐκείνη
1089 4415 1291 4486 μᾶλλον
1317 4417 1512 4481 αὐτοὺς
1531 4419 1546 4436 ‘
1575 4411 1702 4487 ἦρε.
1721 4417 1816 4470 καὶ
1840 4417 1940 4468 ἐπ-

361 4501 596 4575 έστρεφε
630 4506 767 4578 πρὸς
797 4509 1021 4577 ἑαυτήν.
1071 4508 1225 4562 Ἐπεὶ
1248 4505 1342 4563 οὖν
1373 4509 1453 4572 είς
1487 4508 1693 4579 ταύτην
1716 4510 1941 4563 ἐνέπεσε

358 4597 460 4666 τὴν
501 4599 792 4671 σύγκρισιν
812 4641 827 4665 ,
852 4600 947 4654 καὶ
972 4601 1265 4664 σπουδάζει
1299 4601 1472 4667 δεῖξαι
1499 4601 1597 4672 τὴν
1625 4603 1900 4674 ὑπεροχὴν
1923 4641 1939 4664 ,

361 4691 566 4763 σφόδρα
603 4693 660 4746 δέ
691 4692 949 4747 δύσκολον
986 4687 1055 4763 ἦν
1085 4692 1172 4746 διά
1199 4691 1262 4744 τὸ
1295 4693 1441 4762 παχὺ
1467 4691 1574 4745 τῶν
1612 4692 1899 4762 ἀκροατῶν
1925 4709 1938 4724 ·

248 4798 250 4801 ·
345 4782 462 4852 ὄρα
491 4783 543 4838 τί
564 4787 728 4848 ποιεῖ,
747 4787 840 4840 καὶ
857 4786 973 4850 πῶς
989 4785 1121 4840 αὐτὸ
1149 4783 1447 4856 μεθοδεύει,
1471 4784 1687 4854 πρῶτον
1716 4783 1826 4838 ἀπὸ
1853 4784 1942 4837 λο-

361 4875 572 4944 γισμῶν
591 4876 742 4948 [480]
757 4880 852 4950 τὴν
866 4879 1129 4950 διαφορὰν
1144 4877 1501 4948 είσάγων,καὶ
1515 4876 1728 4931 πλέκων
1745 4878 1942 4941 αὐτοὺς

361 4963 471 5016 ἀπὸ
517 4965 626 5016 τῶν
661 4966 970 5039 ἔμπροσθεν
1006 4971 1333 5041 είρημένων.
1387 4971 1450 5024 Εί
1489 4969 1599 5042 γὰρ
1624 4969 1807 5040 ἐκείνη
1842 4969 1942 5040 μὲν

362 5054 619 5116 θανάτου,
657 5055 796 5127 αῦτη
823 5058 876 5111 δὲ
905 5058 1051 5126 ζωῆς
1077 5063 1111 5129 ἡ
1145 5061 1410 5125 διακονία,
1445 5061 1816 5133 άναμφίϐολον
1859 5062 1941 5115 ὅτι

362 5149 519 5220 καὶὴ
557 5147 682 5216 δόξα
733 5148 872 5220 αὕτη
925 5151 1129 5218 μείζων
1177 5153 1414 5219 ἐκείνης,
1461 5155 1644 5223 φησίν.
1709 5153 1936 5226 Ἐπειδὴ

362 5237 473 5311 γάρ
510 5242 611 5296 οὐκ
646 5239 792 5312 εἶχεν
834 5241 1006 5312 αὐτὴν
1035 5240 1206 5305 δεῖξαι
1232 5246 1344 5304 τοῖς
1369 5244 1664 5316 ὀφθαλμοῖς
1694 5250 1805 5312 τοῖς
1834 5264 1943 5301 σωσ-

367 5337 636 5402 ματικοῖς,
691 5334 769 5404 τῷ
835 5333 1181 5404 συλλογισμῷ
1241 5334 1583 5405 παρέστησεν
1647 5337 1821 5408 αὐτῆς
1875 5337 1935 5390 τὸ

362 5424 631 5496 ὑπερέχον
657 5468 670 5490 ,
711 5427 884 5497 λέγων
912 5445 925 5458 ·
958 5429 1027 5482 El
1057 5427 1125 5480 δὲ
1159 5429 1198 5496 ή
1233 5427 1508 5481 διακονία
1537 5428 1644 5482 τοῦ
1679 5429 1940 5483 θανάτου

365 5515 619 5585 ἐγενήθη
646 5520 720 5572 ἐν
747 5520 896 5588 δόξῃ
927 5562 941 5579 .
975 5520 1101 5586 πῶς
1146 5520 1282 5589 οὐχὶ
1319 5519 1564 5590 μᾶλλον
1594 5521 1628 5586 ἠ
1665 5520 1940 5574 διακονία

368 5605 474 5660 τοῦ
503 5611 846 5676 πνεύματος
865 5613 1034 5664 ἔσται
1061 5613 1131 5664 ἐν
1155 5611 1305 5678 δόξῃ
1327 5629 1343 5673 ;
1379 5612 1666 5666 Διακονίαν
1693 5611 1748 5663 δέ
1779 5609 1943 5662 θανά·-

2057 2783 2153 2819 του
2185 2765 2278 2818 τὸν
2308 2764 2472 2832 νόμον
2502 2762 2671 2832 λέγει.
2694 2763 2806 2818 Καὶ
2823 2763 3016 2818 σκόπει
3047 2762 3166 2826 πῶς
3188 2763 3281 2816 καὶ
3311 2764 3370 2816 ἐν
3398 2764 3463 2834 τῇ
3494 2779 3616 2832 συγ-

2043 2856 2228 2926 κρίσει
2281 2855 2482 2926 πολλὴν
2527 2857 2760 2909 ποιεῖται
2808 2855 2906 2927 τὴν
2967 2856 3292 2924 ἀσφάλειαν,
3335 2855 3475 2909 ὥστε
3515 2875 3620 2922 μη-

2041 2947 2236 3018 δεμίαν
2270 2946 2456 3001 δοῦναι
2485 2950 2596 3010 τοῖς
2631 2949 2928 3019 αἱρετικοίς
2967 2947 3159 3017 λαϐήν.
3207 2949 3282 3001 UO
3316 2949 3421 3018 γάρ
3444 2943 3614 3012 εἶπεν,

2052 3039 2114 3094 Ὅ
2137 3039 2421 3112 ποιητικὸς
2459 3039 2555 3093 τοῦ
2592 3039 2855 3106 θανάτου,
2889 3038 3025 3102 ἀλλ’,
3093 3040 3165 3094 Ἦ
3215 3039 3489 3094 διακονία
3516 3043 3622 3096 τοῦ

2047 3129 2348 3185 θανάτου·
2389 3130 2630 3184 διακονεῖ
2675 3131 2784 3202 γάρ
2847 3133 2928 3194 είς
2986 3131 3234 3194 θάνατον,
3287 3132 3386 3186 οὐκ
3447 3131 3624 3185 ἔτικτε

2045 3221 2295 3277 θάνατον.
2349 3221 2415 3275 Ἦ
2449 3221 2558 3294 γὰρ
2585 3221 2681 3276 τοῦ
2725 3221 2957 3276 θανάτου
3002 3224 3280 3294 ποιητικὴ,
3317 3226 3347 3292 ἡ
3382 3225 3628 3294 ἁμαρτία

2050 3311 2120 3386 ἦν
2141 3330 2154 3344 ⁸
2188 3308 2345 3378 οὗτος
2389 3315 2445 3368 δέ
2489 3315 2589 3386 τὴν
2623 3314 2844 3368 κόλασιν
2877 3314 3070 3385 ἐπῆγε,
3107 3316 3202 3369 καὶ
3230 3315 3327 3385 τῆς
3351 3315 3627 3387 ἁμαρτίας

2043 3407 2315 3469 δεικτικδς
2335 3403 2402 3478 ἦν
2425 3446 2440 3468 ,
2465 3407 2525 3460 οὐ
2558 3407 2843 3477 ποιητικός
2869 3425 2882 3438 ·
2915 3407 3268 3462 ἀπεκάλυπτε
3316 3412 3426 3478 γὰρ
3457 3408 3625 3474 σαφέ-

2046 3515 2238 3569 στερον
2262 3498 2320 3551 τὸ
2343 3499 2512 3552 κακὸν
2533 3499 2628 3551 καὶ
2649 3499 2930 3563 ἐκόλαζεν,
2963 3499 3062 3552 οὐκ
3092 3498 3222 3552 ὤθει
3243 3500 3321 3562 είς
3342 3499 3401 3552 τὸ
3429 3500 3620 3552 κακόν·

2047 3590 2143 3644 καὶ
2174 3589 2438 3657 διηκόνει,
2473 3589 2537 3643 ού
2565 3590 2702 3660 πρὸς
2735 3594 2797 3644 τὸ
2826 3589 3082 3658 γενέσθαι
3109 3591 3378 3662 ἀμαρτίαν
3401 3589 3432 3659 ἢ
3454 3590 3614 3644 θάνα-

2045 3699 2158 3746 τον,
2214 3682 2352 3735 ἀλλά
2409 3683 2546 3752 πρὸς
2603 3683 2664 3735 τὸ
2714 3668 2900 3736 δοῦναι
2957 3683 3115 3753 δίκην
3154 3685 3242 3737 τὸν
3268 3682 3611 3753 ἁμαρτόντα*

2045 3774 2183 3827 ὥστε
2215 3775 2310 3826 καὶ
2347 3773 2692 3844 άναιρετικὸς
2711 3769 2781 3844 ἦν
2810 3775 2982 3846 ταύτῃ
3023 3777 3122 3843 τῆς
3158 3775 3448 3844 ἁμαρτίας.

2132 3863 2192 3913 '0
2236 3861 2343 3932 γάρ
2373 3861 2514 3916 οὕτω
2543 3862 2784 3933 φοῦερὰν
2817 3863 2987 3934 αὐτὴν
3020 3864 3255 3926 δεικνὺς,
3291 3863 3512 3933 εὔδηλον
3539 3864 3627 3919 ὅτι

2049 3953 2144 4008 καὶ
2173 3955 2411 4024 φευκτὴν
2458 3956 2622 4006 ποιεῖ.
2661 3955 2872 4024 Ὥσπερ
2913 3951 3005 4008 οὖν
3030 3956 3058 4008 6
3099 3955 3159 4008 τὸ
3183 3955 3338 4024 ξίφος
3372 3972 3614 4026 μεταχει-

2048 4045 2249 4116 ρίζων,
2278 4045 2374 4099 καὶ
2401 4046 2492 4098 τὸν
2531 4047 2826 4100 κατάδικον
2875 4049 3225 4118 ἀποτέμνων,
3268 4051 3506 4104 διακονεῖ
3547 4049 3626 4122 τῷ

2044 4137 2272 4208 δικαστῇ
2302 4137 2743 4208 ἀποφαινομένῳ,
2772 4141 2867 4194 καὶ
2903 4141 3004 4194 ούκ
3033 4142 3201 4205 αὑτός
3227 4145 3374 4196 ἐστιν
3398 4145 3426 4195 6
3460 4144 3618 4197 ἀναι-

2049 4228 2193 4301 ρῶν,
2221 4230 2400 4283 καίτοι
2435 4247 2498 4298 γε
2544 4231 2708 4294 αὐτὸς
2753 4231 3097 4302 ἀποτέμνων,
3135 4234 3252 4286 ἀλλ’
3281 4235 3401 4287 οὐδέ
3436 4235 3464 4285 6
3489 4235 3624 4287 ἀπο-

2046 4322 2374 4393 φαινόμενος
2421 4323 2517 4376 καὶ
2567 4323 2988 4388 καταδικάζων,
3033 4324 3152 4378 ἀλλ’
3187 4327 3220 4396 ή
3253 4325 3347 4379 τοῦ
3398 4327 3622 4390 κολαζο-

2048 4414 2213 4482 μένου
2235 4426 2262 4456 ﬁ
2283 4414 2537 4487 πονηρία·
2557 4413 2698 4469 οὕτω
2726 4415 2791 4487 δὴ
2812 4417 2908 4470 καὶ
2925 4416 3159 4470 ἐνταῦθα
3180 4418 3280 4470 οὑκ
3297 4418 3454 4479 αὐτὸς
3471 4419 3624 4470 ἀναι-

2046 4508 2152 4578 ρεῖ,
2171 4506 2286 4560 ἀλλ’
2309 4509 2342 4577 ἡ
2363 4495 2612 4578 ἀμαρτία
2630 4526 2645 4539 θ
2676 4507 2814 4579 αὓτη
2835 4508 2929 4561 καὶ
2945 4507 3137 4580 ἀνῄρει
3159 4509 3253 4563 καὶ
3266 4509 3583 4574 κατεδίκαζε
3605 4525 3620 4539 ·

2045 4597 2463 4670 τιμωρούμενος
2514 4597 2571 4651 δέ
2624 4591 2801 4666 οὗτος,
2857 4601 3076 4670 ἐκείνης
3135 4601 3470 4670 ὑπετέμνετο
3523 4601 3624 4671 τὴν

2047 4691 2204 4762 ἰσχὺν
2228 4732 2243 4756 ,
2270 4689 2350 4761 τῷ
2385 4689 2536 4761 φόϐῳ
2570 4692 2672 4763 τῆς
2702 4692 2976 4764 τιμωρίας
3011 4693 3356 4746 ἀναστέλλων
3395 4694 3569 4763 αὑτήν
3602 4731 3616 4746 .

2044 4783 2158 4837 Οὐκ
2185 4782 2430 4853 ἠρκέσθη
2459 4782 2516 4836 δέ
2541 4783 2716 4854 τούτῳ
2753 4784 2900 4855 μόνῳ
2924 4786 3006 4848 εἰς
3036 4785 3135 4855 τὴν
3160 4785 3502 4854 παράστασιν
3521 4785 3623 4853 τῆς

2045 4876 2342 4946 ὑπεροχῆς,
2376 4875 2512 4930 ἀλλά
2539 4875 2634 4930 καὶ
2665 4878 2852 4947 ἓτερον
2893 4877 3238 4948 προστίθησι,
3268 4877 3442 4946 λέγων
3461 4894 3474 4906 ·
3517 4877 3621 4930 Ἐν

2043 4968 2387 5038 γράμμασιν
2434 4968 2890 5039 ἐντετυπωμένη
2945 4969 3016 5022 ἐν
3059 4970 3278 5034 λίθοις.
3307 4969 3452 5039 Ὀρα
3501 4969 3620 5030 πῶς

2045 5061 2210 5117 πάλιν
2239 5061 2608 5134 ὑποτέμνεται
2641 5061 2702 5114 τὸ
2735 5063 2988 5133 φρόνημα
3021 5061 3081 5115 τὸ
3120 5061 3425 5114 Ἰουδαϊκόν.
3456 5060 3620 5114 Οὐδὲν

2043 5153 2152 5223 γάρ
2176 5154 2362 5223 ἕτερον
2389 5149 2456 5224 ἦν
2490 5154 2522 5221 ἢ
2553 5155 2859 5224 γράμματα
2883 5156 2912 5205 6
2940 5155 3106 5224 νόμος
3127 5171 3140 5184 ο
3184 5154 3247 5206 ού
3281 5152 3506 5223 βοήθειά
3535 5168 3622 5214 τις

2044 5245 2153 5297 ἀπὸ
2174 5244 2284 5297 τῶν
2311 5245 2658 5314 γραμμάτων
2685 5245 3001 5316 ἐκπηδῶσα,
3038 5247 3134 5299 καὶ
3164 5246 3478 5316 ἐμπνέουσα
3507 5246 3622 5306 τοῖς

2043 5333 2492 5403 ἀγωνιζομένοις,
2527 5335 2780 5410 καθάπερ
2812 5337 2901 5389 ἐπὶ
2934 5335 3028 5390 τοῦ
3056 5336 3454 5406 βαπτίσματος,
3485 5333 3622 5386 ἀλλά

2049 5425 2243 5494 στῆλαι
2277 5423 2372 5476 καὶ
2401 5427 2614 5496 γραφαὶ
2644 5426 2875 5481 θάνατον
2915 5428 3182 5500 φέρουσαι
3209 5429 3322 5489 τοῖς
3341 5426 3408 5478 τά
3439 5425 3620 5496 γράμ-

2049 5533 2193 5586 ματα
2242 5515 2692 5585 παραϐαίνουσιν.
2744 5513 2896 5583 Εἶδες
2950 5519 3068 5582 πῶς
3113 5515 3492 5588 διορθούμενος
3519 5513 3622 5587 τὴν

2111 5619 2135 5646 ⁸
2169 5621 2196 5664 Α
2209 5657 2220 5676 ,
2252 5619 2694 5681 καταδικαζομένου.
