4098 6222
535 450 635 508 g“
1563 459 1628 518 IN
1666 465 1876 526 EPIST.
1920 471 1960 526 il
2024 474 2115 528 AD
2151 474 2306 534 COR.
2349 481 2576 542 HOMIL.
2624 488 2730 546 νη.

535 577 697 632 quam
729 563 946 618 verbum
977 565 1314 626 obscoenum.
1347 571 1425 629 Ac
1453 590 1615 642 nunc,
1643 582 1688 635 si
1718 581 1904 642 fteteat
1933 604 2015 656 os,
2050 608 2118 648 ne

539 652 606 706 ad
636 669 950 710 communes
987 657 1204 728 quidem
1233 661 1384 718 cibos
1410 664 1742 736 adtnitteris,
1784 691 1906 732 cum
1933 652 2114 738 autem

529 745 706 798 anima
731 761 901 815 usque
919 748 1054 802 adeo
1075 749 1278 816 fceteat,
1300 752 1431 810 heus
1453 765 1530 823 tu,
1557 765 1810 833 mysteria
1835 773 2110 840 percipere
2147 817 2154 829 η

530 850 638 889 non
674 835 933 892 dubitas?
966 842 1043 894 Ac
1070 843 1112 895 si
1140 844 1332 913 aliquis
1375 862 1471 902 vas
1511 851 1775 921 impurum
1805 835 2072 930 accipe-ret
2095 905 2110 929 ,

528 937 688 994 atque
710 928 761 981 in
785 945 966 983 mensa
993 941 1078 985 tua
1104 933 1409 1001 collocaret,
1436 937 1662 998 fustibus
1683 961 1895 1018 quoque
1913 967 2110 1008 ctesum

527 1017 677 1071 illum
709 1022 955 1090 exigeres
980 1039 992 1074 :
1021 1032 1074 1075 ιιι
1098 1039 1231 1079 vero
1249 1027 1413 1082 Deum
1438 1029 1642 1089 habens
1661 1035 1713 1089 itt
1737 1053 1920 1095 mensa
1944 1043 2111 1112 ipsius

523 1111 732 1173 (mensa
760 1111 900 1162 enim
931 1111 1100 1180 ipsius
1142 1129 1204 1168 os
1250 1129 1492 1174 nostrum
1524 1131 1625 1187 est,
1658 1141 1777 1180 cum
1816 1133 2106 1199 gratiarum

522 1199 738 1265 plenum
767 1204 895 1270 est),
916 1205 1104 1270 quovis
1130 1205 1200 1259 itn
1209 1222 1340 1276 puro
1361 1226 1486 1267 vase
1507 1219 1916 1276 exsecrabiliora
1943 1227 2105 1283 verba

522 1290 797 1356 proterens
817 1333 831 1354 ,
862 1309 1045 1362 quaiso
1091 1307 1141 1351 te
1163 1339 1177 1361 ,
1225 1315 1332 1354 non
1372 1317 1494 1358 eum
1521 1307 1587 1361 ad
1626 1307 1952 1368 iracundiam
1983 1333 2105 1387 pro-

517 1395 710 1435 vocare
740 1386 930 1450 putas?
960 1397 1010 1440 et
1039 1389 1125 1458 qui
1150 1389 1253 1443 hoc
1276 1392 1391 1447 ﬁeri
1414 1399 1765 1463 queat?Nihil
1787 1405 1928 1458 enim
1948 1386 2102 1478 teque

514 1483 757 1526 sanctum
788 1475 936 1530 illum
965 1492 1026 1531 ac
1057 1494 1250 1548 purum
1289 1486 1573 1541 exacerbat
1601 1529 1615 1551 ,
1662 1500 1718 1544 ut
1753 1495 1915 1550 verba
1941 1496 2057 1553 haec
2080 1542 2094 1556 .

3706 515 3808 570 ΗΞ

2185 653 2202 671 κ
2233 597 2330 652 sed
2361 602 2549 658 mortis
2575 615 2629 660 et
2658 607 2768 662 vitii
2794 611 2938 680 quod
2965 612 3018 668 in
3044 627 3271 687 corpore
3293 632 3379 676 est
3398 642 3410 677 :
3431 626 3620 682 eodem
3655 632 3813 686 modo

2228 685 2328 742 ista
2367 704 2578 760 quoque
2602 735 2620 760 ,
2663 697 3077 758 adventitiarum
3123 685 3319 765 animal
3349 719 3808 782 perturbationum

2224 787 2368 832 sunt.
2400 780 2534 836 Nam
2563 785 2606 838 si
2635 789 2863 845 viventis
2889 796 3082 849 animze
3113 813 3298 856 vocem
3325 806 3510 862 audire
3537 811 3617 864 vis
3640 854 3654 877 ,
3687 814 3812 868 attdi

2226 866 2447 924 Paulum
2475 875 2742 934 dicentem
2767 900 2782 936 :
2811 882 3065 942 Habentes
3090 892 3359 957 alimenta,
3390 910 3438 953 et
3463 903 3642 970 quibus
3667 916 3806 977 tega-

2219 973 2335 1012 ntur
2357 1001 2369 1024 ,
2399 964 2480 1017 his
2505 972 2731 1024 contenti
2757 991 2932 1030 sumus
2971 978 3048 1050 (i.
3083 979 3212 1036 Tim.
3242 987 3294 1040 5.
3325 991 3379 1060 8)
3405 1009 3418 1055 ;
3452 964 3539 1059 et,
3574 964 3810 1062 Qutesius

2220 1066 2437 1122 magnus
2461 1069 2535 1112 est
2562 1062 2724 1131 pietas
2752 1065 2914 1138 (Ibid.
2944 1086 2992 1124 υ.
3027 1072 3081 1143 6)
3111 1091 3126 1140 ;
3158 1086 3233 1144 et,
3262 1079 3411 1149 Mihi,
3446 1089 3667 1143 mundus
3689 1107 3803 1145 cru-

2217 1145 2402 1214 ciﬁxus
2431 1163 2539 1216 est,
2573 1164 2621 1208 et
2644 1174 2736 1227 ego
2766 1163 2954 1216 mundo
2985 1165 3129 1234 (Gal.
3176 1169 3229 1225 6.
3276 1145 3555 1245 14).Ἀιιάἰ
3587 1181 3802 1239 Petrum

2212 1235 2500 1308 dicentem,
2523 1246 2802 1316 Argentum
2822 1262 2870 1306 et
2890 1271 3074 1310 aurum
3094 1272 3284 1316 nonest
3304 1235 3429 1320 mihi
3446 1283 3466 1332 ;
3483 1273 3618 1340 quod
3636 1285 3803 1330 autent

2211 1329 2404 1398 habeo,
2435 1334 2530 1389 hoc
2559 1339 2650 1392 tibi
2676 1341 2743 1395 do
2771 1341 2910 1416 (Act.
2942 1348 2995 1403 δ.
3023 1349 3080 1421 6)
3106 1369 3120 1402 τ
3144 1354 3265 1408 audi
3291 1355 3392 1412 Job
3418 1329 3615 1430 gratias
3640 1381 3803 1436 agon-

2208 1429 2314 1475 tem
2362 1440 2425 1480 ac
2462 1427 2769 1501 dicentem,
2801 1436 3055 1496 Dominus
3095 1444 3271 1513 dedit,
3310 1427 3561 1508 Dominus
3593 1427 3800 1514 absiulit

2205 1510 2350 1582 (Job
2381 1515 2433 1572 l.
2477 1517 2590 1589 21).
2625 1522 2752 1580 Haec
2789 1528 3016 1585 viventis
3059 1510 3266 1592 animae
3295 1541 3460 1596 verba
3490 1557 3611 1600 sunt
3633 1510 3795 1611 ,haee

2082 1554 2088 1556 π
2205 1554 2223 1582 κ
2251 1554 2346 1567 νυν
2385 1554 2433 1572 ..
2480 1554 2590 1589 -.~,.
2625 1554 2752 1580 ιιυευ
2795 1554 3016 1585 munus
3059 1554 3252 1592 animae
3295 1554 3460 1596 verba
3490 1557 3648 1611 sunt,
3681 1554 3794 1604 hac

515 1554 648 1609 nihil
699 1557 770 1610 ita
803 1561 1120 1616 temerarios
1148 1573 1204 1617 et
1234 1565 1573 1634 impudentes
1604 1570 1848 1630 [nomines
1879 1580 2093 1650 reddit,
2201 1618 2352 1659 suam
2377 1609 2482 1664 vim
2510 1619 2827 1674 “serenus.
2856 1621 2944 1677 Sic
2969 1621 3136 1682 Jacob
3163 1630 3328 1686 etiam
3357 1634 3590 1708 dicebat,
3616 1640 3678 1696 Si
3705 1644 3794 1697 de.

515 1656 568 1701 nt
600 1647 907 1708 hujusmodi
937 1652 1099 1708 verba
1132 1654 1274 1708 louui
1306 1666 1360 1708 et
1387 1660 1574 1708 audire
1597 1678 1612 1708 :
1638 1663 1768 1708 nihil
1811 1681 1964 1708 mm...
1993 1688 2091 1708 η..-
2224 1694 2236 1708 .
2300 1697 2329 1708 ,Α
2519 1701 2547 1708 _
2651 1707 2657 1708 ,

2078 1647 2087 1650 -
2201 1647 2351 1659 -.......
2510 1647 2827 1674 ωουισηιιδ.
2856 1647 2944 1677 me
2969 1647 3136 1682 aacou
3163 1647 3328 1686 etiam
3357 1647 3590 1708 dicebat,
3616 1647 3678 1696 Si
3705 1647 3793 1697 de-

511 1656 568 1701 υι
600 1647 907 1717 minim")di
937 1652 1099 1708 Verba
1132 1654 1274 1724 ιοψιί
1306 1666 1360 1711 ει
1387 1660 1574 1716 audire
1597 1678 1612 1716 ³
1637 1663 1771 1720 nihil
1811 1681 1964 1738 ωίιυθ
1993 1688 2092 1741 Pu'
2200 1694 2330 1749 derit
2356 1700 2480 1753 milii
2509 1701 2756 1762 Dominus
2791 1727 2972 1778 panem
2994 1716 3064 1769 ad
3087 1723 3530 1792 manducandum,
3571 1741 3617 1784 et
3645 1736 3793 1788 vesti-

511 1739 702 1792 LiiCiliiB
732 1757 930 1792 nervos
961 1743 1223 1792 refrinuiL
1248 1759 1304 1792 ill
1333 1749 1541 1792 ﬂamma
1584 1771 1704 1792 ηηιιδ
1732 1773 1826 1792 τιον
1853 1775 1914 1792 ΔΛ
1942 1765 2059 1792 ιι-ιιῖ

506 1739 702 1794 dicitis:
732 1757 930 1798 nervos
961 1743 1224 1815 refringit.
1248 1759 1308 1802 ut
1331 1749 1564 1816 ﬂamma,
1584 1771 1704 1824 quae
1731 1773 1826 1827 per
1852 1775 1916 1816 ea
1942 1765 2052 1820 exci

509 1838 668 1885 tatur.
700 1831 843 1887 Deus
874 1845 1202 1893 unguentum
1233 1839 1315 1893 ori
1359 1851 1450 1893 tuo
1496 1842 1779 1893 immsnit:
1826 1858 1918 1893 nm
1961 1869 2052 1893 smn

2201 1739 2276 1747 ..ν-
2294 1739 2329 1749 ..
2357 1739 2479 1753 ...πη
2509 1739 2755 1762 υυυιυιιω
2791 1739 2972 1778 partem
2994 1739 3061 1769 aa
3087 1739 3496 1780 manaucanaum
3516 1769 3530 1792 ,
3571 1741 3617 1784 et
3645 1739 3786 1788 υεειὶ-

2197 1798 2420 1843 mentum
2450 1794 2518 1846 ad
2555 1796 2868 1855 induendum
2902 1803 3052 1875 (Gen.
3083 1808 3174 1864 28.
3208 1812 3301 1885 20)
3331 1833 3344 1869 :
3372 1817 3450 1871 sic
3476 1829 3532 1874 et
3559 1821 3786 1893 Josepb,

509 1838 668 1885 tatur.
700 1831 843 1887 Deus
874 1845 1202 1903 unguentum
1233 1839 1315 1894 ori
1359 1851 1450 1896 tuo
1496 1842 1781 1916 imposuit;
1826 1858 1918 1906 tuo
1961 1869 2052 1910 ver

509 1921 768 1975 cadavere
797 1921 1064 1975 timidiora
1097 1929 1257 1975 verba
1289 1930 1342 1975 in
1375 1946 1441 1975 an
1472 1937 1719 1975 rnminriie
1788 1950 1947 1975 sim...
1977 1947 2052 1975 ...ς

2450 1831 2516 1846 ι...
2556 1831 2868 1855 usuucuuutu
2902 1831 3052 1875 (uera.
3084 1831 3174 1864 ze.
3208 1831 3301 1885 zu;
3331 1833 3344 1869 :
3372 1832 3450 1871 Stc
3476 1831 3532 1874 et
3559 1831 3785 1893 Josepb,

2198 1875 2311 1942 Quo
2332 1890 2480 1948 pacto
2506 1886 2694 1954 faciam
2719 1893 2919 1946 uerbum
2941 1895 3038 1950 hoc
3061 1901 3275 1967 malum,
3307 1917 3354 1959 et
3378 1913 3591 1975 peccabo
3615 1931 3785 1971 coram

2202 1921 2308 1942 κ-ν
2332 1921 2478 1948 ,νυν-υ
2506 1921 2694 1954 [unum
2721 1921 2919 1946 actuum
2941 1921 3038 1950 um;
3061 1921 3275 1967 rnatum,
3307 1921 3354 1959 et
3378 1921 3591 1975 peccabo
3615 1931 3779 1971 coram

506 1921 768 1977 cadavere
797 1921 1064 1979 lmtidiora
1097 1929 1258 1983 verba
1289 1930 1343 1984 in
1375 1946 1441 1986 eo
1471 1937 1754 2004 recondis,
1786 1950 1948 2012 atque
1975 1947 2088 2000 ani-
2193 1964 2305 2020 Deo
2336 1969 2494 2036 (MM
2529 1975 2616 2030 39_
2651 1978 2748 2047 9)?
2776 1983 2840 2036 Α,
2874 2000 2982 2038 non
3004 1989 3226 2056 perinde
3263 1993 3485 2052 barbam
3527 2002 3610 2057 ma
3638 2046 3650 2068 ν
3684 2009 3779 2063 sed

506 2031 644 2068 mam
691 2018 858 2068 insani
905 2021 1104 2068 occidis
1150 2031 1205 2068 et
1252 2023 1576 2068 immnltilpm
1629 2030 1806 2068 rudilic
1877 2035 2083 2068 πηνα...
2270 2059 2280 2068 .
2403 2063 2416 2068 -
2474 2066 2481 2068 _

2251 2018 2294 2020 ν-
2337 2018 2494 2036 μνη-
2530 2018 2616 2030 νν.
2652 2018 2704 2047 υ,
2729 2021 2739 2032 .
2776 2018 2840 2036 η.
2874 2018 3226 2056 ιιυημιςιηιιιιτ
3263 2018 3485 2052 uuruara
3527 2018 3610 2057 Illa
3638 2046 3650 2068 ,
3684 2018 3779 2063 sed

503 2031 644 2070 mam
691 2018 858 2088 ipsam
905 2021 1104 2075 occidis
1150 2031 1205 2076 cl
1251 2023 1577 2082 immOlitleﬁl
1629 2030 1827 2086 νεάάίεο
1877 2035 2084 2093 Ειθιιίηι
2194 2059 2344 2114 velut
2367 2063 2516 2119 ebria
2547 2083 2610 2124 ac
2634 2070 2894 2142 delirans,
2926 2079 2994 2133 ita
3025 2081 3342 2152 loquebatur
3365 2090 3571 2163 dicens,
3601 2096 3781 2155 Dormi

503 2123 622 2161 cum
649 2109 880 2163 aliquem
907 2113 1228 2163 contumelia
1259 2115 1449 2163 affinis-
1482 2117 1582 2163 ilnn
1613 2136 1714 2163 nm.
1745 2125 1938 2163 anim...
1988 2130 2081 2163 mi
2541 2159 2551 2163 -

2240 2109 2342 2114 η--
2370 2109 2516 2119 --....
2547 2109 2610 2124 ..ν
2634 2109 2894 2142 “unum,
2927 2109 2994 2133 ua
3025 2109 3342 2152 tuqucualllr
3365 2109 3571 2163 uteens,
3601 2109 3774 2155 Uormi

503 2123 622 2161 cum
649 2109 880 2179 aliquem
907 2113 1228 2167 contumelia
1259 2115 1450 2180 alﬁcis,
1481 2117 1582 2173 llOC
1611 2136 1714 2174 ιιοιι
1745 2125 1959 2192 animae,
1987 2130 2083 2184 sed
2189 2164 2383 2212 mecum
2410 2153 2568 2222 (Ibid.
2600 2175 2650 2212 υ,
2682 2163 2758 2232 7),
2807 2165 2932 2220 Haec
2963 2168 3122 2239 igitur
3157 2189 3277 2230 cum
3317 2183 3627 2242 noverimus
3650 2229 3664 2253 ν
3695 2192 3774 2244 vi-

503 2199 794 2253 iracundia:
819 2217 921 2253 vox
951 2211 1065 2253 est:
1097 2220 1218 2253 eum
1249 2207 1500 2253 obeamus
1535 2211 1768 2253 Inﬁrmi-ie
1821 2233 1924 2253 nnn
1954 2220 2040 2253 ιιι..
2299 2251 2305 2253 .
2502 2249 2513 2253 -

503 2199 794 2255 iracundia:
819 2217 921 2257 vox
951 2211 1065 2268 est;
1097 2220 1220 2260 eum
1249 2207 1501 2263 obscmna
1534 2211 1787 2281 loqueris.
1821 2233 1924 2272 non
1954 2220 2040 2274 illa

503 2290 594 2344 sed
631 2291 796 2345 libido
822 2293 1037 2345 loauuta
1067 2305 1150 2345 est
1170 2313 1186 2345 :
1218 2312 1340 2345 cum
1369 2299 1654 2345 nhlrenlas,
1696 2305 1888 2345 invidia
1914 2327 1925 2338 .
1957 2329 2052 2345 ιη...

2208 2199 2222 2212 ,
2244 2199 2383 2205 --ν-η-
2410 2199 2568 2222 ὶ..ην-
2602 2199 2650 2212 νο
2691 2199 2758 2232 ,1.
2807 2199 2932 2220 such
2963 2199 3121 2239 Ιδιιυῖ
3157 2199 3277 2230 CUI"
3318 2199 3627 2242 "overunus
3650 2229 3664 2253 ι
3695 2199 3774 2244 νὶ-

2186 2251 2398 2298 ventem
2427 2249 2663 2305 animam
2697 2256 3050 2328 temuletnttr,
3093 2275 3355 2322 mortuam
3387 2271 3651 2342 fugiamus
3673 2321 3688 2345 ,
3721 2293 3780 2337 ut

2186 2326 2207 2345 ,
2247 2341 2257 2345 _
2725 2344 2732 2345 ,

500 2290 594 2344 sed
631 2291 796 2346 libido
822 2293 1037 2363 loquuta
1067 2305 1186 2362 est;
1218 2312 1340 2352 cum
1369 2299 1662 2368 obtrectas,
1694 2305 1928 2375 invidia;
1956 2329 2052 2368 cun

500 2379 716 2430 insidias
745 2384 929 2430 slnlis-
963 2386 1208 2430 avaritia-
1243 2388 1367 2430 Hann
1395 2391 1537 2430 pnim
1573 2409 1676 2430 nnn
1708 2399 1900 2430 σηιξηι...
1931 2413 2049 2430 μη...

2201 2290 2398 2298 .----,-.-
2427 2290 2663 2305 .............
2697 2290 3012 2313 utanimm-ur
3034 2303 3050 2328 ,
3093 2290 3355 2322 murtuam
3387 2290 3651 2342 lugtttmus
3673 2321 3688 2345 ,
3721 2293 3772 2337 ut

2185 2326 2414 2389 futuram
2445 2353 2658 2410 quoque
2686 2344 2851 2401 vitam
2895 2363 3294 2422 consequamur
3325 2377 3339 2411 :
3371 2378 3533 2430 quam
3566 2369 3772 2426 utinam

2211 2379 2414 2389 ..-η-..η
2446 2379 2656 2410 Ὶυυιιυυ
2693 2379 2851 2401 nuntur
2895 2379 3294 2422 uvuacqualllur
3325 2379 3339 2411 2
3371 2379 3533 2430 quam
3566 2379 3772 2426 utinam

497 2379 716 2437 insidias
745 2384 931 2452 struis,
963 2386 1208 2442 avaritia.
1241 2388 1369 2444 H30
1395 2391 1538 2445 enitn
1571 2409 1676 2448 non
1706 2399 1900 2454 animm
1929 2413 2073 2472 sunt,
2182 2425 2341 2482 nobis
2385 2432 2635 2488 omnibus
2678 2441 2942 2509 consequi
2977 2445 3273 2518 conlingat,
3314 2467 3410 2521 per
3449 2459 3674 2525 gratiam
3719 2473 3775 2519 ει

497 2473 586 2525 58d
611 2475 1068 2525 perturbationum
1091 2479 1258 2525 inﬁills
1277 2496 1339 2525 me
1363 2485 1669 2525 mnrlmI-nm
1713 2489 2042 2525 Πηοηιηιιηυι
2183 2513 2196 2525 -
2293 2517 2304 2525 ·
2384 2519 2397 2525 -

492 2473 586 2526 sed
611 2475 1070 2542 perturbationum
1090 2479 1258 2548 ipsius
1277 2496 1340 2536 ac
1363 2485 1692 2540 morborum.
1713 2489 2072 2556 Quemadmo-
2181 2513 2587 2591 benignitatem.
2616 2537 2720 2582 Nc.

492 2563 614 2591 ,ιω-ι
649 2565 789 2591 ...ιζ-ι..
823 2570 1090 2591 ,ιη--.-ηκε
1169 2586 1218 2591 --.
1243 2588 1268 2591 --
1317 2572 1488 2591 ,ενηξι-
1509 2575 1559 2591 νο-
1867 2583 1877 2591 .

491 2563 616 2623 dum
646 2565 790 2619 enim
821 2570 1134 2639 corrumpi,
1169 2586 1273 2625 non
1313 2572 1628 2642 simpliciter
1667 2583 1912 2649 corporis
1946 2598 2070 2656 est,

1871 2770 2220 2842 HOMILIA
2265 2784 2408 2847 VII.
2928 2795 2930 2798 ’

483 2888 610 2945 Car.
631 2893 683 2947 5.
707 2908 761 2947 v.
807 2893 860 2945 7.
891 2892 1042 2958 Quod
1082 2897 1126 2949 si
1158 2898 1466 2954 ministratio
1512 2907 1690 2961 mortis
1717 2908 1873 2966 literis
1911 2916 2067 2982 effor-

558 2993 695 3035 mata
735 2983 798 3036 in'
817 2984 1092 3054 lapidibus,
1120 2988 1218 3056 fuit
1247 2991 1299 3042 in
1339 2993 1526 3061 gloria,
1552 2997 1624 3049 ita
1651 3010 1706 3051 ut
1745 3019 1844 3055 non
1870 3021 2069 3074 possent

550 3076 648 3144 ﬁlii
672 3074 839 3130 Israel
868 3079 1127 3133 intendere
1154 3082 1206 3134 in
1237 3082 1419 3151 faciem
1463 3085 1680 3158 Moysis,
1709 3107 1914 3164 propter
1950 3100 2068 3168 glo-

548 3168 679 3219 riam
708 3168 877 3220 uultus
918 3169 1049 3238 ejus,
1092 3187 1206 3240 qute
1244 3187 1518 3230 evacuatur
1538 3194 1558 3231 :
1586 3178 1639 3234 8.
1686 3186 1937 3251 quomodo
1965 3208 2066 3246 non

548 3259 709 3328 magis
736 3259 1039 3314 ministratio
1069 3263 1280 3327 spiritus
1305 3266 1398 3319 erit
1426 3268 1478 3321 in
1505 3270 1712 3340 gloria?

2176 2924 2294 2982 Non
2336 2934 2480 2989 enim
2524 2938 2700 3009 dixit,
2739 2944 2851 3002 Lex
2894 2962 3120 3008 mortem
3161 2957 3353 3026 efﬁcit,
3393 2964 3524 3030 sed,
3575 2967 3761 3024 Hortis

2174 3020 2478 3081 ministratio
2502 3040 2616 3086 est:
2645 3047 2872 3093 mortem
2900 3043 3042 3098 enim
3069 3047 3429 3120 ministrabat,
3451 3073 3556 3113 non
3581 3073 3757 3118 autem

2175 3113 2435 3178 pariebat.
2468 3119 2598 3177 Nam
2632 3139 2906 3193 peccatum
2947 3135 3000 3189 id
3030 3148 3167 3204 erat,
3195 3144 3338 3212 quod
3377 3160 3604 3206 mortem
3643 3155 3758 3210 elli-

2170 3201 2382 3268 ciebat;
2424 3209 2512 3266 lex
2540 3225 2718 3272 autem
2747 3223 3064 3292 supplicium
3117 3231 3427 3301 invehebat,
3456 3254 3520 3294 ac
3561 3258 3752 3311 pecca-

2170 3300 2278 3345 tum
2304 3294 2592 3368 indicabat,
2612 3321 2718 3362 non
2746 3321 2924 3368 autem
2948 3315 3194 3375 faciebat.
3211 3323 3406 3380 Malum
3427 3330 3569 3384 enim
3595 3347 3755 3402 aper-

2371 3349 2380 3351 ἡ
2401 3349 2592 3368 """W
2612 3349 2717 3362 """
2746 3349 2924 3368 "'““""
2948 3349 3194 3375 ιαυιυυᾰιιο
3211 3349 3406 3380 ιιιιιιιιιιι
3427 3349 3569 3384 enlm
3595 3349 3625 3386 3
3667 3350 3748 3389 er-

549 3349 600 3402 l.
635 3349 856 3404 Dixerat
883 3351 1026 3419 quod
1057 3352 1218 3410 Musis
1267 3356 1462 3412 tabula:
1509 3359 1736 3430 lapidea:
1776 3380 1977 3436 essent,
2007 3384 2064 3429 ut
2167 3381 2272 3438 tius
2299 3385 2600 3460 detegebat,
2643 3414 2706 3452 ac
2732 3402 3029 3474 plectebat,
3061 3426 3169 3465 non
3212 3425 3392 3470 autem
3438 3419 3504 3474 ad
3550 3350 3748 3478 mnium

552 3453 633 3478 am
661 3439 803 3478 nnnd
828 3440 1008 3478 liras-ac
1037 3441 1293 3478 huiusI-nn:
1345 3457 1394 3478 nl
1425 3450 1566 3478 ,ηιηιι
1600 3457 1836 3478 ,ιη--.-ιι
1868 3476 1880 3478 -
1899 3476 1909 3478 _
2022 3474 2032 3478 -
2166 3473 2178 3478 -

2345 3439 2600 3460 "'°"""'
2643 3439 2706 3452 "V
2732 3439 3029 3474 γεννιιυαι,
3061 3439 3169 3465 mm
3212 3439 3392 3470 antem
3438 3439 3504 3474 :lu
3550 3439 3748 3478 malum

475 3439 634 3492 etiam
661 3439 804 3509 quod
827 3440 1008 3496 literas
1034 3441 1319 3511 haberent,
1343 3457 1400 3501 et
1424 3450 1566 3518 quod
1597 3457 1840 3512 carnales
1858 3474 2056 3531 essent,
2164 3473 2472 3546 impellebat
2504 3504 2518 3540 ε
2549 3503 2724 3559 neque
2783 3495 2851 3548 ad
2900 3498 2953 3552 id
2987 3502 3348 3575 ministrabat,
3373 3519 3432 3564 ut
3471 3527 3748 3581 peccamm

475 3528 836 3581 apostolorum
861 3531 1047 3581 corda.
1067 3542 1121 3581 et
1143 3534 1331 3581 sniritn
1356 3536 1620 3581 dolamine.
1671 3553 1722 3581 Μ
1746 3549 1883 3581 nam:
1910 3551 2056 3581 t:.......
2166 3565 2194 3581 η

2039 3528 2048 3531 -
2207 3528 2210 3529 ν
2241 3528 2472 3546 τ---ν--ν·-
2504 3528 2517 3540 ο
2549 3528 2724 3559 uva-Iv
2783 3528 2851 3548 au
2900 3528 2953 3552 tu
2987 3528 3348 3575 Ulllllsu'ilmll,
3373 3528 3432 3564 υι
3471 3528 3745 3581 ρθεωιυιη

473 3528 836 3595 apostolorum
861 3531 1047 3596 corda,
1067 3542 1121 3586 et
1143 3534 1331 3603 spiritu
1356 3536 1642 3609 descripta,
1671 3549 1883 3615 etquod
1909 3551 2059 3609 litera
2162 3565 2336 3637 ﬁeret,
2369 3585 2461 3629 am
2491 3593 2638 3634 mors
2666 3584 2974 3657 exsisteret,
3001 3593 3095 3648 sed
3123 3605 3179 3650 ω
3208 3613 3393 3667 manus
3417 3602 3569 3660 daret
3592 3608 3634 3662 is
3655 3612 3745 3678 qui

473 3618 766 3678 occideret.
797 3620 1016 3678 spiritus
1058 3631 1238 3678 autem
1285 3625 1603 3678 viviﬁcaret-
1633 3633 1918 3678 Snnnrm-nt
1953 3643 2054 3678 to...
2160 3673 2246 3678 μμ
2420 3675 2427 3678 .
2692 3674 2702 3678 -
2766 3674 2778 3678 -
2843 3677 2851 3678 ,

2163 3618 2247 3622 -___
2266 3618 2336 3637 --,
2369 3618 2461 3629 ...η
2491 3618 2638 3634 ...νην
2666 3618 2974 3657 cuiatem,
3001 3618 3095 3648 seu
3124 3618 3179 3650 ut
3209 3618 3393 3667 pwnas
3417 3618 3569 3660 uaret
3592 3618 3634 3662 is
3655 3618 3737 3678 qui

471 3618 766 3685 occideret,
797 3620 1016 3689 spiritus
1058 3631 1238 3678 ειυῑθιη
1285 3625 1603 3687 νίνίίίεπθῑι
1633 3633 1923 3706 Supererat
1946 3643 2055 3712 iam
2159 3673 2468 3727 peccasset:
2497 3683 2560 3724 ac
2587 3674 2814 3741 proinde
2837 3677 2943 3736 hac
2968 3698 3182 3756 quoque
3212 3691 3421 3748 ratione
3460 3710 3737 3765 peccatum

473 3707 597 3765 huic
638 3712 1029 3765 comparationi
1059 3714 1202 3765 aliud
1235 3733 1355 3765 non
1385 3722 1650 3765 mndimim
1673 3727 2028 3765 adﬁnia-“lu...
2177 3750 2188 3765 .
2229 3752 2240 3765 ι
2283 3754 2293 3765 -

473 3707 597 3765 huic
638 3712 1029 3781 comparationi
1059 3714 1203 3770 aliud
1234 3733 1355 3772 noni
1385 3722 1650 3779 modicum
1673 3727 2052 3802 adjiciendum,
2157 3707 2391 3808 δοιθικη,

470 3816 662 3871 nempe
711 3802 874 3858 Hosis
920 3805 1090 3874 gloria
1120 3823 1135 3860 :
1165 3822 1325 3878 quam
1374 3812 1592 3880 quidem
1642 3832 1801 3872 nemo
1850 3821 1953 3877 hoc
2000 3825 2051 3879 in

467 3881 616 3947 Novo
646 3893 990 3949 Testamento
1017 3899 1295 3966 corporeis
1324 3901 1493 3956 oculis
1523 3902 1674 3958 vidit.
1706 3905 1859 3964 Unde
1889 3913 2049 3968 etiam

467 4000 657 4056 magna
688 3983 988 4052 videbatur,
1018 3988 1270 4057 quoniam
1298 3989 1467 4059 gloria
1494 4009 1556 4048 ea
1587 3996 1688 4050 sub
1722 4012 1939 4057 sensum
1961 4018 2050 4058 ca-

464 4074 668 4130 debat:
709 4079 952 4147 corporis
1005 4080 1148 4134 enim
1199 4082 1370 4137 oculis
1418 4087 1760 4157 cernebatur,
1810 4093 1934 4150 licet
1977 4098 2045 4152 ad

464 4183 582 4221 eam
624 4170 879 4226 accedere
909 4187 1069 4227 nemo
1100 4184 1302 4242 posset,
1343 4191 1464 4231 cum
1492 4191 1678 4237 contra
1704 4185 1872 4256 gloria
1910 4188 2043 4246 Novi

461 4259 792 4318 Tcstamenti
839 4262 1119 4319 intellectu
1160 4275 1499 4323 cerneretur.
1532 4271 1717 4342 Neque
1761 4279 1902 4334 enim
1942 4281 2042 4336 im-

457 4351 824 4409 becillioribus
869 4356 1148 4427 perspicua
1186 4366 1272 4412 est
1312 4358 1613 4429 hujusmodi
1667 4370 2039 4434 praecellentia:

453 4444 687 4513 cognitio
714 4459 728 4509 ;
775 4460 960 4500 verum
987 4447 1153 4516 gloria
1182 4449 1269 4503 illa
1298 4452 1470 4521 magis
1495 4469 1590 4509 eos
1625 4458 1932 4528 attollebat,
1955 4474 2036 4519 at-

451 4549 556 4601 que
583 4535 649 4588 ad
677 4551 736 4590 se
764 4538 1138 4592 conuertebat.
1162 4539 1421 4607 Quoniam
1450 4544 1613 4613 igitur
1651 4549 1707 4603 in
1733 4552 2033 4622 hujusmodi

447 4629 903 4698 comparationem
943 4630 1224 4697 inciderat,
1253 4643 1413 4703 atque
1439 4650 1696 4706 quantum
1735 4642 1849 4700 hmc
1888 4647 2029 4703 illam

446 4717 734 4772 antecellat
776 4718 1151 4776 demonstrare
1189 4723 1460 4791 studebat,
1494 4727 1653 4799 idque
1692 4745 1911 4804 propter
1933 4753 2028 4794 au-

447 4807 676 4865 diturum
706 4813 1009 4868 crassitiem
1036 4814 1254 4871 difﬁcile
1285 4829 1437 4884 erat;
1472 4821 1592 4876 vide
1618 4825 1742 4891 quid
1773 4827 1948 4897 faciat,
1973 4841 2028 4887 et

441 4914 545 4970 qua
566 4909 684 4957 arte
720 4903 770 4957 id
798 4905 1049 4962 moliatur
1077 4925 1090 4962 :
1123 4908 1297 4978 primo
1327 4912 1582 4979 rationes,
1611 4932 1673 4970 ex
1697 4920 1888 4987 quibus
1916 4923 2027 4979 dis-

438 4993 640 5048 crimen
687 5008 1048 5067 agnOscatur,
1100 5001 1387 5066 inducens,
1439 5021 1637 5074 easque
1684 5025 1748 5064 ex
1800 5013 1864 5067 iis
1903 5031 2021 5086 quae

435 5094 560 5140 ante
584 5087 792 5142 dixerat
828 5100 1142 5147 contexens.
1175 5094 1308 5150 Nam
1356 5098 1399 5151 si
1445 5099 1534 5153 illa
1584 5105 1792 5168 mortis,
1827 5108 2015 5178 inquit,

436 5175 550 5231 haec
598 5189 778 5233 autem
811 5181 934 5236 vita:
964 5183 1286 5240 ministratio
1315 5197 1432 5254 est;
1477 5190 1696 5247 dubium
1745 5212 1864 5252 esse
1909 5216 2016 5256 non

433 5278 633 5336 potest,
659 5272 785 5339 quin
809 5271 925 5328 haec
946 5290 1156 5345 quoque
1183 5277 1348 5347 gloria
1380 5281 1523 5336 illam
1554 5287 1857 5342 antecellat.
1881 5291 2012 5358 Quia

426 5359 570 5413 enim
621 5360 798 5418 facere
845 5380 950 5418 non
979 5375 1215 5434 poterat,
1247 5381 1304 5424 ut
1347 5378 1624 5442 corporeis
1679 5381 1847 5435 oculis
1891 5399 2008 5439 eam

425 5453 770 5519 spectandam
805 5466 1147 5526 proponeret,
1168 5460 1334 5529 ipsius
1361 5470 1667 5532 prmstantia
1693 5486 2008 5542 argumento

423 5539 720 5596 declaravit
747 5543 974 5599 dicens:
1008 5547 1159 5612 Quod
1201 5551 1246 5602 si
1277 5553 1585 5609 ministratio
1613 5539 1787 5614 mortis
1818 5565 1914 5634 [ait
1951 5567 2007 5621 in

420 5633 610 5700 gloria,
643 5638 895 5704 quomodo
932 5655 1032 5693 non
1063 5643 1225 5711 magis
1271 5643 1576 5701 ministratio
1601 5652 1808 5719 spiritus
1835 5658 1930 5710 erit
1951 5659 2003 5714 in

421 5725 588 5791 gloria
612 5725 638 5778 .’
687 5727 789 5782 Per
817 5731 1005 5786 mortis
1033 5742 1215 5788 autem
1242 5738 1598 5794 ministerium
1628 5743 1796 5812 legem
1841 5748 1998 5806 intel-

423 5812 556 5883 ligit.
590 5816 761 5887 Atque
786 5820 998 5876 interim
1039 5823 1178 5890 vide,
1210 5843 1366 5896 quam
1415 5829 1603 5886 sedulo
1645 5835 1698 5890 in
1728 5837 1825 5892 ista
1853 5855 1999 5896 com-

424 5907 702 5974 paratione
726 5922 932 5982 caveat,
952 5929 1018 5970 ne
1049 5915 1207 5972 ullam
1237 5917 1502 5977 ltazreticis
1523 5938 1706 5981 ansam
1737 5930 1990 5999 praebeat.

2145 4219 2210 4260 ac
2231 4210 2370 4264 sonti
2392 4224 2552 4283 caput
2575 4230 2834 4288 amputat,
2852 4225 3018 4294 judici
3045 4235 3401 4298 pronuntianti
3427 4241 3728 4300 ministrum

2143 4311 2202 4349 se
2229 4298 2467 4368 praebet;
2503 4320 2674 4376 neque
2704 4311 2820 4380 ipse
2844 4325 2927 4370 est
2955 4321 3044 4387 qui
3073 4321 3350 4395 interimit,
3381 4329 3587 4386 etiatnsi
3615 4336 3730 4406 ipse

2145 4398 2306 4456 caput
2330 4390 2646 4462 abscindat;
2677 4416 2776 4456 nec
2799 4420 3009 4462 rursum
3041 4410 3106 4472 is,
3136 4416 3226 4483 qui
3254 4421 3574 4476 sententiam
3597 4440 3726 4494 pro-

2145 4474 2166 4494 ρ
2226 4489 2237 4494 -
2310 4491 2318 4494 .
2475 4485 2486 4494 -
2810 4493 2815 4494 κ

2139 4474 2243 4532 fert
2269 4491 2325 4534 et
2350 4485 2698 4557 condemnat,
2727 4493 2822 4547 sed
2847 4495 2964 4565 ejus
2991 4498 3060 4554 de
3085 4474 3192 4573 quo
3213 4474 3725 4577 supplieiumistit-ni-

2138 4575 2224 4622 tur
2249 4571 2564 4643 improbitas
2607 4598 2621 4634 :
2670 4583 2741 4637 ita
2784 4585 2871 4640 hic
2896 4571 3117 4661 quoque
3132 4609 3237 4650 non
3268 4571 3352 4654 lex
3376 4616 3564 4659 necem
3591 4607 3722 4664 alre-

2133 4660 2308 4730 rebat,
2333 4668 2429 4721 sed
2457 4683 2732 4738 peccatum
2764 4675 2940 4747 ipsum
2968 4660 3103 4751 erat,
3135 4689 3277 4755 quod
3298 4700 3352 4745 et
3378 4694 3718 4755 interimehat

2131 4758 2187 4804 et
2214 4755 2640 4829 condemnabat;
2687 4765 2802 4823 htec
2847 4786 2996 4839 vero,
3027 4774 3081 4829 in
3127 4789 3334 4835 sontem
3379 4787 3716 4845 animadver-

2132 4855 2270 4916 tens,
2301 4852 2408 4907 vim
2436 4855 2580 4912 illius
2607 4863 2933 4932 succidebat,
2962 4871 3208 4940 supplicii
3241 4887 3388 4932 metu
3415 4896 3536 4936 eum
3564 4898 3716 4940 Coer-

2127 4951 2282 4995 cens.
2330 4941 2440 4999 Nec
2482 4962 2611 5002 vero
2655 4953 2784 5007 satis
2813 4955 3000 5013 habuit
3029 4959 3223 5020 Paulus
3253 4974 3571 5036 pra-stantia:
3614 4979 3711 5032 de-

2124 5027 2387 5086 claranda:
2418 5048 2576 5090 causa
2611 5041 2712 5094 hoc
2736 5042 2911 5099 solum
2952 5052 3259 5122 protulisse,
3290 5057 3550 5115 sedaliud
3579 5083 3706 5134 quo-

2121 5135 2226 5188 que
2246 5121 2311 5175 ad
2312 5123 2507 5194 jungit,
2529 5128 2716 5186 dicens
2740 5150 2752 5186 :
2780 5133 2848 5189 In
2871 5138 3030 5196 literis
3047 5121 3329 5212 deformata
3349 5151 3404 5204 in
3426 5121 3698 5225 lapidibus.

2123 5207 2255 5265 Vide
2283 5217 2554 5281 quomodo
2603 5236 2794 5280 rursus
2845 5226 3101 5288 Judaicos
3150 5237 3370 5305 spiritus
3415 5207 3698 5312 deprimat.

2115 5297 2254 5353 Nihil
2279 5304 2424 5359 enim
2452 5308 2598 5365 aliud
2643 5313 2733 5368 lex
2759 5329 2897 5382 erat,
2929 5336 3088 5390 quam
3134 5324 3339 5391 literae;
3383 5345 3489 5384 non
3521 5349 3697 5392 autem

2114 5391 2414 5449 subsidium
2466 5401 2630 5456 ullum
2663 5420 2696 5460 e
2730 5406 2900 5463 literis
2950 5413 3223 5483 prodiens,
3255 5427 3412 5488 atque
3456 5425 3698 5494 aspirans

2111 5483 2176 5540 iis
2206 5487 2294 5556 qui
2343 5489 2630 5561 dimicant,
2674 5498 2816 5552 sicut
2855 5500 2909 5555 in
2961 5501 3249 5574 baptismo,
3279 5483 3374 5566 sed
3422 5483 3617 5574 tabula:
3642 5531 3696 5577 et

2109 5577 2412 5647 scripturze,
2440 5596 2668 5640 mortem
2717 5588 2782 5644 iis
2811 5592 2902 5661 qui
2933 5592 3116 5652 literas
3159 5600 3429 5660 violabant
3467 5608 3695 5668 alleren-

2111 5675 2213 5722 tes.
2249 5668 2414 5727 Vides
2437 5690 2543 5744 quo
2572 5690 2730 5748 pacto
2756 5681 3034 5741 Judaicum
3064 5696 3423 5754 contentionis
3451 5705 3688 5761 studium

2104 5763 2420 5833 retundens,
2452 5783 2548 5838 per
2586 5771 2700 5842 ipsa
2745 5791 2962 5849 quoque
3010 5785 3265 5842 vocabula
3315 5797 3686 5864 auctoritatem

2105 5850 2242 5922 legis
2270 5871 2413 5912 nunc
2439 5859 2676 5931 dejiciat,
2721 5865 2953 5936 lapidem
2998 5873 3184 5932 dicens
3212 5888 3268 5934 et
3296 5881 3480 5940 literas
3503 5897 3557 5941 et
3585 5861 3688 5941 mi-

2104 5943 2485 6005 nistrationem
2515 5954 2727 6024 mortis,
2758 5957 3071 6034 addensque
3111 5977 3393 6038 prmterca,
3423 5975 3563 6042 quod
3592 5975 3688 6030 do-
