4090 6216
376 422 482 478 M5

373 541 604 593 l'ortnata
630 541 789 605 atque
818 530 1118 601 impressa?
1171 527 1305 584 lline
1341 528 1486 583 enim
1530 527 1601 581 nil
1644 526 1787 581 aliud
1816 524 1958 581 desi-

380 638 543 696 gnat,
577 642 734 693 quam
765 620 908 692 quod
952 621 1037 674 lex
1081 620 1135 674 in
1181 635 1288 674 uno
1316 618 1436 673 loco
1463 616 1641 673 deﬁxa
1672 624 1808 681 erat,
1851 630 1959 670 non

378 713 829 786 quemadmodum
868 712 1106 780 Spiritus,
1139 712 1227 779 qui
1259 710 1454 778 ubique
1479 707 1686 771 aderat,
1713 709 1819 761 vim
1847 722 1962 761 ma-

375 824 537 878 gnam
563 805 772 861 cunctis
795 804 1064 872 inspirans
1090 820 1104 856 :
1136 802 1218 856 vel
1258 810 1408 857 certe
1437 800 1538 855 hoc
1576 800 1793 863 indicat,
1817 797 1959 868 quod

379 901 546 953 litera:
592 898 766 950 minas
812 896 1007 949 multas
1050 893 1325 958 efﬂabant,
1359 901 1413 947 et
1451 892 1670 962 quidem
1696 890 1960 960 ejusmodi

376 987 551 1044 minas
572 1004 693 1059 qua:
713 987 880 1041 deleri
906 1001 1008 1038 non
1039 992 1279 1054 possent,
1304 983 1395 1037 sed
1427 999 1637 1051 semper
1657 990 1956 1045 manerent,

376 1092 568 1152 utpote
612 1082 761 1136 saxis
807 1079 1108 1148 insculptar.
1160 1076 1363 1132 Deinde
1391 1077 1576 1139 etiatn,
1605 1074 1730 1128 ilum
1778 1081 1960 1128 vetera

293 1165 313 1173 ³⁷
378 1173 628 1228 laudibus
671 1172 864 1227 eiferre
907 1169 1134 1234 videtur,
1168 1184 1353 1224 rursus
1400 1166 1704 1221 inda-orum
1734 1179 1959 1220 accusa-

376 1268 575 1319 tionem
599 1264 757 1317 simul
790 1262 1064 1331 inspergit.
1091 1261 1221 1315 Cum
1250 1261 1391 1314 enim
1411 1260 1659 1324 dixisset,
1688 1257 1751 1311 In
1777 1258 1954 1323 literis,

374 1360 663 1428 deformata
689 1357 743 1410 in
785 1356 1060 1427 lapidibus,
1090 1356 1186 1425 fuit
1216 1355 1268 1407 in
1307 1351 1515 1424 gloria;
1547 1352 1842 1421 subjuuxit,
1876 1349 1960 1403 Ita

375 1460 431 1502 ut
468 1465 570 1503 neu
597 1456 799 1518 possent
844 1447 941 1516 ﬁlii
977 1444 1142 1500 Israel
1169 1444 1426 1498 intendere
1454 1444 1507 1497 in
1538 1444 1723 1513 faciem
1766 1440 1956 1510 Moysi.

374 1540 529 1607 Quod
556 1539 774 1611 quidem
807 1553 1052 1607 magnam
1095 1552 1280 1592 eorum
1313 1535 1730 1591 imbecillitatem
1761 1532 1958 1586 animi-

372 1648 479 1702 qne
508 1631 574 1687 ad
608 1647 694 1686 res
744 1640 990 1686 terrenas
1037 1627 1455 1697 propensionem
1501 1625 1829 1681 declarabat.
1882 1623 1961 1677 Ac

372 1737 562 1777 rursus
591 1720 744 1786 dicit,
775 1737 903 1784 non,
938 1719 1165 1788 Propter
1217 1717 1512 1772 tabularum
1558 1715 1805 1785 gloriam,
1839 1713 1955 1779 sed,

373 1814 597 1883 PrOpter
636 1814 856 1884 gloriant
885 1812 1054 1865 vultus
1076 1812 1203 1882 ejus,
1229 1826 1342 1881 qua:
1387 1819 1674 1863 evacuatur.
1714 1805 1961 1862 Ostendit

368 1906 513 1962 enim
537 1921 682 1972 eum,
712 1907 803 1976 qui
834 1905 1042 1960 tabulas
1073 1904 1301 1969 ferebat,
1335 1903 1504 1974 gloria
1538 1902 1701 1963 afﬁci,
1729 1916 1833 1956 non
1858 1915 1955 1954 au-

373 2008 483 2053 tem
515 1997 654 2052 illas.
688 1996 805 2053 Non
835 1999 978 2052 enim
1001 1996 1155 2061 dixit,
1186 1996 1321 2062 Quia
1372 2010 1476 2049 non
1529 2003 1748 2064 possent
1777 1994 1955 2047 inten-

370 2089 503 2144 dere
551 2089 603 2143 in
651 2088 880 2154 tabulas,
909 2088 1028 2154 sed,
1060 2086 1126 2142 In
1165 2088 1362 2141 vultum
1413 2084 1650 2155 Mogsis:
1682 2099 1744 2139 ac
1772 2098 1956 2137 rursus

367 2195 476 2233 non
507 2179 661 2245 dixit,
693 2180 921 2250 Propter
945 2179 1171 2250 gloriam
1206 2178 1528 2239 tabularum,
1572 2176 1690 2243 sed,
1737 2174 1956 2244 Propter

366 2271 587 2341 gloriam
614 2272 782 2325 vultus
812 2272 993 2341 ipsius.
1038 2270 1241 2325 Deinde
1291 2281 1571 2339 postquam
1596 2282 1713 2322 eam
1739 2267 1951 2329 extulit,

363 2360 486 2416 vide
500 2379 605 2432 quo
628 2371 782 2433 pacto
797 2378 918 2418 eam
939 2377 1126 2417 rursus
1138 2359 1572 2431 dejiciatdicens,
1592 2360 1717 2425 Qua:
1737 2374 1955 2413 evacua-

363 2462 479 2506 tur:
497 2469 820 2524 quatquam
846 2453 947 2508 hoc
971 2451 1329 2508 accusationis
1356 2452 1620 2505 rationein
1641 2467 1746 2503 non
1770 2448 1951 2515 habet,

363 2544 463 2599 sed
491 2545 907 2600 extenuatiouis.
930 2543 1046 2599 Non
1066 2545 1209 2598 enim
1232 2541 1390 2604 dixit,
1419 2542 1549 2609 Qua:
1570 2550 1820 2609 corrupta
1844 2549 1949 2605 est,

365 2643 479 2700 aut,
509 2635 640 2702 Qua:
685 2636 825 2689 mala
849 2647 968 2700 e51;
1009 2636 1126 2700 sed,
1155 2637 1285 2702 Qua:
1326 2634 1540 2699 desiuit,
1580 2648 1643 2688 ac
1674 2632 1836 2686 ﬁnem
1863 2647 1953 2684 ac-

362 2726 512 2794 cipit.
546 2724 811 2792 Quomodo
850 2743 953 2780 uon
983 2727 1144 2797 magis
1176 2726 1479 2780 ministratio
1523 2726 1735 2795 spiritus
1765 2724 1858 2777 erit
1897 2722 1951 2775 in

364 2815 572 2886 gloria?
627 2816 835 2871 Fidenli
868 2817 1010 2871 enim
1058 2818 1239 2871 animo
1280 2819 1392 2886 jam
1438 2815 1571 2871 Novi
1620 2814 1950 2870 Testameuti

363 2907 679 2978 dignitatem
720 2908 938 2975 attollit,
976 2918 1034 2964 ut
1060 2909 1236 2964 omnis
1265 2906 1613 2963 dubitationis
1642 2914 1943 2977 expertem.

363 3003 443 3056 Ac
475 3000 596 3056 vide
618 3002 744 3072 quid
773 3003 881 3073 agit
906 3021 918 3057 :
953 3005 1205 3075 opposuit
1240 3003 1468 3074 lapidem
1489 3001 1664 3070 cordi,
1683 3010 1736 3056 et
1760 3002 1946 3056 literas

363 3093 597 3162 Spiritui.
643 3094 847 3151 Deinde
874 3111 997 3151 cum
1029 3112 1091 3152 ea
1134 3114 1252 3166 qua:
1295 3113 1361 3151 ex
1408 3097 1649 3163 utrisque
1684 3095 1951 3148 orirentur

360 3184 675 3251 indicasset,
706 3203 811 3240 non
842 3188 950 3256 jam
983 3204 1104 3258 quae
1131 3204 1196 3243 ex
1220 3189 1463 3258 utrisque
1492 3188 1599 3241 sint
1626 3187 1812 3258 ponit;
1853 3184 1949 3241 sed

366 3287 548 3343 postea
575 3293 735 3347 quam
760 3278 810 3332 id
835 3279 976 3349 quod
1015 3294 1043 3331 a
1083 3280 1234 3334 litera
1264 3290 1440 3333 ortum
1472 3278 1633 3332 habet
1660 3278 1942 3347 expressit,

360 3382 556 3437 nempe
584 3378 812 3424 mortem
835 3380 889 3424 et
909 3370 1436 3430 condemnationem,
1464 3370 1513 3424 id
1537 3368 1677 3440 quod
1702 3386 1731 3423 a
1757 3369 1946 3438 spiritu

362 3456 741 3526 proﬁciscitur,
776 3475 883 3514 non
935 3460 1062 3514 item
1108 3461 1382 3531 exprimit,
1413 3461 1515 3515 hoc
1549 3472 1653 3527 est,
1684 3459 1845 3514 vitain
1893 3467 1948 3513 et

354 3550 639 3619 justitiam,
670 3552 766 3606 sed
794 3553 968 3621 ipsum
998 3554 1245 3623 spiritum
1273 3574 1286 3609 :
1321 3554 1462 3624 quod
1493 3555 1706 3623 quidem
1735 3567 1945 3608 sermo-

360 3656 485 3696 nem
526 3642 908 3711 ampliﬁeabat.
938 3643 1148 3699 Novum
1197 3646 1339 3700 enim
1389 3646 1791 3701 Testamentum
1837 3659 1943 3699 non

359 3732 525 3787 vitam
553 3736 724 3789 solam
770 3734 949 3803 dabat,
980 3737 1073 3792 sed
1102 3736 1262 3793 etiam
1310 3739 1577 3808 spiritum,
1611 3753 1642 3792 a
1690 3755 1795 3809 quo
1839 3737 1943 3791 vita

357 3826 703 3896 adferebatur,
736 3830 1181 3886 subministrabat
1212 3851 1226 3885 :
1258 3832 1400 3902 quod
1434 3834 1539 3886 vita
1575 3832 1742 3885 inulto
1772 3829 1945 3900 majus

358 3929 496 3974 erat.
529 3918 657 3974 ltleo
687 3920 842 3987 dixit,
873 3920 1188 3976 Ministratio
1237 3923 1467 3991 spiritus.
1503 3924 1581 3976 Ac
1610 3932 1792 3990 postea
1826 3936 1942 3973 rur-

356 4024 448 4065 sus
478 4010 721 4065 eamdem
754 4028 867 4066 rcm
902 4012 1148 4078 inculcat,
1181 4012 1407 4067 dicens:
1450 4016 1505 4068 9.
1549 4009 1691 4065 Nam
1717 4011 1761 4065 si
1790 4011 1941 4065 mini-

358 4103 538 4157 stratio
560 4104 927 4172 damnationis,
950 4106 1139 4176 gloria.

427 4196 484 4251 2.
516 4197 594 4251 Ac
614 4196 902 4252 dilucidius
928 4198 1151 4268 exponit
1174 4196 1428 4268 quidnam
1461 4197 1546 4252 his
1577 4198 1755 4253 verbis
1777 4197 1943 4268 signi-

358 4286 568 4355 ﬁcetur,
602 4288 775 4345 Litera
818 4290 1001 4344 occidit
1021 4306 1040 4355 ;
1086 4291 1188 4345 hoc
1217 4291 1468 4347 videlicet
1495 4291 1765 4361 inquiens,
1796 4290 1938 4361 quod

355 4387 483 4434 ante
511 4379 764 4447 diximus,
797 4397 992 4451 nempe
1020 4383 1190 4453 legem
1238 4396 1516 4455 peceatum
1549 4383 1805 4449 indicare,
1832 4398 1937 4437 non

359 4482 540 4527 autem
566 4474 802 4530 efﬁcere.
834 4474 886 4528 Μ
895 4477 1000 4529 ulto
1022 4478 1182 4547 magis
1213 4478 1516 4532 ministratio
1530 4478 1749 4546 justitia:
1772 4477 1932 4530 abun-

351 4560 441 4618 dat
466 4563 518 4616 in
534 4562 718 4635 gloria.
743 4564 953 4620 Etenim
996 4567 1188 4620 tabulae
1218 4566 1325 4623 illa:
1347 4579 1660 4637 peceatores
1678 4570 1933 4623 ostende-

355 4652 507 4719 bant,
533 4671 598 4710 ae
626 4656 888 4727 snpplicio
927 4656 1278 4713 afﬁciebant:
1314 4658 1427 4713 hate
1467 4669 1645 4715 autem
1690 4669 1938 4730 peccato-

355 4758 449 4798 res
472 4762 580 4801 non
609 4749 769 4804 modo
800 4767 904 4805 non
934 4750 1207 4821 puniebat,
1227 4750 1321 4807 sed
1351 4752 1511 4806 etiam
1535 4752 1711 4821 justos
1740 4752 1940 4807 elﬁcie-

359 4836 486 4903 bat;
527 4839 824 4909 baptistnus
851 4846 994 4899 enim
1034 4845 1137 4902 hoc
1161 4846 1507 4917 largiebatur.
1544 4847 1630 4901 10.
1667 4845 1785 4900 Non
1806 4846 1938 4900 enim

359 4927 702 4997 gloriﬁcatum
749 4941 843 4996 est,
875 4934 1011 5003 quod
1055 4937 1397 5005 gloriﬁcatum
1441 4938 1595 4992 estin
1641 4938 1734 4992 liae
1774 4948 1937 5008 parte,

359 5031 566 5092 propter
607 5022 925 5076 excellentem
970 5026 1208 5095 gloriam.
1254 5029 1632 5099 Superioribus
1678 5031 1858 5086 verbis
1886 5031 1939 5085 id

355 5112 576 5181 quidem
603 5111 855 5177 ostendit,
882 5115 1024 5183 quod
1058 5115 1157 5170 hoc
1184 5134 1399 5189 quoque
1438 5122 1493 5176 in
1520 5123 1691 5192 gloria
1718 5123 1806 5187 sit,
1840 5138 1941 5177 nec

355 5206 672 5275 simpliciter
685 5205 736 5260 in
754 5204 1048 5275 gloria,sed
1064 5207 1204 5278 quod
1222 5209 1381 5262 etiam
1394 5211 1629 5267 abundet
1647 5231 1660 5266 :
1678 5229 1781 5267 non
1795 5214 1939 5268 enim

359 5297 521 5365 dixit,
551 5298 831 5366 Quomodo
859 5316 963 5353 nou
993 5301 1159 5371 magis
1201 5301 1524 5357 ministratio
1571 5304 1790 5373 spiritus
1838 5307 1944 5360 erit

362 5388 645 5459 ingloria?
672 5391 787 5458 sed,
816 5390 1054 5445 Abundat
1083 5393 1134 5446 in
1160 5393 1326 5465 gloria
1350 5409 1369 5458 ;
1418 5395 1740 5466 supradictis
1788 5395 1943 5449 nimi-

364 5494 481 5531 rmn
520 5483 850 5549 argumentis
898 5483 949 5537 id
981 5484 1233 5552 probans.
1282 5484 1378 5540 llic
1424 5502 1553 5540 vero
1582 5485 1942 5555 praecellentia

362 5584 575 5638 quoque
605 5582 803 5639 quanta
832 5573 922 5639 sit,
955 5574 1036 5627 his
1067 5577 1243 5631 verbis
1265 5576 1501 5630 ostendit
1526 5594 1538 5629 :
1569 5576 1613 5628 si
1647 5573 1787 5628 hanc:
1810 5590 1939 5628 cuin

367 5658 454 5712 illa
485 5675 815 5729 comparem,
855 5678 921 5715 ne
953 5664 1119 5732 gloria
1149 5667 1362 5735 quidem
1391 5676 1474 5720 est
1503 5664 1711 5720 Veteris
1743 5664 1938 5719 Testa-

300 5750 531 5805 ..ntenti
569 5751 760 5821 gloria.
788 5751 993 5818 Quibus
1022 5757 1198 5811 verbis
1238 5772 1344 5811 non
1374 5757 1474 5813 hoc
1498 5756 1813 5824 simpliciter
1836 5758 1936 5815 ad-

364 5844 543 5909 sttuit,
563 5842 701 5914 quod
727 5842 891 5915 gloria
914 5859 1018 5899 nou
1043 5847 1128 5915 sit,
1147 5845 1242 5902 Sed
1260 5849 1670 5920 comparationis
1698 5850 1935 5914 ratione:

1105 413 1160 469 S.
1202 410 1480 475 JOANNIS
1516 409 1987 469 CIIRYSOSTOMI
2028 409 2340 465 ARCIIIEP.
2379 407 2909 467 CONSTANTINOP.

3554 405 3654 466 ιιι

2072 523 2213 580 unde
2239 526 2399 581 etiam
2425 526 2725 596 subjunxit,
2754 523 2822 579 In
2853 525 2948 579 hac
2977 533 3140 594 parte,
3173 522 3274 579 hoc
3297 531 3401 589 est,
3430 525 3478 579 si
3505 538 3658 581 eom-

2067 616 2270 684 paratio
2318 615 2592 671 habeatur.
2646 614 2756 671 Nec
2785 625 2959 670 tamen
3003 615 3105 669 hoc
3134 613 3297 669 Vetus
3340 613 3656 670 Testamen-

2073 715 2185 760 tum
2226 706 2476 772 traducit,
2505 707 2598 762 sed
2628 710 2974 762 vehementer
3000 705 3159 761 etiam
3182 704 3353 774 ipsum
3379 719 3655 759 commen-

2067 798 2200 852 dat:
2230 801 2431 854 etenim
2462 800 2894 868 comparationes
2932 798 2999 853 de
3051 798 3213 852 rebus
3260 798 3502 864 cognatis
3539 796 3655 852 ﬁeri
3744 866 3763 875 _

2066 903 2483 948 consueverunt.
2531 892 2649 947 Mox
2699 891 2843 946 aliud
2891 899 3263 961 argumentum
3290 900 3487 955 movet,
3511 889 3653 957 quod

2066 984 2169 1036 alia
2201 999 2417 1053 quoque
2445 988 2653 1037 ratione
2696 982 3059 1053 praestantiam
3091 982 3442 1035 demonstrat.
3485 980 3653 1047 Quale

2065 1075 2204 1130 istud
2226 1077 2249 1129 ?
2276 1075 2538 1130 Nimirum
2571 1092 2600 1130 a
2635 1088 2875 1145 tempore
2897 1076 3111 1129 dicens:
3142 1075 3228 1129 Η.
3248 1074 3309 1129 Si
3334 1074 3653 1143 autemquod

2066 1177 2361 1233 evacuatur,
2391 1183 2480 1236 per
2502 1167 2720 1236 gloriam
2746 1177 2858 1230 est;
2900 1168 3061 1220 multo
3102 1170 3264 1236 magis
3304 1165 3358 1218 id
3381 1166 3515 1234 quod
3536 1182 3651 1217 ma-

2066 1268 2166 1322 net,
2199 1269 2274 1313 est
2298 1260 2348 1312 in
2378 1259 2565 1329 gloria.
2590 1258 2721 1313 lllttd
2751 1258 2894 1312 enim
2928 1261 3083 1311 linem
3113 1257 3356 1325 acerpit;
3401 1257 3500 1311 hoc
3526 1271 3650 1325 per-

2066 1360 2226 1419 petuo
2259 1360 2456 1406 manet.
2510 1352 2596 1406 12.
2643 1351 2900 1406 [labentes
2925 1352 3081 1421 igitur
3110 1351 3261 1404 talem
3287 1366 3445 1421 spent,
3490 1351 3650 1404 multa

2065 1442 2255 1508 ﬁducia
2281 1443 2491 1496 utimur.
2514 1442 2645 1508 Quia
2671 1443 2813 1497 enim
2842 1442 3055 1496 auditor
3077 1451 3153 1496 tot
3172 1457 3236 1497 ac
3257 1451 3396 1496 tanta
3419 1441 3487 1496 de
3502 1441 3648 1496 Novo

2064 1533 2413 1589 Testamento
2438 1536 2700 1600 audierat,
2717 1545 2880 1605 atque
2903 1535 3040 1589 hanc
3060 1535 3282 1605 gloriam
3315 1535 3484 1588 oculis
3511 1533 3643 1602 ipsis

2067 1639 2327 1692 usurpare
2353 1627 2624 1696 cupiebat,
2657 1627 2775 1680 vide
2804 1643 3039 1696 quonam
3072 1638 3227 1696 pacto
3269 1626 3440 1696 ipsum
3471 1624 3537 1677 ad
3570 1623 3649 1677 fu-

2066 1728 2241 1770 tttrttot
2268 1734 2440 1772 arvum
2474 1719 2700 1787 rejieiat.
2726 1719 2851 1773 Ideo
2876 1734 3026 1788 spem
3058 1718 3109 1772 in
3142 1717 3374 1772 medium
3403 1714 3645 1785 protulit,

2062 1808 2267 1874 dicens,
2307 1810 2563 1866 Habentes
2599 1813 2755 1882 igitur
2777 1812 2925 1865 talem
2947 1827 3107 1881 spent.
3138 1810 3363 1876 Qualem
3395 1806 3647 1863 tandem?

2062 1901 2215 1968 Quod
2249 1903 2507 1972 majorem
2548 1903 2860 1972 dignitatem
2908 1917 3066 1972 quam
3110 1902 3285 1957 Moses
3330 1897 3648 1969 consequuti

2059 2008 2268 2052 sumus.
2311 2009 2417 2048 non
2456 2003 2658 2048 tantum
2689 2009 2785 2046 uos
2816 1994 3065 2062 apostoli,
3111 1991 3208 2047 sed
3252 1992 3411 2047 etiam
3456 2005 3646 2045 omnes

2060 2086 2269 2141 ﬁdeles.
2304 2085 2473 2140 Multa
2502 2086 2693 2155 ﬁducia
2735 2087 2946 2139 utimur.
2994 2085 3149 2155 Apud
3193 2086 3387 2155 quem?
3419 2098 3640 2153 quzeso;

2059 2177 2197 2247 apud
2235 2179 2421 2243 Deum,
2451 2194 2519 2233 an
2561 2177 2701 2247 apud
2731 2177 3063 2245 discipulos?
3106 2176 3257 2244 Apud
3306 2189 3420 2236 vos.
3453 2173 3642 2242 inquit,

2058 2284 2192 2338 quos
2214 2269 2508 2338 discipulos
2530 2270 2702 2324 habeo
2727 2288 2740 2323 :
2762 2269 2864 2324 hoc
2885 2279 2970 2325 est
2992 2285 3009 2322 :
3029 2270 3159 2324 Cum
3182 2268 3425 2322 libertate
3447 2265 3646 2335 ubique

2058 2363 2349 2432 loquimur,
2373 2363 2502 2417 nihil
2532 2365 2885 2428 occultantes,
2912 2363 3040 2416 nihil
3069 2361 3488 2421 dissimulantes.
3510 2360 3643 2414 nihil

2058 2456 2417 2524 suspicantes,
2448 2456 2544 2509 sed
2578 2456 2857 2525 perspicue
2898 2456 3221 2525 loquentes:
3257 2468 3357 2509 nec
3394 2468 3645 2507 veremur

2059 2562 2127 2600 uc
2154 2546 2434 2600 oculorum
2459 2556 2761 2601 vestrorum
2793 2547 2960 2600 aciem
2996 2545 3434 2613 perstringamus,
3453 2557 3644 2613 quem-

2056 2639 2342 2693 admodum
2378 2640 2551 2695 Moses
2580 2639 2910 2694 .lutlzeorutn.
2955 2638 3085 2693 Nam
3113 2638 3255 2709 quod
3288 2636 3424 2691 istud
3456 2637 3641 2690 subiu-

2057 2730 2269 2787 dieznrit.
2315 2730 2437 2784 audi
2489 2746 2610 2799 qua:
2654 2742 2982 2799 sequuntur;
3036 2731 3141 2783 imo
3187 2746 3314 2781 vero
3362 2728 3637 2782 historiam

2059 2822 2206 2889 prius
2250 2821 2452 2876 referre
2485 2821 2847 2876 necessarium
2878 2829 2997 2875 est:
3034 2836 3154 2875 natu
3185 2834 3231 2875 et
3264 2820 3377 2888 ipse
3405 2834 3522 2873 eain
3553 2834 3640 2873 as-

2057 2911 2209 2966 sidue
2238 2923 2435 2965 Versat.
2460 2912 2717 2978 Qua-natn
2746 2911 2905 2982 igitur
2934 2920 3017 2966 est
3045 2911 3159 2965 lure
3193 2909 3458 2969 historia?
3504 2909 3636 2962 Cum

2055 3001 2230 3057 Moses
2272 3003 2507 3074 acceptis
2551 3002 2727 3057 denuo
2780 3004 2976 3057 tabulis
3020 3003 3412 3068 desecuderet,
3469 3002 3637 3069 gloria

2054 3094 2298 3163 qua-dant
2331 3111 2393 3147 ex
2444 3094 2611 3165 ipsius
2663 3093 2807 3148 vultu
2839 3094 3119 3156 exsiliens,
3152 3095 3288 3148 adeo
3332 3093 3636 3163 ell‘ulgebat,

2055 3194 2112 3237 ut
2142 3184 2310 3238 .itidtei
2341 3201 2440 3238 nec
2468 3185 2530 3238 ad
2561 3200 2681 3239 eum
2724 3184 3006 3248 accedere,
3038 3199 3136 3238 nec
3162 3198 3283 3238 cum
3312 3198 3380 3237 eo
3405 3181 3637 3251 colloqui

2057 3286 2305 3344 posspnt,
2339 3294 2613 3347 quousque
2643 3277 2795 3332 faciei
2827 3293 2938 3331 sua:
2985 3278 3226 3332 velamen
3274 3276 3632 3347 imposuisset.

2053 3367 2141 3424 Sic
2166 3371 2309 3423 enim
2343 3371 2394 3423 iu
2440 3369 2629 3423 Exodo
2676 3371 2934 3439 scriptum
2970 3380 3055 3425 est
3087 3391 3100 3425 :
3132 3368 3260 3423 Cum
3300 3368 3636 3423 descendisset

2056 3461 2262 3534 Moyses
2288 3462 2351 3516 de
2380 3472 2565 3527 monte,
2597 3463 2713 3517 dua:
2742 3464 2930 3517 tabula!
2970 3473 3111 3517 erant
3140 3464 3192 3516 in
3234 3463 3461 3514 manibus
3498 3462 3629 3530 ejus.

2056 3553 2123 3610 Et
2147 3554 2411 3626 ignorabat
2436 3556 2573 3626 quod
2592 3555 2909 3626 gloriﬁcatus
2925 3566 3051 3609 esset
3070 3564 3295 3624 aspectus
3316 3553 3462 3623 [aciei
3482 3552 3594 3621 ejus
3608 3565 3630 3604 :

2051 3656 2100 3701 et
2127 3648 2398 3699 timuerunt
2428 3649 2839 3718 appropinquare
2863 3649 2927 3701 ei.
2971 3644 3035 3699 Et
3078 3645 3261 3701 vocavit
3286 3660 3370 3697 eos
3401 3641 3624 3711 Moyses,

2050 3750 2097 3797 et
2125 3742 2360 3811 loquutus
2388 3752 2463 3795 est
2503 3742 2571 3795 ad
2599 3758 2702 3795 eos.
2753 3741 2817 3794 Et
2853 3750 3115 3811 postquam
3159 3738 3364 3793 cessarit
3402 3735 3534 3801 loqui
3563 3735 3632 3787 ad

2049 3851 2152 3899 eos,
2181 3835 2420 3904 imposuit
2447 3835 2597 3905 [aciei
2625 3850 2732 3888 sua:
2758 3835 3005 3888 velamen.
3036 3834 3163 3886 Cum
3189 3841 3356 3885 autem
3378 3829 3629 3899 ingredie-

2050 3927 2200 3983 balur
2238 3940 2294 3982 ttt
2330 3927 2618 3998 loqueretur
2662 3946 2832 3983 coram
2875 3929 3114 3991 Domino,
3162 3926 3367 3980 tollebat
3408 3927 3630 3978 velamen

2045 4038 2306 4093 quousque
2338 4012 2657 4092 egrederetur
2696 4021 2715 4092 (
2745 4020 2913 4075 Exod.
2939 4021 3025 4075 '54.
3049 4020 3119 4074 '29
3140 4050 3165 4060 -
3185 4017 3312 4089 54).
3345 4016 3510 4084 Hujus
3552 4014 3633 4068 lii-

2043 4112 2222 4167 storite
2253 4115 2579 4167 mentionem
2613 4111 2814 4167 faciens
2844 4112 2919 4164 ait
2946 4129 2958 4165 :
2991 4112 3078 4165 1⁸5.
3114 4108 3174 4162 Et
3200 4126 3299 4161 non
3331 4108 3461 4160 sicut
3483 4104 3633 4175 illog—

2044 4219 2122 4257 ses
2155 4203 2368 4273 ponebat
2395 4204 2617 4257 velamen
2645 4220 2798 4273 super
2838 4203 3016 4273 facient
3047 4218 3214 4265 suam,
3246 4209 3299 4253 ut
3338 4216 3436 4252 non
3467 4199 3630 4251 inten-

2047 4295 2222 4350 derent
2262 4294 2358 4364 ﬁlii
2387 4295 2553 4351 Israel
2577 4298 2628 4350 in
2653 4298 2835 4367 [aciem
2864 4297 2974 4367 ejus
2996 4297 3131 4359 quod
3155 4304 3447 4347 evacuatur.
3476 4290 3628 4359 Quod

2044 4397 2224 4442 autem
2250 4388 2400 4451 dicit,
2433 4398 2516 4442 est
2545 4389 2805 4459 ejusmodi
2842 4407 2855 4444 :
2886 4387 3024 4442 Nihil
3054 4401 3275 4441 necesse
3303 4394 3403 4440 est.
3438 4395 3494 4437 ut
3519 4382 3630 4436 Mo-

2045 4479 2120 4534 sis
2153 4481 2320 4534 instar
2343 4481 2591 4549 nosipsos
2617 4482 2927 4536 obveletnus
2958 4502 2971 4536 :
3003 4481 3225 4549 potestis
3253 4479 3394 4534 enim
3440 4478 3537 4545 ipsi
3574 4476 3626 4529 in

2043 4571 2266 4640 gloriam
2302 4571 2576 4642 hane,qua
2604 4573 2763 4627 cincti
2783 4581 2836 4627 et
2856 4573 3031 4626 ornati
3054 4585 3261 4633 sumus,
3286 4569 3499 4627 intueri.
3524 4567 3626 4622 etsi

2044 4661 2214 4714 multo
2244 4661 2414 4731 major
2451 4677 2513 4716 ac
2548 4662 2876 4730 Splendidior
2904 4669 2988 4717 est
3018 4677 3173 4729 quant
3202 4660 3288 4713 illa
3322 4659 3503 4714 illusis.
3538 4656 3631 4712 Vi-

2041 4754 2209 4811 desne
2235 4768 2487 4827 quantum
2529 4759 2603 4811 illi
2660 4757 3023 4826 profecerim?
3070 4758 3197 4812 Nam
3225 4757 3312 4827 qtti
3354 4757 3404 4811 in
3448 4755 3631 4825 priore

2045 4848 2272 4916 epistola
2308 4848 2559 4921 dicebat“
2588 4846 2691 4901 Lac
2720 4849 2855 4903 vobis
2906 4859 3079 4917 potum
3127 4848 3264 4912 dedi,
3316 4862 3416 4901 non
3463 4846 3631 4899 cibum

2044 4936 2127 5006 (I.
2168 4939 2287 4994 Cor.
2336 4940 2388 4994 5.
2441 4939 2523 5009 2),
2566 4939 2653 4994 hic
2687 4942 2807 4995 ait:
2845 4939 3005 4992 Multa
3053 4938 3241 5007 ﬁducia
3289 4938 3479 4990 utimur
3505 4953 3523 4989 :
3566 4952 3632 4991 ac

2042 5027 2244 5083 Mosem
2282 5029 2333 5084 in
2364 5030 2598 5084 medium
2630 5029 2896 5098 producit,
2924 5043 3338 5097 sermonemque
3363 5042 3457 5096 per
3483 5042 3635 5081 cout-

2044 5117 2373 5189 parationem
2427 5122 2691 5191 provehit,
2726 5134 2783 5175 ut
2822 5123 2921 5176 hac
2948 5137 3161 5192 quoque
3192 5125 3395 5176 ratione
3421 5119 3634 5174 audito.

2046 5226 2158 5265 rem
2190 5211 2253 5271 in
2296 5213 2461 5266 altum
2512 5213 2792 5268 subducat.
2839 5216 2916 5268 Ac
2966 5214 3192 5283 primum
3237 5211 3438 5267 ludatis
3484 5212 3632 5280 ipsos

2044 5305 2321 5373 anteponit
2336 5305 2542 5371 dicens,
2562 5306 2676 5361 Non
2696 5322 2829 5377 opus
2857 5307 3116 5361 habemus
3138 5306 3421 5369 velamine,
3442 5320 3635 5373 quem-

2043 5396 2332 5452 admodum
2381 5398 2468 5452 ille
2516 5399 2655 5469 apud
2687 5415 2804 5466 eos,
2838 5401 3034 5469 quibus
3083 5410 3346 5469 prtecrat:
3380 5414 3499 5468 qua:
3542 5411 3632 5449 se-

2044 5496 2281 5556 qttuntur
2308 5497 2488 5542 autem
2519 5490 2584 5545 ad
2631 5491 2952 5561 legislatoris
2982 5491 3293 5561 dignitatem
3324 5489 3547 5551 ducunt,
3580 5495 3636 5540 et

2045 5576 2217 5633 multo
2267 5577 2468 5646 majora
2525 5590 2668 5635 sunt.
2723 5581 2942 5634 Interim
2993 5590 3339 5648 antem,qua:
3377 5577 3635 5640 deinceps

2046 5680 2368 5740 sequuntur,
2402 5671 2702 5726 audiamus.
2739 5672 2827 5727 14.
2860 5671 2966 5725 Sed
2992 5672 3156 5725 obtusi
3197 5682 3313 5724 sunt
3347 5684 3519 5723 sensus
3546 5683 3633 5720 eo-

2043 5778 2179 5817 rum.
2214 5760 2385 5831 Usque
2428 5763 2479 5815 in
2506 5763 2806 5818 hodiernum
2834 5764 2969 5818 enim
2996 5764 3129 5816 diem
3161 5762 3380 5832 idipsmn
3408 5759 3635 5813 velamen

2047 5855 2098 5910 in
2128 5853 2341 5911 lectione
2378 5852 2567 5910 Veteris
2619 5852 2922 5911 Testaincnti
2974 5863 3138 5911 manet
3187 5870 3285 5908 nor:
3335 5849 3633 5917 revelatum,
