4090 6216
417 395 523 452 με

424 506 727 578 Ἰουδαῖκὴν
771 506 1126 577 φιλονεικίαν,
1178 510 1272 562 καὶ
1316 509 1406 563 διὰ
1430 511 1539 565 τῶν
1571 513 1855 584 ὀνομάτων
1884 514 1989 568 αύ-

413 601 524 654 τῶν
544 600 796 671 καθαιρεί
816 601 876 653 τὺ
900 598 1117 670 ἀξίωμα
1143 600 1288 656 λίθον
1326 605 1518 669 εἰπὼν,
1536 606 1633 659 καὶ
1652 608 1984 678 γράμματα,

419 696 515 748 καὶ
545 693 824 747 διακονίαν
846 692 1104 759 θανάτου,
1136 696 1233 750 καὶ
1266 698 1529 769 προσθεὶς
1567 700 1650 753 ὅτι
1683 701 1988 755 ἐντετυπω-

420 786 558 858 μένη
585 803 600 848 ;
645 786 927 840 Ἐντεῦθεν
959 787 1069 858 γὰρ
1097 787 1249 841 οὐδὲν
1281 789 1411 844 ἄλλο
1431 790 1724 862 ἐμφαίνει,
1752 792 1788 864 ἢ
1821 794 1902 847 ὅτι
1930 794 1991 847 ἐν

418 878 499 931 ἐνὶ
547 878 732 947 χωρίῳ
762 880 790 932 ὀ
814 878 976 950 νόμος
1023 880 1227 951 ἵδρυτο,
1262 880 1323 933 οὐ
1370 883 1622 954 καθάπερ
1657 884 1719 936 τὸ
1772 882 1990 951 πνεῦμα

415 966 695 1038 πανταχοῦ
737 968 923 1039 παρῆν
949 969 1147 1039 πολλὴν
1173 971 1408 1040 ἐμπνέον
1435 973 1532 1045 τὴν
1561 974 1713 1043 ἰσχὺν
1742 974 1946 1027 ἅπασιν
1968 989 1989 1004 ι

413 1058 447 1129 ἢ
478 1059 561 1112 ὃτι
601 1058 800 1130 πολλὴν
835 1062 1034 1130 ἐμπνεῖ
1057 1064 1155 1132 τὴν
1177 1062 1407 1136 ἀπειλὴν
1438 1063 1507 1117 τὰ
1540 1064 1866 1135 γράμματα,
1890 1063 1989 1118 καὶ

413 1145 642 1217 ἀπειλὴν
656 1147 776 1201 ούδέ
798 1148 1157 1221 ἀφανισθῆναι
1187 1153 1512 1226 δυναμένην,
1535 1153 1671 1208 ἀλλὰ
1697 1155 1989 1219 διαπαντὸς

418 1237 690 1307 μένουσαν
713 1279 728 1303 ,
757 1237 851 1292 άτε
874 1238 1043 1304 λίθοις
1088 1242 1592 1315 ἐγκεκολαμμένην.
1624 1239 1755 1299 Εἶτα
1776 1247 1871 1299 καὶ
1899 1245 1989 1300 δο-

413 1327 528 1381 κῶν
552 1328 924 1401 ἐγκωμιάζειν
946 1333 1014 1386 τὰ
1043 1334 1269 1399 παλαιὰ,
1301 1338 1635 1408 κατηγορίαν
1664 1338 1826 1392 πάλιν
1852 1341 1987 1393 ἁναο

415 1417 668 1488 μίγνυσιν
724 1419 998 1476 Ιουδαίων.
1024 1422 1207 1477 Εἰπὼν
1236 1425 1367 1496 γὰρ,
1404 1426 1511 1481 Ἐν
1526 1426 1865 1496 γράμμασιν
1886 1429 1986 1481 ένο-

411 1508 791 1576 τετυπωμένη
805 1509 1100 1579 ένλίθοις,
1121 1513 1371 1583 ἐγενήθη
1390 1516 1461 1569 έν
1478 1515 1653 1585 δόξῃ,
1677 1519 1981 1588 ἐπήγαγεν,

414 1598 593 1652 Ὥστε
608 1598 695 1667 μὴ
725 1600 1021 1658 δύνασθαι
1042 1605 1314 1661 ἀτενίσαι
1350 1608 1492 1673 τοὺς
1524 1610 1693 1676 υιοὺς
1738 1609 1984 1679 Ἰσραὴλ

408 1691 496 1754 εἰς
540 1690 608 1743 τὸ
646 1694 976 1759 πρόσωπον
1010 1696 1348 1764 Μωῡσέωςο
1377 1699 1406 1753 ὃ
1431 1700 1636 1771 πολλῆς
1673 1697 1743 1772 ἧν
1802 1702 1983 1756 αὐτῶν

408 1775 695 1841 ἀσθενείας
720 1782 817 1834 καὶ
854 1781 1243 1854 χαμαιζηλίας.
1277 1789 1387 1841 Καὶ
1420 1790 1603 1853 πάλιν,
1631 1793 1723 1859 ού,
1760 1794 1859 1847 Διά
1880 1795 1982 1866 τὴν

405 1868 564 1934 δόξαν
584 1870 692 1924 τῶν
719 1871 964 1928 πλακῶν·
996 1876 1152 1942 ἀλλὰ,
1180 1879 1284 1933 Διὰ
1303 1880 1422 1950 τὴν
1448 1881 1638 1947 δόξαν
1666 1883 1775 1939 τοῦ
1792 1903 1981 1954 προσ-

402 1958 568 2015 ώπου
606 1963 794 2019 αὑτοῦ
827 1965 943 2034 τὴν
973 1971 1489 2042 καταργουμένην,
1545 1976 1699 2045 φησί.
1731 1977 1980 2033 Δείκνυσι

402 2052 513 2143 γαρ
555 2053 648 2108 τὸν
678 2058 912 2128 φέροντα
944 2060 1302 2134 δοξαζόμενον
1321 2106 1335 2129 ,
1368 2067 1470 2120 οὐκ
1504 2069 1739 2133 ἐκείνας.
1767 2072 1840 2125 Οὐ
1868 2072 1979 2143 γὰρ

404 2138 552 2206 εἷπε,
587 2146 687 2198 Διά
723 2146 785 2201 τὸ
816 2148 890 2219 μὴ
941 2149 1199 2206 δύνασθαι
1219 2154 1466 2208 ἀτενίσαι
1489 2159 1571 2220 εἰς
1603 2159 1703 2222 τάς
1737 2138 1974 2226 πλάκας.

402 2229 543 2326 ἀλλ’,
568 2236 675 2326 εἰς
691 2236 757 2288 τό
780 2239 1106 2306 πρόσωπον
1133 2245 1429 2313 Μωῦσέως
1449 2264 1462 2278 ο
1498 2250 1592 2302 καὶ
1622 2250 1802 2315 πάλιν,
1825 2251 1975 2326 [481]

398 2322 485 2383 οὐ.
508 2323 608 2377 Διά
625 2324 725 2396 τὴν
745 2326 900 2392 δόξαν
929 2330 1038 2383 τῶν
1058 2331 1301 2399 πλακῶν,
1334 2336 1491 2401 ἀλλὰ,
1518 2338 1621 2393 Διὰ
1640 2338 1757 2408 τὴν
1784 2322 1976 2406 δεξαᾶ

397 2413 508 2468 τοῦ
542 2418 872 2485 προσώπου
907 2423 1118 2477 αὐτοῦ.
1151 2422 1285 2479 Εἶτα
1326 2428 1515 2500 ἐπειδὴ
1550 2431 1755 2502 ἐπῆρεν
1777 2432 1969 2503 αὐτὴν,

394 2505 503 2576 ὅρα
538 2507 659 2572 πῶς
678 2510 842 2565 πάλιν
881 2514 1132 2584 καθαιρεῖ
1159 2516 1333 2587 λέγων
1355 2560 1372 2586 ,
1415 2520 1536 2588 Τὴν
1567 2526 1972 2595 καταργουμέ-

393 2617 532 2669 νην.
564 2604 639 2656 Οὐ
671 2604 778 2675 μὴν
805 2606 966 2660 τοῦτο
998 2610 1334 2680 κατηγορίας
1364 2613 1538 2679 ἐστὶν,
1566 2613 1704 2667 ἀλλὰ
1736 2616 1973 2671 ἐλαττώ-

396 2708 537 2756 σεως
564 2709 579 2725 ·
619 2694 741 2748 οὐδὲ
773 2695 883 2767 γὰρ
908 2692 1053 2763 εἶπε,
1096 2699 1208 2769 Τὴν
1233 2700 1658 2774 διεφθαρμένην,
1683 2707 1780 2777 τὴν
1805 2725 1973 2780 πονη-

395 2783 522 2854 ρὰν,
575 2784 738 2852 ἀλλὰ,
765 2788 876 2859 Τὴν
897 2792 1235 2862 παυομένην,
1265 2795 1359 2848 καὶ
1386 2795 1541 2859 τέλος
1564 2795 1968 2865 λαμϐάνουσαν.

395 2877 530 2944 Πῶς
573 2880 708 2949 ούχί
751 2880 998 2950 μᾶλλον
1053 2886 1092 2953 ἠ
1120 2886 1420 2942 ’διακονία
1474 2890 1584 2944 τοῦ
1630 2893 1973 2963 πνεύματος

391 2971 566 3065 δοντα-ι
724 2974 875 3044 δόξῃ
899 2992 919 3040 ;
947 2976 1320 3051 Τεθαῤῥηκὼς
1372 2982 1480 3054 γάρ
1519 2984 1708 3038 λοιπὸν
1763 2988 1833 3040 τὰ
1868 2987 1972 3056 τῆς

392 3063 602 3134 Καινῆς
652 3063 816 3136 αἴρει,
854 3067 931 3133 ώς
984 3071 1473 3146 ἀναμφισϐήτητα.
1518 3078 1628 3132 Καὶ
1676 3079 1868 3134 σκόπει
1916 3081 1973 3136 τί

392 3160 542 3211 ποιεῖ
575 3176 588 3187 ·
617 3162 918 3232 ἀντέστησε
955 3164 1103 3217 λίθον
1156 3166 1377 3238 καρδίᾳ,
1410 3168 1507 3221 κα)⁸
1535 3170 1773 3241 γράμμα
1805 3171 1972 3226 πνεύ-

393 3265 547 3317 ματι.
601 3247 737 3305 Εἶτα
771 3251 954 3318 δείξας
984 3255 1053 3307 τά
1082 3256 1140 3322 ἐξ
1176 3257 1527 3329 ἀμφοτέρων,
1565 3260 1748 3314 οὐκέτι
1789 3261 1973 3334 τίθησι

389 3342 461 3395 τὰ
488 3341 547 3409 ἐξ
576 3344 903 3418 ἀμφοτέρων
925 3364 942 3381 ο
972 3348 1111 3402 άλλά
1123 3350 1185 3403 τὸ
1212 3351 1322 3405 ἀπὸ
1341 3352 1434 3406 τοῦ
1464 3354 1799 3426 γράμματος
1819 3356 1933 3420 θεὶς
1951 3397 1977 3422 ,.

394 3432 492 3486 τὸν
542 3434 772 3491 θάνατον
810 3439 905 3493 καὶ
936 3440 1036 3512 τὴν
1079 3442 1429 3514 κατάκρισιν,
1467 3445 1528 3498 τὸ
1555 3444 1666 3499 ἀπὸ
1690 3444 1970 3502 τοῦιπνεύ-

395 3545 567 3599 ματος
585 3531 982 3603 ούκέτιτίθησι,
1013 3534 1114 3606 τὴν
1156 3535 1302 3607 ζωὴν
1332 3537 1426 3591 καὶ
1454 3539 1552 3609 τὴν
1581 3539 1931 3613 δικαιοσύνην
1950 3585 1965 3608 ,

391 3616 511 3670 ἀλλ’
542 3618 675 3672 αὐτὸ
699 3621 761 3675 τὸ
790 3621 1007 3693 πνεῦμα
1035 3640 1050 3655 ο
1083 3625 1220 3696 ὅπερ
1244 3626 1469 3696 μείζονα
1484 3630 1766 3685 ἐποίειτδν
1787 3631 1964 3701 λόγον.

402 3710 468 3764 Ἥ
485 3712 593 3782 γὰρ
618 3714 780 3785 καινὴ
800 3716 1046 3787 Διαθήκη
1061 3717 1121 3770 οὗ
1148 3718 1291 3790 ζωὴν
1323 3720 1494 3775 ἐδίδου
1514 3723 1696 3792 μόνον,
1721 3724 1856 3779 ἀλλὰ
1875 3725 1967 3779 καὶ

391 3804 612 3875 πνεῦμα
642 3806 897 3877 ἐχορήγει
952 3808 1015 3862 τὸ
1060 3810 1161 3881 τὴν
1201 3810 1347 3883 ζωήν
1393 3814 1668 3885 παρέχον’
1701 3817 1731 3870 ὃ
1774 3818 1958 3889 πολλῷ

392 3897 581 3967 μεῖζον
603 3900 702 3969 τῆς
734 3900 880 3970 ζωῆς
906 3896 975 3972 ἦν
994 3918 1009 3934 ·
1043 3902 1233 3976 διόπερ
1271 3901 1446 3971 εἶπεν,
1484 3907 1547 3962 Ἠ
1565 3908 1840 3964 διακονία
1862 3912 1968 3966 τοῦ

389 3991 766 4060 πνεύματος.
796 3990 930 4047 Εἶτα
980 3995 1143 4050 πάλιν
1183 3997 1245 4051 τὸ
1286 3998 1421 4051 αὐτὸ
1469 4002 1843 4073 περιστρέφει,
1874 4002 1968 4057 λέ-

388 4096 526 4149 γων,
562 4084 631 4136 El
654 4084 765 4152 γὰρ
792 4085 832 4151 ἠ
868 4085 1146 4141 διακονία
1169 4086 1279 4157 τῆς
1305 4092 1744 4162 κατακρίσεως,
1772 4092 1944 4160 δοξα.

465 4172 531 4242 β’.
551 4175 658 4228 Καὶ
691 4177 983 4247 ἐρμηνεύει
1012 4179 1346 4248 σαφέστερον
1368 4179 1421 4232 τί
1443 4182 1581 4245 ἐστι,
1621 4183 1695 4236 Τὸ
1730 4183 1967 4254 γράμμα

387 4266 750 4329 ἀποκτείνει,
780 4267 939 4321 τοῦτο
958 4268 1129 4337 λέγων
1153 4271 1290 4342 ὅπερ
1315 4270 1623 4343 ἔμπροσθεν
1643 4275 1965 4348 εἰρήκαμεν,

391 4356 475 4410 ὅτι
515 4358 781 4422 δεικτικδς
832 4360 1106 4432 ἁμαρτίας
1145 4355 1215 4431 ἦν
1258 4363 1287 4414 ὀ
1324 4362 1511 4432 νόμος,
1557 4364 1619 4417 οὐ
1663 4368 1962 4438 ποιητικός.

387 4449 610 4515 Πολλῷ
666 4449 909 4517 μᾶλλον
964 4453 1002 4521 ἡ
1069 4452 1345 4507 διακονία
1400 4452 1510 4523 τῆς
1571 4456 1966 4529 δικαιοσύνης

386 4542 737 4607 περισσεύει
781 4543 851 4596 ἐν
888 4541 1057 4609 δόξῃ.
1099 4544 1332 4599 Ἐκεῖναι
1371 4546 1471 4617 μὲν
1518 4547 1626 4619 γάρ
1670 4552 1728 4604 αἱ
1757 4551 1964 4618 πλάκες

385 4632 517 4695 τοὺς
563 4633 918 4703 ἁμαρτωλοὺς
957 4634 1228 4689 ἐδείκνυον
1285 4636 1379 4690 καί
1407 4637 1683 4703 ἐκόλαζον*
1730 4642 1868 4714 αὕτη
1905 4644 1962 4697 δὲ

383 4723 516 4786 τοὺς
568 4725 925 4795 ἁμαρτωλοὺς
961 4726 1025 4779 ού
1067 4726 1224 4796 μόνον
1272 4729 1373 4781 οὐκ
1404 4729 1682 4795 ἐκόλαζεν,
1706 4733 1843 4788 ἀλλὰ
1870 4736 1965 4789 καὶ

384 4814 630 4879 δικαίους
671 4817 862 4870 ἐποίει·
914 4818 1071 4871 τοῦτο
1097 4817 1207 4890 γὰρ
1242 4819 1305 4873 τὸ
1334 4820 1616 4893 βάπτισμα
1658 4826 1962 4898 ἐχαρίζετο.

386 4907 499 4960 Καὶ
559 4907 670 4976 γὰρ
711 4908 855 4963 οὐδὲ
913 4908 1271 4973 δεδόξασται
1313 4910 1382 4965 τό
1422 4912 1873 4985 δεδοξασμένον
1895 4921 1966 4973 έν

384 5000 579 5066 τούτῳ
614 5000 695 5066 τῷ
721 5002 908 5071 μέρει,
943 5001 1152 5056 ἕνεκεν
1182 5002 1292 5070 τῆς
1318 5006 1822 5077 ὑπερϐαλλούσης
1867 5012 1966 5066 δό-

385 5090 526 5156 ξης.
581 5092 670 5145 Ἑν
725 5094 822 5163 μὲν
860 5088 953 5147 οὖν
1009 5097 1121 5158 τοῖς
1170 5095 1457 5167 προτέροις
1497 5098 1717 5165 ἔδειξεν,
1754 5102 1837 5155 ὃτι
1872 5106 1967 5158 καὶ

380 5181 546 5235 τοῦτο
595 5185 654 5236 ἐν
708 5183 856 5257 δόξῃ,
905 5186 997 5239 καὶ
1050 5187 1147 5257 οὐχ
1184 5187 1372 5253 ἁπλῶς
1410 5191 1469 5243 ἐν
1503 5190 1651 5264 δόξῃ,
1686 5193 1823 5247 ἀλλὰ
1871 5195 1966 5249 καὶ

384 5274 724 5346 περισσεύει·
760 5277 819 5329 οὒ
854 5277 963 5348 γὰρ
991 5273 1133 5341 εἷπε,
1176 5279 1300 5343 Πῶς
1332 5281 1453 5351 οὐχὶ
1483 5283 1683 5351 μᾶλλον
1716 5286 1747 5356 ἡ
1777 5286 1965 5341 διακο-

383 5365 475 5419 νία
503 5365 597 5419 τοῦ
631 5366 941 5439 πνεύματος
968 5369 1118 5423 ἔσται
1154 5371 1212 5423 ἐν
1236 5371 1392 5443 δόξῃ,
1420 5374 1576 5439 ἀλλὰ,
1611 5380 1968 5446 Περισσεύει

381 5458 457 5511 ἐν
483 5458 657 5528 δόξῃ,
678 5459 779 5529 τὴν
807 5462 916 5514 ἀπὸ
934 5460 1042 5516 τῶν
1072 5462 1347 5534 λογισμῶν
1369 5466 1478 5520 τῶν
1497 5468 1806 5540 εἰρημένων
1828 5471 1965 5543 ἔχων

384 5550 683 5616 ἀπόδειξιν.
724 5552 990 5608 Ἐνταῦθα
1016 5556 1110 5609 καὶ
1127 5554 1225 5626 τὴν
1258 5557 1551 5629 ὑπεροχὴν,
1583 5561 1704 5633 ὅση,
1727 5563 1963 5619 δείκνυσι

384 5643 580 5713 λέγων,
611 5646 693 5698 ὅτι
733 5645 859 5700 Ἐὰν
897 5648 1170 5718 συγκρίνω
1214 5649 1421 5720 ταύτην
1451 5653 1654 5725 ἐκείνῃ,
1687 5655 1807 5708 οὐδὲ
1838 5656 1965 5721 δόξα

386 5736 537 5788 ἐστὶν
556 5738 591 5807 ή
616 5735 744 5801 δόξα
771 5737 870 5807 τῆς
904 5737 1164 5802 Παλαιᾶς·
1188 5740 1287 5809 οὐχ
1314 5740 1500 5804 ἁπλῶς
1525 5741 1585 5794 τὸ
1612 5744 1686 5814 μὴ
1714 5740 1848 5799 εἶναι
1878 5746 1964 5801 δό-

391 5823 490 5889 ξαν
526 5827 969 5896 κατασκευάζων,
1003 5828 1138 5883 ἀλλὰ
1178 5830 1255 5903 τῷ
1295 5832 1391 5902 τῆς
1427 5826 1775 5903 συγκρίσεως
1793 5835 1957 5908 λόγωι

1441 395 1513 451 IN
1552 395 1772 453 EPIST.
1824 395 1871 454 ll
1924 396 2020 451 AD
2054 397 2214 456 COR.
2258 399 2495 456 HOMIL.
2537 400 2647 455 ΥΙΙ.

3562 404 3667 457 ιιι

2096 512 2177 565 διδ
2217 514 2311 566 καὶ
2347 516 2614 585 ἐπήγαγε,
2655 514 2846 578 Τούτῳ
2890 512 2968 580 τῷ
2994 513 3191 583 μέρει*
3228 513 3495 575 τουτέστι,
3527 518 3668 567 κατά

2091 606 2185 658 τὸν
2224 606 2325 674 τῆς
2366 606 2704 677 συγκρίσεως
2729 605 2905 674 λόγον.
2943 606 3016 659 Οὐ
3065 605 3169 676 μὴν
3198 606 3356 659 τοῦτο
3390 604 3666 658 διασάλλει

2090 698 2191 768 τὴν
2220 696 2485 762 Παλαιὰν,
2518 697 2653 751 ἀλλὰ
2683 698 2776 751 καὶ
2812 698 3017 768 σφόδρα
3045 696 3216 768 αὐτὴν
3245 701 3577 766 συνίστησιν⁸
3607 698 3666 751 αι

2087 788 2202 858 γὰρ
2228 789 2547 861 συγκρίσεις
2575 792 2666 843 ἐπὶ
2692 790 2802 843 τῶν
2836 790 3112 859 συγγενῶν
3140 788 3365 842 εἰώθασι
3398 789 3663 857 γίνεσθαι.

2088 877 2223 933 Εἶτα
2249 882 2345 934 καὶ
2371 880 2528 935 ἄλλον
2553 884 2689 935 κινεῖ
2715 881 2975 950 λογισμὸν
3015 880 3110 934 τὸν
3144 879 3537 934 ἀποδεικνύντα
3563 879 3666 950 τὴν

2090 972 2363 1042 ὑπεροχήν
2413 973 2506 1027 καὶ
2546 971 2830 1044 ἑτέρωθεν.
2875 972 3034 1025 Ποῖον
3070 970 3134 1041 δὴ
3160 969 3349 1023 τοῦτον
3367 985 3395 1035 ;ι
3415 969 3520 1022 Τδν
3557 969 3667 1023 ἀπὸ

2088 1063 2181 1117 τοῦ
2218 1065 2430 1135 χρόνου,
2464 1064 2658 1130 λέγων’
2698 1066 2768 1118 EI
2808 1063 2878 1117 δὲ
2916 1064 2985 1118 τό
3031 1063 3532 1130 καταργούμενον,
3565 1059 3666 1114 διὰ

2087 1153 2293 1221 δόξης,
2331 1152 2544 1219 πολλῷ
2558 1151 2801 1222 μᾶλλον
2829 1153 2894 1208 τὸ
2922 1153 3132 1223 μένον,
3162 1153 3230 1206 ἐν
3256 1152 3427 1221 δόξῃ.
3455 1152 3531 1205 Τὸ
3565 1150 3667 1217 μὲν

2085 1244 2197 1316 γάρ
2223 1244 2524 1307 ἐπαύσατο,
2558 1245 2619 1298 τὸ
2650 1246 2707 1299 δὲ
2737 1246 2887 1316 μένει
2924 1246 3206 1314 διηνεκῶς.
3242 1247 3521 1314 Ἔχοντες
3550 1239 3665 1300 οὖν

2085 1337 2371 1405 τοιαύτην
2429 1334 2669 1399 ἐλπίδα,
2733 1337 2935 1404 πολλῇ
3005 1337 3311 1405 παρρησίᾳ
3371 1335 3660 1404 χικῦμεθα.

2100 1428 2319 1501 Ἐπειδὴ
2371 1428 2481 1499 γὰρ
2541 1427 2777 1482 τοσαῦτα
2836 1429 2936 1482 καὶ
2989 1428 3289 1501 τηλικαῦτα
3334 1428 3572 1491 ἀκούσας
3633 1430 3664 1480 ὁ

2084 1521 2360 1592 ἀκροατὴς
2402 1521 2531 1592 περὶ
2556 1520 2706 1593 [482]
2739 1522 2839 1591 τῆς
2876 1522 3104 1591 Καινῆς,
3132 1519 3314 1592 ἐζήτει
3344 1520 3439 1573 καὶ
3463 1519 3664 1589 ὀφθαλ-

2087 1612 2346 1683 μοφανῶς
2380 1618 2483 1684 τὴν
2508 1613 2665 1678 δόξαν
2702 1612 2907 1685 ταύτην
2947 1614 3094 1678 ἰδεῖν,
3121 1614 3221 1683 ὅρα
3254 1611 3357 1665 ποῦ
3390 1611 3553 1666 αὐτὸν
3576 1611 3665 1676 ἐξ·

2083 1705 2356 1769 ακοντίζει
2382 1704 2519 1776 πρδς
2547 1705 2641 1758 τὸν
2673 1704 2933 1776 μέλλοντα
2966 1704 3156 1760 αἰῶνα.
3204 1705 3297 1758 Διὸ
3327 1705 3421 1758 καὶ
3449 1704 3546 1776 τὴν
3574 1705 3664 1757 ἐλ-

2084 1798 2211 1853 πίδα
2237 1800 2318 1863 εἰς
2353 1799 2515 1870 μέσον
2553 1799 2719 1869 ἔθηκε
2751 1797 2946 1867 λέγων,
2978 1798 3260 1866 Ἔχοντες
3298 1793 3413 1852 οὖν
3449 1797 3662 1850 τοιαύ-

2081 1905 2194 1956 την
2241 1889 2482 1943 ἐλπίδα.
2535 1888 2841 1959 Τοιαύτην;
2897 1889 3183 1959 ποταπήν;
3222 1888 3346 1940 ’Ὁτι
3398 1886 3660 1956 μειζόνων

2080 1977 2394 2050 ἠξιώθημεν
2421 1980 2454 2051 ἢ
2484 1980 2745 2050 Μωῦσῆς,
2778 1979 2877 2049 οὐχ
2908 1979 2958 2031 οἰ
2983 1977 3266 2031 ἀπόστολοι
3295 1978 3453 2047 μόνον
3475 1979 3657 2049 ἡμεῖς,

2080 2068 2217 2122 άλλά
2243 2068 2339 2123 καὶ
2372 2070 2572 2134 πάντες
2603 2071 2652 2122 οἱ
2684 2068 2885 2122 πιστοί.
2926 2067 3137 2136 Πολλῇ
3169 2067 3474 2137 παρρησίᾳ
3509 2066 3661 2137 χρώ-

2072 2165 2244 2232 μεθα.
2282 2162 2425 2232 Πρὸς
2455 2162 2600 2226 τίνα,
2632 2162 2755 2215 εἰπέ
2804 2178 2928 2231 μοι;
2964 2160 3102 2231 πρὸς
3129 2159 3218 2213 τὸν
3249 2158 3404 2223 Θεὸν,
3447 2158 3481 2231 ἢ
3521 2159 3659 2231 πρὸς

2078 2253 2202 2315 τοὺς
2233 2253 2508 2325 μαθητάςς
2540 2254 2681 2324 Πρὸς
2712 2254 2857 2323 ὑμᾶς
2879 2252 3004 2315 τοὺς
3034 2250 3528 2322 μαθητευομένουςο
3554 2266 3658 2320 φη-

2080 2346 2151 2397 σί’
2186 2346 2454 2406 τουτέστι,
2478 2346 2611 2400 Μετ’
2639 2344 2949 2415 ἐλευθερίας
2978 2342 3257 2414 πανταχοῆ
3280 2342 3653 2413 φθεγγόμεθα,

2076 2438 2229 2491 οὐδὲν
2259 2436 2737 2507 ὑποστελλόμενοι,
2776 2436 2927 2490 οὐδὲν
2955 2436 3434 2507 ἀποκρυπτόμενοι
3454 2476 3470 2500 ,
3502 2434 3657 2490 ούδέν

2077 2529 2442 2601 ὑφορώμενοι,
2466 2529 2603 2583 ἀλλὰ
2623 2530 2809 2598 σαφῶς
2834 2528 3103 2595 λέγοντεςο
3132 2527 3227 2582 καί⁵
3254 2528 3315 2582 ού
3336 2526 3656 2598 δεδοίκαμεν

2078 2623 2152 2692 μὴ
2179 2622 2472 2694 πλήξωμεν
2499 2621 2653 2692 ὑμῶν
2680 2622 2777 2684 τὰς
2810 2620 2983 2689 ὄψεις,
3021 2618 3273 2692 καθάπερ
3291 2620 3531 2691 Μωῦσῆς
3555 2614 3656 2683 τὰς

2086 2713 2377 2767 Ἰουδαίων.
2426 2714 2551 2767 Ὅτι
2613 2714 2723 2782 γὰρ
2775 2713 2933 2766 τοῦτο
2981 2713 3217 2784 ᾐνίξατο,
3272 2711 3505 2766 ἄκουσον
3545 2711 3655 2766 τῶν

2073 2804 2217 2876 ἐξῆςο
2253 2804 2453 2874 μᾶλλον
2484 2806 2541 2859 δὲ
2569 2806 2667 2877 τὴν
2699 2806 2960 2876 ἱστορίαν
2981 2805 3198 2877 πρῶτον
3231 2806 3528 2873 ἀναγκαῖον
3571 2805 3655 2856 εἰ-

2073 2900 2215 2951 πεῖν.
2251 2898 2363 2951 Καὶ
2398 2897 2505 2969 γὰρ
2553 2898 2715 2961 αὐτὸς
2755 2898 2926 2969 αὐτὴν
2979 2897 3222 2966 συνεχῶς
3268 2895 3652 2969 περιστρέφει.

2071 2986 2170 3050 Τίς
2218 2982 2316 3041 οὖν
2377 2989 2410 3056 ἡ
2470 2987 2714 3058 inopia;
2741 2988 2872 3041 Ὅτε
2911 2989 2975 3042 ἐκ
3015 2986 3270 3058 δευτέρου
3315 2987 3413 3050 τὰς
3438 2984 3655 3047 πλάκας

2072 3078 2264 3149 κατῄει
2319 3076 2500 3131 λαϐὼν
2555 3079 2589 3131 ὁ
2636 3079 2897 3150 Μωῦρσῆς.
2930 3077 3057 3143 δόξα
3102 3095 3187 3141 τις
3219 3076 3515 3149 ἐκπηδῶσα
3557 3076 3653 3130 τοῦ

2072 3170 2366 3240 προσώπου
2402 3168 2567 3223 αὐτοῦ
2600 3168 2856 3224 τοσοῦτον
2902 3170 3251 3239 ἀπέλαμπεν,
3279 3168 3355 3231 ώς
3383 3169 3457 3241 μὴ
3494 3168 3655 3221 δύνα-

2072 3263 2199 3315 σθαι
2220 3262 2346 3324 τοὺς
2379 3262 2668 3324 Ἰουδαίους
2698 3260 2979 3332 προσιέναι
3003 3258 3151 3330 αὐτῷ
3172 3261 3265 3314 καὶ
3284 3257 3650 3327 διαλέγεσθαι,

2071 3355 2175 3429 ἕως
2201 3357 2289 3410 ὅτε
2320 3356 2555 3427 ἐπέθηκε
2578 3354 2845 3425 κάλυμμα
2867 3353 2943 3423 τῷ
2974 3352 3271 3424 προσώπῳ.
3307 3353 3418 3407 Καὶ
3449 3351 3654 3423 γέγραο

2071 3463 2205 3501 πται
2238 3446 2412 3509 οὕτως
2441 3449 2500 3500 ἐν
2531 3450 2597 3517 τῇ
2636 3446 2853 3517 Ἑξόδῳο
2892 3445 3103 3501 Ἰινίκα
3135 3444 3353 3512 κατέϐη
3387 3441 3653 3510 Μωυσῆς

2068 3538 2137 3593 ἐκ
2175 3538 2283 3593 τοῦ
2317 3538 2516 3608 ὄρους.
2551 3540 2611 3590 αι
2644 3537 2755 3591 δύο
2785 3537 3019 3602 πλάκες
3043 3536 3113 3589 ἐν
3145 3535 3276 3602 ταῖς
3301 3535 3515 3605 χερσίν
3543 3537 3652 3589 αὺ-

2069 3631 2195 3686 τοῦ.
2220 3631 2329 3685 Καί
2361 3631 2473 3684 οὐκ
2509 3629 2634 3698 ᾑδει
2660 3626 2919 3694 Μωῦσῆς
2944 3626 3033 3681 ὅτι
3062 3626 3421 3692 δεδόξασται
3446 3626 3483 3694 ἡ
3512 3626 3653 3695 ὄψις

2069 3720 2176 3775 τοῦ
2208 3718 2436 3789 χρωτὸς
2469 3718 2576 3772 τοῦ
2605 3717 2929 3785 προσώπου
2972 3715 3188 3771 αὐτοῦ’
3222 3716 3320 3770 καί
3353 3714 3653 3785 ἐφοϐήθη-

2068 3829 2191 3867 σαν
2231 3811 2467 3881 ὲγτίσαι
2506 3808 2686 3874 αὐτῷ.
2731 3809 2841 3863 Καὶ
2884 3807 3180 3862 ἐκάλεσεν
3212 3808 3433 3874 αὐτοὺς
3485 3811 3653 3862 Mam-

2069 3903 2210 3974 σῆς,
2243 3903 2341 3958 καὶ
2369 3900 2642 3967 ἐλάλησε
2672 3902 2823 3969 πρὸς
2856 3901 3099 3967 αὐτούς.
3134 3900 3245 3954 Κιιί
3273 3898 3478 3965 ἐπειδὴ
3512 3916 3652 3954 κατ-

2067 3996 2301 4051 έπαυσε
2342 3992 2607 4063 Μωῢσῆς
2646 3993 2855 4048 λαλῶν
2893 3992 3045 4061 πρὸς
3085 3991 3328 4057 αὐτοὺς,
3357 3990 3652 4057 ἐπέθηκεν

2066 4088 2165 4141 ἐπὶ
2200 4088 2266 4141 τὸ
2298 4089 2623 4155 πρόσωπον
2649 4084 2835 4140 αὐτοῦ
2865 4083 3165 4154 κάλυμμα.
3205 4082 3407 4139 Ἡνίκα
3429 4082 3497 4137 δὲ
3529 4085 3653 4137 είσ-

2067 4180 2384 4249 επορεύετο
2416 4178 2697 4233 ἐναντίον
2724 4177 2833 4232 τοῦ
2861 4177 3082 4245 Κυρίου
3112 4176 3348 4239 λαλεῖν,
3387 4177 3652 4244 περιῄρει

2069 4272 2133 4327 τὸ
2159 4272 2443 4342 κάλυμμα
2466 4271 2579 4339 ἕως
2604 4271 2709 4326 τοῦ
2730 4271 3164 4340 ἐκπορεύεσθαι
3195 4272 3403 4325 αὐτόν.
3434 4267 3650 4339 Ταύτης

2067 4369 2161 4427 οὖν
2191 4374 2512 4444 ἀναμνήσας
2539 4374 2640 4443 τῆς
2668 4373 2927 4444 ἱστορίας,
2962 4369 3115 4442 φησί’
3141 4365 3253 4421 Καὶ
3284 4366 3356 4418 οὐ
3384 4360 3650 4428 καθάπερ

2068 4461 2332 4532 Μωῠσῆς
2352 4463 2527 4518 ἐτίθει
2552 4463 2832 4532 κάλυμμα
2851 4461 2948 4516 ἐπὶ
2969 4461 3033 4515 τὸ
3056 4460 3383 4527 πρόσωπον
3407 4451 3648 4516 ἑαυτοῦ,

2067 4554 2224 4609 ὥστε
2242 4553 2331 4623 μὴ
2361 4555 2633 4609 ἀτενίσαι
2656 4554 2797 4621 τοὺς
2816 4552 2986 4619 υίοὺς
3017 4547 3253 4620 Ἰσραὴλ
3276 4550 3361 4613 εἰς
3387 4544 3452 4599 τό
3476 4543 3650 4608 τέλος

2069 4646 2175 4701 τοῦ
2203 4645 2711 4714 καταργουμένου.
2748 4646 2814 4699 Ὃ
2836 4643 2893 4698 δέ
2918 4642 3087 4711 λέγει,
3118 4638 3358 4695 τοιοῦτόν
3381 4639 3547 4691 ἐστιν·
3572 4635 3647 4688 Ού

2068 4738 2227 4810 χρεία
2258 4737 2632 4793 καλύπτεσθαι
2658 4738 2828 4808 ἡμᾶς,
2858 4735 3110 4805 καθάπερ
3137 4731 3401 4801 Μωῦσῆςθ
3431 4727 3650 4783 δυνατοὶ

2066 4832 2177 4901 γὰρ
2222 4832 2381 4902 ὑμεῖς
2426 4831 2553 4884 ἰδεῖν
2582 4830 2682 4899 τὴν
2718 4829 2875 4895 δόξαν
2901 4826 3127 4898 ταύτην,
3162 4825 3227 4897 ἢν
3261 4818 3645 4895 περικείμεθα,

2068 4924 2246 4977 καίτοι
2267 4921 2447 4992 πολλῷ
2473 4920 2695 4992 μείζονα
2720 4920 2815 4972 καὶ
2840 4917 3197 4989 φαιδροτέραν
3219 4910 3384 4969 οὖσαν
3408 4911 3647 4982 ἐκείνης.

2068 5011 2223 5078 Εἶδες
2255 5014 2356 5080 τὴν
2387 5012 2715 5082 προκοπήν;
2761 5011 2819 5065 '0
2846 5007 2954 5080 γὰρ
2998 5010 3057 5061 ἐν
3085 5011 3152 5080 τῇ
3186 5005 3428 5079 προτέρᾳ
3451 5002 3645 5068 εἰπὼν,

2064 5102 2238 5157 Γάλα
2265 5104 2422 5174 ὑμᾶς
2449 5104 2727 5166 ἐπότισα,
2755 5103 2829 5156 οὐ
2851 5100 3084 5171 ⁸βρῶμα,
3118 5098 3352 5157 ἐνταῦθα
3372 5096 3543 5166 λέγει,
3564 5096 3648 5148 ὅτι

2066 5192 2278 5262 Πολλῇ
2314 5194 2621 5263 παρρησίᾳ
2647 5193 2941 5264 χρώμεθα·
2971 5193 3068 5247 καὶ
3096 5190 3335 5246 Μωῦσέα
3367 5190 3448 5252 εἰς
3480 5187 3646 5259 μέσον

2066 5286 2328 5358 παράγει,
2358 5286 2503 5341 κατά
2553 5286 2841 5358 σύγκρισιν
2887 5286 3145 5357 προάγων
3192 5284 3284 5337 τὸν
3333 5281 3509 5348 λόγον.
3552 5277 3647 5331 καὶ⁵

2064 5379 2238 5449 ταύτῃ
2268 5378 2358 5432 τὸν
2390 5379 2664 5450 ἀκροατὴν
2690 5378 2929 5447 ἀνάγων.
2958 5378 3069 5430 Καὶ
3092 5375 3229 5437 τέως
3259 5370 3525 5425 Ἰουδαίων
3552 5369 3647 5422 αύ-

2064 5474 2191 5536 τοὺς
2221 5472 2512 5544 προτίθησι
2544 5472 2741 5540 λέγων,
2769 5471 2849 5525 ὅτι
2889 5469 2963 5523 Οὐ
2992 5465 3229 5537 δεόμεθα
3261 5462 3641 5534 καλύμματος,

2066 5562 2315 5633 καθάπερ
2330 5564 2535 5626 ἐκεῖνος
2558 5561 2651 5617 ἐπὶ
2671 5561 2779 5615 τῶν
2798 5558 3136 5631 ἀρχομένων·
3157 5556 3226 5610 τὰ
3240 5556 3296 5609 δὲ
3316 5554 3452 5626 μετὰ
3471 5552 3643 5606 ταῦτα

2064 5655 2160 5707 ναὶ
2198 5654 2278 5718 εἰς
2307 5653 2439 5708 αὐτὸ
2461 5653 2556 5708 τοῦ
2582 5653 2874 5725 νομοθέτου
2903 5652 2965 5705 τὸ
2990 5648 3204 5720 ἀξίωμα
3233 5648 3445 5716 ἀνάγει,
3483 5645 3516 5715 ἢ
3548 5646 3645 5698 καὶ

2067 5746 2247 5816 πολλῷ
2284 5746 2485 5816 μεῖζον.
2527 5747 2676 5810 Τέως
2707 5746 2765 5800 δέ
2792 5743 2901 5799 τῶν
2933 5743 3062 5814 ἑξῆς
3102 5742 3444 5813 ἀκούσωμενο
3488 5733 3643 5793 Ἀλλ’

2070 5839 2350 5910 ἐπωρώθη
2384 5842 2451 5894 τὰ
2487 5839 2750 5909 νοήματα
2777 5836 2992 5893 αὐτῶν.
3039 5838 3212 5905 ’Λχρι
3249 5834 3356 5905 γὰρ
3392 5831 3499 5901 τῆς
3524 5830 3640 5898 σή-
