4098 6222
462 375 572 432 645

456 505 645 558 μερον
668 487 737 541 τὸ
766 486 914 542 αὑτό
939 485 1221 553 κάλυμμα
1251 484 1320 537 ὲν
1342 483 1419 552 τῇ
1441 484 1779 553 ἀναγνώσει
1805 482 1912 550 τῆς
1929 486 2046 536 Πα-

459 580 638 648 .ιαιᾶς
661 581 958 648 Διαθήκης
987 576 1156 646 μένει
1200 576 1287 645 μὴ
1321 577 1923 644 ἀνακαλυπτόμενον,
1959 575 2063 629 ὅτι·

459 676 530 727 ἐν
558 671 791 741 Χριστῷ
831 668 1226 738 καταργεῖται.
1260 668 1402 738 Ὅρα
1436 669 1490 720 τί
1522 667 1923 732 κατασκευάζει
1959 667 2052 722 0:0

457 765 683 820 τούτων.
715 765 895 832 Ὅπερ
915 763 1024 832 γάρ
1044 761 1264 830 γέγονεν
1294 763 1385 814 ἐπὶ
1411 761 1692 824 Μωῦσέως
1725 761 1846 814 τότε
1878 760 2048 827 ἅπαξ,

460 858 620 911 τοῦτο
650 855 743 909 ἐπὶ
774 855 868 908 τοῦ
909 855 1074 924 νόμου
1108 852 1318 920 γίνεται
1347 852 1631 921 διηνεκῶς.
1660 852 1774 905 οὐκ
1804 851 1914 923 ἄρα
1952 851 2047 905 τοῦ

459 950 625 1019 νόμου
665 947 886 1017 διαϐολὴ
929 947 991 999 :0
1029 946 1344 1017 εἰρημένον,
1373 945 1564 1016 ὥσπερ
1608 946 1729 999 οὐδὲ
1764 944 2048 1009 Μωῦσέως

457 1042 579 1094 τότε
612 1041 1044 1110 καλυπτομένου,
1075 1039 1210 1093 ἀλλά
1248 1039 1354 1092 τῶν
1388 1041 1719 1110 ἀγνωμόνων
1754 1039 2048 1093 Ἰουδαίων·

457 1134 663 1194 ἐκεῖνος
694 1131 791 1200 μὲν
822 1132 930 1202 γάρ
952 1130 1066 1200 ἔχει
1095 1130 1195 1200 τὴν
1229 1129 1434 1182 οἰκείαν
1461 1129 1640 1194 δόξαν,
1672 1122 1820 1182 οὗτοι
1853 1129 1910 1182 δὲ
1943 1130 2043 1183 a0-

456 1224 557 1293 τὴν
611 1223 736 1276 ίδεῖν
789 1223 889 1274 οὐκ
944 1222 1308 1291 ἠδυνήθησαν.
1361 1220 1515 1294 [485]
1567 1222 1632 1274 Τί
1693 1221 1878 1274 τοίνυν
1930 1222 2040 1274 διαο

459 1318 703 1385 πορεῖτε,
748 1313 935 1384 φησὶν,
961 1317 1010 1366 εἰ
1034 1315 1133 1382 τὴν
1166 1313 1322 1378 δόξαν
1356 1314 1562 1384 ταύτην
1599 1315 1729 1366 ἰδεῖν
1762 1313 1824 1366 00
1852 1312 2046 1366 δύναν-

457 1424 547 1459 ται
579 1407 674 1478 τὴν
697 1409 794 1477 τῆς
832 1407 1078 1478 χάριτος,
1111 1407 1244 1460 01:00
1278 1423 1342 1474 γε
1368 1406 1471 1476 τὴν
1501 1406 1710 1460 ἐλάττω
1741 1407 1841 1476 τὴν
1874 1409 2043 1460 Μωῦ-

460 1499 599 1560 σὲως
640 1499 739 1550 οὐκ
789 1492 951 1562 εἶδον,
999 1496 1120 1549 οὐδὲ
1164 1497 1300 1567 πρὸς
1352 1496 1412 1548 :0
1473 1498 1765 1568 πρόσωπον
1817 1497 2046 1567 ἴσχυσαν

458 1590 704 1644 ἀτενίσαι
751 1589 814 1642 :0
866 1589 1108 1655 ἐκείνους
1157 1589 1208 1642 τί
1251 1589 1310 1641 δὲ
1352 1589 1704 1660 ταράττεσοε,
1753 1591 1802 1642 εί
1850 1591 1912 1642 00
1955 1607 2046 1643 1::-

463 1681 750 1735 στεύουσιν
783 1681 1029 1734 Ἰουδαῖοι
1063 1679 1304 1751 Χριστῷ,
1339 1681 1472 1733 01:00
1515 1698 1577 1750 γε
1610 1681 1729 1734 οὐδὲ
1771 1681 1850 1751 τῷ
1894 1682 2046 1753 νόμῳ

460 1772 806 1835 πιστεύουσις
831 1771 934 1824 Διά
959 1772 1069 1843 γὰρ
1095 1771 1257 1824 τοῦτο
1287 1772 1380 1825 καὶ
1409 1773 1508 1842 τὴν
1549 1774 1713 1843 χάριν
1748 1775 2042 1846 ἠγνόησαν.

459 1863 651 1936 ἐπειδὴ
689 1863 812 1916 ούδὲ
860 1863 959 1934 τὴν
997 1863 1231 1918 παλαιὰν
1273 1863 1550 1935 Διαθήκην
1583 1863 1745 1930 είδον,
1795 1865 1914 1919 οὐδὲ
1947 1867 2048 1936 τὴν

459 1958 517 2008 ἐν
548 1956 684 2026 αὐτῇ
719 1954 877 2020 δόξαν
899 1971 918 1984 ’
947 1954 1076 2020 δόξα
1114 1954 1226 2026 γὰρ
1255 1955 1441 2026 νόμου,
1471 1957 1607 2026 1:90;
1651 1957 1884 2028 Χριστὸν
1928 1960 2050 2010 ἐπι⁹

463 2048 716 2120 στρέψαι.

531 2146 602 2208 γ’.
631 2140 794 2211 Ὁρᾷς
823 2139 942 2203 πῶς
965 2139 1259 2196 κάντεῦθεν
1279 2141 1534 2214 καθαιρεῖ
1553 2142 1612 2196 τὸ
1633 2144 1743 2196 τῶν
1775 2143 2046 2197 Ἰουδαίων

461 2233 727 2307 φύσημα;
765 2235 882 2303 Ἀφ’
912 2226 988 2287 ὧν
1019 2235 1128 2304 γὰρ
1163 2235 1386 2288 ἐδόκουν
1416 2235 1782 2301 πλεονεκτεῖν,
1819 2235 1914 2289 τοῦ
1946 2237 2046 2306 τὴν

459 2328 580 2397 ὄψιν
619 2327 898 2392 Μωῦσέως
938 2325 1366 2398 ἑξαστράπτειν,
1395 2328 1503 2381 01:0
1537 2328 1744 2382 τούτων
1774 2328 2046 2382 δείκνυσιν

461 2419 640 2474 αὐτῶν
682 2419 743 2472 :0
785 2420 932 2490 παχὺ
981 2419 1075 2472 καὶ
1120 2419 1480 2491 χαμαίζηλον.
1528 2421 1620 2492 Μὴ
1653 2421 1835 2474 τοίνυν
1871 2419 2048 2490 τούτῳ

461 2510 1010 2576 καλλωπιζέσθωσαν·
1041 2511 1093 2565 τί
1120 2511 1230 2582 γὰρ
1254 2511 1420 2564 τοῦτο
1439 2512 1577 2583 πρὸς
1611 2511 1898 2575 Ἰουδαίους
1922 2515 2048 2575 τοὺς

464 2589 541 2676 μὴ
565 2603 1010 2669 ἀπολαύσαντας;
1048 2603 1142 2657 Διὸ
1174 2605 1267 2658 καὶ
1310 2605 1548 2676 συνεχῶς
1587 2605 1720 2658 αὐτὸ
1754 2605 2048 2676 περιστρέ-

463 2713 572 2763 φει,
593 2695 689 2749 νῦν
708 2695 810 2766 μὲν
825 2697 1020 2765 λέγων,
1042 2697 1124 2750 0::
1170 2697 1240 2751 Τὸ
1263 2699 1406 2752 αὐτὸ
1431 2698 1714 2768 κάλυμμα
1727 2698 1882 2768 ἐντῇ
1906 2697 2052 2753 ἀνα-

462 2787 682 2856 γνώσει
714 2787 821 2856 τῆς
841 2788 1110 2855 Παλαιᾶς
1125 2789 1426 2858 Διαθήκης
1440 2791 1608 2860 μένει
1627 2792 1714 2860 μὴ
1741 2792 2049 2846 ἀνακαλυ-

464 2880 790 2949 πτόμενον,
830 2878 921 2932 ὅτι
944 2879 1014 2933 ἐν
1045 2881 1280 2949 Χριστῷ
1302 2883 1808 2950 καταργεῖταιονῦν
1845 2883 1924 2948 δὲ,
1965 2885 2049 2936 ὅτι

470 2975 622 3039 Ἕως
650 2973 942 3042 σήμερον.
976 2973 1159 3042 ἡνίκα
1179 2973 1654 3043 ἀναγινώσκεται
1679 2975 1961 3044 Μωυσῆς,
1983 2977 2050 3030 τὸ

463 3083 500 3120 ιι
511 3066 610 3120 ὺτὸ
632 3065 918 3135 κάλυμμα
931 3064 1029 3118 ἐπὶ
1049 3063 1162 3132 τὴν
1176 3065 1430 3134 καρδίαν
1446 3068 1643 3120 αὐτῶν
1661 3067 1864 3133 κεῖται,
1884 3069 1978 3122 καί
1991 3070 2048 3122 ὲν

464 3161 530 3230 τῇ
554 3158 862 3228 ἀναγνώσει
881 3159 976 3213 καὶ
997 3161 1056 3211 ἐν
1074 3162 1139 3230 τῇ
1170 3159 1371 3231 καρδία
1394 3160 1574 3211 αὐτῶν
1597 3161 1810 3224 δεικνὺς
1833 3162 2046 3214 ἐπικεί-

468 3267 649 3320 μενον·
665 3251 926 3322 ἀνωτέρω
939 3251 1206 3317 δὲ,Ὧστε
1219 3251 1306 3322 μὴ
1321 3253 1591 3306 ἀτενίσαι
1607 3253 1747 3318 τοὺς
1758 3253 1924 3320 υἱοὺς
1942 3255 2049 3307 ἰσ-

459 3342 627 3412 ραὴλ
654 3345 744 3410 είς
777 3342 842 3397 τὸ
873 3343 1199 3412 πρόσωπον
1229 3343 1546 3410 Μωῦσέως,
1582 3345 1680 3398 διὰ
1718 3345 1832 3412 τὴν
1859 3345 2050 3411 δόξαν

465 3437 572 3490 τοῦ
595 3436 921 3504 προσώπου
963 3437 1151 3491 αὑτοῦ
1198 3437 1313 3504 τὴν
1345 3439 1856 3508 καταργουμένην·
1890 3435 1952 3494 οῦ
1995 3440 2050 3493 τί

465 3529 664 3594 γένοιτ’
707 3529 774 3582 ἀν
811 3529 1223 3600 εὐτελέστερον;
1266 3531 1396 3584 ὅταν
1431 3531 1566 3601 μηδὲ
1599 3533 2050 3602 καταργουμένης

465 3621 646 3691 δόξης,
690 3619 890 3692 μᾶλλον
926 3621 983 3674 δὲ
1015 3622 1114 3691 τῆς
1156 3622 1290 3692 μηδὲ
1318 3621 1485 3695 οὔσης
1521 3627 1585 3694 τῇ
1623 3625 1931 3695 συγκρίσει,
1962 3625 2052 3677 δύ-

466 3729 664 3766 νωνται
690 3712 880 3766 θεαταὶ
900 3711 1174 3780 γενέσθαι,
1193 3713 1328 3767 ἀλλά
1348 3715 1693 3787 καλύπτηται
1723 3717 1818 3770 ἀπ’
1846 3716 2047 3783 αὐτῶν,

467 3808 548 3868 εἰς
575 3805 635 3858 :0
671 3804 748 3876 μὴ
780 3805 1023 3858 ἀτενίσαι
1061 3807 1140 3869 είς
1171 3807 1236 3860 :0
1258 3809 1411 3872 τέλος
1452 3809 1546 3862 τοῦ
1581 3812 2048 3881 καταργουμένου,

465 3898 734 3960 τουτέστι,
765 3897 859 3950 τοῦ
891 3899 1078 3967 νόμου,
1114 3901 1141 3952 0
1167 3917 1220 3953 ::
1244 3901 1396 3963 τέλος
1425 3900 1559 3969 ἔχει.
1595 3903 1748 3954 Ἀλλ’
1769 3902 2048 3970 ἐπωρώθη

467 3990 540 4042 τὰ
567 3991 836 4059 νοήματα
867 3990 1084 4045 αὐτῶν.
1110 3991 1220 4046 Καὶ
1241 3993 1295 4045 τί
1323 3994 1484 4045 τοῦτο
1513 3993 1648 4061 πρὸς
1679 3993 1740 4044 :0
1761 3995 2048 4063 κάλυμμα,

467 4079 623 4147 φησὶ,
649 4080 806 4146 τότε;
841 4081 962 4133 Ὀτι
990 4081 1059 4134 :0
1092 4081 1351 4150 μέλλοντα
1382 4081 1800 4152 προδιέγραφεν.
1834 4084 1910 4134 U0
1943 4084 2052 4153 γάρ

471 4171 634 4241 μόνον
663 4175 784 4225 τότε
813 4173 913 4226 οὐκ
947 4168 1108 4235 εῐδον,
1143 4173 1259 4226 ἀλλ’
1287 4173 1407 4226 οὐδὲ
1437 4173 1530 4227 νῦν
1555 4174 1722 4244 ὁρῶσι
1751 4175 1842 4227 :00
1864 4175 2047 4244 009.00.

470 4266 581 4318 Kal
609 4268 642 4336 ἡ
675 4267 822 4319 αἰτία
849 4267 979 4336 παρ’
1015 4267 1194 4327 αὐτοῖς
1225 4279 1251 4306 ι
1279 4285 1293 4298 ·
1325 4269 1356 4335 ἡ
1396 4265 1510 4337 γὰρ
1541 4267 1797 4337 πώρωσις
1823 4268 2051 4338 γνώμης

468 4358 618 4412 ἐστὶν
645 4359 972 4430 ἀναισθήτου
1004 4361 1096 4412 καὶ
1133 4359 1465 4430 ἀγνώμονος.
1506 4361 1666 4413 Ὥστε
1687 4363 1850 4430 ἡμεῖς
1880 4363 2051 4430 ὲσμεν

467 4454 518 4504 οἱ
545 4454 640 4506 καὶ
670 4452 760 4505 :00
787 4453 949 4521 νόμον
975 4453 1196 4516 εἰδότες·
1226 4453 1458 4516 ἐκείνοις
1486 4453 1543 4507 δὲ
1575 4454 1674 4524 οὐχ
1703 4455 1736 4525 ὴ
1767 4455 1924 4525 χάρις
1953 4456 2050 4524 9.0-

468 4564 582 4611 000,
613 4532 881 4600 ἀλλὰκαὶ
931 4541 1085 4610 00:0;
1125 4547 1531 4602 συνεσκίασται.
1568 4550 1741 4617 Ἀχρι
1787 4547 1898 4616 γὰρ
1939 4547 2051 4615 τῆς

469 4637 741 4707 σήμερον
772 4639 839 4691 τὸ
869 4639 1013 4692 αὐτὸ
1059 4638 1343 4707 κάλυμμα
1375 4640 1447 4692 ἑν
1479 4639 1551 4706 τῇ
1575 4639 1910 4706 ἀναγνώσει
1941 4637 2052 4706 τῆς

471 4729 741 4796 Παλαιᾶς
776 4729 1071 4795 Διαθήκης
1095 4729 1283 4800 μένει,
1316 4730 1470 4798 φησι,
1499 4729 1584 4798 μὴ
1630 4729 2051 4784 ἀνακαλυπτό-

468 4837 674 4888 μενον,
707 4821 796 4875 ὅτι
854 4822 924 4875 ἐν
965 4820 1196 4889 Χριστῷ
1247 4822 1638 4891 καταργεῖται.
1673 4823 1740 4874 Ὃ
1775 4821 1830 4873 δὲ
1875 4821 2046 4888 λέγει,

471 4908 631 4962 τοῦτό
661 4913 800 4963 ἐστι·
826 4913 996 4966 Τοῦτο
1030 4915 1161 4968 αὐτὸ
1191 4915 1254 4967 00
1283 4915 1539 4969 00vav:a::
1580 4914 1810 4967 συνιδεῖν
1839 4914 1922 4966 0::
1949 4914 2044 4965 πέ-

475 5017 701 5062 παυται,
725 5003 910 5072 ἐπειδὴ
934 5005 1010 5074 τῷ
1033 5006 1252 5076 Χριστῷ
1273 5007 1334 5059 00
1362 5008 1727 5060 πιστεύουσιν.
1747 5007 1806 5059 El
1837 5005 1944 5075 γὰρ
1965 5004 2053 5058 0:0

474 5092 567 5147 :00
596 5093 832 5164 Χριστοῦ
860 5097 1154 5158 πέπαυται,
1178 5097 1367 5167 ὥσπερ
1393 5095 1488 5152 οὖν
1513 5097 1608 5152 καὶ
1629 5099 1926 5158 πέπαυται.
1957 5099 2052 5151 καὶ

473 5188 503 5239 0
529 5185 693 5257 νόμος
720 5184 878 5239 τοῦτο
901 5186 929 5226 ιτ
953 5187 1243 5257 προλαϐὼν
1273 5183 1413 5249 εἶπε,
1447 5190 1564 5252 πῶς
1597 5191 1647 5243 οί
1675 5190 1748 5260 μὴ
1771 5191 2053 5261 δεχόμενοι

474 5279 566 5331 :00
595 5277 830 5349 Χριστὸν
851 5279 942 5332 τὸν
966 5281 1392 5350 καταργήσαντα
1417 5280 1508 5333 :00
1528 5283 1709 5352 νόμον,
1733 5281 2052 5353 δυνήσονται

481 5370 628 5436 ίδεῖν,
681 5372 764 5424 ὅτι
826 5373 1169 5442 κατήργηται
1221 5373 1250 5424 ό
1298 5373 1495 5444 νόμος;
1529 5375 1602 5426 O0
1644 5376 1946 5445 χωροῦντες
1993 5376 2050 5427 δὲ

477 5462 637 5515 τοῦτο
672 5463 818 5526 ἰδεῖν,
855 5463 1076 5534 εὔδηλον
1117 5465 1198 5518 0::
1250 5465 1345 5518 καὶ
1393 5465 1556 5519 αὑτοῦ
1608 5465 1702 5519 :00
1749 5467 1913 5535 νόμου
1955 5463 2050 5517 :00

478 5552 650 5605 ταῦτα
696 5554 944 5621 λέγοντος
979 5555 1079 5625 τὴν
1133 5558 1283 5627 ἰσχὺν
1318 5557 1594 5624 ἀγνοοῦσι,
1627 5558 1720 5609 καὶ
1765 5556 1866 5625 τὴν
1895 5554 2050 5618 δόξαν

545 5746 568 5811 ξ
591 5741 738 5811 ίσξιὶίὶί,
761 5747 872 5806 παρ’
893 5747 1077 5811 αὐτούς,
1100 5747 1187 5796 Ms.
1215 5748 1325 5811 παρ’
1345 5749 1514 5803 αὐτοῖς.

544 5803 573 5842 δ
606 5803 859 5868 negabam:
884 5807 939 5854 :0
958 5809 1086 5856 αὐτὸ.

1150 371 1209 428 S.
1251 369 1540 427 JOANNIS
1581 362 2080 426 CHRYSOSTOI"
2117 365 2444 429 ARCHlEP.
2491 373 3040 432 CONSTANTI'NOP.

3629 379 3738 437 ιιε

2157 483 2399 539 ἅπασαν.
2441 488 2552 541 Καὶ
2585 488 2686 542 ποῦ
2721 489 2880 542 τοῦτο
2910 484 3054 551 εἶπε,
3094 485 3281 558 φησὶν,
3305 487 3389 540 0::
3424 489 3483 542 ὲν
3516 489 3741 562 Χριστῷ

2154 580 2546 647 καταργεῖται;
2581 582 2696 633 Οὐκ
2728 577 2850 633 εἷπε
2876 581 3057 651 μόνον,
3082 579 3217 633 ἀλλὰ
3247 581 3343 634 καὶ
3368 580 3456 633 διὰ
3477 584 3738 653 πραγμά-

2153 683 2262 720 των
2295 665 2486 734 ἔδειξε·
2521 670 2614 722 καὶ⁵
2635 669 2852 740 πρῶτον
2885 669 3006 740 μὲν,
3031 669 3111 740 τῷ
3151 669 3249 734 :0;
3291 670 3483 733 θυσίας
3517 672 3613 724 καὶ
3636 672 3741 742 τὴν

2153 760 2434 828 ἀγιστείαν
2471 761 2690 816 ἃπασαν
2719 765 2777 815 ὲν
2801 763 2881 816 ἑνὶ
2911 763 3270 816 κατακλεῖσαι
3301 763 3476 832 τόπῳ,
3501 763 3580 834 τῷ
3600 762 3739 835 ναῷ,

2151 854 2246 906 καὶ
2279 854 2442 906 αὐτὸν
2472 853 2698 925 ὓστερον
2723 853 2989 908 καθελεῖν.
3021 855 3083 907 EE
3105 855 3214 926 γὰρ
3243 855 3318 926 μὴ
3352 855 3608 908 ἐϐούλετο
3635 857 3740 910 a0-

2153 945 2253 1009 :0;
2287 945 2602 1000 παύσασθαι
2643 947 2736 1001 καὶ
2767 947 2857 999 :00
2889 946 3022 1018 περὶ
3053 947 3260 1000 τούτων
3297 947 3463 1017 νόμον
3494 947 3736 1012 ἅπαντα,

2150 1038 2294 1091 δυοῖν
2323 1037 2550 1110 θάτερον
2571 1038 2638 1092 00
2665 1039 2939 1108 ἐποίησεν,
2967 1039 3001 1110 ἦ
3027 1039 3126 1091 οὐκ
3147 1039 3214 1092 ἂν
3233 1039 3451 1093 καθεῖλε
3472 1040 3564 1092 :00
3583 1041 3732 1105 ναὸν,

2153 1127 2482 1199 ἥκαθελὼν,
2522 1130 2623 1182 οὐκ
2661 1129 2728 1184 ἂν
2771 1131 3152 1200 ἀπηγόρευσεν
3195 1130 3430 1200 ἀλλαχοῦ
3483 1131 3730 1184 θύεσθαι.

2154 1219 2302 1293 1484]
2331 1221 2448 1274 Νῦν
2479 1221 2536 1274 δὲ
2574 1223 2672 1293 τὴν
2702 1221 3028 1294 οἰκουμένην
3053 1223 3296 1288 ἃπασαν,
3322 1223 3423 1276 καὶ
3463 1224 3635 1295 αὐτὴν
3675 1225 3738 1278 δὲ

2149 1312 2246 1382 τὴν
2287 1312 2646 1385 Ἰερουσαλὴμ
2672 1315 2871 1368 ἄϐατον
2909 1317 3030 1377 ταῖς
3075 1315 3358 1378 τοιαύταις
3399 1316 3739 1388 κατέστησεν

2151 1402 2505 1473 ἱερουργίαις·
2538 1403 2699 1474 μόνον
2725 1404 2781 1457 δὲ
2809 1405 2902 1458 τὸν
2935 1407 3063 1460 ναὸν
3091 1407 3279 1470 αὐταῖς
3302 1407 3450 1468 ἀνεὶς
3481 1407 3574 1460 καὶ
3605 1409 3737 1461 ἀπο-

2147 1491 2336 1557 τάξας,
2366 1490 2488 1547 εἶτα
2529 1495 2692 1548 αὐτὸν
2729 1495 2919 1550 τοῦτον
2955 1496 3181 1568 ὕστερον
3219 1496 3483 1561 καθελὼν,
3521 1498 3617 1550 καὶ
3653 1500 3736 1562 είς

2145 1586 2300 1648 τέλος
2331 1587 2498 1650 ἔδειξε
2523 1587 2612 1641 0:0
2633 1588 2742 1641 τῶν
2763 1589 3103 1656 πραγμάτων
3130 1589 3331 1652 αὐτῶν,
3356 1590 3437 1642 0::
3459 1590 3734 1642 πέπαυται

2146 1677 2216 1730 :0
2255 1677 2350 1730 :00
2376 1677 2543 1748 νόμου
2583 1677 2670 1731 διά
2701 1678 2956 1749 Χριστοῦ·
2991 1680 3084 1732 καὶ
3112 1679 3227 1749 γὰρ
3251 1679 3342 1732 τὸν
3375 1680 3502 1732 ναὸν
3545 1683 3572 1733 ὁ
3601 1682 3734 1750 Χρι-

2151 1770 2275 1827 στὸς
2309 1769 2580 1824 καθεῖλεν.
2620 1770 2680 1823 El
2712 1770 2767 1822 δὲ
2815 1770 2993 1839 βούλει
3031 1771 3128 1825 καί
3162 1771 3250 1824 διὰ
3291 1772 3552 1842 ῥημάτων
3601 1773 3737 1824 ίδεῖν

2149 1862 2267 1926 πῶς
2290 1862 2378 1916 διὰ
2397 1861 2491 1915 τοῦ
2519 1861 2760 1933 Χριστοῦ
2780 1866 3159 1933 καταργεῖται.
3190 1863 3421 1917 ἄκουσον
3447 1864 3610 1917 αὑτοῦ
3633 1863 3732 1916 τοῦ

2148 1955 2439 2026 νομοθέτου
2469 1954 2722 2023 λέγοντος
2751 1954 2914 2009 οὕτω·
2942 1956 3268 2026 Προφήτην
3293 1956 3437 2024 ὑμῖν
3457 1955 3729 2024 ἀναστή-

2155 2062 2252 2101 σει
2283 2047 2498 2116 Κύριος
2527 2048 2595 2101 ἐκ
2619 2045 2740 2100 τῶν
2763 2045 3047 2116 ἀδελφῶν
3069 2046 3255 2117 ὑμῶν,
3283 2048 3364 2112 ώς
3389 2047 3508 2114 ἐμέ·
3541 2045 3734 2100 αὑτοῦ

2155 2139 2496 2193 ἀκούσεσθε
2533 2137 2686 2192 κατά
2709 2137 2927 2200 πάντα,
2965 2137 3083 2192 ὅσα
3115 2137 3193 2191 ἂν
3223 2137 3534 2206 ὲντελῆται
3566 2137 3734 2206 ὑμῖν.

2151 2231 2262 2285 Καὶ
2288 2229 2482 2292 ἔσται.
2520 2229 2688 2285 πᾶσα
2725 2230 2897 2300 ψυχὴ
2927 2230 3060 2296 ἣτις
3108 2229 3184 2284 ἂν
3217 2229 3302 2299 μὴ
3347 2231 3582 2296 ἀκούσῃ
3625 2229 3740 2283 τοῦ

2149 2322 2462 2392 προφήτου
2502 2324 2766 2385 ἐκείνου,
2806 2321 3396 2390 ἐξολοθρευθήσεται.
3431 2320 3580 2386 Εἶδες
3615 2322 3739 2386 πῶς

2148 2414 2350 2482 ἔδειξεν
2373 2419 2402 2468 ὁ
2422 2415 2584 2486 νόμος
2615 2417 2698 2469 0::
2731 2416 2789 2467 ἐν
2816 2415 3038 2484 Χριστῷ
3077 2413 3337 2478 παύεται;
3383 2413 3441 2466 '0
3469 2413 3579 2484 γὰρ
3602 2429 3736 2483 1:90-

2149 2505 2327 2576 φήτης
2358 2501 2534 2569 οὗτος,
2561 2505 2842 2559 τουτέστιν
2874 2507 2904 2557 0
2926 2506 3161 2574 Χριστὸς
3189 2503 3250 2557 :0
3276 2502 3418 2557 κατά
3448 2504 3645 2574 σάρκα,
3669 2496 3739 2558 οὗ

2149 2599 2370 2652 ἀκούειν
2410 2599 2665 2652 ἐκέλευσε
2695 2597 2957 2667 Μωῦσῆς,
2997 2599 3090 2650 καὶ
3122 2597 3392 2650 σάϐϐατον
3433 2597 3529 2650 καὶ
3577 2613 3738 2662 περι-

2149 2689 2325 2761 τομὴν
2370 2691 2465 2742 καὶ
2505 2689 2676 2744 τᾶλλα
2706 2691 2886 2744 πάντα
2917 2689 3144 2742 ἔπαυσε.
3180 2687 3293 2742 Kal
3324 2690 3352 2740 0
3383 2686 3547 2740 Δαυτδ
3582 2686 3640 2738 δὲ
3670 2685 3736 2738 :0

2151 2781 2284 2834 a0:0
2305 2779 2462 2834 :00:0
2485 2780 2681 2850 δηλῶν,
2703 2780 2858 2849 ἔλεγε
2883 2781 3011 2850 περὶ
3031 2777 3124 2832 τοῦ
3149 2777 3406 2850 Χριστοῦ·
3432 2778 3519 2830 Σὺ
3541 2777 3732 2845 ίερεὺς

2148 2876 2237 2940 είς
2283 2873 2392 2927 τὸν
2430 2873 2636 2936 αἰῶνα,
2678 2874 2830 2927 κατά
2865 2874 2981 2941 τὴν
3013 2870 3191 2936 τάξιν
3224 2870 3623 2940 Μελχισεδὲκ,
3666 2870 3732 2922 00

2151 2967 2292 3022 κατά
2318 2967 2418 3036 τὴν
2451 2967 2604 3032 τάξιν
2627 2964 2858 3037 Ἀαρών.
2893 2965 2983 3019 Διὸ
3018 2966 3108 3020 καὶ
3132 2963 3319 3034 σαφῶς
3348 2967 3376 3018 ὀ
3398 2964 3609 3027 Παῦλος
3636 2964 3728 3033 έρ-

2155 3059 2404 3132 μηνεύων
2433 3059 2585 3119 αὐτὸ,
2615 3060 2803 3130 φησὶν,
2830 3059 2913 3112 0::
2935 3057 3414 3126 Μετατιθεμένης
3449 3048 3736 3124 τῆςίερω-

2150 3153 2366 3218 σύνης.
2392 3153 2462 3216 ἐξ
2493 3151 2770 3222 ἀνάγκης
2791 3151 2890 3204 καί
2916 3151 3105 3219 νόμου
3127 3149 3451 3219 μετάθεσις
3484 3149 3730 3220 γίνεται.

2154 3246 2262 3300 Kal
2297 3245 2532 3316 ἀλλαχοῦ
2561 3245 2618 3298 δὲ
2655 3245 2818 3299 πάλιν
2851 3242 3020 3313 φησί·
3057 3244 3296 3297 Θυσίαν
3323 3243 3421 3297 καί
3465 3257 3734 3312 προσφοο

2143 3338 2263 3406 ράν
2285 3340 2396 3393 οὐκ
2415 3337 2743 3405 ἠθέλησας,
2777 3334 3239 3404 ὁλοκαυτώματα
3265 3335 3363 3388 καί
3380 3327 3525 3402 ’περὶ
3551 3334 3734 3402 ἁμαρ,

2151 3431 2284 3495 τίας
2311 3430 2422 3483 οὐκ
2455 3429 2828 3495 ηὐδόκησας·
2867 3429 2999 3482 τότε
3023 3423 3217 3490 εἷπον,
3255 3426 3411 3482 Ἰδοὺ
3441 3427 3585 3494 ἥκω.
3623 3425 3738 3480 Kal

2152 3520 2342 3592 ἑτέρας
2371 3520 2426 3574 δὲ
2460 3519 2640 3589 πολλῷ
2671 3519 2876 3572 τούτων
2902 3517 3120 3581 πλείους
3146 3518 3368 3572 δυνατὸν
3396 3519 3465 3570 ἐκ
3493 3517 3591 3584 τῆς
3615 3518 3732 3569 Πα-

2149 3615 2310 3676 λαιᾶς
2339 3613 2686 3684 παραγαγεῖν
2721 3611 3046 3682 μαρτυρίας,
3081 3609 3344 3679 δηλούσας
3373 3608 3490 3670 πῶς
3515 3607 3602 3659 διὰ
3631 3606 3734 3658 τοῦ

2151 3705 2388 3777 Χριστοῦ
2425 3707 2783 3775 καταργεῖται
2831 3705 2861 3756 ὁ
2901 3703 3083 3770 νόμος.
3123 3702 3279 3754 ’Ὥστε
3311 3701 3446 3753 ὅταν
3481 3700 3730 3770 ἀποστῇς

2151 3799 2245 3852 τοῦ
2276 3798 2466 3866 νόμου,
2497 3798 2619 3850 τότε
2649 3797 2766 3865 ὕψει
2796 3796 2885 3848 :00
2913 3796 3077 3865 νόμον
3115 3793 3314 3856 καλῶς·
3345 3793 3450 3854 ἓως
3473 3792 3516 3845 δ’
3539 3789 3606 3845 ἀν
3630 3792 3730 3844 a0-

2150 3891 2242 3944 τὸν
2283 3891 2540 3961 κατέχῃς,
2583 3887 2679 3941 καὶ
2733 3887 2807 3957 μὴ
2856 3886 3116 3957 πιστεύῃς
3147 3883 3385 3956 Χριστῷ,
3433 3883 3533 3936 001:
3579 3877 3731 3946 οἶδας

2152 3981 2271 4034 οὐδὲ
2295 3981 2461 4034 αὑτὸν
2489 3979 2580 4032 τὸν
2613 3979 2796 4048 νόμον.
2829 3977 2920 4030 Διὸ
2943 3978 3038 4029 καὶ
3071 3976 3371 4044 ἐπήγαγεν,
3400 3971 3736 4040 σαφέστερον

2150 4070 2310 4124 τοῦτο
2335 4070 2467 4123 αὐτὸ
2495 4068 2947 4132 κατασκευάζων,
2965 4067 3116 4120 Ἀλλ’
3140 4065 3252 4130 ἕως
3281 4065 3569 4133 σήμερον,
3601 4063 3733 4128 ’ἠνί-

2152 4179 2230 4216 κα
2283 4160 2756 4230 ἀναγινώσκεται
2813 4159 3092 4226 Μωῡσῆς,
3146 4157 3430 4226 κάλυμμα
3481 4156 3583 4210 ἐπὶ
3621 4155 3734 4222 τὴν

2151 4251 2404 4320 καρδίαν
2425 4250 2627 4304 αὐτῶν
2655 4249 2862 4303 κεῖται.
2897 4247 3116 4318 Ἐπειδὴ
3136 4247 3246 4317 γὰρ
3271 4241 3447 4309 εἶπεν,
3472 4247 3554 4298 0::
3582 4247 3639 4296 ἐν
3662 4245 3729 4314 τῇ

2152 4340 2457 4409 ἀναγνώσει
2483 4339 2584 4410 τῆς
2612 4339 2850 4402 Παλαιᾶς
2877 4338 3151 4409 Διαθήκης
3185 4336 3337 4406 μένει
3362 4335 3424 4388 :0
3445 4335 3728 4404 κάλυμμα·

2155 4433 2241 4485 ἴνα
2275 4432 2348 4503 μή
2376 4448 2461 4496 τις
2490 4429 2686 4500 νομίσῃ
2711 4430 2810 4498 τῆς
2847 4428 3110 4496 ἀσαφείας
3153 4425 3247 4479 τοῦ
3287 4427 3452 4494 νόμου
3490 4419 3628 4476 εἶναι
3669 4423 3733 4476 :0

2153 4524 2465 4596 εἰρημένον,
2513 4523 2605 4576 καὶ
2633 4522 2699 4575 δι’
2729 4521 2932 4591 ἐτέρων
2984 4519 3081 4590 μὲν
3121 4518 3254 4572 αὐτὸ
3290 4517 3383 4572 καὶ
3421 4515 3731 4587 ἔμπροσθεν

2155 4616 2324 4682 ἔδειξε
2351 4615 2450 4685 (τῷ
2477 4613 2585 4685 γὰρ
2620 4616 2818 4678 εἰπεῖν,
2859 4610 3168 4678 Ἐπωρώθη
3204 4613 3276 4663 τὰ
3312 4608 3582 4677 νοήματα
3625 4607 3732 4659 αὑ-

2153 4709 2292 4771 τῶν,
2321 4707 2591 4761 δείκνυσιν
2641 4706 2820 4760 αὐτῶν
2846 4704 2906 4757 :0
2936 4703 3187 4773 ἔγκλημα
3219 4700 3322 4771 00),
3358 4701 3454 4754 καὶ
3497 4701 3555 4751 ὲν
3581 4694 3734 4766 αύτῴ

2153 4803 2209 4857 δὲ
2241 4802 2417 4871 τούτῳ
2466 4800 2650 4855 πάλιν.
2686 4800 2760 4851 Οὐ
2795 4798 2904 4867 γὰρ
2925 4793 3100 4858 εἶπεν,
3151 4796 3240 4847 Ἐν
3276 4795 3388 4855 τοῖς
3437 4792 3732 4862 γράμμασι

2157 4895 2306 4965 μένει
2354 4893 2415 4948 :0
2455 4893 2739 4962 κάλυμμα,
2773 4889 2910 4954 ἀλλ’,
2955 4890 3058 4942 ‘Er
3095 4886 3171 4955 τῇ
3213 4883 3572 4955 ἀναγνώσει·
3611 4883 3645 4952 ἡ
3675 4881 3732 4934 δὲ

2154 4985 2464 5054 ἀνάγνωσις
2499 4983 2749 5054 ἐνέργεια
2795 4982 2904 5034 τῶν
2932 4977 3413 5045 ἀναγινωσκόντων
3451 4973 3594 5028 ἐστί·
3637 4972 3731 5026 καὶ

2154 5076 2338 5138 πάλιν,
2371 5075 2581 5129 Ἦνίκα
2595 5070 3062 5140 ἀναγινώσκεται
3089 5063 3370 5133 Μωῡσῆς.
3393 5061 3734 5131 Σαφέστερον

2153 5166 2208 5219 δὲ
2229 5166 2359 5219 αὐτὸ
2380 5169 2447 5235 τῇ
2471 5163 2614 5228 λέξει
2638 5165 2702 5232 τῇ
2729 5161 2854 5230 ἑξῆς
2883 5158 3174 5230 ἐδήλωσεν,
3196 5148 3732 5220 ἁνακεκαλυμμένως

2153 5259 2345 5322 εἰπὼν,
2376 5257 2672 5327 Κάλυμμα
2717 5256 2815 5310 ἐπί
2842 5253 2957 5321 τὴν
2985 5249 3236 5320 καρδίαν
3277 5246 3475 5304 αὐτῶν
3521 5242 3725 5298 κεῖται.

2165 5351 2318 5404 Ἐπεὶ
2348 5352 2441 5403 καὶ
2466 5352 2525 5403 ὲν
2549 5353 2616 5420 τῇ
2639 5348 2759 5418 ὕψει
2790 5346 3090 5410 Μωῦσέως,
3121 5343 3183 5395 00
3208 5341 3298 5395 0:0
3329 5337 3569 5395 Μωῦσέα
3598 5335 3734 5388 ἔκει-

2151 5456 2235 5504 το,
2277 5438 2414 5491 ἀλλά
2445 5437 2534 5490 διὰ
2579 5437 2678 5507 τὴν
2725 5437 2928 5490 τούτων
2966 5433 3253 5504 παχύτητα
3307 5430 3404 5484 καὶ
3461 5424 3732 5499 σαρκικὴν

2223 5546 2401 5583 ωιιην.

2223 5550 2266 5582 ω
2352 5546 2401 5583 ν.

2153 5546 2715 5693 γνϐ’ξιιῗὲατηγοριίλσας
2736 5619 2913 5673 τοίνυν
2934 5617 3114 5672 αὐτῶν
3136 5617 3358 5680 ἱκανῶς,
3377 5615 3618 5669 δείκνυσι
3639 5611 3735 5667 καὶ

2225 5811 2245 5840 ⁸
2271 5807 2413 5872 1.93.,
2435 5808 2718 5863 ἐντέλληται,
2741 5804 2821 5852 vel
2856 5800 3130 5853 ἑντιίληται.
