4090 6216
414 401 512 456 Ηό

411 516 647 586 quoniam
668 515 720 568 in
746 513 947 568 Christo
971 506 1412 566 evacuatur.Vide
1429 507 1554 577 quid
1575 522 1668 574 per
1694 506 1808 558 hare
1834 502 1994 556 verba

411 613 673 666 adstruat.
701 606 834 662 Nam
861 605 1003 674 quod
1036 615 1146 658 tum
1177 601 1346 657 semel
1375 601 1430 655 in
1457 599 1606 655 Mose
1628 597 1872 667 contigit,
1890 595 1991 649 hoc

412 711 672 772 perpetuo
726 701 779 753 in
829 707 947 768 lege
986 697 1267 766 contingit.
1311 693 1423 750 Nec
1474 702 1653 747 tamen
1684 690 1770 744 his
1814 685 1992 743 verbis

414 798 583 866 legent
624 792 965 856 criminatur,
996 786 1446 859 quemadmodum
1501 799 1600 839 nec
1644 782 1850 836 Mosem
1881 789 1990 833 tum

408 904 530 943 sese
544 885 904 946 obvelantem,
919 881 1012 938 sed
1035 880 1340 936 Judzeorum
1360 877 1660 933 vecordiam
1689 893 1704 929 :
1732 875 1820 928 illa
1841 872 1984 926 enim

408 993 559 1032 soam
581 975 808 1046 gloriam
841 973 1032 1037 habet;
1053 979 1106 1025 at
1129 970 1215 1026 isti
1241 984 1358 1024 eam
1387 968 1581 1022 intueri
1609 965 1986 1033 nequiverunt.

408 1070 544 1137 Quid
576 1069 735 1136 igitur
777 1066 970 1120 mirum
1010 1065 1162 1118 vobis
1186 1071 1290 1126 est,
1324 1061 1514 1130 inquit,
1544 1060 1587 1113 si
1618 1058 1756 1112 hanc
1801 1056 1989 1126 gratim

410 1161 637 1231 gloriam
665 1170 890 1212 cernere
916 1163 1206 1224 nequeant,
1227 1167 1348 1207 cum
1372 1151 1632 1205 minorem
1656 1149 1800 1202 illam
1827 1145 1990 1200 Mosis

413 1268 515 1305 non
551 1246 946 1318 perspexerint,
974 1258 1074 1300 nec
1120 1243 1265 1298 illius
1293 1242 1496 1296 vultum
1542 1237 1752 1292 obtueri
1801 1247 1990 1306 potue-

410 1343 556 1398 rint?
585 1340 712 1411 quid
744 1338 1058 1404 turbatnini,
1087 1336 1133 1391 si
1163 1333 1332 1390 Judtei
1354 1331 1571 1387 Christo
1593 1346 1698 1384 non
1741 1327 1985 1392 credant,

409 1450 527 1488 cum
559 1447 626 1487 ne
656 1431 760 1500 legi
799 1428 1016 1499 quidem
1059 1425 1323 1481 credant?
1361 1423 1494 1479 Nam
1540 1422 1611 1475 ob
1662 1419 1714 1473 id
1761 1417 1985 1489 gratiam

407 1523 567 1578 etiam
611 1521 943 1590 ignorarunt,
968 1519 1219 1586 quoniam
1263 1531 1329 1570 ue
1359 1515 1520 1568 Vetus
1553 1511 1768 1574 quidem
1801 1510 1989 1563 Testa-

404 1617 647 1660 mentum
682 1620 782 1659 nec
815 1605 987 1675 ipsius
1020 1604 1246 1674 gloriam
1278 1609 1679 1673 cognoverunt;
1709 1600 1978 1670 siquidem

405 1701 540 1770 legis
568 1699 738 1770 gloria
772 1698 825 1750 in
860 1697 965 1751 hoc
993 1697 1096 1750 sita
1127 1704 1234 1760 est,
1274 1694 1420 1764 quod
1455 1693 1523 1748 ad
1552 1691 1826 1747 Christum
1857 1692 1980 1746 aui-

406 1805 527 1844 tuos
554 1796 859 1843 convertat.

477 1883 530 1935 5.
554 1879 718 1935 Vides
739 1889 799 1934 ut
833 1879 959 1934 hinc
991 1873 1536 1948 quoqueJudazorum
1557 1873 1758 1929 fastum
1793 1881 1983 1928 retun-

407 1973 533 2027 dat?
553 1971 764 2026 Etenim
791 1970 933 2026 unde
955 1969 1031 2023 illi
1056 1967 1430 2038 praestantiore
1450 1966 1762 2020 conditione
1780 1980 1840 2020 se
1859 1979 1984 2020 esse

408 2063 813 2126 existimabant,
830 2075 1020 2129 nempe
1035 2058 1180 2128 quod
1195 2056 1358 2111 Musis
1373 2056 1539 2112 iacies
1557 2053 1820 2123 fulgorem
1834 2053 1986 2107 emit-

411 2167 573 2220 teret,
600 2156 724 2210 hiuc
738 2170 921 2209 eorum
946 2152 1250 2208 crassitient
1271 2161 1326 2204 et
1341 2149 1700 2218 abjectionetu
1720 2146 1983 2202 ostendit.

412 2249 492 2303 Ne
512 2264 640 2320 ergo
660 2248 763 2304 hoc
780 2249 1000 2304 nomine
1017 2247 1092 2301 illi
1110 2245 1417 2316 glorientur
1440 2260 1453 2296 :
1479 2242 1606 2312 quid
1627 2241 1774 2296 enim
1793 2241 1898 2294 hoc
1919 2239 1986 2293 ad

411 2339 629 2395 Judzeos
658 2340 752 2410 qui
782 2340 887 2394 l‘rui
917 2354 1023 2394 non
1048 2335 1388 2408 potuerunt?
1427 2333 1594 2390 Unde-
1608 2333 1772 2388 etiam
1811 2331 1866 2386 id
1898 2345 1990 2385 as-

401 2433 552 2486 sidue
607 2430 873 2494 inculcat,
917 2443 1058 2484 nunc
1107 2428 1355 2482 videlicet
1409 2427 1580 2496 ipsum
1633 2425 1872 2480 velamen
1927 2424 1981 2478 itt

407 2524 612 2580 Veteris
651 2521 983 2578 Testamenti
1027 2521 1256 2576 lectione
1293 2533 1402 2575 non
1439 2519 1733 2575 revelatum
1764 2533 1982 2572 manere

399 2617 584 2670 dicens
604 2655 619 2680 ,
646 2615 770 2684 quia
817 2614 869 2667 in
904 2611 1117 2667 Christo
1152 2622 1470 2678 evacuetur;
1515 2625 1657 2666 nunc
1679 2653 1696 2678 ,
1729 2625 1896 2682 usque
1926 2611 1979 2666 itt

401 2707 714 2761 hodiernum
735 2705 901 2770 diem,
921 2720 1025 2775 quo
1048 2713 1285 2774 tempore
1308 2703 1498 2772 legitur
1519 2703 1714 2766 Moses,
1734 2702 1784 2756 id
1808 2703 1979 2772 ipsum

398 2801 640 2854 velamen
682 2800 735 2852 in
776 2799 1012 2866 ipsorum
1044 2796 1206 2851 corde
1249 2797 1475 2866 positum
1506 2810 1660 2860 esse;
1692 2810 1755 2850 ac
1785 2805 1895 2848 tum
1926 2795 1979 2849 in

397 2892 626 2946 lectione
646 2932 662 2958 ,
694 2901 804 2944 tum
843 2891 894 2944 iu
924 2902 1111 2944 eorum
1140 2887 1531 2957 cordeimpoui
1567 2886 1772 2942 dicens.
1803 2884 1976 2955 Supeo

397 2983 509 3036 rius
532 2997 661 3037 vero
686 2981 893 3036 dixerat
921 2998 936 3036 :
969 2979 1036 3035 Ut
1059 2979 1316 3034 intendere
1339 2995 1439 3032 non
1468 2988 1666 3047 possent
1690 2978 1788 3045 ﬁlii
1812 2976 1980 3032 Israel

394 3077 450 3130 in
481 3076 660 3146 faciem
696 3073 858 3127 Moris
877 3115 891 3138 ,
922 3081 1127 3143 prapter
1153 3071 1366 3143 gloriam
1390 3071 1558 3125 vultus
1587 3073 1696 3140 ejus
1720 3086 1834 3139 qua:
1859 3086 1976 3124 eva-

395 3180 575 3222 cuatur
600 3183 618 3220 :
645 3182 751 3237 quo
784 3166 911 3237 quid
940 3165 1198 3234 abiectius
1227 3164 1352 3235 ﬁngi
1381 3164 1588 3233 possit?
1615 3179 1734 3217 rum
1766 3177 1833 3217 ne
1862 3163 1978 3231 ejus

394 3264 610 3332 quidem
655 3259 881 3331 gloria,
921 3273 1041 3327 qua:
1081 3256 1386 3319 evanescit,
1425 3255 1532 3308 itno
1569 3255 1611 3308 si
1653 3269 1775 3308 cum
1813 3252 1976 3306 altera

395 3352 724 3416 conferatur,
757 3350 898 3406 trulla
938 3356 1023 3404 est
1048 3357 1376 3417 spectatores
1402 3362 1523 3402 esse
1547 3357 1763 3414 queant,
1792 3348 1886 3401 sed
1910 3347 1978 3399 ab

396 3443 613 3512 ipsisea
640 3442 951 3511 obtegatur,
986 3449 1044 3494 ut
1087 3455 1191 3494 non
1241 3438 1519 3493 intendant
1560 3438 1615 3492 in
1660 3438 1816 3493 linem
1862 3443 1979 3506 ejus

394 3532 541 3603 quod
565 3542 849 3587 evacuatur
871 3573 886 3598 ,
919 3531 1020 3586 hoc
1043 3539 1126 3586 est
1149 3531 1200 3584 iu
1233 3533 1424 3600 legem,
1456 3546 1575 3600 qua:
1605 3530 1765 3585 ﬁnem
1797 3530 1974 3584 habet.

395 3623 506 3678 Sed
527 3623 690 3676 obtusi
714 3631 829 3676 sunt
855 3639 1028 3677 sensus
1056 3638 1246 3676 eorum.
1274 3622 1338 3676 Et
1362 3622 1486 3692 quid
1515 3622 1637 3689 hoc,
1661 3621 1856 3675 dixerit
1880 3620 1978 3674 ali—

396 3718 537 3785 quis,
560 3715 627 3770 ad
655 3716 903 3771 velamen
931 3715 1096 3770 illud?
1117 3715 1379 3783 Quoniam
1401 3715 1576 3770 futura
1599 3715 1975 3786 przesignabat.

396 3808 579 3877 Neque
606 3807 746 3861 enim
777 3816 900 3861 tunc
927 3816 1128 3863 tantum
1162 3824 1265 3861 non
1296 3807 1584 3873 viderunt,
1618 3809 1712 3863 sed
1741 3824 1810 3862 nc
1837 3824 1978 3863 nunc

394 3897 609 3968 quidem
640 3900 809 3969 legem
842 3899 1047 3955 vident.
1082 3900 1192 3954 Hoc
1217 3907 1395 3954 autem
1439 3901 1674 3970 ipsorum
1713 3901 1842 3954 vitio
1868 3900 1926 3954 lit
1961 3919 1974 3955 :

393 3991 608 4046 obtusio
629 3993 769 4046 enim
791 3993 986 4047 mentis
1009 4005 1281 4060 stuporem
1307 4007 1370 4047 ac
1393 3994 1695 4048 vecordiam
1715 3994 1973 4048 declarat.

395 4080 580 4151 Itaque
619 4097 718 4137 nos
760 4097 982 4148 sumus,
1031 4083 1121 4153 qui
1163 4084 1331 4154 legem
1371 4085 1636 4154 cognitam
1671 4085 1927 4140 habemus
1960 4103 1973 4139 :

393 4188 518 4226 nam
551 4172 652 4226 illis
692 4187 799 4227 non
830 4174 990 4229 modo
1018 4175 1185 4244 gratia
1207 4215 1223 4241 ,
1255 4174 1350 4229 sed
1384 4174 1494 4244 ipsa
1523 4190 1736 4246 quoque
1767 4177 1849 4231 lex
1878 4177 1976 4232 ob-

392 4263 638 4318 umbrata
666 4274 768 4318 est.
804 4263 975 4335 Usque
1012 4266 1065 4319 in
1107 4267 1404 4320 hodiernum
1434 4266 1565 4320 enim
1595 4267 1727 4320 diem
1755 4267 1976 4335 idipsum

391 4356 619 4410 velamen
646 4359 698 4410 in
729 4358 937 4412 lectione
975 4357 1165 4412 Veteris
1203 4357 1510 4412 Testamenti
1535 4367 1738 4425 manet,
1772 4360 1974 4428 inquit,

391 4462 498 4498 non
522 4447 812 4512 revelatum,
843 4448 961 4516 quia
988 4448 1040 4500 in
1069 4445 1267 4502 Christo
1301 4458 1589 4502 evacuatur.
1617 4448 1767 4514 Quod
1796 4459 1976 4504 autem

389 4540 503 4602 ait,
539 4538 675 4594 hanc
703 4540 1024 4594 sententiam
1056 4538 1213 4594 habet
1245 4557 1259 4593 :
1297 4540 1407 4594 lloc
1434 4541 1603 4609 ipsum
1633 4555 1856 4595 cernere
1884 4557 1977 4596 ne-

391 4638 632 4699 queunt,
660 4645 778 4685 eam
810 4630 971 4685 linem
1001 4631 1271 4702 accepisse
1289 4671 1304 4695 ,
1335 4632 1458 4700 quia
1484 4629 1699 4686 Christo
1728 4647 1832 4686 non
1860 4647 1978 4687 ere-

390 4725 550 4777 dmtt.
581 4722 790 4778 Etenim
819 4723 862 4778 si
895 4739 991 4794 per
1019 4722 1288 4778 Christum
1319 4725 1475 4779 linem
1501 4726 1726 4795 accepit,
1759 4736 1817 4781 ut
1849 4742 1978 4783 vere

390 4814 820 4884 accepit,.idque
847 4816 1012 4870 etiam
1037 4814 1120 4869 lex
1150 4824 1274 4870 ante
1303 4815 1437 4869 dixit
1466 4833 1478 4871 :
1506 4817 1592 4887 qui
1626 4817 1741 4871 lteri
1776 4827 1975 4887 queat,

392 4915 453 4958 ut
480 4905 568 4974 qui
595 4904 906 4970 Christum,
935 4921 963 4959 a
995 4922 1100 4975 quo
1137 4906 1222 4962 lex
1258 4906 1528 4976 antiquata
1561 4917 1674 4973 est,
1704 4923 1809 4961 non
1838 4910 1977 4964 reci-

394 4999 587 5064 piunt,
632 4997 804 5067 legem
853 4997 1022 5067 ipsam
1069 5000 1394 5068 antiquatum
1443 5015 1565 5054 esse
1615 4999 1979 5069 perspiciam?

394 5085 564 5141 Porro
589 5087 678 5157 qui
709 5087 810 5143 hoc
839 5089 1145 5158 perspicere
1175 5101 1466 5158 nequeunt,
1502 5092 1672 5160 palam
1713 5107 1843 5147 sane
1873 5101 1976 5158 est,

391 5178 538 5246 quod
579 5179 745 5248 ipsius
773 5183 935 5234 etiam
966 5180 1094 5250 legis
1128 5196 1245 5249 qua:
1285 5180 1400 5234 lucc
1427 5181 1553 5236 dicit
1587 5184 1692 5235 vim
1724 5198 1786 5236 ac
1817 5182 1980 5237 robur

389 5270 726 5340 gloriamque
754 5273 1055 5326 universam
1087 5273 1347 5343 ignorent.
1381 5281 1448 5328 At
1475 5275 1687 5329 ubinam
1715 5276 1868 5341 dixit,
1901 5277 1980 5330 in-

392 5361 582 5429 quies,
611 5363 692 5417 lex
725 5379 784 5417 se
828 5364 879 5417 in
909 5363 1125 5418 Christo
1163 5364 1405 5420 aboleri?
1441 5365 1556 5420 Non
1601 5367 1774 5422 solum
1806 5368 1976 5433 dixit,

391 5451 488 5506 sed
529 5452 692 5507 etiam
739 5471 834 5524 per
876 5469 963 5509 res
1007 5456 1151 5526 ipsas
1189 5457 1575 5512 demonstravit
1608 5477 1618 5511 :
1649 5475 1712 5514 ac
1753 5461 1978 5528 primum

389 5543 611 5613 quidem
641 5545 782 5614 quod
807 5548 1071 5602 sacrificia
1099 5558 1153 5603 et
1180 5549 1652 5604 sanetilicationem
1683 5567 1894 5605 omnem
1927 5551 1977 5604 itt

391 5649 503 5687 uno
532 5633 682 5702 loco,
713 5637 816 5692 hoc
840 5647 924 5693 est
953 5638 1005 5693 in
1037 5641 1264 5712 templo,
1289 5641 1610 5697 concluserit
1630 5681 1646 5704 ,
1683 5653 1842 5713 atque
1880 5644 1982 5699 hoc

392 5727 573 5792 ipsum
602 5730 858 5800 templum
891 5743 1074 5801 postea
1103 5734 1432 5789 destructum
1462 5736 1550 5790 sit.
1580 5734 1690 5789 Nisi
1718 5736 1860 5790 enim
1889 5750 1978 5790 sa-

396 5818 601 5899 criﬁcia
625 5831 681 5878 et
708 5824 880 5893 legem
908 5840 1121 5883 omnem
1150 5827 1218 5882 de
1248 5828 1331 5882 his
1372 5827 1661 5882 institutam
1694 5828 1854 5882 linem
1887 5827 1980 5882 ha~

1475 390 1542 448 IN
1581 389 1794 446 EPlST.
1837 387 1878 443 ll
1944 388 2035 442 AD
2073 386 2226 442 COR.
2271 387 2498 444 HOMIL.
2539 386 2653 443 γη.

3580 399 3684 454 446

2102 501 2231 556 bere
2253 502 2531 567 voluisset,
2556 501 2782 557 duorum
2804 502 3028 556 alterum
3058 504 3288 571 fecisset,
3314 514 3404 561 aut
3427 508 3681 578 templum

2101 609 2205 647 non
2243 593 2583 658 sustulisset,
2613 604 2700 647 aut
2723 636 2742 664 ,
2783 596 2826 647 si
2870 595 3208 662 sustulisset,
3240 600 3495 654 sacriﬁcia
3535 613 3682 658 certe

2097 685 2215 738 aliis
2245 683 2298 738 in
2335 684 2465 737 locis
2497 684 2608 738 ﬁeri
2641 700 2744 738 non
2777 685 3154 753 prohibuisset.
3190 689 3339 743 Nunc
3365 707 3526 752 vero.
3557 708 3680 746 cum

2096 774 2346 829 universo
2371 785 2629 830 terrarum
2651 776 2764 831 orbi
2795 787 2848 830 et
2880 778 2974 845 ipsi
3005 795 3219 849 quoque
3245 782 3540 837 Jerusalem
3566 785 3679 837 adi~

2096 874 2206 919 tum
2247 867 2311 919 ad
2353 866 2654 934 hujusmodi
2702 869 2960 922 sacriﬁcia
3005 873 3368 938 prwrlnswit,
3401 876 3680 943 solumtu

2097 960 2349 1027 templqu
2401 958 2529 1027 ipsis
2577 961 2880 1028 permiserit
2920 971 2975 1014 et
3022 962 3335 1031 assignarit,
3377 973 3535 1033 atque
3579 963 3682 1020 hoc

2095 1050 2268 1119 ipsum
2299 1059 2478 1118 postea
2508 1051 2782 1104 sustulerit
2810 1068 2823 1103 :
2851 1066 2947 1120 per
2975 1067 3062 1105 res
3089 1051 3230 1120 ipsas
3262 1053 3472 1108 tandem
3501 1054 3682 1107 decla~

2094 1141 2263 1207 ravit,
2295 1140 2425 1208 legis
2455 1141 2585 1194 ritus
2616 1156 2710 1209 per
2737 1140 3005 1195 Christum
3053 1144 3210 1196 liuent
3254 1145 3524 1211 accepisse
3558 1162 3569 1194 :
3601 1147 3676 1198 si-

2091 1232 2306 1303 quidem
2337 1232 2592 1300 templum
2622 1246 2650 1285 a
2675 1230 2890 1286 ChriSto
2917 1233 3183 1287 sublatum
3208 1244 3310 1288 est.
3334 1236 3484 1299 Quod
3513 1237 3556 1288 si
3585 1251 3681 1305 per

2094 1323 2254 1378 verba
2285 1338 2498 1394 quoque
2533 1323 2715 1378 videre
2755 1324 2916 1390 libet,
2962 1327 3230 1394 quomodo
3278 1343 3371 1396 per
3408 1327 3678 1383 Christum

2092 1414 2176 1468 lex
2205 1415 2455 1486 abrogata
2485 1414 2574 1482 sit,
2605 1415 2892 1484 ipsummet
2931 1417 3289 1487 legislatoretn
3317 1421 3459 1482 andi,
3487 1422 3564 1474 sic
3593 1422 3676 1475 lo-

2089 1517 2342 1578 quentem
2372 1526 2387 1563 :
2417 1507 2730 1579 PrOphetam
2766 1509 2902 1563 vobis
2941 1511 3200 1566 suscitabit
3241 1512 3380 1568 Deus
3416 1513 3478 1568 de
3512 1516 3678 1569 medio

2089 1606 2308 1673 fratrum
2351 1613 2667 1668 vestrorum,
2717 1612 2972 1674 tamquam
3019 1622 3097 1658 me
3123 1622 3142 1660 :
3167 1606 3332 1674 ipsum
3371 1608 3586 1661 audietis
3622 1608 3677 1662 in

2089 1693 2340 1758 omnibus,
2369 1709 2694 1762 quiscumque
2731 1696 3042 1748 mandaverit
3081 1696 3237 1750 vobis.
3272 1695 3339 1750 Et
3369 1698 3482 1762 erit,
3513 1701 3678 1752 omnis

2089 1784 2259 1838 anima
2283 1800 2396 1853 qua:
2420 1785 2716 1855 prophetam
2746 1785 2892 1839 illum
2923 1803 3023 1840 non
3052 1788 3290 1854 audierit,
3322 1791 3679 1844 exterminabi-

2089 1888 2172 1932 tur
2201 1879 2380 1948 (Deut.
2415 1880 2501 1934 l8.
2532 1880 2618 1934 18.
2649 1879 2761 1949 19).
2801 1879 2960 1934 Vides
2989 1895 3091 1949 quo
3119 1892 3276 1950 pacto
3304 1882 3388 1935 lex
3416 1883 3668 1937 ostende-

2091 1975 2192 2036 rit,
2219 1971 2360 2041 quod
2396 1971 2447 2026 in
2485 1970 2700 2026 Christo
2738 1971 2897 2026 linem
2941 1981 3223 2040 acceptura
3249 1972 3432 2026 esset?
3456 1971 3671 2030 Etenim

2090 2063 2343 2132 propheta
2386 2062 2508 2128 hic,
2553 2063 2604 2117 id
2647 2072 2762 2128 est,
2799 2063 3041 2118 Christus
3080 2063 3374 2119 secundum
3412 2081 3628 2120 carnem
3655 2107 3670 2128 .

2088 2171 2244 2224 quem
2273 2155 2446 2210 Moses
2473 2156 2659 2211 audire
2697 2157 2886 2226 jussit,
2915 2165 2970 2211 et
2997 2156 3276 2212 sabbatum
3306 2168 3360 2212 et
3388 2158 3673 2213 circumci-

2087 2247 2295 2302 sionem
2327 2247 2535 2316 aliaque
2559 2249 2736 2301 omnia
2769 2247 2999 2301 sustulit.
3032 2249 3108 2302 Ac
3139 2248 3300 2302 David
3331 2248 3433 2303 hoc
3461 2264 3672 2319 quoque

2087 2336 2258 2406 ipsum
2287 2336 2549 2397 indicans.
2581 2337 2648 2392 de
2676 2337 2889 2392 Christo
2913 2337 3125 2392 dicebat
3148 2355 3160 2390 :
3186 2337 3267 2391 Tu
3290 2355 3342 2392 es
3361 2339 3596 2392 sacerdos
3619 2341 3672 2393 iu

2085 2441 2330 2484 wternum
2371 2429 2646 2484 secundum
2691 2430 2920 2483 ordinem
2962 2427 3296 2484 Melchisedec
3326 2431 3345 2500 (
3364 2429 3510 2483 Psal.
3544 2431 3668 2485 109.

2084 2522 2166 2591 4),
2193 2537 2296 2574 non
2323 2529 2499 2574 autem
2525 2521 2818 2574 secundum
2843 2520 3082 2574 ordinem
3111 2523 3310 2575 Aaron.
3340 2521 3422 2576 0b
3445 2536 3670 2590 eamque

2084 2626 2298 2666 causam
2327 2611 2519 2665 Paulus
2545 2611 2824 2680 perSpicue
2856 2610 2957 2665 hoc
2984 2626 3258 2680 exponens
3277 2651 3292 2676 ,
3325 2612 3399 2665 ait
3425 2629 3437 2665 :
3469 2611 3667 2665 Trans-

2085 2702 2188 2756 lato
2213 2702 2514 2768 sacerdotio,
2545 2718 2741 2755 necesse
2761 2713 2831 2755 est
2856 2711 2909 2755 ut
2935 2702 3058 2772 legis
3082 2703 3346 2755 translatio
3367 2703 3458 2770 ﬁat
3481 2702 3665 2774 (Hebr.

2085 2797 2136 2851 7.
2163 2797 2274 2866 12).
2298 2799 2472 2866 Atque
2492 2795 2596 2850 alio
2626 2797 2742 2850 loco
2770 2796 2850 2849 his
2873 2811 3084 2850 rursum
3110 2795 3287 2850 verbis
3319 2796 3483 2849 utitur
3515 2814 3528 2850 :
3560 2796 3666 2848 Sa-

2082 2890 2330 2958 criﬁcium
2359 2897 2403 2942 et
2429 2889 2726 2941 oblationem
2753 2887 2960 2940 noluisti
2984 2904 3003 2940 :
3029 2887 3325 2942 holocausta
3351 2895 3398 2940 et
3427 2903 3517 2956 pro
3549 2903 3668 2954 pec-

2081 2991 2195 3035 cato
2222 2997 2321 3034 non
2357 2978 2653 3046 placuerunt
2680 2979 2764 3030 tibi
2795 2993 2814 3030 .'
2841 2987 2959 3031 tunc
2988 2978 3098 3032 dixi
3115 3020 3130 3042 ,
3157 2977 3290 3032 Ecce
3323 2977 3464 3031 venio
3493 2976 3664 3050 (Psal.

2081 3073 2170 3129 59.
2198 3072 2257 3129 7;
2304 3069 2464 3123 Hebr.
2508 3069 2594 3123 10.
2623 3069 2784 3137 5-7).
2828 3069 3000 3138 Atque
3038 3069 3140 3122 alia
3185 3069 3351 3124 multo
3391 3069 3473 3123 his
3516 3069 3666 3139 plura

2084 3164 2385 3218 testimonia
2417 3178 2482 3217 ex
2518 3162 2691 3216 Veteri
2727 3160 3066 3216 Testamento
3097 3164 3337 3232 proferre
3367 3164 3509 3228 licet,
3543 3164 3665 3233 qui-

2081 3256 2201 3322 bus,
2230 3255 2497 3325 quomodo
2527 3255 2611 3309 lex
2643 3271 2738 3323 per
2763 3253 3031 3310 Christqu
3061 3255 3312 3326 abrogata
3341 3257 3432 3321 sit,
3463 3257 3670 3326 perspi-

2081 3364 2238 3404 cuum
2266 3347 2374 3401 tiat.
2397 3349 2576 3417 ltaqne
2606 3358 2949 3416 posteaquam
2977 3363 3005 3399 a
3034 3346 3150 3417 lege
3175 3349 3520 3411 abscesseris,
3550 3361 3660 3403 tutu

2079 3439 2296 3494 demum
2341 3439 2513 3508 legem
2563 3438 2782 3507 pulchre
2831 3438 3120 3506 perspicies
3148 3456 3164 3494 :
3191 3440 3440 3508 quamdiu
3484 3452 3663 3496 autem

2080 3546 2200 3586 eam
2225 3530 2533 3594 retinueris,
2564 3544 2664 3583 nec
2690 3528 2902 3584 Christo
2925 3530 3238 3593 credideris,
3263 3547 3330 3586 ne
3357 3534 3527 3602 legem
3550 3535 3667 3603 qui-

2080 3620 2201 3676 dem
2249 3621 2416 3688 ipsam
2463 3627 2801 3687 perspectam
2846 3618 3125 3675 habiturus
3162 3637 3240 3676 es.
3280 3622 3438 3686 Ideo,
3467 3633 3527 3677 ut
3565 3625 3666 3678 hoc

2082 3713 2254 3780 ipsum
2285 3711 2606 3764 luculentius
2634 3710 2894 3777 adstruat,
2923 3713 3231 3782 subjuuxit:
3259 3715 3343 3768 15.
3374 3714 3481 3769 Sed
3500 3718 3550 3769 in
3577 3717 3670 3770 Ito-

2081 3805 2311 3857 diernum
2338 3819 2494 3872 usque
2521 3803 2674 3867 diem,
2703 3819 2819 3855 cum
2848 3804 3032 3873 legitur
3062 3803 3284 3873 Moyses,
3317 3808 3539 3862 velamen
3570 3826 3666 3878 po-

2080 3896 2230 3947 situm
2257 3902 2326 3946 est
2353 3909 2504 3962 super
2539 3909 2626 3945 cor
2664 3908 2855 3945 eorum.
2885 3893 3145 3960 Quoniam
3175 3898 3316 3948 enim
3347 3897 3583 3960 diXerat,
3614 3899 3664 3952 in

2083 3985 2290 4040 Veteris
2313 3984 2638 4038 'l'estamenti
2664 3983 2891 4038 lectione
2917 3985 3155 4038 velamen
3183 4002 3434 4053 manere;
3461 4004 3528 4043 ne
3549 3991 3668 4058 quis

2082 4077 2198 4132 haec
2223 4076 2383 4131 verba
2409 4075 2476 4130 de
2514 4076 2644 4144 legis
2672 4077 2996 4131 obscuritate
3035 4078 3371 4148 intelligenda
3403 4095 3522 4135 esse
3547 4081 3663 4135 exi-

2081 4171 2342 4230 stimaret,
2377 4181 2484 4222 tum
2516 4185 2609 4239 per
2632 4171 2732 4223 alia
2759 4169 2916 4224 \erba
2947 4172 3046 4224 hoc
3071 4172 3243 4240 ipsum
3273 4174 3420 4241 prius
3444 4173 3667 4228 demon-

2081 4263 2268 4317 stravit
2299 4261 2442 4333 (nam
2473 4277 2594 4316 cum
2626 4262 2870 4327 dixisset,
2903 4261 3076 4318 Obtusi
3116 4275 3234 4318 sunt
3260 4283 3439 4320 sensus
3471 4284 3666 4333 eorum,

2082 4357 2315 4410 ostendit
2339 4371 2432 4409 eos
2456 4356 2506 4409 in
2534 4355 2686 4425 culpa
2709 4355 2884 4427 esse);
2919 4367 3026 4411 ttttn
3057 4374 3239 4413 rursus
3264 4360 3314 4414 iu
3350 4360 3430 4413 his
3456 4375 3668 4429 queque

2082 4448 2280 4500 verbis.
2329 4446 2442 4500 Non
2483 4447 2626 4500 enim
2668 4447 2834 4508 dixit,
2866 4447 2921 4501 In
2958 4449 3124 4504 literis
3164 4461 3342 4505 manet
3382 4451 3665 4518 velamen,

2083 4537 2199 4602 sed,
2229 4535 2294 4590 In
2327 4536 2575 4601 lectione;
2600 4537 2758 4591 lcetio
2786 4553 2944 4606 porro
2973 4539 3259 4610 legentium
3285 4543 3425 4596 actio
3451 4553 3532 4596 est
3562 4560 3575 4596 ε
3603 4559 3669 4596 ac

2084 4647 2326 4696 rursum,
2357 4631 2484 4687 Cum
2520 4632 2701 4702 legitur
2731 4630 2786 4684 Μ
2794 4649 2955 4702 ogses.
2999 4634 3288 4690 Dilucidius
3315 4647 3490 4690 autern
3523 4635 3667 4690 istud

2083 4725 2336 4794 deinceps
2375 4723 2622 4778 iudicavit
2650 4765 2666 4789 ,
2698 4735 2884 4795 aperte
2911 4725 3128 4791 dicens,
3172 4725 3404 4782 Velamen
3447 4731 3665 4797 positum

2083 4827 2156 4871 est
2183 4832 2336 4883 super
2359 4832 2445 4868 cor
2466 4831 2661 4867 eorum.
2690 4815 3126 4884 Quandoquidem
3167 4826 3220 4871 et
3258 4819 3310 4872 in
3342 4819 3500 4873 Mosis
3530 4820 3668 4875 facie

2085 4928 2189 4965 non
2217 4912 2286 4966 oh
2312 4911 2510 4964 Mosetn
2538 4909 2762 4977 positum
2785 4921 2920 4975 erat,
2945 4910 3037 4964 sed
3069 4921 3288 4982 propter
3310 4929 3492 4968 eorum
3520 4930 3668 4970 cras-

2083 5003 2256 5056 sitiem
2284 5013 2336 5053 et
2369 5000 2635 5054 carnalem
2668 5013 2920 5055 mentem.

2155 5092 2210 5146 4.
2240 5090 2374 5145 Cum
2403 5091 2562 5160 igitur
2591 5105 2686 5144 eos
2716 5094 2846 5145 satis
2871 5093 3221 5163 coarguisset,
3241 5094 3352 5163 jam
3379 5099 3668 5152 correctio-

2086 5185 2168 5238 nis
2197 5183 2355 5238 etiam
2383 5182 2597 5237 modum
2624 5184 2878 5240 ostendit.
2906 5185 3131 5252 Quinam
3164 5197 3340 5243 autem
3371 5189 3453 5242 hic
3478 5187 3667 5242 modus

2083 5275 2199 5330 est?
2231 5274 2317 5328 16.
2349 5273 2476 5328 Cum
2504 5284 2672 5327 autem
2697 5292 2962 5330 conversus
2983 5278 3135 5346 fuerit
3155 5277 3223 5329 ad
3247 5277 3540 5339 Dominum,
3569 5279 3668 5330 hoc

2084 5375 2183 5430 est,
2214 5381 2243 5419 a
2275 5367 2391 5436 lege
2419 5365 2760 5431 abscesserit,
2793 5371 3049 5436 auferetur
3079 5367 3322 5420 velamen.
3357 5366 3542 5420 Viden‘
3571 5384 3664 5424 ve—

2087 5457 2260 5511 lamen
2291 5455 2414 5510 ιΙΙιιά
2447 5471 2550 5509 non
2580 5456 2766 5510 faciem
2804 5457 2994 5523 Musis,
3022 5458 3113 5512 sed
3144 5457 3330 5512 facient
3361 5457 3664 5514 ,ιιιιίωοτυιν

2085 5550 2393 5605 obtexis‘se?
2419 5548 2532 5602 Non
2554 5549 2695 5602 enitn
2718 5557 2775 5602 ut
2797 5548 2957 5604 Mosis
2979 5549 3145 5619 gleria
3166 5551 3543 5616 occultaretur,
3569 5552 3670 5607 hoc

2087 5645 2268 5704 ﬁebat.
2293 5642 2387 5698 sed
2410 5658 2476 5697 ne
2496 5642 2570 5696 illi
2595 5641 2872 5697 viderent:
2892 5657 3068 5712 neque
3087 5643 3229 5714 enim
3249 5658 3474 5713 capaces
3495 5656 3667 5700 erant.

2087 5734 2266 5806 Itaque
2307 5736 2520 5789 illorum
2566 5734 2666 5788 hoc
2707 5733 2891 5789 vitium
2934 5744 3053 5789 erat
3084 5751 3099 5790 :
3134 5751 3304 5803 neque
3333 5737 3474 5791 enim
3511 5738 3667 5800 fecit.

2087 5839 2144 5883 ttt
2171 5829 2260 5883 illc
2283 5828 2570 5898 quidquam
2599 5827 2887 5898 ignoraret,
2915 5827 3009 5885 sed
3041 5839 3096 5883 ut
3123 5828 3222 5883 illi.
3254 5828 3359 5884 Nec
3386 5828 3525 5884 dixit
3551 5829 3668 5896 qui-
