4098 6222
437 431 536 485 ιιι-ι

435 547 578 608 dem,
604 539 737 597 Cum
761 539 929 608 legem
951 528 1226 601 reliquerit
1248 542 1263 591 ;
1287 524 1382 580 sed
1402 523 1508 578 hoc
1526 516 1880 576 subindicavit
1901 530 2024 571 cum

439 639 641 693 diceret
670 655 687 692 :
713 631 840 689 Cum
872 629 1003 683 enim
1029 637 1298 678 conuersus
1325 618 1478 690 fuerit
1503 614 1572 668 ad
1610 611 1905 674 Dominum,
1931 624 2027 663 au-
2065 633 2073 640 ο

444 732 628 799 [eretur
656 725 901 779 uelamen.
926 717 1006 772 Ad
1032 725 1334 771 extremum
1368 722 1535 779 usque
1561 706 1614 760 in
1643 703 1864 799 historia
1900 717 2026 799 per-

443 792 592 873 stitit.
622 813 828 869 Etenim
850 824 973 864 cum
995 807 1168 862 Muses
1187 803 1404 859 Judasos
1424 799 1809 868 alloqucretur,
1837 792 2025 848 faciem

445 924 589 965 snam
618 903 898 958 ulivclabat
918 918 933 961 ;
957 914 1077 953 cum
1107 906 1285 951 autem
1313 892 1378 946 ad
1409 889 1688 945 Dominum
1717 900 1776 940 se
1803 899 2025 938 conver-

447 1002 618 1067 lebat,
647 1014 764 1052 eam
798 993 1098 1063 detegebat.
1144 989 1255 1043 Hoc
1297 998 1474 1038 autem
1520 980 1597 1035 rei
1640 979 1830 1031 futuras
1865 975 2029 1044 ﬁgura

480 1102 596 1156 rat;
634 1103 826 1156 nempe
865 1084 1041 1152 quod,
1072 1096 1193 1135 cum
1219 1077 1285 1132 ad
1317 1074 1597 1130 Dominum
1627 1069 1871 1138 nusipSos
1897 1081 2026 1121 eou-

447 1183 766 1239 verterituus
788 1222 801 1240 ,
834 1187 957 1232 tunc
986 1174 1120 1244 legis
1149 1171 1374 1242 gloriam
1403 1183 1466 1221 ac
1497 1164 1690 1219 nudam
1718 1158 2034 1230 legislatoris

448 1278 637 1331 faciem
683 1271 1068 1342 perspiciemus
1100 1280 1115 1322 :
1145 1265 1252 1317 imo
1292 1246 1395 1314 non
1438 1258 1542 1313 hoc
1581 1264 1787 1309 tantum
1810 1293 1826 1317 ,
1856 1250 1948 1305 sed
1984 1251 2033 1303 in

450 1365 613 1422 Musis
641 1363 812 1417 classe
852 1368 1011 1426 atque
1052 1354 1240 1409 ordine
1278 1351 1497 1405 erimus.
1541 1344 1702 1399 Vides
1736 1357 1843 1412 quo
1879 1347 2038 1411 pacto

449 1459 693 1515 Juduuttn
725 1454 790 1508 ad
826 1452 981 1506 tidem
1010 1445 1247 1504 excitet?
1282 1444 1407 1498 dum
1438 1439 1673 1496 ostendit
1706 1452 1828 1492 eum
1852 1477 1866 1499 ,
1895 1436 1940 1489 si
1970 1433 2037 1489 ad

454 1551 610 1605 ﬁdem
642 1545 951 1606 accesserit,
974 1555 1079 1595 non
1104 1537 1260 1592 modo
1285 1535 1486 1590 Musem
1514 1530 1705 1585 intueri
1737 1542 1915 1599 posse,
1943 1525 2038 1580 sed

451 1644 612 1697 etiam
643 1640 694 1692 in
723 1637 911 1691 eodem
937 1648 1042 1702 quo
1071 1628 1342 1699 legislator
1363 1626 1448 1679 ille
1469 1622 1637 1693 gradu
1665 1629 1824 1690 atque
1848 1617 2041 1673 ordine

454 1748 595 1788 esse.
624 1729 742 1784 Non
776 1725 945 1781 modo
973 1722 1115 1776 enim
1152 1733 1270 1774 eam
1309 1716 1532 1787 gloriam
1575 1726 1801 1776 cernes,
1831 1709 2039 1779 inquit,

457 1840 615 1896 quam
645 1831 757 1876 tum
786 1819 1006 1874 minime
1032 1813 1210 1869 vidisti
1235 1853 1253 1879 ,
1283 1811 1378 1867 sed
1408 1819 1462 1865 et
1498 1809 1611 1877 ipse
1646 1807 1699 1861 in
1728 1805 1914 1860 cadent
1941 1817 2043 1873 qua

456 1918 544 1973 ille
573 1914 738 1985 gloria
772 1910 980 1965 futurus
1005 1921 1084 1966 es.
1110 1905 1219 1960 imo
1245 1903 1414 1957 multo
1438 1900 1597 1955 etiam
1632 1898 1856 1965 majore,
1887 1904 2047 1985 atque

458 1982 641 2068 tanta,
673 2011 729 2056 ut
757 2016 824 2055 ne
863 1999 950 2053 illa
980 1995 1196 2067 quidem
1226 1993 1409 2064 gloriae
1438 1989 1674 2059 speciem
1711 1985 1974 2057 praebeat,
2002 1982 2047 2037 si

457 2114 580 2154 cum
617 2096 716 2149 hae
757 2102 1118 2160 comparetur.
1157 2086 1399 2155 Quonam
1433 2082 1648 2137 tandem
1680 2077 1875 2134 modo?
1900 2077 2049 2144 Quo-

463 2193 604 2247 niam
632 2230 646 2251 ,
676 2202 797 2242 cuin
827 2184 893 2237 ad
928 2182 1208 2237 Dominum
1252 2191 1544 2233 conversus
1570 2175 1736 2230 lueris
1759 2215 1775 2240 ,
1806 2183 1964 2242 atque
1995 2170 2049 2225 in

460 2280 630 2353 gratia
660 2293 782 2333 esse
810 2275 1060 2344 coeperis,
1091 2273 1180 2326 illa
1216 2270 1381 2340 gloria
1413 2267 1635 2334 frueris,
1661 2280 1780 2320 cum
1806 2279 1910 2334 qua
1935 2261 2050 2316 Mo-

463 2374 538 2427 sis
566 2369 732 2439 gloria
759 2366 972 2427 collata,
1004 2376 1172 2432 usque
1200 2360 1335 2415 adeo
1367 2357 1590 2412 inferior
1613 2364 1717 2421 est,
1746 2364 1806 2409 ut
1841 2368 1907 2409 ne
1935 2354 2050 2423 glo-

467 2464 541 2517 ria
569 2460 782 2530 quidem
814 2456 903 2513 sit.
940 2455 1002 2510 Et
1030 2464 1205 2508 tamen
1238 2450 1482 2522 quamvis
1508 2448 1700 2518 exigua
1728 2461 1789 2501 ea
1816 2446 1906 2510 sit,
1939 2445 2054 2499 lon-

464 2567 637 2623 geque
682 2550 858 2604 minor
895 2547 994 2600 ista
1016 2586 1033 2609 ,
1065 2553 1241 2598 tamen
1282 2540 1536 2612 quamdiu
1570 2538 1787 2594 Judteus
1812 2537 1919 2591 eris
1944 2577 1956 2598 ,
1987 2550 2056 2590 ne

471 2645 612 2698 hanc
640 2640 852 2708 quidem
888 2636 1275 2705 consequeris;
1316 2646 1446 2701 ergo
1491 2645 1664 2700 neque
1712 2640 1837 2683 tunc
1884 2624 2058 2682 Judaei

471 2736 616 2790 illam
650 2732 919 2795 videbant,
952 2740 1123 2796 neque
1163 2739 1303 2779 nunc
1330 2722 1514 2777 vident
1543 2738 1557 2775 :
1595 2722 1639 2774 si
1683 2729 1857 2773 autem
1900 2718 2057 2772 lidetn

473 2824 751 2891 amplexus
778 2820 955 2881 lucris,
988 2821 1086 2871 hac
1114 2816 1283 2869 multo
1310 2813 1567 2883 tnajuretn
1594 2811 1775 2865 divino
1803 2808 2060 2864 beneficio

477 2912 791 2987 perspicies.
823 2910 888 2965 Et
915 2909 1127 2977 quidem
1154 2948 1169 2972 ,
1195 2922 1316 2962 cum
1358 2905 1604 2960 lidelibus
1632 2904 1794 2957 verba
1827 2902 2056 2967 faceret,

473 3006 828 3080 glorilicatnm
869 3001 1033 3056 fuisse
1060 3000 1288 3070 negabat
1315 2998 1365 3052 id
1392 2997 1532 3067 quod
1563 2993 1912 3066 gloriﬁcatum
1943 2994 2061 3047 fue-

474 3107 596 3154 rat:
619 3096 706 3150 hic
729 3103 905 3147 autem
927 3105 1033 3144 non
1058 3091 1151 3154 ita,
1176 3086 1272 3142 sed
1299 3103 1403 3156 quo
1432 3086 1629 3156 pacto?
1651 3084 2063 3137 Cumconversus

477 3189 629 3262 fuerit
655 3185 722 3240 ad
752 3184 1043 3247 Dominum,
1075 3181 1278 3235 tolletur
1302 3179 1525 3233 velamen
1547 3192 1567 3240 ,°
1592 3177 1795 3231 sensim
1820 3174 2065 3229 videlicet

479 3282 627 3337 illum
666 3275 970 3333 subvehens
990 3313 1004 3335 .
1036 3288 1099 3327 ac
1136 3269 1365 3338 pritnum
1395 3268 1608 3339 quidem
1641 3269 1695 3322 in
1724 3268 1912 3322 eodem
1940 3282 2063 3331 cum

482 3374 631 3428 Mose
658 3371 823 3441 gradu
848 3366 1139 3430 collocatis,
1164 3362 1359 3418 deinde
1384 3370 1560 3416 autem
1593 3360 1853 3430 majorum
1885 3374 2065 3414 rerum

483 3471 787 3520 eunsortem
820 3473 941 3513 eum
975 3455 1192 3510 iaciens.
1223 3458 1356 3509 Nam
1384 3468 1505 3507 cum
1538 3451 1756 3514 Mosem,
1789 3450 1979 3520 inquit,
2013 3451 2066 3504 in

482 3553 650 3626 gloria
690 3550 887 3605 videris
910 3589 925 3613 ,
967 3555 1076 3601 tum
1115 3544 1328 3601 demum
1362 3543 1428 3597 ad
1473 3543 1636 3598 Deum
1668 3551 1719 3597 te
1747 3552 2066 3608 convertes,

485 3643 849 3713 amplioreque
887 3653 1047 3709 quam
1090 3637 1205 3691 hzec
1249 3635 1318 3691 sit
1355 3635 1522 3706 gloria
1568 3634 1781 3690 frueris.
1821 3633 2002 3704 Itaque
2037 3647 2068 3687 a

487 3733 746 3804 principio
775 3731 892 3784 vide
918 3737 1171 3799 quotnam
1209 3742 1296 3781 res
1333 3725 1604 3795 posuerit,
1632 3740 1751 3795 quae
1778 3725 2069 3780 discrimen

484 3824 779 3889 efficerent,
806 3833 966 3891 atque
989 3818 1117 3874 illud
1143 3817 1508 3881 ostenderent,
1531 3816 1736 3871 Novum
1758 3816 2072 3872 Testamen-

488 3929 599 3972 tum
647 3913 821 3968 Veteri
871 3920 1156 3982 pracstare,
1200 3926 1304 3963 non
1347 3918 1524 3963 autem
1564 3922 1684 3963 cum
1725 3922 1792 3963 eo
1836 3922 2072 3978 pugnare

486 4019 647 4078 atque
671 4005 771 4075 ipsi
797 4003 1090 4058 adversari.
1127 4002 1281 4066 lllud,
1314 4001 1506 4071 inqttit,
1536 4011 1590 4056 et
1620 4000 1796 4067 litera,
1825 4010 1880 4055 et
1913 4002 2068 4069 lapis,

488 4110 543 4155 et
571 4097 758 4152 mortis
792 4095 1111 4149 ministratio
1147 4101 1290 4158 erat,
1319 4104 1373 4146 et
1407 4092 1688 4157 aboletur;
1718 4101 1772 4146 et
1802 4104 1977 4146 tamen
2007 4107 2075 4148 ne

490 4191 592 4245 hac
610 4187 823 4259 quidem
845 4186 1011 4256 gloria
1032 4184 1201 4240 ,ιιιάωί
1225 4183 1367 4253 digni
1395 4183 1558 4237 habiti
1585 4193 1707 4238 sunt
1733 4202 1746 4238 :
1772 4182 1872 4238 hoc
1893 4194 2070 4239 autem

489 4280 721 4335 carnalis
741 4278 919 4332 tabula
943 4287 1047 4341 est,
1075 4284 1130 4330 et
1153 4276 1392 4344 spiritus,
1419 4283 1475 4330 et
1496 4274 1722 4345 justitia,
1747 4285 1803 4331 et
1825 4285 2076 4330 constan-

492 4382 574 4427 ter
598 4378 816 4433 manet;
849 4379 1009 4437 atque
1035 4381 1223 4422 omnes
1248 4382 1313 4421 eo
1332 4366 1474 4437 digni
1499 4366 1776 4433 habemur,
1808 4384 1912 4422 non
1940 4381 2076 4421 unus

493 4470 719 4523 tantum,
751 4469 809 4513 ut
834 4469 946 4512 tum
973 4457 1146 4512 Moses
1175 4457 1266 4510 illo
1294 4458 1499 4512 minore
1528 4474 1542 4511 :
1575 4456 1687 4512 Nos
1714 4460 1855 4513 enim
1880 4474 2071 4524 omnes,

493 4552 685 4623 inquit,
713 4550 932 4606 revelata
957 4550 1088 4619 [acie
1107 4549 1343 4620 gloriam,
1372 4565 1476 4603 non
1502 4549 1720 4622 Moysis,
1750 4551 1843 4606 sed
1870 4551 2078 4606 Domini

491 4644 769 4698 intuemur.
814 4640 1010 4696 Verum
1058 4642 1306 4711 quoniam
1353 4642 1625 4705 nonnulli,
1667 4644 1826 4698 rebus
1864 4661 1982 4715 qua:
2024 4647 2076 4700 in

494 4736 743 4791 confesso
778 4743 931 4788 erant
969 4734 1329 4797 reluctantes,
1358 4732 1475 4787 haec
1517 4734 1676 4788 verba
1698 4774 1712 4797 ,
1748 4735 1876 4790 Cum
1910 4746 2079 4790 autent

496 4841 765 4877 conversus
787 4824 938 4894 fuerit
962 4823 1030 4876 ad
1049 4821 1326 4877 Dominum
1342 4864 1357 4890 ,
1381 4823 1449 4878 de
1474 4823 1609 4878 Filio
1634 4823 1774 4879 dicta
1797 4840 1916 4880 esse
1945 4841 2078 4881 con-

501 4914 741 4978 tendunt,
765 4917 1066 4971 accuratius
1091 4917 1226 4971 istud
1248 4934 1308 4972 es
1319 4918 1630 4988 pendamus,
1655 4919 1785 4974 illud
1813 4919 1958 4989 prius
1983 4936 2082 4991 po-

501 5012 691 5060 nentes
715 5046 727 5060 .
757 5006 898 5059 unde
924 5007 974 5059 id
1000 5022 1059 5062 se
1088 5007 1367 5064 adstruere
1408 5024 1470 5064 ac
1503 5011 1828 5067 conllrmare
1872 5023 2080 5083 putant.

501 5096 765 5164 Quidnam
791 5105 968 5150 autem
1001 5098 1102 5151 hoc
1130 5099 1250 5153 est?
1278 5100 1766 5168 Quemadmodum,
1796 5104 2078 5175 inquiunt,

500 5191 774 5259 Scriptura
798 5186 946 5248 dicit.
970 5187 1200 5257 Spiritus
1219 5200 1296 5243 est
1323 5190 1462 5243 Deus
1488 5207 1499 5245 :
1524 5192 1714 5249 eodem
1736 5195 1896 5251 modo
1922 5197 2083 5253 etiam

503 5282 606 5338 hoc
632 5281 771 5345 loco,
796 5279 1026 5351 Spiritus
1051 5280 1306 5336 Dominus
1333 5290 1434 5337 est.
1453 5281 1568 5338 Non
1585 5288 1727 5340 enim
1747 5288 1899 5350 dixit.
1916 5290 2085 5360 Spiri-

422 5402 427 5408 ο
505 5383 589 5427 tus
616 5382 701 5428 est
738 5372 1012 5436 Dominus.
1042 5371 1157 5434 sed.
1193 5373 1449 5429 Dominus
1477 5383 1559 5431 est
1586 5376 1833 5448 Spiritus.
1862 5381 2082 5438 Multum

501 5481 665 5537 porro
708 5466 847 5521 inter
892 5466 1028 5520 hanc
1069 5478 1124 5521 et
1163 5466 1309 5521 illam
1350 5469 1795 5538 compositionem
1836 5471 2078 5527 interest.

506 5554 635 5607 Nam
655 5569 776 5608 cum
807 5555 877 5610 ita
905 5557 1046 5628 loqui
1075 5556 1207 5623 vult,
1240 5567 1294 5610 ιιι
1319 5564 1374 5613 ιιι
1399 5559 1498 5621 ais,
1522 5560 1782 5630 adjective
1802 5561 2083 5617 articulum

506 5660 611 5698 non
656 5645 822 5699 addit.
859 5647 997 5712 Quin
1038 5649 1195 5703 aliter
1237 5650 1400 5703 etiam
1436 5652 1614 5705 omnia
1651 5667 1749 5716 ea,
1777 5668 1897 5722 quae
1925 5666 2084 5723 supra

505 5746 921 5790 commemorata
960 5747 1122 5803 sunt,
1150 5738 1218 5794 de
1242 5754 1472 5808 quonam
1500 5740 1732 5807 dixerit,
1762 5743 2037 5800 videamus
2066 5762 2081 5801 :

505 5822 649 5899 velut
673 5839 795 5881 cum
822 5825 1049 5893 dicebat,
1080 5827 1251 5883 Litera
1281 5830 1483 5899 occidit,
1510 5831 1734 5901 Spiritus
1763 5845 1926 5891 autem
1959 5837 2083 5892 vivi-

543 5926 583 5953 ἢ

1226 412 1283 469 S,
1324 404 1606 466 JOANNlS
1640 392 2112 458 CllRYSOSTOMl
2147 395 2466 453 ARCHIEP.
2504 396 3038 456 CONSTANTlNOP.

3608 405 3715 464 με

2131 513 2292 581 ﬁent,-
2318 529 2380 569 ac
2404 530 2625 581 rursus,
2654 516 2862 588 Scripta
2894 534 3000 573 non
3039 525 3320 574 atramento
3340 560 3357 585 ,
3391 520 3485 575 sed
3517 520 3721 593 Spiritu

2131 601 2229 658 Dei
2269 605 2479 661 visentis
2506 620 2526 660 :
2556 616 2733 662 utrum
2765 607 2833 664 de
2871 608 3012 664 Filio
3048 623 3116 664 an
3156 610 3224 664 de
3260 608 3501 679 Spiritu?
3530 612 3722 684 Liquet

2130 694 2372 768 proiecto
2399 697 2541 766 quod
2568 697 2636 753 de
2662 697 2863 769 Spiritu
2897 717 2911 754 :
2940 699 3008 754 ad
3045 715 3170 755 eum
3208 701 3350 756 enim
3384 717 3417 757 a
3447 702 3597 758 litera
3625 719 3722 759 eos

2133 786 2377 842 vocabat.
2414 787 2626 843 Etenim
2674 805 2743 845 ne
2783 791 2903 860 quis
2929 832 2941 851 .
2972 806 3093 846 cuiu
3136 790 3365 860 Spiritus
3404 794 3719 850 vocabulum

2132 870 2452 945 audivisset,
2484 894 2549 935 ac
2575 878 2771 936 deinde
2799 882 2898 936 hoc
2927 896 3109 937 secum
3150 893 3425 953 reputans,
3455 885 3512 939 Si
3548 885 3723 941 Muses

2134 968 2200 1020 ad
2237 969 2513 1024 Dominum
2544 985 2837 1027 conversus
2867 973 3052 1038 fuerit,
3082 975 3197 1043 ipse
3227 986 3406 1031 autem
3439 975 3508 1030 ad
3547 975 3721 1046 Spiri-

2139 1069 2251 1116 tum
2274 1103 2290 1126 ,
2323 1060 2575 1117 inferiore
2613 1065 2918 1118 conditione
2957 1080 3076 1120 esse
3105 1066 3456 1122 arbitraretur
3488 1086 3500 1120 :
3534 1079 3587 1123 ut
3621 1070 3721 1122 hu-

2135 1153 2368 1222 jusmodi
2412 1155 2702 1224 suspicioni
2734 1157 3043 1224 medeatur,
3077 1159 3157 1213 his
3189 1159 3365 1214 verbis
3394 1160 3600 1215 utitur:
3632 1162 3717 1216 l7.

2143 1244 2389 1299 Dominus
2431 1255 2600 1299 autem
2646 1245 2873 1317 Spiritus
2911 1257 3001 1302 est.
3056 1248 3169 1304 Hoc
3207 1259 3323 1315 est,
3356 1249 3477 1317 Ipse
3515 1266 3726 1322 quoque

2145 1334 2398 1390 Dominus
2441 1347 2545 1391 est.
2586 1338 2760 1408 Atque
2799 1347 2856 1393 ιιι
2901 1340 3164 1409 intelligas
3204 1340 3305 1411 ipsi
3343 1340 3411 1396 de
3453 1341 3728 1398 Paracleto

2142 1439 2446 1484 sermonem
2476 1444 2624 1494 esse,
2663 1430 2965 1499 subiunxit,
3005 1431 3103 1486 Ubi
3143 1442 3309 1486 autent
3352 1433 3581 1504 Spiritus
3625 1435 3730 1490 Do-

2144 1520 2289 1585 mini,
2314 1520 2385 1573 ibi
2418 1521 2642 1575 libertas.
2672 1521 2858 1593 Neque
2882 1523 3026 1578 enim
3049 1524 3272 1590 dixeris,
3298 1541 3418 1580 eum
3448 1527 3516 1580 ita
3544 1528 3733 1597 loquu-

2149 1623 2259 1668 tum
2287 1612 2492 1669 fuisse:
2524 1613 2622 1670 Ubi
2650 1626 2828 1669 autem
2860 1616 3118 1670 Dominus
3150 1616 3378 1671 Domini.
3401 1616 3730 1674 Libertatem

2147 1713 2323 1759 autem
2355 1704 2486 1758 dixit
2510 1746 2526 1771 ,
2558 1705 2735 1760 habita
2772 1706 2979 1761 ratione
3021 1706 3259 1776 pristina:
3300 1708 3589 1763 servitutis.
3625 1709 3733 1764 De-

2150 1795 2293 1859 inde.
2321 1811 2389 1850 ne
2416 1811 2539 1851 eum
2566 1796 2634 1851 de
2660 1795 2833 1851 futuro
2862 1806 3102 1866 tempore
3126 1797 3270 1866 loqui
3299 1807 3473 1867 putes,
3501 1799 3612 1852 ait:
3641 1799 3730 1854 i8.

2152 1885 2263 1942 Nos
2289 1898 2456 1941 autem
2478 1903 2648 1941 omnes
2674 1888 2893 1942 revelata
2919 1889 3050 1959 facie
3081 1888 3299 1960 gloriam
3324 1888 3530 1944 Domini
3550 1907 3736 1958 specu-

2152 1974 2353 2041 lantes;
2386 1993 2492 2032 non
2534 1978 2677 2032 illam
2701 2019 2718 2045 ,
2751 1979 2965 2050 inquatn
2989 2021 3005 2044 ,
3033 1997 3152 2050 qua:
3182 1980 3343 2035 linem
3383 1982 3607 2052 accipit,
3633 1982 3735 2037 sed

2153 2082 2271 2138 qua:
2310 2078 2527 2135 manet;
2559 2070 2612 2123 in
2654 2071 2881 2125 eamdem
2923 2071 3194 2142 imaginem
3243 2073 3666 2141 transformamur
3704 2089 3739 2126 ts

2154 2159 2383 2213 claritate
2404 2160 2460 2214 in
2485 2161 2766 2216 claritatem
2788 2171 3044 2232 tamquam
3064 2179 3097 2216 a
3122 2162 3342 2218 Domino
3375 2164 3593 2233 Spiritu.

2228 2252 2453 2324 Spiritus
2482 2265 2686 2310 sanctus
2709 2256 2763 2309 in
2782 2254 2879 2311 Dei
2903 2258 3080 2311 ordine
3101 2256 3433 2314 est.—Vides
3458 2273 3564 2329 quo
3584 2266 3742 2328 pacto

2156 2361 2341 2401 rursus
2387 2346 2643 2415 Spiritum
2692 2349 2743 2402 in
2788 2348 2882 2405 Dei
2929 2348 3120 2404 ordine
3162 2350 3412 2417 collocet,
3455 2366 3657 2420 eosque
3688 2353 3743 2407 in

2156 2439 2521 2509 apostolorum
2568 2440 2797 2496 classem
2841 2441 3150 2497 subvehat?
3183 2442 3395 2497 Etenim
3426 2443 3573 2514 prius
3596 2443 3745 2499 dise—

2159 2540 2263 2594 rat,
2296 2530 2527 2601 Epistola
2575 2532 2693 2586 estis
2723 2531 2951 2595 Christi;
2990 2542 3046 2588 et
3096 2533 3198 2588 hoc
3236 2536 3375 2602 loco,
3425 2533 3539 2590 Nos
3579 2546 3746 2590 autent

2157 2639 2333 2682 «niues
2360 2624 2579 2678 revelata
2621 2624 2771 2695 facie.
2806 2625 2967 2695 Atqui
3009 2626 3108 2695 ipsi
3139 2627 3331 2696 legem,
3364 2626 3526 2682 Mosis
3555 2630 3744 2693 instar,

2162 2727 2431 2787 gestantes
2457 2728 2732 2772 venerant.
2775 2717 2879 2773 Sed
2908 2719 3381 2788 qttemadmodum,
3418 2720 3605 2791 inquit,
3649 2737 3750 2775 nos

2162 2812 2427 2866 velamine
2458 2827 2562 2865 non
2593 2826 2728 2881 Opus
2758 2811 3041 2866 habuimus
3071 2830 3086 2866 :
3119 2813 3199 2869 sic
3239 2827 3339 2869 nec
3368 2829 3464 2869 vos
3506 2814 3747 2884 quidem,

2166 2903 2254 2973 qui
2293 2903 2627 2972 evangelium
2668 2904 3000 2973 suscepistis.
3050 2903 3208 2974 Atqui
3254 2905 3413 2976 longe
3456 2907 3628 2975 major
3666 2916 3753 2962 est

2166 2991 2283 3047 hinc
2320 2994 2521 3064 gloria;
2553 3009 2725 3064 neque
2753 2996 2894 3049 enim
2922 2995 3101 3050 vultus
3131 2998 3297 3050 nostri
3326 3007 3431 3065 cst,
3461 2999 3555 3054 sed
3585 2998 3754 3068 Spiri-

2168 3094 2253 3140 tus
2282 3104 2294 3139 :
2329 3095 2384 3141 et
2428 3095 2606 3142 tamen
2633 3103 2751 3154 vos,
2782 3104 2935 3158 atque
2963 3104 3026 3144 ac
3071 3105 3191 3155 nos,
3238 3091 3290 3144 in
3322 3106 3441 3146 eam
3477 3092 3761 3150 oculorum

2169 3176 2337 3232 aciem
2366 3179 2643 3235 intendere
2669 3181 2913 3251 potestis.
2944 3179 3022 3235 illi
3051 3196 3281 3251 namque
3309 3198 3407 3237 nec
3432 3199 3530 3254 per
3556 3185 3756 3240 media-

2172 3277 2380 3336 torem;
2408 3287 2503 3325 vos
2529 3283 2707 3326 autem
2735 3272 2851 3327 sine
2891 3272 3184 3328 mediatore
3228 3275 3452 3344 potestis
3496 3277 3753 3344 majorem

2175 3361 2355 3418 videre
2384 3379 2400 3419 :
2432 3362 2506 3417 illi
2557 3362 2715 3418 Mosis
2762 3362 2950 3418 faciem
3005 3380 3231 3421 cernere
3279 3382 3383 3421 non
3430 3378 3753 3436 potuerunt;

2171 3468 2267 3508 vos
2285 3454 2513 3522 Spiritus
2530 3470 2741 3525 quoque
2757 3455 2982 3526 gloriam
3013 3458 3253 3526 potestis.
3279 3459 3428 3526 Quod
3456 3460 3500 3513 si
3528 3460 3758 3529 Spiritus

2165 3545 2482 3601 inferiorem
2529 3546 2704 3601 locum
2755 3547 3045 3613 obtineret,
3078 3547 3195 3604 hmo
3222 3559 3388 3616 certe,
3422 3558 3478 3604 ut
3506 3551 3607 3604 illis
3635 3567 3759 3607 ma-

2169 3636 2310 3707 jora,
2342 3638 2563 3693 minime
2596 3639 2881 3707 posuisset.
3732 3650 3735 3651 ⁷

2244 3728 2299 3784 5.
2339 3728 2604 3797 Quidnam
2638 3740 2818 3784 autem
2858 3740 2961 3796 est,
2992 3730 3217 3786 Gloriam
3252 3728 3455 3786 Domini
3481 3733 3759 3804 speculan-

2175 3830 2267 3882 tes.
2297 3821 2351 3874 in
2379 3821 2604 3875 eamdem
2631 3822 2904 3892 imaginem
2932 3824 3392 3895 transformamur?
3421 3826 3671 3897 Apertius
3703 3827 3760 3882 id

2174 3910 2392 3981 quidem
2418 3910 2906 3978 demonstrabatur,
2940 3927 3060 3969 cum
3094 3915 3466 3970 miraculorum
3489 3916 3627 3970 dona
3649 3917 3759 3973 vim

2176 4019 2327 4057 suam
2354 4015 2668 4060 exsererent
2697 4022 2711 4059 :
2747 4016 2923 4060 tamen
2956 4022 3022 4060 ne
3053 4022 3194 4061 nunc
3220 4007 3433 4077 quidem
3474 4008 3525 4063 id
3556 4010 3763 4078 perspi-

2176 4111 2303 4152 cere
2331 4096 2550 4153 dil‘ticile
2595 4097 2754 4153 fuerit
2782 4099 2853 4165 ei,
2883 4099 2973 4170 qui
3005 4099 3127 4155 ﬁdei
3156 4101 3325 4156 oculis
3366 4102 3621 4172 praeditus
3652 4102 3766 4158 lue-

2177 4186 2269 4243 rit.
2299 4186 2431 4241 Nam
2463 4189 2621 4243 simul
2643 4197 2802 4258 atque
2830 4189 3179 4258 baptizamur,
3206 4206 3368 4260 supra
3396 4193 3563 4247 sulem
3586 4192 3763 4249 anima

2178 4277 2593 4348 eXsplendeseit.
2640 4294 2670 4333 a
2716 4280 2914 4350 Spiritu
2966 4293 3280 4352 perpurgata
3315 4300 3329 4336 :
3361 4298 3425 4338 ac
3465 4300 3572 4340 non
3604 4285 3764 4342 modo

2178 4371 2406 4441 gloriam
2438 4372 2531 4426 Dei
2560 4373 2935 4441 pr05picimus,
2969 4373 3062 4428 sed
3105 4375 3251 4429 illinc
3274 4391 3486 4445 quoque
3514 4376 3767 4446 splendo-

2181 4478 2292 4517 rem
2320 4464 2549 4534 aliquem
2579 4463 2874 4519 haurimus.
2906 4464 3054 4520 Sicut
3079 4468 3221 4519 enim
3249 4481 3436 4535 purum
3464 4477 3764 4537 argentum,

2182 4554 2249 4607 ad
2276 4554 2405 4608 solis
2431 4553 2612 4609 radios
2641 4554 2825 4621 situm,
2871 4555 3045 4624 ipsum
3074 4571 3286 4627 quoque
3324 4557 3506 4611 radios
3550 4557 3765 4622 emittit,

2182 4661 2290 4700 non
2320 4645 2388 4700 ob
2414 4660 2564 4700 suam
2593 4646 2874 4702 dumtaxat
2918 4657 3182 4713 naturam,
3216 4649 3308 4704 sed
3338 4650 3499 4704 etiam
3529 4650 3599 4705 ob
3628 4651 3770 4704 sola-

2184 4751 2297 4791 rem
2331 4735 2593 4806 fulgorem
2620 4757 2633 4792 :
2658 4737 2847 4793 eodem
2880 4738 3041 4793 modo
3070 4720 3246 4792 anim/a
3286 4738 3566 4806 defmcata,
3611 4749 3772 4810 atque

2183 4842 2404 4902 argento
2432 4831 2765 4902 splendidior
2788 4834 2999 4901 eﬂ‘eeta,
3030 4850 3059 4888 a
3105 4834 3332 4903 Spiritus
3360 4833 3528 4903 gloria
3562 4833 3771 4889 radium

2185 4925 2424 4994 suscipit,
2476 4939 2541 4980 ac
2579 4924 2813 4981 vicissim
2846 4925 3093 4982 remittit.
3127 4923 3279 4980 Unde
3306 4925 3465 4979 etiam
3495 4922 3592 4991 ait,
3635 4924 3772 4992 Spe-

2186 5018 2432 5083 culantes,
2465 5018 2520 5072 in
2564 5018 2791 5073 eamdem
2832 5019 3103 5091 imaginem
3133 5018 3562 5088 transformamur
3588 5034 3621 5071 ιι
3659 5018 3771 5089 glo-

2187 5125 2287 5174 ria,
2316 5108 2569 5179 Spiritus,
2618 5110 2673 5164 in
2722 5110 2959 5182 gloriam,
3007 5119 3269 5175 nostram,
3299 5125 3458 5180 quam
3491 5110 3773 5165 contrahi-

2189 5216 2330 5264 mus,
2359 5217 2584 5272 quaeque
2611 5203 2731 5260 talis
2748 5212 2830 5259 est
2857 5202 3071 5274 qualem
3101 5217 3223 5259 esse
3250 5216 3348 5272 par
3373 5210 3478 5271 est,
3500 5218 3535 5255 ιι
3553 5201 3774 5256 Domino

2191 5291 2414 5361 Spiritu.

2262 5384 2489 5455 Spiritus
2507 5395 2714 5442 sanctus
2735 5386 2961 5458 ejusdem
2981 5388 3242 5460 dignitatis
3267 5389 3414 5460 cujus
3436 5385 3594 5441 Pater
3611 5394 3756 5442 est.—

2192 5473 2328 5530 Vide
2362 5477 2631 5546 quomodo
2659 5479 2762 5533 hoc
2788 5479 2916 5535 item
2947 5478 3067 5534 loco
3090 5479 3346 5548 Spiritum
3380 5477 3662 5534 Dominum
3686 5492 3781 5545 ap-

2194 5568 2375 5639 pellet.
2445 5571 2619 5640 Atque
2679 5572 2807 5627 alibi
2864 5589 3076 5645 quoque
3131 5574 3302 5643 ipsius
3354 5570 3777 5627 dominationem

2194 5660 2499 5731 perspicere
2545 5662 2669 5718 licet
2697 5678 2712 5716 :
2746 5662 3157 5720 Ministrantibus
3195 5666 3340 5720 enim
3366 5664 3493 5732 ipsis
3532 5662 3777 5727 Domino,

2195 5751 2384 5822 inquit,
2415 5770 2477 5808 ac
2491 5754 2863 5826 jejunantibus,
2888 5754 3016 5808 dixit
3046 5755 3273 5825 Spiritus
3313 5765 3518 5810 sanctus
3544 5772 3565 5808 :
3596 5755 3783 5825 Segre-

2196 5858 2309 5915 gntc
2350 5845 2474 5900 milii
2516 5844 2736 5900 Paulum
2780 5856 2827 5901 ct
2875 5844 3161 5902 Barnabam
3198 5848 3335 5919 (Act.
3369 5847 3456 5903 i5.
3494 5845 3577 5920 2).
3615 5844 3700 5901 0b
3727 5843 3783 5899 id
