4098 6222
543 388 647 441 ιιι)

545 499 655 550 Καὶ
694 493 927 565 ἀλλαχοῦ
974 494 1031 547 δέ
1083 490 1245 545 αὐτοῦ
1279 489 1376 560 τὴν
1417 487 1714 560 κυριότητα
1755 486 1902 538 ἐστιν
1942 485 2068 538 ἰδεῖν
2097 500 2114 516 ο

549 588 1054 654 Λειτουργούντων
1084 585 1193 654 7&9
1221 580 1438 646 αὐτῶν,
1478 580 1576 633 καί
1601 578 2021 647 νηστευόντων
2038 573 2121 640 τῷ

545 678 756 742 Κυρίῳ,
803 673 990 742 φησὶν,
1039 668 1168 726 εἶπε
1213 671 1280 724 τὸ
1307 671 1577 739 Πνεῦμα·
1632 667 1974 738 Ἀφορίσατέ
2017 681 2121 734 μοι

544 770 788 819 Παῦλον
833 765 930 817 καί
958 765 1288 832 Βαρνάϐαν.
1326 764 1426 815 Διά
1451 764 1558 833 γὰρ
1596 761 1756 815 τοῦτο
1805 756 1946 825 εἷπε,
1986 763 2120 812 Asc--

543 858 950 924 τουργούντων
988 855 1186 910 αὐτῶν
1228 853 1306 920 τῷ
1338 855 1553 922 Κυρίῳ,
1606 851 1959 922 Ἀερορίσατέ
1993 867 2118 920 μοι,

542 945 628 997 ἵνα
664 947 724 998 τὸ
747 947 1004 1016 ὁμότιμον
1052 946 1218 1018 δείξῃ.
1255 945 1362 999 Καὶ
1407 945 1566 998 πάλιν
1605 947 1633 997 ό
1660 945 1892 1013 Χριστός
1935 959 2119 1012 φησιν,

552 1037 616 1088 ’0
641 1037 861 1102 δοῦλος
888 1039 997 1091 οὐκ
1027 1033 1149 1090 οἶδε
1179 1038 1235 1090 τί
1260 1036 1418 1090 ποιεῖ
1443 1039 1475 1089 ό
1503 1037 1705 1103 κύριος
1731 1034 1918 1087 αὐτοῦ
1943 1051 1954 1064 ·
1983 1034 2044 1085 τὸ
2065 1033 2121 1084 δέ

543 1129 788 1198 Πνεῦμα,
819 1130 893 1191 ὡς
921 1129 1202 1199 ἄνθρωπος
1230 1125 1334 1181 οἵδε
1369 1128 1437 1181 τά
1465 1125 1681 1191 ἐαυτοῦ,
1721 1125 1891 1187 οὓτως
1921 1119 2027 1177 οἵδε
2052 1123 2122 1176 τά

541 1219 636 1272 106
666 1220 821 1281 Θεοῦ,
845 1222 963 1289 οὐχὶ
993 1220 1377 1289 διδασκόμενον
1400 1236 1415 1249 ’
1448 1220 1570 1272 ἐπεὶ
1603 1220 1636 1288 ἡ
1665 1215 1829 1270 εἰκὼν
1859 1217 1918 1269 οὐ
1947 1217 2117 1285 μένει.

547 1312 656 1364 Καὶ
684 1312 744 1363 τὸ
767 1313 1010 1384 ἐνεργεῖν
1047 1313 1102 1365 δέ
1126 1311 1309 1374 καθὼς
1340 1311 1609 1381 βούλεται,
1649 1309 1920 1361 δείκνυσιν
1954 1307 2120 1361 αὐτοῦ

543 1405 642 1474 τὴν
665 1406 914 1470 ἐξουσίαν
949 1408 1042 1457 καὶ
1091 1406 1189 1474 τὴν
1220 1405 1534 1475 κυριότητα.
1564 1402 1734 1455 Τοῦτο
1762 1403 2119 1472 μεταμορφοῐ,

542 1496 702 1548 τοῦτο
731 1497 830 1548 οὐκ
864 1499 927 1566 ἐᾷ
974 1495 1473 1566 συσχηματίζεσθαι
1515 1496 1663 1564 ἡμᾶς
1694 1493 1772 1563 τῷ
1809 1493 1964 1546 αἰῶνι
2001 1491 2124 1545 τού-

543 1605 642 1658 τῳ,
681 1587 838 1640 τοῦτο
867 1587 1194 1657 δημιουργὸν
1227 1587 1327 1654 τῆς
1352 1586 1606 1655 τοιαύτης
1631 1585 1878 1647 κτίσεως.
1909 1583 2122 1654 Ὥσπερ

545 1677 652 1748 γάρ
690 1694 841 1747 φησι,
880 1678 1232 1740 Κτισθέντες
1271 1677 1342 1729 ἐν
1379 1676 1614 1744 Χριστῷ
1674 1676 1879 1743 Ἰησοῦ
1923 1692 1936 1706 ·
1980 1675 2123 1728 οὕτω

544 1767 696 1833 φησὶ,
733 1765 997 1833 Καρδίαν
1044 1765 1312 1833 καθαράν
1349 1767 1562 1818 κτίσον
1615 1766 1685 1818 ἐν
1723 1764 1874 1833 ἐμοὶ,
1899 1767 1931 1816 ὀ
1958 1764 2119 1829 Θεὸς,

543 1855 643 1909 καί
680 1855 916 1924 πνεῦμα
961 1857 1134 1920 εὺθὲς
1175 1857 1526 1926 ἑγκαίνισον
1572 1856 1642 1909 ἐν
1690 1854 1815 1920 τοῖς
1849 1855 2122 1924 ἐγκατοις

539 1961 678 2014 μου.
711 1945 898 1998 Βούλει
925 1963 1006 1998 σοι
1029 1945 1186 2009 δείξω
1212 1946 1368 1999 τοῦτο
1402 1949 1496 1999 καὶ
1531 1947 1638 2000 ἀπὸ
1671 1947 1782 2000 τῶν
1805 1949 2121 2001 ἀποστόλων

545 2035 1039 2106 αίσθητικώτερον;
1107 2037 1387 2106 Ἐννόησον
1442 2038 1673 2104 Παῦλον,
1721 2033 1782 2092 οὗ
1815 2039 1885 2091 τά
1931 2039 2122 2110 ἱμάτια

544 2130 785 2199 ἐνήργει,
824 2129 1048 2198 Πέτρον,
1079 2123 1140 2181 οὗ
1169 2129 1262 2182 καὶ
1291 2131 1345 2182 αί
1377 2130 1526 2181 σκιαὶ
1553 2129 1755 2199 ἴσχυον.
1798 2130 1872 2183 Οὐ
1903 2131 2010 2200 γὰρ
2032 2130 2118 2195 ἂν,

545 2223 592 2274 εἰ
631 2221 704 2291 μὴ
739 2221 999 2290 βασιλέως
1041 2220 1235 2291 ἔφερον
1275 2221 1483 2284 εἰκόνα,
1523 2221 1617 2274 καὶ
1655 2222 1942 2291 ἀπρόσιτοι
1981 2218 2121 2293 ἦσαν

543 2312 722 2365 αὐτῶν
745 2314 799 2365 αἱ
825 2311 1207 2384 μαρμαρυγαὶ,
1237 2311 1492 2364 τοσοῦτον
1517 2312 1583 2365 τα
1611 2314 1800 2382 ἱμάτια
1829 2313 2008 2366 αὐτῶν
2028 2315 2123 2366 καὶ¹

544 2402 600 2453 αί
643 2403 792 2454 σκιαὶ
831 2403 1161 2473 ὲνήργησαν.
1207 2401 1478 2465 Βασιλέως
1519 2403 1627 2472 γὰρ
1661 2405 1851 2473 ίμάτια
1881 2405 1973 2457 καὶ
2009 2407 2122 2466 τοῖς

543 2492 766 2564 λῃσταῖς
792 2494 908 2545 ἐστι
940 2493 1164 2564 φοϐερά.
1197 2495 1382 2557 Θέλεις
1419 2493 1544 2547 ἰδεῖν
1570 2493 1665 2545 καί
1687 2493 1777 2546 διά
1803 2493 1898 2546 106
1932 2495 2122 2562 σώμα-

543 2600 636 2646 τος
673 2583 994 2653 λάμπουσαν
1033 2586 1269 2657 ταύτην;
1328 2587 1761 2653 Ἀτενίσαντες,
1805 2587 1992 2658 φησίν,
2036 2589 2123 2653 είς

540 2675 608 2726 τὸ
636 2679 963 2740 πρόσωπον
992 2676 1323 2744 Στεφάνου,
1361 2673 1524 2730 είὸον
1547 2678 1626 2742 ὡς
1657 2680 1985 2744 πρόσωπον
2018 2679 2124 2746 dr-

543 2762 747 2830 γέλου.
796 2764 936 2816 Ἀλλ’
960 2765 1112 2817 οὐδὲν
1140 2765 1298 2817 τοῦτο
1323 2767 1458 2836 πρὸς
1498 2765 1597 2836 τὴν
1656 2765 1868 2820 ἔνδοθεν
1910 2767 2120 2837 ἀστρά-

545 2871 783 2907 πτουσαν
813 2854 1135 2920 δόξαν.”υπε
1146 2873 1176 2925 ρ
1196 2857 1304 2926 γὰρ
1330 2855 1567 2921 Μωῦσῆς
1594 2857 1686 2909 ἐπὶ
1713 2859 1806 2909 τοῦ
1824 2855 2120 2928 προσώπου

544 2937 682 3011 εἶχε,
708 2942 866 2995 τοῦτο
885 2936 1029 2995 οὗτοι
1065 2943 1158 2995 ἐπὶ
1193 2943 1292 3010 τῆς
1316 2944 1498 3014 ψυχῆς
1544 2945 1887 3015 περιέφερον,
1922 2945 2122 3015 μᾶλλον

542 3038 601 3090 δὲ
630 3043 725 3090 καὶ
751 3036 928 3107 πολλῷ
985 3037 1164 3089 πλέον.
1199 3035 1272 3088 Τὸ
1305 3039 1400 3105 μὲν
1427 3039 1534 3108 γὰρ
1567 3038 1846 3101 Μωῦσέως
1879 3038 2124 3110 αἰσθητι-

543 3128 784 3200 κώτερον
809 3124 898 3199 ἦν,
937 3128 1094 3180 τοῦτο
1133 3131 1189 3180 δὲ
1219 3128 1529 3197 ἀσώματον.
1567 3129 1676 3182 Καὶ
1703 3129 1954 3202 καθάπερ
1982 3149 2122 3202 πυρ-

543 3219 689 3289 αυγῆ
721 3219 948 3288 σώματα
996 3219 1104 3270 ἀπὸ
1145 3219 1255 3270 τῶν
1300 3218 1568 3290 λαμπρῶν
1609 3221 1877 3290 σωμάτων
1929 3225 2020 3274 ἐπὶ
2062 3224 2124 3276 τὸ

543 3310 774 3379 πλησίον
799 3311 1158 3380 ἀπορρέοντα,
1188 3311 1278 3362 καὶ
1323 3313 1550 3374 ἐκείνοις
1579 3311 1899 3381 μεταδίδωσι
1923 3315 2018 3384 τῆς
2045 3316 2122 3366 0i-

543 3401 696 3464 κείας
725 3401 897 3470 αὐγῆς
925 3421 935 3430 ·
963 3401 1104 3453 οὓτω
1126 3401 1189 3471 δὴ
1217 3402 1310 3453 καὶ
1330 3403 1421 3454 ἐπὶ
1442 3402 1550 3454 τῶν
1575 3405 1781 3455 πιστῶν
1812 3405 2118 3474 συμϐαίνει.

543 3493 643 3545 Διά
692 3492 756 3563 δὴ
799 3492 956 3544 τοῦτο
1000 3493 1098 3562 τῆς
1127 3493 1228 3563 γῆς
1275 3493 1707 3547 ἀπαλλάττονται
1746 3498 1796 3547 οί
1833 3495 1987 3549 τοῦτο
2015 3499 2122 3551 πά-

546 3601 786 3654 σχοντες,
823 3586 916 3637 καὶ
945 3585 1014 3638 τά
1041 3587 1098 3638 ἐν
1123 3587 1233 3648 τοῖς
1260 3587 1510 3656 οὐρανοῖς
1539 3587 1994 3656 ὀνειροπολοῦσιν.
2033 3591 2126 3642 Οἵ-

547 3695 638 3746 μοι
675 3694 688 3707 ⁸
722 3677 884 3730 καλὸν
933 3677 1041 3748 7&9
1083 3676 1316 3730 ἐνταῦθα
1361 3678 1456 3731 καὶ
1497 3678 1748 3742 στενάξαι
1782 3680 1998 3751 πικρὸν,
2040 3682 2122 3734 ὅτι

543 3769 809 3838 τοσαύτης
835 3769 1197 3834 ἀπολαύοντες
1231 3771 1508 3840 εὐγενείας
1530 3779 1570 3835 ⁸,
1606 3773 1726 3826 οὐδὲ
1759 3775 1824 3827 τὰ
1854 3774 2122 3844 λεγόμενα

545 3860 830 3930 ταμεν,διά
859 3861 918 3913 τὸ
969 3862 1180 3932 ταχέως
1219 3862 1612 3916 ἀπολλύναιτά
1663 3865 1982 3935 πράγματα,
2029 3865 2122 3918 καὶ

544 3952 680 4023 πρὸς
730 3951 798 4005 τὰ
845 3951 1078 4023 αἰσθητὰ
1121 3953 1437 4024 ἐπτοῆσθαι.
1489 3955 1636 4025 Αὕτη
1685 3955 1794 4027 7&9
1835 3957 1866 4026 ἡ
1909 3957 2035 4021 δόξα
2085 3960 2118 4028 ή

541 4043 852 4111 ἀπόρρητος
875 4043 969 4093 καί
990 4041 1264 4112 φρικώδης
1291 4043 1453 4114 μέχρι
1478 4043 1575 4112 μὲν
1600 4045 1729 4111 μιᾶς
1751 4045 1844 4096 καὶ
1866 4043 2122 4115 δευτέρας

543 4133 756 4202 ἡμέρας
783 4134 840 4185 ἐν
868 4135 1001 4202 ἡμῖν
1043 4132 1214 4201 μένει,
1246 4133 1430 4184 λοιπὸν
1456 4133 1513 4184 δέ
1553 4134 1720 4204 αὐτὴν
1760 4135 2123 4188 κατασϐέννυ-

545 4241 667 4294 μεν,
702 4223 793 4275 τὸν
822 4223 1068 4292 χειμῶνα
1097 4224 1394 4291 ἐπάγοντες
1428 4224 1537 4278 τῶν
1570 4225 2102 4298 βιωτικῶν-πραγμά

540 4333 670 4378 των,
715 4315 809 4367 καὶ
853 4317 919 4385 τῇ
963 4315 1257 4384 πυκνότητι
1301 4314 1409 4367 τῶν
1458 4317 1636 4386 νεφῶν
1683 4319 2115 4389 άποκρουόμενοι

541 4409 641 4469 τὰς
667 4407 912 4468 ἀκτῖνας.

614 4495 835 4566 Χειμὼν
869 4495 976 4566 7&9
1001 4494 1070 4548 1&
1100 4494 1350 4565 βιωτικὰ,
1387 4497 1482 4550 καὶ
1507 4498 1774 4568 χειμῶνος
1803 4501 2123 4570 σκυθρωπό-

545 4604 699 4657 τερα.
725 4587 800 4638 Οὐ
833 4584 939 4656 γὰρ
989 4587 1198 4655 κρυμὸς
1229 4586 1472 4639 τίκτεται
1499 4587 1768 4655 ἐντεῦθεν,
1799 4591 1917 4643 οὐδέ
1945 4592 2117 4656 ὑετὸς,

543 4680 665 4734 οὐδὲ
694 4679 863 4751 πηλὸν
909 4680 1052 4730 ποιεῖ
1087 4679 1180 4730 καὶ
1219 4677 1392 4747 τέλμα
1435 4678 1590 4747 βαθὺ,
1625 4679 1760 4733 ἀλλά
1791 4682 1859 4734 τά
1903 4685 2122 4737 πάντων

546 4772 898 4842 χαλεπώτερα
920 4769 1146 4831 τούτων,
1179 4770 1404 4837 γέενναν
1440 4769 1740 4841 συνίστησι,
1787 4775 1879 4825 καὶ
1923 4776 1990 4827 1&
2024 4779 2122 4846 τῆς

544 4863 766 4930 γεέννης
800 4861 964 4915 κακά.
1015 4861 1126 4914 Καὶ
1163 4861 1409 4932 καθάπερ
1450 4863 1507 4914 ἐν
1555 4863 1751 4934 κρυμῷ
1783 4865 1996 4935 σφοδρῷ
2029 4869 2124 4920 πέ-

548 4970 690 5022 πηγε
719 4955 894 5006 πάντα
925 4953 997 5005 τὰ
1034 4954 1192 5024 μέλη,
1223 4958 1318 5008 καὶ
1351 4956 1466 5008 ἐστι
1509 4957 1679 5027 νεκρά
1700 4972 1712 4986 ⁶
1759 4956 1900 5010 οὓτω
1930 4958 1993 5029 δὴ
2028 4961 2122 5012 καὶ

549 5044 607 5094 ἐν
637 5041 713 5110 τῷ
735 5043 962 5110 χειμῶνι
988 5043 1095 5096 τῶν
1122 5045 1532 5116 ἁμαρτημάτων
1573 5047 1864 5117 φρίττουσα
1891 5051 1923 5118 ὴ
1951 5049 2118 5121 ψυχὴ,

545 5133 696 5186 οὐδὲν
725 5132 829 5185 τῶν
860 5133 1030 5202 αὐτῆς
1067 5135 1356 5203 ἐργάζεται
1381 5177 1395 5197 ,
1441 5141 1719 5208 πεπηγυῖα
1748 5139 1995 5209 καθάπερ
2018 5141 2122 5192 ὑπὸ

549 5222 699 5296 [488]
741 5224 954 5296 κρυμοῦ
983 5225 1076 5277 τοῦ
1106 5227 1428 5291 συνειδότος.
1460 5230 1642 5300 ’Ὁπερ
1669 5231 1775 5300 γάρ
1802 5231 1878 5300 τῷ
1913 5230 2121 5302 σώματι

546 5315 736 5384 ψῦχος,
771 5313 929 5368 τοῦτο
979 5315 1214 5386 πονηρὸν
1250 5317 1485 5380 συνειδὸς
1520 5322 1583 5388 τῇ
1628 5320 1810 5391 ψυχῇ·
1861 5321 1982 5374 ὅθεν
2030 5323 2123 5374 καὶ

547 5404 716 5457 δειλία
738 5405 968 5472 γίνεται.
1005 5405 1169 5458 Οὐδὲν
1195 5405 1302 5476 7&9
1326 5405 1625 5477 δειλότερον
1658 5411 1753 5462 τού
1782 5413 1894 5472 τοῖς
1936 5411 2122 5479 βιωτι-

550 5498 665 5558 κοῖς
700 5497 1120 5568 προσηλωμένου
1145 5515 1159 5529 ·
1190 5497 1282 5553 τὸν
1310 5499 1419 5569 7&9
1452 5498 1544 5552 106
1585 5501 1722 5552 Κάῖν
1754 5501 1866 5570 βίον
1897 5503 1925 5552 ό
1957 5502 2120 5555 τοιοῦο

550 5599 640 5645 τος
675 5583 764 5653 ζῇ,
802 5585 921 5637 καθ’
955 5587 1192 5656 ἑκάστην
1221 5587 1434 5657 ἡμέραν
1457 5589 1695 5658 τρέμων.
1734 5589 1844 5642 Καὶ
1883 5589 1936 5640 τί
1981 5589 2123 5657 λέγω

613 5747 640 5775 ⁸
671 5745 1160 5812 Εὐγενείαςριὶιχιῃδ,
1180 5755 1231 5795 et
1258 5763 1407 5808 marg.
1451 5747 1624 5808 Savil.,
1647 5757 1699 5798 cl
1723 5749 1787 5799 ita
1818 5749 1940 5812 legit
1963 5751 2120 5802 luter-

551 5818 669 5872 plus
700 5806 916 5858 Latinus.
949 5806 1094 5865 Edili,
1119 5806 1399 5869 εὐεργεσίας.

1244 382 1304 436 S.
1345 377 1635 434 JOANNIS
1665 375 2120 433 CIIIWSOSTUM

2227 376 2514 432 ιΙῖΟΗΙΕΡ.
2554 373 3104 431 CONSTANTINOP.

3671 375 3789 430 450

2225 485 2486 544 θανάτους
2511 487 2604 538 καὶ
2619 485 2820 556 ζημίας
2839 485 2932 539 καί
2949 484 3378 554 προσκρούματα
3399 484 3492 537 καὶ
3513 485 3810 551 κολακείας

2225 576 2317 627 καὶ
2345 575 2639 646 θεραπείας
2660 595 2674 642 ;
2704 579 2797 630 καὶ
2819 577 2927 646 7&9
2952 577 3044 629 καὶ
3069 575 3271 628 τούτων
3298 575 3470 646 χωρὶς
3499 577 3698 647 μυρίας
3719 579 3809 632 δέ-

2225 665 2370 718 δοικε
2397 668 2719 735 μεταϐολάς.
2751 671 2858 722 Καὶ
2883 671 2944 722 τὸ
2966 670 3064 740 μὲν
3089 671 3332 738 ταμιεῖον
3357 668 3521 738 γέμει
3551 671 3808 740 χρυσίω,

2225 759 2259 826 ἢ
2281 757 2425 828 ψυχὴ
2458 758 2514 811 δὲ
2549 761 2650 812 οὐκ
2698 759 3033 831 ἀπήλλακτα·
3082 759 3176 813 τοῦ
3221 760 3320 828 τῆς
3373 759 3565 824 πενίας
3595 762 3760 831 φόϐου
3784 777 3803 793 ο

2225 851 2320 902 καὶ
2368 852 2511 920 μάλα
2552 855 2794 916 εἰκότως.
2835 855 2920 917 Ὠς
2958 855 3048 907 ἐπὶ
3087 855 3431 924 πραγμάτων
3459 854 3568 925 7&9
3593 857 3808 926 ὁρμεῖδ

2227 942 2461 1012 σαθρῶν,
2489 945 2583 997 καὶ
2610 945 3042 1014 εὐμεταπτώτων
3063 963 3076 977 ο
3100 945 3204 998 κᾶν
3235 945 3312 1015 μὴ
3346 945 3508 1009 αὐτὸς
3535 946 3807 1020 ὑπομείνῃ

2223 1033 2324 1102 τὴν
2351 1034 2672 1104 μεταϐολὴν,
2703 1037 2760 1086 ἐν
2785 1034 2990 1105 ἑτέροις
3017 1037 3305 1106 γινομένην
3329 1035 3492 1107 ὁρῶν,
3519 1037 3762 1091 ἀπόλωλε
3786 1054 3804 1068 °

2226 1126 2319 1178 καὶ
2359 1125 2529 1195 πολλὴ
2569 1127 2667 1196 μὲν
2701 1127 2734 1196 ἡ
2760 1126 2952 1191 δειλία,
2989 1126 3157 1196 πολλὴ
3198 1127 3255 1178 δὲ
3289 1130 3322 1197 ἡ
3352 1128 3629 1199 ἀνανδρία.
3669 1132 3811 1185 Οὐδὲ

2188 1241 2205 1257 ·
2227 1221 2335 1288 7&9
2369 1219 2526 1286 μόνον
2564 1218 2700 1289 πρὸς
2729 1218 3004 1281 κινδύνους
3041 1218 3273 1288 ἄτολμος
3308 1220 3337 1270 ὁ
3366 1220 3628 1285 τοιοῦτος,
3666 1221 3814 1274 ἀλλὰ

2227 1310 2321 1361 καὶ
2352 1309 2488 1378 πρὸς
2521 1308 2589 1360 τὰ
2634 1308 2769 1361 ἀλλα
2801 1310 2974 1362 πάντα
2996 1324 3009 1338 ·
3056 1308 3160 1361 κᾶν
3201 1307 3467 1378 ἐπιθυμία
3505 1313 3808 1382 χρημάτων

2228 1401 2466 1470 ἐμπέσῃ,
2508 1400 2604 1469 οὐχ
2657 1399 2732 1461 ὡς
2784 1399 2924 1470 ἀνὴρ
2972 1397 3260 1470 ἐλεύθερος
3304 1401 3671 1471 ἀποκρούεται
3707 1402 3810 1473 τὴν

2233 1491 2553 1562 προσϐολὴν,
2610 1491 2724 1544 ἀλλ’
2755 1492 2830 1554 ὡς
2878 1490 3265 1562 ἀργυρώνητος
3317 1493 3497 1546 πάντα
3549 1495 3806 1564 πράττει,

2228 1585 2479 1654 καθάπερ
2508 1585 2766 1656 δεσποίνῃ
2791 1583 3002 1655 χαλεπῇ
3033 1587 3099 1656 τῇ
3127 1585 3462 1656 φιλαργυρία.
3490 1587 3758 1640 δουλεύων
3789 1606 3804 1619 ο

2228 1677 2332 1730 κάν
2363 1675 2636 1747 εὔμορφόν
2676 1693 2800 1730 τινα
2845 1676 3016 1746 κόρην
3055 1676 3162 1747 ῐὸῃ,
3209 1677 3556 1746 κατέπτηχεν
3603 1679 3816 1742 εὐθέως

2227 1767 2410 1830 ἁλοὺς,
2445 1767 2537 1818 καὶ
2561 1764 2750 1836 ὥσπερ
2778 1765 2924 1820 κύων
2948 1767 3154 1820 λυττῶν
3186 1766 3399 1834 ἕπεται,
3440 1767 3560 1821 δέον
3585 1771 3812 1822 τούναν-

2226 1858 2340 1909 τίον
2379 1860 2576 1911 ποιεῖν.

2284 1977 2366 2026 ς’.
2386 1973 2552 2025 Ὅταν
2575 1975 2684 2044 γὰρ
2705 1972 2819 2044 ίδῃς
2837 1975 3069 2040 γυναῖκα
3089 1971 3321 2042 ὡραίαν,
3343 1972 3416 2042 μὴ
3435 1971 3593 2027 τοῦτο
3613 1975 3818 2028 σκόπει

2226 2065 2374 2129 ὅπως
2394 2065 2706 2138 ἀπολαύσῃς
2727 2066 2826 2135 τῆς
2851 2065 3164 2135 ἐπιθυμίας,
3189 2065 3324 2118 ἀλλά
3345 2065 3463 2128 πῶς
3483 2066 3813 2137 ἀπαλλαγῇς

2227 2157 2324 2226 τῆς
2361 2157 2674 2226 ἐπιθυμίας.
2718 2157 2825 2209 Καὶ
2859 2156 2976 2219 πῶς
3013 2155 3168 2209 τοῦτο
3212 2157 3312 2217 ἔνι,
3356 2158 3551 2227 φησίν;
3600 2158 3662 2209 ού
3699 2159 3812 2229 γάρ

2228 2249 2344 2301 ἐστι
2374 2249 2435 2301 τὸ
2468 2251 2596 2320 ἐρᾷν
2621 2249 2772 2318 ἐμόν.
2816 2248 2978 2301 Ἀλλά
3013 2249 3178 2312 τίνος,
3229 2250 3350 2302 είπέ
3383 2267 3508 2319 μοι;
3554 2250 3664 2320 Τῆς
3712 2250 3811 2304 τοῦ

2226 2340 2477 2410 δαίμονος
2505 2341 2792 2413 ἐπηρείας.
2825 2341 3000 2403 Ὄλως
3045 2341 3276 2410 δαίμονα
3316 2336 3455 2394 εἶναι
3480 2341 3722 2411 νομίζεις
3747 2341 3814 2394 τὸ

2227 2432 2620 2499 ἐπιϐουλεῦον;
2666 2433 2874 2486 Οὐκοῦν
2918 2433 3153 2485 πύκτευε
3187 2433 3280 2486 καὶ
3316 2435 3489 2505 μάχου
3517 2435 3810 2504 νοσήματι.

2240 2526 2378 2578 ’Δλλ⁹
2401 2527 2462 2578 οὐ
2489 2525 2746 2596 δύναμαι,
2778 2527 2932 2595 φησί.
2967 2527 3102 2596 Φέρε
3133 2523 3246 2591 οὖν,
3288 2527 3509 2596 πρῶτον
3539 2526 3697 2580 τοῦτό
3745 2545 3811 2579 σε

2226 2616 2532 2686 διδάξομεν,
2572 2617 2656 2670 ὃτι
2692 2617 2793 2686 τῆς
2829 2617 2927 2687 σῆς
2959 2616 3232 2687 ῥᾳθυμίας
3283 2618 3342 2669 τὸ
3380 2618 3684 2687 γινόμενον,
3713 2619 3812 2672 καὶ

2227 2709 2310 2762 ὅτι
2336 2709 2400 2760 σὺ
2429 2707 2580 2779 παρὰ
2609 2708 2707 2777 τὴν
2733 2709 2906 2779 ἀρχὴν
2928 2708 3006 2779 τῷ
3035 2708 3250 2778 δαίμονι
3272 2708 3518 2772 δέδωκας
3553 2709 3812 2779 πάροδον,

2228 2798 2324 2850 καὶ
2350 2797 2464 2861 νῦν,
2500 2796 2566 2850 ἂν
2599 2797 2790 2868 ἐθέλῃς
2814 2837 2830 2861 ,
2879 2797 3017 2868 μετὰ
3051 2797 3254 2868 πολλῆς
3294 2799 3456 2850 αὐτὸν
3487 2797 3682 2870 ἀπώσῃ
3709 2801 3812 2869 τῆς

2228 2888 2498 2951 εὐκολίας.
2562 2889 2696 2942 Είπέ
2738 2891 2846 2960 γάρ
2898 2908 3011 2960 μοι,
3061 2891 3112 2942 οί
3156 2890 3522 2960 μοιχεύοντες,
3578 2891 3819 2960 ἐρῶντες

2232 2978 2592 3048 μοιχεύουσιν,
2624 2978 2657 3049 ἢ
2706 2980 2890 3042 ἁπλῶς
2929 2980 3186 3034 κινδύνων
3219 2980 3657 3051 ἐπιθυμοῦντεςς
3702 2980 3809 3032 E6-

2227 3069 2384 3140 δηλον
2407 3070 2490 3123 ὅτι
2513 3070 2764 3142 ἐρῶντες.
2787 3067 2912 3141 'A9'
2938 3066 3030 3124 οὖν
3066 3071 3398 3142 συγγνώμης
3422 3073 3812 3142 τυγχάνουσαι

2230 3161 2516 3230 Οὐδαμῶς.
2556 3162 2620 3214 Τί
2657 3161 2894 3232 δήποτε;
2943 3165 3063 3216 Ὂτι
3107 3163 3287 3215 αὐτῶν
3316 3163 3432 3215 ἐστι
3463 3164 3525 3216 τὸ
3557 3165 3810 3233 ἁμάρτη-

2233 3271 2328 3323 μα.
2372 3255 2532 3306 Ἀλλὰ
2567 3255 2618 3306 τί
2644 3271 2732 3324 μοι
2772 3255 3163 3324 συλλογισμοὺς
3193 3255 3438 3319 πλέκεις,
3471 3257 3671 3326 φησίν;
3698 3256 3817 3323 ἐγὼ

2232 3344 2448 3398 σύνοιδα
2492 3346 2714 3416 ἐμαυτῷ
2762 3347 3082 3417 βουλόμενος
3136 3347 3586 3418 ἀποκρούσασθαι
3616 3348 3677 3401 τὸ
3707 3348 3814 3400 πά-

2231 3435 2341 3499 θος,
2373 3438 2464 3489 καὶ
2514 3437 2613 3490 οὐκ
2646 3438 2834 3507 ἰσχύω,
2880 3438 2994 3491 ἀλλ’
3040 3438 3310 3508 ἐφέστηκε
3364 3440 3459 3491 καὶ
3493 3439 3672 3501 πιέζει
3715 3440 3814 3493 καὶ

2229 3526 2386 3598 όδυνᾷ
2411 3527 2681 3597 χαλεπῶς.
2705 3528 2890 3581 Βούλει
2920 3529 3018 3599 μὲν
3039 3528 3505 3599 ἀποκρούσασθαι,
3527 3528 3817 3599 ἄνθρωπε,

2229 3621 2287 3672 οὐ
2320 3623 2489 3684 ποιεῖς
2517 3621 2574 3672 δέ
2597 3621 2634 3674 ὃ.
2657 3621 2765 3674 τῶν
2794 3621 3246 3692 ἀποκρουομένων
3274 3619 3423 3671 ἐστίν
3449 3633 3465 3650 ο
3505 3619 3645 3672 ἀλλά
3674 3621 3818 3673 1&6-

2229 3713 2320 3765 τὸν
2351 3713 2599 3783 πάσχεις,
2640 3708 2752 3768 οἷον
2791 3714 2857 3767 ἀν
2896 3716 2948 3768 εῐ
2989 3731 3071 3775 τις
3112 3715 3410 3782 πυρέττων,
3449 3711 3543 3765 καὶ
3576 3711 3818 3782 ψυχρῶν

2228 3805 2636 3876 ἐμφορούμενος
2665 3806 2944 3874 ναμάτων,
2979 3806 3125 3872 λέγοι
3159 3820 3173 3835 ⁶
3209 3804 3358 3857 Πόσα
3385 3803 3584 3856 ἐπινοῶ
3620 3801 3812 3871 βουλό-

2233 3914 2390 3968 μενος
2425 3897 2614 3950 σϐέσαι
2638 3896 2728 3949 τὸν
2753 3896 2986 3966 πυρετὸν
3015 3898 3106 3949 καὶ
3133 3897 3234 3950 οὐκ
3269 3897 3459 3968 ἰσχύω,
3494 3895 3632 3950 ἀλλά
3673 3896 3811 3967 μᾶλ-

2228 3989 2320 4042 λόν
2350 4006 2451 4060 μου
2480 3989 2578 4060 τὴν
2608 3989 2780 4058 φλόγα
2804 3990 3030 4042 ἀνάπτω
3056 4011 3072 4063 ς

2303 4102 2531 4170 ’Ἱδωμεν
2547 4096 2640 4154 οὖν
2663 4101 2872 4172 μήποτε
2891 4100 2985 4154 καὶ
3005 4102 3068 4154 σὺ
3088 4101 3156 4153 τὰ
3183 4101 3283 4170 μέν
3300 4103 3590 4158 ἐκκαίοντα
3613 4110 3804 4171 ποιεῖς,

2228 4191 2468 4262 νομίζεις
2493 4192 2549 4245 δὲ
2584 4193 2818 4245 ἐπινοεῖν
2841 4193 2910 4245 τὰ
2951 4193 3263 4248 σϐεννύντα.
3307 4194 3404 4258 Οὒ,
3442 4198 3624 4266 φησίν.
3671 4200 3806 4253 Είπέ

2227 4278 2343 4347 οὖν,
2371 4283 2424 4336 τί
2454 4299 2582 4335 ποτε
2615 4284 2980 4354 ἐπεχείρησας
3006 4285 3227 4355 ποιῆσαι
3257 4285 3392 4354 πρὸς
3419 4287 3481 4340 τὸ
3522 4289 3712 4342 σϐέσαι
3745 4291 3812 4343 τὸ

2229 4376 2436 4444 πάθος;
2467 4376 2519 4428 τί
2563 4376 2622 4430 δέ
2666 4379 2812 4430 ἐστιν
2850 4377 2988 4439 ὅλως
3019 4375 3113 4429 τοῦ
3144 4375 3351 4440 πάθους
3382 4379 3710 4450 αὐξητικόνς
3743 4381 3806 4434 Εί

2229 4469 2338 4538 7&9
2376 4468 2471 4519 καὶ
2511 4466 2585 4537 μὴ
2613 4469 2814 4530 πάντες
2843 4468 3138 4521 ὑπεύθυνοι
3169 4471 3281 4534 τοῖς
3325 4470 3638 4540 ἐγκλήμασι
3679 4472 3805 4526 τού-

2225 4576 2336 4622 τοις
2379 4559 2546 4629 ἐσμέν
2575 4561 2815 4630 (πλείους
2838 4561 2948 4632 7&9
2975 4561 3040 4614 ἂν
3076 4562 3334 4633 εὕροιμεν
3362 4563 3440 4634 τῷ
3463 4564 3570 4617 τῶν
3598 4567 3810 4636 χρημά-

2229 4670 2356 4716 των,
2386 4652 2419 4722 ῆ
2447 4651 2524 4722 τῷ
2555 4653 2663 4706 τῶν
2695 4656 2966 4725 σωμάτων
2997 4655 3388 4725 ἁλισκομένους
3421 4657 3631 4728 ἐρωτι),
3671 4659 3807 4713 ἀλλά

2229 4744 2406 4798 κοινὸν
2442 4747 2578 4798 πᾶσι
2616 4747 2965 4816 προκείσεται
2999 4747 3059 4799 τὸ
3092 4749 3404 4819 φάρμακον,
3452 4750 3546 4803 καὶ
3595 4751 3809 4816 τούτοις

2229 4839 2523 4902 κάκείνοις.
2551 4840 2662 4892 Καὶ
2701 4839 2805 4910 7&9
2839 4842 3059 4894 κάκεῖνο
3085 4842 3225 4913 ἔρως
3253 4844 3477 4905 ἄτοπος,
3505 4845 3600 4896 καὶ
3629 4842 3804 4906 τοῦτο,

2229 4931 2344 4983 ἀλλ’
2374 4925 2527 4992 οὗτος
2580 4931 2789 4984 ἐκείνου
2829 4931 2982 5003 [489]
3023 4932 3352 5004 δριμύτερος
3394 4935 3490 4987 καὶ
3533 4934 3804 5003 ὀξύτερος.

2231 5024 2398 5077 Ὅταν
2438 5021 2531 5078 οὖν
2577 5025 2670 5078 τοῦ
2713 5025 2956 5095 μείζονος
3003 5025 3442 5095 περιγενώμεθα,
3477 5026 3696 5096 εὔδηλον
3727 5029 3810 5079 ὅτι

2231 5116 2436 5168 καὶτὸν
2465 5117 2670 5170 ἐλάττω
2701 5119 2900 5188 ῥαδίως
2932 5121 3258 5191 αἱρήσομεν.
3303 5121 3412 5172 Καὶ
3439 5121 3579 5184 πῶς,
3614 5123 3663 5174 εί
3696 5121 3812 5192 δρι-

2233 5206 2460 5277 μύτερος
2484 5203 2655 5271 οὗτος,
2690 5210 2874 5280 φησὶν,
2915 5211 2975 5263 οὐ
3018 5213 3216 5275 πάντες
3247 5213 3560 5267 ἁλίσκονται
3590 5214 3667 5284 τῷ
3710 5232 3811 5266 κα-

2230 5295 2330 5366 κῷ,
2358 5296 2472 5348 ἀλλ’
2511 5299 2559 5349 οί
2594 5299 2811 5363 πλείους
2850 5305 2978 5370 περὶ
3023 5305 3280 5374 χρήματα
3319 5306 3814 5376 μεμήνασιν;”οτι

2233 5386 2446 5457 πρῶτον
2472 5389 2569 5456 μὲν
2599 5390 2886 5456 ἀκίνδυνος
2927 5393 3068 5465 αὕτη
3100 5390 3237 5449 εἶναι
3264 5396 3411 5449 δοκεῖ
3439 5399 3472 5468 ἡ
3507 5399 3771 5467 ἐπιθυμία
3797 5415 3813 5428 ⁶

2228 5479 2437 5546 ἔπειτα,
2474 5482 2520 5533 εί
2549 5481 2642 5534 καὶ
2677 5481 2907 5556 ὀξυτέρα
2947 5488 3096 5540 ἐστὶν
3142 5489 3175 5560 ἡ
3215 5489 3324 5541 τῶν
3357 5489 3648 5560 σωμάτων,
3677 5490 3815 5542 ἀλλά

2291 5633 2318 5669 ιι
2350 5632 2491 5708 Ιᾲὶίιι,
2521 5639 2659 5700 ὁρμᾷ,
2686 5651 2778 5707 ms:
2798 5641 2940 5702 ὁρμῇ,
2965 5641 3120 5691 Savil.
3143 5643 3408 5708 legendum
3430 5642 3746 5708 ναίει-ὁρμεῖ,
3766 5649 3819 5708 εἰ

2230 5695 2640 5766 ξιαιιςξυιρειὶοιιιίιιι
2678 5695 3080 5766 νει-ἰοιῖιὲιιῖίεεεε
3123 5695 3296 5766 ρι’ὄὺει
3337 5695 3555 5755 budaeus
3579 5695 3818 5766 ἰιΓΝριίν

2231 5757 2510 5870 ἓεηῗιὶεἱῃίἥ,
2535 5760 2782 5824 exemplis
2825 5776 2887 5812 ex
2943 5757 3285 5817 Demosihene
3317 5775 3372 5818 et
3413 5781 3476 5817 ex
3525 5761 3818 5830 Thucydide

2285 5833 2312 5867 ιι
2341 5834 2398 5870 ua
2425 5835 2485 5870 IS.
