4098 6222
241 118 346 174 ιιι)

239 241 390 294 enim
437 235 525 292 his
551 234 726 291 verbis
752 231 1026 301 Scriptura
1055 231 1240 296 utitur,
1275 230 1683 285 Ministrantifms
1707 231 1833 302 ipsis

246 329 488 394 Domino,
518 326 794 397 Segrcgate
827 325 974 391 mihi,
1013 333 1073 378 ut
1111 338 1232 378 eum
1271 321 1512 392 ejusdem
1561 323 1834 392 dignitatis

243 434 365 474 esse
390 418 663 474 ostendat.
692 419 771 473 Ac
811 432 1023 473 rursum
1050 416 1124 470 ait
1160 416 1427 477 Christus,
1463 416 1650 471 Servus
1679 418 1834 471 nescit

242 511 366 581 quid
406 511 564 581 faciat
593 511 828 564 dominus
873 510 982 579 ejus
1030 506 1208 580 (Joan.
1253 507 1341 561 15.
1391 509 1482 577 15)
1514 524 1529 560 :
1560 518 1618 561 ut
1652 517 1835 563 autem

246 605 406 658 homo
433 604 588 657 novit
615 617 676 656 ea
708 617 828 672 quze
856 616 949 655 sua
980 609 1123 667 sunt,
1166 601 1236 654 ita
1276 600 1505 670 Spiritus
1536 600 1682 655 novit
1715 616 1832 670 quae

247 696 342 750 Dei
373 704 500 750 sunt
524 695 600 764 (1.
628 693 754 749 Cor.
784 694 840 748 2.
873 695 987 760 11),
1031 709 1136 748 non
1175 694 1314 764 quod
1346 694 1636 748 edoceatur
1666 711 1680 748 :
1711 710 1833 748 nam

239 788 317 840 ita
347 785 644 839 similitudo
673 785 775 838 sibi
803 800 910 838 non
946 793 1238 839 constaret.
1277 783 1414 852 Quin
1463 785 1585 838 hinc
1625 800 1835 854 quoque

246 879 618 933 auctoritatem
651 893 715 933 ac
751 879 1170 933 dominationem
1203 892 1352 931 suam
1381 879 1638 943 ostendit,
1670 879 1834 946 quod,

247 977 406 1040 prout
449 970 582 1032 vult,
614 979 885 1039 operatur.
932 969 1028 1023 llic
1059 983 1158 1023 nos
1202 968 1566 1032 transformat,
1615 968 1701 1022 hic
1740 983 1838 1022 nos

248 1061 373 1115 huic
415 1060 616 1114 saeculo
657 1059 982 1114 conformari
1032 1073 1139 1114 non
1186 1059 1345 1123 sinit,
1403 1059 1489 1112 hic
1529 1057 1839 1128 hujusmodi

245 1153 536 1208 creationis
588 1151 784 1205 artifex
852 1160 955 1206 est.
1017 1147 1478 1216 Quemadmodum
1530 1149 1672 1202 enim
1726 1150 1836 1216 ait,

246 1244 418 1300 Creati
445 1246 498 1298 in
548 1243 754 1300 Christo
792 1243 918 1298 Iesu
949 1242 1164 1315 (Ephcs.
1194 1243 1248 1296 2.
1285 1243 1377 1312 10)
1409 1261 1424 1295 :
1452 1242 1640 1299 endem
1680 1246 1840 1298 modo

251 1338 347 1401 ait,
372 1336 470 1390 Cor
494 1335 739 1389 mundum
766 1351 879 1388 crea
905 1337 957 1389 in
987 1335 1260 1400 me,Deus,
1296 1346 1342 1390 et
1381 1337 1617 1405 spiritum
1646 1345 1836 1389 rectum

251 1426 436 1480 iunova
465 1427 516 1478 iu
543 1425 816 1480 visceribus
849 1427 972 1478 meis
997 1424 1167 1494 (Psal.
1199 1427 1289 1481 50.
1323 1427 1434 1495 12).
1472 1426 1563 1481 Vis
1602 1425 1704 1480 hoc
1745 1425 1840 1481 tibi

252 1519 322 1571 ab
364 1518 623 1588 apostolis
680 1533 891 1587 quoque
943 1517 1261 1572 sensibiliori
1307 1519 1466 1573 modo
1513 1517 1842 1574 ostendam?

252 1609 472 1664 Paulum
503 1610 702 1679 cogita,
745 1610 898 1680 cujus
937 1620 1114 1665 vestes
1157 1611 1550 1678 operabantur;
1601 1611 1839 1679 Petrum,

251 1701 405 1769 cujus
430 1703 559 1770 ipsae
594 1717 807 1772 quoque
853 1702 1058 1756 umbrae
1106 1703 1306 1757 viribus
1339 1705 1630 1773 pollebant.
1659 1704 1844 1775 Neque

255 1793 420 1856 enim,
466 1793 565 1848 nisi
603 1793 765 1862 Regis
813 1794 1095 1864 imaginem
1124 1804 1447 1864 gestassent,
1477 1807 1530 1852 et
1566 1796 1844 1867 incompa-

250 1884 440 1938 rabilis
468 1884 683 1955 quidam
714 1885 890 1955 fulgor
913 1901 980 1940 ex
1017 1885 1148 1954 ipsis
1182 1885 1492 1953 effulsisset,
1519 1904 1705 1943 eorum
1749 1905 1844 1944 ve-

255 1987 367 2032 stes
413 1987 574 2047 atque
630 1977 834 2032 umbrae
880 1985 958 2031 tot
1004 1978 1262 2033 miracula
1315 1979 1624 2036 edidissent.
1686 1981 1847 2050 Regis

258 2071 456 2139 quippe
477 2079 658 2125 vestes
686 2069 980 2124 latronibus
1026 2071 1186 2124 etiam
1227 2072 1420 2126 terrori
1448 2081 1590 2126 sunt.
1623 2073 1848 2130 Libetue

258 2163 446 2217 videre
466 2163 606 2218 hanc
632 2178 728 2232 per
749 2177 942 2232 corpus
977 2178 1190 2233 quoque
1214 2163 1603 2220 collucentem?
1631 2164 1847 2219 futuen-

259 2264 353 2316 tes,
386 2253 578 2322 inquit,
610 2254 794 2324 faciem
823 2252 1095 2322 Stephani,
1124 2254 1356 2309 viderunt
1380 2263 1637 2325 tamquam
1664 2258 1848 2327 [aciem

257 2345 430 2414 angeli
459 2343 654 2414 (Actor.
677 2345 730 2400 5.
758 2345 868 2415 15).
893 2347 1225 2413 Quamquam
1264 2345 1398 2401 nihil
1428 2348 1565 2401 istud
1590 2357 1708 2402 erat
1739 2363 1848 2417 prae

259 2435 428 2506 gloria
449 2449 534 2500 ea,
566 2451 686 2505 qua:
724 2435 934 2490 interne
963 2437 1236 2492 rutilabat.
1265 2436 1398 2492 Nam
1426 2438 1568 2508 quod
1597 2438 1769 2493 Moses
1793 2439 1847 2494 in

261 2526 412 2580 vultu
456 2525 713 2591 habebat,
769 2525 869 2580 hoc
921 2527 1010 2582 isti
1053 2527 1106 2582 in
1149 2529 1327 2582 anima
1379 2529 1846 2597 circumferebant,

260 2627 424 2686 atque
449 2617 582 2673 adeo
607 2620 774 2672 multo
803 2619 1052 2690 amplius.
1087 2619 1297 2675 Etenim
1318 2621 1371 2676 id
1396 2621 1538 2691 quod
1569 2622 1700 2676 Mosi
1723 2638 1850 2677 con-

267 2709 524 2776 tingebat,
554 2711 734 2763 sensui
761 2710 1060 2777 subjectum
1091 2719 1209 2766 erat
1234 2728 1250 2776 ;
1277 2711 1378 2768 hoc
1407 2724 1586 2767 autem
1608 2715 1851 2782 corporis

264 2815 458 2868 expers
484 2809 584 2854 est.
618 2799 686 2854 Et
718 2801 856 2855 sicut
891 2801 1044 2871 ignea
1070 2816 1320 2872 corpora,
1360 2819 1389 2857 a
1417 2804 1713 2873 splendidis
1732 2821 1852 2861 coro

269 2891 488 2959 poribus
515 2891 568 2944 i-n
609 2891 659 2944 id
700 2891 844 2961 quod
871 2894 1225 2965 propinquum
1252 2903 1335 2949 est
1372 2895 1682 2963 defluentia,
1725 2897 1854 2966 ipsis

265 2998 480 3054 quoque
507 2982 847 3052 splendorem
883 2998 1038 3038 suum
1070 2986 1423 3055 impertiont:
1457 2988 1646 3042 eodem
1694 2989 1854 3042 modo

269 3074 322 3128 in
367 3073 616 3129 fidelibus
654 3089 868 3143 quoque
908 3091 1007 3129 usu
1031 3077 1199 3131 venit.
1229 3077 1310 3131 0b
1333 3092 1557 3146 eamque
1584 3092 1798 3133 causam
1823 3094 1855 3136 a

272 3175 412 3218 terra
439 3161 754 3228 abscedunt,
783 3165 873 3234 qui
897 3165 970 3220 ita
995 3165 1179 3221 affecti
1205 3175 1348 3232 sunt,
1376 3168 1718 3238 cmlestiaque
1739 3170 1855 3224 sola

273 3257 404 3322 ipsis
434 3257 486 3310 in
513 3265 693 3311 mente
717 3267 1020 3312 versantur.
1049 3259 1148 3314 Hei
1178 3259 1342 3315 mihi!
1377 3262 1463 3318 hic
1489 3263 1632 3317 enim
1664 3264 1857 3319 acerbe

269 3362 484 3417 quoque
531 3348 884 3418 ingemiscere
940 3349 1221 3420 pulchrum
1276 3351 1459 3415 fuerit,
1516 3354 1680 3424 quod,
1735 3369 1857 3408 cum

273 3447 420 3493 tanta
450 3439 726 3496 nobilitate
754 3439 963 3510 praediti
991 3440 1183 3509 simus,
1227 3451 1402 3498 tamen
1436 3459 1502 3499 ne
1545 3458 1606 3499 ea
1644 3445 1858 3517 quidem

271 3545 393 3600 quae
418 3531 671 3586 dicuntur
695 3532 964 3599 novimus,
1007 3533 1130 3602 quia
1157 3533 1436 3590 confestim
1466 3535 1563 3590 has
1594 3550 1679 3591 res
1707 3537 1861 3591 nobis

275 3625 452 3695 perire
474 3625 718 3689 sinimus,
747 3631 908 3694 atque
936 3625 1000 3686 iis
1021 3641 1139 3694 quze
1162 3627 1214 3681 in
1241 3641 1456 3683 sensum
1477 3629 1671 3684 cadunt
1692 3629 1864 3684 inhia-

275 3731 414 3770 mus.
445 3717 650 3772 Arcana
679 3715 821 3771 enim
851 3715 966 3771 haec
1002 3727 1054 3772 et
1082 3719 1357 3775 tremenda
1400 3721 1564 3790 gloria
1605 3725 1669 3775 ad
1701 3739 1862 3778 unum

276 3810 492 3879 quidem
521 3821 611 3864 aut
639 3811 866 3865 alterum
905 3810 1045 3866 diem
1089 3811 1142 3864 in
1184 3812 1335 3867 nobis
1365 3823 1580 3878 manet;
1607 3815 1864 3885 deinceps

275 3912 455 3956 autem
499 3917 617 3956 eam
659 3901 1064 3971 exstinguimus,
1094 3902 1222 3957 dum
1263 3903 1596 3973 negotiorum
1646 3905 1864 3974 hujusce

277 3991 399 4045 vita:
433 4001 800 4059 tempestatem
832 3992 1175 4057 accersimus,
1212 4007 1276 4048 ac
1305 4009 1398 4063 per
1437 3994 1654 4049 nubium
1684 3996 1866 4052 densi-

277 4092 442 4138 tatem
473 4084 652 4138 radios
671 4085 1058 4154 propulsamus.

353 4177 482 4231 Haec
508 4178 609 4230 vita
643 4188 908 4248 tempestas
935 4188 1112 4234 est.—
1130 4179 1442 4248 Tempestas
1470 4181 1610 4235 enim
1649 4196 1737 4236 res
1765 4181 1866 4235 hu-

275 4270 428 4338 jusce
453 4271 576 4323 vita:
605 4280 745 4334 sunt,
777 4285 839 4325 ac
866 4281 1177 4340 tempestate
1211 4271 1489 4326 tristiores.
1517 4271 1698 4342 Neque
1723 4272 1864 4326 enim

282 4363 410 4418 hinc
439 4362 604 4432 frigus
633 4363 820 4428 oritur,
851 4378 947 4419 nec
975 4364 1147 4433 pluvia
1179 4365 1462 4419 neclutum
1481 4379 1545 4418 ac
1576 4365 1868 4434 profundos

282 4457 464 4522 limus,
496 4456 612 4520 sed,
655 4472 773 4527 qure
815 4457 895 4511 his
924 4457 1170 4512 omnibus
1215 4457 1458 4525 graviora
1501 4467 1646 4525 sunt,
1676 4474 1870 4529 nempe

280 4548 524 4617 gehenna
569 4556 623 4603 et
664 4550 923 4618 gehennae
965 4549 1122 4602 mala.
1156 4547 1224 4604 Et
1248 4551 1694 4619 quemadmodum
1715 4567 1870 4622 gras-

283 4648 437 4693 sante
452 4640 716 4694 acerrimo
738 4639 934 4710 frigore
959 4639 1194 4694 membra
1213 4641 1392 4695 omnia
1408 4653 1780 4710 concrescunt,
1809 4659 1872 4699 ac

285 4742 494 4785 mortua
519 4742 644 4786 sunt
672 4748 686 4784 :
713 4733 790 4787 sic
817 4733 975 4786 etiam
1003 4731 1214 4787 animus
1241 4734 1291 4788 in
1307 4745 1644 4804 peccatorum
1673 4734 1872 4806 frigore

284 4825 731 4889 contremiscens,
749 4823 950 4878 nullum
973 4839 1166 4879 munus
1180 4840 1334 4879 suum
1366 4827 1691 4896 exsequitur,
1708 4828 1869 4898 utqui

283 4914 533 4969 videlicet
549 4915 873 4970 conscientia
889 4929 952 4970 ac
964 4916 1006 4970 si
1027 4917 1144 4985 gelu
1162 4929 1443 4972 concretos
1456 4917 1540 4970 sit.
1559 4917 1709 4986 Quod
1728 4921 1868 4973 enim

283 5005 498 5071 corpori
530 5003 697 5074 frigus
715 5015 819 5070 est,
841 5005 945 5061 hoc
973 5006 1153 5060 animo
1174 5007 1310 5061 mala
1337 5009 1659 5062 conscientia
1690 5027 1703 5063 :
1733 5010 1875 5065 unde

285 5095 447 5147 etiam
481 5095 732 5149 timiditas
760 5097 989 5151 exsistit.
1011 5096 1149 5150 Nihil
1181 5099 1324 5152 enim
1351 5099 1564 5153 homine
1593 5099 1876 5154 mundanis

285 5185 448 5239 rebus
474 5185 634 5240 affixo
661 5186 894 5242 timidius
933 5187 1057 5255 fingi
1086 5198 1257 5256 potest
1290 5207 1304 5243 ι
1338 5204 1457 5242 nam
1496 5190 1586 5260 qui
1613 5189 1876 5258 ejusmodi

285 5286 389 5341 est,
431 5285 490 5329 ιιι
528 5275 661 5330 Cain
705 5277 854 5342 vivit,
891 5277 1127 5348 quotidie
1173 5288 1404 5332 tremens
1433 5277 1584 5350 (Gen.
1626 5279 1708 5350 4).
1739 5279 1876 5347 Quid

286 5378 463 5420 autem
503 5377 703 5422 mortes
740 5376 797 5422 et
824 5368 1142 5424 detrimenta
1170 5377 1226 5423 ει
1253 5368 1576 5423 offensiones
1605 5379 1660 5423 et
1691 5385 1878 5425 asseu-

289 5457 522 5512 tationes
564 5467 618 5514 et
663 5460 918 5529 obsequia
970 5459 1428 5514 commemorem?
1477 5475 1622 5525 nam,
1665 5470 1722 5514 ut
1765 5460 1881 5517 haec

288 5549 552 5611 omittam,
578 5561 856 5606 sescentas
879 5552 1196 5606 mutationes
1221 5551 1537 5604 extimescit.
1564 5553 1736 5623 Atque
1755 5568 1876 5610 arca

1306 115 1374 171 IN
1412 112 1629 171 EPIST.
1671 113 1718 171 Il
1778 115 1870 172 AD
1905 115 2064 175 COR.
2106 117 2336 176 HOMIL.
2382 122 2489 178 νη.

3417 140 3526 196 450

1940 233 2152 306 quidem
2179 251 2312 291 auro
2345 238 2538 293 referta
2582 248 2686 305 est,
2732 242 2940 298 animus
2982 256 3158 302 autem
3199 260 3526 322 paupertatis

1937 337 2080 383 metu
2107 328 2326 384 minime
2346 340 2533 396 vacat;
2555 347 2618 386 ac
2644 335 2836 389 merito
2857 338 3090 406 quidem.
3116 341 3172 395 ln
3193 343 3356 398 rebus
3379 348 3522 401 enim

1939 420 2220 475 imbecillis
2269 431 2323 476 ct
2368 440 2487 493 quae
2540 426 2692 480 facile
2742 438 3012 484 imitentur
3060 447 3310 488 ancoram
3359 435 3520 506 figit:

1937 514 2144 568 etiamsi
2178 517 2290 584 ipse
2331 517 2660 588 naufragium
2703 535 2810 575 non
2840 525 3085 590 patiatur,
3119 526 3168 578 in
3195 528 3314 582 aliis
3345 538 3525 586 tamen

1938 603 1990 658 id
2019 607 2368 674 perspiciens,
2399 609 2769 677 examinator;
2803 622 2960 682 atque
2988 625 3045 667 ut
3076 616 3273 682 ingenti
3323 619 3525 674 timidi-

1939 706 2068 762 tate,
2111 698 2178 751 ita
2208 699 2406 767 ingenti
2437 701 2642 770 ignavia
2684 703 2907 758 laborat.
2940 705 3124 775 Neque
3152 707 3298 762 enim
3339 710 3525 778 hujus-

1938 789 2082 844 modi
2122 789 2284 844 homo
2325 791 2377 844 in
2425 793 2674 861 periculis
2719 797 3012 859 dumtaxat,
3047 797 3140 852 sed
3180 798 3234 852 in
3277 801 3526 855 omnibus

1938 881 2058 934 aliis
2084 882 2305 951 ignavus
2331 893 2430 937 est.
2461 884 2591 939 Nam
2620 886 2664 939 si
2695 889 3039 954 pecuniarum
3068 889 3332 958 cupiditas
3353 890 3526 946 irrue-

1940 973 2029 1037 rit,
2061 990 2166 1028 non
2210 985 2266 1029 ut
2293 977 2551 1046 ingenuus
2579 980 2662 1032 vir
2691 981 2948 1052 impetum
2993 983 3300 1051 propulsat;
3345 984 3439 1039 sed
3469 993 3526 1038 ut

1941 1065 2114 1133 pretio
2137 1076 2373 1135 emptum
2398 1069 2719 1136 mancipium
2737 1072 2947 1139 quidvis
2966 1071 3107 1138 facit,
3127 1074 3364 1128 avaritia:
3387 1083 3525 1127 tam-

1939 1170 2098 1224 quam
2125 1158 2332 1212 acerba:
2354 1160 2583 1214 domina:
2612 1163 2873 1217 serviens.
2901 1163 2956 1218 Si
2981 1164 3267 1220 formosam
3292 1167 3524 1235 aliquam

1941 1245 2170 1312 puellam
2185 1250 2520 1318 conspicatus
2535 1251 2711 1316 fuerit,
2735 1255 2973 1321 protinus
2990 1263 3176 1324 captus
3194 1257 3527 1324 trepidat,ra-

1940 1335 2158 1406 bidique
2189 1341 2340 1393 canis
2366 1339 2420 1394 in
2450 1356 2654 1396 morem
2678 1357 2795 1397 eam
2819 1345 3075 1417 sequitur,
3099 1355 3221 1395 cum
3241 1351 3431 1398 contra
3454 1348 3524 1396 ta-

1944 1421 2196 1477 ciendum
2221 1422 2314 1477 sit.

2023 1509 2077 1566 6.
2117 1509 2331 1566 Etenim
2360 1525 2486 1567 cum
2527 1511 2830 1570 formosam
2866 1515 3150 1570 mulierem
3200 1519 3416 1585 cernis,
3461 1537 3528 1575 ne

1953 1603 2056 1657 hoc
2088 1613 2302 1673 spectes
2325 1607 2601 1672 quomodo
2631 1606 2948 1676 cupiditatis
2981 1617 3088 1660 tua!
3130 1622 3355 1678 compos
3399 1612 3522 1674 fias,

1950 1697 2043 1750 sed
2062 1695 2338 1764 quomodo
2358 1697 2651 1766 cupiditate
2671 1699 2938 1755 libereris.
2971 1699 3035 1753 Et
3052 1716 3290 1770 quanam
3313 1704 3525 1758 ratione

1950 1790 2052 1844 hoc
2085 1791 2198 1844 fieri
2229 1790 2422 1859 possit,
2446 1792 2696 1862 inquies?
2722 1809 2898 1863 neque
2927 1793 3071 1847 enim
3102 1809 3286 1848 amare
3311 1798 3416 1849 mei
3440 1808 3526 1850 est

1951 1883 2180 1938 arbitrii.
2209 1883 2380 1953 Cujus
2409 1899 2540 1953 ergo
2567 1925 2583 1950 ,
2621 1885 2709 1939 dic
2743 1885 2913 1939 mihi?
2946 1885 3186 1940 lnsultus
3234 1885 3514 1939 dtemonis.

1952 1974 2186 2030 Omnino
2206 1975 2369 2045 igitur
2383 1975 2684 2030 daemonem
2704 1991 2826 2031 esse
2845 1977 3154 2039 arbitraris,
3182 1978 3274 2046 qui
3294 1975 3521 2030 insidias

1950 2069 2169 2124 struat?
2189 2067 2422 2124 Luctare
2444 2070 2626 2140 igitur,
2651 2085 2714 2124 ac
2731 2085 2910 2138 pugna
2930 2086 3052 2123 cum
3078 2075 3291 2124 morbo.
3317 2069 3384 2122 At
3409 2083 3518 2122 non

1949 2166 2189 2222 possum,
2232 2153 2459 2221 inquies.
2491 2155 2603 2224 Age
2633 2155 2790 2224 igitur
2827 2155 2927 2209 hoc
2968 2157 3199 2225 primum
3228 2169 3278 2213 te
3311 2159 3532 2215 docebi-

1949 2261 2090 2313 mus,
2121 2247 2345 2317 ignavim
2367 2256 2470 2302 tua:
2498 2262 2617 2302 esse
2649 2248 2698 2302 id
2725 2249 2868 2318 quod
2902 2251 2994 2304 tibi
3034 2252 3248 2317 accidit,
3286 2261 3443 2324 teque
3468 2253 3536 2308 ab

1953 2340 2103 2394 initio
2124 2339 2354 2395 darmoni
2380 2341 2582 2396 aditum
2610 2342 2921 2411 praebuisse,
2950 2359 3012 2398 ac
3032 2359 3192 2408 nunc,
3219 2345 3263 2400 si
3289 2346 3536 2400 voluntas

1952 2432 2022 2485 ita
2051 2431 2252 2499 tulerit,
2281 2447 2404 2486 eum
2442 2431 2694 2489 facillime
2720 2434 3022 2503 propellere
3048 2450 3226 2505 posse.
3259 2437 3349 2492 Dic
3380 2437 3532 2503 mihi,

1951 2522 2039 2591 qui
2067 2521 2385 2577 adulterium
2414 2533 2744 2594 perpetrant,
2770 2535 2943 2579 utrum
2969 2541 3152 2582 amore
3175 2527 3318 2582 ducti
3342 2528 3391 2583 id
3418 2545 3536 2598 per-

1953 2623 2198 2685 petrant,
2256 2630 2324 2670 an
2377 2616 2520 2686 quod
2577 2618 2889 2687 simpliciter
2951 2620 3183 2688 pericula
3248 2624 3538 2691 expetant?

1955 2709 2152 2760 Amore
2197 2705 2341 2761 ducti
2383 2706 2523 2761 haud
2567 2706 2744 2762 dubie.
2778 2709 2913 2763 Num
2960 2709 3123 2779 igitur
3166 2712 3377 2766 veniam
3408 2727 3529 2782 pro-

1953 2805 2137 2866 pterea
2167 2797 2455 2853 obtinent?
2498 2799 2734 2855 Minime.
2776 2801 2911 2868 Quid
2947 2803 3062 2856 ita?
3091 2804 3352 2869 Quoniam
3397 2804 3539 2874 ἱρεο-

1954 2903 2072 2944 rum
2114 2898 2196 2943 est
2242 2900 2540 2958 peccatum.
2574 2894 2642 2946 At
2675 2892 2800 2960 quid
2846 2893 3185 2963 syllogismos
3229 2895 3428 2952 nectis?
3461 2899 3542 2950 in-

1956 2984 2424 3052 quies;conscius
2463 2983 2592 3037 mihi
2643 2984 2760 3054 ipse
2803 2999 2944 3049 sum,
2978 3003 3064 3041 me
3110 2987 3358 3042 affectum
3401 2987 3542 3042 hunc

1957 3074 2278 3130 submovere
2297 3075 2455 3139 velle,
2489 3089 2589 3130 nec
2614 3082 2792 3131 tamen
2821 3077 2872 3130 id
2903 3093 3140 3146 possum,
3165 3081 3259 3135 sed
3291 3080 3342 3135 id
3367 3081 3544 3135 immi-

1961 3175 2071 3227 net,
2101 3166 2441 3237 graviterque
2461 3182 2549 3222 me
2575 3168 2771 3237 premit
2800 3178 2846 3222 et
2876 3173 3170 3227 excruciat.
3196 3172 3290 3228 Vis
3327 3174 3542 3243 quidem

1961 3258 2113 3324 illud,
2145 3273 2178 3313 ο
2210 3259 2390 3325 homo,
2427 3259 2782 3325 submovere;
2813 3271 2869 3315 at
2899 3277 3003 3316 non
3033 3278 3094 3318 ea
3121 3264 3275 3330 facis,
3305 3282 3426 3336 quae
3455 3283 3545 3322 re-

1964 3349 2165 3418 pellere
2193 3350 2432 3418 possint;
2457 3366 2643 3406 verum
2677 3351 2896 3420 perinde
2927 3353 3078 3420 facis,
3112 3363 3169 3408 ut
3193 3357 3236 3410 si
3259 3359 3377 3426 quis
3409 3359 3550 3417 febri

1963 3451 2263 3509 correptos,
2295 3457 2356 3495 ac
2397 3455 2516 3497 sese
2555 3441 2745 3509 frigida
2781 3457 2917 3511 aqua
2962 3444 3311 3515 ingurgitans,
3353 3449 3491 3506 dicat
3523 3469 3535 3504 :

1963 3534 2168 3600 Quanta
2197 3535 2596 3599 comminiscor,
2629 3533 2754 3588 dum
2787 3535 2974 3589 febrim
2997 3539 3334 3609 exstinguere
3359 3543 3549 3597 studeo

1965 3639 2066 3680 nec
2091 3640 2332 3693 possum,
2361 3624 2454 3678 sed
2483 3624 2747 3677 flammam
2776 3625 2952 3693 petios
2979 3643 3150 3680 meam
3182 3632 3458 3685 accendo?

2036 3716 2341 3787 Cupiditafis
2362 3717 2738 3787 exstinguenda:
2767 3718 2965 3770 modus.
2989 3748 3061 3757 —
3081 3719 3366 3776 Videamus
3395 3725 3553 3794 igitur

1968 3824 2093 3864 nmn
2127 3818 2183 3861 tu
2211 3822 2423 3877 quoque
2450 3823 2511 3861 ea
2557 3807 2742 3872 facias,
2770 3823 2889 3877 quae
2920 3810 3164 3864 morbum
3196 3811 3550 3883 inflamment,

1968 3917 2088 3956 cum
2124 3908 2175 3956 te
2214 3915 2276 3954 ea
2306 3900 2612 3968 excogitare
2655 3908 2828 3968 putes,
2870 3916 2988 3968 qua:
3017 3903 3380 3973 exstinguant.
3410 3905 3551 3972 Non,

1970 3993 2166 4062 inquis.
2192 3992 2283 4046 Die
2305 3992 2484 4058 igitur,
2513 3989 2788 4060 quidnam,
2815 4001 2871 4045 ut
2895 3993 3135 4046 morbum
3159 3997 3550 4066 exstingueres,

1971 4085 2147 4139 facere
2179 4099 2427 4153 umquam
2455 4099 2516 4137 es
2545 4090 2773 4144 conatus
2794 4083 2817 4136 ?
2839 4083 2963 4152 quid
2990 4095 3166 4140 autem
3199 4088 3418 4142 omnino
3446 4102 3551 4155 εει,

1971 4176 2111 4247 quod
2153 4175 2398 4229 morbum
2437 4176 2672 4245 augeat?
2697 4173 2929 4240 Etenim,
2973 4176 3094 4232 licet
3125 4193 3228 4232 non
3259 4193 3446 4235 omnes
3474 4183 3556 4236 his

1971 4266 2286 4322 criminibus
2320 4265 2538 4320 obnoxii
2564 4267 2734 4320 simus
2773 4265 2979 4335 (plures
3001 4268 3145 4322 enim
3185 4272 3421 4339 reperire
3449 4284 3552 4340 est,

1973 4360 2061 4427 qui
2095 4357 2441 4427 pecuniarum
2471 4371 2631 4426 quam
2676 4357 2766 4426 qui
2804 4371 3089 4426 corporum
3124 4375 3307 4418 amore
3338 4372 3556 4418 tenean-

1975 4452 2122 4519 tur);
2163 4463 2447 4504 commune
2479 4456 2656 4503 tamen
2686 4449 2955 4515 omnibus,
3005 4460 3109 4504 tam
3152 4452 3233 4506 his
3261 4469 3418 4524 quam
3451 4456 3558 4511 illis

1975 4542 2272 4598 remedium
2305 4547 2651 4610 proponetur.
2701 4539 2834 4593 Nam
2874 4549 2930 4594 et
2975 4539 3066 4595 ille
3103 4557 3256 4598 amor
3295 4544 3560 4604 absurdos

1976 4642 2080 4700 est,
2109 4643 2163 4688 et
2188 4631 2274 4686 hic
2311 4647 2558 4702 quoque;
2589 4646 2773 4686 verum
2808 4630 2892 4686 hic
2933 4631 3028 4687 illo
3059 4634 3236 4689 acrior
3260 4644 3346 4690 est
3379 4652 3443 4693 ac
3469 4654 3561 4693 ve-

1979 4725 2297 4780 hementior.
2321 4725 2680 4791 Quamobrem
2712 4725 2753 4778 si
2792 4723 3048 4794 majorem
3082 4731 3514 4795 superaverimus
3539 4773 3556 4799 ,
3597 4781 3604 4800 ,

1978 4834 2084 4873 non
2112 4828 2196 4872 est
2223 4817 2442 4872 dubium
2468 4817 2594 4887 quin
2639 4816 2900 4869 minorem
2935 4832 3147 4887 quoque
3186 4818 3341 4875 facile
3378 4823 3560 4876 vinca-

1975 4898 2120 4966 imus.
2165 4910 2254 4974 At,
2286 4909 2512 4978 inquies,
2550 4909 2592 4962 si
2620 4907 2795 4961 acrior
2835 4907 2919 4961 hic
2952 4924 3103 4962 amor
3129 4920 3231 4973 est,
3265 4913 3471 4982 quifit,
3505 4923 3595 4993 uti

1981 5017 2087 5057 non
2115 5016 2304 5055 omnes
2334 5000 2434 5054 hoc
2459 4999 2600 5052 malo
2625 4997 3007 5066 corripiantur,
3042 5001 3135 5056 sed
3182 5003 3361 5072 plores
3387 5005 3453 5060 ad
3481 5001 3589 5072 ἱιιςξ

1982 5095 2185 5147 saniam
2217 5105 2384 5160 usque
2409 5089 2662 5160 pecunias
2679 5090 2902 5143 ament?
2924 5090 3158 5146 Primum
3187 5096 3306 5163 quia
3329 5097 3557 5165 periculo

1983 5198 2169 5238 carere
2195 5181 2404 5234 videtur
2436 5181 2550 5239 haec
2587 5180 2886 5249 cupiditas;
2928 5181 3123 5238 deinde
3157 5187 3430 5254 quoniam,
3465 5187 3566 5241 etsi

1984 5287 2275 5344 corporum
2296 5271 2562 5342 cupiditas
2601 5272 2779 5326 acrior
2804 5284 2910 5338 est,
2954 5282 3132 5328 tamen
3167 5276 3326 5329 citius
3359 5277 3566 5330 exstin-

1987 5367 2185 5438 guitur.
2231 5364 2362 5420 Nam
2399 5366 2442 5419 si
2485 5374 2768 5434 perstaret.
2811 5374 2868 5424 ut
2895 5367 3242 5435 pecuniarum
3282 5368 3567 5438 cupiditas,

1989 5477 2110 5518 eum
2137 5459 2226 5532 qui
2257 5469 2444 5530 captus
2471 5467 2614 5513 esset
2651 5456 2891 5511 funditus
2932 5457 3198 5525 perderet.
3237 5461 3349 5531 Age
3386 5461 3565 5531 igitur,

1996 5553 2062 5608 de
2090 5553 2190 5608 hoc
2219 5565 2503 5622 corporum
2526 5563 2710 5604 amore
2730 5547 2795 5601 ad
2821 5563 2915 5603 vos
2939 5547 3284 5618 disseramus,
3305 5565 3368 5607 ac
3389 5551 3572 5609 videtr
