4090 6216
577 212 675 269 451

577 345 697 386 mus
727 325 990 380 undenam
1035 323 1419 376 incrementum
1447 322 1625 369 sumat
1668 313 1770 366 hoc
1814 311 2049 364 malum:
2080 308 2158 362 sic

576 422 716 475 enim
773 425 1109 487 perspectum
1162 409 1497 469 habebimus,
1551 416 1732 459 utrum
1774 403 1931 470 culpa
1976 411 2160 454 nostra

575 510 941 568 contrahatur,
979 517 1148 559 necne
1181 523 1196 557 :
1224 514 1306 559 ac.
1338 499 1382 553 si
1413 498 1566 566 culpa
1597 503 1777 549 nostra
1801 490 2160 554 contrahitur,

575 601 705 658 nihil
737 617 840 652 non
888 598 1164 657 faciamus,
1199 608 1306 661 quo
1328 590 1634 657 superiores
1664 601 1729 640 eo
1767 586 1970 646 simus;
1999 581 2042 633 si
2071 596 2165 632 au-

576 704 681 746 tem
710 699 858 742 extra
886 687 1096 753 culpam
1134 698 1340 745 sumus,
1370 679 1496 750 quid
1530 677 1724 730 frustra
1760 674 2010 742 nosipsos
2051 685 2165 724 ma—

573 779 855 836 eeramus?
886 777 1010 844 quid
1038 778 1164 830 item
1196 775 1280 840 iis,
1320 773 1409 841 qui
1440 785 1505 824 eo
1533 770 1840 837 capiuntur,
1877 779 1980 817 non
2014 761 2164 832 igno-

574 875 774 928 scimus
824 870 1032 939 potins,
1092 882 1249 936 quam
1317 860 1742 918 succensemus?
1797 857 1950 913 Unde
2006 856 2164 924 igitur

576 966 812 1019 nascitur
862 962 947 1015 hic
991 958 1184 1013 amor?
1231 957 1312 1011 Ab
1357 955 1618 1024 elegantia
1673 951 1880 1012 formae,
1930 948 2150 1017 inquies

574 1071 693 1108 cum
723 1053 930 1108 scilicet
959 1052 1174 1118 pulchra
1204 1057 1260 1100 et
1292 1055 1512 1100 venusta
1535 1060 1594 1098 ea
1619 1044 1796 1105 fuerit,
1829 1055 1946 1108 qtne
1969 1039 2165 1092 vulnus

577 1148 739 1202 infert
780 1144 1069 1198 Frustraet
1092 1153 1293 1208 temere
1319 1135 1744 1192 lueedieis.Nam
1772 1134 1815 1186 si
1850 1134 2030 1186 forma-
2056 1130 2165 1198 pul-

578 1237 824 1293 chritudo
851 1245 1117 1287 amatores
1139 1209 1396 1291 alliceret,
1427 1243 1616 1282 omnes
1645 1227 1866 1279 haberet
1895 1230 2162 1276 amatores

577 1331 692 1384 inec
723 1330 892 1398 puella
923 1345 936 1378 :
969 1326 1108 1396 quod
1138 1326 1180 1378 si
1219 1340 1322 1377 non
1364 1336 1552 1376 omnes
1585 1320 1765 1382 habet,
1798 1314 2024 1385 proinde
2062 1327 2162 1368 nee

577 1433 780 1475 natura-
808 1435 904 1472 nec
933 1419 1158 1486 eleganti
1185 1417 1387 1475 formae,
1413 1413 1505 1467 scd
1530 1410 1811 1480 impudicis
1833 1410 2000 1462 oculis
2021 1405 2162 1461 istud

535 1536 537 1538 ·
576 1510 985 1566 adscribendum
1016 1516 1116 1563 est.
1149 1506 1278 1560 Nam
1305 1521 1426 1560 eum
1451 1519 1568 1558 eam
1595 1505 1809 1556 curiose
1834 1501 2048 1553 intuens
2074 1513 2168 1551 su-

575 1603 838 1674 spexeris,
880 1612 1038 1671 atque
1073 1599 1361 1662 adamaris,
1393 1597 1552 1650 telum
1581 1593 1860 1663 excepisti.
1903 1592 2159 1658 Quisnam

575 1710 776 1761 autem,
808 1696 1036 1763 inquies,
1063 1691 1238 1745 facere
1267 1691 1454 1758 possit,
1489 1696 1543 1740 nt
1571 1687 1846 1755 pulchram
1880 1683 2160 1736 mulierem

575 1803 824 1847 cernens,
873 1800 976 1837 non
1006 1797 1124 1836 eam
1169 1779 1377 1833 laudet?
1407 1779 1522 1846 Quo
1565 1778 1640 1843 lit,
1678 1785 1736 1830 ut
1773 1791 1894 1829 cum
1933 1789 2020 1829 res
2063 1772 2164 1826 hu-

573 1877 805 1948 jusmodi
860 1873 1064 1937 mirari,
1107 1871 1398 1923 voluntatis
1449 1877 1647 1922 nostrae
1695 1867 1916 1921 minime
1961 1865 2052 1927 sit,
2095 1877 2162 1916 ne

576 1987 727 2024 amor
753 1968 966 2038 quidem
1011 1967 1062 2018 in
1094 1975 1282 2019 nostro
1321 1963 1544 2016 arbitrio
1574 1961 1711 2015 situs
1740 1960 1830 2014 sit.
1862 1957 2096 2021 Absiste,
2128 1969 2163 2010 ο

575 2063 771 2115 homo!
817 2059 953 2126 Quid
985 2058 1163 2112 omnia
1191 2056 1347 2109 simul
1386 2053 1687 2117 confundis,
1720 2050 1955 2120 undique
1982 2049 2034 2102 in
2069 2062 2165 2101 or-

575 2157 694 2210 bem
718 2168 1030 2215 excurrens,
1059 2167 1157 2205 nec
1186 2149 1309 2203 mali
1339 2147 1571 2201 radicem
1604 2143 1909 2214 perspicere
1936 2141 2162 2194 volens?

576 2248 836 2317 siquidem
887 2245 1173 2314 plerosque
1213 2240 1387 2302 video,
1437 2237 1526 2307 qui
1570 2239 1794 2289 formam
1828 2232 2164 2286 admirentur

575 2355 638 2394 ac
667 2339 912 2393 laudibus
960 2336 1205 2399 ell'erant,
1241 2349 1339 2386 nec
1367 2343 1544 2386 tamen
1585 2337 1786 2383 ament.
1833 2328 1897 2382 Et
1924 2327 2013 2396 qui
2046 2325 2162 2380 licri

576 2444 771 2504 potcSt,
805 2431 1002 2500 inquis,
1034 2429 1197 2498 utqui
1231 2427 1513 2484 mirantur,
1549 2439 1651 2477 non
1685 2423 1808 2476 item
1845 2419 2062 2473 ament?
2084 2417 2161 2473 Ne

575 2524 924 2586 tumultuare,
955 2535 1168 2590 qttzeso;
1217 2517 1317 2572 hoc
1344 2517 1486 2570 enim
1525 2514 1702 2568 dicere
1743 2527 1911 2582 paro;
1942 2509 2035 2565 sed
2067 2525 2163 2564 ex-

575 2623 780 2685 specta,
811 2623 862 2666 et
892 2612 1075 2666 audies
1118 2609 1341 2671 Mosem,
1387 2606 1551 2660 lilimn
1593 2604 1760 2659 Jacob
1782 2603 2156 2666 admirantem,

573 2724 635 2759 ac
664 2707 928 2759 dicentem
957 2721 968 2754 :
1000 2701 1065 2755 Et
1090 2710 1195 2754 erat
1223 2700 1418 2768 Ioseph
1445 2697 1658 2766 pulchra
1682 2695 1833 2764 facie,
1873 2704 1919 2746 et
1953 2702 2161 2762 aspectu

576 2797 788 2850 decorus
817 2796 962 2847 valde
991 2791 1141 2860 (Gen.
1184 2789 1272 2844 59.
1314 2791 1391 2857 6).
1431 2787 1568 2842 Num
1601 2788 1759 2855 igitur
1799 2798 2080 2855 prepterea
2114 2784 2158 2839 is

573 2890 805 2953 amabat,
829 2888 916 2952 qui
941 2885 1052 2938 lncc
1073 2882 1315 2936 dicebat?
1340 2879 1574 2934 Minime.
1599 2878 1712 2933 Non
1737 2879 1901 2942 enim,
1927 2876 2156 2945 inquies,

573 2996 696 3035 cum
749 2992 904 3045 quem
962 2974 1206 3028 laudabat
1261 2974 1533 3026 cernebat.
1579 2971 1737 3039 Atqui
1785 2984 1911 3038 erga
1951 2968 2159 3021 auditas

572 3085 782 3142 quoque
812 3071 1008 3120 formas
1038 3067 1105 3118 ita
1137 3061 1530 3134 quodammodo
1556 3060 1840 3125 aflicimur,
1873 3073 1976 3112 non
2001 3057 2158 3112 modo

573 3179 696 3230 erga
728 3169 1062 3229 conSpectas.
1106 3156 1300 3210 Verum
1331 3171 1396 3208 ne
1437 3153 1567 3207 mihi
1608 3154 1659 3207 in
1706 3151 1789 3206 his
1835 3151 1995 3205 rebus
2024 3166 2156 3205 con-

573 3256 863 3309 tentionem
889 3265 1102 3303 moveas
1132 3267 1146 3311 ;
1178 3261 1356 3300 annon
1383 3245 1544 3299 David
1572 3244 1859 3298 admodum
1891 3244 2158 3297 formosus

572 3358 707 3408 erat,
739 3361 803 3400 ac
833 3342 1084 3399 subrufus
1109 3356 1230 3395 cum
1263 3341 1538 3393 oculorum
1571 3337 2010 3406 pulchritudine?
2039 3352 2158 3405 qua:

572 3442 846 3494 oculorum
888 3435 1146 3505 elegantia
1187 3433 1417 3486 maxime
1462 3431 1694 3484 violenta
1740 3428 2157 3498 pulchritudinis

477 3577 488 3586 .
572 3548 697 3603 pars
741 3540 840 3583 est.
887 3527 1020 3580 Num
1065 3526 1222 3595 igitur
1261 3523 1524 3593 quispiam
1557 3521 1722 3591 ipsius
1753 3533 1941 3574 amore
1970 3528 2158 3585 captus

571 3624 694 3680 est?
725 3622 939 3675 Minime
968 3638 980 3672 :
1009 3635 1113 3672 non
1139 3619 1296 3686 igitur
1325 3631 1428 3670 una
1458 3629 1577 3669 cum
1617 3613 1968 3667 admiratione
2006 3629 2159 3668 amor

571 3715 732 3770 etiam
761 3712 1014 3765 nascitur.
1051 3708 1182 3762 Nam
1222 3717 1275 3761 et
1303 3719 1500 3761 matres
1531 3707 1682 3760 multi
1711 3705 2013 3759 habuerunt
2039 3720 2161 3758 cor-

575 3807 717 3876 poris
759 3801 1148 3873 pulchritudine
1182 3799 1585 3854 llorentissimas
1628 3815 1641 3850 :
1684 3814 1809 3852 num
1861 3797 2020 3867 igitur
2064 3798 2156 3851 lilii

571 3912 754 3952 earum
786 3909 968 3947 amore
997 3893 1196 3948 incensi
1226 3891 1381 3944 sunt?
1422 3891 1574 3944 Absit
1619 3889 1781 3943 istud.
1824 3889 2154 3958 Quamquam

571 3993 713 4046 etaim
754 3987 802 4043 id
831 3986 971 4057 quod
1013 3994 1240 4039 cernunt
1277 3983 1628 4045 admirentur,
1665 3991 1840 4035 tamen
1875 3982 1925 4034 in
1955 3979 2155 4035 fwdutn

570 4096 811 4136 amorem
850 4095 953 4133 non
985 4077 1240 4130 incidunt.
1270 4078 1358 4139 At,
1385 4090 1595 4128 rursum
1633 4073 1862 4143 inquies,
1897 4074 1998 4128 hoc
2026 4073 2156 4143 ipsis

572 4187 758 4228 natura
804 4177 1039 4240 praestat.
1080 4167 1485 4232 Quaenam,oro,
1503 4165 1735 4218 natura?
1772 4163 1906 4231 Quia
1958 4175 2156 4220 matres

570 4279 715 4332 sunt,
754 4264 980 4332 inquies.
1026 4262 1215 4314 Annon
1246 4256 1400 4310 audis
1444 4255 1636 4310 Persas
1668 4256 1882 4310 nemine
1905 4265 2153 4323 cogente,

569 4373 690 4412 cum
734 4355 990 4410 matribus
1015 4351 1125 4405 suis
1165 4348 1400 4413 misceri,
1439 4362 1538 4402 nec
1560 4363 1721 4400 unum
1753 4356 1843 4400 aut
1869 4347 2025 4413 duos,
2059 4347 2155 4402 sed

569 4453 872 4504 universam
901 4444 1153 4516 gentem?
1177 4442 1314 4510 Quin
1336 4441 1468 4496 citra
1498 4441 1612 4494 hzec
1641 4441 1844 4510 liquido
1871 4441 1995 4495 hinc
2025 4455 2143 4495 eoa.

568 4553 673 4598 stat
710 4541 955 4595 morbum
983 4539 1123 4591 hunc
1149 4551 1254 4589 non
1284 4538 1526 4603 corporis
1550 4533 1852 4604 elegantiae,
1895 4549 1993 4587 nec
2021 4534 2154 4587 sim-

570 4637 777 4707 pliciter
806 4630 1186 4704 pulchritudini
1216 4627 1626 4682 adscribendum
1672 4643 1816 4693 esse,
1853 4627 1950 4683 sed
1986 4628 2153 4683 animi

569 4727 830 4784 socordia:
875 4735 1034 4794 atque
1080 4721 1427 4776 oherrationi.
1479 4719 1730 4774 Permulti
1770 4721 1994 4787 etenim,
2032 4737 2152 4777 cum

569 4821 875 4875 innumeras
915 4814 1185 4887 praestanti
1230 4811 1399 4867 forma
1445 4811 1697 4866 mulieres
1735 4813 2150 4882 praeteriissent,

568 4909 896 4964 deformibus
933 4922 1053 4962 sese
1082 4905 1384 4960 dederunt:
1413 4919 1478 4958 ex
1522 4919 1626 4971 quo
1663 4904 2005 4972 persiiicuum
2044 4913 2147 4971 est,

567 5016 803 5057 amorem
835 5015 864 5052 a
901 4998 1083 5052 formae
1124 5004 1399 5051 venustate
1441 4996 1664 5050 minime
1692 4996 1982 5068 prolieisei.
2018 4996 2150 5052 Nam

569 5096 614 5151 si
643 5097 712 5148 ita
743 5101 904 5155 esset,
929 5093 982 5155 ii,
1015 5090 1104 5158 qui
1129 5090 1181 5143 in
1207 5104 1442 5144 amorem
1472 5089 1795 5154 inciderunt,
1819 5090 1886 5144 ab
1919 5091 2025 5145 illis
2054 5106 2152 5160 po-

571 5189 676 5244 tius
707 5198 863 5254 quam
895 5183 962 5235 ab
1005 5180 1120 5232 istis
1148 5179 1287 5247 capti
1327 5178 1571 5233 fuissent.
1601 5180 1866 5247 Quidnam
1901 5182 2060 5252 igitur
2099 5183 2151 5237 in

567 5294 726 5336 causa
749 5271 1120 5341 est?inquies;
1161 5285 1281 5322 nam
1315 5270 1357 5322 si
1391 5269 1576 5324 formte
1606 5273 1860 5328 honestas
1890 5289 1994 5326 non
2028 5274 2154 5327 facit

570 5383 627 5426 ut
654 5370 914 5440 quispiam
939 5371 1102 5426 amet,
1136 5363 1274 5415 unde
1302 5361 1459 5432 igitur
1487 5377 1640 5416 amor
1669 5378 1885 5418 causam
1912 5379 1975 5417 ac
2003 5364 2145 5417 radi-

568 5481 685 5520 cem
717 5459 910 5516 habet?
932 5474 998 5512 an
1030 5472 1058 5510 a
1090 5455 1230 5510 malo
1250 5454 1528 5509 όιυηιοηοῖ
1557 5453 1728 5510 liabet
1767 5471 1978 5524 quoque
2006 5455 2152 5509 illinc

572 5565 766 5618 ortum,
793 5552 889 5606 sed
912 5567 1016 5604 non
1041 5548 1142 5602 hoc
1163 5557 1244 5603 est
1270 5547 1411 5617 quod
1433 5547 1692 5616 quteritnr
1718 5561 1733 5610 ;
1757 5561 1940 5598 verum
1972 5561 2148 5600 annon

569 5648 666 5718 ipsi
693 5661 901 5718 quoque
928 5643 980 5698 in
997 5657 1154 5698 causa
1185 5641 1370 5697 simus.
1397 5639 1577 5708 Neque
1597 5639 1738 5695 enim
1761 5639 1970 5724 illorum
1993 5637 2150 5693 dum-

1305 203 1362 258 s.
1393 197 1668 256 JO.\N.\’IS
1697 189 2178 251 CHRYSOSTOMI
2215 187 2538 245 ARCIIIEP.
2580 190 3122 249 CONSTANTINOP.

3751 199 3862 256 ΗΞ

2272 317 2418 364 taxat
2452 319 2576 365 sunt
2621 311 2847 375 insidite,
2894 314 2987 367 sed
3031 327 3152 368 cum
3186 311 3293 368 illis
3337 327 3367 367 a
3409 313 3563 369 nobis
3600 318 3858 387 primum.

2269 398 2382 454 Non
2415 400 2631 457 aliunde
2658 403 2989 471 perniciosus
3011 404 3098 458 hic
3127 405 3346 459 morbus
3371 421 3523 476 mque
3543 419 3721 463 ortum
3752 421 3864 466 ira-

2271 491 2368 557 hit,
2401 501 2560 562 atque
2594 509 2622 547 a
2665 495 3053 550 consuetudine
3079 505 3133 550 et
3164 497 3444 551 verborum
3483 498 3776 558 blanditiis.
3805 513 3863 557 ct

2270 584 2382 637 otio
2419 599 2482 637 ac
2510 587 2826 650 cessatione,
2859 588 3109 658 quodque
3153 587 3284 642 nihil
3315 589 3456 659 quod
3486 606 3725 658 agamus.
3757 592 3860 648 ha-

2270 672 2513 728 beamus.

2343 768 2395 820 7.
2441 766 2627 822 Modns
2651 770 3026 839 exstinguenda
3052 771 3296 824 libidinis.
3313 802 3382 812 —
3405 772 3590 843 Magna
3634 777 3861 848 quipp“.

2271 876 2482 930 magna,
2534 863 2772 932 inquam,
2823 865 3224 920 consuetudinis
3265 866 3343 920 vis
3387 877 3489 932 est,
3535 877 3694 938 atque
3725 871 3866 924 adeo

2272 961 2436 1016 tanta,
2471 962 2526 1006 ut
2549 954 2600 1008 in
2631 965 2832 1008 naturae
2854 957 3226 1010 necessitatem
3257 959 3468 1027 migret.
3491 958 3640 1026 Quod
3665 965 3706 1015 si
3739 977 3867 1015 cen-

2268 1045 2568 1098 suetndinis
2585 1057 2664 1098 est
2688 1045 2822 1100 hanc
2846 1062 3148 1114 procreare,
3179 1063 3281 1101 non
3309 1049 3526 1102 dubium
3546 1053 3670 1120 quin
3694 1054 3863 1108 etiam

2269 1137 2627 1206 exstinguere.
2657 1137 2798 1193 Sane
2829 1139 2978 1192 multi
3007 1150 3246 1195 amantes
3266 1141 3342 1194 sic
3360 1157 3536 1196 amare
3557 1143 3865 1210 desierunt,

2269 1244 2387 1283 cum
2436 1246 2567 1300 quas
2605 1233 2875 1294 amabant,
2920 1249 3022 1286 non
3067 1243 3371 1287 cernerent.
3421 1235 3531 1289 lloc
3571 1248 3747 1290 autem
3788 1237 3863 1292 ad

2269 1317 2430 1374 breve
2458 1321 2672 1391 quidem
2707 1332 2916 1394 tempus
2946 1323 3196 1378 acerbum
3229 1339 3291 1378 ac
3323 1340 3574 1394 perquam
3606 1327 3863 1396 injtlt‘tttt-

2268 1413 2393 1467 dum
2422 1430 2541 1468 esse
2571 1415 2816 1480 videtur;
2855 1427 2909 1471 at
2935 1432 3220 1488 progressu
3252 1419 3506 1484 temporis
3532 1436 3696 1473 suave
3735 1421 3861 1475 effi-

2267 1506 2428 1571 citur,
2475 1521 2537 1560 ae
2586 1523 2652 1561 ne
2698 1507 2741 1560 si
2789 1508 2958 1563 velint
3009 1509 3249 1577 quidem,
3302 1510 3546 1563 morlmm
3596 1528 3861 1568 revocare

2269 1607 2486 1666 queant.
2520 1598 2656 1666 Quid
2701 1600 2878 1669 igitur,
2911 1601 3140 1670 inquies,
3174 1617 3294 1654 cum
3341 1602 3471 1655 citra
3512 1606 3862 1659 consuctndi-

2269 1704 2389 1742 nem
2420 1690 2578 1744 ullam
2611 1691 2678 1744 ab
2710 1691 2824 1759 ipso
2854 1690 3026 1759 primo
3070 1702 3290 1760 aspectu
3321 1705 3507 1761 captus
3537 1693 3722 1748 fimo?
3762 1695 3860 1750 llic

2267 1797 2477 1850 quoque
2509 1783 2560 1835 in
2588 1797 2746 1836 causa
2773 1793 2856 1836 est
2885 1783 3131 1851 corporis
3151 1782 3377 1848 desidia,
3402 1795 3490 1837 aut
3512 1785 3738 1850 deliciae,
3763 1797 3859 1841 ant

2267 1873 2408 1943 quod
2439 1888 2502 1927 ea
2529 1888 2647 1942 qua:
2677 1889 2812 1943 Opus
2841 1881 2965 1928 sunt
2995 1889 3101 1928 non
3132 1889 3307 1936 cures,
3334 1889 3434 1929 nec
3456 1876 3506 1929 in
3533 1878 3858 1932 necessariis

2269 1965 2494 2035 negotiis
2517 1965 2767 2018 verseris.
2793 1964 2923 2018 Nam
2951 1964 3042 2034 qui
3073 1965 3196 2019 talis
3225 1973 3327 2028 est,
3354 1965 3523 2019 instar
3537 1967 3742 2020 ert-onis
3763 1982 3857 2019 cu-

2262 2055 2496 2125 juspiatn
2531 2057 2718 2125 quovis
2749 2056 2892 2110 malo
2935 2057 3300 2126 transﬁgitur:
3341 2066 3504 2126 atque
3548 2056 3854 2126 hujusmodi

2267 2147 2522 2212 animam,
2557 2162 2664 2201 non
2695 2162 2852 2202 secus
2890 2163 2952 2201 ac
2998 2163 3220 2218 puerum
3267 2158 3566 2217 vagantem,
3612 2151 3855 2220 quisquis

2266 2239 2382 2293 vult
2411 2240 2462 2293 in
2495 2239 2809 2295 servitutem
2843 2239 3030 2294 trahit.
3060 2241 3324 2309 Quoniam
3353 2243 3495 2296 enim
3527 2242 3641 2311 ipsa
3672 2242 3851 2297 hocin

2268 2346 2417 2385 more
2443 2332 2674 2400 positum
2699 2331 2880 2395 habet,
2913 2341 2970 2386 ut
2991 2331 3192 2402 aliquid
3223 2343 3494 2402 operetur,
3522 2335 3564 2387 si
3598 2335 3762 2403 ipsius
3793 2337 3852 2388 in

2266 2421 2426 2476 rebus
2455 2422 2714 2486 honestis,
2734 2423 2998 2477 actionem
3017 2424 3363 2492 comprimas,
3392 2427 3514 2494 quia
3538 2425 3665 2480 nihil
3692 2441 3852 2494 agere

2267 2529 2372 2568 non
2399 2523 2598 2586 potest,
2625 2515 2726 2568 alia
2755 2515 2927 2584 pariat
2949 2529 3172 2570 necesse
3197 2523 3300 2570 est.
3333 2515 3482 2571 Sicut
3504 2519 3646 2570 enim
3685 2528 3848 2582 terra,

2265 2619 2389 2660 cum
2418 2620 2515 2660 nec
2532 2605 2728 2660 seritur
2749 2621 2848 2660 nec
2872 2606 3160 2675 plantatnr,
3185 2606 3405 2661 herbam
3427 2607 3702 2662 dumtaxat
3729 2624 3852 2676 pro-

2265 2695 2403 2752 fert:
2438 2698 2508 2751 ita
2551 2706 2603 2751 et
2633 2699 2830 2764 anima,
2873 2711 2997 2751 cum
3047 2699 3470 2752 necessariarum
3505 2715 3683 2754 rerum
3717 2699 3848 2754 nihil

2265 2788 2426 2843 habet
2463 2788 2604 2856 quod
2656 2796 2797 2858 agat,
2828 2798 2990 2858 atque
3027 2787 3226 2858 aliquid
3254 2804 3414 2858 agere
3442 2791 3643 2858 cupiat,
3671 2793 3851 2861 pravis

2263 2880 2423 2934 rebus
2449 2894 2509 2934 se
2541 2880 2719 2933 tradit.
2751 2869 2818 2934 Et
2843 2880 2986 2934 sicut
3014 2879 3220 2944 oculus,
3245 2879 3336 2950 qui
3359 2896 3580 2936 cernere
3605 2899 3708 2936 non
3729 2898 3850 2937 ces-

2263 2981 2367 3037 sat,
2404 2987 2562 3041 prava
2591 2981 2774 3026 cernat
2796 2986 3018 3026 necesse
3045 2980 3148 3037 est,
3178 2986 3300 3026 cum
3325 2972 3479 3026 bonis
3509 2973 3730 3042 objectis
3755 2991 3851 3028 ea-

2261 3073 2376 3119 ret:
2403 3064 2480 3118 sie
2500 3065 2659 3118 etiam
2680 3065 2908 3129 animus,
2933 3079 3053 3118 cum
3077 3079 3134 3118 se
3156 3078 3185 3116 a
3211 3065 3529 3119 necessariis
3547 3066 3848 3130 abduxerit,

2258 3158 2368 3229 jam
2398 3159 2539 3212 circa
2564 3156 2767 3211 inutilia
2797 3166 3062 3212 versatur.
3088 3157 3298 3227 Alioqui
3329 3157 3470 3226 quod
3500 3159 3779 3228 occupatio
3795 3169 3852 3214 et

2261 3266 2387 3305 cura
2421 3250 2648 3319 primum
2675 3263 2884 3319 quoque
2910 3249 3166 3318 impetum
3187 3250 3490 3319 propellere
3515 3262 3694 3318 queat,
3716 3253 3857 3304 mut:

2264 3342 2329 3396 tis
2344 3342 2671 3411 argumentis
2696 3342 2876 3409 liquet.
2903 3341 3262 3409 Quamobrem
3287 3359 3407 3396 cum
3437 3343 3710 3412 pulchram
3733 3359 3852 3396 mu-

2264 3435 2450 3488 lierem
2478 3434 2849 3502 conspexeris,
2879 3433 2946 3487 ab
2994 3448 3163 3500 eaque
3208 3442 3260 3488 te
3302 3433 3551 3489 allectum
3593 3436 3848 3500 senseris,

2263 3541 2380 3580 eam
2410 3541 2476 3580 ne
2499 3527 2636 3579 ultra
2664 3540 2878 3590 cernas,
2908 3535 2960 3579 et
2991 3525 3248 3580 liberatus
3273 3541 3352 3579 es.
3384 3526 3450 3580 Et
3473 3528 3561 3596 qui
3601 3527 3716 3582 fieri
3751 3543 3850 3597 po-

2263 3620 2410 3684 terit,
2443 3620 2672 3686 inquies,
2699 3629 2755 3671 ttt
2782 3633 2899 3672 eam
2930 3619 3062 3671 ultra
3094 3635 3196 3672 non
3220 3633 3454 3680 cernam,
3485 3634 3606 3671 cum
3639 3621 3852 3687 cupidi-

2264 3719 2372 3765 tate
2401 3709 2615 3764 trahar?
2648 3710 2781 3764 Aliis
2813 3710 2994 3773 rebus,
3022 3720 3144 3780 qua!
3161 3710 3392 3762 animum
3416 3709 3745 3776 distrahant,
3769 3713 3853 3767 fac

2263 3809 2315 3856 te
2336 3802 2571 3866 addicas,
2603 3801 2751 3855 libris
2775 3802 3048 3867 nimirum,
3077 3802 3392 3858 necessariis
3417 3803 3580 3869 curis,
3609 3807 3850 3873 patroci-

2263 3893 2386 3957 niis,
2410 3893 2850 3962 opitulationihus
2876 3910 3085 3960 eorum,
3117 3895 3309 3964 quibus
3355 3895 3546 3964 injuria
3597 3895 3846 3962 infertur,

2262 3984 2531 4054 precibus,
2557 3999 2734 4038 rerum
2763 3984 3059 4038 futurarum
3080 3984 3414 4040 meditationi
3445 4004 3457 4039 :
3503 3987 3584 4040 his
3610 3987 3847 4041 animant

2261 4076 2554 4144 adstringe.
2582 4074 2671 4130 Sic
2693 4091 2798 4129 non
2829 4090 3016 4130 recens
3043 4085 3248 4130 tantum
3272 4078 3462 4130 vulnus
3493 4077 3727 4143 curabis,
3751 4079 3847 4132 sed

2262 4177 2573 4224 concretum
2607 4168 2767 4224 etiam
2799 4179 2960 4238 atque
2993 4170 3355 4224 inveteratum
3384 4169 3541 4225 facile
3567 4171 3846 4226 discuties.

2261 4257 2392 4313 Nam
2419 4259 2463 4313 si
2490 4259 2838 4326 contumelia,
2873 4269 2930 4313 ut
2957 4267 3042 4313 est
3069 4260 3120 4312 in
3154 4262 3460 4330 proverbio,
3497 4264 3696 4316 amanti
3724 4279 3848 4331 per-

2261 4350 2472 4417 suadet,
2503 4360 2560 4405 ut
2597 4367 2836 4405 amorem
2878 4352 3181 4420 abrumpat,
3223 4353 3492 4423 quomodo
3537 4369 3641 4407 non
3677 4356 3848 4409 multo

2262 4445 2431 4514 magis
2453 4443 2755 4514 spirituales
2789 4443 2871 4498 hze
2915 4445 3306 4500 incantationes
3338 4447 3533 4500 malum
3576 4446 3716 4500 istud
3757 4462 3848 4500 su-

2262 4545 2469 4607 perent,
2494 4537 2785 4590 dummodo
2812 4537 2880 4591 ab
2906 4552 2972 4590 eo
2997 4553 3095 4592 nos
3123 4553 3403 4593 removere
3426 4540 3476 4592 in
3507 4539 3742 4592 animum
3767 4539 3845 4592 io-

2259 4629 2550 4685 ducamus?
2578 4629 2733 4695 Quod
2755 4629 2800 4684 si
2828 4645 2949 4683 cum
2983 4630 3088 4685 illis
3118 4643 3397 4684 versemur
3422 4645 3484 4684 ae
3532 4630 3844 4684 confabule-

2261 4736 2399 4785 mur,
2433 4735 2552 4790 qua:
2589 4719 2895 4790 hujusmodi
2941 4721 3043 4776 tela
3072 4721 3124 4774 in
3151 4735 3250 4776 nos
3279 4729 3656 4790 contorquent,
3690 4737 3752 4775 ac
3781 4721 3845 4774 de

2261 4811 2367 4866 illis
2398 4819 2508 4865 tum
2530 4810 2835 4881 loquamur,
2867 4820 2980 4865 tum
3006 4810 3309 4876 audiamus,
3345 4811 3590 4866 morbum
3617 4809 3719 4866 hoc
3752 4828 3847 4879 pa-

2260 4913 2349 4959 cto
2378 4902 2589 4956 alimus.
2614 4903 2857 4967 Quonam
2883 4916 3013 4971 ergo
3051 4901 3212 4956 modo
3241 4902 3416 4970 ignem
3449 4901 3722 4971 exstingui
3753 4918 3848 4953 eu-

2264 4997 2366 5068 pis,
2395 5011 2515 5051 cum
2546 4994 2785 5064 quotidie
2810 4994 3079 5048 ﬂammam
3105 4993 3403 5048 accendas?
3428 4994 3507 5047 Ae
3531 4993 3598 5047 de
3619 5007 3844 5046 (cnsue-

2263 5091 2447 5144 tudine
2473 5087 2589 5142 haec
2615 5087 2744 5140 mihi
2766 5084 2832 5140 ad
2855 5085 3085 5156 juvenes
3105 5085 3246 5140 dicta
3269 5086 3373 5139 sint
3402 5102 3415 5138 :
3447 5100 3570 5139 nam
3601 5085 3742 5156 quod
3780 5085 3846 5136 ad

2261 5181 2406 5234 viros
2436 5179 2648 5243 attinet,
2691 5191 2893 5246 eosque
2933 5176 3020 5245 qui
3053 5176 3422 5246 philosophari
3464 5186 3684 5239 norunt,
3715 5176 3847 5229 nilnt

2261 5271 2483 5340 perinde
2504 5273 2674 5340 juvat,
2698 5280 2756 5323 ut
2774 5270 2866 5324 Dei
2889 5270 3070 5334 timor,
3098 5269 3359 5338 gehenna:
3388 5271 3672 5333 memoria,
3697 5269 3846 5338 regni

2260 5362 2511 5416 caelorum
2559 5361 2854 5431 cupiditas;
2912 5361 3026 5416 hinc
3079 5361 3220 5416 enim
3281 5360 3347 5415 ad
3396 5363 3845 5432 exstinguendum

2261 5453 2436 5524 ignem
2464 5454 2754 5509 sufﬁciunt.
2786 5454 2864 5508 Ac
2894 5464 3150 5523 praeterea
3183 5453 3311 5507 illud
3341 5463 3516 5507 tecum
3549 5463 3763 5521 reputa,
3798 5455 3847 5507 id

2259 5545 2402 5616 quod
2444 5547 2622 5602 cernis
2661 5547 2796 5601 nihil
2835 5547 2977 5600 aliud
3003 5562 3144 5612 esse,
3177 5563 3333 5616 quam
3368 5546 3611 5615 pituitam
3641 5555 3698 5601 et
3727 5563 3850 5602 san-

2262 5643 2474 5716 guinem
2522 5656 2583 5696 ac
2619 5640 2856 5710 corrupti
2897 5640 3134 5696 alimenti
3185 5653 3424 5693 succum.
3480 5641 3549 5693 At
3591 5639 3746 5694 ltetus
3789 5653 3850 5694 ac
