4098 6222
408 131 515 188 Ib!

409 252 608 307 θᾶττον
632 242 820 311 ἐκείνη
851 240 1139 296 σϐέννυται
1162 255 1177 270 ο
1205 237 1282 302 ῶς
1320 233 1379 290 εί
1392 253 1457 305 γε
1489 234 1822 307 παρέμενεν,
1849 233 1925 299 ὡς
1954 234 1990 303 ἠ

407 338 519 396 τῶν
560 336 883 410 χρημάτων,
934 331 1036 386 κᾶν
1096 328 1347 386 ἀπώλεσε
1400 327 1491 382 τὸν
1542 326 1741 382 ἁλόντα
1798 325 1989 397 ἄρδην.

405 433 543 503 Φέρε
570 425 685 495 οὖν,
738 427 868 499 περὶ
914 424 1103 479 τούτου
1161 422 1291 491 ὑμῖν
1336 421 1730 492 διαλεχθῶμεν,
1754 418 1853 472 τοῦ
1881 417 1992 473 τῶν

409 523 703 592 σωμάτων,
738 519 832 572 καὶ
860 517 1060 586 ἴδωμεν
1086 513 1249 568 πόθεν
1274 512 1500 579 αὒξεται
1525 510 1590 564 τὸ
1618 511 1788 565 κακόν
1807 529 1821 543 ’
1848 509 1992 564 οὕτω

408 615 518 686 γάρ
562 612 860 684 είσόμεθα,
901 609 1010 662 εἴτε
1049 606 1318 679 ἡμέτερον
1360 604 1518 658 τοῦτο
1564 602 1849 676 ἔγκλημα,
1881 604 1995 657 εἴτε

411 708 511 779 οὐχ
526 706 838 779 ἡμέτερον
878 702 975 756 καὶ
1004 703 1052 753 εί
1096 700 1194 770 μέν
1238 700 1525 768 ἡμέτερον,
1564 697 1741 751 πάντα
1771 694 1994 768 πράξων

417 810 579 872 μενι,
606 797 747 851 ὥστε
795 790 1180 865 περιγενέσθαι
1218 806 1233 823 ο
1289 791 1338 842 εἰ
1367 789 1425 842 δέ
1469 789 1570 860 οὐχ
1611 788 1907 859 ἡμέτερον,
1942 787 1994 841 τί

416 891 595 959 μάτην
623 888 900 954 κόπτομεν
932 882 1195 947 ἐαυτούςς
1227 880 1281 934 τί
1328 879 1384 934 δὲ
1417 879 1480 933 οὐ
1521 877 1992 948 συγγινώσκομεν,

413 981 526 1035 ἀλλ’
555 976 893 1049 ἐγκαλοῦμεν
941 977 1055 1038 τοῖς
1101 973 1525 1043 ἀλισκομένοιςς
1566 969 1736 1024 Πόθεν
1776 965 1871 1023 οὖν
1913 968 1994 1021 τί-

415 1087 603 1126 κτεται
630 1062 784 1132 οὗτος
834 1070 864 1120 ὁ
914 1065 1087 1137 ἐρωςς
1140 1064 1272 1117 ’Δπὸ
1313 1062 1618 1135 εὐμορφίας
1674 1059 1995 1133 προσώπου,

416 1162 600 1234 φησὶν,
631 1162 759 1214 ὅταν
781 1156 922 1228 καλὴ
952 1157 1046 1210 καὶ
1072 1154 1281 1227 εὐειδὴς
1308 1156 1342 1225 ἡ
1374 1154 1750 1224 τιτρώσκουσα
1858 1154 1994 1225 Είκῆ

415 1254 590 1309 ταῦτα
618 1252 798 1320 λέγεις
829 1252 924 1305 καὶ
966 1249 1162 1320 μάτην.
1198 1249 1263 1301 Et
1300 1248 1411 1319 γὰρ
1455 1247 1554 1317 τῆς
1595 1245 1901 1317 εὐμορφίας
1936 1245 1997 1299 τὸ

418 1344 652 1417 ἐραστάς
692 1340 1121 1405 ἐπισπάσασθαι,
1154 1339 1360 1402 πάντας
1392 1337 1459 1392 ἂν
1496 1337 1653 1409 ἔσχεν
1698 1339 1933 1410 ἐραστὰς
1962 1340 1996 1410 ἡ

417 1435 638 1508 τοιαύτη
671 1434 806 1506 κόρη
832 1451 845 1464 ·
874 1434 922 1487 εἰ
960 1434 1018 1486 δέ
1038 1432 1104 1486 οὐ
1135 1433 1345 1495 πάντας
1377 1431 1512 1502 ἔχει,
1536 1431 1599 1484 οὐ
1633 1431 1733 1501 τῆς
1781 1431 1997 1498 φύσεως

418 1528 596 1591 τοῦτο,
628 1527 752 1581 οὐδὲ
781 1526 842 1590 ἐξ
865 1525 1188 1596 εὐμορφίας,
1216 1524 1333 1577 ἀλλ’
1362 1523 1422 1588 ἐξ
1449 1523 1765 1577 ἀκολάστων
1796 1522 1999 1591 ὀφθαλ-

424 1618 570 1691 μῶν·
612 1620 741 1673 ὅταν
768 1618 878 1689 7&9
914 1616 1035 1670 ίδὼν
1065 1616 1376 1687 περιέργως
1406 1613 1695 1685 θαυμάσῃς
1736 1614 1829 1667 καὶ
1869 1615 2000 1685 ἐρα·

423 1712 575 1783 σθῇς,
605 1709 769 1774 ἐδέξω
800 1707 862 1762 τδ
891 1707 1063 1778 βέλος.
1099 1706 1209 1759 Καὶ
1239 1706 1324 1768 τίς
1361 1705 1427 1759 ἀν
1452 1704 1668 1757 δύναιτο
1697 1703 1867 1774 καλὴν
1901 1720 2000 1772 γυ-

420 1806 581 1856 ναῖκα
607 1801 771 1872 ὁρῶν,
812 1800 885 1871 μὴ
915 1796 1201 1852 ἐπαινέσαι
1230 1795 1329 1866 τὴν
1357 1794 1678 1865 ὁρωμένηνς
1715 1793 1896 1863 φησίν.
1936 1792 1999 1845 Et

421 1894 596 1947 τοίνυν
616 1893 676 1945 οὐ
709 1891 810 1961 τῆς
843 1888 1219 1960 προαιρέσεως
1247 1884 1403 1958 ἡμῶν
1432 1886 1493 1938 τὸ
1522 1884 1592 1938 τὰ
1620 1884 1845 1938 τοιαῦτα
1869 1883 2001 1938 θαυ-

424 1988 637 2059 μάζειν,
667 1985 767 2038 οὐκ
794 1986 850 2038 ἐν
874 1984 1006 2054 ημῖν
1024 1981 1133 2052 ἀρα
1157 1982 1186 2035 ὁ
1213 1979 1373 2050 ἔρως.
1418 1979 1691 2049 Ἐπίσχες,
1716 1978 1996 2050 ἄνθρωπε.

423 2080 490 2132 Τί
517 2080 695 2132 πάντα
735 2076 927 2147 φύρεις
974 2073 1136 2145 ὁμοῦ,
1180 2071 1456 2142 πανταχοῦ
1502 2072 1863 2143 περιτρέχων,
1907 2073 2002 2126 καὶ

426 2169 520 2225 τοῦ
545 2169 714 2224 κακοῦ
736 2170 835 2239 τὴν
862 2166 1018 2239 ῥίζαν
1049 2166 1150 2219 οὐκ
1181 2164 1381 2219 ἐθέλων
1410 2164 1538 2218 ἰδεῖν
1560 2180 1576 2229 ;
1603 2164 1700 2217 καὶ
1727 2166 1838 2234 7&9
1872 2163 2002 2217 πολ-

425 2260 552 2323 λοὺς
584 2259 695 2331 ὁρῶ
724 2257 1104 2328 θαυμάζοντας
1150 2255 1244 2308 καὶ
1283 2251 1661 2316 ἐπαινοῦντας,
1697 2253 1799 2306 οὐκ
1830 2253 2001 2322 ἐρῶν-

422 2368 522 2411 τας
546 2351 624 2406 δέ.
652 2352 761 2405 Καὶ
794 2348 911 2413 πῶς
936 2349 1016 2401 ἔνι
1047 2345 1424 2417 θαυμάζοντας
1458 2345 1533 2417 μὴ
1569 2347 1740 2417 ἐρᾷν;
1779 2346 1873 2415 Μὴ
1916 2344 2005 2399 θο-

428 2445 581 2519 ρύϐει
605 2462 620 2475 ·
659 2442 817 2496 τοῦτο
860 2441 969 2511 7&9
1003 2438 1234 2510 ἔρχομαι
1272 2439 1448 2489 εἰπεῖν
1474 2453 1489 2467 ·
1526 2436 1644 2491 ἀλλ’
1688 2437 2001 2507 ἀνάμεινον,

424 2538 522 2592 καὶ
548 2536 753 2607 ἀκούσῃ
785 2533 880 2588 τοῦ
907 2532 1184 2594 Μωῡσέως
1208 2529 1578 2601 θαυμάζοντος
1608 2529 1700 2583 τὸν
1722 2528 1887 2583 παῖδα
1908 2528 2002 2582 τοῦ

439 2626 654 2690 Ἰακὼϐ,
702 2626 796 2679 καὶ
827 2624 1075 2691 λέγοντος
1102 2636 1115 2650 ⁸
1174 2621 1283 2675 Καὶ
1312 2618 1392 2692 ἦν
1430 2618 1653 2689 Ἰωσὴφ
1695 2619 1885 2684 καλὸς
1922 2618 2004 2685 τῷ

426 2721 591 2786 εἴδει,
622 2718 720 2772 καί
751 2716 963 2786 ὡραῖος
985 2713 1058 2783 τῇ
1089 2713 1223 2782 ὄψει
1246 2711 1513 2783 σφόδρα.
1535 2708 1684 2783 Ἀρα
1712 2707 1807 2765 οὖν
1842 2710 1953 2781 ἦρα
1973 2712 2003 2764 ό

425 2812 600 2867 ταῦτα
626 2811 841 2879 λέγων;
882 2805 1166 2878 Οὐδαμῶς.
1199 2806 1338 2860 Οὐδὲ
1371 2805 1480 2877 γάρ
1513 2804 1680 2876 ἐώρα,
1715 2805 1870 2875 φησὶ,
1911 2805 2005 2858 τὸν

427 2904 839 2975 ἐπαινούμενον.
883 2901 1041 2955 Ἀλλά
1074 2902 1167 2955 καὶ
1197 2899 1336 2971 πρὸς
1365 2898 1435 2953 τά
1477 2898 1787 2968 ἀκουόμενα
1827 2897 2001 2969 κάλλη

426 2995 707 3066 πάσχομέν
733 3010 784 3047 τι
829 2991 1091 3056 τοιοῦτον,
1132 2991 1195 3044 οὐ
1231 2990 1369 3059 πρὸς
1416 2990 1485 3043 τά
1527 2988 1783 3061 ὁρώμενα
1820 2988 2002 3060 μόνον.

429 3088 545 3142 Ἵνα
570 3088 627 3141 δὲ
659 3085 735 3159 μὴ
777 3084 1086 3156 φιλονεικῇς
1121 3085 1257 3154 ἡμῖν
1299 3084 1357 3136 ἐν
1386 3082 1618 3147 τούτοις,
1644 3083 1677 3134 ό
1702 3081 1867 3135 Δαυῒδ
1903 3082 2006 3136 οὐκ

427 3176 496 3252 ἦν
541 3180 741 3252 ὡραῖος
789 3177 1016 3249 σφόδρα,
1076 3177 1172 3229 καὶ
1222 3173 1530 3245 ὑπέρυθρος
1584 3174 1724 3245 μετά
1775 3172 2006 3236 κάλλους

430 3270 758 3343 ὀφθαλμῶν;
791 3271 826 3324 -δ
840 3270 911 3340 δὴ
937 3268 1173 3340 μάλιστά
1199 3270 1315 3322 ἐστι
1346 3266 1810 3339 τυραννικώτερον
1839 3266 2005 3337 μέρος

431 3362 532 3432 τῆς
556 3361 878 3432 εὐμορφίας,
914 3360 1024 3413 τῶν
1063 3359 1356 3430 ὀφθαλμῶν
1388 3358 1450 3412 τὸ
1494 3358 1709 3422 κάλλος.
1750 3354 1877 3429 'Ap’
1912 3354 2006 3413 οὖν

432 3453 645 3526 ἠράσθη
672 3471 756 3517 τις
785 3452 983 3519 αὒτοῦ;
1009 3451 1295 3522 οὐδαμῶς.
1324 3452 1436 3506 Οὐκ
1458 3451 1565 3520 ἄρα
1589 3449 1728 3521 μετά
1750 3450 1842 3503 τοῦ
1871 3450 2005 3503 θαυ-

436 3544 626 3617 μάζειν
652 3544 748 3598 καὶ
788 3544 851 3598 τὸ
888 3544 1020 3614 ἐρᾷν
1056 3541 1286 3611 γίνεται.
1330 3542 1440 3595 Καὶ
1470 3541 1585 3612 7&9
1625 3540 1722 3593 καὶ
1762 3540 2006 3611 μητέρας

433 3638 587 3709 ἔσχον
620 3635 804 3690 πολλοὶ
835 3635 1041 3705 σφόδρα
1066 3633 1333 3696 ἀνθούσας
1356 3636 1424 3705 τῇ
1455 3631 1549 3686 τοῦ
1581 3631 1834 3703 σώματος
1863 3632 2004 3705 ὥρᾳ.

433 3728 498 3781 Τί
531 3724 664 3793 οῦν;
689 3725 1007 3797 ἠράσθησαν
1039 3723 1219 3778 αὐτῶν
1249 3725 1298 3777 οἱ
1323 3725 1515 3788 παῖδες
1539 3741 1555 3791 ;
1594 3726 1811 3793 Ἀπαγε
1830 3742 1843 3755 ’
1871 3723 2008 3778 ἀλλά

434 3817 773 3889 θαυμάζουσι
811 3814 910 3886 μὲν
936 3814 996 3867 τὸ
1018 3814 1314 3886 ὁρώμενον,
1345 3815 1445 3869 οὐκ
1481 3815 1812 3886 ἐμπίπτουσι
1841 3815 1899 3869 δέ
1927 3816 2008 3878 εἰς

434 3910 612 3984 ἔρωτα
644 3907 890 3979 αἰσχρόν.
924 3906 1093 3961 Πάλιν
1121 3906 1229 3978 γάρ
1254 3906 1356 3976 τῆς
1386 3906 1602 3976 φύσεως
1639 3906 1699 3959 τὸ
1727 3906 2007 3979 κατόρθω-

439 4001 519 4072 μά
546 4003 677 4054 ἐστι.
708 3999 874 4063 Ποίας
901 3997 1135 4067 φύσεως,
1159 3997 1281 4051 είπέ
1307 4014 1397 4068 μοι
1419 4015 1435 4065 ;
1473 3997 1595 4051 Ὀτι
1620 4006 1858 4070 μητέρες
1876 3999 2004 4063 είσὶ,

437 4094 625 4165 φησίν.
662 4089 794 4149 Εἶτα
817 4092 917 4147 οὐκ
956 4091 1195 4155 ἀκούεις,
1238 4091 1322 4144 ὅτι
1353 4090 1581 4161 Πέρσαι,
1615 4091 1843 4163 μηδενὸς
1884 4108 2010 4146 κατ-

435 4185 856 4257 αναγκάζοντος,
906 4188 1026 4249 ταῖς
1060 4182 1238 4237 αὐτῶν
1290 4183 1575 4254 μίγνυνται
1624 4184 1883 4255 μητράσι,
1914 4185 2010 4238 καὶ

432 4280 531 4351 οὐχ
559 4272 639 4343 εἷς
668 4277 789 4332 ούδέ
815 4277 1086 4347 δεύτερος,
1126 4275 1242 4329 ἀλλ’
1272 4274 1566 4345 ὁλόκληρον
1604 4273 1755 4338 ἔθνος
1782 4290 1796 4340 ;
1825 4276 2010 4345 X0191;

431 4370 490 4425 δὲ
517 4370 744 4435 τούτων,
771 4368 1022 4424 κάκεῖθεν
1050 4366 1200 4441 [490]
1221 4365 1402 4437 δῆλον,
1431 4366 1513 4419 δτι
1537 4364 1598 4419 τὸ
1619 4364 1833 4436 νόσημα
1852 4365 2010 4418 τοῦτο

432 4464 494 4517 οὐ
519 4462 622 4533 τῆς
650 4460 799 4533 ῶρας
826 4461 920 4515 τοῦ
961 4459 1231 4531 σώματος,
1261 4457 1382 4512 οὐδὲ
1403 4457 1505 4527 τῆς
1535 4458 1838 4529 εὐμορφίας
1860 4457 2010 4511 ἐστὶν

436 4554 642 4619 ἀπλῶς,
672 4552 808 4608 ἀλλά
836 4555 936 4625 τῆς
973 4551 1219 4624 ῥᾳθύμου
1270 4552 1367 4604 καὶ⁸
1408 4549 1767 4620 πλανωμένης
1808 4548 2007 4622 ψυχῆς.

435 4647 627 4702 Πολλοὶ
659 4644 790 4716 γοῦν
837 4645 1099 4708 πολλάκις
1150 4644 1345 4717 μυρίας
1394 4643 1691 4712 εὐπρεπεῖς
1730 4643 2011 4714 παραδρα-

438 4739 631 4811 μόντες
656 4740 942 4805 γυναῖκας,
972 4739 1091 4801 ταῖς
1117 4735 1369 4807 αίσχροτέ
1379 4752 1498 4807 ραις
1524 4734 1730 4790 ἐδωκαν
1760 4734 2008 4798 ἑαυτούς’

433 4829 556 4884 ὅθεν
578 4828 737 4899 δῆλον
761 4830 844 4882 ὃτι
872 4829 934 4882 οὺ
964 4829 1061 4900 τῆς
1084 4828 1388 4899 εὐμορφίας
1422 4828 1484 4880 τὸ
1515 4828 1646 4899 ἐρᾷν
1690 4844 1704 4858 ·
1746 4827 1778 4898 ἦ
1812 4826 1920 4898 γὰρ
1946 4826 2012 4881 ἂν

436 4916 579 4976 εἶλον
607 4924 811 4976 ἐκεῖναι
834 4920 942 4993 πρὸ
964 4920 1169 4975 τούτων
1199 4922 1326 4984 τοὺς
1358 4920 1718 4991 ἐμπεσόντας.
1743 4919 1808 4972 Τί
1832 4916 1925 4973 οὖν
1949 4921 2011 4975 τὸ

437 5016 639 5079 αίτιονς
693 5016 742 5068 εί
790 5014 901 5084 7&9
948 5013 1025 5085 μὴ
1060 5012 1161 5082 τῆς
1194 5012 1492 5084 εὐμορφίας
1529 5012 1591 5065 τὸ
1642 5012 1794 5083 ἐρᾷν,
1846 5010 2011 5064 πόθεν

436 5108 550 5180 ἔχει
578 5108 675 5180 τὴν
700 5107 877 5180 ἀρχὴν
905 5107 999 5161 καὶ
1023 5106 1121 5177 τὴν
1151 5106 1326 5177 ῥίζαν,
1358 5106 1555 5177 φησίν;
1602 5105 1735 5158 Ἀπὸ
1759 5105 2012 5176 δαίμονος

439 5198 678 5270 πονηροῦ
704 5213 720 5264 ;
756 5199 910 5269 Ἔχει
938 5197 1038 5268 μέν
1068 5196 1164 5250 καὶ
1200 5196 1407 5250 ἐκεῖθεν
1430 5212 1445 5226 ·
1477 5195 1591 5250 ἀλλ’
1617 5196 1677 5250 οὐ
1711 5196 1869 5250 τοῦτό
1894 5198 2011 5251 ἐστι

435 5291 499 5344 τὸ
532 5290 890 5363 ζητούμενον,
922 5289 1038 5344 ἀλλ’
1066 5290 1114 5342 εί
1140 5288 1215 5361 μὴ
1253 5291 1348 5343 καὶ
1388 5291 1549 5361 ἡμεῖς
1575 5289 1755 5344 αἴτιοι.
1791 5291 1866 5343 Οὐ
1902 5291 2011 5362 γάρ

385 5404 391 5409 ”
437 5383 662 5438 ἐκείνων
697 5383 859 5455 μόνον
896 5383 936 5455 ἡ
985 5381 1267 5452 ἐπιϐουλὴ,
1313 5382 1448 5437 ἀλλά
1503 5383 1621 5454 μετ’
1658 5383 1882 5439 ἐκείνων
1917 5384 2012 5439 καὶ

498 5560 517 5583 ⁸
545 5562 806 5627 legebatur
834 5564 1087 5628 πράξομεν.

1441 117 1511 174 ΙΝ
1551 114 1774 174 EPIST.
1812 115 1858 173 ll
1894 114 1988 173 AD
2017 114 2178 174 (ΞΟΠ.
2214 117 2458 178 ΠΟΜΙΙ..
2501 121 2616 178 VII.

3565 132 3675 189 452

2108 234 2266 305 ἡμῶν
2292 236 2524 306 πρώτων
2546 238 2596 292 δ.
2639 236 2950 309 Οὐδαμόθεν
2973 239 3084 312 γὰρ
3121 241 3392 312 ἑτέρωθεν
3425 242 3570 300 οὕτω
3592 249 3679 302 τί-

2101 341 2291 380 κτεται
2311 328 2371 382 τὸ
2400 330 2636 400 πονηρὸν
2656 331 2816 385 τοῦτο
2851 333 3083 402 νόσημα,
3110 333 3186 397 ώς
3226 334 3334 388 ἀπὸ
3365 339 3676 409 συνηθείας,

2101 418 2197 471 καὶ
2225 418 2511 485 κολακείας
2542 421 2821 493 ῥημάτων,
2864 424 2958 477 καὶ
2982 422 3176 494 σχολῆς
3209 425 3303 479 καὶ
3338 427 3541 497 ἀργίας
3587 433 3683 486 καὶΙ

2100 508 2196 562 τοῦ
2225 510 2392 580 μηδὲν
2414 510 2561 581 ἔχειν
2592 516 2787 568 ποιεῖν.

2173 600 2238 664 ζ’.
2258 601 2485 673 Μεγάλη
2512 603 2641 675 γὰρ,
2666 605 2877 677 μεγάλη
2905 606 3007 691 τῆς
3032 610 3320 681 συνηθείας
3342 615 3375 683 ή
3400 616 3680 684 τυραννὶς,

2103 693 2196 745 καὶ
2222 691 2480 764 τοσαύτη,
2512 694 2589 759 ὡς
2610 699 2689 757 εἰς
2715 697 2933 766 φύσεως
2955 700 3203 771 ἀνάγκην
3233 704 3597 761 καθίστασθαι
3624 720 3675 762 ε.

2104 784 2165 836 El
2187 783 2246 836 δέ
2281 785 2539 856 συνήθεια
2570 787 2634 841 τὸ
2653 788 2859 843 τίκτειν
2892 792 3059 862 αὐτὴν
3078 834 3093 854 ,
3123 792 3346 865 εὔδηλον
3371 797 3452 850 ὅτι
3479 800 3574 852 καὶ
3621 798 3686 853 τὸ

2103 870 2415 931 σϐεννύναι.
2448 875 2642 929 Πολλοὶ
2694 877 2825 947 γοῦν
2874 878 3107 951 ἐρῶντες
3149 882 3324 948 οὕτως
3350 886 3682 954 ἐπαύσαντο,

2107 964 2182 1035 μὴ
2211 965 2505 1036 ὁρωμένων
2531 967 2642 1023 τῶν
2669 972 2979 1041 ἐρωμένων.
3016 973 3187 1029 Τοῦτο
3227 977 3286 1029 δέ
3316 978 3451 1051 πρὸς
3509 980 3686 1052 βραχὺ

2108 1056 2208 1126 μέν
2230 1058 2379 1112 δοκεῖ
2399 1060 2596 1131 πικρὸν
2628 1058 2788 1127 εἶναι,
2821 1064 2916 1117 καὶ
2946 1066 3152 1138 σφόδρα
3173 1068 3338 1139 ἀηδές
3363 1084 3379 1100 ’
3406 1072 3484 1141 τῷ
3507 1075 3686 1145 χρόνῳ

2105 1147 2163 1202 δέ
2191 1149 2288 1220 ἡδὺ
2313 1150 2542 1218 γίνεται,
2578 1155 2675 1207 καὶ
2695 1154 2813 1208 οὐδέ
2846 1155 3198 1228 βουλομένοις
3224 1159 3412 1215 λοιπὸν
3444 1163 3523 1216 ἔνι
3556 1166 3688 1219 ἀνα-

2105 1244 2411 1314 κτήσασθαι
2429 1245 2491 1298 τὸ
2518 1245 2710 1310 πάθος.
2732 1247 2798 1300 Τί
2822 1244 2917 1302 οὖν
2935 1249 3064 1302 ὅταν
3080 1251 3372 1321 συνηθείας
3393 1255 3562 1324 χωρὶς
3579 1257 3688 1310 ἀπὸ

2106 1333 2330 1406 πρώτης
2360 1337 2458 1408 τῆς
2482 1337 2658 1408 ὅψεως
2686 1338 2799 1392 ἀλῶ
2819 1356 2833 1401 ;
2854 1341 3151 1396 Κάνταῦθα
3178 1345 3346 1414 ἀργία
3373 1346 3468 1399 τοῦ
3497 1346 3688 1415 σώμα-

2105 1427 2260 1497 τος,ἢ
2287 1429 2519 1501 τρυφὴά,
2540 1432 2634 1484 καὶ
2650 1430 2710 1484 τὸ
2729 1432 2803 1503 μὴ
2827 1432 3130 1504 φροντίζειν
3152 1436 3259 1490 τῶν
3278 1439 3686 1509 προσηκόντων,

2111 1518 2247 1590 μηδέ
2276 1521 2334 1572 ἐν
2376 1521 2700 1590 ἀναγκαίοις
2747 1520 2889 1576 εἶναι
2924 1527 3233 1596 πράγμασι.
3270 1528 3539 1600 Καθάπερ
3579 1531 3691 1603 7&9

2108 1610 2309 1674 πλάνος
2324 1615 2455 1676 τιςό
2485 1613 2731 1678 τοιοῦτος
2757 1618 3202 1686 περιερχόμενος,
3242 1620 3404 1673 παντὶ
3434 1621 3691 1690 περιπεί-

2112 1719 2261 1774 ρεται
2292 1704 2515 1776 πονηρῷ
2533 1720 2547 1733 ·
2573 1706 2666 1760 καὶ
2694 1706 2948 1778 καθάπερ
2974 1709 3181 1761 παιδίον
3204 1709 3418 1779 ἄφετον,
3448 1712 3478 1763 ό
3508 1710 3690 1781 βουλό⁴

2112 1810 2273 1862 μενος
2299 1795 2678 1865 ἀνδραποδίζει
2700 1798 2800 1868 τὴν
2822 1800 3076 1870 τοιαύτην
3097 1801 3293 1870 ψυχήν.
3337 1802 3554 1874 Ἐπειδὴ
3581 1804 3690 1876 7&9

2108 1885 2229 1950 ἔθος
2250 1886 2387 1958 αὐτῇ
2422 1890 2685 1958 ἐνεργεῖν,
2703 1890 2831 1943 ὅταν
2856 1890 3027 1960 αὐτῆς
3048 1892 3264 1965 παύσῃς
3283 1893 3382 1963 τὴν
3411 1894 3689 1965 ἐνέργειαν

2109 1976 2207 2047 τὴν
2237 1978 2297 2030 ἐν
2346 1980 2459 2040 τοῖς
2509 1979 2754 2047 ἀγαθοῖς,
2819 1982 3007 2054 ἐπειδὴ
3073 1984 3263 2054 ἀργεῖν
3316 1986 3378 2039 οὐ
3426 1985 3687 2053 δύναται,

2110 2069 2484 2138 ἀναγκάζεται
2518 2072 2683 2145 ἕτερα
2715 2072 2941 2128 τίκτειν.
2972 2074 3239 2145 Καθάπερ
3273 2077 3305 2146 η
3336 2076 3427 2146 γῆ,
3455 2078 3585 2131 ὅταν
3614 2080 3690 2150 μὴ

2113 2163 2403 2234 σπείρηται
2466 2163 2604 2234 μηδὲ
2665 2164 2967 2236 φυτεύηται
3001 2204 3015 2229 ,
3080 2164 3310 2238 βοτάνην
3369 2169 3692 2226 ἀναδίδωσιν

2113 2252 2296 2316 ἁπλῶς
2320 2267 2332 2280 ·
2364 2251 2508 2306 οὕτω
2560 2254 2654 2306 καὶ
2704 2256 2736 2325 η
2786 2254 2953 2325 ψυχὴ,
2984 2255 3114 2309 ὅταν
3151 2256 3225 2327 μὴ
3256 2257 3356 2330 ἔχῃ
3381 2275 3435 2310 τι
3490 2259 3694 2329 πρᾶξαι

2109 2345 2220 2398 τῶν
2269 2346 2604 2414 ἀναγκαίων,
2635 2348 2853 2411 πάντως
2891 2348 2984 2401 τοῦ
3040 2348 3299 2419 πράττειν
3329 2349 3692 2421 ἐπιθυμοῦσα,

2112 2442 2365 2511 πονηροῖς
2388 2439 2585 2510 ἑαυτὴν
2605 2439 2787 2494 δίδωσι
2820 2441 3127 2512 πράγμασι.
3160 2442 3267 2495 Καὶ⁵
3290 2442 3439 2496 ῶσπε
3448 2460 3478 2515 ρ
3497 2443 3698 2509 ὀφθαλ-

2115 2531 2215 2602 μὸς
2244 2531 2340 2585 τοῦ
2380 2532 2479 2603 μὲν
2511 2534 2645 2603 ὁρᾷν
2671 2533 2733 2586 οὐ
2776 2532 3033 2596 παύεται,
3066 2534 3161 2586 καὶ
3186 2534 3274 2587 διὰ
3322 2533 3478 2588 τοῦτο
3505 2533 3695 2605 ὄψεται

2113 2626 2346 2695 πονηρὰ,
2392 2626 2519 2678 ὅταν
2553 2623 2735 2693 ἀγαθά
2769 2625 2842 2696 μὴ
2941 2626 3277 2696 ὑποκείμενα
3314 2642 3327 2656 ’
3353 2628 3497 2681 οὕτω
3544 2630 3638 2682 καὶ
3665 2631 3694 2683 ό

2112 2714 2369 2785 λογισμὸς
2393 2758 2408 2781 ,
2464 2716 2593 2771 ὅταν
2642 2717 2753 2770 τῶν
2800 2718 3113 2786 ἀναγκαίων
3162 2719 3352 2772 ἑαυτὸν
3378 2721 3692 2793 -ἀπαγάγῃ,

2113 2807 2243 2878 περὶ
2270 2807 2335 2860 τὰ
2364 2807 2609 2880 ἀχρηστα
2634 2808 2926 2880 στρέφεται
2958 2808 3145 2862 λοιπόν
3170 2826 3185 2840 ·
3216 2810 3337 2862 ἐπεὶ
3364 2812 3447 2864 δτι
3471 2811 3567 2865 καὶ
3594 2812 3696 2882 τὴν

2113 2893 2337 2965 πρώτην
2391 2896 2698 2968 προσϐολὴν
2729 2896 2952 2952 δύναται
2983 2898 3432 2968 ἀποκρούσασθαι
3469 2901 3696 2972 ἀσχολία

2113 2987 2206 3039 καὶ
2242 2989 2485 3056 φροντὶς,
2520 2987 2847 3058 πολλαχόθεν
2895 2989 3073 3059 δῆλον.
3107 2990 3276 3044 Ὅταν
3303 2988 3398 3046 οὖν
3435 2992 3551 3064 ίδῃς
3594 3009 3695 3062 γυ-

2113 3083 2276 3133 ναῖκα
2300 3080 2492 3151 καλὴν,
2516 3080 2610 3134 καὶ
2626 3082 2805 3151 πάθῃς
2834 3098 2887 3135 τι
2922 3082 3059 3152 πρὸς
3083 3082 3273 3153 αὐτὴν,
3298 3084 3498 3154 μηκέτι
3549 3085 3689 3157 ῐδῃς,

2115 3171 2210 3223 καὶ
2237 3169 2584 3241 ἀπηλλάγης.
2608 3173 2717 3224 Καὶ
2744 3171 2861 3235 πῶς
2888 3172 3188 3244 δυνήσομαι
3213 3177 3410 3246 μηκέτι
3439 3177 3567 3229 ἰδεῖν
3590 3177 3696 3231 ὐπὸ

2114 3261 2215 3333 τῆς
2253 3262 2552 3334 ἐπιθυμίας
2606 3264 2897 3333 ἑλκόμενος
2920 3308 2934 3329 ,
2966 3266 3158 3338 φησίν;
3203 3268 3441 3339 Ἐτέροις
3473 3271 3696 3324 σεαυτὸν

2113 3356 2203 3420 δὺς
2234 3396 2250 3420 ,
2314 3357 2662 3429 περιέλκουσι
2706 3358 2805 3429 τὴν
2833 3358 3012 3429 ψυχὴν
3044 3398 3059 3424 ,
3098 3358 3325 3429 βιϐλίοις
3352 3400 3368 3425 ,
3418 3365 3697 3434 φροντίσιν

2115 3449 2478 3516 ἀναγκαίαις,
2534 3448 2925 3521 προστασίαις,
2969 3448 3242 3520 βοηθείαις
3300 3451 3693 3522 ἀδικουμένων,

2115 3542 2322 3610 εὐχαῖς.
2359 3540 2646 3612 φιλοσοφίᾳ
2674 3542 2738 3610 τῇ
2768 3541 2895 3611 περί
2916 3540 3024 3594 τῶν
3054 3541 3354 3612 μελλόντων
3384 3563 3400 3578 ·
3433 3544 3696 3610 τοιούτοις

2116 3632 2419 3702 κατάδησον
2469 3631 2569 3702 τὴν
2621 3630 2821 3702 ψυχήν,
2888 3630 3073 3694 Οῦτως
3123 3635 3245 3705 οὐχ).
3299 3637 3491 3706 νεαρὸν
3540 3636 3697 3702 ἐλκος

2116 3721 2385 3795 διορθώσῃ
2416 3723 2596 3791 μόνον,
2627 3722 2765 3775 ἀλλά
2815 3724 2991 3792 παγέν
3031 3726 3123 3778 καὶ
3169 3727 3381 3798 χρόνιον
3410 3730 3698 3801 γενόμενον

2119 3816 2395 3888 ἀποτρίψῃ
2418 3816 2629 3889 ῥᾳδίως.
2643 3815 2792 3889 [491]
2808 3817 2869 3870 Et
2892 3817 2998 3889 7&9
3017 3817 3275 3889 ῦϐριςτὸν
3298 3822 3504 3893 ἐρῶντα
3520 3824 3699 3879 πείθει

2118 3909 2407 3964 καταλύειν
2436 3909 2528 3962 τὸν
2580 3908 2775 3980 ἔρωτα,
2812 3910 2953 3963 κατά
2980 3911 3078 3981 τὴν
3118 3913 3414 3983 παροιμίαν
3436 3957 3452 3978 ,
3486 3914 3602 3979 πῶς
3635 3917 3697 3970 οὐ

2120 4004 2300 4075 πολλῷ
2330 4003 2533 4075 μᾶλλον
2570 4004 2626 4056 αί
2679 4007 3050 4074 πνευματικαὶ
3083 3998 3242 4058 αὗται
3278 4007 3482 4078 ἐπῳδαὶ
3538 4027 3697 4081 περι-

2118 4097 2332 4150 έσονται
2363 4094 2456 4148 τοῦ
2506 4093 2708 4160 κακοῦ,
2740 4095 2899 4165 μόνον
2938 4094 3004 4149 ἀν
3046 4095 3315 4167 ἐθέλωμεν
3365 4100 3696 4171 ἀποστῆναις

2124 4189 2221 4240 Ἂν
2267 4186 2326 4240 δὲ
2377 4187 2463 4240 ἀεὶ
2523 4186 2944 4256 προσομιλῶμεν
2984 4187 3080 4240 καὶ
3130 4190 3700 4263 συναναστρεφώμεθα

2118 4280 2241 4341 ταῖς
2284 4276 2630 4341 τοξευούσαις
2660 4278 2809 4347 ἡμᾶς
2850 4277 2920 4331 τά
2970 4278 3194 4333 τοιαῦτα
3228 4278 3553 4353 τοξεύματα,
3607 4286 3700 4336 καὶ

2119 4371 2367 4441 λέγοντες
2392 4371 2485 4424 καὶ
2517 4368 2807 4432 ἀκούοντες
2834 4369 2905 4423 τὰ
2959 4373 3089 4443 παρ’
3125 4372 3370 4436 ἐκείνων,
3429 4374 3701 4446 τρέφομεν

2119 4463 2183 4516 τὸ
2221 4463 2456 4532 νόσημα.
2499 4462 2622 4526 Πῶς
2655 4456 2751 4515 οῦν
2779 4462 2952 4527 ἀξιοῖς
2986 4462 3279 4534 σϐεσθῆναι
3312 4464 3373 4517 τὸ
3413 4463 3546 4536 πῦρ,
3578 4466 3700 4520 καθ’

2121 4555 2360 4627 ἑκάστην
2411 4554 2625 4627 ἡμέραν
2675 4556 2776 4623 τὴν
2826 4554 2998 4625 φλόγα
3041 4556 3339 4617 ἀνάπτων;
3386 4559 3497 4611 Καὶ
3526 4558 3703 4613 ταῦτα

2125 4648 2223 4719 μὲν
2250 4649 2381 4720 ἡμῖν
2407 4648 2476 4702 τὰ
2499 4649 2600 4718 τῆς
2625 4646 2914 4718 συνηθείας
2934 4648 3070 4719 πρὸς
3088 4649 3214 4712 τούς
3233 4651 3389 4712 νέους
3414 4648 3656 4722 είρήσθω
3683 4665 3700 4682 '
3742 4722 3747 4727 1

2118 4741 2195 4806 ὡς
2252 4744 2365 4805 τοῖς
2421 4757 2486 4812 γε
2528 4739 2775 4814 ἀνδράσι,
2808 4741 2900 4794 καὶ
2954 4739 3264 4809 φιλοσοφεῖν
3295 4741 3700 4811 ἐπισταμένοις,

2120 4834 2339 4889 πάντων
2401 4831 2602 4905 μείζων
2650 4835 2679 4885 ὁ
2710 4830 2802 4884 τοῦ
2851 4830 2984 4883 Θεοῦ
3033 4830 3216 4898 φόϐος,
3253 4833 3286 4902 ἡ
3336 4832 3436 4904 τῆς
3479 4832 3704 4905 γεέννης

2125 4925 2415 4997 μνήμη,ή
2471 4924 2570 4993 τῆς
2633 4921 2909 4993 βασιλείας
2957 4921 3066 4975 τῶν
3119 4922 3361 4994 οὐρανῶν
3405 4922 3700 4996 ἐπιθυμία·

2125 5017 2285 5070 ίκανά
2315 5016 2425 5087 7&9
2462 5014 2637 5069 ταῦτα
2681 5014 2872 5069 σϐέσαι
2906 5014 2968 5069 τδ
3022 5013 3152 5086 πῦρ.
3201 5017 3354 5070 Μετά
3398 5016 3455 5070 δὲ
3502 5016 3710 5073 τούτων

2123 5110 2345 5161 κάκεῖνο
2379 5106 2574 5172 ἐννόει,
2610 5109 2691 5161 ὅτι
2734 5106 2887 5162 οὐδὲν
2923 5107 3111 5179 ἔτερόν
3152 5107 3271 5160 ἐστι
3306 5107 3368 5160 τὸ
3406 5106 3704 5178 ὁρώμενον,

2121 5193 2155 5261 ἢ
2189 5192 2410 5263 φλέγμα
2432 5193 2529 5247 καὶ
2558 5187 2699 5263 αἷμα
2733 5196 2825 5248 καὶ
2844 5195 3053 5266 τροφῆς
3086 5194 3476 5265 διασεσηπυίας
3503 5195 3698 5265 χυμός.

2136 5284 2299 5337 ’Λλλά
2341 5285 2566 5357 φαιδρὸν
2611 5285 2673 5339 τὸ
2718 5284 2879 5351 ἄνθος
2941 5286 3041 5357 τῆς
3086 5286 3280 5356 ὄψεως,
3326 5284 3510 5356 φησίν.
3562 5283 3703 5339 Ἀλλ’

2187 5447 2217 5488 ι»
2244 5447 2353 5513 Ms”
2371 5451 2452 5513 καὶ
2472 5451 2611 5512 ἡμῶν
2641 5451 2843 5513 πρῶτον.

2194 5522 2216 5574 ς
2245 5510 2843 5574 ιερεὺαιιινμεθίστασθαι.

2189 5572 2216 5614 d
2242 5572 2501 5636 Legebalur
2524 5572 2694 5640 τροφή.
