4098 6222
469 287 622 344 οὑδέν
636 287 745 340 τῶν
771 285 945 339 ἀνθῶν
963 285 1072 340 τῶν
1101 285 1207 339 ἀπὺ
1226 285 1322 352 τῆς
1349 282 1459 351 γῆς
1489 281 1845 352 φαιδρότερον
1870 296 1885 311 ·
1920 283 2056 336 ἀλλά

473 380 569 435 καὶ
599 376 773 430 ταῦτα
801 378 1031 446 σήπεται
1077 376 1169 428 καὶ
1207 374 1553 444 μαραίνεται.
1586 371 1678 442 Μὴ
1706 372 1888 425 τοίνυν
1921 374 2058 444 μηδὲ

479 469 713 524 ἐνταῦθα
745 469 825 538 τῷ
853 469 1003 523 ἄνθει
1049 467 1281 536 πρόσεχε
1317 481 1330 495 ·
1362 464 1476 517 ἀλλ’
1534 465 1808 536 ἐνδότερον
1837 466 2052 534 διάϐηθι

472 558 552 628 τῷ
583 557 848 625 λογισμῷ,
896 555 989 608 καί
1021 553 1081 605 τὸ
1110 553 1285 622 δέρμα
1313 553 1374 604 τὸ
1403 551 1567 604 καλὸν
1589 553 1763 603 ἐκεῖνο
1794 551 2056 622 περιελὼν

466 647 548 717 τῷ
597 646 862 716 λογισμῷ,
909 643 1275 714 περιεργάςου
1328 644 1396 696 τά
1445 643 1550 696 ὑπὸ
1599 643 1758 696 τοῦτο
1801 644 2052 712 κείμενα.

485 733 633 792 Ἐπεὶ
662 739 756 790 καί
777 737 838 789 τὸ
860 735 970 788 τῶν
1009 735 1344 805 ὑδεριώντων
1376 735 1538 805 σῶμα
1564 735 1879 788 ἀποστίλϐει
1907 736 2052 805 λαμ-

475 831 630 900 πρὸν.
667 829 763 882 καὶ
789 827 939 880 οὐδὲν
985 829 1016 897 ἡ
1049 828 1341 894 ἐπιφάνεια
1397 827 1599 895 φαῦλον
1637 827 1770 897 ἔχει,
1808 827 1944 880 ἀλλά
1985 831 2050 898 τῇ

472 923 646 990 ἐννοίᾳ
694 920 790 973 τοῦ
832 919 980 972 ἔνδον
1021 921 1383 988 ἀποκειμένου
1434 919 1608 990 χυμοῦ
1655 919 2051 989 πληττόμενοι,

470 1011 643 1080 φιλεῖν
688 1010 813 1072 τοὺς
858 1009 1134 1072 τοιούτους
1181 1011 1240 1062 ού
1299 1011 1598 1080 δυνάμεθα.
1639 1010 1778 1062 Ἀλλ’
1827 1011 1988 1081 ὑγρὸς
2024 1013 2053 1063 ό

469 1101 767 1170 ὀφθαλμδς,
817 1104 910 1154 xal
957 1102 1175 1170 γοργὸς,
1232 1103 1324 1154 καὶ
1378 1102 1559 1164 καλῶς
1607 1102 1986 1170 ἀποτεταμένη
2015 1102 2050 1172 ἡ

469 1194 666 1262 ὀφρῦς,
690 1193 784 1243 καὶ
808 1195 1003 1244 κυαναῖ
1022 1194 1078 1244 αἱ
1117 1191 1455 1261 βλεφαρίδες,
1479 1193 1574 1245 καὶ
1593 1194 1798 1261 ἥμερος
1833 1193 1865 1260 ἡ
1889 1192 2049 1262 κόρη,

469 1285 565 1338 καὶ
594 1284 828 1352 γαληνὸν
864 1283 924 1334 τὸ
946 1281 1128 1352 ὄμμα.
1180 1283 1318 1334 Ἀλλ’
1350 1284 1452 1352 ὅρα
1478 1284 1559 1335 ὃτι
1597 1285 1735 1336 αὑτὸ
1766 1283 1924 1334 τοῦτο
1956 1282 2053 1334 πά-

469 1374 553 1426 λιν
609 1374 759 1426 οὐδὲν
809 1373 995 1441 ἕτερόν
1050 1374 1216 1430 ἐστιν,
1269 1373 1300 1442 ἢ
1356 1372 1523 1442 νεῦρα
1569 1373 1666 1426 καὶ
1699 1373 1893 1440 φλέϐες
1950 1373 2049 1425 καὶ

470 1465 668 1534 ὑμένες
726 1464 819 1516 καὶ
855 1465 1132 1535 ἀρτηρίαι.
1171 1464 1240 1515 Σὺ
1285 1464 1342 1515 δέ
1386 1481 1476 1532 μοι
1511 1465 1601 1516 τὸν
1663 1464 1827 1517 καλὸν
1859 1464 2048 1516 τοῦτον

472 1555 752 1624 ὀφθαλμὸν
782 1556 1032 1620 ἐννόησον
1061 1553 1342 1619 νοσοῦντα,
1377 1553 1653 1622 γηρῶντα,
1689 1554 1792 1606 ὑπὸ
1811 1553 2048 1622 ἀθυμίας

474 1647 888 1716 μαραινόμενον,
943 1646 1047 1698 ὑπὸ
1103 1646 1272 1715 ὀργῆς
1323 1644 1586 1706 οἰδοῦντα,
1620 1645 1737 1707 πῶς
1782 1646 2044 1716 εἰδεχθὴς,

472 1739 589 1800 πῶς
613 1737 822 1807 ταχέως
857 1737 1173 1796 ἀπόλλυται,
1199 1737 1290 1788 καὶ
1316 1738 1424 1787 τῶν
1444 1735 1841 1805 γεγραμμένων
1864 1738 2047 1806 τάχιον

471 1830 814 1898 ἀφανίζεται.
865 1828 997 1880 Ἀπὸ
1021 1827 1224 1880 τούτων
1255 1816 1531 1895 μετάγαγε
1562 1827 1659 1897 τὴν
1682 1827 1922 1880 διάνοιαν
1955 1828 2047 1878 ἐπὶ

469 1923 530 1972 τὸ
574 1920 767 1982 κάλλος
795 1919 855 1971 τὸ
893 1919 1160 1988 ἀληθινόν,
1202 1917 1340 1969 Ἀλλ’
1373 1919 1471 1987 ούχ
1499 1918 1629 1988 ὁρῶ,
1667 1919 1819 1987 φησὶ,
1858 1917 2052 1980 κάλλος

466 2011 668 2080 ψυχῆς.
734 2009 876 2062 Ἀλλ’
933 2010 999 2063 ἂν
1059 2009 1268 2079 ἐθέλῃς,
1319 2008 1484 2076 ὄψει’
1533 2009 1628 2060 καί.
1681 2007 1870 2078 ὥσπερ
1928 2009 2052 2070 τοὺς

469 2104 707 2166 ἀπόντας
755 2102 956 2165 καλοὺς
1011 2102 1158 2154 ἔστιν
1187 2101 1483 2171 ὀφθαλμῶς
1521 2100 1596 2170 μὴ
1633 2101 1805 2152 ἰδόντα
1849 2099 1925 2170 τῷ
1975 2099 2050 2169 νῷ

1168 172 1227 227 S.
1259 163 1558 227 JOANNlS
1597 166 2090 226 CHRYSOSTOMI
2129 166 2450 223 ARCHIEP.
2493 165 3048 222 CONSTAATINOI’.

3615 171 3728 226 ιδι

2159 280 2436 352 θαυμάσαι
2460 297 2474 312 ο
2493 281 2634 334 οὕτω
2661 281 2883 334 δυνατὸν
2909 281 3086 350 ψυχῆς
3116 280 3311 346 κάλλος
3333 284 3502 354 χωρὶς
3529 285 3733 354 ὀφθαλ-

2160 373 2278 437 μῶν
2312 373 2461 427 ίδεῖν.
2489 375 2601 443 Οὑχ
2629 373 2952 442 ὑπέγραψας
2981 373 3240 437 πολλάκις
3279 376 3492 448 μορφὴν
3523 378 3727 448 εὐειδῆ,

2156 465 2248 516 καὶ
2268 464 2470 526 ἔπαθές
2491 481 2546 517 τι
2569 463 2706 534 πρὸς
2732 463 2832 534 τὴν
2870 464 3189 529 διάπλασινς
3231 465 3610 522 Ἀνατύπωσον
3633 471 3732 524 καὶ

2153 553 2251 606 νῦν
2288 554 2466 623 ψυχῆς
2495 554 2709 618 κάλλος,
2751 555 2845 606 καὶ
2873 555 3114 624 ἐντρύφα
3142 559 3208 626 τῇ
3255 557 3551 629 εὐμορφίᾳ.
3587 561 3728 613 Ἀλλ’

2152 644 2250 713 οὑχ
2291 644 2422 714 ὁρῶ,
2461 644 2655 713 φησὶν,
2703 645 2991 714 ἀσώματα.
3024 645 3135 698 Kal
3185 647 3289 718 μὴν
3326 649 3436 700 τῶν
3462 651 3730 719 σωμάτων

2151 735 2294 788 αὑτά
2335 735 2533 806 μᾶλλον
2560 734 2774 805 ὁρῶμεν
2802 735 2880 804 τῷ
2906 734 2998 805 νῷ.
3033 735 3133 788 Διά
3165 737 3322 790 τοῦτο
3353 737 3483 805 γοῦν
3515 739 3729 809 θαυμά-

2153 826 2319 895 ζομεν
2359 825 2453 878 καὶ
2482 824 2750 893 ἀγγέλους
2788 825 2880 878 καὶ
2907 825 3300 896 ἀρχαγγέλους,
3348 828 3614 896 καίτοιγε
3651 832 3726 902 μὴ

2149 917 2405 987 ὁρῶντες,
2433 918 2526 969 καὶ
2580 917 2798 987 τρόπων
2835 917 2937 987 ἢθη
2996 917 3089 968 καί⁵
3129 917 3306 987 ψυχῆς
3338 919 3561 988 ἀρετήν.
3609 921 3726 973 Κᾶν

2148 1009 2268 1079 ἴδῃς
2291 1009 2576 1079 ἄνθρωπον
2602 1011 2818 1078 ἐπιεικῆ
2850 1008 2944 1061 καὶ
2971 1009 3209 1078 μέτριον,
3243 1010 3445 1079 μᾶλλον
3470 1011 3725 1082 θαυμάσῃ

2151 1099 2340 1152 τοῦτον
2388 1101 2420 1169 ἢ
2473 1099 2688 1168 ἐκείνην
2739 1100 2838 1169 τὴν
2897 1097 3167 1168 εὑμορφον
3219 1099 3342 1168 ὄψιν
3383 1117 3395 1128 ·
3461 1103 3564 1153 κᾶν
3613 1102 3726 1172 ἴδῃς

2152 1190 2540 1260 ὑϐριζόμενον,
2582 1190 2674 1243 καὶ
2708 1189 2939 1260 φέροντα
2993 1191 3344 1260 ἀδικούμενον
3372 1233 3387 1254 ,
3443 1192 3583 1259 μετά
3629 1192 3723 1245 τοῦ

2151 1279 2454 1347 θαυμάζειν
2488 1278 2588 1348 ἔρα
2613 1278 2722 1330 τῶν
2749 1279 3022 1343 τοιούτων,
3050 1279 3152 1332 κᾶν
3209 1281 3579 1350 γεγηρακότες
3601 1275 3722 1333 ὦσι.

2151 1371 2261 1423 Καὶ
2288 1370 2395 1440 γὰρ
2425 1371 2662 1423 τοιοῦτον
2698 1370 2798 1439 τῆς
2828 1371 3006 1440 ψυχῆς
3036 1371 3095 1422 τὸ
3119 1371 3348 1435 κάλλος,
3376 1372 3472 1424 καὶ
3501 1373 3558 1424 ἐν
3579 1374 3726 1443 γήρᾳ

2153 1461 2377 1522 πολλοὺς
2400 1463 2510 1531 ἔχει
2543 1463 2666 1524 τοὺς
2692 1461 2947 1532 ἐραστὰς,
2976 1462 3070 1513 καὶ
3096 1462 3353 1514 οὐδέποτε
3381 1463 3722 1532 μαραίνεται,

2154 1554 2269 1605 ἀλλ’
2300 1553 2449 1606 ἀνθεῖ
2495 1553 2774 1621 διηνεκῶς.
2816 1553 2914 1604 "lv'
2953 1548 3044 1604 οῦν
3091 1553 3184 1605 καὶ
3221 1552 3375 1604 αὑτοὶ
3413 1552 3572 1605 τοῦτο
3596 1570 3724 1621 κτη-

2156 1645 2396 1715 σώμεθα,
2410 1645 2532 1706 τοὺς
2554 1643 2774 1712 ἔχοντας
2794 1643 2924 1696 αὑτὸ
2940 1642 3214 1713 θηρῶμεν,
3235 1642 3323 1696 καὶ
3345 1643 3723 1714 ἐρασταὶμθῖ]

2153 1738 2356 1790 τούτων
2372 1736 2666 1806 γινώμεθα.
2692 1735 2847 1788 υῦτω
2888 1735 2997 1804 γάρ
3023 1737 3118 1788 καί⁹
3159 1735 3313 1790 αὐτοὶ
3362 1734 3722 1805 δυνησόμεθα,

2155 1829 2360 1897 ταύτην
2386 1826 2638 1890 λαϐόντες
2663 1827 2761 1897 τὴν
2787 1827 3108 1898 εὐμορφίαν,
3139 1826 3248 1878 τῶν
3273 1826 3508 1878 αἰωνίων
3535 1828 3722 1878 ἐπιτυ-

2159 1921 2278 1988 χεῖν
2331 1915 2550 1984 ἀγαθῶν
2583 1932 2594 1944 ·
2621 1909 2694 1968 ὧν
2736 1915 2945 1984 γένοιτο
2986 1915 3190 1978 πάντας
3233 1915 3381 1984 ἡμᾶς
3409 1918 3718 1984 μετασχεῖν,

2158 2011 2338 2080 χάριτι
2367 2008 2461 2060 καί
2487 2005 2884 2078 φιλανθρωπία,
2915 2009 3010 2060 καὶ
3033 2008 3102 2061 τά
3132 2007 3281 2079 ἑξῆς.

1979 2373 2225 2428 ΟΜιΛῐΔ
2267 2376 2350 2430 Η⁹.

473 2473 757 2541 Ἔχοντες
827 2466 939 2525 οὖν
989 2469 1106 2537 τὴν
1167 2469 1479 2523 διακονίαν
1515 2471 1782 2536 ταύτην,
1847 2469 2042 2535 καθὼς

538 2563 902 2632 ἠλεήθημεν,
947 2563 1058 2616 οὐκ
1077 2561 1474 2631 ἐκκακοῦμεν,
1509 2561 1647 2616 ἀλλ’
1667 2560 2044 2630 ἀπειπάμεθα

537 2655 612 2708 τὰ
643 2653 875 2722 κρυπτὰ
904 2651 1014 2720 τῆς
1037 2653 1363 2722 αἰσχύνης.

539 2751 609 2800 α’.
636 2745 851 2815 Ἐπειδὴ
876 2745 1086 2815 μεγάλα
1103 2745 1422 2813 ἐφθέγξατο,
1442 2745 1534 2799 καί
1555 2747 1829 2810 Μωῡσέως
1855 2747 2045 2801 ἑαυτὸν

467 2835 776 2906 προύθηκε,
833 2839 926 2888 καὶ
990 2837 1117 2898 τοὺς
1160 2838 1387 2899 πιστοὺς
1441 2837 1670 2900 πάντας,
1721 2839 2044 2908 αἰσθόμενος

469 2927 568 2996 τῆς
599 2925 904 2996 ὑπερϐολῆς
933 2926 1141 2979 καὶτοῦ
1176 2927 1439 2996 μεγέθους
1467 2927 1572 2980 τῶν
1589 2929 1914 2997 εἰρημένων,
1943 2929 2044 2997 ὅρα

476 3017 594 3080 πῶς
622 3017 900 3087 μετριάζει
929 3017 1112 3070 πάλιν.
1139 3018 1249 3070 Kal
1272 3018 1379 3088 γάρ
1402 3019 1650 3090 ἐπαίρειν
1678 3019 1785 3071 ἔδει
1810 3019 1898 3072 διὰ
1920 3021 2044 3082 τοὺς

465 3104 930 3175 ψευδαποστόλους
959 3105 1201 3167 καὶτοὺς
1235 3106 1529 3176 ἀκροατὰς,
1563 3107 1656 3159 καὶ
1677 3107 1835 3160 πάλιν
1870 3125 2044 3179 παρα-

471 3195 755 3268 μυθεῖσθαι
817 3195 908 3248 τὸν
954 3195 1149 3264 ὄγκον,
1201 3198 1324 3265 οὑχὶ
1375 3196 1676 3269 καθαιρεῖν,
1724 3198 1846 3252 ἐπεὶ
1887 3199 2044 3252 τοῦτο

469 3286 753 3352 παίζοντος
791 3283 879 3358 ἦν.
924 3289 1124 3357 Διόπερ
1169 3290 1373 3359 ἑτέρως
1416 3291 1548 3342 αὐτὸ
1607 3290 1912 3360 μεθοδεύει,
1964 3291 2044 3360 τῷ

462 3378 763 3442 δεικνύναι,
796 3380 879 3432 ὅτι
899 3379 999 3432 οὐκ
1020 3381 1084 3433 ἐκ
1104 3380 1210 3433 τῶν
1233 3382 1448 3434 οἰκείων
1479 3382 1916 3453 κατορθωμάτων
1947 3383 2040 3450 γέ·-

466 3487 642 3538 γονεν,
676 3470 789 3523 ἀλλ’
835 3472 900 3522 ἐκ
929 3471 1025 3541 τῆς
1069 3470 1164 3525 τοῦ
1211 3473 1344 3525 Θεοῦ
1374 3473 1786 3544 φιλανθρωπίας
1807 3475 1866 3526 τὸ
1892 3477 2000 3527 πᾶν
2028 3493 2040 3507 ·

465 3561 547 3613 διὸ
567 3561 659 3613 καί
677 3578 860 3629 φησιν,
885 3562 1173 3630 Ἔχοντες
1194 3557 1308 3616 οὖν
1327 3561 1440 3630 τὴν
1462 3562 1776 3616 διακονίαν
1795 3565 2040 3630 ταύτην.

468 3652 637 3704 οὐδὲν
670 3653 780 3723 γάρ
811 3651 970 3704 πλέον
1021 3655 1182 3722 ἡμεῖς
1213 3654 1632 3724 εἰσηνέγκαμεν,
1661 3653 1776 3706 ἀλλ’
1804 3654 1834 3724 ἢ
1863 3653 2044 3707 διάκο-

468 3759 551 3796 νοι
585 3743 749 3814 μόνον
777 3744 1096 3815 ἐγενόμεθα,
1119 3747 1210 3798 καὶ
1235 3747 1346 3807 τοῖς
1374 3745 1524 3814 παρά
1540 3744 1634 3797 τοῦ
1659 3745 1794 3798 Θεοῦ
1817 3745 2044 3799 δοθεῖσιν

467 3836 915 3905 ὑπηρετησαμεν.
941 3836 1142 3907 Διόπερ
1163 3836 1264 3889 οὑκ
1287 3832 1408 3890 εἷπε
1433 3835 1700 3907 παροχὴν,
1726 3837 1845 3890 οὑδὲ
1881 3855 2046 3909 χορη-

468 3923 599 3992 γίαν
623 3964 638 3986 ,
673 3925 810 3977 ἀλλά
849 3926 1202 3987 Διακονίαν,
1251 3927 1345 3978 καί¹
1385 3926 1507 3980 ούδέ
1559 3926 1733 3996 τούτῳ
1771 3927 2040 3998 ἠρκέσθη,

467 4015 582 4069 ἀλλ’
626 4018 892 4086 ἐπήγαγε,
937 4016 1142 4082 Καθὼς
1181 4017 1544 4086 ἠλεήθημεν.
1598 4021 1707 4073 Καὶ
1751 4019 1859 4089 γὰρ
1887 4020 2045 4072 τοῦτο

467 4105 620 4168 αὐτὸ,
653 4109 803 4178 φησὶ,
834 4108 894 4160 τὸ
927 4107 1344 4177 διακονήσασθαι
1369 4109 1598 4173 τούτοις,
1635 4110 1742 4163 ἀπὸ
1766 4110 1916 4164 ἐλέου
1949 4111 2044 4162 καί.

465 4197 895 4267 φιλανθρωπίας.
961 4199 1150 4250 Καίτοι
1207 4215 1270 4265 γε
1334 4199 1517 4262 ἐλέους
1572 4201 1689 4254 ἐστί⁷
1732 4202 1791 4253 τὸ
1855 4200 2042 4252 κακῶν

465 4287 790 4352 ἀπαλλάξαι,
819 4289 936 4358 ούχὶ
971 4288 1030 4340 τὸ
1064 4288 1155 4340 καὶ
1185 4288 1422 4340 τοσαῦτα
1457 4289 1642 4342 δοῦναι
1673 4289 1884 4358 ἀγαθά·
1923 4289 2039 4342 ἀλλ’

464 4379 494 4430 ὁ
526 4379 619 4431 τοῦ
652 4377 786 4431 Θεοῦ
817 4378 962 4442 ἔλεος
1005 4379 1100 4430 καὶ
1126 4377 1284 4431 τοῦτο
1318 4378 1450 4448 ἔχει.
1491 4382 1612 4433 Οὐκ
1640 4380 2036 4448 ἐκκακοῦμεν.

464 4469 576 4523 Kal
602 4470 760 4522 τοῦτο
799 4469 854 4522 δέ
906 4471 1070 4522 αὑτοῦ
1107 4473 1174 4540 τῇ
1227 4470 1606 4542 φιλανθρωπίᾳ
1640 4473 1934 4539 λογιστέον.
1967 4471 2038 4523 Τὸ

464 4559 594 4629 γάρ,
637 4559 839 4626 Καθὼς
868 4561 1244 4628 ἠλεήθημεν,
1293 4562 1388 4613 καὶ
1427 4562 1566 4630 ὑπὲρ
1593 4562 1693 4629 τῆς
1739 4562 2035 4623 διακονίας,

463 4653 559 4704 καὶ
591 4653 729 4724 ὑπὲρ
774 4652 885 4711 τοῦ,
923 4655 1042 4704 Οὐκ
1095 4650 1490 4711 ἐκκακοῦμεν.
1529 4649 1777 4716 εἰρῆσθαι
1824 4649 2032 4716 νόμιζε.

463 4743 573 4793 Kal
605 4742 796 4794 σκόπει
824 4743 935 4806 πῶς
967 4742 1257 4804 σπουδάζει
1276 4740 1342 4792 τὰ
1363 4739 1486 4791 καθ’
1511 4739 1699 4791 ἑαυτὸν
1729 4740 2030 4807 καθαιρεῖν.

462 4830 565 4880 Τὸν
587 4829 696 4899 γάρ
731 4833 992 4884 τοιούτων
1013 4831 1332 4897 ἀξιωθέντα,
1375 4828 1530 4899 φησὶ,
1557 4829 1652 4881 καὶ
1677 4827 2030 4898 τηλικούτων,

461 4917 558 4970 καὶ
588 4919 760 4971 ταῦτα
781 4922 888 4973 ἀπὸ
922 4923 1072 4974 ἐλέου
1109 4925 1266 4992 μόνον
1295 4924 1388 4976 καὶ
1417 4919 1850 4991 φιλανθρωπίας,
1879 4918 2032 4970 οὐδὲν

464 5006 607 5078 μέγα
659 5006 933 5070 τοιούτους
998 5010 1403 5063 ἐπιδείκνυσθαι
1455 5009 1673 5071 πόνους,
1706 5007 1800 5059 καὶ
1849 5003 2032 5056 κινδυ-

461 5096 639 5150 νεύειν
662 5097 757 5149 καὶ
785 5101 1124 5167 πειρασμοὺς
1150 5101 1461 5169 ὑπομένειν.
1482 5099 1580 5151 Διά
1606 5097 1762 5150 τοῦτο
1785 5095 1845 5148 οὐ
1877 5093 2032 5161 μόνον

459 5191 522 5242 οὑ
553 5188 986 5257 καταπίπτομεν,
1015 5187 1150 5240 ἀλλά
1178 5191 1269 5240 καὶ
1293 5191 1573 5257 χαίρομεν,
1601 5189 1694 5242 καὶ
1722 5189 2032 5264 παρρησια-

461 5279 686 5350 ζόμεθα.
714 5279 896 5334 Εἰπὼν
928 5279 1080 5347 γοῦν,
1115 5280 1236 5332 Οὐκ
1277 5279 1668 5346 ἐκκακοῦμεν,
1715 5280 1992 5348 ἐπήγαγεν
2014 5289 2027 5306 ⁶

475 5373 628 5425 Ἀλλ’
671 5369 1039 5440 ἀπειπάμεθα
1071 5369 1141 5424 τὰ
1160 5369 1392 5437 κρυπτὰ
1430 5367 1540 5436 τῆς
1591 5370 1910 5436 αἰσχύνης,
1933 5361 2020 5431 μὴ

462 5463 929 5528 ,περιπατοῦντες
967 5463 1036 5515 ἐν
1084 5460 1436 5527 πανοιιργίςι,
1479 5457 1632 5527 μηδὲ
1697 5454 2020 5514 δολοῦντες

462 5549 570 5603 τὸν
599 5553 783 5620 λόγον
815 5553 919 5606 τοῦ
961 5552 1123 5605 Θεοῦ.
1170 5550 1276 5602 Kal
1301 5549 1352 5602 τί
1390 5550 1524 5607 ἐστι,
1562 5546 1637 5598 Τὰ
1656 5541 1887 5609 κρυπτὰ
1911 5535 2018 5601 τῆς

2150 2469 2482 2535 αίσχύνης;
2509 2469 2621 2521 Ούκ
2647 2467 3109 2538 ἐπαγγελλόμεθα.
3135 2471 3290 2541 φησὶ.
3324 2473 3419 2524 καὶ
3443 2472 3727 2544 ὑπισχνού-

2153 2559 2297 2627 μεθα
2330 2560 2564 2629 μεγάλα,
2581 2561 2674 2612 καὶ
2700 2559 2785 2612 ἔτε
2797 2577 2862 2628 ρα
2881 2560 2937 2612 δέ
2970 2561 3058 2613 ἐπὶ
3086 2563 3193 2614 τῶν
3219 2562 3396 2631 ἔργων
3415 2565 3722 2635 δείκνυμεν,

2152 2652 2408 2723 καθάπερ
2441 2654 2638 2705 ἐκεῖνοι
2669 2669 2681 2682 ·
2715 2652 2794 2703 διὸ
2831 2653 2924 2704 καὶ
2959 2653 3133 2720 ἔλεγε,
3170 2654 3245 2708 Τὰ
3292 2657 3442 2709 κατὰ
3493 2658 3726 2723 πρόσω-

2149 2757 2288 2802 πον,
2306 2741 2569 2805 ,βλέπετε
2598 2757 2612 2772 ⁸
2651 2742 2786 2796 ἀλλά
2815 2741 3046 2795 τοιοῦτοί
3075 2745 3260 2812 ἐσμεν,
3294 2742 3397 2797 οἶοι
3446 2746 3722 2817 όρὼμεθα,

2148 2837 2268 2905 οὑχί⁵
2298 2836 2522 2905 διπλόην
2569 2837 2692 2890 τινὰ
2731 2836 2974 2906 ἔχοντες,
3035 2837 3158 2890 οὔτε
3203 2839 3426 2893 τοιαῦτα
3479 2841 3726 2907 λέγοντες

2150 2928 2244 2980 καὶ
2271 2925 2549 2989 ποιοῦντες
2575 2926 2610 2980 ἀ
2639 2927 2901 2996 κρύπτειν
2930 2928 3011 2981 δεῖ
3050 2929 3142 2982 καί
3177 2930 3492 3002 συσκιάζειν
3536 2936 3726 3002 αἰσχυ-

2149 3019 2410 3087 νομένους
2448 3019 2540 3070 καὶ
2575 3018 2964 3088 ἐρυθριῶντας.
3019 3022 3128 3072 Καὶ
3150 3020 3308 3074 τοῦτο
3369 3024 3721 3094 ἑρμηνεύων,

2149 3109 2419 3178 ἐπήγαγε,
2448 3106 2543 3173 Μὴ
2571 3108 3038 3174 περιπατοῦντες
3055 3110 3126 3162 ἐν
3146 3113 3501 3179 πανουργίᾳ.
3534 3116 3598 3165 Ὃ
3619 3113 3726 3184 γὰρ

2149 3197 2395 3267 ἐνόμιζον
2415 3196 2684 3266 ἐγκώμιον
2701 3195 2838 3254 εἶναι
2857 3201 3244 3263 ἐκεῖνοι,τοῦτο
3266 3203 3491 3272 αίσχρὺν
3515 3205 3608 3256 καὶ
3634 3221 3728 3257 κα-

2148 3289 2477 3358 ταγέλαστον
2500 3291 2808 3358 ἀποφαίνει.
2829 3289 2976 3364 [695]
2993 3293 3057 3344 Τί
3079 3293 3134 3346 δέ
3162 3295 3330 3356 ἐστιν,
3350 3296 3447 3346 Ἐν
3466 3311 3726 3365 nar-ang-

2147 3381 2279 3448 γίᾳ;
2297 3378 2466 3443 Δόξαν
2490 3375 2634 3450 εἶχον
2661 3381 2733 3452 μὴ
2762 3381 3146 3452 λαμϐανόντων
3178 3387 3396 3450 ἐκεῖνοι,
3421 3389 3724 3458 ἐλάμϐανον

2149 3471 2206 3524 δέ
2241 3472 2333 3524 καὶ
2366 3471 2639 3542 ἔκρυπτον
2669 3489 2682 3502 ο
2720 3473 2876 3538 δόξαν
2899 3473 3042 3543 εἶχον
3077 3477 3247 3544 ἁγίων
3281 3483 3374 3531 καὶ
3410 3481 3722 3533 ἀποστόλων

2148 3563 2424 3634 δοκίμων,
2456 3561 2594 3634 ἦσαν
2648 3565 2704 3616 δὲ
2755 3566 2963 3635 μυρίων
3015 3567 3278 3637 γέμοντες
3335 3569 3534 3622 κακῶν.
3578 3571 3720 3622 Ἀλλ’

2150 3655 2329 3724 ⁴ίδμεῖς,
2383 3654 2546 3723 φησὶ,
2579 3654 2789 3718 τούτοις
2833 3657 3182 3727 ἀπειπάμεθα
3233 3658 3424 3729 (ταῦτα
3468 3660 3576 3730 γάρ
3622 3663 3715 3713 καὶ

2146 3746 2365 3816 κρυπτά
2390 3745 2650 3817 αἰσχύνης
2687 3747 2884 3816 καλεῖ),
2934 3749 3161 3802 τοιοῦτοι
3211 3749 3361 3813 ὄντες
3392 3746 3493 3803 οἷοι
3524 3753 3714 3819 φαινό-

2148 3837 2310 3907 μεθα,
2337 3839 2430 3890 καί
2462 3837 2612 3890 οὐδὲν
2647 3838 2860 3908 ἔχοντες
2899 3841 3377 3912 συνεσκιασμένον,
3408 3845 3500 3894 ιιιαί¹
3528 3844 3627 3896 οὑκ
3654 3846 3714 3896 ἐν

2144 3928 2221 3998 τῷ
2251 3928 2350 3998 βίῳ
2388 3928 2547 3999 μόνον
2591 3929 2782 3998 τούτῳ,
2810 3929 2945 3983 ἀλλά
2985 3931 3077 3984 καὶ
3125 3934 3184 3984 ἐν
3217 3932 3362 4003 αὑτῷ
3395 3932 3471 4004 τῷ
3505 3935 3715 4005 κηρύγ-

2149 4035 2278 4088 ματι
2305 4035 2320 4050 ο
2345 4017 2502 4071 τοῦτο
2551 4019 2660 4088 γάρ
2685 4021 2852 4082 ἐστιν,
2883 4020 3038 4073 Οὐδὲ
3058 4020 3385 4088 δολοῦντες
3405 4023 3509 4077 τὸν
3531 4027 3717 4093 ,λόγον

2144 4105 2250 4159 τοῦ
2279 4105 2447 4168 Θεοῦ,
2487 4107 2646 4161 ἀλλὰ
2686 4106 2758 4174 τῇ
2779 4108 3108 4176 φανερώσει
3145 4111 3258 4179 τῆς
3286 4114 3575 4181 ἀληθείας
3599 4132 3613 4145 ’
3653 4116 3713 4168 ού

2143 4195 2220 4265 τῷ
2269 4197 2548 4266 προσώπῳ
2587 4199 2678 4252 καὶ
2728 4202 2794 4269 τῇ
2841 4199 3127 4264 ἐπιδείξει,
3171 4203 3290 4254 ἀλλ’
3318 4205 3454 4274 αὑτῇ
3504 4208 3570 4274 τῇ
3609 4206 3714 4256 τῶν

2143 4289 2480 4355 πραγμάτων
2507 4289 2797 4355 ἀποδείξει.
2831 4292 3239 4358 Συνιστῶντες
3274 4293 3530 4362 ἑαυτοὺς
3563 4298 3711 4363 πρὸς

2139 4374 2348 4429 πᾶσαν
2371 4379 2733 4447 συνείδησιν
2759 4381 3098 4450 ἀνθρώπων.
3128 4385 3202 4436 Οὑ
3234 4385 3340 4456 γάρ
3377 4389 3589 4451 πιστοῖς
3620 4390 3713 4458 μόοι

2139 4482 2250 4529 νον,
2304 4468 2437 4520 ἀλλά
2467 4471 2561 4522 καὶ
2599 4473 2849 4536 ἀπίστοις
2904 4474 3072 4542 ἐσμὲν
3126 4478 3440 4547 κατάδηλοι,
3496 4478 3713 4550 προκεί-

2142 4571 2292 4622 μενοι
2358 4559 2521 4610 πᾶσιν
2577 4564 2656 4624 είς
2706 4564 2766 4616 τὸ
2811 4565 3201 4634 βασανίσαιτά
3242 4571 3505 4639 ἡμέτερα,
3546 4571 3621 4634 ὡς
3649 4572 3714 4624 ἂν

2137 4645 2370 4696 ἐθέλοιεν
2403 4663 2417 4676 ·
2453 4649 2545 4700 καὶ
2587 4653 2694 4706 ἀπὸ
2731 4657 2919 4708 τούτου
2955 4658 3285 4728 συνίσταμεν
3333 4662 3579 4727 ἑαυτοὺς,
3618 4662 3714 4715 ούκ

2137 4731 2244 4782 ἀπὸ
2289 4732 2383 4784 τοῦ
2435 4736 2842 4809 ὑποκρίνεσθαι,
2873 4747 2967 4798 καὶ
3011 4751 3350 4814 προσωπεῖον
3401 4753 3715 4822 περιφέρειν

2137 4821 2379 4914 φαιδρόν.
2411 4826 2660 4898 Λέγομεν
2684 4829 2776 4886 οὖν
2816 4836 2982 4906 μηδὲν
3010 4839 3344 4907 λαμϐάνειν,
3378 4843 3470 4895 καί⁵
3505 4821 3684 4914 μάρτυ

2139 4925 2236 4976 ρας
2265 4913 2407 4981 ὑμᾶς
2449 4919 2721 4990 καλοῦμεν
2754 4943 2766 4954 ο
2793 4927 3023 4998 λέγομεν
3067 4931 3232 5000 μηδὲν
3263 4935 3560 4989 συνειδέναι
3591 4913 3718 4989 ἐαυ-

2131 5001 2244 5101 imis
2266 5011 2518 5101 πονηρὸν,
2553 5013 2647 5063 κα.)⁸
2677 5016 2866 5071 τούτου
2898 5020 3061 5073 πάλιν
3104 5023 3202 5092 τὴν
3243 5028 3551 5096 μαρτυρίαν
3586 5029 3716 5099 παρ’

2131 5089 2556 5183 ὑμωνγέλκομεν,
2589 5105 2648 5154 οὑ
2686 5109 2938 5183 καθάπερ
2982 5116 3202 5180 ἐκεῖνοι,
3231 5117 3622 5183 συσκιάζοντες
3650 5122 3716 5173 τά

2285 5181 2531 5278 ἐαυ-τοῦς,
2566 5192 2793 5260 πολλοὺς
2827 5202 3132 5257 ἀπατῶσιν.
3181 5206 3372 5276 Ἡμεῖς
3412 5208 3470 5260 δέ
3498 5211 3592 5261 καὶ
3626 5209 3718 5261 τὸν

2132 5266 2246 5334 βίον
2281 5271 2437 5372 ﬁll-f1”
2472 5278 2636 5332 πᾶσιν
2681 5289 2760 5342 εἰς
2813 5293 2976 5359 μέσον
3007 5297 3362 5368 προτίθεμεν,
3397 5301 3491 5352 καὶ
3517 5301 3578 5353 τὸ
3617 5304 3717 5372 κή-

2133 5370 2318 5462 ςγγμα
2346 5362 2784 5462 ἀξῗγυμγοῦμεν,
2819 5380 2961 5435 ὥστε
3005 5362 3214 5451 πάντας
3239 5362 3387 5444 *αὐτὸ
3435 5362 3719 5462 καταμαν-

2131 5443 2353 5556 θάνειν..
2392 5449 2524 5556 Ιύῖτα
2563 5459 2747 5534 ἐπειδὴ
2791 5471 2840 5521 οί
2900 5474 3119 5531 ἄπιστοι
3165 5443 3397 5550 ἠγνόουν
3424 5443 3718 5556 αὑτοῦιτὴν

2135 5538 2304 5605 ἰσχὺν.
2336 5541 2638 5620 ἐπήγαγεν,
2670 5557 2751 5612 ὅτι
2789 5565 2888 5634 οὑχ
2917 5570 3074 5637 ἡμῶν
3098 5538 3260 5632 τοῦτο
3280 5579 3559 5653 ἔγκλημα,
3581 5538 3720 5636 ἀλλὰ
