4098 6222
343 257 450 312 453

341 367 655 439 splendidus
675 365 786 420 oris
812 361 911 418 flos
936 368 1037 424 cst,
1071 356 1297 427 inquies.
1325 354 1433 410 Sed
1461 365 1618 410 terra:
1643 357 1804 408 etiam
1823 351 1922 405 flo-

341 462 492 518 ribus
521 460 653 516 nihil
684 459 858 514 laetius
887 469 951 509 ac
975 450 1262 522 jucundius
1286 457 1398 514 est;
1425 449 1514 517 qui
1540 457 1719 502 tamen
1757 446 1918 501 etiam

340 560 708 616 marcescunt,
737 560 895 620 atque
938 546 990 600 in
1035 541 1375 614 putredinem
1419 540 1636 595 abeunt.
1663 537 1922 606 Quocirca

341 663 411 703 ne
434 646 522 701 hic
548 657 761 715 quoque
781 639 846 694 ad
869 638 1056 693 florem
1085 633 1322 698 attende,
1354 632 1449 687 sed
1490 631 1713 686 interius
1742 629 1924 684 animo

341 736 530 800 transi,
560 744 615 790 et
640 749 670 788 a
698 731 920 803 pulchra
951 729 1035 783 illa
1081 727 1188 782 cuti
1233 725 1606 794 cogitationem
1650 733 1922 786 avertens,

345 826 562 895 explora
597 839 718 894 qua:
755 821 854 876 sub
898 834 961 874 ea
1005 819 1106 873 sita
1135 817 1259 870 sint.
1289 814 1728 884 Quandoquidem
1758 812 1920 866 etiam

346 916 763 990 hydropicorum
793 927 988 981 corpus
1017 909 1151 964 nitet
1186 922 1250 962 ac
1295 907 1452 971 lucet,
1496 920 1595 959 nec
1634 903 1920 974 quidquam

346 1011 474 1067 ἕωᾱί
515 1011 570 1064 in
600 1005 884 1077 superficie
929 1004 1120 1067 habet;
1149 999 1246 1056 sed
1276 1011 1452 1054 tamen
1485 995 1724 1052 humoris
1759 994 1919 1060 illius,

344 1107 435 1176 qui
462 1105 608 1159 intus
631 1101 880 1158 conditus
924 1106 1026 1162 est,
1081 1094 1401 1166 cogitatione
1454 1089 1706 1161 perculsi,
1740 1087 1920 1157 hujus.

347 1196 489 1250 modi
518 1194 762 1249 homines
797 1188 1025 1246 osculari
1065 1203 1173 1244 non
1205 1185 1550 1242 sustinemus.
1584 1182 1652 1236 At
1693 1189 1844 1234 tener
1872 1186 1927 1234 et

346 1284 612 1339 versatilis
632 1291 714 1338 est
738 1281 943 1344 oculus,
971 1293 1034 1333 ac
1058 1286 1204 1332 recte
1227 1283 1534 1346 porrectum
1557 1269 1923 1341 supercilium,

350 1385 405 1432 et
430 1373 677 1430 caerulea:
707 1371 997 1442 palpebrae,
1035 1376 1092 1424 et
1117 1366 1299 1422 suavis
1342 1364 1564 1434 pupilla,
1605 1371 1660 1417 et
1701 1374 1928 1416 serenus

349 1464 633 1535 aspectus?
657 1465 725 1518 At
755 1476 966 1516 rursum
994 1461 1094 1512 hoc
1117 1458 1259 1521 vide,
1288 1456 1429 1526 quod
1458 1453 1596 1510 istud
1627 1466 1838 1523 quoque
1855 1449 1929 1505 nil

349 1556 489 1611 aliud
516 1563 619 1620 est,
651 1569 813 1624 quam
854 1552 1004 1607 nervi
1035 1558 1092 1606 et
1135 1565 1285 1605 venae
1329 1557 1488 1617 atque
1518 1545 1750 1600 arterize.
1788 1542 1928 1610 Quin

351 1655 406 1702 tu
429 1645 569 1700 hunc
595 1646 770 1714 ipsum
801 1643 1083 1714 pulchrum
1114 1641 1349 1707 oculum,
1377 1651 1599 1708 (egrum,
1624 1636 1776 1691 senio
1802 1634 1933 1689 affe-

351 1747 516 1800 ctum,
545 1751 779 1793 merere
809 1734 1087 1799 afflictum,
1123 1733 1200 1788 ira
1229 1738 1522 1786 tumentem
1552 1728 1750 1798 cogita,
1769 1740 1930 1796 quam

353 1828 556 1898 scilicet
599 1825 854 1881 deformis
907 1826 997 1890 sit,
1034 1838 1192 1893 quam
1231 1820 1484 1877 celeriter
1523 1826 1727 1888 pereat,
1769 1829 1929 1885 quant

353 1920 508 1974 citius
531 1920 690 1973 etiam
717 1918 920 1986 pictura
944 1925 1245 1971 evanescat.
1270 1913 1353 1967 Ab
1379 1912 1461 1966 his
1481 1911 1590 1981 jam
1612 1923 1761 1970 cura,
1783 1915 1844 1961 ttt
1863 1906 1932 1961 ad

354 2027 533 2066 veram
559 2009 1006 2080 pulchritudinem
1033 2008 1268 2061 animum
1299 2004 1566 2060 traducas.
1613 2003 1702 2065 At,
1728 1998 1929 2068 inquis,

356 2101 551 2154 animae
593 2098 1041 2169 pulchritudinem
1085 2112 1193 2150 non
1236 2108 1420 2149 cerno.
1469 2093 1558 2156 At,
1604 2091 1647 2145 si
1690 2086 1931 2152 libuerit,

355 2206 581 2246 cernes:
613 2200 667 2246 et
691 2191 828 2246 sicut
850 2189 1100 2244 absentes
1127 2188 1414 2251 formosos,
1461 2185 1587 2238 licet
1631 2181 1800 2236 oculis
1826 2195 1932 2233 non

355 2295 570 2346 cernas,
604 2289 782 2335 mente
808 2278 1059 2335 admirari
1088 2285 1271 2348 potes;
1318 2275 1510 2331 eodem
1553 2272 1714 2328 modo
1743 2271 1936 2325 anima:

1268 242 1330 295 IN
1371 240 1582 294 EPi:$T.
1634 241 1676 294 ll
1741 241 1827 292 AD
1867 236 2018 292 (10R.
2061 234 2290 292 IIOMIL.
2333 233 2465 290 V’lll.

3506 236 3609 293 ζει

2028 347 2475 418 pulchritudinem
2529 348 2688 402 etiam
2732 347 2850 402 sine
2894 349 3062 403 oculis
3103 349 3410 419 perspicere
3457 350 3602 406 licet.

2029 445 2221 497 Annon
2249 442 2520 510 egregiam
2550 441 2771 495 formam
2802 453 2945 510 szepe
2989 442 3310 511 cogitatione
3341 441 3607 512 formasti,

2029 546 2202 602 eoque
2253 531 2506 600 figmento
2551 529 2794 584 nonnihil
2843 539 2895 586 te
2940 531 3078 585 affici
3125 533 3374 588 sensisti?
3402 531 3612 604 Effinge

2029 636 2171 675 nunc
2200 635 2414 690 quoque
2462 619 2655 674 anima:
2704 620 3152 690 pulchritudinem
3180 641 3194 677 :
3220 633 3380 694 atque
3422 623 3609 696 hujus-

2028 714 2172 770 modi
2219 713 2408 768 forma:
2453 713 2715 783 elegantia
2765 723 2816 770 te
2859 716 3086 774 oblecta.
3127 719 3216 784 At,
3265 719 3458 788 inquis,
3506 737 3612 779 non

2028 819 2194 860 cerno
2220 819 2304 869 ea,
2339 818 2456 873 qua:
2479 819 2706 873 corpore
2735 817 2946 860 vacant.
2974 807 3133 876 Atqui
3162 807 3260 862 ista
3289 810 3468 863 animo
3496 826 3612 864 ma-

2033 900 2112 968 gis
2134 897 2423 961 intuemur,
2447 912 2604 967 quam
2636 912 2897 967 corpora:
2932 898 3194 969 siquidem
3226 899 3296 954 ob
3323 898 3462 956 hanc
3482 917 3608 972 quo-

2029 1003 2134 1058 que
2160 1001 2376 1042 causam
2421 994 2476 1041 et
2517 987 2736 1057 angelos
2775 994 2831 1042 et
2870 989 3222 1058 archangelos
3262 989 3613 1056 admiramur,

2031 1076 2273 1147 quamvis
2309 1091 2406 1130 eos
2445 1077 2666 1132 minime
2691 1091 3007 1133 cernamus:
3033 1078 3229 1148 probos
3271 1079 3396 1134 item
3437 1095 3617 1134 mores

2031 1167 2333 1236 animmque
2355 1166 2626 1220 virtutem.
2659 1168 2739 1221 Ac
2761 1168 2806 1220 si
2835 1167 3061 1237 probum
3098 1167 3369 1226 hominem
3409 1179 3463 1224 et
3501 1185 3618 1223 mo-

2032 1256 2277 1312 deratum
2305 1255 2522 1320 videris,
2553 1256 2722 1326 magis
2752 1255 2892 1312 hunc
2920 1257 3294 1324 admiraberis,
3323 1274 3480 1328 quam
3509 1259 3619 1314 ele-

2032 1357 2246 1418 gentem
2271 1348 2417 1402 illam
2445 1346 2656 1402 faciem.
2679 1348 2832 1415 Quod
2859 1349 2903 1404 si
2933 1348 3123 1419 injuria
3145 1349 3394 1405 affectum
3422 1349 3619 1405 videris

1993 1447 1996 1450 ’
2034 1455 2259 1510 eamque
2278 1439 2538 1510 patienter
2554 1438 2836 1504 ferentem,
2863 1440 3169 1509 hujusmodi
3187 1440 3458 1496 hominem
3476 1456 3616 1507 ama,

2033 1530 2243 1584 etiamsi
2287 1530 2438 1585 senio
2469 1529 2744 1586 confectus
2793 1531 2882 1586 sit.
2926 1529 3061 1586 Nam
3091 1530 3398 1601 hujusmodi
3427 1533 3621 1586 anima:

2037 1619 2380 1688 pulchritudo
2425 1621 2477 1674 in
2520 1629 2797 1675 senectute
2845 1635 3057 1691 quoque
3104 1629 3375 1677 amatores
3424 1622 3622 1675 multos

2037 1709 2220 1775 habet,
2263 1724 2362 1765 nec
2387 1725 2637 1780 umquam
2682 1712 2986 1776 marcescit,
3016 1712 3112 1767 sed
3141 1722 3400 1783 perpetuo
3440 1713 3617 1769 floret.

2037 1801 2199 1872 Igitur
2226 1811 2284 1856 ut
2313 1802 2452 1858 hanc
2492 1818 2703 1872 quoque
2731 1803 2830 1874 ipsi
2861 1803 3310 1874 pulchritudinem
3350 1806 3622 1876 adipisca-

2040 1908 2178 1956 mur,
2209 1906 2303 1947 eos
2345 1893 2436 1962 qui
2482 1892 2582 1946 hac
2628 1894 2830 1962 pollent
2858 1904 3160 1964 captemus,
3191 1903 3353 1966 atque
3381 1896 3618 1967 ipsorum

2040 1995 2307 2052 amatores
2336 1983 2526 2040 simus.
2560 1985 2650 2041 Sic
2674 1988 2816 2041 enim
2845 2002 2944 2042 nos
2980 2003 3194 2058 quoque
3219 1989 3356 2060 hanc
3387 1989 3622 2060 pulchri-

2043 2076 2278 2132 tudinem
2306 2078 2644 2148 consequuti,
2677 2077 2742 2130 ad
2771 2088 2972 2133 :eterna
3001 2079 3140 2134 bona
3171 2082 3452 2150 pervenire
3475 2092 3624 2152 pote-

2042 2169 2244 2224 rimus:
2274 2185 2392 2238 qua:
2421 2169 2624 2224 utinam
2657 2169 2813 2225 nobis
2854 2171 3113 2242 consequi
3157 2171 3333 2240 detur,
3379 2187 3476 2243 per
3502 2189 3624 2244 grav

2045 2263 2174 2317 tiam
2193 2271 2246 2316 et
2272 2261 2674 2332 benignitatem,
2704 2271 2808 2337 etc.

3245 2399 3628 2418 W

1709 2478 2056 2541 HOMILIA
2099 2476 2268 2542 VIII.

357 2638 481 2693 Car.
522 2638 575 2691 ι.
614 2652 665 2689 v.
714 2636 764 2689 1.
824 2633 950 2688 Ideo
1007 2632 1242 2688 habentes
1293 2635 1427 2687 hunc
1469 2630 1887 2686 ministrationem
1913 2669 1930 2696 ,

430 2731 574 2788 iuxta
598 2726 734 2797 quod
761 2725 1157 2779 misericordiam
1177 2725 1470 2795 consequuti
1492 2740 1686 2783 sumus,
1711 2739 1811 2775 non
1841 2722 1935 2775 dc-

434 2822 648 2885 ﬁcimus,
680 2817 734 2872 2.
761 2817 850 2872 sed
879 2817 1220 2872 abdicavintus
1244 2817 1441 2872 occulta
1465 2816 1743 2870 dedecoris.

433 2914 484 2968 l.
521 2911 786 2981 Quoniam
829 2925 1018 2980 magna
1058 2911 1301 2980 quaedam
1344 2911 1595 2980 loquutus
1639 2908 1830 2972 fuerat,
1877 2922 1940 2963 ac

326 2991 335 3007 ’
363 3004 595 3074 seipsum
641 3013 697 3058 et
745 3003 928 3059 fideles
968 3017 1156 3058 omnes
1186 3002 1318 3057 Mosi
1348 3007 1748 3070 anteposuerat,
1779 3009 1940 3066 atque

364 3105 562 3150 tantam
588 3110 774 3150 eorum
821 3111 940 3166 qua:
980 3098 1188 3152 dixerat
1217 3092 1636 3164 magnitudinem
1664 3105 1786 3145 esse
1815 3104 1941 3144 sen-

365 3188 549 3249 tiebat,
581 3187 702 3243 vide
731 3203 837 3258 quo
872 3197 1026 3258 pacto
1053 3203 1240 3243 rursus
1269 3185 1586 3241 modestiam
1627 3197 1738 3252 prae
1767 3195 1827 3236 se
1858 3179 1939 3235 fe-

367 3288 470 3332 rat.
511 3278 641 3332 Nam
671 3287 726 3333 et
767 3289 987 3348 propter
1015 3277 1457 3348 pscndapostolos
1490 3283 1650 3344 atque
1674 3271 1944 3327 auditores

369 3384 490 3424 sese
517 3369 708 3425 efferre
734 3369 984 3436 debebat,
1010 3381 1066 3425 et
1094 3385 1302 3424 rursum
1335 3377 1598 3422 tumorem
1627 3365 1775 3419 illum
1801 3363 1943 3418 miti-

369 3475 518 3530 gare,
565 3477 670 3516 non
715 3471 892 3516 autem
922 3463 1142 3516 omnino
1172 3461 1396 3526 tollere;
1431 3475 1551 3514 nam
1583 3457 1686 3513 hoc
1715 3455 1948 3511 ludentis

373 3551 576 3606 fuisset.
607 3552 867 3619 Quocirca
893 3552 995 3607 hoc
1022 3553 1126 3606 alia
1172 3553 1256 3605 via
1298 3550 1625 3621 aggreditur,
1657 3547 1948 3602 ostendens

373 3642 425 3696 id
454 3657 612 3698 omne
643 3658 747 3698 non
778 3644 972 3698 nostris
999 3644 1202 3698 meritis
1230 3658 1292 3696 ac
1318 3641 1622 3702 virtutibus,
1647 3640 1741 3696 sed
1769 3639 1948 3695 divina

375 3734 700 3803 benignitate
739 3734 1062 3804 contigisse:
1093 3735 1314 3804 proinde
1356 3736 1450 3799 ait,
1497 3733 1749 3788 Habentes
1797 3732 1952 3804 igitur

375 3827 795 3880 ministrationcnt
834 3825 984 3880 hanc.
1023 3823 1208 3896 Neque
1236 3826 1376 3880 enim
1409 3825 1695 3895 quidquam
1723 3825 1951 3894 amplius

376 3917 734 3983 erogavimus,
766 3932 922 3985 quam
961 3916 1100 3986 qttod
1133 3917 1359 3970 ministri
1388 3916 1710 3982 exstitimus,
1751 3915 1955 3971 benefi-

378 4009 584 4075 ciisque
610 4023 638 4060 a
664 4009 772 4063 Deo
800 4008 939 4062 datis
966 4009 1333 4062 administram
1359 4023 1576 4077 operam
1607 4009 1950 4078 praebuimus.

379 4100 498 4166 Quo
534 4101 611 4164 fit,
660 4110 718 4154 ιιι
760 4117 857 4156 nec
888 4103 1183 4172 largitionis
1227 4117 1324 4157 nec
1366 4102 1830 4171 suppeditationis,
1861 4100 1957 4156 sed

381 4190 664 4246 ministerii
697 4194 954 4248 vocabulo
984 4208 1113 4248 usus
1137 4194 1224 4248 sit.
1251 4196 1328 4249 Ac
1349 4210 1416 4249 ne
1456 4193 1558 4248 hoc
1582 4193 1797 4263 quidem
1823 4207 1956 4247 eon-

383 4292 563 4338 tcntus
591 4282 788 4359 addidit
812 4302 825 4338 :
852 4283 1015 4339 Juxta
1061 4285 1200 4356 quod
1240 4285 1640 4340 misericordiam
1668 4285 1963 4354 consequuti

382 4391 573 4428 sumus.
603 4374 733 4430 Nam
764 4377 865 4432 hoc
893 4393 1106 4448 quoque
1133 4378 1328 4448 ipsum,
1358 4377 1499 4448 quod
1531 4377 1613 4432 his
1642 4377 1964 4432 ministravi-

386 4481 523 4528 mus,
547 4481 576 4519 a
603 4466 694 4521 Dei
721 4468 1085 4524 misericordia
1111 4479 1166 4524 et
1189 4469 1514 4540 benignitate
1543 4470 1836 4541 profectum
1859 4478 1961 4524 est.

385 4559 716 4629 Quamquam
748 4560 1133 4617 misericordiae
1156 4572 1259 4628 est,
1289 4580 1320 4618 e
1347 4563 1501 4618 malis
1529 4563 1824 4630 exemisse,
1859 4578 1966 4618 non

387 4659 565 4704 autem
588 4659 665 4705 tot
691 4651 910 4720 insuper
932 4652 1206 4708 beneficiis
1234 4653 1506 4719 affecisse;
1549 4655 1642 4708 sed
1677 4655 1780 4710 hoc
1803 4654 1968 4710 etiam

387 4739 548 4796 habet
577 4741 672 4797 Dei
702 4744 1089 4799 misericordia.
1121 4743 1241 4798 Non
1271 4745 1554 4815 deﬁcimus.
1604 4740 1716 4801 Hoc
1757 4761 1971 4817 quoque

391 4833 554 4901 ipsius
585 4833 898 4890 humanitati
928 4847 1203 4906 acceptum
1235 4836 1572 4894 referendum
1601 4848 1702 4895 est.
1731 4839 1860 4895 Nam
1881 4840 1971 4895 illa

390 4924 574 4984 verba.
603 4925 767 4981 Juxta
812 4929 947 4999 quod
990 4930 1385 4984 misericordiam
1431 4932 1727 5001 consequuti
1773 4948 1968 5000 sumus,

389 5017 700 5074 existimare
743 5020 910 5076 debes
951 5029 1056 5076 tam
1088 5022 1153 5076 ad
1186 5023 1542 5078 ministerium
1573 5024 1782 5092 referri,
1811 5040 1970 5095 quam

389 5105 456 5160 ad
486 5107 540 5162 id
565 5110 704 5177 quod
731 5113 994 5183 sequitur,
1025 5111 1146 5168 Non
1174 5114 1458 5183 deﬁcimus.
1491 5116 1570 5170 Ac
1593 5115 1754 5170 velim
1785 5117 1975 5172 anim-

355 5224 362 5274 ,
391 5197 661 5264 advertas,
695 5218 854 5271 quam
887 5204 1120 5275 seipsum
1145 5204 1451 5277 deprimere
1479 5206 1706 5262 studeat.
1734 5206 1864 5262 Nam
1883 5209 1976 5279 qui

394 5299 473 5343 tot
493 5305 555 5345 ac
578 5295 760 5362 tantis,
801 5297 993 5368 inquit,
1036 5299 1310 5358 beneflciis
1345 5313 1566 5356 ornatus
1592 5303 1682 5372 sit,
1713 5304 1872 5374 idque
1898 5303 1978 5359 di-

396 5379 517 5434 vina
547 5391 754 5440 tantum
785 5391 1152 5448 misericordia
1184 5403 1238 5449 et
1264 5395 1612 5467 benignitate,
1656 5413 1763 5454 non
1797 5400 1976 5471 magni

393 5472 667 5542 quidpiam
699 5475 845 5546 fecit,
879 5481 924 5535 si
965 5482 1100 5538 tales
1126 5485 1336 5539 labores
1362 5489 1616 5558 suscepit,
1656 5489 1701 5545 si
1741 5491 1978 5560 pericula

395 5564 509 5619 adit
532 5581 596 5622 ac
625 5573 948 5628 tentationes
976 5576 1224 5633 sustinet.
1257 5577 1382 5634 ideo
1411 5595 1517 5635 non
1535 5583 1708 5638 solum
1730 5600 1835 5640 non
1857 5601 1979 5642 con-

397 5654 626 5714 cldimus
655 5661 858 5732 animo,
902 5664 996 5720 sed
1037 5667 1196 5722 etiam
1237 5669 1552 5738 gaudemus,
1594 5687 1656 5730 ac
1695 5677 1978 5735 verborum

732 5761 1003 5825 PATROL.
1036 5765 1152 5828 Gn.
1192 5769 1350 5832 LXI.

2043 2626 2292 2684 libertate
2310 2629 2527 2684 utimur.
2552 2630 2837 2700 Postquam
2861 2629 3002 2684 enim
3023 2627 3176 2696 dixit,
3198 2629 3318 2684 Non
3340 2630 3623 2698 deﬁcimus,

2041 2719 2330 2788 subnectit,
2361 2719 2469 2776 Sed
2491 2723 2836 2777 abdicavimus
2859 2721 3057 2776 occulta
3085 2722 3364 2789 dedecoris,
3389 2737 3490 2775 non
3513 2738 3628 2774 amo

2043 2814 2270 2869 bulantcs
2298 2815 2351 2868 in
2399 2815 2604 2880 astutia,
2658 2831 2820 2884 neque
2865 2815 3208 2869 adulterantes
3252 2813 3455 2868 verbum
3507 2811 3624 2866 Dei.

2040 2905 2177 2972 Quid
2209 2904 2308 2960 sibi
2329 2906 2516 2960 volunt
2537 2904 2674 2972 haec,
2709 2904 2923 2960 Occulta
2942 2905 3244 2959 dedecoris?
3267 2903 3403 2969 Non,
3437 2905 3628 2975 inquit,

2042 3014 2232 3070 magna
2264 2999 2583 3070 profitemur
2625 3015 2690 3055 ac
2730 2999 3047 3069 pollicemur
3074 3009 3129 3056 et
3165 2999 3269 3055 alia
3311 3001 3472 3057 rebus
3501 3002 3632 3072 ipsis

2044 3091 2398 3156 ostendimus,
2421 3091 2874 3162 quemadmodum
2905 3092 2980 3148 illi
3005 3107 3021 3147 :
3049 3091 3191 3148 unde
3215 3092 3376 3148 etiam
3399 3091 3628 3159 dicebat,

2049 3183 2178 3250 Qua:
2203 3183 2255 3237 in
2276 3185 2457 3254 faciem
2478 3192 2615 3249 sunt,
2648 3183 2932 3254 perspicitis
2955 3182 3030 3255 (2.
3055 3181 3174 3241 Cor.
3207 3183 3296 3240 10.
3319 3183 3374 3257 7)
3400 3203 3412 3240 :
3448 3199 3632 3240 verum

2048 3274 2184 3327 talos
2205 3273 2429 3328 omnino
2456 3289 2664 3342 sumus,
2695 3275 2885 3344 quales
2910 3274 3202 3343 cernimur,
3232 3289 3340 3330 non
3363 3275 3544 3332 fictum
3570 3291 3636 3333 ac

2049 3366 2196 3422 velut
2215 3365 2484 3436 duplicem
2509 3366 2745 3422 animum
2774 3379 3046 3438 gerentes,
3078 3383 3178 3424 nec
3203 3383 3264 3424 ea
3297 3367 3537 3424 dicentes
3555 3377 3636 3422 at—

2051 3475 2156 3530 que
2185 3468 2426 3528 agentes,
2460 3474 2580 3529 quae
2605 3474 2718 3530 prae
2764 3460 2968 3529 pudore
3005 3474 3068 3515 ac
3096 3459 3294 3516 rubore
3317 3460 3636 3518 occultanda

2050 3560 2102 3605 et
2133 3549 2279 3605 velut
2317 3549 2524 3604 umbris
2570 3550 2888 3620 quibusdam
2936 3551 3273 3608 obvolvenda
3317 3554 3442 3610 sint.
3475 3553 3639 3626 ldqtte

2052 3658 2354 3713 exponens,
2387 3642 2679 3712 subjunxit,
2715 3642 2836 3696 Non
2858 3642 3172 3699 ambulantes
3197 3644 3248 3700 in
3274 3646 3482 3700 astutia.
3505 3645 3637 3701 Nam

2054 3734 2196 3804 quod
2241 3733 2314 3788 illi
2345 3732 2494 3787 laudi
2521 3732 2809 3796 ducebant,
2842 3733 2943 3788 hoc
2969 3733 3085 3803 ipse
3111 3735 3311 3790 fcedum
3352 3751 3415 3791 ac
3441 3735 3640 3791 ridicu-

2057 3829 2166 3884 lum
2188 3842 2308 3883 esse
2338 3826 2541 3881 statuit.
2583 3824 2850 3893 Quidnam
2877 3834 3054 3880 autem
3081 3834 3186 3892 cst,
3235 3825 3302 3880 In
3331 3830 3559 3882 astutia?
3583 3828 3641 3884 ln

2058 3934 2121 3974 ea
2150 3917 2548 3973 existimatione
2574 3915 2651 3970 illi
2693 3925 2867 3980 erant,
2897 3914 3049 3986 quasi
3073 3914 3142 3970 ab
3167 3915 3494 3985 accipiendis
3522 3934 3641 3972 mu.

2060 4011 2278 4065 neribns
2309 4009 2659 4072 abstinerent,
2694 4021 2813 4061 cum
2843 4019 3020 4061 tamen
3051 4006 3262 4062 occulte
3289 4007 3601 4075 acciperent
3626 4027 3641 4063 :

2060 4111 2366 4157 sanctorum
2409 4115 2473 4156 ac
2502 4099 2794 4170 proborum
2835 4098 3198 4170 apostolorum
3244 4098 3646 4156 existimatione

2062 4194 2347 4263 florebant,
2378 4209 2498 4249 cum
2530 4194 2741 4248 interim
2770 4192 3064 4247 innumeris
3096 4191 3237 4247 vitiis
3267 4201 3560 4248 scaterent.
3582 4195 3651 4248 At

2065 4303 2181 4354 nos,
2215 4287 2411 4358 inquit,
2444 4286 2559 4341 haec
2585 4285 2879 4354 abjccimus
2910 4285 3058 4354 (nam
3088 4282 3207 4340 hmc
3233 4293 3378 4348 sunt,
3407 4299 3526 4354 qua:
3551 4299 3648 4340 oc-

2065 4384 2206 4438 culta
2247 4380 2528 4436 dedecoris
2555 4377 2756 4450 vocat),
2791 4377 2991 4448 quippe
3019 4376 3112 4448 qui
3144 4377 3277 4434 tales
3304 4377 3492 4446 simus,
3521 4394 3652 4447 qua-

2064 4475 2144 4531 les
2175 4473 2448 4541 videmttr;
2471 4487 2570 4528 nec
2599 4472 2902 4543 quicquam,
2934 4485 3040 4526 non
3072 4469 3234 4525 modo
3260 4469 3314 4526 in
3335 4469 3442 4532 vita
3471 4481 3650 4524 nostra

2068 4574 2122 4621 et
2141 4565 2398 4631 moribus,
2430 4562 2524 4620 sed
2546 4577 2645 4618 nec
2660 4561 3042 4632 prmdicatione
3066 4570 3265 4617 tectum
3286 4569 3451 4631 atque
3467 4560 3653 4615 adum-

2068 4656 2278 4712 bratunt
2307 4655 2600 4711 habemus:
2628 4653 2732 4709 hoc
2757 4653 2902 4710 enim
2926 4652 3210 4724 significat,
3243 4653 3385 4725 quod
3414 4653 3509 4719 ait,
3546 4651 3653 4706 Ne-

2069 4765 2165 4819 que
2192 4747 2532 4802 adulterantes
2556 4746 2756 4802 verbum
2783 4745 2902 4813 Dei,
2931 4745 3020 4801 sed
3047 4747 3100 4800 in
3129 4746 3536 4816 manifestatione
3572 4761 3654 4800 vso

2070 4840 2257 4894 sitatis.
2285 4839 2397 4894 Hoc
2422 4848 2524 4904 est,
2569 4855 2674 4893 non
2723 4838 2868 4892 vultu
2897 4847 2953 4893 et
2990 4837 3372 4905 ostentatione,
3413 4835 3506 4892 sed
3537 4837 3656 4908 ipso

2073 4947 2254 4988 rerum
2276 4932 2620 4988 documento.
2649 4929 3068 4986 Cammendanlcs
3090 4946 3183 4984 nos
3202 4931 3338 5000 ipsos
3363 4930 3432 4984 ad
3455 4947 3655 4984 omnem

2075 5024 2432 5080 conscientiam
2478 5021 2759 5077 hominum.
2800 5023 2918 5078 Non
2948 5025 3093 5080 enim
3137 5024 3382 5080 fidelibus
3425 5033 3652 5088 tantum,

2076 5115 2170 5172 sed
2196 5122 2252 5170 et
2281 5111 2586 5168 infidelibus
2611 5115 2882 5184 perspicui
2921 5131 3127 5182 sumus,
3167 5131 3232 5172 ac
3258 5116 3536 5188 quibusvis
3564 5129 3658 5168 ex-

2074 5208 2256 5280 positi,
2280 5217 2339 5261 ut
2376 5220 2465 5262 res
2489 5215 2701 5262 nostras
2737 5207 3050 5276 explorent:
3079 5217 3238 5278 atque
3259 5208 3386 5263 hinc
3411 5207 3659 5275 nosipsos

2077 5299 2537 5367 commendamus,
2567 5314 2676 5355 non
2703 5314 2734 5353 a
2761 5299 2880 5354 fuco
2909 5314 2975 5355 ac
3002 5300 3368 5364 simulatione,
3399 5306 3493 5353 aut
3511 5295 3655 5368 quod

2078 5393 2413 5466 splendidam
2459 5391 2661 5447 larvam
2708 5389 3171 5446 circumferamus.
3218 5389 3455 5445 Dicimus
3480 5389 3661 5466 itaque

2080 5505 2180 5545 nos
2209 5487 2412 5543 nullum
2445 5499 2641 5541 munus
2669 5485 2946 5555 accipere;
2978 5492 3140 5554 atque
3168 5481 3326 5553 hujus
3351 5483 3429 5540 rei
3455 5498 3554 5540 vos
3582 5493 3661 5540 te-

2079 5594 2191 5640 stes
2211 5596 2499 5638 vocamus:
2530 5579 2758 5636 dicimus
2779 5593 2878 5635 nos
2907 5577 3105 5635 nullius
3135 5578 3322 5650 flagitii
3348 5578 3503 5635 nobis
3527 5593 3662 5638 con-

2084 5678 2223 5735 scies
2253 5690 2403 5744 esse;
2434 5683 2592 5746 atque
2632 5671 2793 5746 hujus
2837 5670 2915 5730 rei
2944 5686 3130 5732 rursus
3157 5688 3186 5728 a
3225 5674 3377 5729 vobis
3415 5675 3662 5736 testinto~

3241 5774 3322 5839 29
