4090 6216
425 248 587 305 ’155

483 364 628 417 nium
660 363 923 431 petimus;
948 375 1053 414 non
1086 368 1141 412 ut
1167 357 1239 411 illi
1267 358 1462 420 solent,
1492 355 1582 423 qui
1623 352 1748 406 vitia
1780 367 1874 407 sua
1904 353 2051 408 obte-

480 462 671 523 gentcs
706 453 905 506 multos
931 450 1224 518 decipiunt.
1255 445 1388 499 Nam
1419 458 1517 498 nos
1543 454 1597 497 et
1624 445 1785 497 vitam
1819 455 2054 498 nostrain

483 544 688 597 uinctis
712 543 762 596 in
794 541 1025 594 medium
1057 534 1425 607 proponimus,
1453 543 1509 587 ct
1540 533 1836 587 doctrinam
1864 532 1936 586 ita
1959 548 2056 603 pa—

485 635 781 695 telacimus,
811 640 867 684 ut
894 626 1069 698 quivis
1099 642 1216 681 eam
1241 625 1540 695 intelligere
1568 623 1794 693 possint.
1820 622 1937 679 Mos
1962 640 2055 678 au-

481 734 607 785 tem,
636 722 757 789 quia
783 716 1027 772 inﬁdeles
1051 715 1158 770 vim
1183 713 1402 784 hujusce
1422 713 1679 768 doctrina:
1703 713 1917 767 minime
1936 728 2055 782 per-

477 820 713 879 spectam
739 804 1026 872 habebam,
1045 804 1342 875 subjunxit,
1366 802 1467 858 hoc
1487 819 1590 857 non
1613 802 1732 868 sibi,
1758 802 1850 856 sed
1868 817 2050 857 eorum

477 897 682 966 stupori
730 896 1110 967 assignandum
1138 908 1278 960 esse,
1310 893 1497 948 dicens
1524 912 1536 947 :
1566 893 1620 947 5.
1656 892 1804 958 Quod
1832 896 1879 944 si
1903 892 2052 944 etiam

480 997 707 1060 opertum
738 998 810 1044 est
852 987 1168 1059 erangelium
1212 994 1457 1050 nostrum,
1504 984 1558 1037 in
1599 984 1662 1037 iis
1705 983 1791 1054 qui
1844 990 2053 1054 pereunt

481 1091 708 1151 opertum
736 1090 829 1145 est,
852 1080 905 1133 4.
932 1080 987 1132 in
1014 1073 1191 1148 quibus
1233 1075 1373 1130 Deus
1403 1076 1556 1146 hujus
1584 1073 1760 1127 saeculi
1784 1073 2052 1126 exca'cavit

475 1182 660 1224 mentes
682 1170 984 1239 inﬁdelium.
1017 1167 1169 1235 Quod
1188 1167 1275 1222 hic
1291 1165 1439 1228 dicit,
1468 1163 1710 1220 eamdem
1739 1164 1847 1218 vim
1868 1163 2046 1231 habet,

472 1275 732 1325 quani‘ea,
758 1275 875 1329 quas
903 1258 1048 1328 prius
1069 1256 1237 1312 dixit:
1262 1253 1390 1309 Aliis
1431 1253 1557 1307 odor
1587 1254 1764 1307 mortis
1799 1269 1971 1308 ruinas
1996 1253 2049 1306 in

470 1361 703 1416 utorlem,
731 1351 845 1403 aliis
872 1348 1002 1403 odor
1031 1349 1144 1404 villa
1170 1349 1222 1401 in
1249 1346 1403 1399 vitam
1432 1344 1505 1418 (2.
1541 1344 1660 1399 Cor.
1687 1342 1743 1398 2.
1774 1342 1885 1415 16).

541 1442 597 1496 2.
628 1442 1076 1497 Murciouistarum
1099 1449 1145 1493 et
1173 1437 1572 1493 Manichaeorum
1593 1452 1804 1491 errores.
1826 1466 1896 1476 —
1911 1435 2047 1503 Quid

470 1534 571 1588 sibi
614 1534 727 1588 vnit
770 1532 895 1587 illud
923 1575 938 1598 ,
984 1529 1124 1585 Deus
1165 1531 1321 1601 hujus
1373 1529 1585 1583 sa'culi?
1625 1527 1726 1595 Qui
1768 1524 2048 1583 Marcionis

468 1623 659 1683 morbo
688 1623 950 1688 laborant,
979 1621 1046 1677 de
1073 1636 1253 1677 rerum
1280 1619 1500 1689 Opiﬁce,
1527 1620 1672 1687 justo
1695 1617 1906 1688 quidem
1934 1617 2045 1684 illo,

469 1717 565 1773 sed
595 1731 699 1770 non
728 1716 854 1769 item
879 1713 1039 1779 bono,
1058 1711 1173 1766 lucc
1199 1711 1335 1765 dicta
1354 1723 1482 1764 esse
1506 1707 1837 1763 contendunt
1860 1725 1873 1760 :
1900 1709 2049 1762 aiunt

473 1810 616 1862 enim
651 1808 813 1862 Deum
844 1803 1128 1875 quemdam
1152 1803 1356 1871 justum
1381 1817 1500 1856 esse
1522 1844 1536 1865 ,
1570 1801 1658 1871 qui
1696 1815 1801 1854 non
1840 1800 1911 1855 sit
1947 1799 2046 1854 bo-

469 1912 588 1951 nus.
622 1891 899 1950 Maniuhaﬁ
931 1903 1110 1947 autem
1142 1892 1225 1945 his
1252 1890 1431 1946 verbis
1459 1890 1728 1945 diabolum
1760 1888 2046 1959 signiﬁcari

467 1996 759 2051 asserunt;
812 1987 933 2040 hinc
979 1985 1229 2039 nimirum
1275 1984 1436 2038 alium
1487 1999 1664 2038 rerum
1711 1982 2044 2037 conditarum

466 2078 1015 2148 ellcctorem,prmter
1042 2092 1162 2131 eum
1192 2077 1281 2144 qui
1305 2092 1427 2131 vere
1456 2085 1825 2145 est,perquam
1853 2073 2044 2128 stolide

469 2172 721 2224 inducere
760 2170 1063 2238 cupientes.
1094 2168 1265 2221 liabet
1305 2166 1445 2220 enim
1472 2164 1577 2219 hoc
1604 2164 1861 2220 familiare
1900 2166 2045 2220 Scri-

466 2272 638 2332 ptura,
667 2266 723 2315 ut
748 2259 909 2315 deum
930 2272 1039 2314 non
1065 2274 1128 2313 ex
1158 2258 1319 2327 ipsius
1344 2256 1613 2325 dignitate,
1642 2256 1732 2310 sed
1763 2271 1826 2310 ex
1857 2270 2041 2310 eorum
2074 2308 2076 2310 ,

466 2356 554 2423 qui
604 2353 769 2422 ipsius
806 2350 1031 2421 imperio
1074 2350 1301 2403 subsunt
1344 2347 1701 2401 imbecillitate
1732 2356 2038 2415 nuncupet:

384 2428 387 2431 I
466 2456 524 2500 ut
593 2460 715 2500 cum
785 2456 1088 2498 mamonam
1152 2440 1424 2495 dominum
1480 2434 1645 2502 dicit.
1695 2448 1749 2493 et
1799 2449 2042 2494 ventrem

468 2537 647 2591 deum.
678 2533 860 2604 Neque
889 2533 1030 2589 enim
1061 2543 1343 2602 propterea
1384 2539 1477 2584 aut
1520 2539 1705 2585 venter
1746 2529 1876 2583 deus
1920 2539 2038 2595 est,

466 2641 558 2685 aut
586 2643 829 2685 mamona
869 2625 1139 2689 dominus,
1167 2624 1262 2680 sed
1309 2639 1491 2679 eorum
1539 2623 1774 2689 demum,
1806 2622 1893 2692 qui
1922 2635 2043 2676 sese

468 2723 596 2791 ipsis
626 2719 970 2788 subiecerint.
1004 2720 1202 2771 Atvero
1233 2730 1329 2770 nos
1382 2715 1509 2769 illud
1548 2714 1807 2779 dicimus,
1840 2729 1943 2767 non
1973 2711 2042 2768 de

469 2812 679 2868 diabolo
707 2810 923 2880 quidem
958 2808 1069 2862 lucc
1112 2807 1274 2862 verba
1303 2805 1477 2861 habita
1508 2820 1659 2870 esse,
1691 2804 1785 2859 sed
1824 2804 1891 2860 de
1921 2804 2041 2858 uni-

473 2917 745 2959 versurum
793 2902 940 2968 Deo;
991 2902 1172 2971 sicque
1216 2900 1495 2971 legendum
1544 2913 1695 2962 esse,
1747 2897 2043 2967 Inﬁdelium

471 2994 625 3067 hujus
652 2992 833 3048 δαίσειιὶ
878 3001 1070 3046 mentes
1110 2990 1251 3045 Deus
1290 2990 1574 3045 exctecavil.
1623 2989 1752 3043 Nam
1807 2988 2041 3044 futurum

471 3083 920 3142 aevum-inﬁdeles
960 3100 1063 3138 non
1105 3082 1409 3137 habiturum
1453 3091 1567 3146 est,
1611 3081 1704 3135 sed
1745 3080 1846 3134 hoc
1883 3080 2040 3135 dmu-

472 3191 635 3234 taxat.
664 3180 744 3238 "Si
778 3190 905 3231 vero
946 3173 1067 3246 quis
1096 3173 1251 3228 aliter
1279 3173 1451 3243 legat,
1496 3188 1687 3241 nempe
1728 3170 1863 3225 Deus
1891 3173 2043 3243 hujus

470 3267 673 3341 swruli,
696 3282 764 3324 ne
796 3266 922 3324 hinc
953 3266 1167 3338 quidem
1208 3265 1313 3320 ulla
1340 3264 1620 3319 calumnia:
1654 3279 1783 3317 ansa
1814 3263 2042 3334 porrigi-

478 3372 568 3417 tur
595 3380 612 3418 :
642 3376 812 3433 neque
838 3360 980 3417 enim
1007 3359 1132 3413 hinc
1156 3356 1483 3422 ostendilur,
1510 3372 1630 3411 cum
1661 3354 1815 3424 hujus
1843 3365 2042 3410 tantum

469 3451 655 3510 saeculi
680 3452 865 3509 ‘Deum
906 3467 1051 3509 esse.
1094 3450 1226 3506 Nam
1269 3459 1324 3504 et
1368 3449 1504 3504 Deus
1540 3449 1653 3503 caeli
1685 3448 1910 3513 dicitur;
1944 3463 2044 3504 nec

474 3556 652 3601 tamen
701 3545 816 3599 caeli
850 3552 1053 3598 tantum
1100 3543 1242 3597 Deus
1279 3551 1403 3596 est:
1447 3551 1536 3605 et,
1582 3540 1724 3594 Deus
1768 3540 2043 3609 prmsentis

467 3636 610 3703 diei,
646 3635 913 3699 dicimus;
959 3649 1057 3688 nec
1084 3643 1272 3687 tamen
1318 3632 1430 3686 haec
1473 3633 1542 3685 ita
1582 3631 1847 3699 dicimus,
1893 3631 2045 3701 quasi

473 3727 640 3796 ipsius
687 3725 966 3794 imperium
1014 3725 1171 3780 unius
1205 3723 1307 3778 diei
1350 3723 1606 3795 angustiis
1640 3724 2041 3780 circumscriba-

472 3834 608 3872 mns.
663 3816 798 3885 Quin
842 3817 981 3872 Deus
1018 3831 1229 3886 quoque
1267 3817 1498 3871 Abrahae
1533 3814 1761 3882 dicitur,
1805 3825 1860 3871 et
1907 3815 2045 3871 Deus

475 3912 641 3976 Isaac,
668 3921 722 3967 et
743 3909 891 3966 Deus
915 3908 1115 3976 Jacob;
1144 3926 1264 3966 cum
1290 3920 1468 3964 tamen
1495 3923 1598 3963 non
1629 3924 1813 3964 eorum
1841 3916 2044 3963 tantum

474 4006 543 4060 sit
570 4005 728 4061 Deus.
761 4010 837 4059 Ac
860 4004 1116 4075 pleraque
1145 4004 1304 4058 etiam
1334 4002 1434 4055 alia
1468 4000 1768 4069 hujusmodi
1808 3999 2050 4056 teatimo-

471 4099 556 4152 nia
606 4097 658 4151 in
703 4095 993 4165 Scripturis
1038 4093 1263 4148 inveniri
1311 4103 1551 4162 possunt.
1599 4092 1837 4157 Quonam
1883 4106 2046 4162 porro

471 4191 630 4246 modo
657 4188 981 4245 excaecavit?
1022 4186 1138 4241 Non
1164 4200 1293 4240 sane
1319 4185 1457 4254 quod
1495 4185 1548 4238 in
1594 4183 1697 4238 hoc
1735 4184 1838 4238 ulla
1882 4185 2045 4253 ipsius

468 4281 609 4335 actio
639 4279 819 4345 fuerit,
847 4278 1006 4344 absit,
1026 4276 1119 4332 sed
1145 4277 1266 4346 quia
1290 4275 1340 4330 id
1370 4290 1554 4345 passus
1573 4285 1654 4330 est
1680 4289 1742 4329 ac
1768 4275 2040 4345 permisit:

475 4391 596 4429 nam
621 4374 913 4440 Scriptura:
941 4385 1059 4425 mos
1087 4380 1168 4424 est
1197 4369 1267 4423 ita
1296 4368 1438 4438 loqui
1461 4408 1475 4430 ,
1506 4377 1560 4422 ut
1585 4382 1704 4422 cum
1733 4368 1827 4433 ait,
1859 4366 2045 4421 Tradi-

468 4465 542 4520 dit
567 4482 652 4519 eos
680 4464 818 4518 Deus
854 4464 908 4517 in
936 4463 1203 4533 reprobum
1229 4476 1425 4514 sensum
1457 4458 1645 4530 (Rom.
1676 4459 1722 4513 1.
1753 4457 1874 4529 28).
1905 4456 2048 4527 Quo—

470 4558 611 4612 niam
637 4556 781 4611 enim
810 4552 885 4608 illi
911 4552 1057 4623 prius
1080 4551 1234 4607 ﬁdem
1258 4550 1599 4619 abrogarunt,
1617 4563 1779 4618 seque
1802 4549 2048 4619 indignos

472 4647 818 4706 reddiderunt
862 4645 951 4716 qui
990 4642 1243 4714 mysteria
1286 4640 1561 4703 viderent,
1603 4639 1722 4695 illos
1754 4641 1865 4709 ipse
1891 4639 2048 4693 dere-

475 4744 646 4813 liquit.
670 4740 807 4809 Quid
833 4739 975 4795 enim
1004 4737 1091 4791 hic
1118 4733 1419 4790 iaciendum
1448 4733 1596 4787 erat?
1615 4749 1682 4787 an
1713 4733 1905 4787 invitos
1936 4746 2045 4786 tra-

480 4836 629 4898 here,
656 4846 859 4901 suaque
886 4843 1080 4885 arcana
1109 4828 1173 4882 iis
1191 4868 1207 4893 ,
1236 4825 1326 4897 qui
1351 4839 1413 4880 ea
1439 4837 1661 4879 cernere
1696 4821 2043 4888 recusabant,

475 4924 721 4994 aperire?
747 4924 816 4977 At
844 4921 1011 4991 magis
1026 4919 1475 4987 contempsissent
1503 4914 1601 4977 illi,
1621 4928 1720 4968 nec
1745 4912 1925 4967 videre
1956 4929 2049 4981 vo:

476 5016 739 5070 inissent:
780 5012 918 5068 unde
944 5012 1102 5067 etiam
1144 5025 1266 5065 mox
1296 5007 1596 5076 subjunxit,
1629 5005 1695 5061 Ut
1729 5022 1827 5060 non
1856 5007 2047 5076 fulgeat

471 5111 547 5165 eis
564 5105 881 5162 'illuminatio
910 5104 1152 5174 evangelii
1176 5103 1352 5171 gloria:
1376 5101 1594 5163 Christi;
1622 5114 1725 5154 non
1753 5099 1818 5154 ad
1848 5099 1964 5162 hoc,
1993 5107 2049 5152 ut

484 5203 593 5256 Deo
620 5213 724 5254 non
769 5194 1024 5257 credant,
1052 5192 1147 5248 sed
1179 5201 1234 5245 ut
1272 5207 1391 5260 quae
1416 5192 1523 5245 sint
1551 5192 1756 5246 interna
1796 5189 2047 5261 mysteria

473 5291 710 5351 inﬁdelis
752 5302 903 5344 meus
948 5283 1167 5340 minime
1210 5282 1534 5354 perSpiciat:
1566 5280 1708 5350 quod
1752 5282 1911 5337 etiam
1958 5280 2048 5336 ille

481 5385 636 5439 nobis
658 5379 949 5454 praecepit,
978 5387 1037 5434 ut
1067 5393 1134 5432 ne
1168 5372 1481 5445 margaritas
1504 5382 1627 5427 ante
1660 5388 1853 5442 porcos
1880 5369 2047 5441 conji-

478 5480 681 5535 ciamus
727 5471 958 5549 (Matth.
1000 5475 1056 5532 7.
1098 5472 1131 5529 6
1159 5472 1201 5543 ).
1233 5470 1442 5527 Etenim
1471 5469 1515 5524 si
1542 5483 1603 5524 ea
1635 5467 1933 5523 inﬁdelibus
1957 5464 2049 5519 de-

480 5570 715 5636 texisset,
749 5584 937 5626 corum
959 5564 1181 5622 morbus
1210 5562 1377 5633 magis
1404 5557 1777 5615 incruduisset.
1825 5555 1958 5610 Nam
2003 5555 2047 5608 si

475 5661 596 5730 quis
615 5660 786 5716 oculis
808 5660 1138 5718 laborantem
1158 5664 1311 5725 cogat
1329 5651 1529 5706 solm-es
1553 5649 1730 5703 radios
1754 5645 2043 5713 respicere,

1210 242 1266 300 S.
1306 242 1380 298 JO
1399 242 1580 295 \NNIS
1615 230 2084 294 CllliYSOSTOMI
2127 236 2439 294 AllClllEl‘.
2483 232 3013 297 CONSTANTINOP.

3636 243 3742 302 ιεθ

2163 356 2305 411 illius
2345 356 2704 414 inﬁrmitatem
2749 362 2917 430 magis
2946 367 3123 429 auget.
3166 356 3289 413 idco
3327 356 3515 414 medici
3544 373 3639 414 eos
3692 376 3747 409 ιιι

2163 446 2398 501 tenebris
2422 447 2632 502 abditos
2659 458 2873 515 tenent,
2900 465 2968 506 ne
2993 449 3214 504 morbus
3246 449 3595 518 ingravescat.
3652 449 3744 502 Sic

2158 553 2286 608 ergo
2314 540 2401 596 hic
2435 540 2596 594 etiam
2638 541 3041 611 intelligendum
3068 549 3187 606 est,
3224 554 3419 608 nempe
3459 541 3600 609 quod
3651 539 3744 594 icti

2163 630 2293 685 vitio
2335 645 2432 685 suo
2461 630 2720 685 increduli
2761 633 3102 687 exstiterunt.
3136 629 3395 686 increduli
3437 642 3612 685 autem
3662 630 3743 685 el-

2159 718 2302 784 l'ecti,
2323 721 2586 790 evangelii
2607 736 2802 779 arcana
2827 722 3046 776 minime
3065 721 3174 790 jam
3198 730 3601 791 perspexerant,
3622 720 3735 777 Deo

2159 810 2408 864 nimirum
2448 811 2627 866 radios
2665 826 2792 866 suos
2828 811 2930 866 illis
2976 810 3231 880 deinceps
3278 810 3627 866 subducente.
3674 811 3731 866 Id

2156 901 2297 970 quod
2326 902 2487 956 etiam
2519 901 2793 972 discipulis
2819 902 3062 971 dicebat,
3094 902 3372 974 Propterea
3397 904 3448 956 in
3475 904 3731 974 parabolis

2156 992 2334 1060 loquor
2371 993 2527 1062 ipsis,
2555 994 2674 1063 quia
2703 993 2964 1048 audientes
2992 1010 3092 1048 non
3128 994 3341 1047 audiunt
3372 993 3597 1065 (Hau/1.
3635 996 3726 1050 i3.

2157 1080 2276 1152 15).
2322 1080 2517 1135 Verum
2547 1091 2605 1135 ut
2642 1082 2784 1151 quod
2825 1082 2944 1137 dico
2982 1082 3228 1152 exemplo
3268 1082 3553 1137 dilucidius
3592 1082 3725 1149 ﬁat,

2154 1169 2294 1241 ﬁnge
2321 1172 2575 1240 gentiiem
2607 1188 2727 1228 esse
2755 1173 3036 1243 quemdam
3061 1214 3080 1241 ,
3121 1174 3211 1243 qui
3253 1189 3341 1229 res
3377 1184 3586 1234 nostras
3629 1191 3728 1244 pro

2153 1263 2345 1317 fabulis
2383 1264 2575 1318 habeat
2601 1283 2614 1318 :
2644 1265 2729 1319 hic
2757 1266 2915 1335 igitur
2937 1265 3126 1335 plusne
3155 1280 3219 1320 ex
3244 1280 3310 1320 eo
3335 1266 3601 1321 commodi
3634 1282 3727 1322 ca-

2153 1355 2282 1425 piet,
2296 1356 2342 1408 si
2365 1355 2636 1424 ingressus
2650 1354 2811 1411 fuerit
2835 1371 2898 1411 ac
2922 1358 3169 1427 mysteria
3190 1358 3543 1427 conspexerit,
3563 1374 3723 1428 quam

2150 1445 2196 1500 si
2227 1445 2357 1500 loris
2384 1447 2628 1500 maneat?
2666 1446 2791 1501 ideo
2815 1448 2885 1500 ait
2915 1466 2928 1502 :
2969 1446 3036 1502 Ut
3061 1463 3161 1502 non
3188 1447 3379 1519 fulgeat
3402 1448 3506 1501 illis
3531 1448 3724 1504 illumi-

2151 1538 2327 1598 natio;
2358 1536 2409 1590 in
2437 1537 2598 1592 Musis
2623 1537 2872 1593 videlicet
2896 1537 3115 1594 historia
3140 1540 3314 1595 adhuc
3337 1540 3565 1596 luerens.
3587 1540 3719 1597 Nam

2149 1626 2290 1696 quod
2308 1628 2450 1682 illius
2467 1637 2620 1682 :ctate
2636 1628 2835 1684 Judaeis
2847 1630 3060 1695 accidit,
3080 1630 3180 1685 hoc
3199 1630 3455 1701 evangelii
3483 1641 3724 1701 tempore

2152 1720 2402 1775 omnibus
2439 1720 2747 1780 inﬁdelibus
2775 1738 2872 1778 usu
2900 1724 3068 1777 venit.
3114 1722 3378 1789 Quidnam
3412 1734 3587 1779 autem
3613 1727 3717 1790 sit,

2148 1810 2288 1880 quod
2324 1810 2399 1864 ait
2436 1822 2680 1881 opertum
2716 1812 2823 1867 illis
2849 1813 3011 1868 fuisse
3035 1828 3098 1867 ac
3128 1814 3347 1869 minime
3368 1814 3715 1883 declaratum,

2147 1902 2269 1957 audi
2312 1904 2439 1973 quid
2481 1904 2600 1973 ipse
2642 1903 2823 1959 dicat:
2867 1902 2936 1960 Ut
2976 1922 3075 1959 non
3101 1906 3291 1976 fulgeat
3319 1907 3390 1960 eis
3416 1907 3719 1962 illaminatio

2146 1995 2390 2064 evangelii
2433 1995 2611 2066 gloria:
2654 1995 2871 2062 Christi,
2913 1997 3001 2066 qui
3035 2007 3109 2051 est
3147 1998 3313 2068 imago
3355 1997 3470 2053 Dei.
3516 1999 3718 2066 Nempe

2146 2084 2287 2154 quod
2317 2086 2462 2141 orbis
2488 2086 2631 2142 salus
2660 2102 2790 2142 crux
2828 2095 2914 2142 est
2951 2088 3220 2158 ipsiusque
3248 2090 3417 2158 gloria
3442 2130 3458 2155 ,
3488 2091 3628 2160 quod
3672 2093 3717 2147 is

2146 2177 2235 2247 qui
2263 2176 2549 2231 cruciﬁxus
2575 2187 2661 2232 est
2685 2193 2808 2233 cum
2839 2179 3006 2233 multo
3030 2179 3313 2248 splendore
3338 2190 3587 2235 venturus
3615 2182 3714 2241 sit:

2145 2276 2304 2338 atque
2328 2267 2430 2320 alia
2461 2268 2669 2331 omnia,
2703 2277 2807 2322 tam
2830 2270 3150 2340 prasentia,
3177 2285 3333 2339 quam
3362 2270 3563 2334 futura.
3610 2281 3716 2325 tam

2146 2359 2198 2411 in
2225 2370 2498 2429 aspectum
2525 2359 2769 2414 cadentia
2786 2400 2801 2424 ,
2831 2374 2988 2429 quam
3015 2361 3223 2415 occulta
3248 2371 3301 2415 et
3326 2361 3604 2415 ineﬁ‘ahilis
3632 2378 3719 2416 re-

2145 2465 2263 2503 rum
2288 2464 2406 2519 qua:
2435 2459 2815 2518 exspectantur
2842 2450 3120 2505 adventus.
3152 2449 3305 2506 Unde
3327 2451 3482 2505 etiam
3507 2456 3715 2517 αὐγάσαι

2144 2541 2312 2607 dixit,
2355 2541 2459 2596 hoc
2494 2551 2579 2598 est
2620 2541 2913 2608 irradiare,
2958 2558 3027 2597 ne
3067 2552 3120 2597 tu
3162 2551 3329 2597 totum
3373 2543 3425 2597 in
3467 2543 3568 2598 hac
3609 2546 3714 2598 vita

2145 2647 2372 2703 qureras.
2403 2634 2495 2688 Est
2521 2635 2661 2689 enim
2690 2635 2835 2689 velut.
2872 2634 3052 2690 radius
3084 2634 3346 2704 quispiam
3370 2632 3599 2703 Spiritus
3620 2676 3632 2693 .
3663 2635 3712 2688 id

2145 2726 2286 2796 quod
2316 2742 2455 2782 nunc
2481 2727 2659 2782 datur.
2705 2726 2763 2781 ld
2787 2725 2932 2797 quod
2973 2726 3134 2781 etiam
3172 2727 3415 2796 superius
3441 2726 3711 2792 indicans,

2145 2816 2325 2872 odoris
2349 2832 2411 2871 ac
2436 2832 2646 2872 rursum
2676 2817 2910 2887 pignoris
2937 2817 3197 2873 vocabulo
3223 2832 3350 2873 usus
3385 2824 3468 2872 est
3486 2857 3502 2881 ,
3538 2816 3714 2871 decla-

2146 2924 2270 2962 rans
2311 2909 2478 2962 multo
2526 2908 2781 2974 majorem
2810 2908 3092 2977 partemin
3144 2908 3322 2962 futuro
3372 2924 3484 2963 aavo
3529 2923 3717 2975 διευθ-

2145 2997 2394 3052 ctandam
2437 3013 2577 3052 esse.
2604 2997 2709 3053 Sed
2757 3008 2930 3053 tamen
2981 2997 3094 3053 lure
3139 2999 3315 3052 omnia
3371 2999 3499 3069 ipsis
3537 3001 3715 3053 occul-

2147 3096 2253 3143 tata
2303 3097 2460 3154 sunt,
2487 3096 2542 3144 et
2580 3088 2650 3142 ob
2697 3089 2749 3143 id
2795 3087 3081 3152 occultata,
3107 3088 3230 3158 quia
3259 3089 3403 3158 prius
3429 3090 3527 3158 ipsi
3557 3089 3712 3143 ﬁdem

2148 3179 2258 3235 Deo
2283 3179 2626 3249 abrogarunt.
2653 3180 2865 3240 Postea.
2892 3188 2949 3233 nt
2972 3179 3236 3243 ostendat,
3258 3195 3363 3234 non
3386 3179 3575 3235 Christi
3603 3196 3716 3234 mo—

2145 3269 2236 3336 do,
2266 3270 2360 3325 sed
2387 3271 2552 3325 etiam
2578 3271 2749 3325 Patris
2776 3270 2999 3339 gloriam
3029 3271 3093 3324 iis
3121 3270 3437 3339 incognitam
3462 3284 3598 3334 esse,
3625 3271 3715 3339 qui

2147 3376 2264 3416 eam
2296 3378 2401 3415 non
2430 3362 2700 3426 viderunt,
2739 3361 2961 3430 adjecit,
3005 3360 3104 3426 Qui
3128 3369 3199 3414 est
3223 3362 3388 3431 imago
3419 3361 3531 3415 Dei.
3576 3361 3716 3416 Cave

2146 3453 2285 3507 enim
2328 3454 2379 3506 in
2423 3453 2637 3507 Christo
2680 3452 2797 3506 solo
2840 3452 3122 3506 consistas.
3176 3450 3245 3507 Ut
3281 3453 3424 3506 enim
3458 3466 3552 3521 per
3592 3467 3716 3507 eum

2148 3544 2358 3598 Patrem
2382 3544 2580 3605 cernis.
2608 3544 2701 3608 ita,
2728 3544 2774 3597 si
2801 3542 2969 3611 ipsius
2994 3542 3213 3612 gloriam
3241 3542 3481 3610 ignores,
3512 3557 3579 3594 ne
3612 3542 3716 3596 Pa-

2149 3635 2243 3689 tris
2271 3634 2481 3703 quidem
2505 3634 2728 3704 gloriam
2755 3635 3020 3701 cognitam
3049 3632 3282 3688 habebis.
3318 3634 3373 3686 5.
3415 3631 3535 3685 Non
3576 3634 3713 3687 enim

2147 3740 2238 3777 nos
2263 3724 2399 3793 ipsos
2426 3723 2761 3794 prwdicamus
2780 3763 2795 3788 ,
2824 3722 2913 3776 sed
2951 3720 3200 3776 Christum
3228 3720 3403 3775 Iesum
3434 3719 3717 3775 Dominum

2149 3826 2396 3881 nostrum,
2424 3833 2514 3870 nos
2542 3825 2706 3868 autem
2732 3831 2901 3868 servos
2929 3826 3116 3869 vestros
3144 3832 3231 3884 per
3251 3813 3447 3868 Iesum.

2220 3909 2272 3962 5.
2314 3908 2540 3975 Quinam
2573 3907 2658 3960 hic
2684 3908 2949 3962 sermonis
2980 3916 3131 3962 tenor
3160 3907 3279 3960 est?
3313 3906 3436 3975 quid
3472 3908 3568 3960 hoc
3594 3922 3714 3963 cum

2149 3999 2215 4053 iis
2238 4041 2252 4067 ,
2284 4014 2403 4068 qua:
2430 4007 2554 4053 ante
2585 3999 2723 4053 dicta
2755 4007 2911 4061 sunt,
2953 4013 3237 4052 commune
3268 3997 3463 4052 habet?
3505 3998 3596 4053 Vel
3624 4013 3716 4053 eos

2149 4098 2300 4143 notat
2356 4099 2411 4144 ut
2463 4088 2776 4144 insolentius
2821 4102 2942 4143 sese
2990 4087 3296 4152 eﬁ‘erentes,
3345 4097 3398 4141 et
3448 4087 3715 4156 discipulis

2149 4181 2375 4236 suadere
2424 4180 2717 4248 cupientes,
2751 4188 2806 4233 ut
2851 4180 2919 4233 ab
2947 4194 3132 4233 eorum
3161 4178 3461 4232 nominibus
3489 4180 3585 4232 sibi
3618 4194 3714 4232 no-

2151 4289 2272 4330 men
2313 4273 2618 4342 imponant,
2648 4272 2785 4326 sicut
2827 4271 2877 4323 in
2909 4271 3188 4339 superiore
3212 4270 3436 4339 epistola
3468 4270 3714 4337 dicebat,

2151 4365 2262 4436 Ego
2291 4382 2401 4419 sum
2435 4363 2609 4426 Pauli,
2640 4380 2732 4434 ego
2757 4373 2924 4415 autem
2954 4360 3136 4432 Apollo
3160 4362 3242 4431 (1.
3268 4360 3388 4415 Cor.
3412 4362 3465 4415 5.
3488 4362 3545 4429 Ai)
3573 4379 3585 4413 :
3626 4374 3713 4415 aut

2148 4456 2288 4510 aliud
2315 4455 2565 4526 quiddam
2596 4454 2967 4525 gravissimum
2998 4452 3279 4522 signiﬁcat.
3297 4451 3557 4518 Quidnam
3585 4452 3715 4506 hocl

2149 4548 2409 4614 Quoniam
2449 4548 2766 4602 acerrimum
2803 4546 2853 4598 in
2896 4545 3037 4613 ipsos
3074 4545 3270 4599 bellum
3320 4544 3395 4598 illi
3425 4544 3717 4615 gerebant,

2150 4650 2310 4710 atque
2342 4639 2561 4694 insidias
2589 4638 2820 4709 undique
2849 4637 2978 4707 ipsis
3004 4636 3301 4691 struebant.
3345 4634 3501 4700 Num,
3531 4635 3717 4704 inquit,

2150 4734 2431 4789 adversum
2465 4748 2561 4787 nos
2590 4732 2837 4803 pugnatis
2855 4772 2870 4797 ,
2903 4747 2966 4785 ac
2995 4745 3099 4785 non
3128 4730 3385 4785 adversus
3411 4744 3535 4783 eum
3561 4729 3649 4797 qui
3697 4740 3728 4777 a

2153 4826 2303 4881 nobis
2329 4823 2677 4895 praedicatur?
2696 4837 2869 4893 neque
2896 4824 3038 4876 enim
3060 4821 3305 4890 nosipsos
3336 4819 3684 4887 pradicamus
3706 4836 3722 4869 :

2152 4936 2251 4991 ego
2281 4933 2471 4975 servus
2498 4933 2614 4972 sum
2641 4959 2656 4983 ,
2705 4931 2804 4987 ego
2832 4931 3016 4971 eorum
3046 4913 3137 4984 qui
3162 4912 3595 4984 prmdicationem
3625 4927 3722 4965 ex-

2151 5012 2354 5081 cipiunt
2374 5010 2641 5074 .miniSIer,
2659 5022 2875 5078 operam
2902 5020 3115 5061 onmem
3140 5004 3289 5059 alteri
3321 5017 3540 5067 navans,
3563 5010 3727 5072 atque

2154 5101 2318 5170 ipsius
2348 5100 2530 5167 gloriae
2557 5112 2713 5152 causa
2741 5095 2949 5167 quidvis
2971 5093 3187 5148 faciens.
3215 5093 3413 5163 Itaque,
3436 5091 3562 5146 dum
3595 5089 3728 5146 mihi

2155 5189 2350 5244 bellum
2402 5189 2595 5253 infers,
2643 5203 2704 5242 ea
2748 5202 2866 5256 qua:
2898 5186 3041 5240 illius
3069 5193 3194 5239 sunt
3235 5183 3445 5252 dejicis.
3495 5181 3725 5237 Tantum

2150 5280 2295 5335 enim
2323 5279 2492 5343 abest,
2520 5288 2571 5333 ut
2606 5293 2671 5332 ex
2700 5277 3007 5347 evangeliea
3031 5289 3257 5330 munere
3280 5273 3564 5344 quidquam
3594 5271 3728 5324 mihi

2153 5383 2396 5439 arrogem
2420 5409 2436 5434 ,
2468 5379 2526 5423 ut
2554 5384 2622 5423 ne
2648 5381 2839 5424 servus
2883 5366 3096 5437 quidem
3136 5376 3316 5420 vester
3342 5378 3463 5419 esse
3508 5371 3729 5432 propter.

2153 5461 2425 5519 Christum
2450 5469 2797 5515 recusaturus
2821 5460 2943 5525 sim,
2970 5454 3399 5529 quandoquidem
3426 5453 3526 5524 ipsi
3553 5453 3729 5506 visum

2155 5560 2237 5607 est
2280 5559 2427 5605 tanto
2457 5550 2511 5603 in
2539 5551 2712 5621 pretio
2743 5565 2838 5605 vos
2868 5548 3099 5614 habere,
3128 5555 3380 5617 tantoque
3418 5558 3602 5598 amore
3631 5555 3727 5595 vos

2156 5642 2475 5711 complecti,
2524 5657 2588 5699 ac
2631 5642 2817 5699 salutis
2849 5650 3040 5698 vestra:
3088 5653 3246 5696 causa
3289 5637 3498 5710 quidvis
3542 5648 3717 5707 agere.
