4098 6222
426 391 532 446 45⁸1

423 503 577 558 Unde
625 502 787 560 etiam
834 501 943 569 ait,
992 499 1104 557 Nos
1139 511 1308 558 autem
1349 518 1517 559 servos
1561 513 1751 558 vestros
1795 512 2001 574 prapter

419 592 702 650 Christum.
728 593 918 650 Viuen’
945 594 1184 648 animum
1211 593 1281 649 ab
1307 595 1452 650 omni
1479 594 1663 666 glorise
1691 594 1870 650 studio
1897 609 2000 665 pu-

421 685 576 739 rum?
614 683 846 740 Tantum
877 686 1050 750 abest,
1082 686 1274 754 inquit,
1304 694 1362 740 ut
1389 701 1574 740 eorum
1596 726 1612 751 ,
1644 702 1765 756 quas
1790 685 1998 740 Domini

418 784 578 840 sunt,
604 776 894 846 quidquam
925 791 1275 846 usurpemus,
1303 785 1361 832 ut
1390 778 1548 832 etiam
1579 778 1823 846 nosipsos
1851 777 1999 832 vobis

420 875 637 936 propter
667 882 790 920 eum
819 867 1190 935 subjiciamus.
1214 867 1267 922 6.
1295 867 1548 932 Quoniam
1577 867 1736 931 Deus,
1761 869 1846 937 qui
1871 868 2000 920 dixit

417 959 478 1012 de
504 957 718 1010 tenebris
745 957 914 1011 lumen
946 958 1314 1025 splendescere,
1345 962 1456 1030 ipse
1483 959 1654 1013 illuxit
1684 959 1736 1012 in
1762 959 1998 1012 cordibus

417 1053 610 1105 vestris.
665 1053 740 1106 En
784 1053 1053 1122 quomodo
1079 1069 1264 1109 rursus
1291 1055 1392 1122 iis,
1442 1056 1530 1125 qui
1573 1056 1820 1110 eximiam
1851 1055 1994 1109 illam

414 1143 672 1212 gloriam,
705 1144 866 1198 Mosis
893 1145 1173 1209 videlicet,
1205 1146 1388 1202 videre
1414 1149 1730 1217 cupiebant,
1764 1148 1996 1202 ostendit

415 1236 573 1289 etiam
603 1251 723 1289 cum
754 1235 1117 1292 additamenta
1148 1237 1432 1308 fulgentem
1460 1240 1472 1292 l
1518 1238 1667 1294 Sicut
1702 1239 1753 1293 in
1791 1240 1993 1294 vultum

416 1327 594 1390 Musis,
628 1327 817 1397 inquit,
852 1327 922 1382 ita
951 1329 1002 1382 in
1029 1329 1191 1383 corda
1222 1341 1396 1385 vestra
1429 1330 1650 1386 effulsit.
1684 1331 1752 1385 Et
1779 1331 1991 1400 quidem

416 1420 560 1487 prius
593 1433 656 1472 ea
680 1459 695 1482 ,
729 1435 848 1488 qua:
895 1421 946 1474 in
993 1437 1170 1476 rerum
1201 1423 1535 1477 conditarum
1583 1424 1735 1478 initio
1764 1425 1990 1479 exstite-

415 1517 570 1572 runt,
630 1510 682 1562 in
737 1512 1048 1564 memoriam
1097 1523 1354 1578 revocat,
1411 1513 1581 1569 lucem
1638 1515 1885 1569 nimirum
1937 1516 1989 1569 in

411 1617 625 1657 sensum
657 1601 936 1656 cadentem
1003 1613 1056 1658 et
1097 1606 1377 1671 tenebras;
1421 1607 1711 1661 ostendens
1742 1607 1842 1662 hoc
1870 1609 1991 1677 opi-

414 1693 586 1746 tieium
647 1693 738 1745 illo
780 1696 1120 1762 prarstantius
1149 1710 1290 1750 esse.
1340 1695 1534 1752 Verum
1582 1697 1792 1751 ubinam
1825 1698 1985 1764 dixit,

411 1783 487 1837 De
539 1784 749 1837 tenebris
803 1784 964 1838 lucem
1019 1785 1422 1856 splendescere?
1473 1789 1530 1843 ln
1603 1789 1864 1858 principio
1925 1805 1986 1842 ac

412 1890 585 1928 rerum
609 1875 944 1929 conditarum
975 1877 1312 1945 primordiis:
1340 1877 1576 1932 Tenebra:
1599 1881 1761 1944 enim,
1794 1881 1982 1949 inquit,

411 1975 551 2017 erant
580 1981 734 2020 suoer
763 1967 944 2034 facient
973 1968 1162 2037 abyssi.
1197 1968 1263 2021 Et
1287 1967 1421 2022 dixit
1454 1969 1611 2033 Deus,
1643 1969 1761 2022 Fiat
1787 1971 1906 2030 lux,
1940 1979 1985 2024 et

407 2060 542 2124 facta
559 2067 630 2108 est
651 2057 737 2109 lux
755 2055 907 2127 (Gen.
931 2058 980 2110 1.
1000 2057 1057 2111 2.
1078 2058 1154 2128 3).
1171 2059 1275 2112 Sed
1298 2067 1420 2113 tunc
1438 2059 1650 2128 quidem
1670 2059 1820 2125 dixit,
1837 2059 1980 2126 Fiat,

407 2158 480 2210 et,
509 2145 724 2200 Factum
751 2158 857 2211 est;
890 2163 1030 2202 nunc
1057 2159 1234 2203 autem
1264 2165 1368 2204 non
1400 2150 1551 2212 dixit,
1573 2151 1665 2206 sed
1693 2153 1802 2221 ipse
1829 2154 1982 2207 nobis

409 2239 496 2291 lux
524 2237 689 2293 factus
707 2249 806 2294 cst.
825 2242 1083 2306 Quocirca
1105 2257 1200 2295 nec
1226 2257 1312 2296 res
1330 2243 1555 2297 scnsiies
1578 2243 1676 2299 hac
1695 2245 1811 2299 luce
1827 2246 1981 2300 atiul-

402 2341 560 2399 gcnte
584 2335 866 2397 intuemur,
891 2335 983 2389 sed
1010 2336 1171 2389 Deum
1196 2337 1365 2406 ipsum
1386 2353 1480 2406 per
1499 2335 1982 2395 Christum.Vides—

404 2439 470 2477 ue
499 2440 603 2493 quo
637 2433 786 2490 pacto
809 2427 941 2480 nihil
974 2427 1023 2479 in
1054 2427 1315 2481 Trinitate
1341 2428 1407 2480 sit
1431 2428 1700 2483 diversum
1720 2431 1743 2482 ?
1763 2429 1892 2484 Nam
1912 2432 1980 2486 de

399 2516 596 2583 Spiritu
630 2517 790 2580 dicit,
829 2516 939 2572 Nos
969 2529 1135 2572 autem
1165 2535 1337 2573 omnes
1366 2521 1581 2574 revelata
1609 2523 1738 2592 [acie
1762 2524 1979 2594 gloriam

304 2648 307 2649 ν
401 2605 607 2659 Domini
638 2611 971 2677 speculantes,
1001 2611 1051 2662 in
1083 2611 1310 2663 eamdem
1337 2612 1610 2682 imaginem
1637 2618 1976 2685 transforma-

399 2715 512 2750 mur
541 2715 572 2750 a
614 2701 776 2769 gloria
807 2701 856 2752 in
885 2702 1138 2770 gloriam,
1169 2711 1422 2771 tamquam
1454 2720 1485 2756 a
1519 2702 1736 2758 Domino
1776 2705 1978 2776 Spiritu

397 2789 486 2857 (2.
516 2789 631 2843 Cor.
662 2792 714 2846 3.
747 2792 876 2860 18);
909 2792 974 2846 de
1009 2791 1146 2846 Filio
1167 2834 1182 2857 ,
1215 2792 1283 2847 Ut
1314 2810 1412 2847 non
1439 2796 1630 2864 fulgeat
1655 2795 1756 2849 illis
1784 2797 1976 2851 illumi-

397 2884 534 2935 iatio
564 2885 807 2952 evangelii
834 2887 1013 2955 gloria:
1055 2885 1280 2952 Christi,
1311 2888 1398 2953 qui
1427 2897 1498 2941 est
1537 2890 1704 2958 imago
1735 2889 1867 2956 Dei;
1908 2893 1975 2947 de

394 2971 549 3026 Patre
595 2974 844 3044 denique,
880 2974 977 3040 Qui
1009 2976 1133 3029 dixit
1182 2977 1246 3029 de
1288 2977 1499 3030 tenebris
1553 2979 1714 3032 lucem
1742 2983 1975 3050 splende-

392 3079 548 3128 scere,
579 3064 687 3133 ipse
713 3063 880 3118 illuxit
907 3066 957 3119 in
988 3065 1224 3120 cordibus
1254 3068 1428 3121 vestris
1453 3068 1521 3120 ad
1551 3069 1972 3126 illuminationem

391 3156 611 3209 scientia:
640 3156 886 3211 claritatis
914 3157 1007 3213 Dei
1039 3159 1090 3212 in
1121 3161 1251 3229 facie
1279 3157 1487 3216 Christi.
1512 3161 1969 3228 Quemadmodum

391 3247 530 3300 enim
559 3265 679 3302 cum
712 3249 952 3314 dixisset,
990 3250 1253 3323 Evangelii
1286 3254 1463 3322 gloria:
1489 3254 1697 3322 Christi,
1721 3258 1967 3326 subjecit,

397 3338 493 3402 Qui
528 3350 600 3394 est
640 3343 808 3412 imago
839 3336 954 3408 Dei,
989 3343 1069 3398 bis
1096 3345 1272 3398 verbis
1301 3345 1540 3401 indicans
1561 3362 1653 3402 eos
1677 3348 1815 3402 illius
1838 3365 1971 3420 quo-

393 3445 496 3498 que
537 3432 700 3500 gloria
731 3433 948 3487 orbatos
974 3450 1092 3488 esse
1119 3453 1132 3488 :
1178 3436 1248 3490 ita
1294 3452 1414 3491 cum
1446 3437 1700 3504 dixisset,
1733 3439 1970 3495 Scientitc

390 3519 488 3573 Dei
511 3564 524 3585 ,
556 3523 785 3592 adjecit,
828 3522 892 3578 In
925 3526 1060 3596 facie
1085 3526 1311 3593 Christi,
1354 3538 1412 3582 ut
1450 3530 1695 3584 ostendat
1735 3547 1831 3585 nos
1878 3549 1970 3600 per

389 3613 656 3668 Christum
685 3615 750 3668 ad
782 3615 953 3669 Patris
981 3619 1334 3687 cognitionem
1374 3621 1680 3687 pervenire,
1723 3631 1778 3675 ut
1806 3623 1966 3677 etiam

394 3720 486 3770 per
514 3704 770 3775 Spiritum
806 3707 870 3760 ad
903 3722 1022 3761 eum
1055 3707 1388 3762 adducimur.
1435 3711 1486 3762 7.
1524 3711 1776 3766 Habemus
1802 3723 1968 3768 autem

389 3797 539 3850 istum
570 3798 860 3852 thesaurum
892 3800 945 3852 in
985 3801 1116 3853 vasis
1160 3801 1398 3868 ﬁctilibus
1437 3817 1456 3854 :
1502 3812 1555 3856 ut
1581 3803 1861 3860 sublimitas
1904 3809 1968 3861 sit

389 3890 586 3942 virtutis
628 3887 725 3943 Dei
744 3931 758 3953 ,
789 3899 834 3943 et
868 3907 967 3944 non
1007 3907 1070 3944 ea:
1104 3891 1265 3945 nobis.
1310 3892 1569 3957 Quoniam
1598 3895 1737 3948 enim
1769 3895 1836 3950 de
1875 3913 1964 3949 ar-

389 3997 518 4035 cana
557 3981 643 4034 illa
687 3982 856 4052 gloria
898 3983 1062 4038 multa
1109 3993 1163 4038 et
1201 3986 1376 4054 ampla
1417 3985 1578 4040 verba
1612 3985 1850 4053 fecerat,
1899 4005 1966 4044 ne

389 4073 509 4139 quis
539 4071 774 4126 diceret:
817 4072 916 4140 Qui
947 4075 1004 4129 fit
1039 4075 1216 4145 igitur,
1246 4084 1303 4129 ut
1333 4085 1529 4129 tantam
1559 4077 1787 4146 gloriam
1830 4094 1963 4132 con-

389 4162 625 4231 scquuti,
659 4163 711 4216 in
741 4166 948 4220 mortali
974 4181 1198 4236 corpore
1239 4169 1587 4222 maneamus?
1627 4168 1737 4222 Hoc
1769 4170 1962 4238 ipsum,

389 4254 580 4322 inquit,
625 4262 708 4308 est
744 4269 1083 4325 summOpere
1131 4257 1429 4312 mirandum
1455 4298 1469 4320 ,
1515 4275 1577 4314 ac
1607 4260 1964 4318 luculentissi-

387 4361 532 4398 mnm
590 4346 785 4401 divina:
844 4350 1097 4418 potentiae
1147 4360 1560 4420 argumentum,
1606 4353 1747 4422 quod
1802 4356 1964 4412 fictile

387 4435 655 4490 vasculum
709 4445 910 4492 tantum
950 4439 1286 4510 splendorem
1320 4442 1459 4497 ferre
1501 4457 1564 4497 ac
1604 4453 1805 4500 tantum
1849 4447 1965 4502 the-

385 4539 596 4580 saurum
619 4527 754 4582 tueri
772 4531 1019 4597 potuerit.
1037 4528 1198 4600 Cujus
1216 4533 1375 4586 etiam
1395 4532 1469 4587 rei
1483 4533 1834 4589 admiratione
1848 4537 1962 4606 ipse

384 4626 684 4672 commotus
711 4619 917 4675 dicebat
945 4639 958 4674 :
1007 4621 1074 4676 Ut
1117 4621 1398 4677 sublimitas
1423 4623 1487 4678 sit
1516 4627 1714 4680 virtutis
1747 4626 1838 4680 Dei
1857 4669 1872 4694 ,
1920 4638 1964 4681 et

385 4725 482 4763 non
515 4727 577 4764 ex
615 4712 756 4765 nobis
780 4727 800 4775 ;
838 4712 920 4767 his
945 4715 1122 4768 verbis
1147 4729 1239 4768 eos
1270 4730 1454 4770 rursus
1481 4717 1845 4782 subindicans,
1872 4719 1962 4788 qui

386 4806 438 4860 in
468 4807 659 4876 seipsis
689 4807 1072 4877 gloriabantur.
1097 4809 1227 4864 Nam
1255 4819 1310 4864 et
1337 4809 1599 4864 donorum
1631 4812 1959 4881 magnitudo,

383 4907 438 4953 et
466 4913 648 4954 eorum
680 4901 768 4970 qui
812 4899 895 4955 his
934 4901 1109 4957 alfecti
1153 4911 1277 4956 sunt
1307 4903 1677 4969 imbecillitas,
1723 4904 1827 4958 vim
1869 4904 1960 4959 Dei

389 4990 801 5056 demonstrant,
850 5007 955 5046 non
997 4992 1157 5048 modo
1185 4994 1308 5063 quia
1343 5008 1530 5062 magna
1578 4994 1800 5064 largitus
1839 5006 1960 5062 est,

384 5079 477 5134 sed
504 5083 627 5150 quia
659 5083 840 5152 parvis
866 5094 920 5139 et
958 5085 1218 5154 abjectis:
1265 5084 1426 5140 fictile
1455 5087 1650 5154 quippe
1687 5086 1858 5152 dixit,
1907 5096 1963 5142 ut

386 5173 632 5228 humana:
661 5181 866 5229 naturae
892 5175 1231 5247 fragilitatem
1285 5177 1644 5248 significaret,
1679 5179 1963 5250 carnisque

385 5273 583 5319 nostra:
631 5265 1048 5323 imbecillitatem
1097 5270 1438 5337 conspicuam
1488 5268 1757 5324 redderet.
1800 5269 1962 5325 Testa

384 5372 621 5428 namque
650 5358 820 5414 nihilo
848 5362 1038 5417 melius
1065 5362 1151 5416 illa
1179 5377 1238 5418 se
1267 5361 1459 5426 habet;
1493 5362 1629 5417 adeo
1654 5362 1962 5418 oll‘ensioni-

384 5449 486 5505 bus
514 5459 683 5520 patet,
710 5467 774 5508 ac
801 5465 995 5521 morte,
1025 5455 1250 5521 morbis,
1282 5456 1397 5510 caeli
1430 5456 1778 5526 intemperiis,
1801 5465 1963 5526 atque

384 5542 678 5599 innumeris
695 5546 814 5600 aliis
829 5547 982 5602 malis
1007 5548 1158 5603 facile
1183 5547 1513 5602 dissolvitur.
1542 5548 1665 5602 Hrec
1691 5563 1854 5619 porro
1873 5549 1962 5604 di-

383 5633 541 5690 cebat
560 5676 577 5702 ,
605 5645 719 5691 tum
746 5646 803 5693 ut
827 5653 1010 5694 eorum
1037 5639 1391 5711 arrogantiam
1421 5643 1815 5708 comprimeret,
1851 5650 1960 5697 tum

385 5737 444 5782 ut
494 5729 627 5786 nihil
679 5749 854 5790 rerum
904 5745 1208 5790 nostrarum
1251 5735 1536 5790 lmmanum
1578 5750 1696 5791 esse
1738 5735 1961 5792 demon-

382 5830 595 5878 atraret.

1451 387 1518 445 IN
1553 389 1767 446 EPIST.
1811 389 1852 445 ll
1912 389 2004 445 AD
2039 389 2198 447 (ΞΟΠ.
2238 390 2469 449 HOMIL.
2511 393 2646 452 Vill.

3591 411 3704 467 458⁵

2180 504 2236 559 ι.
2285 506 2416 562 Nam
2445 516 2554 564 tum
2579 509 2796 567 demum
2827 513 2919 570 Dei
2957 517 3035 572 vis
3063 521 3297 576 maxime
3321 521 3535 588 elucet,
3564 540 3698 580 cum

2110 611 2204 686 per
2230 596 2363 652 viles
2395 610 2450 652 et
2477 600 2718 670 abiectos
2746 603 2988 674 ingentes
3013 623 3102 664 res
3133 621 3325 680 patrat.
3355 617 3431 671 Ac
3462 617 3695 686 proinde

2107 685 2214 738 alio
2240 687 2400 741 etiam
2431 689 2549 745 loco
2572 692 2752 749 aiebat
2781 735 2796 760 ,
2839 695 3005 754 Virtus
3034 717 3146 755 mea
3169 704 3222 756 in
3250 685 3546 774 inﬁrmitate
3567 725 3688 778 per-

2105 777 2276 842 ﬁcitur
2305 777 2380 848 (2.
2411 778 2529 835 Cor.
2565 782 2655 838 l2.
2687 783 2765 857 9).
2797 785 2854 841 ln
2883 788 3060 845 Veteri
3090 808 3304 864 quoque
3331 777 3692 856 Testamento.

2106 881 2204 935 per
2225 868 2426 924 culices
2451 881 2506 926 et
2531 889 2746 930 muscas
2778 887 2918 933 totos
2954 880 3304 940 barbarorum
3333 891 3600 946 exercitus
3631 894 3684 946 in

2103 958 2278 1028 fugam
2306 962 2542 1019 vertebat
2577 965 2720 1036 (ideo
2748 983 2964 1026 erucam
2997 990 3242 1045 magnam
3273 979 3380 1032 vim
3411 996 3562 1035 suam
3585 998 3685 1052 ap—

2104 1052 2334 1138 pellabat
2361 1053 2518 1126 [loel.
2549 1057 2826 1133 235]),
2874 1071 2927 1118 et
2969 1066 3094 1120 olim
3150 1068 3358 1138 linguas
3405 1072 3688 1130 dumtaxat-

2101 1135 2478 1194 confundendo
2507 1181 2522 1204 ,
2557 1141 2826 1211 ingentem
2869 1147 3014 1202 illam
3060 1135 3250 1207 turrim
3300 1154 3680 1228 Babylonicam

2100 1224 2318 1282 delevit.
2369 1229 2425 1284 ln
2466 1231 2620 1288 bellis
2659 1235 2879 1307 insuper
2924 1255 3064 1296 nunc
3114 1259 3208 1312 per
3238 1224 3506 1304 trecentos
3534 1251 3684 1306 viros

2100 1317 2359 1374 infinitam
2389 1319 2622 1378 hostium
2651 1342 2867 1383 manum
2899 1332 3228 1402 proﬂigabat,
3259 1352 3401 1392 nunc
3429 1341 3678 1398 tubarum

2098 1409 2349 1480 clangore
2382 1413 2546 1470 urbes
2571 1418 2868 1480 evertebat,
2901 1435 2964 1476 ac
2993 1433 3176 1492 postea
3209 1442 3305 1495 per
3337 1430 3587 1500 exiguum
3616 1448 3680 1486 ac

2102 1500 2261 1555 vilem
2285 1502 2685 1562 adolescentem
2715 1509 2964 1565 Davidem
2996 1514 3300 1570 universam
3330 1517 3675 1576 barbarorum

2095 1592 2262 1647 aciem
2287 1595 2338 1648 in
2371 1595 2546 1667 fugam
2569 1600 2778 1668 agebat.
2805 1603 3006 1659 Eodem
3037 1607 3217 1677 itaque
3239 1611 3400 1666 modo
3430 1611 3516 1668 hie
3545 1630 3676 1684 quo-

2094 1699 2198 1753 que
2243 1688 2419 1741 missis
2447 1690 2619 1745 solum
2662 1693 2946 1750 duodecim
2976 1699 3105 1753 viris
3134 1700 3201 1754 de
3237 1702 3369 1757 orbe
3396 1705 3672 1762 victoriam

2092 1778 2318 1847 adeptus
2343 1791 2444 1847 est,
2478 1783 2780 1851 duodecim,
2806 1788 2965 1858 idque
2984 1805 3106 1844 cum
3137 1793 3237 1861 ipsi
3269 1795 3460 1852 infesta
3492 1801 3671 1853 omnia

2095 1869 2374 1938 haberent,
2404 1889 2467 1928 ac
2497 1875 2636 1930 bello
2665 1877 2734 1931 ab
2769 1881 3016 1935 omnibus
3043 1896 3390 1939 vexarentur.
3422 1887 3514 1942 Dei
3546 1907 3674 1960 ergo

2091 1965 2382 2030 potentiam
2425 1967 2754 2023 admiremur
2781 1979 2835 2024 et
2861 1971 3146 2028 adoremus
3179 1992 3191 2027 :
3227 1975 3564 2034 sciscitemur
3604 1998 3669 2036 ex

2089 2053 2310 2119 Judzeis,
2338 2056 2678 2114 sciscitemur
2703 2076 2766 2114 ex
2794 2063 3082 2132 gentilibus
3101 2105 3116 2130 ,
3151 2067 3396 2136 quisnam
3421 2071 3676 2125 universo

2090 2154 2352 2202 terrarum
2381 2150 2494 2204 orbi
2525 2155 2871 2221 persuaserit,
2906 2163 2964 2209 ut
2992 2171 3019 2208 a
3045 2159 3231 2226 patriis
3260 2159 3515 2216 institutis
3539 2164 3666 2218 abs-

2087 2238 2349 2306 cederet,
2379 2249 2538 2310 atque
2593 2243 2660 2296 ad
2709 2244 2932 2298 alteram
2980 2247 3188 2302 vivendi
3245 2251 3506 2306 rationem
3548 2267 3668 2309 sese

2085 2331 2355 2385 conferret
2379 2334 2402 2384 ?
2427 2333 2681 2401 piscator,
2712 2350 2778 2389 an
2811 2338 3162 2392 tentoriorum
3192 2340 3414 2396 eli‘ector
3440 2344 3462 2396 ἲ
3488 2345 3664 2414 publi-

2086 2435 2252 2476 canus
2277 2465 2291 2488 ,
2322 2439 2388 2477 an
2429 2425 2675 2482 indoctus
2700 2441 2763 2481 ac
2796 2429 3067 2484 literarum
3097 2435 3336 2501 expers?
3365 2435 3534 2502 Quam
3571 2453 3667 2491 au-

2087 2522 2191 2567 tem
2225 2515 2326 2570 hoc
2355 2519 2618 2573 rationem
2651 2519 2912 2588 haberet,
2955 2524 3054 2578 nisi
3090 2527 3168 2578 vis
3213 2527 3386 2582 divina
3430 2528 3619 2585 fuisset
3648 2574 3661 2596 ,

2083 2623 2201 2675 qua:
2231 2622 2326 2676 per
2353 2609 2472 2663 illos
2499 2611 2676 2664 omnia
2708 2612 3052 2669 conﬁceret?
3091 2615 3223 2670 Nam
3267 2620 3392 2688 quid
3425 2621 3663 2677 dicentes

2082 2699 2157 2751 illi
2183 2740 2200 2766 ,
2235 2702 2676 2769 persuadebunt?
2715 2705 3063 2775 Baptizemini
3094 2709 3147 2762 in
3181 2711 3395 2766 nomine
3423 2714 3660 2769 crucifixi

2082 2788 2100 2858 (
2125 2789 2235 2842 Act.
2265 2789 2317 2843 2.
2347 2789 2471 2864 38).
2502 2793 2664 2863 Cujus
2711 2796 2963 2851 tandem?
2991 2797 3159 2866 Quem
3192 2817 3478 2870 numquam
3508 2805 3660 2860 vidc-

2080 2889 2217 2934 rant.
2267 2882 2332 2936 Et
2363 2891 2542 2938 tamen
2571 2899 2691 2939 cum
2725 2886 2836 2942 haec
2875 2888 3117 2944 dicerent
3161 2906 3224 2945 ac
3261 2893 3614 2962 praedicarent
3641 2938 3659 2961 ,

2077 2973 2410 3029 auditoribus
2456 2976 2848 3045 persuadebant
2874 3021 2888 3045 ,
2928 2995 3021 3036 eos
3067 2983 3156 3051 qui
3189 2985 3614 3040 vaticinabantur
3642 3029 3658 3051 ,

2078 3074 2239 3136 atque
2263 3081 2291 3118 a
2317 3067 2612 3136 majoribus
2641 3069 2818 3123 traditi
2845 3071 2974 3140 ipsis
3000 3082 3154 3126 erant
3179 3116 3194 3140 ,
3223 3073 3355 3129 deos
3376 3092 3481 3130 non
3515 3094 3658 3134 esse.

2077 3157 2322 3214 Christus
2351 3175 2475 3214 vero
2505 3161 2670 3216 clavis
2695 3161 2887 3218 affixus
2909 3179 3098 3220 omnes
3122 3167 3442 3222 attrabebat.
3474 3171 3654 3239 Atqui,

2078 3251 2218 3321 quod
2255 3252 2304 3304 in
2335 3267 2550 3307 crucem
2591 3254 2831 3309 sublatus
2874 3271 2937 3310 ac
2979 3257 3219 3325 sepultus
3249 3259 3434 3314 luisset
3467 3301 3480 3324 ,
3517 3264 3654 3330 apud

2077 3357 2265 3396 omnes
2292 3343 2610 3410 constabat;
2640 3345 2780 3411 quod
2811 3357 2989 3402 autem
3041 3350 3418 3404 resurrexisset
3453 3393 3468 3412 ,
3502 3355 3656 3420 pauci

2075 3433 2294 3487 omnino
2323 3434 2584 3488 viderant.
2616 3433 2796 3489 Nihilo
2823 3438 3002 3491 secius
3031 3446 3205 3493 tamen
3240 3438 3340 3494 hoc
3370 3440 3538 3510 ipsum
3568 3443 3653 3510 iis,

2074 3525 2162 3594 qui
2198 3540 2306 3578 non
2346 3525 2589 3580 viderant
2619 3567 2634 3593 ,
2664 3538 3048 3596 persuaserunt
3080 3547 3216 3587 :nec
3239 3532 3287 3585 id
3312 3533 3483 3588 solum
3511 3577 3524 3601 ,
3559 3537 3654 3590 sed

2073 3617 2256 3681 etiam,
2280 3616 2422 3685 quod
2453 3616 2504 3669 in
2532 3617 2695 3670 caelos
2725 3619 3076 3685 ascendisset,
3107 3631 3266 3691 atque
3297 3623 3362 3676 ad
3388 3624 3650 3692 judicium

2074 3704 2140 3759 de
2170 3705 2306 3759 vivis
2330 3721 2392 3760 ac
2420 3707 2644 3761 mortuis
2677 3706 2954 3763 ferendum
2988 3721 3244 3767 venturus
3269 3725 3434 3772 esset.

2145 3796 2376 3863 Apostoli
2394 3797 2644 3866 quomoda
2667 3798 2836 3851 orbem
2863 3801 3181 3870 subegerunt.
3203 3833 3274 3843 -—
3295 3804 3450 3860 Unde
3467 3806 3646 3876 igitur,

2073 3902 2296 3957 quaso,
2331 3889 2689 3958 persuadendi
2740 3891 2820 3944 vis
2875 3891 2926 3944 in
2983 3892 3066 3945 his
3118 3896 3648 3954 sermonibus?Non

2071 3979 2288 4034 aliunde
2315 4022 2329 4046 ,
2358 3995 2515 4050 quam
2539 3997 2566 4032 a
2599 3981 2689 4036 Dei
2723 3984 2980 4051 potentia.
3012 3984 3243 4040 Primum
3268 3989 3409 4041 enim
3444 3992 3650 4045 novitas

2073 4072 2185 4139 ipsa
2223 4073 2459 4126 omnium
2490 4073 2696 4126 animos
2723 4073 3030 4129 olfendebat
3069 4094 3081 4128 :
3112 4091 3230 4130 cum
3262 4088 3440 4132 autem
3467 4081 3516 4134 in
3550 4081 3648 4136 hu-

2065 4161 2297 4231 jusmudi
2333 4161 2492 4217 rebus
2516 4163 2777 4233 quispiam
2811 4166 3045 4228 innovat,
3065 4175 3191 4221 tunc
3217 4169 3431 4238 gravior
3460 4185 3544 4225 res
3565 4172 3642 4226 ef.

2072 4253 2265 4317 ficitur,
2283 4263 2340 4306 ut
2363 4267 2483 4307 cum
2503 4255 2800 4324 priscorum
2823 4253 3016 4308 rituum
3032 4254 3376 4312 fundamenta
3394 4259 3641 4330 effringit.

2068 4361 2134 4400 ac
2163 4345 2305 4415 leges
2333 4345 2585 4399 radicitus
2612 4347 2811 4400 evellit.
2851 4347 2964 4402 Huc
2989 4349 3194 4403 accedit
3221 4393 3235 4414 ,
3265 4353 3405 4422 quod
3435 4367 3635 4422 pra-co.

2069 4453 2164 4492 nes
2192 4453 2294 4492 non
2323 4437 2424 4492 fide
2454 4438 2597 4508 digni
2628 4439 2958 4494 viderentur.
3008 4439 3138 4494 Nam
3172 4450 3224 4496 et
3253 4457 3315 4497 ex
3341 4459 3400 4498 ea
3432 4445 3647 4501 natione

2071 4538 2225 4584 erant
2257 4569 2272 4590 ,
2301 4545 2417 4598 qua:
2442 4530 2692 4584 omnibus
2718 4530 2903 4584 odiosa
2935 4541 3075 4586 esset
3106 4572 3121 4597 ,
3161 4543 3215 4587 et
3247 4534 3346 4602 ipsi
3381 4536 3549 4590 timidi
3585 4551 3647 4592 ac

2068 4621 2329 4676 doetrinae
2355 4631 2604 4690 expertes
2630 4631 2801 4676 erant.
2835 4621 2985 4678 Unde
3015 4624 3174 4694 igitur
3199 4625 3382 4679 orbem
3414 4626 3643 4697 subege-

2070 4710 2236 4765 runt?
2287 4711 2426 4766 unde
2453 4726 2547 4766 vos
2575 4721 2629 4767 et
2657 4713 2890 4782 majores
2917 4723 3125 4769 vestros
3153 4756 3166 4780 ,
3211 4716 3299 4786 qui
3344 4716 3645 4788 philosophi

2069 4801 2405 4869 videbantur,
2435 4812 2594 4874 atque
2621 4803 2752 4858 deos
2777 4805 2919 4873 ipsos
2943 4804 3254 4873 ejecerunt?
3280 4822 3455 4861 annon
3482 4808 3647 4878 liquet

2073 4896 2192 4949 illos
2225 4895 2390 4950 Deum
2433 4911 2614 4950 secum
2644 4895 2938 4950 habuisse?
2965 4896 3149 4966 Neque
3189 4900 3332 4953 enim
3363 4908 3470 4954 tam
3512 4916 3650 4971 pra:-

2069 4991 2212 5046 clara
2238 4989 2473 5045 facinora
2500 4990 2550 5044 in
2581 4991 2866 5044 humanam
2893 4991 3190 5061 potentiam
3214 4994 3433 5055 cadunt.
3468 4993 3560 5050 sed
3593 4995 3645 5049 in

2069 5083 2305 5135 divinam
2332 5080 2616 5152 quamdam
2647 5089 2701 5135 et
2731 5080 3068 5136 inell‘abilem.
3107 5083 3322 5139 Minime
3353 5099 3481 5139 vero
3516 5126 3531 5151 ,
3567 5085 3646 5138 in-

2069 5174 2258 5245 quiunt
2289 5175 2372 5227 isti
2401 5191 2416 5238 ;
2448 5172 2540 5228 sed
2565 5175 2850 5245 praestigiis
2877 5176 2956 5230 usi
2986 5185 3131 5231 sunt.
3172 5177 3312 5246 Ergo
3337 5177 3642 5232 daemonum

2071 5267 2351 5336 imperium
2383 5267 2564 5336 augeri
2591 5268 2875 5337 oportebat
2904 5309 2918 5335 ,
2948 5278 3107 5340 atque
3149 5271 3413 5324 idolorum
3444 5267 3644 5322 cultura

2069 5359 2404 5428 ampliﬁcari.
2437 5360 2537 5426 Qui
2568 5360 2726 5430 igitur
2751 5359 2946 5415 factum
2974 5369 3077 5424 est,
3112 5369 3166 5413 ut
3198 5375 3258 5414 ea
3290 5359 3466 5414 deleta
3486 5366 3646 5428 atque

2069 5451 2330 5506 exstincta
2357 5449 2464 5504 sint
2494 5490 2509 5514 ,
2543 5459 2597 5504 ct
2625 5466 2692 5504 ex
2727 5449 2997 5504 contrario
3044 5457 3224 5502 nostra
3260 5446 3596 5504 elﬁorescant
3625 5449 3650 5501 τ

2070 5545 2246 5613 Quare
2271 5543 2396 5599 hinc
2419 5556 2631 5614 quoque
2657 5541 2827 5611 liquet
2850 5583 2866 5609 ,
2897 5541 2988 5596 Dei
3016 5540 3224 5594 calculo
3249 5538 3366 5595 b:ec
3393 5538 3650 5608 contigis-

2072 5651 2132 5692 se
2159 5655 2174 5691 :
2204 5650 2377 5707 neque
2401 5650 2430 5690 a
2451 5634 2831 5706 prmdicatione
2854 5642 3079 5699 tantum,
3099 5631 3195 5688 sed
3215 5631 3284 5687 ab
3303 5631 3415 5702 ipsa
3436 5645 3650 5702 quoque

2073 5729 2194 5783 vitae
2221 5728 2444 5783 ratione.
2475 5725 2700 5794 Quando
2742 5725 2885 5781 enim
2933 5733 3077 5780 tanta
3129 5724 3407 5795 virginitas
3448 5723 3652 5794 passim

2078 5833 2189 5877 toto
2215 5822 2345 5878 orbe
2375 5822 2577 5877 consita
2607 5821 2727 5878 est?
2753 5819 2964 5890 quando
2994 5835 3090 5891 par
3115 5833 3300 5891 opum,
3320 5821 3463 5886 Vilil’,
3493 5826 3653 5887 atque
