4090 6216
413 385 519 450 159

414 511 638 564 aliarum
670 504 908 560 omnium
938 515 1115 557 rerum
1144 501 1482 566 contemptus
1515 494 1539 548 ?
1581 493 1711 548 Nam
1744 491 1991 561 flagitiosi

417 615 482 655 ac
505 598 918 670 prmstigiatores
937 589 1069 646 nihil
1095 587 1355 658 ejusmodi
1387 585 1660 640 ellecerint
1686 624 1702 646 ,
1735 581 1829 635 sed
1853 595 1984 633 con-

419 693 583 746 traria
610 689 786 742 omnia
814 702 830 738 :
857 694 914 739 at
938 683 991 738 bi
1021 681 1311 752 angelicam
1336 680 1456 733 vita:
1477 677 1734 732 rationem
1759 675 1910 729 nobis
1936 683 1992 728 et

423 787 475 838 in
509 791 688 838 nostra
728 787 782 832 et
824 779 876 830 in
922 776 1146 830 barbara
1196 773 1414 842 regione
1455 781 1614 839 atque
1657 769 1706 822 in
1736 767 1990 821 extremis

421 883 579 926 terra:
626 867 928 925 recessibus
967 882 1074 922 non
1122 865 1280 919 modo
1325 863 1620 916 docuerunt
1649 902 1664 924 ,
1706 857 1798 913 sed
1829 858 1988 912 etiam

419 962 778 1033 perfecerunt.
802 958 959 1015 Unde
987 957 1325 1027 perspicuum
1347 962 1449 1015 est,
1471 950 1672 1005 Christi
1695 951 1798 1002 vim
1825 947 1991 1002 fuisse

421 1069 541 1123 qum
567 1053 670 1107 hoc
696 1061 864 1106 totum
893 1049 1086 1118 ubique
1117 1046 1342 1110 fecerit,
1370 1045 1474 1097 vim
1501 1083 1517 1106 ,
1550 1042 1764 1111 inquam
1793 1075 1808 1102 ς
1845 1039 1990 1094 illam

421 1144 618 1212 ubique
645 1143 912 1196 lucentem
928 1154 991 1195 ac
1018 1139 1225 1206 fulgure
1247 1136 1436 1206 quovis
1459 1135 1690 1188 celerius
1717 1131 1998 1185 hominum

1099 376 1158 440 Β.
1197 373 1476 439 IOANNIS
1513 370 1987 436 Cl-iRYSllSTOMI
2028 371 2347 434 AllClllEP.
2387 334 2925 436 CONSTANTINQP.

3568 375 3677 432 “ibi

2099 501 2307 547 mentes
2351 490 2726 548 illustrantem.
2761 493 2894 547 Hasc'
2921 491 3082 565 igitur
3109 492 3290 548 omnia
3322 493 3618 563 cogitantes
3650 537 3668 561 ,

2095 593 2256 650 atque
2283 591 2523 651 apertum
2551 582 2922 651 promissionis
2966 581 3262 638 futurorum
3295 582 3554 638 bonorum
3583 601 3671 640 ar-

2096 681 2405 741 gumentum
2430 687 2494 727 ex
2525 673 2589 726 iis
2611 688 2730 742 qua:
2759 671 2894 728 facta
2926 681 3052 728 sunt
3077 672 3350 742 capientes
3369 715 3385 738 ,
3415 675 3669 730 invictam

2097 767 2240 821 illam
2281 767 2532 823 Crucitixi
2574 769 2866 838 potentiam
2915 768 3194 824 nobiscum
3233 768 3455 824 adorate
3486 786 3501 824 :
3535 777 3592 824 ut
3615 778 3674 824 ct

2097 857 2462 912 intolerandus
2483 859 2750 912 cruciatus
2775 858 3058 928 elfugiatis,
3091 870 3144 914 et
3166 859 3554 927 sempiternum
3583 874 3674 914 rc—

2095 963 2256 1017 gnum
2304 949 2666 1017 assequamini
2697 964 2710 1000 :
2744 949 2888 1017 quod
2925 949 3128 1003 utinam
3173 949 3328 1004 nobis
3361 950 3670 1019 contingat,

2099 1054 2193 1108 per
2217 1040 2442 1110 gratiam
2466 1049 2520 1095 et
2549 1038 2963 1110 benignitatem,
2988 1047 3091 1094 etc.

1805 1416 2150 1479 HOMILIA
2195 1416 2310 1476 IX.

421 1587 550 1644 Car.
569 1580 623 1642 ll.
643 1601 699 1639 v.
715 1588 767 1641 8.
784 1574 848 1637 fu
865 1572 1095 1637 omnibus
1123 1570 1494 1632 tribulationem
1521 1573 1764 1644 patimur,
1783 1571 1871 1624 sed
1898 1585 1999 1623 non

495 1678 850 1750 augustiaumr
868 1689 889 1728 :
915 1672 1208 1744 aporiamur
1230 1707 1246 1734 ,
1288 1667 1374 1722 sed
1403 1683 1504 1719 non
1543 1665 1866 1718 destituimur
1894 1679 1912 1718 :
1938 1665 2003 1719 9.»

497 1766 932 1836 persequutionem
983 1760 1219 1831 patimur,
1244 1757 1333 1811 sed
1373 1772 1473 1810 non
1507 1755 1921 1825 derelinquiumr.

506 1945 554 1994 Ι.
581 1939 636 1992 ln
664 1952 730 1992 ee
754 1936 930 1990 adhuc
969 1934 1282 1989 immoratur
1308 1974 1322 1994 ,
1352 1939 1412 1986 ut
1437 1929 1684 1986 ostendat
1711 1943 1869 1984 omne
1896 1927 1999 1984 hoc

430 2029 700 2099 negotium
730 2025 924 2082 divinat
958 2023 1210 2095 pOtentiae
1239 2020 1646 2078 adscribendum
1691 2034 1810 2074 esse
1843 2036 1857 2072 :
1896 2032 2004 2088 quo

432 2134 616 2174 eorum
643 2116 1003 2188 arrogantiam
1044 2122 1334 2177 coerceat,
1367 2112 1455 2179 qui
1503 2112 1555 2165 in
1582 2110 1778 2180 seipsis
1805 2108 2007 2179 gloria-

431 2212 642 2266 bantur.
671 2209 788 2264 Non
816 2209 957 2262 enim
977 2248 996 2272 ,
1028 2205 1238 2275 inquit,
1270 2204 1371 2258 hoc
1400 2203 1572 2257 solum
1605 2200 1846 2255 mirabile
1872 2206 1954 2255 est
1986 2239 2002 2264 ,

431 2299 572 2370 quod
597 2295 740 2354 hunc
769 2299 1078 2353 thesaurum
1109 2295 1160 2350 in
1188 2293 1438 2348 ﬁctilibus
1460 2292 1600 2346 rasis
1628 2303 2003 2354 asservemus;

435 2392 526 2446 sed
557 2387 884 2458 etiamquod
915 2427 931 2454 ,
962 2401 1082 2441 cum
1107 2386 1373 2441 sexcentis
1409 2381 1762 2438 incommodis
1787 2395 2002 2451 prema-

433 2499 551 2536 mur
578 2523 594 2548 ,
623 2490 783 2551 atque
825 2478 972 2534 omni
1009 2492 1073 2532 ex
1120 2484 1270 2546 parte
1314 2474 1584 2544 pulsemur
1611 2515 1626 2536 ,
1657 2483 1781 2526 eum
1827 2478 2003 2524 tamen

432 2577 642 2628 tuemur
689 2582 786 2626 uec
831 2567 1143 2624 amittimus.
1180 2567 1245 2621 Et
1273 2564 1489 2636 quidem
1517 2563 1561 2616 si
1591 2562 1671 2616 vel
1701 2559 2005 2615 adamanti-

435 2681 562 2721 num
600 2677 697 2718 vas
725 2669 888 2728 esset,
911 2669 1062 2715 tanto
1083 2669 1258 2714 tamen
1283 2657 1533 2712 thesauro
1558 2652 1815 2725 gestando
1836 2693 1851 2715 ,
1885 2659 2005 2705 tan-

437 2760 610 2828 tisque
643 2747 854 2810 insidiis
876 2751 1203 2808 sustinendis
1233 2750 1404 2819 impar
1430 2755 1572 2802 esset
1605 2764 1618 2798 :
1649 2759 1790 2799 nunc
1825 2751 2004 2797 autem

431 2860 484 2907 et
506 2849 726 2905 ferimus
755 2853 810 2901 et
834 2859 930 2916 per
950 2843 1041 2899 Dei
1067 2843 1289 2914 gratiam
1314 2837 1444 2894 nihil
1472 2851 1634 2908 grave
1660 2835 1908 2906 patimur.
1939 2831 2006 2886 In

436 2940 664 2996 omnibus
692 2937 1063 2992 tribulationem
1087 2935 1312 3004 patimur
1339 2971 1353 2995 ,
1383 2932 1470 2985 sed
1508 2945 1607 2982 non
1636 2926 2001 2998 angustiarum.

433 3035 571 3104 Quid
601 3032 724 3089 est?
752 3029 820 3086 In
848 3028 1117 3085 omnibus?
1146 3026 1202 3082 ln
1229 3024 1494 3089 hostibus,
1528 3023 1579 3077 in
1607 3021 1814 3083 amicis,
1847 3018 1899 3072 in
1923 3032 2008 3071 ne-

435 3123 704 3184 cessariis.
729 3123 781 3176 iu
802 3121 941 3187 aliis,
959 3134 1184 3190 quorum
1210 3115 1428 3187 penuria
1459 3114 1762 3169 laboramus
1781 3151 1796 3172 .
1819 3109 1887 3164 ab
1913 3109 2008 3162 ho-

437 3221 609 3274 stibus
627 3257 642 3282 ,
669 3232 700 3270 a
723 3215 938 3270 nostris.
963 3211 1069 3269 Sed
1091 3228 1193 3266 non
1217 3207 1584 3280 angustiamur.
1620 3209 1696 3258 Ac
1726 3201 1845 3256 vide
1869 3215 2006 3270 quo-

439 3310 599 3367 modo
629 3312 924 3380 pugnantes
969 3319 1054 3360 res
1079 3303 1258 3368 dicat,
1298 3309 1357 3355 ut
1389 3297 1514 3352 hinc
1542 3309 1753 3366 quoque
1781 3293 1872 3348 Dei
1902 3292 2006 3345 vim

437 3408 840 3459 commonstret.
876 3396 1266 3454 Tribulationem
1293 3394 1532 3462 patimur,
1564 3388 1731 3458 inquit
1757 3428 1770 3449 ,
1801 3385 1890 3440 sed
1909 3401 2010 3438 non

438 3495 788 3566 angustiamur
819 3507 838 3545 :
865 3489 1158 3560 aporiamur
1191 3526 1207 3550 ,
1247 3483 1336 3539 sed
1380 3499 1480 3536 non
1521 3478 1880 3534 destituimar.‘
1911 3476 2012 3530 hoc

443 3598 526 3644 est
551 3629 566 3648 .
595 3601 699 3640 non
728 3583 796 3638 ad
830 3591 1126 3638 extremum
1157 3591 1326 3648 usque
1348 3571 1702 3630 concidimus.
1736 3567 2012 3638 Plerisque

441 3678 581 3733 enim
613 3676 665 3728 in
689 3674 823 3729 locis
841 3669 1107 3735 dolemus,
1123 3682 1221 3724 uec
1240 3665 1382 3736 quod
1397 3664 1636 3720 volumus
1655 3659 2009 3730 assequimur,

443 3782 546 3821 non
577 3764 654 3821 sic
679 3775 856 3818 tamen
884 3770 940 3816 ut
965 3775 994 3815 a
1025 3758 1317 3830 propositis
1349 3753 1513 3812 rebus
1542 3752 1878 3810 escidamus:
1901 3749 2015 3803 haec

441 3857 639 3925 quippe
666 3868 771 3909 non
800 3866 867 3908 eo
899 3850 1160 3922 permittit
1187 3849 1328 3904 Deus
1366 3855 1429 3902 ut
1471 3846 1747 3900 vincamur
1777 3885 1794 3908 ,
1821 3841 1915 3898 sed
1958 3850 2018 3894 ut

447 3958 810 4002 exerceamur.
843 3935 1292 4012 Persequutionem
1320 3937 1546 4007 patimur
1576 3977 1590 3998 ,
1619 3935 1707 3989 sed
1737 3949 1837 3987 non
1866 3932 2014 3986 dere~

450 4039 723 4110 linquimur
741 4050 761 4090 :
791 4034 1076 4104 dejicimur,
1101 4029 1190 4084 sed
1213 4045 1314 4082 non
1339 4027 1581 4099 perimus.
1597 4025 1850 4093 Quamvis
1873 4023 2014 4078 enim

450 4129 771 4184 tentationes
808 4123 1120 4192 contingant
1147 4161 1163 4186 ,
1195 4134 1301 4174 non
1347 4133 1409 4173 ea
1456 4128 1631 4172 tamen
1657 4115 1970 4183 contingunt
1998 4153 2013 4176 ,

449 4237 569 4291 nunc
589 4237 656 4274 es
691 4215 1075 4274 tentatiouibus
1100 4211 1228 4266 oriri
1255 4209 1434 4264 solent
1465 4225 1478 4261 :
1507 4205 1664 4276 idque
1689 4219 1780 4274 per
1798 4203 1890 4258 Dei
1911 4218 2016 4291 po-

452 4289 672 4366 tentiam
713 4315 769 4364 et
804 4305 1052 4376 gratiam.
1106 4297 1244 4354 Alibi
1271 4305 1450 4352 autem
1480 4295 1593 4349 hinc
1619 4293 1788 4350 Deum
1819 4289 2019 4347 idcirco

453 4402 761 4471 permittere
790 4399 884 4464 ait,
912 4407 1022 4451 tum
1048 4391 1118 4449 ob
1144 4391 1378 4461 ipsorum
1406 4386 1779 4448 humilitatem,
1812 4393 1920 4439 tum
1950 4380 2017 4438 ad

451 4495 676 4550 aliorum
701 4489 1038 4547 securitatem
1073 4502 1086 4538 ε
1119 4482 1201 4537 Ne
1218 4481 1359 4537 enim
1383 4478 1675 4534 insolentius
1699 4473 1904 4542 eﬂ'erar,
1936 4474 2020 4528 in-

448 4584 582 4654 quit,
602 4583 750 4637 datus
768 4584 841 4635 est
865 4578 988 4633 mihi
1016 4574 1248 4630 stimulus
1270 4571 1346 4640 (2.
1364 4569 1481 4625 Cor.
1507 4571 1595 4624 η.
1622 4567 1700 4638 7);
1732 4575 1787 4622 et
1815 4578 2018 4628 rursus,

456 4675 540 4729 Ne
557 4675 670 4746 quis
688 4673 931 4728 existimet
947 4667 1010 4722 de
1023 4681 1102 4720 me
1111 4680 1266 4734 supra
1281 4662 1334 4716 id
1347 4661 1483 4730 quod
1497 4662 1699 4722 uidet,et
1714 4658 1857 4712 audit
1871 4675 1934 4713 ea:
1949 4674 2026 4712 me

452 4765 612 4833 (Ibid.
642 4781 689 4818 υ.
718 4763 795 4834 6);
823 4769 878 4818 et
925 4759 1032 4814 alio
1071 4757 1210 4820 loco,
1241 4750 1324 4808 Ne
1349 4753 1560 4822 ﬁdentes
1599 4752 1755 4805 simus
1793 4751 1846 4804 in
1887 4751 2027 4805 nobis

457 4860 581 4927 ipsts
605 4856 778 4928 (Ibid.
803 4857 852 4910 l.
878 4854 934 4925 9)
962 4871 976 4909 :
1006 4851 1092 4908 hic
1119 4864 1269 4915 vero,
1288 4844 1355 4904 Ut
1378 4847 1470 4902 Dei
1489 4844 1721 4916 potentia
1743 4845 2028 4899 elucescat.

535 4947 617 5001 Ex
648 4946 1001 5001 tentatiouibus
1025 4953 1270 5014 quantum
1289 4939 1504 4995 lucrum.
1523 4967 1594 4978 —
1611 4936 1842 4992 Videsne
1862 4952 2031 5007 quan-

457 5051 550 5095 tus
595 5046 829 5108 quaestus
869 5052 936 5090 ex
980 5033 1366 5090 teutationibus
1408 5030 1634 5086 redeat?
1673 5025 1805 5084 Nam
1851 5037 1906 5084 et
1936 5028 2028 5084 Dei

455 5135 563 5187 vim
597 5126 949 5184 ostendebant
981 5165 996 5190 ,
1027 5135 1082 5179 et
1117 5125 1341 5192 gratiam
1387 5123 1616 5193 amplius
1659 5121 1978 5192 detegebant
2011 5137 2027 5184 ;

452 5221 654 5294 Suﬂcit
681 5217 824 5275 enim
853 5215 941 5269 tibi
960 5214 1124 5285 gratia
1146 5228 1256 5266 mea
1285 5212 1305 5282 (
1333 5211 1470 5266 Ibid.
1502 5213 1588 5268 l2.
1613 5211 1648 5268 9
1675 5214 1729 5283 ),
1753 5213 1951 5284 inquit;
1975 5219 2030 5267 et

451 5316 514 5370 ad
543 5312 896 5369 humilitatem
926 5305 1296 5371 concitabant,
1325 5303 1461 5359 alios
1488 5306 1902 5374 compescebant
1927 5347 1940 5369 ,
1973 5315 2028 5360 et

451 5408 571 5460 illos
598 5401 971 5459 tolerantiores
999 5397 1332 5454 eiliciebant:
1359 5394 1611 5449 Patientia
1631 5397 1800 5464 enim,
1831 5397 2022 5466 inquit,

450 5499 800 5568 probationem
822 5503 1079 5566 operatur,
1101 5491 1324 5562 probatio
1340 5507 1479 5562 spem
1501 5488 1673 5561 (Rom.
1697 5491 1750 5546 5.
1781 5489 1860 5560 ι).
1891 5489 2024 5543 Nam

449 5588 536 5656 qui
566 5587 620 5642 in
653 5586 1040 5656 quamplurima
1066 5583 1300 5654 pericula
1329 5582 1662 5646 inciderant,
1687 5589 1847 5650 atque
1873 5595 1936 5634 ex
1962 5579 2025 5632 iis

455 5692 550 5747 spe
578 5677 762 5730 divina
784 5674 902 5729 freti
934 5683 1263 5729 etncrscraut
1298 5712 1311 5736 ,
1358 5672 1481 5725 hinc
1507 5671 1834 5724 docebantur
1865 5679 1924 5728 ut
1948 5670 2020 5724 illi

453 5765 618 5840 magis
650 5765 914 5819 itarereut
938 5765 988 5820 in
1017 5763 1280 5818 omnibus.
1311 5760 1393 5818 l0.
1430 5761 1638 5829 Semper
1669 5761 2018 5829 mortiﬁcatio-

2106 1584 2219 1621 nem
2242 1565 2368 1621 Iesu
2407 1566 2462 1620 in
2499 1581 2708 1637 corpore
2750 1575 2922 1622 nostra
2956 1567 3362 1638 circumferentes
3388 1606 3404 1631 ,
3435 1573 3487 1618 ut
3508 1574 3553 1618 et
3574 1570 3680 1618 vita

2103 1656 2230 1711 Iesu
2252 1657 2598 1726 manifestetur
2619 1655 2674 1710 in
2693 1671 2903 1725 corpore
2923 1666 3114 1710 nostra.
3129 1656 3391 1724 Quidnam
3417 1663 3532 1709 erat
3561 1654 3675 1709 [nec

2106 1747 2447 1802 mortiﬁcatio
2499 1746 2707 1802 Domini
2761 1746 2886 1802 Jesu
2915 1788 2931 1811 ,
2977 1762 3139 1817 quam
3183 1745 3672 1801 circumferebant?

2107 1834 2302 1892 Mortes
2324 1835 2666 1906 quotidianae.
2695 1850 2792 1905 per
2810 1851 2944 1906 quas
2965 1835 3375 1891 resurrectionis
3398 1835 3679 1904 specimen

2105 1930 2380 1987 edebatur.
2414 1929 2546 1984 Nam
2575 1930 2618 1984 si
2641 1931 2762 1999 quis
2789 1938 2892 1993 est,
2917 1929 3105 1998 inquit,
3132 1929 3219 1998 qui
3236 1927 3506 1982 Christum
3523 1941 3668 1980 mor-

2114 2032 2222 2077 tem
2251 2022 2450 2077 obiisse
2482 2062 2499 2086 ,
2528 2030 2688 2090 atque
2716 2022 3073 2076 resurrexisse
3101 2037 3205 2075 non
3237 2019 3454 2082 credat,
3489 2019 3540 2071 in
3579 2033 3684 2070 nos

2112 2116 2399 2177 intueatur,
2431 2113 2520 2183 qui
2545 2113 2768 2182 singulis
2795 2113 2982 2168 diebus
3009 2113 3284 2176 morimur,
3317 2121 3473 2182 atque
3500 2110 3564 2164 ad
3595 2111 3676 2163 vi-

2113 2217 2217 2263 tam
2244 2221 2558 2262 revocamur
2587 2225 2600 2260 :
2631 2221 2696 2260 ac
2725 2216 2834 2261 tum
2859 2205 3242 2260 resurrectioni
3277 2205 3431 2259 ﬁdem
3460 2203 3677 2258 habeat.

2111 2296 2296 2350 Viden‘
2335 2295 2605 2366 quomodo
2644 2295 2800 2349 aliam
2846 2295 3023 2350 adhuc
3065 2297 3414 2350 tentatiouum
3463 2309 3680 2348 causam

2112 2387 2415 2442 invenerit?
2443 2387 2611 2455 Quam
2654 2387 2912 2442 tandem?
2942 2380 3009 2442 Ut
3053 2395 3099 2442 et
3137 2388 3239 2441 rita
3275 2385 3400 2443 Iesu
3429 2427 3443 2452 ,
3471 2387 3687 2456 inquit,

2111 2481 2460 2552 manifestetur
2483 2481 2536 2534 in
2563 2496 2774 2550 corpore
2802 2488 2973 2534 nostro
3001 2495 3020 2544 ,°
3050 2480 3102 2535 in
3130 2495 3194 2535 eo
3225 2479 3473 2535 videlicet
3494 2520 3509 2544 .
3537 2477 3681 2549 quod

2112 2585 2213 2626 nos
2240 2586 2271 2626 e
2295 2571 2548 2641 periculis
2573 2570 2841 2626 extrahat.
2870 2571 2946 2626 lta
2970 2569 3028 2625 fit
3060 2612 3074 2634 ,
3103 2581 3159 2625 ut
3189 2572 3329 2642 quod
3361 2569 3692 2626 infirmitatis-

2111 2677 2174 2718 ac
2203 2661 2568 2718 derelictionis
2596 2662 2829 2734 speciem
2858 2661 3022 2717 habet
3045 2703 3061 2724 ,
3090 2659 3192 2716 hoc
3235 2662 3402 2731 ipsius
3439 2677 3679 2716 resurre-

2111 2754 2344 2808 ctionem
2368 2752 2640 2822 prmdicet.
2669 2751 2853 2822 Neque
2877 2753 3044 2818 enim,
3073 2753 3115 2806 si
3145 2752 3303 2806 nullis
3329 2751 3587 2807 molestiis
3605 2749 3682 2806 af-

2112 2845 2418 2912 liceremur,
2452 2845 2676 2916 perinde
2696 2845 2864 2916 ipsius
2891 2846 3124 2915 potentia
3156 2845 3422 2901 declarata
3450 2847 3631 2902 luisset
3659 2888 3682 2913 ,

2111 2945 2171 2992 ut
2198 2953 2340 2992 nunc
2367 2937 2672 2992 declaratur
2700 2973 2716 3002 ,
2753 2952 2873 2992 cum
2915 2938 3146 3006 patimur
3174 2953 3274 2993 nec
3303 2947 3476 2993 tamen
3516 2940 3682 2993 vinci-

2111 3043 2250 3082 mur.
2280 3025 2366 3084 ll.
2391 3027 2594 3082 Etenim
2619 3044 2713 3082 nos
2738 3030 2823 3095 qui
2842 3030 3048 3084 uiuimus
3072 3069 3086 3092 .
3125 3031 3178 3084 in
3199 3040 3407 3086 mortem
3436 3032 3684 3085 tradimur

2111 3129 2317 3190 propter
2339 3118 2515 3173 Iesum
2540 3161 2556 3186 ,
2585 3129 2639 3173 ut
2667 3129 2714 3174 et
2747 3121 2850 3174 vita
2876 3119 3001 3175 Iesu
3023 3123 3366 3193 manifestetur
3387 3124 3440 3176 in
3467 3123 3606 3178 nobis
3629 3125 3683 3177 in

2112 3225 2262 3263 carne
2295 3219 2465 3263 nostra
2496 3211 2718 3263 mortali.
2769 3208 2973 3264 Passim
3003 3210 3144 3266 hunc
3170 3227 3374 3267 morem
3407 3222 3550 3270 tenet
3578 3255 3594 3280 ,
3627 3228 3687 3271 ut

2113 3316 2232 3355 cum
2259 3299 2531 3370 quidpiam
2559 3300 2788 3356 obscure
2817 3298 3051 3367 dixerit,
3086 3301 3138 3356 id
3179 3318 3364 3358 rursus
3407 3317 3677 3374 exponat:

2114 3393 2165 3448 id
2191 3392 2332 3463 quod
2371 3393 2473 3448 hoc
2511 3407 2724 3464 quoque
2754 3391 2874 3449 loco
2906 3393 3033 3450 fecit
3063 3436 3078 3458 ,
3126 3395 3254 3451 illud
3301 3397 3440 3466 quod
3471 3397 3680 3452 dixerat

2114 3485 2351 3554 apertius
2377 3483 2674 3539 declarans.
2704 3479 2989 3555 Propterea
3021 3487 3278 3541 tradimur
3302 3526 3318 3551 ,
3346 3489 3512 3558 inquit
3538 3530 3554 3551 ,
3584 3489 3688 3543 hoc

2116 3588 2199 3634 est
2218 3577 2679 3633 mortiﬁcationem
2700 3580 3144 3643 circumierimus,
3169 3590 3224 3635 ut
3248 3581 3366 3634 vita:
3395 3581 3557 3649 ipsius
3589 3598 3690 3649 [ιη-ι

2117 3670 2277 3724 tentia
2309 3670 2589 3740 perspicua
2615 3671 2720 3736 fiat,
2754 3687 2861 3726 non
2891 3671 3116 3728 sinentis
3140 3670 3380 3726 nimirum
3403 3672 3682 3726 mortalem

2118 3773 2333 3814 carnem
2363 3767 2509 3814 tanta
2540 3756 2927 3831 perpetientem
2954 3804 2968 3828 ,
3000 3763 3254 3818 malorum
3280 3762 3488 3832 agmine
3512 3763 3683 3817 vinci.

2119 3849 2232 3905 Hoc
2269 3850 2426 3906 aliter
2450 3866 2663 3922 quoque
2705 3853 2873 3922 accipi
2914 3862 3107 3924 potest.
3149 3846 3556 3921 Quomodotlit
3581 3853 3695 3906 alio

2121 3941 2241 3996 loco
2268 3942 2362 4007 ait,
2395 3941 2456 3996 Si
2475 3945 2887 4009 commoriamur,
2919 3953 2964 3999 et
2981 3943 3345 4014 convivemus(
3374 3943 3428 3998 2.
3461 3939 3596 3997 Tim.
3624 3942 3682 3996 2.

2121 4033 2180 4087 ll
2213 4032 2253 4102 ).
2277 4032 2346 4088 Ut
2374 4034 2515 4089 enim
2546 4051 2688 4091 nunc
2707 4036 2873 4106 ipsius
2900 4047 3126 4093 mortem
3150 4037 3469 4108 perferimus
3491 4077 3506 4100 ,
3531 4047 3691 4107 atque

2120 4125 2287 4196 ipsius
2320 4142 2477 4182 causa
2507 4128 2666 4183 vitam
2687 4143 2808 4184 eum
2836 4141 3008 4185 morte
3033 4139 3366 4186 commutare
3397 4131 3643 4184 volumus
3673 4165 3690 4190 .

2124 4217 2194 4270 ita
2225 4217 2384 4272 etiam
2417 4219 2531 4288 ipse
2555 4220 2850 4275 exstinctos
2876 4219 2942 4274 ad
2973 4221 3134 4276 vitam
3166 4235 3423 4276 revocare
3449 4230 3574 4274 tunc
3600 4235 3692 4274 vo—

2123 4309 2216 4362 let.
2242 4308 2374 4363 Nam
2403 4309 2447 4364 si
2479 4323 2576 4364 nos
2599 4324 2630 4364 e
2655 4309 2760 4364 vita
2789 4310 2854 4364 ad
2877 4321 3102 4366 mortem
3125 4313 3392 4376 venimus,
3424 4312 3536 4380 ipse
3563 4326 3694 4380 quo-
3772 4315 3798 4356 ἰ

2124 4415 2229 4470 que
2252 4415 2282 4454 e
2310 4409 2480 4456 morte
2497 4397 2563 4454 ad
2589 4401 2750 4454 vitam
2779 4398 2932 4457 nobis
2951 4402 3056 4456 dux
3083 4403 3206 4456 erit.
3228 4401 3314 4457 l2.
3339 4402 3473 4472 Ergo
3491 4418 3623 4456 mors
3643 4403 3695 4454 in

2127 4491 2268 4545 nobis
2293 4500 2562 4561 aperatur,
2585 4493 2689 4546 vita
2715 4503 2883 4546 autem
2916 4494 2968 4546 in
2995 4492 3150 4546 vobis.
3179 4491 3293 4547 Non
3329 4492 3438 4562 jam
3475 4491 3544 4547 de
3574 4505 3702 4546 cor-

2131 4596 2289 4650 porca
2311 4592 2482 4638 morte
2507 4583 2748 4652 loquens,
2771 4583 2867 4638 sed
2890 4582 2958 4638 de
2984 4583 3359 4639 tentationibus
3381 4591 3438 4638 et
3462 4582 3530 4638 de
3549 4582 3705 4651 quie-

2128 4681 2200 4726 te.
2239 4667 2342 4728 Nos
2371 4673 2512 4728 enim
2541 4673 2594 4728 in
2624 4673 2871 4743 periculis
2897 4688 2962 4729 ac
2995 4673 3371 4729 tentationibus
3398 4685 3696 4734 versamur.

2136 4763 2334 4834 inquit;
2367 4779 2460 4820 vos
2479 4773 2652 4820 autem
2686 4766 2738 4820 in
2769 4765 2948 4835 quiete
2969 4767 3128 4820 vitam
3157 4780 3298 4833 eam,
3328 4779 3446 4833 qua:
3477 4764 3528 4818 in
3556 4765 3700 4832 peri-

2136 4856 2271 4910 culis
2296 4865 2654 4926 comparatur,
2685 4851 2953 4926 percipitis
2986 4874 3000 4910 :
3027 4866 3186 4925 atque
3213 4871 3274 4911 ea
3299 4853 3512 4925 quidem
3536 4895 3552 4916 .
3581 4868 3701 4923 qua:

2133 4963 2254 5003 cum
2279 4949 2516 5018 periculo
2552 4949 2836 5018 conjuncta
2865 4957 3008 5010 sunt,
3029 4947 3127 5017 ipsi
3149 4948 3472 5003 sustinemus
3494 4963 3509 5012 ;
3531 4955 3586 5000 at
3606 4961 3701 5000 vos

2133 5040 2296 5095 rebus
2335 5039 2582 5095 secundis
2622 5039 2858 5095 fruimini
2891 5057 2906 5094 :
2937 5055 3109 5110 neque
3155 5039 3296 5095 enim
3332 5054 3491 5110 pares
3530 5047 3702 5094 tenta-

2133 5130 2307 5186 tiones
2329 5130 2584 5186 suliertis.
2613 5131 2700 5188 l5.
2734 5130 2987 5186 Habentes
3013 5139 3181 5185 autem
3205 5130 3436 5185 enuidens
3461 5131 3701 5201 spiritum

2131 5222 2273 5289 ﬁdei,
2299 5222 2427 5278 sicut
2449 5223 2692 5294 scriptum
2711 5233 2785 5277 est
2816 5239 2835 5277 :
2855 5221 3057 5278 Credidi
3084 5231 3290 5294 propter
3309 5222 3444 5289 quod
3467 5221 3706 5290 loquutus

2129 5328 2243 5365 sum
2275 5351 2290 5376 ,
2321 5322 2366 5365 et
2396 5328 2487 5367 nos
2511 5315 2759 5368 credimus
2789 5323 2993 5384 propter
3032 5315 3166 5382 quod
3203 5324 3249 5367 et
3291 5313 3546 5382 loquimur
3571 5326 3591 5364 :
3614 5312 3701 5365 Η.

2129 5402 2334 5456 scientes
2357 5403 2594 5471 quoniam
2612 5405 2700 5472 qui
2723 5405 2982 5458 suscitavit
3007 5402 3280 5457 Dominum
3301 5400 3498 5465 Iesum,
3523 5411 3570 5454 et
3600 5401 3710 5467 ipse

2130 5491 2386 5546 suscitabit
2416 5508 2506 5546 nos
2533 5509 2622 5562 per
2644 5493 2844 5548 Iesum.
2874 5493 3193 5549 Submonuit
3216 5506 3314 5547 nos
3343 5490 3530 5561 psalmi
3563 5531 3581 5556 ,
3623 5490 3705 5543 in-

2129 5583 2331 5653 signem
2379 5582 2777 5654 pltil0$0phiam
2820 5583 3224 5654 complectentis
3256 5624 3272 5648 ,
3327 5581 3417 5652 qui
3468 5580 3705 5634 maxime

2131 5674 2300 5744 possit
2343 5674 2393 5728 in
2447 5675 2699 5744 periculis
2738 5675 2994 5730 exciuire.
3050 5674 3174 5730 Haec
3224 5674 3366 5728 enim
3409 5671 3572 5728 verba
3621 5670 3706 5723 vir

2124 5764 2298 5834 justus
2320 5765 2700 5835 pronuntiavit,
2735 5780 2854 5821 cum
2883 5767 2934 5820 in
2958 5763 3160 5834 magnis
3188 5761 3438 5834 periculis
3453 5767 3617 5826 esset,
3652 5771 3709 5822 et
