4090 6216
422 376 528 432 459

422 491 576 545 θενία
624 488 861 561 τοσαύτη
920 489 1196 561 πανταχοῦ
1239 490 1339 562 τῆς
1369 491 1473 562 γῆς
1512 492 1822 563 ἐφυτεύθη;
1864 496 1993 548 πότε

421 582 724 654 χρημάτων
752 581 1023 652 ὑπεροψία
1056 583 1151 636 καὶ
1195 580 1340 653 ζωῆς
1373 583 1466 635 καὶ
1494 583 1601 636 τῶν
1627 584 1800 638 ἄλλων
1826 586 1998 639 ἀπάν-

421 692 563 740 nov;
615 675 679 727 υἱ
738 673 847 744 γὰρ
895 673 1160 743 μοχθηροὶ
1197 673 1293 726 καὶ
1323 674 1520 743 γόητες
1551 676 1702 729 οὐδὲν
1743 677 1992 730 τοιοῦτον

423 764 701 827 ἀνύσαιεν,
729 762 866 815 ἀλλά
898 763 1158 815 τάναντία
1189 762 1405 816 ᾶπαντα
1425 776 1439 790 ⁸
1473 756 1619 816 οὗτοι
1664 764 1721 816 δὲ
1750 766 1994 834 ἀγγέλων

423 860 555 929 ἡμῖν
606 855 973 924 εἰσηγήσαντο
1035 855 1331 907 πολιτείαν·
1370 855 1472 908 οὑκ
1526 857 1891 925 εἰσηγήσαντο
1939 856 1995 909 δέ

426 948 611 1018 μόνον,
643 945 781 1000 ἀλλά
810 946 903 1000 καὶ
933 945 1326 1014 κατώρθωσαν,
1358 946 1417 998 ἐν
1443 948 1510 1016 τῇ
1552 947 1815 1017 ἡμετέρᾳ,
1847 947 1904 998 ἐν
1930 950 1995 1017 τῇ

423 1038 532 1091 τῶν
561 1036 877 1108 βαρϐάρων,
933 1037 991 1088 ἐν
1022 1036 1213 1099 αὑταῖς
1251 1036 1352 1105 τῆς
1389 1037 1491 1106 γῆς
1525 1039 1643 1099 ταῖς
1690 1038 1992 1106 ἐσχατιαῖς.

426 1131 589 1184 Ὅθεν
617 1130 773 1200 δῆλον
813 1130 895 1182 ότι
926 1127 1105 1182 πάντα
1131 1129 1165 1199 ἡ
1193 1127 1288 1180 τοῦ
1320 1127 1558 1196 Χριστοῦ
1590 1129 1864 1199 πανταχοῦ
1905 1129 1995 1182 δύο

424 1238 588 1294 ναμις
616 1221 833 1291 ἤνυσεν,
864 1220 899 1291 ἠ
927 1217 1203 1289 πανταχοῦ
1230 1217 1544 1288 λάμπουσα,
1577 1219 1671 1273 καὶ
1704 1219 1996 1293 ἀστραπῆς

1417 372 1484 427 1N
1523 373 1745 430 EPIST.
1788 373 1829 427 ll
1862 374 1953 429 AD
1992 376 2149 433 COR.
2193 377 2427 435 IIOMIL.
2468 375 2561 434 IX.

3560 382 3671 439 MO

2097 499 2316 568 ἀπάσης
2361 500 2614 570 ὀξύτερον
2644 496 2742 561 τὰς
2767 496 2875 550 τῶν
2907 497 3211 569 ἀνθρώπων
3244 499 3664 569 καταυγάζουσα

2096 591 2353 655 διανοίας.
2389 590 2569 650 Ταῦτ’
2612 584 2706 643 οῦν
2755 589 2972 642 ἅπαντα
3009 590 3381 661 λογισάμενοι,
3437 591 3534 644 καὶ
3566 592 3664 661 τῆς

2097 682 2205 735 τῶν
2230 682 2531 751 μελλόντων
2557 681 2927 750 ὑποσχέσεως,
2956 681 3024 734 τὰ
3050 682 3390 755 γεγενημένα
3410 683 3666 745 λαϐόντες

2099 774 2373 838 ἀπόδειξιν
2425 773 2653 844 ἐναργῆ,
2711 774 3133 844 προσκυνήσατε
3190 773 3311 844 μεθ’
3359 774 3515 847 ἡμῶν
3569 777 3668 844 τὴν

2099 868 2311 937 ἄμαχον
2333 864 2426 919 τοῦ
2460 866 2870 937 σταυρωθέντος
2903 867 3076 935 ἰσχὺν,
3112 866 3198 919 ἵνα
3225 868 3317 923 καὶ
3339 866 3437 928 τὰς
3462 868 3667 940 ἀφορὴ-

2098 976 2223 1022 τους
2262 958 2471 1028 φύγητε
2517 957 2788 1020 κολάσεις,
2841 959 2937 1010 καὶ
2986 958 3085 1025 τῆς
3132 957 3350 1010 αἰωνίου
3394 956 3668 1026 βασιλείας

2100 1052 2411 1121 ἐπιτύχητε·
2448 1046 2515 1123 ἧς
2566 1049 2775 1117 γένοιτο
2805 1050 3014 1110 πάντας
3060 1050 3209 1118 ἡμᾶς
3245 1038 3543 1121 ἐπιτυχεῖν,
3572 1050 3668 1121 χά-

2104 1161 2211 1215 ριτι
2239 1144 2332 1198 καὶ
2354 1142 2753 1215 φιλανθρωπίᾳ,
2782 1143 2876 1200 και)⁵
2903 1141 2974 1194 τὰ
3000 1140 3152 1211 ἑξῆς.
3216 1214 3221 1219 ἱ

1874 1500 2115 1552 ΟΜῘΛΙᾹ
2146 1498 2221 1551 6'.

437 1595 542 1652 Ἦν
573 1594 749 1648 παντὶ
776 1594 1131 1662 θλιϐόμενοι,
1324 1596 1395 1649 οὺ
1419 1596 1959 1663 στενοχωρούμενοι
1980 1610 1994 1625 ο

493 1666 907 1731 ἀπορούμενοι,
946 1664 1081 1717 ἀλλ’
1102 1666 1213 1718 οὐκ
1249 1664 1714 1733 ἐξαπορούμενοι
1737 1680 1751 1695 ’
1787 1664 1995 1718 διωκό-

490 1751 661 1804 μενοι
681 1775 695 1798 ,
734 1734 873 1787 ἀλλ’
903 1735 1015 1787 οὐκ
1047 1733 1716 1804 ἐγκαταλιμπανόμενοι.

494 1872 562 1921 a'.
602 1868 723 1920 Ἐτι
748 1865 1143 1936 μένειδεικνὺς,
1169 1865 1250 1919 ὅτι
1277 1864 1378 1936 τῆς
1416 1865 1510 1919 τοῦ
1552 1865 1684 1919 Θεοῦ
1719 1865 1999 1937 δυνάμεως

424 1955 586 2028 ἔργον
618 1956 679 2009 τὸ
712 1956 821 2007 πᾶν
851 1955 987 2016 ἐστι,
1022 1952 1404 2008 καταστέλλων
1435 1953 1658 2008 ἐκείνων
1690 1954 1759 2009 τὰ
1795 1957 1998 2026 φρονή-

428 2065 576 2122 ματα
610 2047 721 2100 τῶν
748 2046 1119 2117 καυχωμένων
1145 2047 1230 2116 ἐφ’
1258 2048 1490 2105 ἑαυτοῖς.
1523 2048 1660 2102 Οὐδὲ
1698 2048 1808 2120 7&9
1839 2047 2000 2103 τοῦτο

430 2141 591 2213 μόνον
637 2140 774 2203 ἐστὶ,
829 2140 983 2209 φησὶ,
1041 2138 1385 2208 θαυμαστὸν,
1420 2140 1503 2193 ὃτι
1553 2143 1611 2194 ἐν
1653 2140 2000 2211 ὀστρακίνοις

430 2229 652 2285 σκεύεσι
685 2230 1025 2299 φυλάττομεν
1067 2229 1159 2283 τὸν
1193 2229 1466 2301 θησαυρὸν
1511 2230 1722 2296 τοῦτον,
1756 2231 1872 2285 ἀλλ’
1915 2234 1998 2286 ὅτι

426 2323 525 2378 καὶ
541 2322 712 2393 μυρία
734 2322 1033 2391 πάσχοντες
1053 2320 1222 2387 δεινὰ,
1248 2321 1344 2375 καὶ
1365 2322 1645 2393 πανταχοῦ
1669 2324 1997 2397 περικρουό-

425 2430 617 2486 μενοι,
654 2411 801 2486 [498]
836 2410 1116 2482 τηροῦμεν
1151 2411 1346 2476 αὑτὸν,
1388 2411 1484 2466 καὶ
1527 2412 1629 2465 οὑκ
1667 2411 1996 2482 ἀπόλλυμεν.

422 2505 618 2561 Καίτοι
644 2506 694 2558 εί
717 2505 811 2558 καὶ
837 2503 1200 2573 ἀδαμάντινον
1227 2501 1420 2567 σκεῦος
1454 2498 1542 2572 ἦν,
1574 2500 1697 2557 οὔτε
1725 2501 2003 2573 θησαυρὸν

421 2597 674 2651 τοσοῦτον
702 2594 971 2667 βαστάσαι
989 2593 1209 2665 ἴσχυσεν
1231 2593 1317 2659 ἀν,
1342 2595 1453 2647 οὐδ’
1477 2593 1542 2648 ἂν
1568 2594 1706 2665 πρὸς
1725 2592 1997 2655 τοσαύτας

419 2690 656 2760 ἤρκεσεν
718 2685 1045 2749 ἐπιϐουλάς⁸
1109 2686 1205 2740 νῦν
1250 2685 1307 2738 δὲ
1358 2686 1453 2739 καὶ
1507 2686 1665 2756 φέρει
1706 2686 1802 2738 καὶ
1844 2685 1998 2738 οὑδέν

423 2780 621 2851 πάσχει
659 2778 835 2833 δεινὸν
862 2777 951 2831 διά
988 2779 1088 2849 τὴν
1126 2776 1221 2831 τοῦ
1261 2776 1398 2830 Θεοῦ
1444 2776 1631 2847 χάριν.
1676 2777 1780 2830 Ἐν
1818 2774 1997 2828 παντί

420 2873 532 2943 γὰρ
554 2871 912 2940 θλιϐόμενοι,
944 2869 1129 2940 φησὶν,
1160 2868 1297 2923 ἀλλ’
1326 2869 1397 2921 οὐ
1426 2867 1994 2936 στενοχωρούμενοι.

421 2966 487 3020 Τί
510 2967 683 3031 ἐστιν,
721 2964 827 3018 Ἐν
850 2961 1067 3023 mir-tl;
1100 2961 1187 3013 Ἐν
1202 2960 1315 3023 τοῖς
1336 2957 1566 3029 ἐχθροῖς,
1589 2959 1648 3010 ἐν
1668 2960 1782 3021 τοῖς
1800 2956 1995 3026 φίλοις,

420 3061 480 3114 ἐν
514 3059 628 3121 τοῖς
662 3054 1006 3124 ἀναγκαίοις,
1036 3055 1093 3106 ἐν
1120 3046 1243 3115 ταῖς
1272 3051 1461 3113 ἄλλαις
1480 3049 1713 3122 χρείαις,
1747 3049 1853 3104 ὑπὸ
1889 3048 1998 3104 τῶν

421 3150 720 3222 πολεμίων,
753 3147 861 3202 ὑπὸ
886 3146 994 3201 τῶν
1027 3144 1264 3199 οἰκείων.
1308 3144 1462 3198 Ἀλλ’
1495 3144 2001 3212 ούστενοχωρού-

420 3245 589 3310 μεθα.
628 3239 741 3292 Καὶ
778 3238 880 3310 ὅρα
913 3235 1032 3298 πῶς
1076 3235 1382 3304 πράγματα
1412 3232 1636 3291 ἐναντία
1677 3230 1859 3300 λέγει,
1911 3231 1998 3285 ἵνα

421 3330 721 3387 κάντεῦθεν
753 3328 901 3400 δείξῃ
952 3325 1047 3381 τοῦ
1096 3324 1232 3378 Θεοῦ
1279 3324 1379 3395 τὴν
1425 3322 1600 3394 ἰσχύν.
1654 3323 2000 3391 Θλιϐόμενοι

422 3422 534 3493 7&9
561 3423 633 3475 οὐ
662 3418 1210 3489 στενοχωρούμεθα,
1237 3416 1400 3488 φησίν
1419 3433 1433 3446 ·
1462 3415 1859 3484 ἀπορούμενοι
1889 3415 1999 3469 οὐκ

421 3507 872 3580 ἐξαπορούμεθα
893 3525 909 3540 ο
950 3507 1261 3571 τουτέστιν,
1301 3505 1401 3558 οὑκ
1442 3507 1522 3569 εἰς
1557 3504 1712 3568 τέλος
1743 3502 2002 3559 ἐκπίπτο-

426 3620 549 3676 μεν.
599 3601 898 3672 Ἀλγοῦμεν
929 3599 1039 3670 γὰρ
1076 3594 1369 3667 πολλαχοῦ.
1400 3596 1496 3650 καὶ
1525 3595 1998 3667 ἀποτυγχάνομεν,

424 3694 540 3750 ἀλλ’
560 3695 660 3764 οὑχ
684 3692 858 3756 οὕτως
874 3735 888 3759 ,
920 3692 1061 3746 ὥστε
1088 3692 1340 3743 ἐκπεσεῖν
1368 3687 1476 3741 τῶν
1490 3686 1895 3758 προκειμένων·
1921 3686 2002 3749 είς

424 3785 736 3856 γυμνασίαν
769 3782 878 3853 γὰρ
909 3783 1069 3853 ἡμῶν
1093 3793 1118 3821 α
1151 3780 1345 3846 ταῦτα,
1375 3779 1474 3833 οὑκ
1501 3781 1580 3841 είς
1602 3774 1772 3852 ἧτταν
1807 3793 2003 3845 συγκε-

425 3877 674 3949 χώρηται
710 3876 863 3947 παρὰ
911 3874 1006 3928 τοῦ
1045 3874 1201 3928 Θεοῦ.
1255 3873 1646 3941 Διωκόμενοι,
1698 3869 1836 3923 ἀλλ’
1890 3869 2003 3922 οὐκ

425 3967 1113 4037 ὲγκαταλιμπανόμενον
1143 3964 1654 4032 καταϐαλλόμενοι
1672 4001 1689 4026 ,
1723 3961 1861 4015 ἀλλ’
1890 3960 2003 4015 οὐκ

429 4060 860 4129 ἀπολλύμενοι.
896 4060 959 4112 Οἱ
995 4058 1095 4129 μὲν
1134 4055 1242 4126 γὰρ
1284 4057 1580 4126 πειρασμοὶ
1621 4051 2000 4122 συμϐαίνουσι,

426 4149 499 4202 τά
524 4150 582 4202 δέ
613 4149 721 4203 ἀπὸ
749 4149 858 4201 τῶν
892 4146 1217 4220 πειρασμῶν
1247 4144 1453 4199 οὐκέτι.
1498 4142 1610 4198 Καὶ
1642 4140 1800 4196 τοῦτο
1827 4140 1883 4193 δέ
1914 4139 2003 4192 διὰ

426 4238 528 4309 τὴν
551 4237 644 4292 τοῦ
683 4236 819 4292 Θεοῦ
848 4237 1078 4304 δύναμιν
1117 4237 1212 4291 καὶ
1240 4235 1423 4307 χάριν.
1469 4229 1729 4302 Ἀλλαχοῦ
1758 4230 1816 4284 δέ
1848 4245 1999 4300 φησι,

430 4331 527 4383 καί
564 4329 652 4382 διά
693 4330 791 4399 τὴν
842 4329 1024 4384 αὑτῶν
1057 4324 1561 4400 ταπεινοφροσύνην
1583 4364 1596 4387 ,
1632 4321 1726 4376 καὶ⁹
1777 4321 1865 4376 διὰ
1905 4321 2003 4393 τὴν

428 4422 633 4492 ἐτέρων
663 4421 963 4491 ἀσφάλειαν
998 4417 1457 4491 συγκεχωρῆσθαι
1497 4414 1692 4470 ταῦτα’
1733 4413 1865 4468 Ἰνα
1896 4413 2004 4486 γὰρ

420 4510 512 4582 μὴ
558 4511 960 4581 ὑπεραίρωμαι
982 4551 997 4576 ,
1028 4510 1207 4580 ἐδόθη
1244 4526 1347 4579 μοι
1379 4508 1655 4576 σκόλοψ,
1692 4505 1858 4575 φησί’
1911 4503 2005 4557 καὶ

430 4601 616 4667 πάλιν,
643 4602 766 4657 Ἵνα
793 4602 879 4671 μή
913 4619 1003 4668 τις
1025 4601 1342 4671 λογίσηται
1367 4601 1452 4667 είς
1484 4598 1589 4668 ἐμὲ
1612 4595 1763 4664 ὑπὲρ
1795 4593 1827 4648 ὃ
1851 4592 2004 4658 ,βλέ-

427 4709 549 4761 aet,
592 4697 691 4749 και
740 4695 946 4749 ἀκούει
984 4710 1042 4747 τι
1096 4692 1165 4758 ἐξ
1193 4690 1368 4762 ἐμοῦ·
1422 4692 1520 4745 καὶ
1547 4691 1782 4765 ἀλλαχοῦ
1816 4694 2002 4758 πάλιν,

434 4785 570 4840 Ἵνα
594 4784 680 4857 μὴ
714 4785 1066 4851 πεποιθότες
1104 4779 1263 4853 ὦμεν
1295 4782 1387 4852 ἐφ’
1434 4783 1688 4850 ἑαυτοῖς.
1743 4784 2006 4839 Ἐνταῦθα

433 4877 646 4947 μέντοι,
679 4878 796 4930 Ἵνα
825 4878 971 4947 φανῇ
998 4875 1093 4929 τοῦ
1118 4875 1253 4928 Θεοῦ
1281 4876 1316 4945 ἡ
1344 4873 1590 4944 δύναμις.

515 4969 677 5042 Ὁρᾷς
710 4972 835 5024 ὅσον
882 4968 991 5022 τῶν
1030 4967 1353 5041 πειρασμῶν
1390 4965 1450 5020 τὸ
1482 4966 1710 5038 κέρδος;
1741 4967 1855 5021 Καὶ
1897 4965 2007 5038 γὰρ

429 5062 526 5117 τοῦ
561 5061 696 5115 Θεοῦ
748 5061 848 5131 τὴν
886 5058 1114 5131 δύναμιν
1161 5059 1391 5122 ἐδείκνυ,
1426 5059 1520 5111 καὶ
1560 5057 1660 5129 τὴν
1706 5057 1866 5128 χάριν
1898 5059 2007 5111 ἀπ-

429 5154 706 5208 εκάλυπτε
756 5152 1040 5224 μειζόνως·
1092 5151 1289 5220 Ἀρκεῖ
1315 5151 1425 5222 γάρ
1454 5164 1554 5205 σοι
1589 5151 1628 5219 ἠ
1667 5148 1840 5219 χάρις
1861 5167 2004 5219 μου,

430 5243 590 5313 φησί’
624 5242 720 5295 καὶ
750 5244 831 5305 είς
855 5239 1359 5313 ταπεινοφροσύνην
1393 5239 1606 5311 ῆλειφε,
1637 5239 1879 5305 καὶτοὺς
1911 5238 2006 5291 άλ-

429 5334 558 5397 λους
587 5332 1048 5387 καταστέλλεσθαι
1085 5332 1486 5403 παρεσκεύαζε,
1519 5332 1612 5385 καὶ
1637 5331 1835 5395 αὑτοὺς
1867 5348 2005 5403 καρ-

428 5423 832 5496 τερικωτέρους
882 5422 1199 5495 εἰργάζετο·
1259 5423 1318 5478 Ἠ
1367 5422 1476 5493 7&9
1519 5421 1814 5493 ὑπομονὴ,
1844 5423 1999 5493 φησὶ,

428 5515 689 5587 δοσαμὴν
716 5514 1149 5586 κατεργάζεται,
1192 5516 1232 5583 ἡ
1280 5512 1350 5567 δὲ
1395 5512 1607 5583 δοκιμὴ
1649 5513 1899 5583 ἐλπίδα.⁴
1942 5513 2005 5566 UE

432 5606 544 5679 γὰρ
578 5608 792 5678 μυρίοις
818 5606 1214 5679 περιπεσόντες
1246 5604 1536 5669 κινδύνοις,
1568 5604 1663 5659 καὶ
1698 5606 1763 5658 ἐκ
1795 5605 1896 5676 τῆς
1928 5606 2010 5669 είς

431 5698 526 5752 τὸν
558 5697 693 5753 Θεὸν
724 5698 937 5765 ἐλπίδος
969 5699 1384 5768 ἀνενεγκόντες,
1425 5696 1770 5753 ἐπαιδεύοντο
1804 5696 2008 5771 ταύτης

498 5805 527 5835 ⁸
551 5802 813 5869 legebatur
855 5806 1004 5867 ὑμῶν.

2100 1592 2317 1664 ἔχεσθαι
2340 1591 2432 1646 ἐπὶ
2465 1591 2648 1644 πλεῖον
2674 1590 2731 1643 ἐν
2753 1590 2908 1643 πᾶσι.
2941 1587 3204 1643 Πάντοτε
3232 1589 3347 1655 τὴν
3378 1589 3673 1657 νέκρωσιν

2098 1685 2204 1738 τοῦ
2236 1684 2455 1753 Κυρίου
2503 1681 2697 1750 Ἰησοῦ
2739 1681 2809 1735 ἐν
2841 1682 2919 1746 τῷ
2955 1680 3179 1751 σώματι
3217 1681 3668 1751 περιφέροντες,

2099 1776 2202 1832 ἵνα
2230 1776 2325 1829 καὶ
2353 1775 2392 1842 ἡ
2415 1772 2526 1842 ζωὴ
2551 1772 2655 1826 τοῦ
2694 1772 2889 1840 Ἰησοῦ
2916 1771 3229 1842 φανερωθῇ
3252 1773 3323 1827 ἐν
3343 1773 3422 1839 τῷ
3448 1773 3677 1844 σώματι

2098 1868 2286 1938 ήμῶν.
2323 1867 2431 1922 Καὶ
2460 1867 2511 1920 τί
2549 1868 2694 1919 ἐστιν
2728 1867 2761 1935 ή
2792 1865 3058 1936 νέκρωσις
3102 1864 3197 1918 τοῦ
3226 1865 3432 1937 Κυρίου
3472 1866 3669 1935 Ἰησοῦ,

2099 1961 2167 2033 ἢν
2191 1959 2515 2032 περιέφερον
2543 1975 2558 2023 ;
2584 1959 2648 2012 Οἱ
2675 1957 2897 2012 θάνατοι
2922 1958 2971 2010 οί
2989 1956 3372 2028 καθημερινοὶ,
3393 1956 3460 2009 δι’
3483 1950 3557 2012 ὧν
3580 1958 3680 2016 καὶ

2098 2055 2132 2123 ἡ
2172 2051 2467 2114 ἀνάστασις
2497 2050 2793 2104 ἐδείκνυτο.
2834 2050 2898 2102 Et
2927 2049 3035 2119 γάρ
3066 2065 3151 2111 τις
3198 2049 3438 2112 ἀπιστεῖ,
3485 2050 3669 2117 φησὶν.

2099 2145 2182 2198 ὅτι
2217 2143 2488 2197 ἀπέθανεν
2538 2140 2740 2213 Ἰησοῦς
2778 2139 2873 2193 καὶ
2915 2138 3115 2206 ἀνέστη
3140 2177 3155 2203 ,
3194 2138 3342 2209 ἡμᾶς
3379 2136 3520 2209 ὁρῶν
3548 2138 3673 2199 τοῦς

2099 2236 2222 2289 καθ’
2254 2234 2492 2306 ἑκάστην
2520 2234 2734 2305 ἡμέραν
2777 2232 3219 2303 ἀποθνήσκοντας
3262 2231 3357 2284 καὶ
3386 2231 3674 2301 ἀνισταμέ-

2099 2345 2241 2391 νους,
2269 2327 2576 2380 πιστευέτω
2603 2325 2789 2379 λοιπὸν
2814 2328 2881 2397 τῇ
2909 2325 3224 2379 ἀναστάσει.
3256 2320 3411 2387 Εἶδες
3438 2322 3553 2386 πῶς
3577 2323 3676 2376 καὶ

2101 2419 2293 2489 ἑτέραν
2336 2419 2518 2472 αἰτίαν
2571 2417 2774 2488 εὕρηκε
2821 2416 2931 2470 τῶν
2976 2415 3336 2489 πειρασμῶν;
3390 2416 3561 2470 Ποίαν
3608 2415 3674 2486 δὴ

2097 2511 2328 2583 ταύτην;
2366 2512 2499 2567 Ἵνα
2535 2512 2634 2565 καί
2678 2511 2716 2579 ἠ
2755 2509 2866 2579 ζωὴ
2908 2510 3095 2564 αὑτοῦ
3137 2508 3452 2581 φανερωθῇ
3483 2509 3553 2564 ἐν
3593 2507 3675 2574 τῷ

2098 2600 2321 2671 σώματι
2359 2600 2548 2670 ἡμῶν,
2581 2600 2735 2671 φησὶ,
2760 2596 2838 2670 τῷ
2868 2597 3197 2672 ἐξαρπάζειν
3225 2601 3373 2670 ἡμᾶς
3414 2598 3522 2652 τῶν
3553 2613 3673 2652 κιν-

2096 2691 2288 2747 δύνων.
2332 2692 2495 2745 Ὥστε
2536 2690 2697 2744 τοῦτο
2715 2731 2730 2756 ,
2752 2690 2781 2744 ὃ
2805 2690 2956 2745 δοκεῖ
2973 2690 3256 2755 ἀσθενείας
3280 2687 3416 2746 εἶναι
3451 2691 3545 2749 καὶ
3577 2692 3674 2763 ἑγ-

2098 2783 2490 2854 καταλείψεως,
2526 2782 2685 2839 τοῦτο
2729 2781 2895 2837 αὑτοῦ
2929 2781 3191 2853 κηρύττει
3219 2782 3317 2854 τὴν
3354 2783 3671 2839 ἀνάστασιν.

2099 2875 2176 2928 Οὑ
2219 2874 2326 2946 γὰρ
2371 2873 2437 2929 ἂν
2473 2873 2646 2937 οὕτως
2680 2874 2888 2942 ἐφάνη,
2941 2873 3108 2944 μηδὲν
3152 2873 3470 2943 πασχόντων
3518 2873 3675 2944 ἡμῶν

2098 2964 2260 3034 ἀηδὲς
2279 3004 2294 3027 ,
2330 2964 2371 3036 ἡ
2402 2963 2635 3035 δύναμις
2660 2965 2693 3033 ὴ
2735 2963 2946 3016 ἐκείνου
2967 3002 2982 3026 ,
3015 2961 3092 3024 ὡς
3121 2961 3215 3016 νῦν
3243 2960 3539 3026 δείκνυται,
3571 2981 3676 3018 παι-

2099 3053 2336 3125 σχόντων
2382 3052 2481 3124 μὲν
2504 3093 2520 3118 ,
2547 3052 2608 3105 οὑ
2637 3050 2963 3121 νικωμένων
3003 3050 3081 3107 δέ.
3118 3050 3227 3105 Καὶ
3273 3054 3383 3121 γὰρ
3418 3052 3589 3120 ἡμεῖς
3622 3057 3676 3109 οἱ

2097 3143 2310 3210 ζῶντες
2340 3147 2426 3210 είς
2459 3142 2721 3198 θάνατον
2763 3142 3205 3211 παραδιδόμεθα
3243 3141 3341 3197 διὰ
3385 3142 3632 3211 Ἰησοῦν
3658 3184 3674 3208 ,

2098 3236 2201 3290 ἵνα
2245 3234 2344 3289 καί
2386 3235 2424 3303 ἡ
2467 3232 2578 3302 ζωὴ
2626 3232 2733 3288 τοῦ
2784 3233 3002 3301 Ἴησοῦ
3046 3232 3358 3303 φανερωθῇ
3414 3233 3561 3308 [499]
3608 3236 3678 3291 ἑν

2099 3326 2247 3396 ἡμῖν
2290 3326 2362 3380 ἐν
2401 3325 2477 3395 τῇ
2521 3323 2714 3395 θνητῇ
2757 3325 2937 3393 σαρκί
2980 3324 3169 3394 ἡμῶν.
3207 3326 3492 3398 Πανταχοῦ
3537 3328 3674 3399 γὰρ,

2100 3418 2229 3473 ὅταν
2259 3435 2312 3471 τι
2341 3419 2550 3487 ἀσαφὲς
2578 3417 2730 3491 εἴπῃ,
2768 3416 2961 3471 ἑαυτὸν
2992 3414 3284 3489 ἑρμηνεύει
3323 3418 3518 3472 πάλινο
3552 3418 3580 3475 ὃ
3612 3419 3675 3491 δὴ

2100 3509 2196 3561 καὶ
2223 3507 2459 3562 ἐνταῦθα
2487 3509 2711 3573 ἐποίησε
2732 3546 2747 3572 ,
2778 3507 2957 3573 τοῦτο,
2991 3510 3129 3580 ὅπερ
3162 3503 3335 3573 εἷπεν,
3360 3508 3676 3584 ἑρμηνεύων

2102 3600 2306 3668 σαφῶς.
2334 3599 2435 3654 Διά
2454 3599 2612 3653 τοῦτο
2635 3599 2744 3670 γὰρ
2767 3599 3196 3671 παραδιδόμεθα,
3220 3601 3374 3672 φησὶ,
3407 3603 3674 3666 τουτέστι,

2100 3692 2199 3761 τὴν
2231 3691 2501 3761 νέκρωσιν
2532 3691 2927 3762 περιφέρομεν,
2952 3691 3103 3762 ῖνα,ἠ
3131 3692 3360 3765 δύναμις
3383 3693 3546 3748 αὑτοῦ
3577 3695 3676 3764 τῆς

2102 3780 2246 3852 ζωῆς
2272 3785 2436 3853 φανῇ,
2471 3783 2545 3853 μὴ
2572 3782 2985 3853 συγχωροῦντος
3012 3784 3192 3853 σάρκα
3218 3785 3417 3859 θνητὴν
3437 3785 3675 3840 τοσαῦτα

2102 3872 2435 3943 πάσχουσαν,
2470 3872 2576 3925 ὑπὸ
2611 3872 2712 3943 τῆς
2748 3872 2968 3940 νιφάδος
3003 3873 3111 3927 τῶν
3144 3874 3332 3931 κακῶν
3365 3877 3671 3947 νικηθῆναι.

2102 3967 2214 4019 Καὶ
2243 3964 2445 4037 ἑτέρως
2475 3964 2532 4019 δέ
2578 3964 2711 4017 αὑτὸ
2746 3963 3064 4035 ἐκληπτέον.
3115 3964 3275 4031 Πῶςς
3319 3966 3408 4030 Ὠς
3441 3967 3674 4038 ἀλλαχοῦ

2105 4064 2291 4128 φησιν,
2322 4058 2391 4110 El
2412 4054 2932 4126 συναπεθάνομεν,
2953 4055 3052 4110 καὶ
3078 4055 3439 4127 συζήσομεν.
3468 4057 3677 4129 Ὠσπερ

2103 4148 2213 4222 γὰρ
2242 4148 2331 4201 τὸν
2364 4147 2591 4203 θάνατον
2621 4148 2787 4204 αὑτοῦ
2830 4148 3175 4219 ὑπομένομεν
3210 4148 3325 4213 νῦν,
3358 4149 3454 4203 καὶ
3494 4148 3676 4220 αἱρού-

2105 4240 2247 4311 μεθα
2292 4238 2493 4303 ζῶντες
2537 4238 2830 4293 ἀποθανεῖν
2861 4240 2927 4293 δι’
2967 4239 3161 4293 αὐτόν·
3200 4237 3342 4293 οὕτω
3375 4239 3468 4292 καὶ
3513 4237 3676 4303 αὑτὸς

2103 4326 2388 4397 αἱρήσεται
2449 4326 2821 4392 ἀποθανόντας
2872 4328 3209 4399 ζωογονῆσαι
3258 4327 3400 4381 τότε.
3454 4327 3517 4380 El
3566 4326 3676 4398 7&9

2105 4419 2266 4489 ἡμεῖς
2287 4418 2395 4470 ἀπὸ
2421 4416 2565 4489 ζωῆς
2592 4420 2671 4483 είς
2693 4417 2920 4474 θάνατον
2942 4417 3235 4489 ἐρχόμεθα,
3262 4419 3356 4471 καὶ
3377 4418 3540 4481 αὑτὸς
3567 4417 3677 4473 ἀπὸ

2106 4507 2339 4561 θανάτου
2395 4509 2476 4572 είς
2532 4508 2677 4581 ζωὴν
2725 4510 2872 4581 ἡμᾶς
2915 4510 3339 4582 χειραγωγήσει.
3390 4509 3584 4564 Ὠστε
3642 4511 3676 4563 ό

2105 4594 2361 4664 θάνατος
2390 4597 2709 4668 ἐνεργεῖται
2758 4597 2829 4653 ἐν
2870 4598 3016 4670 ἡμῖν
3034 4639 3049 4665 ,
3083 4601 3120 4667 ἠ
3155 4598 3223 4652 δέ
3258 4597 3369 4668 ζ’ωὴ
3406 4598 3478 4653 ἐν
3510 4597 3673 4673 ὑμῖν.

2106 4690 2301 4744 Οὐκέτι
2334 4692 2461 4762 περὶ
2488 4690 2584 4746 τοῦ
2628 4690 2860 4746 θανάτου
2898 4690 3092 4761 λέγων,
3134 4691 3269 4746 ἀλλὰ
3317 4691 3448 4765 περὶ
3483 4708 3675 4767 πειρα-

2107 4783 2262 4854 σμῶν
2291 4784 2384 4837 καὶ
2411 4784 2666 4850 ἀνέσεως.
2709 4782 2902 4855 Ἡμεῖς
2931 4784 3032 4855 μέν
3060 4782 3170 4857 γὰρ
3197 4783 3256 4837 ἐν
3283 4782 3551 4848 κινδύνοις
3581 4769 3676 4847 καὶ

2107 4874 2165 4927 ἐν
2214 4877 2575 4946 πειρασμοῖς,
2607 4874 2800 4945 φησὶν,
2833 4874 2992 4945 ὑμεῖς
3021 4874 3079 4928 δὲ
3115 4876 3171 4927 ἐν
3203 4873 3417 4942 ἀνέσει,
3465 4874 3565 4944 τὴν
3611 4874 3675 4926 ἐκ

2108 4963 2312 5018 τούτων
2335 4965 2444 5019 τῶν
2476 4964 2737 5019 κινδύνων
2765 4963 3137 5037 καρπούμενοι
3169 4964 3337 5043 ζωήν·
3362 4964 3457 5019 καὶ
3478 4962 3555 5018 τὰ.
3576 4963 3676 5037 μὲν

2109 5055 2422 5109 ἐπικίνδυνα
2446 5058 2606 5127 ἡμεῖς
2635 5055 2998 5127 ὑπομένομεν,
3020 5056 3130 5117 τῶν
3158 5056 3212 5119 δὲ
3236 5055 3491 5129 χρηστῶν
3518 5055 3675 5120 ὑμεῖς

2110 5144 2432 5199 ἀπολαύετεο
2458 5147 2518 5198 οὑ
2541 5144 2651 5218 7&9
2675 5145 2964 5209 τοσούτους
2990 5145 3290 5215 ὑπομένετε
3315 5142 3674 5216 πεηιρασμούς.

2115 5237 2395 5305 Ἔχοντες
2424 5234 2492 5290 δέ
2518 5235 2587 5293 τὸ
2616 5235 2763 5291 αὐτὸ
2792 5236 3026 5307 πνεῦμα
3065 5234 3178 5306 τῆς
3215 5235 3495 5298 πίστεως,
3528 5231 3679 5285 κατὰ

2109 5326 2176 5380 τὸ
2214 5326 2623 5397 τετραμμένον
2643 5344 2658 5359 ο
2699 5328 3087 5392 Ἐπίστευσα,
3115 5325 3207 5380 διὸ
3235 5325 3513 5390 ἐλάλησα
3540 5338 3552 5351 ·
3580 5321 3679 5374 καὶ

2114 5419 2282 5488 ἡμεῖς
2302 5419 2687 5489 πιστεύομεν,
2707 5419 2800 5473 διὸ
2818 5418 2915 5473 καί
2933 5417 3262 5486 λαλοῦμεν
3286 5413 3374 5468 ὅτι
3395 5416 3428 5467 ό
3449 5412 3680 5483 ἐγείρας

2110 5510 2219 5565 τὸν
2238 5510 2458 5579 Κύριον
2490 5509 2752 5578 Ἰησοῦν,
2785 5509 2883 5563 καὶ
2916 5507 3076 5578 ἡμᾶς
3107 5505 3206 5560 διὰ
3245 5503 3448 5572 Ἰησοῦ
3471 5504 3677 5576 ἐγερεῖ.

2126 5603 2456 5674 ’ἀνέμνησεν
2476 5603 2626 5673 ἡμᾶς
2643 5601 2860 5673 ψαλμοῦ
2889 5599 3085 5672 πολλὴν
3105 5598 3321 5669 ἔχοντος
3342 5597 3679 5669 φιλοσοφίαν,

2116 5694 2211 5749 καὶ
2253 5692 2436 5751 ἱκανοῦ
2473 5692 2708 5764 μάλιστα
2741 5694 2798 5744 ἐν
2831 5689 3096 5752 κινδύνοις
3126 5685 3389 5754 ἀλείφειν.
3422 5684 3535 5756 Τὴν
3573 5686 3683 5756 γὰρ

2119 5786 2275 5860 ῥῆσιν
2308 5785 2510 5856 ταύτην
2568 5785 2625 5837 ἐν
2681 5783 2935 5855 μεγάλοις
2985 5778 3249 5844 κινδύνοις
3291 5774 3366 5832 ῶν
3408 5779 3437 5832 ό
3478 5777 3683 5847 δίκαιος
