4090 6216
424 330 523 391 431

423 449 629 508 ἐκεῖνος
655 436 970 513 ἐφθέγξατο,
1009 439 1105 493 καὶ
1129 437 1190 502 ἐξ
1219 429 1295 490 ὧν
1332 435 1434 488 οὐκ
1457 430 1526 507 ἦν
1556 434 1733 497 ἄλλως
1771 433 1994 498 ἀνενεγ-

424 539 563 598 κεῖν,
592 533 627 605 ἦ
659 533 748 586 διὰ
772 531 871 599 τῆς
897 526 991 581 τοῦ
1024 523 1159 578 Θεοῦ
1192 521 1469 595 βοηθείας.

499 625 566 697 β’.
618 621 771 677 Ἐπεὶ
790 615 881 673 οὖν
902 618 969 671 τὰ
993 615 1229 684 συγγενῆ
1257 613 1491 683 μάλιστα
1517 609 1625 665 οἶδε
1658 608 1999 681 παραμυθεῖ-

430 717 573 778 ηθαι,
619 713 708 766 διὰ
747 708 901 763 τοῦτό
942 722 1127 777 φησιν,
1159 704 1446 775 Ἔχοντες
1475 701 1541 756 τὸ
1569 699 1716 754 αὐτὸ
1745 699 1998 767 πνεῦμα·

426 805 725 866 τουτέστιν,
758 799 865 854 ἀπὸ
897 799 998 867 τῆς
1020 796 1191 866 αὐτῆς
1220 793 1556 864 συμμαχίας,
1588 792 1680 860 ἀφ’
1707 787 1775 863 ἧς
1799 791 2005 851 ἐκεῖνος

431 895 632 965 ἐσώθη,
664 891 757 945 καὶ
780 891 939 962 ἡμεῖς
972 886 1277 957 σωζόμεθα·
1303 884 1409 938 ἀπὸ
1430 883 1524 937 τοῦ
1553 882 1881 953 πνεύματος,
1911 881 2003 949 ἀφ’

431 983 492 1042 οὗ
525 981 845 1053 ἐφθέγξατο,
873 982 969 1034 καὶ
1000 982 1161 1051 ἡμεῖς
1191 974 1564 1047 φθεγγόμεθα.
1587 974 1750 1028 Ὅθεν
1769 973 2006 1027 δείκνυσι

430 1077 634 1148 πολλὴν
659 1078 726 1147 τῇ
769 1075 946 1143 Καινῇ
978 1071 1115 1143 πρὸς
1147 1070 1246 1141 τὴν
1280 1068 1524 1123 Παλαιὰν
1554 1068 1652 1138 τὴν
1689 1064 2006 1136 συμφωνίαν

431 1164 617 1231 οὖσαν,
647 1166 742 1219 καὶ
768 1164 831 1218 τὸ
863 1162 995 1216 αὐτὸ
1032 1159 1250 1231 πνεῦμα
1281 1160 1339 1211 ἐν
1372 1158 1653 1228 ἑκατέροις
1685 1157 2005 1227 ἐνεργήσαν,

433 1262 529 1315 καὶ
564 1260 647 1313 ὅτι
678 1258 778 1327 οὐχ
811 1256 976 1327 ἡμεῖς
1024 1253 1184 1323 μόνον
1212 1253 1270 1305 ἐν
1313 1246 1580 1311 κινδύνοις
1603 1291 1617 1314 ,
1658 1244 1794 1300 ἀλλά
1833 1244 1929 1298 καὶ
1958 1244 2008 1296 οι

433 1351 653 1407 παλαιοὶ
695 1349 897 1410 πάντες
917 1385 931 1408 ,
962 1344 1059 1399 καὶ
1098 1344 1181 1399 δεῖ
1215 1343 1395 1397 πίστει
1428 1341 1523 1395 καλ⁵
1551 1338 1725 1393 ἐλπίδι
1768 1335 2011 1410 διορθοῖ)⁴

436 1446 582 1510 σθαι,
621 1443 717 1497 καὶ
750 1438 825 1510 μὴ
856 1438 1010 1491 λύσιν
1039 1435 1243 1499 εὐθέως
1273 1435 1457 1505 ζητεῖν
1484 1432 1594 1485 τῶν
1622 1428 2008 1499 ἐπικειμένων.

517 1532 737 1603 Ἐπειδὴ
762 1531 872 1602 γὰρ
899 1528 1066 1594 ἔδειξε
1091 1527 1180 1581 διὰ
1210 1526 1317 1579 τῶν
1340 1523 1617 1593 λογισμῶν
1643 1520 1743 1583 τὴν
1778 1520 2013 1573 ἀνάστα-

438 1646 523 1683 σιν
561 1626 658 1681 καὶ
689 1625 789 1693 τὴν
820 1620 989 1691 ζωὴν,
1022 1619 1118 1672 καὶ
1150 1619 1233 1671 ὅτι
1260 1616 1357 1670 οὐκ
1392 1612 1676 1674 ἀσθενείας
1698 1610 1821 1664 οὐδὲ
1849 1611 2015 1679 ἐγκα-

378 1702 379 1707 Ὶ
437 1717 736 1786 ταλείψεως
763 1717 791 1766 ὁ
817 1712 1080 1773 κίνδυνος⁸
1112 1707 1303 1762 λοιπὸν
1323 1706 1420 1760 καὶ
1444 1704 1542 1776 τὴν
1574 1704 1756 1758 πίστιν
1782 1701 2011 1769 εἰσάγει,

446 1810 536 1863 καὶ
567 1809 706 1876 αύτῇ
747 1803 807 1857 τὸ
841 1803 949 1855 πᾶν
982 1799 1291 1870 ἐπιτρέπει.
1353 1794 1493 1849 Ἀλλ’
1526 1797 1674 1865 ὅμως
1712 1792 1808 1846 καί¹
1843 1789 2016 1859 αὐτῆς

437 1898 712 1964 ἀπόδειξιν
741 1893 1037 1964 παρέχεται
1068 1890 1160 1944 τοῦ
1189 1887 1423 1961 Χριστοῦ
1460 1885 1557 1958 τὴν
1580 1884 1900 1945 ἀνάστασιν,
1933 1881 2014 1933 εἰ-

438 1989 579 2045 πών’
622 1990 705 2042 ὅτι
743 1984 852 2041 Καὶ
902 1980 1073 2052 ἡμεῖς
1104 1980 1504 2048 πιστεύομεν,
1538 1976 1626 2030 διὸ
1670 1973 1769 2029 καί
1794 1971 2018 2027 λαλοῦ-

436 2097 571 2152 μεν.
619 2076 685 2131 Τί
714 2068 1066 2144 πιστεύομεν,
1107 2070 1226 2124 εἰπέ
1260 2086 1384 2140 μοι;
1418 2068 1547 2121 Ὀτι
1579 2064 1870 2135 ὀνὲγείρας
1916 2063 2020 2130 Ἰη-

442 2171 620 2235 σοῦν,
678 2168 777 2222 καί
833 2163 989 2235 ἡμᾶς
1044 2161 1252 2233 ἐγερεῖ,
1310 2159 1407 2214 καὶ
1467 2155 1845 2225 παραστήσει
1897 2153 2021 2209 σὺν

441 2262 606 2333 ὑμῖν.
634 2259 709 2315 Τὰ
738 2259 847 2330 γὰρ
877 2255 1073 2310 πάντα
1100 2253 1173 2307 δι’
1194 2251 1370 2321 ὑμᾶς,
1387 2251 1489 2304 ἵνα
1508 2249 1546 2318 ἡ
1570 2247 1742 2318 χάρις
1768 2244 2022 2301 πλεονά-

442 2371 631 2419 σασα,
645 2352 741 2407 διὰ
780 2349 897 2405 τῶν
920 2348 1220 2402 πλειόνων
1244 2343 1359 2409 τὴν
1391 2340 1787 2411 εὐχαριστίαν
1816 2350 2024 2405 περισ-

445 2449 643 2517 σεύσῃ
692 2446 775 2510 είς
835 2441 950 2508 τὴν
999 2436 1186 2502 δόξαν
1236 2435 1342 2489 τοῦ
1396 2433 1565 2488 Θεοῦ.
1604 2430 1775 2485 Πάλιν
1826 2427 2029 2500 πληροῖ

447 2538 793 2611 φρονήματος
820 2532 1039 2598 αὐτοὺς,
1066 2528 1155 2582 ἵνα
1184 2527 1257 2599 μὴ
1283 2525 1590 2597 ἀνθρώποις
1623 2523 1783 2594 χάριν
1819 2518 2022 2583 εἰδῶσι,

447 2608 559 2697 τοῖς
589 2608 1069 2701 ψευδαποστόλοις,
1095 2619 1257 2688 λέγω.
1285 2616 1391 2671 Τοῦ
1421 2616 1531 2687 γὰρ
1557 2613 1695 2669 Θεοῦ
1723 2613 1784 2667 τὸ
1811 2613 1940 2672 πᾶν.
1966 2608 2025 2673 δς

452 2722 699 2794 βούλεται
756 2716 967 2779 πολλοῖς
1002 2709 1362 2785 χαρίσασθαι,
1412 2702 1552 2760 ὥστε
1603 2702 1753 2778 [500]
1805 2701 2028 2794 μείζονα

449 2789 683 2881 όφθῆναι
716 2808 815 2878 τὴν
846 2806 1025 2877 χάριν.
1053 2802 1131 2855 Δι’
1170 2799 1315 2868 ὑμᾶς
1347 2796 1477 2866 γοῦν
1511 2797 1545 2865 ή
1573 2794 1901 2856 ἀνάστασις,
1931 2789 2029 2881 καὶ

450 2879 521 2956 τά
550 2898 685 2952 ἄλλα
738 2896 937 2948 πάντα.
971 2892 1044 2947 Οὐ
1090 2889 1199 2961 γὰρ
1245 2885 1363 2949 ἐνὸς
1408 2884 1595 2938 ἕνεκεν
1643 2880 1807 2953 μόνου
1854 2879 2029 2933 ταῦτα

454 2987 772 3058 πεποίηκεν,
804 2982 940 3069 ἀλλά
968 2979 1212 3033 πάντων.
1242 2972 1339 3029 Διὸ
1368 2971 1468 3027 καί
1494 2973 1606 3026 οὐκ
1632 2968 2026 3037 ἐκκακοῦμεν·

452 3079 591 3136 ἀλλ’
627 3078 678 3130 εί
705 3060 874 3129 καίό
916 3070 1032 3137 ἔξω
1060 3066 1230 3138 ἡμῶν
1258 3065 1571 3132 ἅνθρωπος
1607 3060 2027 3129 διαφθείρεται,

454 3170 595 3225 ἀλλ’
633 3172 667 3222 ὀ
697 3167 818 3221 ἔσω
856 3157 1286 3217 ἀνακαινοῦται
1313 3153 1503 3224 ἡμέρᾳ
1544 3152 1643 3206 καὶ
1671 3148 1878 3221 ἡμέρᾳ.
1906 3146 2032 3210 Πῶς

457 3258 770 3333 φθείρεται;
801 3250 1238 3321 Μαστιζόμενος,
1285 3244 1666 3314 ἐλαυνόμενος,
1707 3238 1875 3333 μυρία
1923 3236 2034 3333 πάις

461 3328 606 3425 σχων
630 3348 801 3404 δεινά.
848 3343 1013 3401 Ἀλλ’
1052 3343 1084 3395 ό
1105 3340 1227 3410 ἔσω
1253 3333 1683 3420 ἀνακαινοῦται
1720 3329 1909 3400 ἡμέρᾳ
1934 3328 2035 3382 καί

460 3414 672 3516 ἡμέρᾳ.
705 3439 831 3503 Πῶς
866 3431 1288 3496 ἀνακαινοῦται;
1313 3429 1393 3500 Τῇ
1418 3414 1618 3489 πίστει,
1642 3426 1709 3494 τῇ
1745 3422 1940 3484 ἐλπίδι,
1967 3423 2034 3492 τῇ

463 3511 763 3611 προθυμίᾳ.
810 3526 884 3584 Τὸ
923 3525 1109 3581 λοιπὸν
1147 3523 1229 3577 δεῖ
1270 3518 1620 3589 κατατολμᾷν
1667 3514 1776 3568 τῶν
1826 3511 2033 3567 δεινῶν.

464 3604 614 3698 ⁴⁹όσῳ
762 3618 828 3675 ἂν
854 3616 1024 3690 μυρία
1052 3614 1236 3688 πάσχῃ
1252 3612 1314 3665 τὸ
1335 3609 1516 3680 σῶμα,
1540 3604 1780 3675 τοσούτῳ
1805 3617 2038 3675 χρηστο-

462 3693 772 3790 τέραςέχει
818 3709 918 3774 τὰς
958 3705 1182 3769 ἐλπίδας
1226 3705 1262 3776 ή
1306 3701 1505 3790 ψυχὴ,
1538 3697 1634 3753 καὶ
1678 3693 2038 3790 λαμπροτέρα

465 3784 709 3876 γίνεται,
755 3799 1009 3869 καθάπερ
1063 3795 1284 3868 χρυσίον
1335 3789 1678 3864 πυρούμενον
1723 3788 1817 3840 ἐπὶ
1855 3784 2037 3838 πλέον.

467 3899 578 3956 Καὶ
600 3898 705 3968 ὅρα
729 3892 842 3957 πῶς
864 3886 1211 3961 καθαιρεῖτά
1235 3883 1456 3954 λυπηρά
1483 3881 1577 3935 τοῦ
1608 3878 1873 3952 παρόντος
1897 3876 2036 3948 βίου.

473 3990 545 4047 τὸ
580 3967 691 4060 γάρ
731 3983 1065 4054 παραυτίκα
1101 3975 1370 4047 ἐλαφρὸν
1398 3972 1508 4042 τῆς
1542 3972 1823 4060 θλίψεως,
1851 3967 2037 4060 φησίν,

467 4084 555 4148 εἰς
583 4058 926 4148 ύπερσολὴν
952 4072 1080 4127 καθ’
1101 4064 1449 4136 ὑπερϐολὴν
1468 4062 1706 4117 αίώνιον
1727 4059 1917 4127 ,ϐάρος
1945 4058 2043 4112 ad-

470 4173 584 4242 ξης
604 4164 1036 4236 κατεργάζεται,
1058 4159 1144 4231 μὴ
1168 4156 1564 4213 σκοπούντων
1596 4150 1865 4242 ἠμῷνῗτὰ
1889 4151 2043 4242 ,βλες

471 4237 722 4332 πόρενα,
746 4256 907 4313 ma
926 4252 1000 4307 τὰ
1020 4249 1105 4321 μὴ
1127 4248 1499 4315 βλεπόμενα.
1529 4244 1621 4306 Είς
1648 4240 1745 4312 τὴν
1776 4239 1963 4293 ἐλπίδα
1984 4237 2046 4292 τὸ

472 4355 705 4426 πρᾶγμα
723 4343 1108 4407 κατακλείσας,
1129 4339 1223 4394 καὶ
1243 4340 1381 4409 ὅπερ
1406 4337 1464 4390 ἐν
1483 4338 1548 4407 τῇ
1569 4334 1705 4408 πρὸς
1736 4332 2047 4426 Ῥωμαίους

470 4424 677 4514 ἔλεγεν,
708 4442 792 4496 ὅτι
825 4437 903 4507 Τῇ
930 4427 1133 4490 ἐλπίδι
1160 4431 1491 4498 ἐσώθημεν,
1525 4426 1700 4494 ἐλπις
1722 4424 1790 4479 δὲ
1814 4425 2046 4489 βλεπο-

465 4533 620 4605 μένη
662 4531 774 4588 οὐκ
810 4527 984 4582 ἔστιν
1019 4523 1229 4589 ἐλπὶς,
1269 4518 1428 4574 τοῦτο
1475 4517 1572 4571 καὶ
1619 4514 1851 4570 ἐνταῦθα
1883 4531 2049 4569 καταο

478 4623 756 4690 σκευάζων
780 4660 796 4685 ,
839 4615 1020 4686 τίθησι
1051 4610 1376 4685 παράλληλα
1404 4610 1473 4664 τά
1511 4609 1755 4680 παρόντα
1779 4606 1891 4670 τοῖς
1922 4605 2049 4676 μέλ-

480 4714 653 4780 λουσι,
695 4712 758 4768 τὸ
802 4705 1120 4780 παραυτίκα
1160 4702 1299 4775 πρὸς
1340 4700 1400 4754 τὸ
1446 4700 1696 4769 αἰώνιον,
1730 4699 1791 4752 τὸ
1815 4696 2047 4767 ἐλαφρὸν

483 4804 617 4877 πρὸς
648 4803 708 4857 τὸ
737 4800 899 4872 βαρὺ,
928 4797 1027 4868 τὴν
1065 4792 1241 4862 θλῖψιν
1270 4790 1406 4863 πρὸς
1434 4791 1533 4861 τὴν
1571 4788 1748 4853 δόξαν.
1784 4787 1897 4841 Καὶ
1927 4787 2047 4840 ούδέ

472 4894 685 4957 τούτοις
714 4892 999 4962 ἀρκεῖται,
1032 4885 1148 4941 ἀλλ’
1190 4882 1384 4957 ἐτέραν
1424 4881 1609 4949 τίθησι
1648 4879 1814 4943 λέξιν,
1857 4878 2049 4934 διπλα-

475 4982 676 5047 σιάξων
699 4980 887 5049 αὐτὴν,
911 4978 1007 5033 καὶ
1027 4976 1225 5045 λέγων,
1249 4972 1387 5030 Καθ’
1410 4970 1756 5042 ὑπερϐολὴν
1768 4972 1856 5038 είς
1876 4972 2051 5040 ὑπερ-

476 5071 686 5139 ϐολήν.
716 5065 852 5123 Εἶτα
887 5069 983 5122 καὶ
1018 5066 1111 5118 τὸν
1146 5065 1350 5136 τρόπον
1396 5065 1638 5118 δείκνυσι
1671 5062 1789 5127 πῶς
1815 5061 2050 5134 ἐλαφρὸν

394 5232 404 5243 ,
480 5168 542 5223 τὸ
584 5162 693 5220 τῶν
736 5158 1004 5214 τοσούτων
1035 5155 1288 5225 θλίψεων.
1336 5155 1461 5219 Πῶς
1489 5150 1585 5211 οὖν
1632 5155 1904 5229 ἐλαφρόν;
1949 5153 2049 5223 Μὴ

474 5256 872 5316 σκοπούντων
921 5246 1091 5320 ἡμῶν
1133 5248 1206 5301 τὰ
1228 5245 1614 5316 βλεπόμενα,
1656 5248 1822 5303 ἀλλὰ
1854 5249 1927 5302 τὰ
1961 5245 2049 5318 μὴ

472 5352 842 5422 βλεπόμενα.
871 5341 1029 5399 οὕτω
1066 5339 1163 5394 καὶ
1189 5336 1349 5393 τοῦτο
1390 5337 1592 5409 κοῦφον
1614 5338 1678 5393 τὸ
1722 5339 1916 5411 παρὸν,
1946 5340 2049 5393 κά-

474 5444 620 5498 κεῖνο
643 5441 789 5513 μέγα
806 5433 868 5492 τὸ
891 5433 1107 5508 μέλλον,
1136 5430 1202 5487 ἂν
1221 5429 1331 5485 τῶν
1353 5429 1650 5501 ὁρωμένων
1670 5430 2052 5501 ἀπαγάγωμεν

474 5528 722 5595 ἑαυτούς.
758 5526 835 5583 Τὰ
879 5524 991 5596 γὰρ
1033 5522 1388 5592 ,βλεπόμενα
1433 5523 1793 5592 πρόσκαιρα.
1842 5520 2052 5575 Οὐκοῦν

470 5617 567 5676 καὶ
584 5620 641 5670 αἱ
661 5616 870 5685 θλίψεις
886 5612 1152 5668 τοιαῦται.
1182 5613 1259 5666 Τὰ
1271 5610 1342 5665 δὲ
1350 5628 1437 5681 μη
1452 5612 1807 5680 ,βλεπόμενα
1823 5608 2048 5668 αἰώνια.

475 5706 682 5773 οὐκοῦν
713 5706 806 5759 καὶ
846 5705 895 5756 οἱ
929 5702 1182 5771 στέφανοι
1220 5700 1474 5755 τοιοῦτοι.
1506 5701 1616 5755 Καὶ
1645 5699 1745 5756 οὐκ
1773 5694 1944 5761 εἴπεν.
1978 5701 2045 5754 Δί

1093 318 1452 383 SJOANNlS
1488 312 1976 374 CHRYSOSTOMI
2010 313 2331 374 ARCUIEP.
2368 304 2916 373 CONSTANTINOP.

3552 302 3669 364 462

2106 432 2311 501 θλίψεις
2336 427 2604 491 τοιαῦται,
2642 425 2800 492 ἀλλὰ,
2849 424 2927 478 Τὰ
2947 421 3299 490 βλεπόμενα
3334 417 3531 485 πάντα,
3557 422 3673 476 κάν

2102 523 2321 586 κόλασις
2353 517 2410 594 ᾖ,
2444 520 2546 573 κᾶν
2579 518 2901 578 ἀνάπαυσις·
2944 512 3085 566 ὥστε
3115 512 3251 582 μήτε
3285 508 3495 564 ἐκεῖθεν
3531 528 3666 583 χαυ-

2101 613 2351 676 νοῦσθαι,
2396 612 2532 681 μήτε
2573 606 2822 661 ἐντεῦθεν
2858 605 3160 676 βιάζεσθαι.
3199 605 3297 656 Διά
3342 603 3500 658 τοῦτο
3543 604 3666 658 οὐδὲ

2104 705 2234 776 περὶ
2259 703 2366 757 τῶν
2401 701 2702 773 μελλόντων
2732 698 2925 766 λέγων.
2956 692 3130 761 εἶπεν,
3173 695 3236 748 ’Π
3268 694 3514 765 βασιλεία
3545 694 3672 748 αἰῶ·

2103 812 2234 859 νιος,
2263 792 2418 859 ἀλλὰ,
2446 793 2520 848 Τὰ
2532 790 2619 862 μὴ
2636 790 2988 858 ,βλεπόμενα
3008 784 3236 848 αἰώνια,
3264 785 3368 839 κᾶν
3400 784 3667 855 βασιλεία,

2105 889 2207 942 κᾶν
2256 883 2544 959 κόλασιςῇ
2595 884 2776 938 πάλιν*
2815 881 2956 935 ὥστε
3006 879 3099 933 καῖ¹
3150 877 3358 932 ἐκεῖθεν
3409 879 3670 950 φοδῆσαι,

2105 979 2200 1031 καὶ
2243 978 2421 1030 ἐκεῖσε
2466 972 2896 1046 προτρέψασθαι.
2942 968 3098 1023 Ἐπεὶ
3128 962 3220 1021 οὖν
3258 967 3328 1022 τά
3362 967 3674 1039 βλεπόμενα

2108 1068 2438 1141 πρόσκαιρα,
2464 1067 2535 1119 τὰ
2554 1065 2611 1120 δέ
2642 1065 2719 1136 μὴ
2751 1061 3055 1134 βλεπόμενα
3082 1060 3296 1123 αἰώνια,
3325 1060 3461 1130 πρὸς
3488 1062 3673 1115 ἐκεῖνα

2110 1161 2417 1232 βλέπωμεν.
2450 1158 2615 1212 Ποίαν
2647 1157 2755 1226 γὰρ
2793 1154 2889 1211 καὶ
2935 1153 3194 1225 σχοίημεν
3233 1150 3562 1221 ἀπολογίαν,
3603 1154 3675 1207 τὰ

2110 1253 2423 1323 πρόσκαιρα
2448 1249 2569 1302 ἀντὶ
2595 1247 2704 1299 τῶν
2730 1243 2963 1299 αἰωνίων
2983 1241 3325 1313 αἰρούμενοι;
3356 1242 3420 1297 Εἰ
3443 1242 3551 1312 γὰρ
3575 1246 3676 1297 καὶ

2108 1344 2169 1397 τὸ
2209 1342 2378 1415 παρὸν
2412 1341 2531 1411 ήδὺ,
2562 1336 2679 1394 ἀλλ’
2706 1339 2767 1393 οὐ
2802 1337 3064 1409 διηνεκέςο
3097 1334 3158 1389 τὸ
3197 1336 3380 1406 μέντοι
3418 1336 3675 1408 ὀδυνηρὸν

2110 1428 2298 1494 αὐτοῦ,
2325 1425 2572 1497 διηνεκὲς
2597 1426 2690 1478 καὶ
2709 1424 3112 1493 ἀσύγγνωστον.
3143 1421 3310 1474 Ποίαν
3334 1421 3442 1492 γάρ
3461 1420 3676 1486 ἕξουσιν

2110 1518 2407 1587 ἀπολογίαν
2427 1519 2473 1570 οἰ
2502 1518 2808 1588 πνεύματος
2833 1513 3260 1582 καταξιωθέντες
3290 1514 3384 1567 καὶ
3408 1513 3678 1584 τοσαύτης

2112 1609 2517 1673 ἀπολαύσαντες
2541 1609 2768 1678 δωρεᾶς,
2806 1608 2902 1662 καὶ
2931 1606 3258 1678 χαμαίζηλοι
3284 1607 3555 1675 γινόμενοι
3582 1603 3680 1658 καὶ

2114 1699 2547 1762 καταπίπτοντες
2568 1698 2704 1769 πρὸς
2718 1697 2819 1768 τὴν
2842 1696 2946 1767 γῆν
2965 1714 2981 1762 ;
3008 1695 3117 1749 Καὶ
3141 1695 3248 1766 γὰρ
3266 1694 3475 1748 πολλῶν
3496 1693 3680 1747 ἀκούω

2113 1791 2379 1859 λεγόντων
2405 1789 2474 1843 τὰ
2496 1787 2874 1858 καταγέλαστα
2893 1786 3064 1840 ταῦτα
3086 1787 3151 1856 ρή
3160 1801 3322 1856 ματα·
3349 1784 3447 1846 Δός
3470 1801 3559 1855 μοι
3581 1783 3682 1854 τήν

2116 1882 2380 1953 σήμερον,
2413 1879 2508 1933 καὶ
2526 1879 2659 1934 λάϐε
2689 1877 2789 1950 τὴν
2819 1875 3027 1948 αὔριον.
3068 1877 3166 1928 Ἂν
3197 1875 3297 1945 μὲν
3326 1875 3434 1947 γὰρ
3459 1873 3685 1927 τοιαῦτα

2113 1967 2172 2044 ᾖ,
2199 1966 2387 2041 φησὶν,
2413 1966 2502 2023 οἶα
2526 1969 2619 2023 καί
2647 1985 2806 2038 φατε,
2831 1970 2967 2033 ἐκεῖ,
2991 1966 3048 2019 ἐν
3077 1965 3191 2020 ἀνθ’
3215 1965 3333 2029 ἐνὸς
3354 1964 3594 2033 γέγονεν’
3615 1964 3684 2017 ἄν

2114 2062 2171 2116 δέ
2199 2061 2365 2133 μηδὲν
2394 2060 2531 2135 ὅλως
2561 2056 2619 2134 ᾖ,
2644 2054 2737 2113 δύο
2776 2057 2888 2113 ἀντ’
2916 2056 3149 2120 οὐδενός.
3191 2055 3256 2108 Τί
3286 2055 3394 2109 τῶν
3425 2053 3685 2126 ῥημάτων

2116 2151 2323 2207 τούτων
2362 2148 2851 2224 παρανομώτερον;
2881 2147 2935 2201 τί
2966 2147 3023 2201 δέ
3058 2143 3208 2218 [501]
3248 2144 3687 2217 ληρωδέστερονς

2129 2244 2323 2315 Ἡμεῖς
2349 2242 2481 2313 περὶ
2517 2241 2576 2294 ού
2587 2239 2749 2312 ρανοῦ
2778 2239 3159 2307 διαλεγόμεθα,
3187 2237 3282 2292 καλ⁸
3306 2237 3414 2289 τῶν
3440 2237 3689 2309 ἀπορρήο

2117 2353 2227 2390 των
2258 2333 2480 2403 ἀγαθῶν
2531 2332 2784 2386 ἐκείνωνο
2812 2332 2908 2385 καὶ
2947 2328 3113 2383 συτά
3157 2328 3266 2381 τῶν
3317 2325 3690 2398 ίπποδρομίων

2119 2428 2254 2499 ήμῖν
2287 2425 2441 2495 ἄγεις
2474 2425 2554 2489 εἰς
2603 2423 2802 2495 μέσον,
2834 2422 2927 2475 καὶ
2956 2421 3058 2474 ούκ
3100 2418 3332 2492 αἰσχύνῃ
3368 2418 3489 2472 ούδέ
3520 2419 3690 2486 ἐγκα-

2118 2518 2297 2592 λύπτῃ
2336 2515 2559 2571 τοιαῦτα
2605 2513 2995 2585 φθεγγόμενος,
3038 2510 3075 2565 ἀ
3119 2511 3227 2565 τῶν
3267 2509 3691 2581 παραπαιόντων

2121 2610 2300 2675 ἐστίν;
2345 2608 2447 2663 οὐκ
2482 2605 2759 2679 ἐρυθριᾷς,
2801 2602 2944 2658 οὕτω
2979 2602 3401 2673 προσηλωμένος
3431 2605 3543 2666 τοῖς
3586 2617 3693 2655 παο

2127 2699 2337 2772 ροῦσιν;
2365 2698 2426 2751 ού
2464 2695 2646 2767 παύσῃ
2693 2691 3061 2764 παραφρονῶν
3088 2689 3186 2745 καὶ
3215 2690 3549 2762 ἐξεστηκὼς,
3597 2693 3694 2745 καὶ

2122 2794 2182 2845 ἐν
2212 2791 2424 2859 νεότητι
2454 2787 2672 2859 ληρῶν;
2704 2786 2815 2840 Καὶ
2845 2785 2907 2838 τὸ
2947 2784 3044 2855 μὲν
3092 2783 3358 2853 Ἕλληνας
3389 2782 3562 2836 ταῦτα
3607 2783 3695 2836 λέ-

2123 2901 2241 2954 γειν
2265 2923 2279 2949 ,
2319 2882 2471 2937 οὐδὲν
2524 2878 2853 2951 θαυμαστόν·
2901 2879 2963 2932 τὸ
3009 2876 3068 2930 δέ
3119 2878 3343 2940 πιστοὺς
3375 2876 3693 2947 ἀνθρώπους

2123 2973 2346 3028 τοιαῦτα
2383 2972 2588 3044 ληρεῖν,
2625 2969 2785 3023 ποίαν
2829 2968 2942 3040 ἔχει
2971 2966 3336 3038 συγγνώμην;
3379 2966 3558 3029 Ὄλως
3583 2966 3694 3036 γὰρ

2126 3063 2454 3127 ὑποπτεύεις
2499 3062 2598 3124 τὰς
2647 3060 2946 3124 ἀθανάτους
2993 3058 3213 3123 ἐλπίδας
3260 3057 3510 3123 ἐκείνας;
3557 3058 3697 3120 ὅλως

2127 3155 2371 3228 νομίζεις
2396 3152 2674 3225 ἀμφίϐολα
2703 3151 2876 3205 ταῦτα
2905 3146 3080 3217 sint;
3113 3151 3209 3204 καὶ
3236 3149 3340 3203 ποῦ
3368 3149 3538 3203 ταῦτα
3570 3148 3697 3215 ἀξια

2130 3246 2496 3318 συγγνώμηςς
2541 3243 2651 3298 Καλ⁸
2679 3243 2763 3307 τίς
2793 3239 2947 3313 ἦλθε,
2991 3241 3146 3311 φησὶ,
3175 3241 3272 3294 καὶ
3300 3239 3601 3308 ἀπήγγειλε
3631 3238 3699 3291 τὰ

2130 3338 2353 3405 αύτόθι;
2395 3336 2726 3409 Ἀνθρώπων
2756 3336 2854 3405 μέν
2892 3333 3089 3397 οὐδεὶς,
3114 3334 3143 3386 ό
3170 3332 3304 3396 Θεὸς
3334 3331 3390 3385 δὲ
3418 3333 3447 3386 ό
3480 3331 3699 3384 πάντων

2130 3429 2569 3500 ἀξιοπιστότερος
2599 3426 2774 3482 ταῦτα
2804 3425 3141 3496 ἀπεφήνατο.
3185 3422 3325 3476 Ἀλλ’
3348 3422 3446 3493 ούχ
3477 3423 3607 3493 ὁρᾷς
3629 3420 3701 3473 τὰ

2135 3525 2286 3588 ἐκεῖ;
2314 3521 2449 3577 Ούδέ
2478 3520 2588 3592 γάρ
2608 3519 2701 3573 τὸν
2726 3518 2857 3571 Θεὸν
2886 3517 3123 3588 βλέπεις
3153 3510 3242 3587 ἀρ’
3271 3509 3363 3568 οὖν
3391 3515 3487 3583 οὐχ
3518 3513 3701 3583 ήγήσῃ

2134 3610 2271 3670 εἶναι
2292 3614 2445 3678 Θεὸν,
2475 3598 2556 3666 ὅτι
2581 3615 2657 3683 μὴ
2681 3612 2841 3683 δρᾷς;
2871 3611 2981 3664 Καὶ
3001 3608 3203 3680 σφόδρα
3225 3604 3481 3678 ήγοῦμαι,
3504 3603 3694 3673 φησίν.

2206 3707 2383 3776 γ’.“Αν
2404 3700 2497 3758 οὖν
2519 3722 2577 3757 σε
2597 3702 2787 3775 ἔρηταί
2802 3715 2885 3764 τις
2907 3700 3013 3753 τῶν
3032 3696 3290 3763 ἀπίστων,
3305 3696 3418 3752 Καὶ
3438 3693 3520 3758 τίς
3533 3689 3700 3767 ἦλθεν

2134 3800 2242 3855 ἀπὸ
2270 3799 2362 3852 τοῦ
2390 3796 2639 3870 οὐρανοῦ,
2670 3796 2763 3849 καὶ
2791 3794 2963 3848 ταῦτα
2980 3789 3370 3863 ἀπήγγειλε,τί
3396 3790 3577 3860 ἐρεῖς;
3607 3788 3706 3841 πό-

2136 3891 2227 3945 θεν
2244 3887 2400 3943 οἷσθα
2421 3890 2503 3941 ὅτι
2526 3887 2642 3940 ἔστι
2674 3885 2840 3949 Θεόςς
2884 3884 3018 3938 Ἀπὸ
3043 3883 3150 3936 τῶν
3178 3881 3490 3953 δρωμένων,
3515 3874 3703 3951 φησὶν,

2136 3979 2246 4036 ἀπὸ
2273 3982 2371 4051 τῆς
2424 3977 2680 4042 εὐταξίας
2711 3976 2810 4045 τῆς
2838 3976 2896 4029 ἐν
2922 3975 3070 4045 πάσῃ
3100 3975 3165 4044 τῇ
3208 3973 3404 4034 κτίσει.
3454 3972 3563 4026 ἀπὸ
3609 3970 3703 4025 τοῦ

2137 4076 2302 4128 πᾶσιν
2332 4065 2472 4125 εἶναι
2519 4069 2675 4123 τοῦτο
2701 4065 3018 4136 κατάδηλον.
3048 4062 3258 4118 Οὐκοῦν
3311 4062 3407 4116 καὶ
3432 4063 3523 4117 τὸν
3577 4063 3707 4133 περὶ

2139 4165 2371 4236 κρίσεως
2397 4161 2540 4215 οὓτω
2571 4157 2724 4229 δέχου
2755 4157 2931 4226 λόγον.
2962 4154 3088 4218 Πῶς
3113 4170 3129 4217 ς
3171 4153 3335 4223 φησίν
3355 4168 3371 4185 ο
3416 4153 3708 4224 Ἐρήσομαί

2142 4273 2223 4309 σεο
2253 4255 2315 4308 σὺ
2350 4252 2407 4305 δέ
2442 4262 2531 4322 μοι
2569 4249 2882 4319 ἀπόκριναι.
2916 4244 3130 4307 Δίκαιός
3150 4244 3300 4297 ἐστιν
3328 4238 3479 4305 οὗτος
3500 4244 3529 4295 ὁ
3555 4242 3707 4308 Θεὸς,

2140 4347 2233 4401 καί
2268 4344 2331 4398 τὸ
2366 4342 2485 4396 κατ’
2519 4340 2675 4407 ἀξίαν
2712 4338 2973 4408 ἀπονέμει
3007 4337 3238 4407 ἑκάστῳ
3291 4336 3325 4406 ἢ
3380 4336 3708 4399 τούναντίον,

2139 4437 2266 4499 τοὺς
2285 4434 2381 4506 μέν
2401 4432 2619 4495 ἀδίκους
2642 4429 2891 4500 βούλεται
2910 4428 3199 4499 εὐημερεῖν
3220 4427 3312 4479 καὶ
3331 4427 3563 4497 τρυφᾷν,
3583 4426 3711 4488 τοὺς

2139 4527 2198 4581 δὲ
2231 4524 2469 4595 ἀγαθοὺς
2504 4525 2561 4576 ἐν
2593 4522 2703 4584 τοῖς
2730 4521 2992 4584 ἐναντίοις
3020 4514 3160 4573 εῖναι
3182 4535 3197 4585 ;
3220 4516 3504 4587 Οὐδαμῶς,
3524 4517 3711 4588 φησίν·

2143 4618 2267 4672 ούδέ
2304 4616 2413 4686 γάρ
2448 4612 2736 4684 ἄνθρωπος
2760 4610 2918 4665 τοῦτο
2959 4611 3144 4665 πάθοι.
3186 4608 3294 4663 Ποῦ
3337 4605 3431 4663 οὖν
3463 4611 3510 4662 οἱ
3533 4608 3713 4674 καλῶς

2143 4705 2375 4763 ἐνταῦθα
2407 4703 2734 4775 πράξαντες,
2767 4702 2876 4755 τῶν
2905 4700 3125 4771 ἀγαθῶν
3156 4697 3553 4754 ἀπολαύσονται
3572 4717 3587 4763 ;
3609 4695 3714 4752 ποῦ

2143 4788 2200 4843 δὲ
2223 4788 2512 4855 οἰπονηροῖ
2540 4786 2647 4839 τῶν
2675 4783 3016 4847 ἐναντίων,εἰ
3035 4782 3109 4852 μή
3134 4782 3315 4852 μέλλοι
3339 4797 3421 4844 τις
3446 4780 3559 4851 ζωὴ
3575 4780 3714 4850 μετά

2143 4880 2317 4935 ταῦτα
2363 4876 2459 4932 καὶ
2511 4876 2778 4939 ἀντίδοσις
2833 4869 3010 4939 εῖναις
3061 4873 3221 4943 Ὁρᾷς
3250 4873 3330 4925 ὅτι
3362 4872 3420 4924 ἐν
3448 4873 3562 4924 ἀνθ’
3593 4871 3710 4934 ἐνὸς

2142 4971 2300 5037 τέως,
2347 4968 2443 5023 καὶ
2470 4968 2592 5039 οὐχὶ
2619 4966 2713 5020 δύο
2767 4965 2884 5019 ἀνθ’
2944 4965 3097 5030 ἐνός;
3154 4962 3294 5033 Ἐγὼ
3321 4962 3379 5016 δέ
3420 4979 3503 5015 σοι
3554 4960 3717 5028 δείξω

2143 5062 2370 5135 προῖὼν,
2401 5061 2483 5115 ὅτι
2511 5058 2631 5112 οὐδὲ
2668 5056 2727 5111 ἓν
2765 5056 2883 5111 ἀνθ’
2924 5055 3063 5121 ἐνὸς,
3113 5054 3251 5110 ἀλλά
3300 5052 3393 5107 δύο
3446 5052 3565 5106 ἀνθ’
3597 5052 3717 5117 ἐνὸς

2143 5153 2297 5208 ῐσται
2328 5153 2441 5214 τοῖς
2465 5149 2715 5214 δικαίοις,
2751 5150 2862 5212 τοῖς
2880 5147 2936 5201 δὲ
2962 5145 3308 5217 ἁμαρτωλοῖς
3332 5144 3425 5198 καὶ
3478 5142 3721 5197 ἐνταῦθα

2143 5243 2388 5315 τρυφῶσι
2411 5241 2717 5296 τούναντίον
2744 5241 2909 5295 ἅπαν.
2935 5240 2999 5293 Ol
3040 5236 3140 5309 μέν
3178 5238 3286 5310 γὰρ
3323 5234 3556 5290 ἐνταῦθα
3587 5252 3719 5307 τρυ-

2145 5335 2439 5406 φήσαντες,
2465 5332 2587 5385 ούδέ
2616 5331 2675 5385 ἓν
2703 5330 2822 5384 ἀνθ’
2852 5330 2970 5395 ἐνὸς
3022 5328 3239 5383 ἔλαϐοψ
3289 5328 3339 5381 οἰ
3363 5325 3422 5380 δέ
3460 5328 3519 5380 ἐν
3546 5326 3717 5397 ἀρετῇ

2144 5424 2440 5493 διάγοντες,
2467 5421 2561 5476 δύο
2586 5421 2704 5476 ἀνθ’
2737 5421 2876 5485 ἐνός.
2907 5421 3062 5485 Τίνες
3105 5420 3215 5488 γὰρ
3241 5418 3300 5471 ἐν
3330 5416 3534 5484 ἀνέσει,
3566 5415 3618 5468 οἰ
3639 5414 3741 5486 τῷ

2146 5513 2375 5586 παρόντι
2408 5511 2898 5585 παραχρησάμενοι
2934 5509 3056 5581 βίῳ,
3082 5509 3116 5580 ἢ
3143 5511 3193 5562 οῖ
3217 5507 3676 5578 φιλοσοφήσαντες
3700 5520 3723 5571 ;

2146 5606 2220 5659 Σὺ
2254 5603 2354 5676 μὲν
2382 5603 2511 5667 ἴσως
2527 5602 2768 5666 ἐκείνους
2797 5604 2968 5674 ἐρεῖς,
2999 5598 3111 5669 ἐγὼ
3127 5600 3184 5654 δὲ
3198 5598 3420 5661 τούτους
3446 5595 3722 5665 δείκνυμι,

2158 5695 2436 5766 μάρτυρας
2451 5694 2644 5757 αὑτοὺς
2661 5694 2900 5756 ἐκείνους
2920 5690 3120 5755 καλῶν,
3139 5691 3265 5754 τοὺς
3282 5686 3725 5750 ἀπολελαυκότας
