4098 6222
394 343 488 402 liii

392 473 423 509 e
447 454 642 524 quibus
663 470 767 508 non
787 451 1025 520 aliunde,
1045 463 1202 522 quam
1224 467 1318 522 per
1337 453 1570 510 divinam
1587 470 1764 525 opera,
1794 472 1975 513 emer-

391 561 518 617 gere
545 555 775 615 poterat.

465 637 520 690 2.
565 637 826 704 Quoniam
858 635 1017 705 igitur
1045 650 1163 705 quas
1188 644 1410 706 cognata
1455 647 1598 703 sunt,
1631 654 1872 710 magnam
1905 641 1973 696 ad

393 727 776 784 consolandum
815 728 921 780 vim
952 726 1150 781 habere
1178 730 1353 782 solent
1373 769 1388 793 ,
1417 728 1617 784 idcirco
1640 729 1773 785 dixit
1805 749 1818 785 :
1854 729 1972 784 lla-

395 824 560 876 benles
580 819 808 872 eumdem
829 818 1103 887 spiritum;
1139 818 1191 872 id
1219 828 1322 884 est,
1351 819 1540 875 eodem
1567 821 1804 876 subsidio
1827 822 1970 887 freti,

393 926 497 982 quo
523 909 612 965 ille
633 924 664 964 e
685 907 926 978 periculo
948 916 1164 979 ereptus
1185 918 1286 975 est,
1311 924 1408 963 nos
1429 925 1638 980 quoque
1657 925 1933 966 servantur
1954 927 1970 964 :

395 1017 458 1059 ex
479 1001 667 1058 eodem
695 1000 914 1070 spiritu,
941 1015 1048 1070 quo
1078 1001 1166 1080 ille
1195 1000 1444 1071 loquutus
1478 1011 1592 1072 est,
1635 1018 1733 1058 nos
1761 1018 1973 1072 quoque

397 1096 680 1165 loquimur.
712 1092 916 1160 Quibus
942 1093 1120 1148 verbis
1150 1093 1276 1148 illud
1303 1093 1572 1162 ostendit,
1622 1095 1810 1148 miram
1851 1109 1973 1151 esse

396 1191 531 1241 inter
577 1184 782 1239 Novum
834 1193 890 1238 et
934 1182 1096 1238 Vetus
1145 1183 1544 1241 Testamentum
1594 1185 1968 1250 concordiam,

395 1287 552 1347 atque
599 1274 847 1329 eumdem
893 1275 1136 1344 Spiritum
1163 1289 1284 1330 esse
1309 1318 1325 1341 ,
1365 1277 1455 1346 qui
1500 1277 1552 1332 in
1596 1285 1824 1347 utroque
1864 1278 1970 1332 vim

391 1385 540 1425 suam
581 1367 915 1423 exseruerit:
949 1366 1182 1436 illudque
1225 1377 1512 1437 pmterea,
1545 1383 1650 1422 non
1681 1384 1775 1424 nos
1825 1370 1972 1424 solos

395 1464 448 1514 in
491 1459 740 1530 periculis
782 1459 1017 1524 versari,
1063 1458 1158 1514 sed
1187 1460 1349 1514 etiam
1378 1470 1588 1515 veteres
1631 1476 1854 1526 omnes;
1901 1462 1972 1515 ob

394 1552 548 1618 idque
581 1550 683 1605 fide
711 1564 774 1603 ac
809 1565 905 1618 spe
933 1549 1140 1604 animos
1166 1550 1454 1620 erigendos
1477 1565 1616 1616 esse,
1646 1567 1746 1607 nec
1775 1568 1970 1622 urgen-

393 1643 523 1696 tium
546 1643 805 1696 malorum
839 1642 995 1696 tinem
1023 1642 1200 1696 statim
1230 1643 1533 1712 petendum.

464 1733 650 1788 Christi
688 1733 1007 1798 resurrectio,
1056 1733 1279 1786 omnium
1329 1734 1741 1789 resurrectionem
1771 1736 1967 1803 probat.

389 1853 457 1864 --
479 1824 761 1893 Postquam
789 1827 930 1878 enim
959 1824 1255 1879 rationibus
1277 1827 1728 1882 resurrectionem
1785 1843 1848 1882 ac
1888 1829 1968 1882 vi-

393 1927 496 1969 tam
523 1915 937 1979 demonstravit,
983 1915 1222 1986 illudque
1263 1917 1498 1986 insuper,
1531 1919 1765 1988 pericula
1797 1919 1967 1974 imbe-

390 2009 624 2062 cillitatis
649 2021 710 2060 ac
739 2007 1056 2062 desertionis
1082 2019 1456 2078 argumentum
1488 2025 1592 2064 non
1624 2026 1765 2078 esse,
1815 2011 1967 2067 dein-

391 2115 514 2168 ceps
537 2099 644 2168 jam
665 2098 820 2153 fidem
848 2099 1006 2154 etiam
1037 2100 1259 2167 invehit,
1282 2102 1436 2172 eique
1457 2103 1635 2158 omnia
1660 2105 1963 2158 committit.

390 2191 720 2260 Quamquam
757 2191 924 2260 ipsam
955 2208 1169 2264 qquue
1197 2203 1255 2248 ut
1285 2197 1507 2262 probet,
1556 2196 1756 2254 Christi
1786 2213 1968 2252 resur-

392 2285 684 2338 rectionem
715 2285 767 2337 in
812 2284 1043 2340 medium
1075 2286 1251 2353 affert,
1301 2303 1422 2344 cum
1453 2290 1526 2344 ait
1557 2308 1570 2343 :
1617 2289 1730 2345 NOs
1771 2308 1969 2361 quoque

387 2375 653 2440 credimus,
687 2387 895 2444 propter
911 2377 1044 2446 quod
1069 2379 1339 2446 loquimur.
1364 2381 1500 2447 Quid
1522 2381 1811 2447 credimus,
1836 2382 1969 2437 heus

392 2479 445 2522 ttt
469 2469 492 2521 ?
539 2467 687 2532 Quod
717 2471 761 2522 is
789 2470 876 2539 qui
900 2470 1153 2523 Christum
1179 2473 1457 2536 suscitavit,
1491 2489 1580 2527 nos
1605 2475 1757 2528 etiam
1783 2474 1976 2527 excita-

388 2563 455 2614 bit
483 2571 530 2615 et
555 2563 819 2615 constituet
840 2562 1110 2617 uobiscum.
1148 2565 1232 2617 15.
1262 2566 1446 2618 Omnia
1471 2567 1602 2618 enim
1625 2577 1828 2634 propter
1856 2583 1964 2631 vos,

388 2664 440 2705 ut
469 2655 632 2724 gratia
660 2653 926 2707 abundans
953 2695 967 2718 ,
1017 2671 1104 2722 per
1135 2656 1316 2709 mullos
1353 2657 1406 2709 in
1452 2657 1733 2726 gratiarum
1771 2658 1968 2710 actione

387 2745 604 2798 abundet
634 2746 685 2798 in
713 2746 927 2815 gloriam
960 2745 1074 2800 Dei.
1107 2746 1315 2800 Rursus
1341 2748 1551 2802 animos
1577 2764 1764 2803 eorum
1789 2749 1964 2815 effert,

387 2847 567 2892 utnon
601 2838 902 2892 hominibus
927 2841 1146 2907 gratiam
1179 2839 1437 2907 habeant,
1473 2839 1576 2896 hoc
1620 2851 1700 2897 est
1723 2883 1738 2906 ,
1766 2844 1964 2912 pseud-

387 2928 663 2999 apostolis.
692 2929 804 2984 lloc
829 2931 972 2985 enim
1018 2941 1184 2986 totum
1214 2931 1307 2986 Dei
1338 2941 1421 2986 est
1445 2973 1461 3000 ,
1489 2932 1578 3004 qui
1603 2934 1966 3003 compluribus

385 3022 668 3090 gratificari
699 3023 810 3077 vult
837 3032 893 3077 ut
927 3024 1096 3093 major
1119 3027 1287 3094 gratia
1318 3034 1592 3096 appareat.
1625 3026 1844 3096 Propter
1870 3043 1965 3082 vos

387 3113 578 3181 quippe
605 3123 657 3166 et
707 3114 1032 3169 resurrectio
1077 3116 1244 3186 ipsius
1273 3118 1507 3183 exstitit,
1545 3127 1598 3173 et
1626 3128 1816 3174 (vetera
1845 3135 1962 3172 om-

387 3203 492 3256 nia.
523 3203 705 3273 Neque
736 3205 878 3259 enim
919 3206 1072 3260 unius
1101 3207 1375 3263 dumtaxat
1407 3211 1635 3265 hominis
1665 3227 1822 3266 causa
1852 3212 1964 3266 lucc

387 3292 532 3358 fecit,
556 3296 649 3350 sed
680 3297 939 3351 omnium.
973 3298 1060 3353 16.
1093 3297 1312 3368 Pmpter
1355 3303 1490 3371 quod
1517 3320 1618 3356 non
1665 3303 1964 3372 deﬁcimus;

386 3385 474 3437 sed
499 3386 611 3439 licet
640 3388 704 3452 is,
742 3389 828 3457 qui
855 3390 980 3460 foris
1006 3399 1099 3455 est,
1130 3402 1300 3445 noster
1325 3395 1475 3448 homo
1496 3397 1852 3464 corrumpitur,
1881 3406 1962 3448 ta-

388 3495 500 3532 men
526 3481 586 3544 is,
619 3483 702 3550 qui
731 3482 868 3535 intus
901 3493 994 3549 est,
1024 3496 1294 3538 renovatur
1331 3486 1392 3539 de
1417 3488 1497 3540 die
1525 3489 1577 3541 in
1619 3491 1772 3542 diem.
1820 3489 1964 3556 Quo-

383 3570 543 3625 modo
569 3574 963 3642 corrumpitur?
991 3574 1122 3629 Cum
1153 3575 1333 3646 ﬂagris
1357 3578 1606 3644 caeditur,
1639 3580 1958 3650 exagitetur,

385 3663 652 3718 sexcentis
679 3663 1059 3721 acerbitatibus
1100 3663 1350 3722 afficitur.
1383 3665 1441 3725 Is
1477 3679 1643 3724 tamen
1666 3711 1681 3734 ,
1712 3673 1796 3740 qui
1827 3673 1962 3726 intus

384 3763 476 3818 est,
502 3764 772 3807 renovatur
796 3755 859 3808 de
887 3757 968 3809 die
1008 3757 1062 3810 in
1102 3757 1255 3811 diem.
1283 3758 1400 3824 Quo
1442 3768 1596 3828 pacto
1641 3763 1962 3815 renovatur?

384 3843 534 3910 Fide,
564 3860 678 3916 spe,
712 3846 874 3899 animi
909 3847 1348 3917 promptitudine.
1375 3850 1558 3905 Restat
1599 3851 1778 3921 igitur,
1810 3863 1864 3907 ut
1895 3853 1962 3907 ad

383 3939 618 4005 pericula
638 3940 957 4009 intrepidum
977 3943 1214 3996 animum
1231 3941 1538 3998 efferamus.
1557 3946 1672 4011 Quo
1692 3946 1832 4000 enim
1853 3947 1963 4017 plu-

384 4028 533 4082 ribus
553 4030 903 4084 incommodis
915 4046 1108 4101 corpus
1124 4032 1424 4099 divcxatur,
1444 4049 1509 4089 eo
1527 4035 1714 4090 laetiori
1735 4051 1829 4106 spe
1849 4039 1961 4091 ani-

384 4136 508 4174 mus
538 4120 748 4186 fruitur,
777 4138 836 4177 ac
865 4123 1198 4192 splendidior
1219 4123 1467 4189 efficitur,
1487 4141 1591 4180 non
1621 4141 1775 4182 secus
1802 4138 1962 4196 atque

384 4226 596 4277 aurum,
628 4213 709 4266 cui
737 4213 872 4282 ignis
895 4213 1094 4268 diutius
1124 4213 1424 4269 adhibetur.
1453 4217 1530 4270 Ac
1554 4216 1676 4271 vide
1694 4217 1962 4287 quomodo

384 4305 668 4371 praesentis
687 4306 808 4359 vita:
830 4306 1103 4362 molestias
1127 4306 1416 4378 abstergat.
1447 4309 1534 4362 17.
1579 4308 1645 4362 Id
1672 4311 1802 4363 enim
1827 4309 1964 4380 quod

385 4397 436 4448 in
464 4397 695 4465 prwsenti
726 4405 797 4451 est
842 4407 1246 4452 momentaneum
1272 4415 1331 4452 ac
1356 4399 1460 4452 leve
1503 4399 1842 4456 tribulationis
1868 4419 1964 4456 no-

383 4498 521 4553 stra,
539 4505 696 4558 supra
714 4490 916 4543 modum
929 4491 980 4544 in
997 4491 1303 4545 sublimitate
1319 4501 1561 4546 teternum
1577 4494 1755 4564 gloria!
1766 4495 1962 4564 pondus

385 4592 624 4650 operatur
639 4583 690 4635 in
711 4583 872 4645 nobis,
894 4583 983 4638 18.
1008 4601 1109 4637 non
1129 4583 1581 4653 contemplantibus
1597 4585 1739 4639 nobis
1755 4603 1867 4654 qua:
1887 4588 1962 4640 vi-

386 4672 587 4738 dentur,
615 4675 703 4726 sed
725 4689 838 4741 qua:
858 4690 956 4727 non
978 4674 1227 4728 uidentur.
1255 4673 1360 4743 Spe
1383 4675 1650 4744 negotium
1679 4678 1959 4743 conclusit,

386 4763 632 4833 quodque
645 4766 693 4818 in
712 4766 934 4834 epistola
951 4765 1017 4818 ad
1037 4765 1306 4819 Romanos
1321 4764 1533 4820 dicebat
1553 4783 1565 4820 :
1589 4765 1830 4837 Spesatvi
1844 4769 1966 4838 facti

385 4871 558 4908 sumus
581 4871 598 4918 ;
625 4871 737 4922 spes
767 4865 930 4908 autent
957 4871 1070 4924 qute
1106 4855 1302 4910 videtur
1331 4873 1430 4910 non
1460 4867 1532 4910 est
1559 4873 1673 4927 spes
1698 4857 1874 4926 (Rom.
1908 4863 1961 4912 8.

385 4945 482 5015 24')
508 4964 521 5000 :
545 4945 647 5001 hoc
673 4947 831 5001 etiam
861 4947 945 5002 hic
973 4948 1254 5003 adstruens
1277 4991 1290 5014 ,
1327 4949 1605 5017 prmsentia
1629 4964 1748 5002 cum
1778 4949 1966 5004 futuris

388 5039 693 5108 componit:
737 5053 972 5108 prmsens
1009 5055 1128 5095 cum
1171 5050 1404 5105 interno,
1452 5040 1570 5095 leve
1613 5054 1731 5093 cum
1773 5040 1961 5109 gravi,

386 5131 782 5186 tribulationem
825 5147 945 5187 cum
991 5133 1179 5202 gloria.
1223 5135 1302 5188 Ac
1329 5149 1394 5188 ne
1426 5132 1528 5187 hoc
1565 5131 1780 5202 quidem
1832 5145 1963 5186 con-

391 5234 588 5289 tentus,
613 5226 837 5278 alteram
867 5239 1050 5279 vocem
1076 5225 1331 5295 adjungit,
1361 5240 1585 5294 eamque
1607 5223 1964 5293 conduplicat,

386 5333 505 5370 cum
528 5317 600 5370 ait
624 5332 640 5369 ε
671 5316 844 5384 Supra
869 5316 1072 5369 modum
1094 5317 1146 5369 in
1171 5316 1492 5370 sublimitate.
1519 5315 1719 5371 Deinde
1749 5314 1965 5370 modum

360 5389 640 5473 declarat,
667 5425 772 5478 quo
794 5417 871 5463 tot
891 5423 952 5464 ac
971 5418 1128 5463 tanta:
1149 5407 1465 5463 afﬂictiones
1484 5409 1629 5464 leves
1645 5406 1962 5486 efﬁciantur.

385 5498 630 5564 Quonam
659 5499 816 5568 igitur
841 5499 999 5552 modo
1032 5497 1315 5554 levantur?
1350 5497 1470 5552 Non
1514 5496 1966 5566 contemplantibus

386 5589 530 5643 nobis
550 5603 663 5658 qua:
683 5587 933 5654 videntur,
963 5587 1051 5642 sed
1075 5602 1188 5655 qua:
1215 5602 1315 5640 non
1343 5587 1593 5640 videntur.
1618 5585 1691 5640 ita
1716 5587 1965 5640 nimirum

386 5690 444 5735 et
469 5687 763 5750 praesentes
791 5680 1048 5735 molestia!
1076 5679 1220 5734 leves
1243 5719 1259 5743 ,
1297 5688 1352 5733 ct
1391 5679 1624 5734 futurum
1656 5678 1788 5734 illud
1827 5693 1965 5748 prae-

390 5773 555 5830 mium
581 5772 768 5843 ingens
792 5771 914 5839 erit,
958 5772 1000 5825 si
1031 5787 1060 5826 a
1093 5771 1388 5826 visibilibus
1420 5785 1516 5825 nos
1559 5769 1956 5826 :tbduxcrimus.

1347 341 1412 398 IN
1451 341 1664 401 EPIST.
1705 342 1748 399 11
1809 345 1900 401 AD
1936 347 2090 405 COR.
2133 348 2361 409 HOMIL.
2405 354 2494 410 IX.

3559 377 3670 431 ιω

2086 461 2216 528 Qua:
2239 467 2372 518 enim
2400 467 2634 522 uidentur
2657 475 2964 542 temporaria
2991 487 3127 531 sunt.
3152 478 3293 551 Ergo
3314 492 3368 538 et
3393 485 3656 554 ejusmodi

2078 562 2204 608 sunt
2239 556 2574 616 afflictiones.
2619 562 2748 629 Quae
2788 576 2954 622 autem
2999 587 3099 624 non
3142 573 3393 644 videntur,
3447 590 3656 638 caterua.

2079 644 2244 716 Igitur
2256 659 2311 703 et
2326 663 2538 706 corona:
2549 669 2760 724 quoque
2778 658 2929 714 tales.
2948 659 3055 715 Nec
3070 662 3226 728 dixit,
3247 667 3400 723 Tales
3417 683 3538 726 sunt
3563 681 3658 727 tri-

2078 734 2398 805 bulationes,
2421 741 2536 806 sed,
2568 743 2696 808 Qua:
2725 747 2950 802 ridentur
2972 753 3170 818 omnia,
3193 755 3304 809 sive
3339 762 3655 828 supplicium

2079 826 2246 890 dicas,
2270 829 2384 883 sive
2410 832 2638 898 quietem
2667 853 2679 888 :
2709 845 2765 890 ut
2790 853 2895 892 non
2922 840 2991 894 sit
3017 856 3114 896 cur
3133 853 3224 898 aut
3257 845 3381 902 hinc
3405 826 3647 908 emollia-

2078 916 2176 982 ris,
2198 928 2290 973 aut
2311 920 2458 977 illinc
2481 922 2757 994 frangaris.
2781 927 3038 994 Quocirca
3065 949 3164 990 nec
3190 938 3258 991 de
3285 936 3475 993 futuris
3496 944 3659 998 verba

2075 1006 2298 1077 faciens,
2327 1013 2480 1081 dixit,
2508 1017 2749 1088 Regnum
2775 1031 3067 1092 internum;
3097 1027 3188 1082 sed
3209 1070 3222 1092 ,
3274 1030 3402 1094 Qute
3437 1050 3536 1086 non
3579 1036 3656 1089 ei-

2079 1100 2280 1167 deutur,
2311 1115 2501 1160 aeterna
2525 1120 2659 1175 sunt,
2693 1112 2807 1165 sive
2835 1128 3052 1184 regnum
3081 1119 3181 1184 sit,
3206 1120 3317 1174 sive
3341 1125 3605 1180 cruciatus
3639 1143 3653 1179 :

2079 1205 2136 1247 ut
2155 1203 2210 1250 et
2231 1195 2355 1252 hinc
2379 1207 2636 1255 terrorem
2665 1203 2817 1258 nobis
2843 1205 3083 1274 incutiat,
3103 1219 3158 1262 et
3179 1210 3322 1266 illinc
3345 1229 3442 1268 nos
3461 1215 3657 1269 adhor-

2081 1293 2237 1341 tetttr.
2270 1289 2402 1344 Cum
2429 1292 2587 1361 igitur
2605 1309 2720 1364 qua:
2752 1296 3000 1352 videntur
3025 1303 3332 1370 temporalia
3363 1305 3463 1358 sint
3483 1347 3496 1370 ,
3538 1325 3658 1376 qua:

2077 1385 2252 1431 autem
2281 1395 2385 1434 non
2409 1380 2670 1446 videntur,
2699 1393 2918 1449 attenta,
2943 1388 3004 1440 ad
3039 1389 3151 1443 h:ec
3179 1393 3452 1447 oculorum
3483 1398 3652 1450 aciem

2078 1469 2435 1528 intendamus.
2470 1475 2647 1544 Ecqua
2672 1477 2813 1530 enim
2843 1479 2996 1532 nobis
3025 1484 3303 1538 excusatio
3327 1484 3499 1540 futura
3547 1498 3650 1550 et.

2076 1561 2120 1613 si
2166 1561 2306 1616 ﬂuxa
2341 1566 2682 1635 sempiternis
2712 1571 3141 1638 prartulerimus?
3192 1573 3322 1629 Nam
3353 1579 3450 1631 etsi
3492 1594 3655 1634 suave

2076 1654 2318 1722 estquod
2349 1671 2584 1724 prtesens
2622 1669 2731 1723 est,
2761 1677 2864 1716 non
2896 1673 2978 1718 cst
3006 1674 3180 1721 tamen
3209 1679 3558 1738 perpetuum;
3605 1682 3659 1728 at

2077 1745 2372 1814 acerbitas,
2423 1765 2540 1819 qua:
2593 1767 2659 1806 ex
2708 1753 2805 1809 hac
2849 1760 3112 1812 suavitate
3148 1761 3404 1827 nascitur,
3453 1779 3552 1819 nec
3592 1765 3657 1818 fi-

2077 1852 2198 1892 nem
2250 1839 2408 1895 habet
2449 1858 2549 1898 nec
2595 1840 2822 1900 veniam.
2857 1850 3025 1914 Quam
3073 1852 3214 1905 enim
3257 1858 3654 1912 excusationem

2077 1927 2308 1984 habituri
2340 1942 2483 1999 sunt,
2512 1935 2624 2004 qui,
2649 1951 2770 1990 cum
2794 1938 3035 2006 spiritum
3064 1945 3366 2012 acceperint
3403 1954 3655 2016 tantoque

2076 2019 2338 2077 beneficio
2358 2023 2529 2080 affecti
2553 2026 2679 2093 sint,
2703 2028 2923 2097 abjectis
2946 2039 3145 2085 tantum
3169 2034 3328 2089 rebus
3345 2035 3656 2091 incumbunt

2075 2121 2235 2181 atque
2273 2114 2324 2168 in
2355 2123 2494 2170 terra
2522 2117 2898 2173 collabuntur?
2930 2120 3138 2176 Etenim
3168 2126 3470 2194 complures
3498 2128 3656 2182 audio

2075 2205 2163 2273 qui
2188 2204 2428 2260 ridiculis
2463 2206 2610 2262 hisce
2645 2209 2820 2262 verbis
2852 2219 3071 2266 utuntur
3103 2231 3117 2266 :
3161 2213 3235 2267 Da
3265 2215 3394 2268 mihi
3436 2216 3653 2272 hodier-

2075 2313 2200 2352 num
2230 2297 2390 2363 diem,
2419 2307 2473 2353 et
2494 2307 2548 2352 ttt
2569 2301 2859 2354 crastinum
2902 2317 3073 2358 sume.
3102 2303 3232 2358 Nam
3261 2307 3306 2359 si
3337 2307 3454 2361 talis
3491 2316 3575 2364 est
3600 2309 3653 2363 in

2075 2387 2252 2442 futuro
2282 2405 2400 2443 :evo
2441 2406 2617 2444 rerum
2657 2399 2827 2446 status
2846 2434 2860 2458 ,
2887 2394 3096 2462 qualem
3125 2396 3300 2450 dicitis
3320 2439 3334 2456 .
3366 2414 3524 2452 unum
3558 2415 3655 2469 pr.

2074 2495 2180 2533 uno
2211 2478 2370 2534 fuerit
2404 2499 2417 2534 :
2451 2481 2493 2534 si
2523 2496 2650 2535 vero
2674 2497 2740 2536 ex
2771 2483 2833 2535 iis
2865 2484 2992 2537 nihil
3019 2487 3240 2539 omnino
3269 2497 3386 2552 est,
3426 2489 3532 2542 duo
3559 2504 3655 2558 pro

2073 2570 2242 2624 nihilo
2272 2581 2448 2627 erunt.
2481 2572 2618 2640 Quid
2665 2573 2747 2628 his
2772 2575 2991 2629 vocibus
3017 2577 3330 2632 sceleratius
3349 2619 3364 2643 ,
3394 2581 3518 2648 quid
3551 2581 3648 2634 de-

2073 2663 2302 2716 mentius
2333 2663 2454 2733 fingi
2502 2664 2718 2732 potest?
2759 2663 2870 2720 Nos
2912 2665 2981 2722 de
3022 2668 3154 2720 cmlo
3191 2667 3498 2723 disserimus
3528 2711 3540 2730 .
3585 2671 3652 2726 de

2071 2756 2280 2808 arcanis
2309 2763 2363 2808 et
2387 2754 2744 2810 ineff‘abilibus
2763 2756 2869 2810 illis
2891 2757 3045 2812 bonis
3068 2775 3082 2823 ;
3112 2768 3165 2812 et
3189 2770 3242 2813 tu
3267 2761 3424 2815 verba
3453 2778 3484 2816 e
3508 2762 3653 2817 circo

2071 2845 2230 2915 petita
2267 2847 2317 2899 in
2350 2845 2582 2900 medium
2613 2845 2839 2914 profers,
2873 2863 2970 2902 nec
3002 2849 3201 2916 pudore
3231 2850 3552 2906 sulfunderis
3590 2867 3650 2907 ea

2071 2937 2429 3006 proloqucns,
2469 2951 2588 3004 qua:
2631 2947 2811 2992 mente
2860 2947 3137 3007 captorum
3191 2940 3462 2994 hominum
3495 2952 3649 3007 sunt,

2071 3041 2170 3081 nec
2213 3026 2516 3092 erubescis,
2563 3029 2913 3096 przesentibus
2960 3030 3119 3084 rebus
3165 3031 3233 3083 ita
3281 3031 3515 3086 infixus?
3545 3047 3649 3085 non

2069 3116 2314 3186 desipere
2340 3131 2402 3170 ac
2430 3125 2606 3171 mente
2634 3117 2894 3172 excedere
2939 3119 3154 3174 desines
3179 3161 3194 3186 ,
3226 3131 3384 3191 atque
3414 3123 3464 3176 in
3499 3122 3652 3191 juve-

2068 3207 2159 3261 nili
2192 3216 2348 3262 tetate
2376 3206 2648 3261 delirare?
2677 3207 2828 3274 Quod
2859 3209 2904 3262 si
2945 3208 3060 3264 han:
3088 3211 3248 3264 verba
3279 3227 3343 3266 ex
3370 3213 3645 3282 gentilimn

2068 3313 2162 3353 ore
2189 3299 2549 3364 mitterentur,
2572 3298 2699 3353 nihil
2731 3301 2925 3354 mirum
2951 3309 3095 3356 esset
3121 3318 3133 3354 :
3161 3311 3214 3355 at
3239 3317 3366 3357 vero
3389 3304 3490 3360 [ide
3516 3320 3650 3374 pra:-

2068 3390 2209 3444 ditos
2234 3391 2478 3446 homines
2504 3390 2765 3460 ejusmodi
2792 3407 3069 3446 sermones
3091 3393 3321 3460 effutire,
3351 3411 3508 3464 quam
3534 3404 3648 3450 tan-

2067 3479 2188 3534 dem
2223 3481 2431 3534 veniam
2464 3481 2657 3535 mereri
2681 3480 2734 3535 id
2763 3482 2958 3550 queat?
2987 3497 3054 3536 an
3083 3499 3206 3552 spes
3237 3484 3354 3538 illas
3376 3485 3650 3541 immorta-

2069 3572 2145 3628 les
2166 3575 2384 3628 omnino
2404 3583 2682 3643 suspectas
2711 3572 2876 3630 babes
2897 3576 2920 3626 ?
2945 3590 3012 3629 an
3045 3575 3158 3630 ha-e
3200 3591 3418 3645 prorsus
3448 3579 3647 3633 incerta

2065 3677 2186 3718 esse
2202 3664 2424 3720 censes?
2443 3679 2545 3733 qua
2571 3663 2783 3719 tandem
2799 3665 2948 3720 venia
2971 3666 3084 3721 iure
3100 3667 3256 3738 digna
3280 3684 3398 3724 esse
3415 3670 3649 3739 queant?

2067 3757 2133 3810 Et
2155 3756 2420 3825 quisnam,
2451 3755 2714 3824 inquiunt,
2741 3755 2806 3810 ad
2834 3771 2932 3810 nos
2959 3759 3136 3824 venit,
3168 3773 3231 3812 ac
3272 3775 3390 3828 qua:
3425 3761 3532 3814 illic
3556 3774 3648 3828 ge-

2067 3857 2252 3902 rantur
2289 3848 2570 3916 esposuit?
2617 3847 2899 3901 llomiuum
2936 3863 3066 3902 sane
3107 3863 3307 3914 nemo,
3360 3851 3454 3906 sed
3508 3853 3649 3907 Deus

2068 3940 2200 4009 ipse,
2233 3940 2468 3993 omnium
2496 3937 2598 3992 fide
2624 3937 2968 4008 dignissimus
2989 3979 3002 4003 ,
3052 3937 3166 3992 haec
3204 3938 3512 3995 declaravit.
3542 3943 3648 3997 Sed

2069 4049 2174 4087 non
2201 4031 2352 4086 vides
2378 4046 2464 4085 res
2492 4031 2652 4085 illus?
2678 4029 2858 4100 Neque
2885 4030 3027 4085 enim
3077 4030 3242 4084 Deum
3270 4031 3447 4084 cernis
3477 4049 3490 4084 :
3519 4033 3645 4102 quid

2067 4139 2196 4191 ergo
2221 4163 2236 4186 ,
2269 4139 2334 4176 an
2366 4121 2590 4190 proinde
2621 4122 2785 4175 Deum
2814 4136 2934 4176 esse
2965 4135 3067 4174 non
3111 4121 3437 4176 existimabis
3463 4163 3476 4186 ,
3526 4123 3647 4191 quia

2067 4227 2189 4268 eum
2214 4228 2319 4265 non
2348 4211 2540 4266 vides?
2569 4211 2636 4266 Et
2663 4211 2816 4265 valde
2844 4210 3056 4278 quidem
3083 4210 3350 4276 existimo,
3382 4211 3609 4281 inquies.

2139 4306 2191 4360 5.
2237 4305 2399 4374 Igitur
2437 4306 2481 4359 si
2524 4305 2783 4374 quispiam
2829 4319 2893 4358 ex
2925 4303 3228 4360 infidelibus
3278 4315 3645 4373 percontetur,

2069 4395 2266 4466 Ecquis
2285 4411 2316 4451 e
2344 4396 2476 4450 ca-lo
2497 4397 2662 4460 venit,
2684 4405 2842 4464 atque
2864 4395 2980 4449 hcce
3007 4395 3244 4449 narravit
3269 4414 3282 4448 :
3315 4396 3440 4464 quid
3471 4397 3645 4450 dictu-

2069 4505 2161 4543 rus
2191 4490 2292 4543 es?
2321 4488 2458 4542 unde
2488 4488 2625 4542 nosti
2659 4488 2822 4541 Deum
2851 4488 3017 4542 esse?
3046 4489 3128 4542 Ab
3167 4489 3232 4543 iis
3259 4490 3418 4544 rebus
3447 4507 3564 4560 «pne
3596 4493 3646 4545 in

2069 4589 2341 4650 aspectum
2369 4579 2588 4644 cadunt,
2618 4579 2841 4647 inquies,
2866 4578 2936 4632 ab
2967 4594 3032 4634 eo
3057 4579 3263 4645 ordine,
3293 4582 3380 4650 qui
3407 4583 3457 4635 in
3491 4582 3650 4636 rebus

2070 4671 2316 4724 omnibus
2343 4668 2572 4724 conditis
2602 4669 2775 4723 elucet
2810 4687 2821 4720 :
2868 4669 2991 4724 hinc
3033 4670 3259 4739 denique
3289 4670 3427 4740 quod
3469 4671 3536 4726 de
3582 4686 3650 4725 eo

2071 4761 2210 4815 inter
2231 4776 2419 4816 omnes
2449 4771 2678 4816 constat.
2710 4761 2799 4815 Sic
2820 4763 2977 4830 igitur
2999 4777 3300 4817 sermonem
3332 4779 3544 4832 quoque
3578 4765 3649 4818 de

2072 4862 2312 4907 extremo
2334 4852 2537 4922 judicio
2565 4853 2771 4922 excipe.
2800 4853 2916 4920 Quo
2943 4854 3129 4920 pacto?
3150 4853 3374 4922 inquies.
3421 4854 3652 4909 Perenn-

2075 4946 2227 4998 tabor
2250 4953 2334 5008 te;
2365 4955 2418 4998 tu
2446 4959 2575 4998 vero
2604 4942 2886 5013 responde.
2919 4943 3171 4999 Justusne
3221 4943 3308 5000 hic
3351 4945 3489 5000 Deus
3512 4987 3526 5010 ,
3580 4961 3647 4999 an

2071 5037 2263 5105 cuique
2305 5037 2446 5105 quod
2479 5047 2711 5091 meretur
2755 5036 2970 5102 tribuit;
3016 5051 3083 5090 an
3125 5046 3309 5092 contra
3359 5039 3650 5094 sceleratos

2075 5127 2268 5182 florere
2294 5137 2453 5196 atque
2480 5129 2530 5181 in
2575 5127 2783 5182 deliciis
2809 5129 3011 5184 versari
3055 5131 3197 5197 vult,
3247 5131 3443 5200 probos
3473 5141 3648 5186 autem

2073 5218 2336 5271 contraria
2364 5217 2602 5272 habere?
2645 5219 2882 5284 Minime,
2911 5221 3119 5290 inquies
3149 5239 3162 5275 :
3193 5238 3314 5276 nam
3347 5239 3415 5277 ne
3447 5223 3648 5278 homini

2074 5307 2286 5377 quidem
2313 5309 2413 5363 hoc
2439 5308 2710 5363 acciderit.
2745 5309 2967 5365 Ubinam
2997 5312 3175 5380 igitur,
3203 5312 3290 5380 qui
3321 5311 3568 5366 virtutem
3597 5311 3649 5364 in

2073 5399 2172 5454 hac
2204 5400 2310 5454 vita
2335 5399 2632 5465 coluerunt,
2666 5401 2820 5456 bonis
2869 5401 3148 5456 fruentur?
3188 5401 3417 5456 Ubinam
3466 5416 3652 5456 rursus

2074 5491 2329 5562 improbis
2359 5505 2514 5560 poena
2561 5492 2846 5546 etntstituta
2871 5491 3000 5555 erit,
3051 5492 3094 5545 si
3125 5491 3268 5544 nulla
3315 5493 3448 5549 vita.
3503 5491 3650 5546 nulla

2073 5597 2299 5646 merces,
2330 5591 2419 5636 aut
2446 5596 2598 5650 poena
2631 5580 2801 5636 futura
2827 5581 2950 5636 est?
2981 5580 3208 5636 Videsne
3233 5622 3248 5648 ,
3297 5580 3438 5650 quod
3487 5597 3648 5636 unum

2074 5688 2172 5744 pro
2201 5689 2305 5728 uno
2334 5671 2512 5728 adhuc
2539 5680 2624 5726 est
2648 5712 2662 5735 ,
2690 5680 2745 5727 et
2769 5687 2872 5726 non
2904 5671 3011 5726 duo
3041 5687 3137 5741 pro
3177 5673 3321 5728 uno?
3367 5672 3477 5742 Ego
3523 5690 3648 5726 vero

2078 5766 2204 5822 illud
2231 5766 2322 5823 tibi
2353 5764 2650 5832 ostendam,
2680 5780 2744 5820 ue
2774 5781 2932 5820 unum
2963 5765 3174 5836 quidem
3201 5783 3295 5836 pro
3325 5783 3428 5820 uno
3458 5769 3650 5836 impro-
