4090 6216
495 441 594 496 bos
621 439 820 495 habere
843 479 860 505 ,
891 437 984 493 sed
1024 435 1132 491 duo
1163 446 1258 503 pro
1283 448 1391 486 uno
1435 432 1596 500 justis
1641 432 1872 485 futurum
1925 445 2072 496 esse,

497 529 864 596 peccatoribus
913 541 1040 581 vero
1086 533 1141 578 ct
1178 521 1550 577 deliciantibus
1598 531 1782 575 contra
1832 521 2071 576 omnino.

494 621 626 676 Nam
655 622 742 690 qui
773 621 823 672 in
857 618 954 671 hac
989 617 1091 668 vita
1128 629 1188 669 se
1228 614 1584 683 voluptatibus
1623 613 1960 678 dediderunt,
2007 629 2072 666 ne

495 727 655 764 nmnn
686 707 896 777 quidem
927 721 1021 773 pro
1052 719 1158 758 uno
1183 714 1498 773 acceperunt
1525 722 1536 757 :
1561 705 1648 774 qui
1679 712 1856 758 autem
1888 705 1938 756 in
1961 704 2070 757 vir-

495 809 603 852 tute
627 799 782 850 vitam
816 795 1034 858 ducuul,
1069 794 1174 849 duo
1205 810 1303 863 pro
1333 810 1458 848 uno.
1491 794 1624 859 Utri,
1659 809 1862 864 qua-so,
1898 794 1949 847 in
1973 809 2066 846 vo-

494 891 692 954 luptate
719 895 841 938 sunt
865 924 880 950 ,
929 885 1016 953 qui
1053 887 1298 954 prinsenti
1333 886 1436 938 vita
1470 886 1620 939 abusi
1654 895 1812 950 sunt,
1863 900 1928 937 an
1980 885 2068 954 qui

493 977 847 1046 phil050phim
869 991 1086 1045 Operam
1111 977 1398 1031 dederunt?
1421 976 1498 1030 Tu
1519 977 1740 1030 fortasse
1765 977 1886 1029 illos
1903 977 2067 1040 dices;

490 1082 590 1136 ego
633 1075 809 1120 autem
841 1067 938 1119 hos
968 1082 1088 1120 esse
1131 1066 1427 1129 ostendam,
1459 1076 1512 1120 et
1554 1066 1767 1135 quidem
1796 1082 1891 1120 eos
1922 1066 2070 1135 ipsos

493 1168 656 1211 testes
681 1159 873 1220 eitans,
907 1158 1057 1228 queis
1083 1159 1436 1227 przesentibus
1460 1158 1616 1211 bonis
1659 1156 1762 1210 frui
1793 1158 2015 1226 contigit
2053 1175 2064 1210 :

492 1267 593 1307 nec
623 1267 749 1305 vero
779 1253 849 1304 ita
891 1251 1140 1320 perfricta
1185 1251 1358 1304 fronte
1388 1261 1540 1304 erunt
1564 1293 1580 1316 ,
1624 1259 1682 1303 ut
1722 1250 1978 1305 adversus
2007 1265 2068 1304 ea

491 1362 610 1414 qua:
639 1347 878 1399 dicturus
903 1361 1056 1409 sum,
1094 1345 1188 1398 niti
1234 1345 1484 1398 audeant.
1525 1343 1654 1398 Nam
1699 1353 1754 1398 et
1804 1343 2069 1412 pronubas

491 1453 634 1506 smpe
661 1435 792 1490 diris
818 1436 1068 1490 omnibus
1091 1437 1446 1498 devoverunt,
1477 1436 1755 1505 ipsumque
1793 1433 1930 1488 diem
1963 1447 2068 1503 quo

493 1529 709 1582 thalami
735 1528 886 1582 strati
917 1538 1041 1582 sunt
1065 1566 1082 1592 ,
1123 1542 1322 1596 eosque
1347 1526 1530 1581 felices
1558 1525 1946 1595 praedicarunt,
1977 1524 2067 1594 qui

491 1633 716 1673 uxorem
745 1633 846 1673 non
888 1618 1174 1673 duxerunt.
1221 1617 1366 1672 Multi
1404 1633 1610 1687 quoque
1650 1617 1875 1685 juvenes
1900 1657 1914 1681 ,
1946 1631 2066 1670 cum

489 1710 708 1764 ineundi
752 1709 1074 1764 matrimonii
1123 1718 1356 1778 potestas
1404 1721 1584 1776 esset,
1640 1725 1743 1764 non
1801 1709 1958 1764 aliam
1999 1711 2067 1766 ob

487 1816 701 1856 causam
741 1802 1078 1864 abnuerunt,
1119 1816 1277 1870 quam
1317 1802 1386 1856 ob
1435 1802 1510 1856 rei
1558 1801 1912 1856 incommoda.
1958 1801 2067 1858 Nec

485 1909 616 1950 vero
643 1895 756 1950 lucc
783 1910 849 1949 eo
872 1909 900 1947 a
952 1911 1037 1948 me
1072 1897 1339 1962 dicuntur,
1369 1905 1428 1952 ut
1481 1897 1876 1951 matrimonium
1905 1912 2067 1951 accu-

485 2003 598 2044 sem
625 2006 640 2051 ;
674 1989 988 2047 honorabile
1016 1993 1195 2055 enim;
1225 1991 1320 2046 sed
1350 2006 1445 2046 eos
1466 2031 1482 2055 ,
1514 1991 1602 2061 qui
1634 2007 1699 2045 eo
1742 1999 2067 2060 praepostere

486 2081 565 2135 usi
595 2091 735 2136 sunt.
771 2083 924 2148 Quod
951 2085 995 2138 si
1029 2084 1062 2138 ii
1088 2085 1178 2154 qui
1206 2085 1600 2138 matrimonium
1630 2084 1881 2142 inierunt.
1910 2096 2066 2135 acer-

483 2171 759 2228 bissimam
809 2175 1121 2244 plerumque
1162 2174 1302 2229 hanc
1342 2175 1504 2228 vitam
1561 2189 1680 2228 esse
1724 2173 2060 2242 iudicarunt,

483 2263 608 2331 quid
633 2264 700 2318 de
727 2265 791 2318 iis
819 2265 1083 2328 dicemus,
1115 2265 1204 2335 qui
1231 2266 1282 2319 in
1315 2264 1730 2334 prostibulorum
1759 2265 2063 2333 voraginem

484 2354 714 2422 prolapsi
745 2365 890 2418 sunt,
925 2371 986 2410 ac
1017 2358 1227 2424 captivo
1257 2357 1445 2425 quovis
1467 2357 1714 2410 servilius
1739 2365 1795 2410 et
1817 2357 2064 2412 miserius

479 2458 602 2501 sese
624 2444 954 2500 atlâ€˜ecerunt?
984 2447 1107 2516 quid
1135 2447 1201 2501 de
1230 2447 1296 2502 iis
1315 2489 1330 2512 ,
1359 2447 1447 2515 qui
1478 2447 1529 2499 in
1559 2445 1869 2500 deliciarum
1909 2462 2067 2502 emno

481 2550 920 2612 computrucruut
941 2581 956 2604 ,
980 2555 1044 2594 ac
1073 2539 1342 2594 sexcentis
1372 2538 1574 2592 morbis
1598 2553 1793 2606 corpus
1825 2539 2064 2594 involve-

480 2633 635 2686 runt?
664 2635 732 2686 At
755 2632 920 2701 gloria
953 2631 1156 2700 pollere
1185 2630 1342 2685 dulce
1375 2638 1476 2685 est.
1505 2628 1648 2683 Nihil
1680 2629 1779 2684 hac
1808 2632 2064 2686 servitute

478 2725 749 2780 acerbius.
775 2724 908 2778 Nam
937 2723 1030 2794 qui
1061 2724 1129 2778 ita
1159 2723 1336 2778 inanis
1353 2722 1534 2792 gloria:
1562 2723 1852 2792 cupiditate
1877 2732 2065 2792 captus

479 2826 583 2882 est,
620 2825 677 2870 ut
705 2815 1031 2884 quibuslibet
1070 2814 1282 2884 placere
1335 2814 1580 2879 studeat,
1628 2815 1904 2884 mancipiis
1947 2816 2062 2885 qui.

479 2907 657 2960 busvis
685 2906 933 2960 scrvilior
956 2914 1038 2960 est
1072 2923 1086 2958 :
1119 2907 1206 2975 qui
1238 2914 1418 2960 autetn
1446 2921 1562 2959 eam
1603 2905 1791 2971 calcat,
1820 2923 1918 2961 nec
1946 2909 2062 2976 glo-

477 2999 612 3054 riam
643 2998 916 3052 hominum
946 3006 1119 3064 curat,
1150 2998 1399 3052 omnibus
1429 2999 1677 3067 superior
1703 3007 1802 3052 est.
1834 3000 1904 3052 At
1931 3015 2060 3068 opes

480 3091 675 3146 habere
721 3100 804 3145 est
851 3089 1233 3160 expetendum.
1268 3089 1463 3144 Verum
1493 3105 1524 3143 a
1577 3090 1730 3145 nobis
1780 3105 1923 3160 szepe
1967 3091 2061 3146 de-

479 3190 832 3237 monstratum
855 3190 958 3246 est,
988 3197 1086 3236 eos
1115 3181 1281 3252 magis
1309 3181 1511 3235 divitiis
1536 3190 1590 3235 et
1609 3183 1786 3251 quiete
1815 3181 1938 3249 frui,
1968 3183 2058 3251 qui

477 3274 668 3344 apibus
692 3275 842 3329 vacui
872 3316 886 3338 ,
921 3274 1052 3328 nihil
1095 3273 1312 3328 habent.
1345 3272 1452 3327 Sed
1481 3273 1729 3328 inebriari
1763 3287 1925 3329 suave
1954 3282 2054 3328 est.

484 3368 550 3420 Et
575 3366 695 3437 quis
717 3366 818 3422 hoc
843 3367 1070 3420 dixerit?
1099 3365 1359 3432 Quocirca
1385 3366 1429 3419 si
1459 3365 1676 3419 suavius
1699 3373 1802 3431 est,
1845 3365 2055 3434 inopem

477 3475 596 3515 esse
633 3475 789 3530 quam
831 3458 1084 3524 divitem,
1125 3473 1154 3511 a
1201 3457 1542 3511 matrimonio
1585 3456 1853 3511 abstinere
1897 3473 2054 3528 quam

479 3552 874 3604 matrimonium
895 3550 1091 3611 subire,
1126 3550 1334 3604 inanem
1358 3549 1580 3618 gloriam
1602 3548 1876 3618 aspernari
1895 3564 2055 3618 quam

475 3651 744 3712 appetere.
773 3658 801 3695 a
825 3641 1032 3696 deliciis
1057 3641 1350 3697 abhorrere
1374 3657 1534 3710 quam
1565 3641 1772 3696 deliciis
1798 3641 2013 3697 studere
2037 3659 2050 3694 :

475 3742 530 3786 et
584 3733 668 3785 hic
719 3732 836 3801 plus
891 3732 1086 3786 habent
1140 3733 1173 3785 ii
1228 3733 1318 3803 qui
1376 3733 1729 3802 praesentibus
1775 3748 1879 3788 non
1912 3741 2054 3796 sunt

476 3822 640 3877 affixi.
693 3823 806 3878 lloc
849 3834 1024 3878 autem
1072 3823 1222 3888 dico,
1255 3822 1396 3893 quod
1440 3825 1522 3878 vir
1566 3823 1780 3892 quidem
1831 3824 2051 3894 probus,

473 3915 688 3970 tznnetsi
720 3915 1010 3970 innumeris
1025 3915 1304 3970 tormentis
1315 3915 1671 3981 excrucietur,
1694 3915 1850 3970 habet
1873 3925 2051 3970 tamen

474 4023 622 4076 .~p-m
666 4008 861 4073 hrtzim,
892 4024 1009 4078 qu:e
1055 4009 1224 4078 ipsum
1258 4007 1486 4063 fulciat:
1547 4009 1820 4077 improbus
1865 4020 2050 4066 contra

472 4101 630 4153 etiam
657 4100 700 4153 si
733 4101 1022 4154 innumeris
1051 4101 1407 4169 voluptatibus
1427 4099 1652 4164 fruatur,
1685 4101 1845 4157 habet
1870 4109 2049 4157 tamen

474 4190 631 4244 futuri
673 4191 912 4260 supplicii
941 4201 1160 4255 metum,
1184 4191 1506 4259 voluptatem
1540 4192 1704 4260 ipsius
1732 4194 2049 4261 perturban-

473 4291 599 4335 tem.
629 4280 761 4334 Nam
788 4297 853 4334 ne
876 4280 959 4333 hic
983 4280 1197 4349 quidem
1223 4281 1466 4350 supplicii
1495 4281 1681 4336 modus
1709 4297 1908 4352 parvus
1933 4294 2046 4347 est;

471 4374 768 4426 contrarius
789 4386 936 4436 vero,
957 4371 1242 4442 voluptatis
1270 4381 1324 4427 et
1345 4372 1741 4428 oblectationis.
1771 4375 1863 4429 Est
1883 4376 2044 4430 etiam

472 4465 658 4519 tertius
675 4465 862 4519 modus
878 4474 1072 4535 praeter
1091 4465 1188 4520 has
1204 4465 1356 4520 duos.
1379 4464 1607 4532 Quinam
1628 4465 1876 4522 tandem?
1893 4468 2044 4535 Quod

473 4555 691 4626 hujusce
712 4557 831 4609 vita:
845 4556 1049 4610 delicia:
1072 4570 1138 4610 ne
1157 4565 1263 4610 tum
1283 4557 1495 4626 quidem
1513 4569 1796 4628 apparent,
1822 4575 1941 4615 cum
1964 4559 2052 4614 ad-

470 4657 614 4716 sunt,
642 4658 824 4717 utpote
851 4663 983 4718 quas
1011 4658 1068 4702 et
1097 4658 1284 4702 natura
1316 4659 1369 4704 et
1396 4658 1602 4718 tempus
1629 4663 1880 4722 coarguat
1907 4669 1920 4706 :
1945 4653 2049 4707 illa:

469 4747 652 4792 contra
673 4755 775 4792 non
800 4738 959 4793 modo
979 4747 1120 4803 sunt,
1153 4739 1246 4791 sed
1276 4738 1441 4791 firmm
1469 4755 1679 4808 quoque
1702 4750 1937 4795 manent.
1962 4741 2050 4796 Vi-

469 4831 592 4884 denâ€˜
619 4832 759 4900 quod
788 4849 893 4886 non
918 4831 1074 4886 modo
1099 4831 1207 4886 duo
1240 4847 1334 4901 pro
1363 4831 1529 4896 nullo,
1583 4832 1678 4887 sed
1724 4833 1884 4888 etiam
1923 4835 2045 4902 tria,

470 4921 724 4991 quinque,
753 4932 910 4992 atque
937 4924 1073 4978 adeo
1098 4931 1345 4978 sexcenta
1373 4937 1470 4993 pro
1498 4924 1642 4978 nullo
1664 4939 1864 4994 ponere
1890 4934 2046 4994 pote-

472 5013 678 5066 rimus?
703 5013 854 5076 Quod
881 5024 935 5067 ut
961 5016 1208 5083 exemplo
1239 5015 1526 5086 intelligas,
1558 5017 1706 5072 dives
1734 5017 1822 5071 ille
1849 5032 1912 5072 ac
1940 5018 2046 5074 La-

471 5119 644 5167 zarus,
676 5101 766 5156 ille
794 5104 1097 5171 praesentia,
1142 5105 1226 5158 hic
1256 5105 1431 5159 futura
1468 5109 1718 5177 percepit.
1753 5111 1833 5162 An
1885 5124 2047 5176 porro

471 5212 634 5250 unum
659 5206 713 5250 et
743 5209 905 5246 unum
929 5209 1048 5248 esse
1077 5196 1260 5248 statuis
1289 5211 1385 5263 per
1409 5212 1568 5252 omne
1600 5207 1808 5267 tempus
1831 5200 2002 5268 puniri
2032 5241 2048 5265 ,

471 5301 628 5360 atque
674 5289 739 5344 ad
769 5287 1013 5358 exiguam
1055 5287 1238 5341 horam
1279 5290 1420 5342 fame
1451 5305 1578 5344 vexa
1595 5291 1678 5344 ri?
1735 5293 1786 5345 in
1835 5292 2048 5347 mortali

469 5398 692 5451 corpore
713 5390 989 5453 :egrotare,
1015 5391 1068 5436 et
1095 5381 1146 5434 in
1170 5379 1453 5434 immortali
1477 5381 1726 5436 acerbum
1755 5384 1806 5436 in
1829 5383 2048 5437 modum

473 5477 592 5544 igne
615 5478 835 5532 cruciari
861 5478 884 5530 ?
934 5492 1095 5546 parvo
1127 5476 1216 5530 illo
1257 5477 1444 5531 morbo
1476 5477 1809 5545 perfunctum
1836 5519 1850 5541 ,
1892 5492 2049 5531 coro-

474 5566 584 5617 nari
613 5578 663 5619 et
694 5569 906 5622 :eternis
937 5578 1116 5636 postea
1144 5567 1347 5622 deliciis
1369 5567 1737 5622 circumfluere
1761 5584 1776 5628 ;
1805 5576 1897 5619 aut
1926 5573 2050 5634 post

475 5654 686 5708 brevem
732 5655 961 5712 fructum
992 5658 1332 5725 sempiternis
1364 5667 1562 5725 postea
1603 5657 1881 5724 suppliciis
1931 5665 2050 5709 Î¹Î¿Î½-

475 5745 621 5819 queri
645 5745 667 5798 ?
691 5756 743 5800 et
769 5747 888 5816 quis
919 5747 1030 5802 lucc
1056 5748 1285 5803 dixerit?
1310 5749 1442 5813 Quid
1480 5750 1558 5801 vis
1587 5763 1844 5816 ponamus
1867 5749 1888 5800 â€™á¼¶
1909 5763 2041 5817 qua-

1239 321 1295 377 S.
1334 319 1610 375 )OANNIS
1648 312 2115 373 CllllYSUSTOMl
2157 317 2472 372 ARClllEP.
2513 315 3050 374 CONSTANTINOP.

3655 316 3760 374 Î¹Ï‰

2185 433 2458 488 litatcmnc
2499 446 2564 484 an
2596 430 2986 500 quantitatem?
3016 427 3254 483 ordinent
3289 425 3380 482 Dei
3419 435 3509 481 aut
3537 436 3756 484 senten-

2180 523 2306 576 tiam
2329 524 2396 577 de
2423 533 2648 592 utroque
2677 523 2880 576 latam?
2907 521 3192 590 Quousque
3215 519 3429 574 tandem
3458 523 3754 576 scarahzeo-

2180 628 2298 667 rum
2336 613 2386 666 in
2410 627 2564 666 emno
2592 627 2804 681 semper
2829 627 2948 665 sese
2974 610 3514 665 volutantium'verba
3563 611 3753 682 loque-

2180 705 2348 758 mini?
2368 704 2549 774 Neque
2577 706 2716 758 enim
2741 705 3013 758 hominum
3036 705 3243 759 ratione
3271 704 3614 774 prmditorum
3646 716 3755 772 est,

2179 799 2432 861 animam,
2456 813 2573 866 qua:
2603 797 2730 850 tanti
2758 797 2910 865 pretii
2938 805 3038 861 est,
3071 811 3167 864 pro
3190 811 3247 849 re
3270 795 3468 850 nullius
3495 797 3754 861 momenti

2179 891 2472 959 projicere,
2504 905 2625 943 cum
2663 897 2939 958 oporteret
2981 903 3076 956 pro
3107 889 3300 958 exiguo
3335 889 3519 944 labore
3562 890 3753 944 crelum

2177 993 2234 1033 ca
2243 996 2386 1049 perc.

2262 1069 2524 1124 Iudicium
2571 1071 2799 1139 futurum
2856 1071 3160 1124 horrendum
3209 1071 3322 1124 erit.
3373 1101 3446 1112 -
3488 1072 3647 1128 Visne
3696 1083 3752 1126 ut

2175 1163 2389 1218 aliunde
2433 1173 2483 1217 te
2521 1164 2741 1218 doceam
2763 1204 2778 1227 ,
2813 1163 3134 1218 horrendum
3169 1164 3218 1216 in
3248 1164 3416 1218 altero
3445 1180 3560 1218 tero
3589 1167 3754 1218 tribu-

2177 1254 2260 1307 nal
2289 1254 2451 1308 esse?
2480 1255 2830 1308 Conscientia:
2860 1263 2962 1308 tua:
2983 1255 3199 1322 januam
3230 1255 3408 1323 aperi,
3437 1255 3752 1322 acjudiccm

2176 1343 2434 1398 inanimo
2465 1353 2554 1398 tuo
2594 1345 2736 1399 velut
2765 1360 2862 1414 pro
2913 1344 3159 1399 tribunali
3206 1346 3480 1400 sedentem
3522 1348 3747 1402 intuere.

2173 1437 2326 1506 Quod
2357 1437 2400 1491 si
2433 1446 2485 1490 tu
2507 1479 2520 1500 ,
2550 1437 2788 1506 quamvis
2817 1447 3146 1505 praepostero
3177 1437 3249 1491 tui
3279 1453 3460 1491 amore
3489 1437 3708 1492 affectus
3734 1480 3750 1502 ,

2175 1530 2399 1597 teipsum
2430 1529 2755 1586 condemnas
2779 1569 2794 1592 ,
2829 1543 2927 1582 nec
2972 1528 3204 1597 iniquam
3245 1531 3563 1584 sententiam
3607 1531 3751 1586 ferre

2172 1623 2438 1688 sustines;
2485 1637 2551 1675 an
2601 1637 2703 1676 non
2734 1622 2898 1674 multo
2944 1621 3132 1692 majori
3168 1638 3308 1676 curre
3333 1623 3421 1690 jus
3467 1623 3574 1677 Deo
3603 1625 3703 1678 erit
3732 1665 3751 1690 ,

2173 1724 2330 1782 atque
2371 1715 2738 1780 incorruptum
2786 1713 2872 1767 ille
2916 1713 2982 1767 de
3021 1714 3269 1767 omnibus
3311 1713 3565 1782 judicium
3594 1715 3748 1780 feret,

2173 1819 2271 1858 nec
2301 1812 2500 1858 temere
2551 1803 2666 1856 [nec
2697 1804 2874 1856 omnia
2909 1803 3036 1857 ferri
3085 1803 3263 1856 sinet?
3311 1803 3504 1872 Ecquis
3534 1803 3750 1858 tandem

2170 1894 2272 1948 hoc
2311 1894 2542 1948 dixerit?
2584 1893 2752 1950 Nemo
2781 1894 3018 1964 profecto
3047 1912 3060 1946 :
3094 1909 3216 1947 nam
3249 1902 3302 1947 et
3331 1893 3501 1949 Grmci
3531 1904 3586 1949 et
3627 1895 3749 1948 har-
3839 1935 3844 1942 .

2169 1988 2313 2051 bari,
2345 1996 2402 2042 et
2429 1999 2598 2057 poeta:
2622 1997 2674 2042 et
2697 1985 2995 2058 pltiiOSOpiti
3017 2027 3032 2051 ,
3062 1996 3116 2041 et
3136 2002 3320 2041 omnes
3342 1987 3570 2058 denique
3599 2003 3746 2042 mor-

2171 2079 2304 2134 tales
2343 2080 2393 2132 in
2439 2081 2540 2140 hoc
2586 2079 2891 2142 nobiscum,
2919 2079 3017 2132 etsi
3044 2077 3243 2147 dispari
3291 2077 3482 2142 modo,
3513 2094 3745 2134 consen-

2171 2173 2308 2226 tiunt
2332 2213 2348 2238 ,
2381 2187 2442 2226 ac
2486 2171 2727 2241 quaedam
2772 2173 2822 2225 in
2870 2169 3057 2224 inferis
3091 2171 3376 2224 tribunalia
3405 2186 3524 2225 esse
3550 2174 3697 2226 aiunt
3729 2191 3745 2226 :

2169 2281 2338 2334 usque
2377 2267 2510 2320 adeo
2543 2266 2820 2334 perspicua
2848 2273 2903 2320 et
2947 2264 3239 2319 indubitata
3277 2265 3390 2320 lucc
3421 2282 3508 2322 res
3545 2275 3646 2320 est.
3682 2266 3748 2320 Et

2169 2373 2265 2412 cur
2284 2399 2298 2422 ,
2325 2359 2532 2427 inquies
2555 2399 2572 2422 ,
2609 2358 2748 2412 Deus
2777 2357 2861 2411 hic
2887 2372 2995 2411 non
3026 2360 3214 2428 punit?
3242 2359 3504 2414 Nimirum
3541 2370 3598 2414 ut
3627 2361 3746 2414 lon-

2167 2452 2531 2520 ganimitatem
2563 2467 2712 2505 suam
2741 2451 3027 2515 ostendat,
3058 2453 3315 2522 nobisque
3358 2470 3451 2522 per
3476 2456 3745 2522 perniten-

2171 2541 2298 2594 tiam
2349 2541 2486 2594 viam
2536 2541 2601 2596 ad
2649 2542 2874 2596 salutem
2921 2542 3162 2609 muniat,
3194 2558 3256 2606 ac
3301 2560 3403 2595 non
3436 2545 3741 2599 universum

2168 2632 2471 2686 mortalium
2520 2647 2688 2702 genus
2731 2631 2967 2686 funditus
3009 2631 3221 2696 deleat,
3267 2647 3467 2701 eosque
3515 2636 3604 2704 qui
3650 2651 3745 2705 per

2167 2722 2422 2791 optimam
2446 2723 2566 2777 vitae
2591 2722 2934 2777 mutationem
2956 2722 3178 2778 salutem
3201 2726 3452 2794 consequi
3477 2736 3738 2794 poterant,

2167 2815 2475 2885 priusquam
2507 2815 2572 2870 ad
2599 2829 2715 2869 eam
2747 2815 3056 2884 perveniant
3080 2857 3094 2876 ,
3123 2815 3188 2870 de
3215 2817 3390 2870 medio
3418 2819 3584 2872 tollat.
3611 2819 3739 2874 Nam

2165 2907 2211 2962 si
2257 2906 2324 2961 de
2355 2907 2587 2974 peccatis
2620 2905 2864 2962 homines
2914 2907 3196 2962 confestim
3245 2910 3415 2977 pomis
3459 2926 3522 2965 ac
3571 2925 3738 2968 morte

2165 2998 2440 3063 afficeret,
2473 2999 2741 3068 quomodo
2774 2999 3002 3061 salutem
3032 2999 3326 3068 accepisset
3353 3001 3550 3056 Paulus
3569 3045 3584 3066 ,
3613 3021 3698 3073 qui
3719 3030 3746 3041 â€”

2163 3089 2324 3144 modo
2369 3088 2599 3155 Petrus,
2629 3089 2897 3158 principes
2925 3089 3034 3154 illi,
3075 3103 3136 3142 ac
3181 3090 3340 3143 totius
3379 3091 3525 3145 orbis
3571 3093 3737 3159 magi-

2162 3181 2300 3236 stri?
2327 3181 2595 3249 quomodo
2616 3181 2777 3236 David
2801 3180 3024 3237 salutem
3043 3198 3109 3237 ex
3135 3183 3444 3252 pmnitentia
3471 3186 3737 3250 percepis-

2162 3276 2285 3330 set?
2327 3276 2596 3346 quomodo
2625 3275 2825 3331 Galata:
2849 3317 2865 3341 ,
2895 3276 3094 3346 aliique
3122 3274 3342 3346 plures?
3384 3275 3736 3341 Quamobrem

2161 3382 2263 3421 nec
2306 3367 2372 3420 ab
2401 3367 2648 3422 omnibus
2675 3367 2724 3421 in
2760 3367 2857 3422 hac
2884 3368 2988 3421 vita
3035 3382 3222 3438 pinnas
3269 3368 3504 3436 expetit,
3549 3367 3641 3421 sed
3671 3383 3736 3422 ex

2162 3459 2412 3512 omnibus
2457 3458 2561 3512 illis
2610 3461 2791 3528 paucis
2846 3469 3050 3514 tantum
3098 3459 3358 3528 supplicia
3409 3459 3607 3521 infert;
3641 3475 3738 3514 nec

2161 3566 2346 3605 rursus
2373 3551 2424 3604 in
2454 3553 2624 3606 altero
2670 3567 2785 3605 aevo
2816 3551 2885 3606 de
2913 3551 3161 3605 omnibus
3191 3566 3371 3621 pinnas
3400 3551 3562 3603 sumit
3584 3589 3599 3612 ,
3639 3550 3737 3604 sed

2159 3641 2228 3696 de
2257 3642 2376 3696 aliis
2421 3642 2538 3707 hic,
2570 3641 2636 3696 de
2663 3641 2781 3696 aliis
2823 3642 2928 3696 illic
2959 3660 2970 3696 :
3018 3651 3076 3695 ut
3102 3652 3155 3696 et
3184 3657 3276 3710 per
3299 3655 3392 3694 eos
3415 3679 3429 3704 ,
3461 3654 3596 3708 quos
3644 3641 3735 3695 hic

2161 3733 2343 3801 plectit
2363 3775 2377 3794 ,
2409 3733 2489 3787 vel
2519 3732 2912 3802 stupidissimos
2960 3733 3190 3796 excitet,
3221 3740 3272 3786 et
3302 3747 3394 3801 per
3432 3745 3560 3794 eos,
3595 3747 3736 3800 quos

2159 3824 2447 3894 impunitos
2468 3824 2613 3888 sinit,
2637 3822 2763 3877 illud
2791 3821 2988 3878 efï¬ciat
3007 3864 3022 3890 ,
3052 3832 3108 3876 ut
3136 3823 3309 3877 futura
3338 3833 3731 3890 exspectemus.

2157 3918 2349 3972 Annon
2395 3915 2542 3970 vides
2571 3915 2854 3985 plerosque
2896 3913 2982 3968 hic
3025 3929 3209 3983 poenas
3249 3913 3416 3979 luere,
3446 3921 3503 3966 ut
3527 3927 3622 3966 eos
3645 3911 3733 3981 qui

2161 4009 2322 4063 turris
2344 4009 2497 4062 ruina
2523 4007 2764 4076 oppressi
2789 4015 2933 4067 sunt,
2963 4013 3020 4059 ut
3046 4020 3140 4059 eos
3161 4019 3390 4074 quorum
3423 4005 3730 4073 sanguinem

2159 4103 2356 4156 Pilatus
2383 4116 2503 4156 cum
2532 4097 2810 4154 sacrificiis
2835 4097 3188 4162 commiscuit,
3221 4107 3280 4152 ut
3309 4096 3617 4151 Corinthios
3641 4109 3733 4150 eos

2157 4193 2244 4261 qui
2277 4192 2346 4246 ob
2375 4191 2588 4260 indigne
2619 4199 2869 4260 percepta
2897 4189 3150 4260 mysteria
3177 4197 3554 4258 praematuram
3587 4202 3731 4242 mor-

2160 4293 2263 4336 tem
2311 4282 2596 4341 obierunt,
2629 4289 2685 4333 ut
2733 4279 3102 4342 Pharaonem,
3155 4287 3213 4332 ut
3260 4278 3512 4342 Judmos,
3562 4278 3651 4347 qui
3701 4292 3730 4332 a

2159 4371 2397 4426 barbaris
2428 4369 2672 4424 tt'ttcidali
2710 4377 2870 4432 sunt,
2897 4377 2957 4423 ut
2990 4369 3271 4439 plerosque
3297 4369 3432 4423 alios
3455 4409 3471 4432 ,
3509 4379 3560 4422 et
3607 4378 3732 4422 tunc

2157 4474 2210 4520 et
2241 4479 2414 4527 nunc,
2443 4471 2496 4518 et
2523 4461 2821 4532 perpetuo?
2851 4461 3054 4515 Rursus
3099 4462 3188 4514 alii
3236 4461 3386 4514 multi
3412 4502 3426 4525 ,
3457 4461 3616 4515 nullis
3646 4459 3733 4514 hic

2157 4558 2418 4613 scelerum
2452 4556 2622 4625 pomis
2664 4555 2979 4626 persolutis,
3009 4570 3040 4609 e
3081 4555 3187 4609 vita
3231 4555 3595 4610 discesserunt
3628 4570 3643 4607 :
3677 4563 3734 4608 nt

2157 4649 2303 4704 dives
2332 4648 2422 4703 ille
2451 4648 2640 4702 Lazari
2670 4657 2908 4718 tempore
2930 4689 2945 4713 ,
2973 4649 3170 4718 aliique
3198 4647 3527 4718 complures.

2225 4741 2280 4795 4.
2301 4738 2424 4794 Haec
2452 4755 2610 4808 porro
2633 4738 2752 4794 ideo
2769 4738 2910 4806 facit,
2929 4740 3122 4809 partim
3146 4749 3310 4795 uteos
3321 4740 3411 4810 qui
3435 4739 3607 4793 futura
3627 4753 3734 4793 non

2157 4831 2380 4884 credunt
2417 4831 2644 4894 excitet;
2677 4829 2866 4896 partim
2889 4870 2904 4894 ,
2935 4837 2990 4882 ut
3010 4844 3138 4894 eos,
3165 4829 3256 4900 qui
3284 4827 3513 4884 credunt
3556 4843 3618 4883 ac
3643 4843 3730 4882 se-

2156 4922 2320 4993 gnitie
2344 4923 2586 4976 laborant
2613 4964 2626 4985 ,
2655 4921 2942 4992 diligentes
2970 4921 3180 4977 reddat.
3216 4923 3358 4975 Deus
3384 4922 3529 4976 enim
3558 4921 3736 4990 justus

2157 5024 2241 5070 est
2282 5015 2446 5085 jndex
2491 5024 2543 5069 et
2576 5014 2725 5068 fortis
2754 5022 2810 5068 et
2857 5013 3211 5082 longanimis,
3245 5027 3344 5067 nec
3374 5027 3469 5082 per
3495 5012 3736 5082 singulos

2157 5107 2273 5162 dies
2319 5107 2450 5162 iram
2498 5106 2721 5162 inducit.
2759 5105 2908 5174 Quod
2947 5106 2992 5160 si
3024 5106 3192 5176 ipsius
3216 5104 3614 5174 longanimitate
3645 5101 3738 5157 ab-

2159 5211 2402 5265 utamur,
2435 5201 2539 5254 erit
2577 5209 2819 5267 tempus,
2850 5213 2969 5253 cum
2997 5198 3104 5267 jam
3155 5213 3222 5252 ne
3267 5194 3474 5250 tantilio
3519 5193 3736 5265 quidem

2161 5302 2400 5360 tempore
2451 5289 2903 5359 longanimitatem
2953 5287 3264 5348 adhibebit,
3314 5301 3499 5342 verum
3557 5285 3740 5338 statim

2160 5398 2368 5452 poenam
2393 5381 2604 5436 inferet.
2633 5380 2710 5436 Ne
2741 5381 2921 5450 itaque
2947 5419 2963 5445 ,
2988 5379 3115 5434 dum
3138 5378 3204 5433 ad
3233 5379 3447 5432 unicum
3483 5391 3736 5430 momen-

2161 5484 2269 5527 tum
2301 5471 2575 5542 (momenti
2616 5473 2758 5526 enim
2785 5473 2954 5526 instar
2983 5479 3062 5526 est
3113 5470 3228 5526 haec
3252 5470 3386 5539 vita)
3414 5466 3623 5523 deliciis
3655 5467 3740 5520 in-

2158 5563 2377 5632 dulgere
2425 5563 2669 5616 volumus
2698 5604 2717 5628 ,
2773 5562 3096 5617 infinitorum
3151 5561 3469 5615 surculorum
3520 5569 3740 5628 puniant

2161 5655 2314 5711 nobis
2351 5669 2728 5719 accersamus;
2761 5669 2945 5710 verum
2973 5653 3040 5708 ad
3069 5662 3396 5708 momentum
3431 5649 3609 5718 potius
3655 5646 3740 5698 la-
3791 5727 3798 5732 '

2163 5748 2442 5812 heremus,
2499 5753 2558 5800 ut
2608 5747 2878 5816 perpetuis
2926 5746 3140 5802 coronis
3195 5745 3493 5814 cingamur.
3539 5743 3739 5794 Annon
