4090 6216
506 303 612 362 0.35

503 418 705 489 τιώτης
742 417 933 491 μέχρις
957 418 1174 488 ἡλικίας
1205 418 1439 487 ἐσχάτης
1491 419 1549 471 ἐν
1578 419 1838 491 πολέμοις
1857 422 1953 476 καὶ
1988 423 2087 476 πό-

504 530 635 576 νοις,
663 514 755 566 καὶ
776 513 1032 575 πολλάκις
1061 514 1318 584 ἑκάτερος
1348 513 1525 567 αὐτῶν
1548 514 1811 583 ἀπῆλθεν,
1829 516 1858 567 0
1880 516 1978 586 μὲν
1993 516 2085 570 τοῦ

504 603 736 659 πλούτου
766 604 874 656 τῶν
908 602 1172 672 φορτίων.
1204 605 1232 656 0
1261 603 1317 656 δὲ
1353 605 1494 674 μετὰ
1523 606 1621 677 τῆς
1653 606 1809 676 νίκης
1843 608 1937 661 καὶ
1989 608 2088 677 τῆς

508 695 656 763 ζωῆς
668 694 837 761 αὐτῆς
853 696 983 746 ἐκπε
992 692 1260 748 σών.Τίνα
1281 692 1372 748 οὗν
1390 696 1581 767 ἕξομεν
1598 695 1749 769 ἷῦθί]
1769 697 2088 766 ἀπολογίαν,

507 785 627 839 εἰπέ
669 802 781 854 μοι,
813 784 870 836 ὲν
908 784 1005 855 μὲν
1052 787 1164 847 τοῖς
1199 786 1471 855 βιωτικοῖς
1526 788 1595 840 τά
1618 788 1849 842 ἐπίπονα
1902 807 2089 859 προτι-

511 874 738 946 μῶντες,
768 875 854 928 ἵνα
882 875 1077 947 μικρὸν
1133 878 1600 947 ἀναπαυσώμεθα,
1652 880 1838 949 ἢούδέ
1892 880 2091 952 μικρόν

509 964 756 1035 (καὶγὰρ
785 964 978 1037 ἄδηλος
1029 968 1062 1038 ἡ
1099 965 1297 1030 ἐλπίς)·
1349 967 1497 1037 ἐν,δέ
1534 969 1649 1031 τοῖς
1704 970 2094 1038 πνευματικοῖς

509 1054 880 1125 ἀντιστρόφως
925 1055 1082 1110 τοῦτο
1132 1057 1431 1122 ποιοῦντες,
1465 1057 1560 1111 καὶ
1616 1059 1819 1126 ἄφατον
1873 1059 2092 1112 κόλασιν

508 1145 880 1216 ἐπισπώμενοι
911 1147 999 1201 διὰ
1026 1149 1229 1217 μικράν
1285 1150 1593 1221 ρᾳθυμίαν;
1643 1151 1736 1203 Διὸ
1787 1150 2091 1221 καρακαλῶ

510 1236 720 1300 πάντας
748 1238 891 1307 ὑμᾶς
920 1239 1015 1308 ὀψὲ
1034 1239 1165 1308 γοῦν
1188 1258 1320 1294 ποτε
1352 1244 1415 1296 ἐκ
1440 1245 1537 1312 τῆς
1568 1242 1949 1313 παραπληξίας
1964 1241 2094 1296 ταύ-

510 1343 611 1397 της
629 1330 957 1397 ἀνενεγκεῖν.
984 1329 1170 1393 Οὐδεὶς
1204 1332 1313 1402 γάρ
1342 1333 1489 1402 ἡμᾶς
1507 1329 1853 1403 ἐξαιρήσεται
1882 1336 1937 1386 ἐν
1953 1335 2095 1387 ἐκεί-

512 1438 588 1491 νῳ
616 1419 692 1490 τῷ
723 1421 922 1492 καιρῷ,
991 1422 1090 1476 οῦκ
1120 1421 1346 1492 αδελᾳδς
1366 1463 1380 1487 ,
1420 1425 1481 1477 οὐ
1508 1424 1689 1495 πατὴρ
1710 1464 1724 1487 ,
1758 1428 1821 1477 οὐ
1856 1428 2002 1491 παῖς,
2033 1427 2093 1479 οὐ

514 1511 687 1582 φίλος,
718 1512 779 1565 ού
815 1514 1031 1579 γείτων,
1068 1514 1167 1567 οὐκ
1192 1513 1348 1577 ἄλλος
1369 1514 1563 1577 οὐδείς·
1596 1514 1708 1566 ἀλλ’
1730 1513 1795 1568 ἂν
1846 1514 1951 1567 ὑπὸ
1985 1515 2095 1569 τῶν

514 1601 694 1673 ἐργων
729 1603 1098 1674 προδοθῶμεν,
1136 1603 1313 1658 πάντα
1370 1606 1670 1676 οἰχήσεται,
1734 1607 1827 1659 καὶ
1860 1605 2094 1659 ἀπολού-

517 1692 659 1762 μεθα
682 1694 918 1756 πάντως.
943 1694 1094 1748 Πόσα
1147 1696 1176 1748 0
1230 1694 1484 1760 πλούσιος
1545 1695 1842 1767 ἐθρήνησεν
1872 1699 2097 1762 ἐκεῖνος,

517 1784 609 1836 καὶ
635 1783 725 1836 τὸν
761 1783 1108 1857 πατριάρχην
1138 1787 1502 1857 παρεκάλεσε,
1534 1788 1628 1840 καὶ
1662 1788 1981 1859 πεμφθῆναι
2011 1789 2101 1842 τὸν

516 1871 768 1942 Λάζαρον
809 1873 1038 1945 ᾔτησεν;
1079 1875 1218 1928 Ἀλλ’
1241 1877 1472 1931 ἄκουσον
1495 1879 1545 1931 τί
1568 1879 1702 1950 πρὸς
1731 1879 1892 1932 αὐτὸν
1919 1879 2101 1949 ἐλεγεν

530 1962 803 2032 Ἀϐραάμ.
830 1963 986 2029 Χάος
1002 1965 1232 2034 μεταξὺ
1253 1967 1420 2037 ὑμῶν
1438 1970 1535 2024 καὶ
1560 1968 1749 2037 ἡμῶν,
1771 1969 1929 2024 ὥστε
1946 1969 2104 2039 μηδὲ

517 2051 915 2122 βουλομένοις
936 2054 1158 2118 ἐξεῖναι
1188 2055 1463 2125 διαϐῆναι
1490 2058 1633 2112 ἐκεῖ.
1669 2059 1818 2112 Πόσα
1850 2059 2100 2129 παρεκά-

514 2141 680 2195 λεσαν
716 2144 773 2195 αἱ
814 2144 1072 2215 παρθένοι
1101 2149 1301 2199 ἐκεῖναι
1328 2148 1427 2211 τὰς
1465 2149 1734 2220 ὁμήλικας
1759 2150 1897 2222 ὑπὲρ
1919 2150 2102 2220 ὀλίγου

519 2235 732 2302 ἐλαίου;
779 2237 918 2290 Ἀλλ’
949 2239 1180 2293 ἄκουσον
1228 2243 1321 2295 καὶ
1374 2245 1578 2296 ἐκεῖναι
1609 2244 1660 2297 τί
1697 2244 1934 2313 λέγουσι·
1977 2244 2102 2312 Μή·

519 2343 664 2382 ποτε
689 2331 761 2383 οὐ
782 2329 866 2398 μὴ
894 2331 1121 2402 ἀρκέσῃ
1153 2332 1292 2402 ὑμῖν
1312 2333 1410 2387 καί
1440 2335 1603 2404 ἡμῖν·
1628 2338 1721 2390 καὶ¹
1738 2337 1912 2400 οὐδεὶς
1933 2336 2103 2401 αῦτάς

521 2419 739 2490 ῖσχυσεν
764 2423 844 2485 είς
873 2423 965 2476 τὸν
994 2425 1256 2495 νυμφῶνα
1292 2430 1630 2498 εἰσαγαγεῖν.
1653 2428 1838 2484 Ταῦτα
1862 2430 1925 2501 δὴ
1953 2431 2102 2499 λογι-

522 2509 738 2581 ζόμενοι
773 2515 866 2567 καὶ
897 2517 1059 2586 ἡμεῖς
1088 2518 1479 2591 ἐπιμελώμεθα
1508 2523 1607 2592 τῆς
1633 2522 1909 2593 ἡμετέρας
1935 2522 2100 2594 ζωῆς.

525 2600 724 2666 Ὅσους
760 2603 869 2674 γάρ
903 2602 969 2656 ἂν
1000 2606 1161 2678 εἴπῃς
1191 2607 1408 2672 πόνους,
1442 2610 1536 2663 καὶ
1587 2611 1717 2674 ὅσας
1755 2613 1820 2665 ἂν
1870 2629 2103 2683 προσεν-

521 2691 691 2763 έγκῃς
712 2695 1000 2767 τιμωρίας,
1036 2698 1190 2752 οὐδὲν
1226 2701 1443 2755 ἅπαντα
1480 2702 1652 2756 ταῦτα
1686 2702 1838 2758 ἕσται
1873 2705 2009 2774 πρὸς
2036 2704 2105 2759 τά

526 2782 788 2852 μέλλοντα
815 2787 1014 2855 ἀγαθά.
1072 2789 1222 2846 Τίθει
1260 2792 1410 2860 γοῦν,
1439 2795 1488 2848 εί
1517 2794 1718 2865 βούλει,
1759 2797 1868 2869 πῦρ
1902 2800 1995 2852 καὶ
2021 2800 2105 2853 σί-

522 2871 686 2944 δηρον
722 2875 817 2928 καὶ
843 2877 1029 2949 θηρία,
1057 2882 1151 2935 καὶ
1180 2882 1232 2936 εἴ
1256 2901 1309 2937 τι
1326 2884 1530 2940 τούτων
1560 2887 1961 2960 χαλεπώτερον·
1989 2888 2103 2944 ἀλλ’

524 2965 674 3034 ὅμως
701 2967 820 3021 οὐδὲ
853 2971 981 3024 σκιά
1003 2973 1174 3025 ταῦτα
1198 2975 1333 3045 πρὸς
1363 2976 1550 3031 ἐκεῖνα
1575 2978 1644 3030 τὰ
1689 2978 2104 3052 βασανιστήρια.

527 3056 711 3112 Ταῦτα
749 3060 848 3129 μὲν
874 3062 980 3131 γάρ
1014 3063 1144 3118 ὅταν
1168 3066 1524 3138 σφοδρότερον
1552 3068 1798 3141 ἐπιτεθῇ,
1852 3071 1971 3124 τότε
2006 3072 2109 3143 μά-

525 3146 683 3202 λιστα
701 3150 906 3218 γίνεται
936 3154 1134 3224 κοῦφα,
1169 3161 1388 3228 ταχεῖαν
1433 3160 1690 3214 ποιοῦντα
1719 3162 1819 3232 τὴν
1862 3162 2109 3217 ἀπαλλα-

527 3241 762 3311 γὴν,τοῦ
794 3244 1043 3316 σώματος
1080 3249 1179 3302 οὐκ
1211 3250 1507 3322 ἀρκοῦντος
1541 3254 1635 3306 καὶ
1661 3254 1743 3316 εἰς
1774 3253 2110 3324 σφοδρότητα

529 3332 623 3384 καὶ
658 3334 737 3395 είς
765 3334 941 3405 μῆκος
969 3338 1259 3403 κολάσεως·
1296 3342 1486 3395 ἐκεῖδέ
1519 3344 1618 3414 οὐχ
1642 3342 1835 3408 οὕτως,
1863 3343 2106 3415 ἀλλ’ἀμ-

531 3422 732 3493 φότερα
759 3428 1101 3498 συνέρχεται,
1138 3432 1230 3483 καὶ
1257 3434 1562 3502 παράτασις
1588 3434 1680 3486 καὶ
1707 3433 2111 3505 ύπερόολὴ,καὶ

532 3514 590 3568 ἐν
616 3517 727 3575 τοῖς
757 3521 1012 3587 χρηστοῖς
1052 3523 1144 3574 καὶ
1166 3522 1224 3575 ἐν
1253 3525 1365 3587 τοῖς
1396 3522 1677 3595 λυπηροῖς.
1712 3523 1856 3583 Ἕως
1881 3519 1975 3579 οὖν
1992 3527 2108 3580 ἐστι

1795 3764 2041 3776 *-

1183 303 1243 359 S.
1278 300 1565 358 JOANNIS
1597 304 2091 363 CHRYSOSTOMI
2132 302 2455 360 ARCIIIEP.
2497 303 3051 362 CONSTANTIROP.

3664 311 3773 367 £06

2190 420 2399 492 καιρὸς,
2431 419 2832 491 προφθάσωμεν
2861 420 2921 473 τὸ
2947 419 3241 490 πρόσωπον
3270 418 3434 474 αὐτοῦ
3495 419 3552 473 ἐν
3582 422 3770 492 ἐξομο-

2189 509 2429 579 λογήσει,
2459 510 2547 563 ἵνα
2574 511 2779 581 ἥμερον
2795 510 2956 565 αὐτὸν
3002 510 3201 580 ἴδωμεν
3233 511 3353 565 τότε
3394 512 3486 565 καὶ
3514 513 3774 583 γαληνὸν,

2191 603 2280 655 ἵνα
2309 600 2408 664 τὰς
2430 599 2831 672 άπειληφόρους
2856 600 3071 664 ἐκείνας
3090 600 3346 671 δυνάμεις
3391 601 3768 674 διαφύγωμεν.

2196 694 2309 762 Οὐχ
2333 694 2467 764 ὁρᾷς
2494 694 2617 756 τοὺς
2674 691 2909 745 ἐνταῦθα
2958 692 3293 763 στρατιώτας
3358 693 3486 757 τοὺς
3517 698 3629 760 τοῖς
3679 697 3774 767 ἄρ-

2193 801 2343 855 χουσι
2364 784 2843 855 διακονουμένους,
2896 784 3011 848 πῶς
3044 785 3281 850 ἕλκουσι,
3334 785 3453 850 πῶς
3485 786 3782 858 δεσμοῐίσι⁹

2193 875 2311 937 πῶς
2340 873 2685 944 μαστιγοῦσι,
2714 875 2830 937 πῶς
2857 875 2956 937 τὰς
2986 874 3119 926 πλευ
3129 875 3230 945 ρας
3266 874 3627 946 διορύττουσι,
3655 876 3778 943 πῶς

2192 964 2481 1035 λαμπάδας
2538 968 2660 1027 ταῖς
2720 964 2976 1035 βασάνοις
3048 964 3407 1035 προσάγουσι,
3471 965 3591 1030 πῶς
3641 967 3778 1018 ἀπο⁴

2193 1059 2511 1125 τὲμνουσινς
2559 1057 2717 1110 Ἀλλά
2754 1058 2930 1111 πάντα
2958 1056 3132 1111 ταῦτα
3187 1058 3410 1127 παίγνια
3470 1058 3566 1112 καὶ
3604 1059 3778 1128 γέλως

2196 1146 2329 1218 πρὸς
2355 1146 2565 1209 ἐκείνας
2602 1146 2699 1211 τὰς
2724 1147 3011 1219 τιμωρίας.
3037 1147 3149 1200 Kal
3180 1147 3290 1218 γάρ
3322 1144 3641 1219 πρόσκαιροι
3677 1142 3776 1201 αῦ-

2195 1256 2283 1291 ται
2309 1240 2363 1291 αἱ
2393 1238 2664 1302 κολάσεις·
2690 1239 2807 1291 ἐκεῖ
2850 1237 2905 1291 δὲ
2931 1236 3052 1290 οὔτε
3073 1240 3101 1290 0
3134 1236 3351 1307 σκώληξ
3375 1238 3620 1310 τελευτᾷ,
3651 1238 3779 1293 οὔτε

2193 1330 2255 1383 τὸ
2279 1328 2387 1399 πῦρ
2415 1328 2718 1381 σϐέννυται·
2747 1328 2841 1380 καὶ
2866 1328 2974 1399 γάρ
2994 1329 3055 1380 τὸ
3086 1328 3245 1398 σῶμα
3287 1328 3562 1399 άφθαρτόν
3604 1332 3770 1384 ἐστιν.

2209 1420 2368 1475 Ἀλλά
2398 1421 2472 1490 μὴ
2500 1419 2711 1487 γένοιτο
2728 1418 2891 1490 πείρα
2920 1419 3089 1472 ταῦτα
3113 1421 3259 1491 ἡμᾶς
3284 1420 3496 1490 μαθεῖν,
3516 1421 3649 1475 ἀλλὰ
3676 1422 3777 1491 μέ-

2197 1528 2288 1582 χρι
2320 1512 2563 1583 ῥήματος
2599 1511 2789 1581 στῆναι
2822 1512 2950 1580 ἡμῖν
3005 1511 3075 1563 τά
3104 1510 3327 1581 φοϐερά·
3375 1511 3510 1582 μηδὲ
3549 1514 3779 1583 παραδοο

2198 1605 2356 1677 θῆναι
2398 1607 2507 1668 τοῖς
2552 1604 2902 1675 βασανισταῖς
2930 1605 3187 1673 ἐκείνοις,
3226 1606 3341 1660 ἀλλ’
3401 1606 3630 1660 ἐνταῦθα
3668 1623 3778 1660 σω-

2203 1694 2576 1766 φρονισθῆναι.
2595 1696 2739 1748 Πόσα
2760 1695 2877 1748 τότε
2898 1695 3022 1767 ἐροῦ
3032 1714 3151 1766 μεν,
3178 1696 3382 1750 ἑαυτῶν
3406 1698 3775 1771 κατηγοροῦν-

2201 1805 2323 1853 τες;
2369 1788 2509 1840 πόσα
2558 1787 3006 1858 ὀλοφυρούμεθα;
3048 1789 3188 1843 πόσα
3229 1789 3536 1860 οίμώξομεν
3570 1808 3586 1857 ;
3634 1790 3777 1843 Ἀλλ’

2201 1881 2351 1934 οὐδὲν
2380 1881 2567 1949 ὄφελος
2604 1881 2808 1934 λοιπόν·
2850 1883 2973 1933 ἐπεὶ
2994 1882 3115 1935 ούδέ
3141 1884 3189 1935 οἱ
3222 1880 3432 1947 ναῦται,
3461 1883 3553 1936 τοῦ
3590 1883 3779 1936 πλοίου

2201 1973 2539 2036 διαλυθέντος
2562 1974 2657 2025 καὶ
2686 1972 3039 2039 καταδύντος,
3064 1974 3341 2043 ὠφελῆσαί
3368 1992 3419 2027 τι
3446 1974 3675 2029 δύναιντ’
3709 1975 3779 2027 ἂν

2202 2064 2407 2117 λοιπόν·
2439 2063 2562 2117 οὔτε
2598 2065 2792 2135 ἰατροὶ,
2825 2063 2917 2117 τοῦ
2952 2065 3249 2135 κάμνοντος
3284 2060 3627 2128 ἀπελθόντος·
3661 2064 3777 2118 ἀλλ’

2206 2155 2393 2226 ἐροῦσι
2418 2156 2517 2227 μὲν
2542 2154 2823 2218 πολλάκις,
2859 2157 2939 2209 ὅτι
2976 2157 3049 2209 Τὸ
3085 2160 3178 2210 καὶ
3206 2157 3265 2209 τὸ
3324 2158 3547 2227 ποιῆσαι
3584 2159 3773 2227 ἐχρῆν,

2205 2249 2383 2302 πάντα
2404 2248 2461 2301 δέ
2478 2248 2601 2315 είκῆ
2630 2248 2725 2300 καὶ
2755 2247 2950 2317 μάτην.
2981 2247 3125 2311 Ἕως
3168 2249 3264 2318 μὲν
3288 2249 3393 2321 γάρ
3422 2251 3485 2302 ἐκ
3517 2253 3616 2320 τῆς
3635 2249 3782 2320 διορ-

2206 2337 2427 2401 θώσεως
2490 2337 2700 2400 ἐλπίδες
2757 2339 2996 2408 μένουσι,
3042 2340 3135 2392 καὶ
3184 2340 3360 2407 λέγειν
3420 2342 3635 2395 ἅπαντα
3685 2340 3782 2393 καὶ

2205 2432 2377 2482 ποιεῖν
2406 2430 2531 2500 χρή·
2570 2428 2789 2482 ἐπειδὰν
2816 2429 2872 2482 δέ
2908 2429 3105 2498 μηκέτι
3136 2430 3313 2501 κύριοι
3355 2430 3582 2499 μηδενὸς
3605 2424 3779 2500 ὦμεν,

2204 2520 2296 2575 τοῦ
2332 2520 2531 2583 παντὸς
2592 2518 2740 2592 [505]
2780 2519 3189 2590 διαφθαρέντος,
3240 2521 3365 2592 είκῆ
3422 2523 3516 2574 καλ⁵
3562 2521 3781 2588 λέγεται

2207 2612 2384 2665 πάντα
2399 2611 2493 2664 καὶ
2518 2611 2744 2680 γίνεται.
2777 2612 2884 2663 Καὶ
2912 2612 3022 2682 γάρ
3056 2612 3149 2664 καὶ
3167 2610 3405 2665 Ἰουδαῖοι
3432 2609 3616 2682 ἐροῦσι
3636 2610 3779 2673 τότε,

2207 2704 2629 2774 Εὐλογημένος
2679 2706 2711 2758 ό
2770 2704 3093 2773 ἐρχόμενος
3147 2705 3218 2757 ἐν
3253 2705 3499 2773 ὀνόματι
3535 2705 3783 2771 Κυρίου*

2206 2796 2319 2850 ἀλλ’
2355 2796 2506 2849 οὺδέν
2531 2795 2735 2864 ταύτης
2763 2796 3064 2849 ἀπόνασθαι
3099 2798 3418 2866 δυνήσονται
3445 2796 3544 2867 τῆς
3577 2798 3779 2867 φωνῆς,

2208 2890 2286 2951 είς
2306 2888 2367 2940 τὸ
2392 2889 2488 2956 τὴν
2521 2888 2742 2940 κόλασιν
2765 2887 3065 2958 διαφυγεῖν·
3093 2890 3179 2942 ὅτε
3211 2890 3318 2959 γάρ
3338 2889 3443 2941 ἐδει
3472 2890 3665 2954 εἰπεῖν,
3682 2889 3783 2942 οὐκ

2208 2974 2383 3032 εἷπον.
2418 2979 2513 3030 "lv'
2545 2974 2638 3031 οῦν
2667 2979 2741 3049 μὴ
2776 2981 2869 3032 καὶ
2894 2980 3053 3049 ἡμεῖς
3101 2980 3192 3033 ἐπὶ
3215 2980 3312 3050 τῆς
3337 2978 3606 3042 πολιτείας
3627 2978 3784 3032 τοῦτο

2211 3071 2494 3141 πάθωμεν,
2526 3070 2775 3125 ἐντεῦθεν
2812 3071 2911 3143 ἤδη
2938 3071 3423 3143 μεταϐαλλώμεθα.
3465 3072 3549 3124 ἴνα
3579 3070 3655 3141 τῷ
3689 3070 3785 3141 βή-

2215 3180 2343 3233 ματι
2370 3161 2463 3214 τοῦ
2492 3162 2730 3233 Χριστοῦ
2757 3162 2895 3233 μετὰ
2937 3164 3249 3236 παρρησίας
3271 3163 3634 3235 παραστῶμεν
3684 3162 3786 3215 πά-

2214 3267 2332 3322 σης·
2364 3246 2431 3324 ἦς
2466 3250 2676 3316 γένοιτο
2697 3252 2902 3316 πάντας
2957 3254 3105 3322 ἡμᾶς
3135 3255 3429 3324 ἐπιτυχεῖν,
3476 3253 3655 3324 χάριτι
3691 3252 3788 3305 καὶ

2215 3341 2597 3415 φιλανθρωπία
2620 3341 2714 3395 τοῦ
2746 3341 2951 3413 Κυρίου
2976 3346 3007 3411 ἡ
3017 3342 3132 3414 μῶν
3176 3344 3350 3412 Ἰησοῦ
3381 3342 3635 3413 Χριστοῦ,
3662 3341 3785 3413 μεθ’

2213 3427 2274 3487 οὗ
2302 3431 2381 3504 τῷ
2417 3434 2590 3505 Πατρὶ
2644 3432 2759 3505 ἅμα
2794 3432 2873 3505 τῷ
2919 3434 3061 3506 ἁγίῳ
3086 3434 3361 3506 Πνεύματι
3383 3434 3531 3502 δόξα,
3584 3437 3676 3488 καὶ
3716 3433 3788 3488 τά

2211 3524 2355 3595 €671;-

2015 3981 2257 4036 OMIAIA
2300 3980 2354 4036 ι’.

547 4111 803 4183 Οἴδαμεν
830 4110 960 4178 γὰρ,
994 4111 1083 4163 ὅτι
1119 4111 1234 4183 ἐὰν
1255 4112 1293 4177 ἡ
1330 4113 1587 4181 ἐπίγειος
1614 4113 1782 4183 ἡμῶν
1815 4116 1971 4170 οἰκία
2004 4114 2109 4169 τοῦ

612 4179 883 4267 σκήνους
928 4180 1253 4267 ξιαταζλυθῇ,
1300 4179 1726 4267 οἱμοδομὴνέξκ
1777 4186 1925 4267 Θεοῦ
1977 4186 2111 4267 ἔχρ-

605 4268 739 4339 μςν.
791 4250 1019 4332 οίλιείαν
1058 4250 1536 4319 ἀχειροποίητον,
1583 4252 1824 4308 αἰώνιον
1860 4255 1930 4309 ἐν
1988 4250 2112 4321 τοῖς

611 4337 912 4389 ουρανοις.

612 4485 681 4530 α’.
708 4477 874 4531 Πάλιν
889 4477 988 4549 τὴν
1010 4475 1316 4547 προθυμίαν
1330 4477 1509 4530 αὐτῶν
1526 4479 1779 4550 διεγείρει
1794 4478 1879 4533 διὰ
1904 4480 1965 4534 τὸ
1980 4480 2081 4533 πολ
2094 4510 2111 4521 ο

539 4568 666 4631 λοὺς
709 4567 1009 4636 ἐπάγεσθαι
1056 4568 1415 4638 πειρασμούς,
1455 4570 1561 4623 Καὶ
1594 4569 1703 4640 γάρ
1742 4572 1888 4636 εἰκὸς
1920 4573 2113 4635 αὐτοὺς

539 4660 627 4715 διά
655 4659 754 4731 τὴν
779 4659 1050 4714 ἀπουσίαν
1081 4659 1180 4730 τὴν
1208 4658 1395 4722 αὐτοῦ,
1432 4661 1566 4729 πρὸς
1602 4661 1760 4714 τοῦτο
1796 4664 2113 4717 ἀσθενεστέ-

545 4770 668 4822 ρους
695 4751 1042 4823 γεγενῆσθαι.
1072 4752 1137 4804 Τί
1161 4747 1253 4805 οῦν
1274 4770 1466 4822 φησιν;
1490 4754 1561 4806 υύ
1586 4753 1668 4807 δεῖ
1692 4755 2013 4824 θαυμάζειν,
2032 4757 2112 4810 ὅτι

544 4846 730 4910 κακῶς
770 4848 1073 4918 πάσχομεν,
1105 4847 1223 4900 οὐδὲ
1269 4847 1632 4920 θορυὸεῖσθαι·
1676 4848 1906 4919 καὶγὰρ
1943 4851 2113 4905 πολλά

543 4936 708 5005 κέρδη
743 4939 993 4992 ἐντεῦθεν
1021 4941 1400 5012 καρπούμεθα.
1433 4942 1546 4996 Καὶ
1577 4942 1647 4996 τά
1674 4942 1773 5013 μὲν
1804 4941 2114 5012 ἔμπροσθεν

540 5019 715 5087 εἶπεν,
746 5021 874 5091 οἷον,
912 5031 992 5083 ὅτι
1026 5032 1119 5083 καὶ
1162 5034 1429 5103 νέκρωσιν
1464 5034 1558 5087 τοῦ
1604 5033 1777 5106 Ἰησοῦ
1824 5036 2115 5109 περιφέρο-

549 5134 668 5190 μεν,
701 5117 794 5171 καὶ
825 5122 923 5189 τῆς
952 5122 1233 5191 δυνάμεως
1267 5124 1432 5177 αὐτοῦ
1468 5126 1740 5194 ἀπόδειξιν
1768 5127 2114 5198 παρεχόμεθα

545 5209 829 5280 μεγίστην.
859 5209 994 5263 Ἵνα
1015 5211 1144 5282 γάρ,
1179 5215 1364 5284 φησὶν,
1389 5218 1427 5284 ἡ
1460 5218 1764 5286 ὑπερϐολὴ
1801 5219 1908 5287 τῆς
1935 5218 2116 5273 δυνάο

540 5318 696 5373 μεως
723 5296 767 5375 ᾖ
785 5301 891 5358 τοῦ
914 5302 1084 5357 Θεοῦ·
1111 5304 1323 5375 καὶτῆς
1345 5306 1692 5372 ἀναστάσεως
1712 5312 2005 5381 τεκμήριον
2029 5311 2115 5361 ἐκο

544 5396 782 5468 φέρομεν
806 5395 993 5465 σαφές·
1014 5396 1148 5452 Ἵνα
1176 5396 1303 5467 γὰρ,
1339 5399 1523 5469 φησὶν,
1556 5401 1594 5468 ἡ
1623 5399 1734 5467 ζωὴ
1778 5400 1881 5455 τοῦ
1921 5397 2113 5465 Ἰησοῦ

543 5488 854 5558 φανερωθῇ
876 5489 947 5544 ἐν
963 5488 1038 5558 τῇ
1058 5487 1245 5558 θνητῇ
1266 5489 1444 5559 σαρκὶ
1458 5489 1646 5560 ἡμῶν.
1666 5490 1955 5561 Ἐπειδὴδέ
1978 5486 2116 5557 μετά

545 5578 746 5631 τούτων
772 5575 946 5644 εἶπεν,
974 5582 1058 5635 ὅτι
1084 5582 1178 5635 καὶ
1205 5582 1234 5635 0
1261 5582 1369 5637 ἔσω
1388 5583 1546 5652 ἡμῶν
1577 5582 1862 5653 ἄνθρωπος
1891 5576 2115 5649 βελτίων

546 5668 753 5736 γίνεται
785 5670 974 5734 οὕτως.
1012 5675 1083 5727 ει
1113 5672 1222 5744 γὰρ
1255 5673 1352 5728 καὶ
1386 5676 1418 5727 ό
1454 5673 1569 5737 ἔξω
1604 5672 1771 5741 ἡμῶν
1808 5670 2116 5737 ἅνθρωπος

2212 4118 2632 4187 διαφθείρεται,
2681 4120 2867 4190 φησὶν,
2918 4122 3058 4176 ἀλλ’
3107 4125 3141 4176 d
3190 4121 3313 4176 ἔσω
3360 4122 3785 4177 ἀνακαινοῦται

2212 4208 2400 4275 ἡμέρᾳ
2426 4209 2524 4262 καί
2552 4208 2760 4277 ἡμέρα·
2787 4210 2999 4275 δεικνὺς
3026 4211 3207 4277 πάλιν,
3237 4212 3318 4265 ὅτι
3338 4211 3573 4280 τοσούτῳ
3595 4214 3786 4282 χρήσι-

2216 4310 2314 4365 μον
2338 4296 2496 4350 τοῦτο
2515 4299 2576 4350 τὸ
2608 4298 2961 4367 μαστίζεσθαι
2986 4299 3082 4353 καὶ
3105 4299 3447 4364 ἐλαύνεσθαι,
3477 4300 3671 4367 ἐπάγει
3693 4300 3785 4351 λέ-

2212 4403 2345 4454 γων,
2379 4389 2461 4441 ὅτι
2480 4390 2607 4441 ὅταν
2638 4390 2942 4462 ὁλοσχερῶς
2966 4391 3125 4444 τοῦτο
3160 4392 3405 4461 γένηται,
3431 4392 3551 4445 τότε
3577 4392 3645 4445 τὰ
3680 4411 3785 4462 μυ-

2215 4480 2305 4550 ρία
2333 4479 2511 4547 ἀγαθά
2540 4481 2937 4554 ἀναϐλαστήσει
2957 4485 3070 4545 τοῖς
3094 4482 3267 4537 ταῦτα
3288 4484 3783 4553 ὑπομεμενηκόσιν.

2215 4571 2333 4624 Ἵνα
2356 4571 2466 4642 γὰρ
2496 4571 2569 4643 μὴ
2598 4573 2833 4640 ἀκούων,
2860 4574 2942 4627 ὅτι
2969 4574 3248 4646 φθείρεται
3277 4576 3306 4628 0
3329 4568 3615 4645 ἄνθρωπός
3641 4590 3735 4627 σου
3753 4574 3787 4626 0

2211 4660 2339 4726 ἔξω,
2372 4663 2563 4734 ἀλγῇς,
2594 4662 2740 4732 λέγει
2769 4665 2869 4731 ὅτι,
2893 4665 3022 4718 ὅταν
3048 4665 3325 4728 παντελῶς
3351 4662 3510 4718 τοῦτο
3534 4664 3785 4732 γένηται,

2211 4756 2333 4807 τότε
2372 4755 2605 4823 μάλιστα
2641 4758 2877 4829 χαρήσῃ,
2918 4756 3010 4810 καλ⁵
3041 4756 3193 4827 ἥξεις
3222 4757 3313 4809 ἐπὶ
3337 4756 3581 4827 βελτίονα
3609 4755 3778 4824 λῆξιν.

2216 4847 2379 4899 Ὥστε
2410 4847 2471 4899 οῦ
2503 4846 2665 4915 μόνον
2690 4848 2877 4917 ἀλγεῖν
2908 4848 2969 4902 ού
3000 4848 3097 4909 δεῖ,
3126 4850 3191 4901 ἐκ
3219 4848 3420 4919 μέρους
3444 4845 3609 4901 αὐτοῦ
3631 4848 3784 4914 φθει-

2217 4940 2443 5009 ρομένου
2490 4938 2606 5005 νῦν,
2633 4938 2770 4993 ἀλλὰ
2815 4941 2909 4993 καὶ
2941 4939 3002 4992 τὸ
3034 4939 3154 4994 ὅλον
3194 4939 3293 5010 τῆς
3329 4940 3536 5010 φθορᾶς
3579 4937 3781 5008 ταύτης

2214 5030 2512 5100 ἐπιζητεῖν·
2535 5030 2673 5100 αῦτη
2701 5032 2810 5103 γάρ
2839 5048 2899 5084 σε
2924 5032 3160 5101 μάλιστα
3183 5034 3264 5096 είς
3296 5032 3608 5102 ἀφθαρσίαν
3636 5030 3777 5098 ἄγει·

2211 5122 2294 5174 διὸ
2324 5125 2415 5175 καὶ
2440 5124 2736 5193 ἐπήγαγεν,
2767 5122 3026 5191 Οἴδαμεν
3054 5122 3164 5191 γὰρ
3182 5122 3292 5189 ὅτι,
3317 5122 3427 5175 ἐὰν
3452 5121 3492 5189 ἡ
3524 5121 3783 5189 ἐπίγειος

2213 5211 2383 5280 ἡμῶν
2401 5214 2559 5267 οἰκία
2586 5213 2691 5267 τοῦ
2718 5213 2989 5280 σκήνους
3013 5211 3342 5280 καταλυθῇ,
3366 5209 3691 5281 οἰκοδομὴν
3712 5209 3787 5262 ἐκ

2217 5302 2367 5357 Θεοῦ
2401 5302 2638 5372 ἔχομεν,
2681 5306 2875 5358 οὶκίαν
2913 5304 3386 5373 ἀχειροποίητον,
3429 5301 3667 5356 αἰώνιον
3711 5298 3787 5352 ἐν

2210 5391 2335 5458 τοῖς
2386 5395 2682 5462 οὐρανοῖς.
2736 5396 2953 5467 Ἐπειδὴ
2978 5396 3087 5467 γὰρ
3124 5396 3215 5449 τὸν
3264 5395 3390 5466 περὶ
3431 5393 3785 5454 ἀναστάσεως

2210 5480 2477 5551 γυμνάζει
2496 5483 2653 5552 λόγον
2682 5486 2865 5552 πάλιν,
2888 5488 2969 5548 είς
2991 5486 3057 5557 ἢν
3083 5486 3320 5558 μάλιστα
3345 5485 3585 5545 ἐνόσουν,
3609 5496 3784 5554 προσο

2212 5572 2477 5642 λαμϐάνει
2506 5577 2599 5627 καὶ
2627 5577 2725 5645 τὴν
2760 5576 2869 5631 τῶν
2907 5577 3212 5632 ἀκουόντων
3244 5576 3442 5648 κρίσιν.
3479 5574 3574 5629 καὶ
3606 5573 3785 5635 οὕτως

2213 5664 2379 5720 αὐτὸν
2404 5667 2819 5732 κατασκευάζει·
2850 5668 2963 5722 ἀλλ’
2995 5669 3093 5743 οὐχ
3120 5667 3319 5738 ὁμοίως
3345 5667 3421 5730 ὡς
3450 5664 3779 5736 ἔμπροσθεν.
