4098 6222
336 216 441 273 463

343 329 564 386 cernitis
598 327 648 380 in
679 324 898 394 hujusce
939 339 1149 394 quoque
1176 324 1298 377 vitte
1335 324 1560 393 negotiis
1591 322 1781 374 bonam
1815 321 1909 372 hn-

344 422 546 475 minnm
589 426 791 486 partem
824 414 874 468 id
924 413 1132 482 facere,
1166 428 1230 468 ac
1279 414 1492 468 brevem
1539 412 1771 465 laborem
1803 413 1911 463 diu—

343 522 513 564 turns.-
544 509 737 578 quietis
766 521 922 560 causa
963 505 1274 574 suscipere:
1307 504 1515 560 tametsi
1549 519 1695 573 sazpe
1722 512 1904 555 contra

345 616 429 655 res
459 597 670 662 evenit,
701 612 856 666 quam
898 597 1219 664 sperabant?
1250 595 1348 649 llic
1391 596 1530 648 enim
1562 595 1800 649 laborum
1849 609 1911 647 ac

345 703 577 762 qutestus
617 681 766 760 :Et’pta
793 698 874 744 est
919 689 1127 758 portio;
1159 702 1304 759 stcpe
1351 687 1510 743 etiam
1554 686 1788 740 inﬁnitus
1830 693 1913 740 est

348 783 494 834 labor
514 819 529 844 ,
557 781 761 833 fructus
786 787 960 832 autem
993 778 1169 832 tenuis
1189 820 1202 841 ,
1231 792 1294 832 ac
1336 793 1476 846 smpe
1507 793 1572 830 ne
1600 777 1771 830 tenuis
1797 777 1912 846 qui-

347 871 463 925 dem
510 887 523 921 :
567 879 769 934 atvero,
816 884 935 923 cum
987 869 1055 923 de
1101 869 1302 924 caelesti
1352 884 1518 939 regno
1560 868 1752 938 agitur,
1783 883 1912 921 con-

357 962 514 1014 traria
537 968 618 1014 est
645 959 779 1014 ratio
807 978 820 1013 :
850 975 1068 1028 parvum
1099 961 1241 1015 enim
1271 959 1508 1014 laborem
1529 974 1715 1028 magna
1753 968 1911 1026 atque

350 1048 551 1103 inﬁnita
575 1048 882 1118 jucunditas
907 1049 1116 1117 excipit.
1147 1049 1420 1117 Perpende
1442 1057 1615 1102 autem
1643 1066 1655 1099 :
1681 1046 1911 1116 agricola

350 1149 513 1192 totum
543 1153 740 1192 annum
770 1139 994 1205 laborat,
1025 1147 1078 1194 et
1108 1139 1158 1192 in
1189 1139 1313 1205 fine,
1344 1154 1437 1207 spe
1463 1147 1517 1192 et
1545 1138 1912 1208 diuturnorum

352 1231 587 1284 laborum
619 1231 790 1284 fructu
821 1246 969 1299 saepe
996 1231 1213 1286 excidit.
1250 1232 1453 1285 Rursus
1481 1233 1628 1286 navis
1653 1232 1914 1302 guberna-

352 1331 434 1374 tor
457 1362 471 1385 ,
507 1329 560 1374 et
589 1321 745 1375 miles
773 1363 788 1385 ,
820 1320 886 1374 ad
915 1333 1206 1376 extremam
1233 1339 1400 1392 usque
1426 1333 1638 1377 (etatem
1673 1324 1723 1376 in
1753 1322 1911 1377 bellis

352 1421 404 1462 et
431 1410 701 1465 laboribus
748 1412 981 1476 versati,
1013 1427 1156 1482 saepe
1185 1413 1253 1466 ita
1294 1413 1415 1467 hinc
1443 1411 1708 1467 excedunt
1729 1454 1743 1476 ,
1777 1423 1832 1465 ut
1860 1422 1913 1465 et

354 1501 440 1555 ille
469 1504 722 1556 mercium
753 1518 970 1557 suarum
999 1505 1189 1574 Opibus
1238 1505 1468 1572 labatur,
1515 1515 1569 1561 et
1614 1506 1700 1560 hic
1752 1507 1911 1560 vitam

353 1607 455 1646 una
477 1607 596 1646 cum
627 1594 845 1648 victoria
876 1597 1103 1649 amittat.
1141 1597 1374 1666 Ecquam
1419 1613 1547 1669 ergo
1571 1639 1585 1663 ,
1633 1607 1685 1653 te
1731 1613 1859 1668 rogo
1896 1638 1914 1663 ,

353 1685 743 1738 excusationem
785 1685 1015 1740 habituri
1043 1702 1230 1742 sumus
1249 1731 1264 1754 ,
1289 1690 1375 1760 qui
1405 1705 1525 1745 cum
1554 1692 1604 1745 in
1631 1692 1790 1746 rebus
1819 1691 1916 1744 ﬂu-

357 1778 434 1829 xis
460 1792 541 1839 ea,
568 1793 684 1846 qua:
714 1793 832 1832 cum
859 1778 1042 1832 labore
1071 1781 1353 1847 conjuncta
1383 1793 1528 1849 sunt,
1557 1785 1913 1853 praeferimus,

358 1881 408 1920 nt
427 1884 610 1936 parum
627 1871 1083 1938 conquiescamus,
1099 1871 1180 1925 vel
1204 1887 1268 1925 ne
1288 1889 1467 1940 parum
1498 1876 1710 1943 quidem
1734 1876 1914 1943 (dubia

356 1959 546 2027 quippe
570 1961 682 2013 haec
710 1975 832 2028 spes
872 1963 972 2032 est)
995 1979 1009 2026 ;
1041 1963 1092 2015 in
1125 1963 1485 2032 spiritualibus
1510 1967 1778 2020 contrario
1803 1982 1914 2020 om-

358 2049 482 2100 nino
509 2049 666 2101 modo
708 2049 961 2104 faciamus
985 2093 999 2115 ,
1030 2067 1090 2104 ac
1116 2061 1341 2122 propter
1379 2055 1622 2124 exiguam
1654 2057 1913 2124 ignaviam

355 2139 619 2192 cruciatus
656 2140 744 2209 qui
791 2142 948 2195 nu!lis
992 2143 1168 2196 verbis
1197 2144 1448 2211 explicari
1488 2147 1725 2214 possint,
1761 2147 1914 2202 nobis

355 2229 722 2284 attrahamus?
770 2232 1026 2299 Quocirca
1058 2250 1150 2289 vos
1190 2250 1376 2290 omnes
1424 2252 1520 2290 oro
1546 2277 1561 2301 ,
1595 2246 1651 2292 ut
1703 2239 1914 2294 tandem

353 2319 636 2388 aliquando
661 2336 724 2374 ex
752 2321 851 2376 hoc
880 2334 1094 2392 stupore
1131 2339 1225 2378 vos
1265 2326 1410 2394 ipsos
1435 2328 1721 2398 recipiatis.
1749 2329 1918 2384 Nemo

355 2412 494 2463 enim
523 2421 629 2464 tum
659 2413 758 2466 erit
784 2455 797 2477 ,
830 2415 916 2482 qui
948 2431 1043 2468 nos
1069 2430 1099 2470 e
1128 2416 1300 2484 poenis
1323 2419 1519 2471 eximat
1544 2460 1559 2486 ,
1593 2436 1696 2474 non
1731 2421 1913 2487 frater,

357 2517 460 2554 non
507 2512 693 2570 pater,
723 2519 827 2557 non
880 2506 1047 2569 ﬁlius,
1097 2522 1201 2560 non
1241 2508 1479 2575 amicus,
1517 2527 1621 2563 non
1669 2512 1872 2566 vicinus
1896 2553 1911 2577 ,

357 2608 460 2645 non
487 2593 764 2662 quisquam
789 2595 958 2660 alius;
988 2597 1078 2650 sed
1102 2640 1116 2662 ,
1148 2599 1193 2653 si
1221 2615 1318 2653 nos
1361 2616 1521 2669 opera
1566 2612 1745 2656 nostra
1789 2621 1915 2672 pro-

355 2681 622 2748 diderint,
653 2685 829 2738 omnia
860 2701 1068 2754 pessum
1102 2687 1290 2754 ibunt,
1318 2705 1380 2744 ac
1408 2707 1624 2760 prorsus
1664 2693 1730 2747 de
1761 2695 1914 2749 nobis

356 2783 529 2828 actum
559 2777 680 2830 erit.
713 2776 950 2843 Quantos
971 2778 1117 2833 dives
1143 2781 1234 2835 ille
1261 2781 1430 2836 luctus
1456 2785 1670 2851 emisit,
1701 2787 1914 2856 quantis

352 2865 603 2934 precibus
641 2882 669 2920 a
710 2868 1006 2936 patriarcha
1035 2871 1344 2936 contendit,
1376 2883 1432 2927 ut
1475 2873 1734 2929 Lazarum
1761 2877 1825 2931 ad
1855 2893 1916 2932 se

357 2957 631 3010 mitteret?
676 2956 869 3012 Verum
914 2960 1034 3014 audi
1078 2962 1201 3030 quid
1250 2964 1490 3034 responsi
1519 2966 1585 3019 ab
1615 2967 1918 3024 Abrahamo

359 3045 573 3100 tulerit:
606 3045 770 3102 Chaos
799 3066 1037 3119 magnum
1067 3053 1193 3106 inter
1220 3071 1304 3108 vos
1351 3065 1395 3108 et
1421 3073 1512 3109 nos
1540 3072 1560 3111 :
1584 3059 1654 3110 ita
1684 3069 1738 3112 ut
1778 3075 1838 3112 ne
1879 3061 1916 3114 ii

357 3139 588 3205 quidem,
642 3139 728 3208 qui
779 3141 951 3194 volunt
1002 3143 1122 3196 illuc
1161 3147 1411 3213 transire,
1441 3147 1494 3201 id
1530 3151 1721 3219 possint
1767 3149 1914 3221 (Luc.

359 3226 586 3295 16.26).
615 3227 784 3294 Quam
829 3231 1037 3285 obnixis
1087 3235 1330 3302 precibus
1376 3237 1604 3307 virgines
1645 3241 1746 3294 illae
1794 3256 1913 3296 cum

359 3317 650 3385 arqualibus
677 3318 788 3372 suis
814 3331 1070 3388 egerunt,
1105 3332 1160 3376 ut
1203 3341 1389 3394 parum
1427 3327 1530 3382 olei
1572 3331 1919 3400 acciperent?

366 3405 560 3459 Verum
599 3408 718 3461 audi
759 3409 882 3478 quid
915 3411 1041 3478 ipsa:
1071 3427 1280 3484 quoque
1302 3415 1514 3471 dicant:
1545 3417 1627 3472 Ne
1652 3424 1783 3489 forte
1819 3439 1919 3477 non

360 3496 568 3564 sufficiat
590 3499 728 3550 nobis
757 3509 801 3551 et
829 3499 962 3553 uobis
985 3501 1197 3570 (Matth.
1223 3505 1310 3560 25.
1332 3507 1385 3576 9)
1410 3525 1424 3570 ;
1454 3525 1549 3563 nec
1576 3513 1747 3579 potuit
1775 3515 1920 3583 quis-

361 3602 516 3654 quam
544 3603 636 3642 eas
661 3590 713 3642 in
742 3589 1029 3645 thalamum
1058 3594 1412 3651 introducere.
1448 3599 1570 3654 [huc
1601 3602 1777 3672 itaque
1803 3605 1921 3658 ani-

363 3681 462 3734 mis
494 3682 691 3735 nostris
721 3693 1026 3752 reputantes
1049 3728 1062 3749 ,
1096 3703 1190 3740 nos
1221 3704 1430 3758 qucque
1459 3693 1580 3746 vitae
1610 3708 1805 3750 nostra:
1829 3712 1922 3750 cu-

363 3786 470 3824 ram
493 3772 893 3841 geramus.Nam
915 3776 1174 3844 quoslibet
1195 3777 1402 3834 labores
1417 3780 1636 3848 dixeris,
1659 3786 1924 3855 quoslibet

363 3865 625 3917 cruciatus
648 3864 953 3921 admoveris
978 3909 992 3932 ,
1022 3869 1153 3922 nihil
1180 3869 1295 3925 haec
1320 3875 1496 3927 omnia
1523 3885 1708 3941 erunt,
1734 3878 1776 3931 si
1804 3893 1923 3933 cum

364 3950 554 4006 futuris
581 3953 734 4008 bonis
760 3957 1120 4014 conferantur.
1155 3961 1298 4016 Pone
1347 3965 1488 4018 enim
1510 4007 1524 4030 ,
1553 3968 1594 4019 si
1628 3969 1696 4022 ita
1736 3968 1876 4024 lubet
1906 4012 1921 4036 ,

363 4039 540 4110 ignem
565 4050 619 4096 et
644 4043 835 4100 ferrum
866 4056 919 4102 et
948 4048 1171 4114 belluas,
1196 4065 1257 4106 ac
1296 4052 1339 4106 si
1387 4054 1512 4123 quid
1558 4055 1642 4110 his
1680 4061 1924 4116 acerbius

363 4140 480 4198 est;
507 4132 622 4188 hare
649 4145 817 4193 tamen
841 4154 947 4209 pra:
977 4145 1251 4198 tormentis
1275 4145 1378 4200 illis
1402 4161 1470 4202 ne
1493 4149 1692 4204 umbra:
1712 4152 1922 4221 quidem

364 4269 666 4282 -.———--——-—

1665 4289 1838 4299 ———...

1384 207 1448 264 IN
1489 205 1696 261 EPIST.
1739 204 1780 258 11
1843 204 1930 257 AD
1969 201 2121 257 COR.
2167 200 2370 255 1101111⁴
2435 202 2499 256 Χ.

3486 215 3588 269 466

2019 327 2163 372 sunt.
2213 319 2338 373 lltec
2381 319 2610 388 quirpe,
2652 332 2772 372 cum
2820 319 3191 377 vehementius
3223 323 3540 381 adhibentur
3568 370 3585 394 ,

2020 421 2129 465 tum
2159 410 2490 480 potissimum
2524 411 2658 464 levia
2703 409 3035 478 efﬁciuntur,
3085 413 3224 482 quod
3274 416 3380 468 cito
3409 425 3587 473 trans-

2017 513 2179 567 eant,
2237 501 2377 570 qnod
2427 516 2620 570 corpus
2671 500 2903 556 ferenda:
2953 502 3158 558 doloris
3207 507 3481 561 acerbitati
3526 523 3590 563 ae

1993 591 2347 646 diuturnitati
2378 592 2595 645 minime
2639 606 2732 660 par
2768 592 2858 645 sit.
2893 595 3091 647 Atvero
3144 593 3252 648 illic
3300 612 3454 652 secus
3500 613 3588 653 res

2021 683 2178 735 habet
2207 699 2218 734 :
2250 696 2370 734 nam
2419 692 2472 736 et
2518 682 2876 750 longinquitas
2903 691 2956 735 et
2985 682 3314 738 incredibilis
3343 687 3585 752 quaedam

2020 777 2328 846 magnitudo
2358 775 2513 830 simul
2542 785 2902 842 concurrunt,
2933 784 3039 830 tam
3065 777 3119 830 in
3147 778 3306 831 rebus
3340 778 3588 846 iucundis

2020 882 2174 934 quam
2221 866 2271 919 in
2322 867 2550 920 acerbis.
2602 865 2830 921 Proinde
2855 907 2870 930 ,
2910 868 3162 936 quamdiu
3201 877 3410 938 tempus
3456 880 3586 934 est,

2021 972 2452 1026 prteoccupemus
2473 956 2661 1012 faciem
2689 957 2896 1011 Domini
2921 957 2971 1010 in
2996 958 3333 1012 confessione
3351 1001 3365 1023 ,
3391 968 3448 1013 ut
3477 970 3586 1013 tum

2020 1063 2139 1103 eum
2168 1063 2382 1103 suavem
2409 1062 2472 1101 ac
2503 1047 2764 1117 placidum
2792 1063 3098 1110 cernamus,
3124 1063 3186 1102 ac
3212 1050 3444 1104 minaces
3468 1050 3589 1103 illas

2022 1149 2312 1205 potestates
2336 1137 2669 1207 elTugiamus.
2701 1140 2890 1193 Annon
2923 1138 3019 1191 hos
3047 1138 3264 1192 lictores
3299 1140 3584 1207 conspicis,

2020 1232 2110 1302 qui
2155 1232 2416 1301 przefectis
2450 1229 2814 1285 administram
2843 1233 3287 1300 operam‘navant
3312 1272 3327 1296 ,
3360 1247 3589 1301 quomo-

2020 1323 2090 1377 do
2144 1323 2398 1388 trahant,
2448 1320 2718 1391 quomodo
2766 1321 3038 1387 vinciant,
3090 1321 3358 1390 quomodo
3409 1323 3588 1391 ﬂagris

2020 1415 2290 1479 alliciant,
2314 1412 2582 1482 quomodo
2613 1413 2776 1466 latera
2801 1411 3133 1482 perfodiant,
3161 1412 3426 1482 quomodo
3448 1411 3590 1466 faces

2021 1508 2073 1562 in
2120 1507 2396 1560 tormentis
2454 1505 2816 1564 admoveant.
2855 1504 3122 1573 quomodo
3162 1506 3384 1560 secent?
3430 1505 3589 1572 Atqui

2024 1597 2138 1652 lucc
2166 1605 2354 1651 cuncta
2383 1612 2563 1650 merus
2593 1595 2748 1649 ludus
2774 1611 2836 1649 ac
2866 1596 3006 1650 risus
3047 1605 3172 1652 sunt
3196 1637 3210 1661 ,
3244 1598 3287 1650 si
3332 1612 3452 1650 cum
3485 1596 3591 1650 illis

2023 1686 2296 1755 suppliciis
2324 1695 2720 1754 comparentur.
2772 1685 2984 1739 Etenim
3012 1685 3131 1739 haec
3155 1695 3414 1740 tormenta
3449 1699 3586 1740 tem-

2023 1781 2232 1849 poraria
2275 1787 2434 1842 sunt;
2467 1778 2574 1831 illic
2603 1787 2779 1830 autem
2819 1793 2918 1831 nec
2957 1778 3154 1832 vermis
3193 1779 3414 1831 moritur
3441 1819 3457 1843 ,
3492 1792 3589 1831 nec

2024 1869 2158 1937 ignis
2203 1867 2554 1936 exstinguitur
2589 1884 2601 1918 :
2635 1881 2830 1934 corpus
2860 1867 3056 1935 quippe
3102 1876 3226 1921 tunc
3274 1867 3590 1935 incorrupti-

2022 1959 2129 2014 bile
2154 1960 2274 2012 erit.
2309 1957 2462 2012 Faxit
2488 1966 2666 2012 autem
2695 1959 2854 2020 Deus,
2882 1973 2948 2012 ne
2977 1957 3090 2012 hzec
3117 1959 3480 2028 experimento
3509 1959 3590 2010 di-

2023 2064 2263 2114 scamus,
2297 2050 2389 2102 sed
2420 2051 2555 2102 intra
2579 2049 2740 2103 verba
2772 2048 2823 2102 hi
2867 2057 3098 2102 terrores
3141 2049 3458 2110 consistant,
3491 2063 3588 2101 nec

2023 2143 2362 2200 carniﬁcibus
2405 2142 2511 2196 illis
2543 2141 2811 2196 tradantur
2834 2181 2848 2207 ,
2878 2157 3060 2195 verum
3095 2141 3179 2195 hic
3224 2142 3395 2209 potius
3431 2143 3589 2194 casti-

2022 2252 2226 2306 gentur.
2262 2236 2526 2302 Quantum
2554 2234 2836 2288 verborum
2880 2243 2988 2287 tum
3041 2233 3418 2304 profundamus
3443 2273 3458 2296 ,
3489 2247 3588 2286 nos

2023 2331 2166 2398 ipsos
2217 2328 2567 2381 accusantes!
2623 2337 2754 2394 quos
2809 2327 3037 2395 gemitus
3072 2365 3087 2391 ,
3139 2340 3273 2395 quos
3324 2325 3585 2395 singultus

2023 2421 2279 2475 edemus!
2309 2418 2412 2473 Sed
2451 2426 2575 2470 tunc
2601 2416 2732 2470 nihil
2764 2416 2888 2471 inde
2923 2415 3125 2470 fructus
3151 2430 3539 2484 consequemur
3566 2431 3584 2479 ;

2021 2509 2450 2580 quandoquidem
2475 2521 2527 2562 et
2550 2517 2722 2560 nautae
2747 2505 2912 2560 fracta
2936 2521 2998 2560 ac
3017 2507 3265 2575 depressa
3295 2523 3426 2561 nave
3455 2507 3587 2561 nihil

2023 2603 2273 2673 prodesse
2288 2609 2530 2671 possunt,
2550 2615 2648 2655 nec
2667 2600 2855 2654 medici
2878 2600 3140 2653 exstincto
3156 2609 3380 2669 :rgroto;
3403 2615 3586 2654 verum

2021 2710 2163 2764 smpe
2183 2694 2394 2764 quidem
2416 2693 2616 2758 dicent,
2631 2691 2770 2760 quod
2791 2689 2890 2743 hoc
2903 2699 3060 2759 atque
3092 2690 3217 2743 illud
3237 2690 3406 2744 facere
3430 2707 3588 2762 opor-

2023 2787 2197 2847 tebat;
2227 2784 2319 2837 sed
2358 2783 2551 2836 frustra
2595 2780 2770 2834 omnia
2816 2790 2976 2850 atque
3024 2781 3285 2833 incassum
3327 2779 3588 2837 dicentur.

2021 2875 2281 2942 Quamdiu
2309 2875 2449 2928 enim
2481 2887 2575 2941 per
2605 2872 2722 2925 vita:
2743 2884 2806 2924 ac
2826 2884 3032 2923 morum
3059 2868 3483 2923 emendationem
3514 2886 3593 2923 sa-

2021 2969 2145 3023 lutis
2183 2981 2305 3035 spes
2335 2965 2508 3018 adhuc
2535 2971 2780 3027 maneat,
2807 2960 2938 3015 nihil
2967 2973 3071 3014 non
3106 2959 3282 3014 dicere
3312 2975 3375 3014 ac
3418 2960 3592 3016 facere

2023 3073 2155 3128 opus
2169 3067 2286 3112 est:
2316 3071 2436 3111 cum
2458 3062 2633 3109 autem
2653 3052 2918 3120 nullajam
2947 3065 3034 3104 res
3059 3049 3260 3104 arbitrii
3285 3050 3448 3103 nostri
3470 3051 3589 3115 erit,

1985 3167 2082 3213 \re
2113 3157 2220 3203 tota
2260 3147 2462 3217 perdita
2500 3154 2554 3200 et
2603 3152 2880 3212 corrupta,
2914 3152 3021 3196 tum
3053 3141 3245 3196 frustra
3273 3152 3326 3196 et
3347 3142 3591 3196 dicentur

2024 3241 2201 3296 omnia
2231 3248 2286 3294 et
2313 3237 2459 3293 ﬁent.
2488 3235 2620 3290 Nam
2648 3243 2702 3289 et
2729 3233 2900 3288 Judaei
2934 3243 3046 3286 tum
3077 3231 3271 3286 dicturi
3303 3241 3426 3286 sunt
3451 3274 3464 3296 ,
3493 3233 3593 3286 Be-

2025 3332 2251 3387 nedictus
2279 3330 2365 3399 qui
2391 3328 2519 3382 venit
2566 3329 2619 3380 in
2663 3326 2864 3379 nomine
2894 3322 3099 3376 Domini
3135 3321 3306 3390 (Jonw
3336 3322 3422 3376 12.
3459 3324 3545 3392 15)
3577 3343 3591 3378 :

2025 3433 2080 3477 at
2119 3422 2321 3476 nullum
2355 3419 2514 3489 hujus
2539 3417 2688 3472 vocis
2743 3415 2969 3469 fructum
3011 3429 3202 3484 capere
3231 3423 3512 3483 poterunt,
3538 3424 3597 3468 ut

2031 3530 2244 3586 [mnam
2274 3512 2526 3582 effugiant
2553 3529 2568 3565 :
2599 3524 2718 3563 cum
2773 3508 2918 3562 cnim
2970 3507 3074 3562 hoc
3117 3507 3397 3562 dicendum
3440 3515 3593 3573 erat,

2027 3622 2132 3662 non
2171 3605 2442 3660 dixerunt.
2495 3600 2574 3656 Ne
2615 3614 2744 3669 ergo
2793 3599 2896 3653 hoc
2939 3613 3152 3668 quoque
3198 3598 3351 3653 nobis
3389 3599 3442 3653 in
3488 3599 3596 3652 vita

2029 3696 2236 3752 accidat
2256 3735 2271 3757 ,
2302 3693 2388 3747 hic
2412 3692 2522 3762 jam
2555 3692 2717 3744 vitam
2765 3689 2815 3742 in
2861 3689 3052 3742 melius
3079 3696 3467 3742 commutemus
3491 3731 3506 3754 ,
3542 3697 3600 3742 ut

2029 3790 2094 3846 ad
2121 3787 2318 3844 Christi
2343 3784 2571 3842 tribunal
2593 3799 2713 3838 cum
2736 3781 2880 3836 omni
2907 3781 3094 3837 ﬁducia
3120 3783 3372 3836 sistamur
3397 3798 3411 3836 :
3439 3797 3598 3852 quam

2030 3882 2232 3936 utinam
2261 3891 2449 3933 omnes
2485 3888 2877 3943 consequamur
2903 3887 2999 3942 per
3023 3873 3248 3941 gratiam
3278 3881 3330 3926 et
3360 3872 3600 3940 benigni-

2033 3983 2195 4029 tatem
2223 3970 2430 4026 Domini
2456 3968 2625 4024 nostri
2653 3965 2778 4021 Jesu
2822 3965 3052 4029 Christi,
3085 3979 3204 4018 cum
3248 3978 3352 4035 quo
3378 3964 3518 4019 Patri
3545 3973 3600 4018 et

2031 4063 2249 4134 Spiritui
2279 4068 2466 4118 sancto
2491 4058 2659 4131 gloria
2685 4096 2700 4122 ,
2732 4067 2836 4110 etc.

1839 4275 3599 4303 Μ

1773 4361 2116 4423 HOMlLlA
2159 4360 2243 4422 Χ.

365 4491 491 4548 Cn.
523 4494 576 4548 5.
607 4509 660 4552 v.
687 4494 740 4549 Ι.
771 4494 971 4550 Scimus
997 4494 1126 4548 enim
1152 4492 1386 4562 quoniam
1411 4496 1453 4550 si
1483 4499 1724 4552 terrestris
1750 4500 1928 4555 domus

435 4593 606 4638 nostra
649 4584 800 4654 hujus
840 4583 1149 4639 tabernaculi
1189 4585 1524 4652 dissolvatur,
1553 4589 1934 4660 wdiftcationem

436 4692 497 4728 ea:
519 4673 626 4728 Deo
655 4676 910 4741 habemus,
939 4678 1142 4730 dontum
1169 4692 1268 4730 non
1295 4674 1634 4747 manufactam
1657 4720 1670 4744 ,
1695 4690 1935 4734 wternam

438 4766 490 4818 in
518 4767 677 4819 uelis.

451 4859 502 4912 1.
537 4859 742 4913 Rursus
776 4873 960 4913 eorum
1000 4859 1323 4914 alacritatem
1350 4860 1544 4914 excitat
1567 4902 1580 4924 ,
1607 4861 1727 4930 quia
1757 4861 1936 4913 multae

377 4950 504 5019 ipsis
545 4952 862 5005 teutationes
902 4949 1282 5005 inferebantur.
1314 4950 1610 5005 Verisimile
1649 4951 1788 5004 enim
1820 4960 1936 5005 erat

368 5055 555 5094 eorum
585 5040 792 5095 animos
821 5041 890 5096 ob
917 5041 1078 5108 ipsius
1107 5041 1395 5096 absentiam
1425 5041 1724 5096 debilitatos
1753 5041 1932 5095 fuisse.

367 5129 504 5196 Quid
537 5130 696 5200 igitur
719 5132 828 5185 ait?
858 5130 995 5185 Nihil
1026 5142 1105 5185 est
1131 5132 1268 5202 quod
1296 5133 1549 5188 miremur
1573 5149 1634 5188 ac
1659 5133 1936 5202 perturbe-

367 5237 488 5276 mur
531 5221 602 5274 ob
643 5221 973 5276 calamitates
1019 5236 1130 5288 eas,
1180 5223 1371 5292 quibus
1412 5223 1674 5278 afﬁcimur
1715 5241 1728 5277 :
1773 5225 1936 5278 multa

368 5311 511 5365 enim
541 5311 819 5366 commoda
851 5312 973 5366 hinc
1014 5313 1347 5382 percipimus.
1393 5313 1627 5382 Quorum
1677 5314 1778 5368 alia
1824 5315 1939 5383 qui-

367 5405 492 5458 dem
523 5404 672 5472 prius
699 5402 864 5468 dixit,
892 5413 982 5468 ut,
1014 5403 1152 5474 quod
1196 5404 1650 5460 mortiﬁcationem
1677 5405 1801 5460 Jesu
1831 5405 1939 5459 cir-

365 5494 730 5549 cumferamus
754 5535 769 5559 ,
797 5510 861 5550 ac
888 5493 1137 5564 potentia:
1165 5493 1330 5562 ipsius
1359 5494 1623 5562 specimen
1652 5495 1939 5549 maximum

370 5585 753 5654 exhibeatnus;
792 5586 858 5642 Ut
896 5588 1047 5653 enim,
1095 5585 1280 5658 inquit,
1313 5586 1589 5642 sublimitas
1632 5589 1828 5642 virtutis
1875 5587 1940 5642 sit

2041 4501 2168 4566 Dei;
2198 4509 2252 4556 et
2286 4498 2618 4570 perspicuum
2665 4494 3071 4551 resurrectionis
3095 4502 3462 4560 argumentum
3496 4490 3610 4545 edi-

2040 4604 2190 4655 mus;
2219 4599 2274 4643 ut
2298 4604 2365 4643 ex
2392 4587 2476 4642 his
2499 4586 2677 4640 verbis
2706 4594 2868 4653 patet.
2904 4581 2971 4638 Ut
3000 4583 3096 4637 vita
3115 4580 3240 4635 Iesu
3268 4581 3610 4651 manifestatur

2039 4681 2091 4734 in
2117 4696 2268 4734 carne
2292 4691 2464 4732 nostra
2490 4677 2712 4731 mortali.
2742 4675 3091 4743 Posteaquam
3122 4681 3298 4726 autem
3322 4672 3448 4727 illttd
3473 4688 3610 4741 pra:-

2043 4782 2185 4827 terea
2230 4771 2402 4837 dixit,
2450 4769 2754 4825 interiorem
2799 4781 3009 4836 quoque
3049 4772 3287 4818 nostrum
3337 4763 3605 4818 hominem

2041 4861 2143 4918 hoc
2190 4872 2343 4933 pacto
2384 4861 2658 4914 meliorem
2689 4855 2802 4910 ﬁeri
2826 4871 2840 4919 ;
2868 4855 2980 4908 Etsi
3007 4854 3149 4909 enim
3171 4894 3185 4918 ,
3227 4853 3424 4921 inquit,
3453 4855 3496 4906 is
3527 4851 3610 4921 qui

2045 4955 2169 5026 foris
2209 4963 2282 5008 est
2309 4962 2473 5006 noster
2498 4951 2646 5003 homo
2672 4947 3027 5015 corrumpitur,
3069 4947 3111 4999 is
3148 4957 3310 4999 tamen
3345 4945 3434 5015 qui
3476 4944 3612 4998 intus

2045 5053 2116 5100 est
2135 5051 2404 5098 renovatur
2428 5041 2489 5093 de
2516 5040 2597 5092 die
2620 5039 2671 5092 in
2702 5039 2868 5100 diem;
2898 5037 3185 5092 ostendens
3214 5051 3420 5091 rursum
3447 5048 3606 5104 quan-

2045 5132 2156 5190 tum
2186 5133 2423 5188 utilitatis
2451 5131 2638 5184 afferat
2661 5130 2910 5199 vapulare
2936 5145 3000 5184 ac
3024 5128 3260 5184 divexari
3280 5170 3296 5195 ,
3323 5127 3451 5182 illud
3484 5125 3606 5179 sub.

2037 5225 2230 5296 jungit,
2278 5221 2419 5291 quod
2467 5236 2590 5275 cum
2619 5221 2773 5290 plene
2810 5231 2967 5290 atque
3011 5220 3215 5289 integre
3254 5219 3355 5272 hoc
3384 5219 3462 5279 ﬁt,
3496 5227 3628 5297 tum.

2044 5314 2318 5368 innumera
2347 5311 2486 5366 bona
2527 5311 2612 5374 iis,
2644 5311 2736 5380 qui
2766 5310 2880 5364 haec
2910 5307 3244 5363 incommoda
3274 5305 3603 5374 pertulerint,

2045 5402 2166 5458 hinc
2197 5401 2550 5473 pullulabunt.
2589 5401 2797 5455 Etenim
2835 5415 2902 5454 ne
2929 5408 3204 5453 externum
3246 5405 3393 5452 tuum
3434 5396 3605 5451 homi-

2047 5509 2169 5550 nem
2197 5493 2466 5563 corrumpi
2490 5491 2713 5547 audiens
2735 5491 2914 5546 animo
2939 5489 3296 5554 discrucieris,
3325 5489 3428 5543 hoc
3459 5503 3618 5564 asse--~

2045 5590 2115 5647 rit
2179 5583 2314 5653 quod
2361 5598 2480 5638 cum
2530 5581 2668 5638 istud
2708 5582 2864 5648 plene
2906 5591 3060 5650 atque
3088 5582 3304 5637 omnino
3342 5581 3612 5650 acciderit,
