4090 6216
498 267 599 323 46⁸7

504 393 614 434 ttnn
657 378 893 434 maxime
927 379 1188 450 gaudebis
1236 387 1395 446 atque
1445 378 1509 432 ad
1559 377 1834 431 meliorem
1881 385 2081 430 sortem

505 473 704 526 venies.
753 471 930 540 Itaque
979 484 1082 523 non
1129 467 1286 522 modo
1329 481 1433 521 non
1474 477 1553 520 est
1595 466 1904 531 dolendum,
1952 481 2073 519 cum

507 563 597 616 ille
622 563 796 632 aliqua
822 578 885 616 ex
917 570 1064 630 parte
1092 575 1230 614 nunc
1255 560 1648 628 corrumpitur;
1681 573 1867 612 verum
1893 559 2078 625 etiam,

507 665 565 708 ut
592 653 732 707 omni
761 668 827 708 ex
853 661 1001 722 parte
1023 661 1416 722 corrumpatur,
1436 651 1796 720 expetendum
1822 659 1904 705 est
1927 667 1941 702 :
1969 649 2084 702 hare

506 745 648 800 enim
672 742 941 810 corruptio
966 741 1033 796 ad
1066 743 1521 812 incorruptionem
1549 742 1779 795 maxime
1811 749 1863 795 te
1890 739 2037 794 ducit
2067 756 2080 793 :

504 852 570 890 ac
611 833 834 905 proinde
864 834 978 888 haec
999 849 1212 903 quoque
1241 834 1513 904 subjungit
1533 875 1547 900 ,
1579 834 1780 888 Scimus
1809 833 1941 886 enim
1965 831 2085 900 quia

505 927 550 978 si
577 923 828 976 terrestris
853 923 1035 977 donius
1055 932 1227 977 nostra
1252 923 1404 991 hujus
1427 923 1739 977 tabernaculi
1757 923 2084 986 dissolvatur,

506 1013 892 1081 adiﬁcationem
916 1028 979 1066 ea:
1007 1011 1113 1066 Deo
1147 1012 1406 1076 habemus,
1435 1029 1532 1066 non
1544 1010 2086 1079 manufactam,arter-

508 1119 628 1156 nam
653 1104 706 1156 in
732 1103 892 1156 ca'lis.
916 1102 1049 1169 Quia
1078 1103 1219 1156 enim
1249 1103 1653 1158 resurrectionis
1678 1107 1971 1156 doctrinam
1991 1141 2007 1167 ,
2033 1101 2088 1155 in

510 1210 613 1264 qua
642 1195 972 1264 potissimum
1001 1194 1329 1264 :egrotabant
1350 1237 1365 1262 ,
1397 1208 1582 1248 rursus
1608 1196 1944 1263 prosequitur
1962 1235 1975 1257 ,
2008 1193 2089 1249 id-

509 1285 654 1340 circo
679 1284 980 1340 auditorum
1003 1284 1262 1354 judicium
1288 1285 1446 1340 etiam
1471 1285 1714 1348 assumit,
1739 1299 1964 1354 eamque
1987 1284 2090 1340 hoc

513 1387 672 1446 pacto
697 1377 927 1431 adstruit
951 1393 966 1442 ;
999 1387 1303 1432 nontamen
1331 1376 1551 1447 perinde
1573 1385 1630 1430 ut
1657 1385 1799 1439 ante,
1829 1375 1923 1430 sed
1949 1377 2093 1431 velut

513 1483 580 1521 ex
625 1468 795 1523 altera
841 1468 1124 1522 occasiOne
1164 1469 1217 1522 in
1260 1483 1384 1522 eum
1431 1482 1732 1521 sermonem
1779 1467 2089 1536 ingressus:

510 1557 621 1623 jam
650 1557 792 1612 enim
813 1571 999 1612 eorum
1027 1573 1266 1613 errorem
1288 1565 1634 1621 correxerat;
1665 1557 1862 1626 aitque,
1893 1557 2095 1612 Scimus

517 1651 655 1721 quod
687 1650 728 1703 si
765 1652 1015 1704 terrestris
1054 1651 1233 1703 domus
1262 1660 1436 1704 nostra
1463 1649 1616 1717 hujus
1645 1650 1956 1702 tabernaculi
1988 1651 2095 1704 dis-

517 1741 762 1803 solvatur,
794 1739 1185 1808 cdiﬁcationem
1223 1756 1287 1792 ea:
1327 1737 1434 1792 Deo
1475 1739 1736 1803 habemus,
1763 1742 1967 1792 domum
1997 1756 2098 1792 non

518 1831 880 1900 nianufactmn,
894 1837 1144 1884 (sternam
1157 1829 1211 1882 in
1225 1829 1382 1884 curtis.
1410 1829 1546 1884 Sunt
1564 1829 1652 1900 qui
1677 1846 1769 1900 per
1790 1841 2097 1886 terrestrem

517 1921 734 1976 domum
765 1919 1018 1975 mundum
1050 1920 1189 1974 hunc
1215 1921 1510 1991 intelligant
1539 1939 1554 1974 :
1582 1937 1681 1990 ego
1711 1937 1838 1976 vero
1870 1922 1951 1976 his
1983 1937 2101 1976 ver-

521 2012 603 2065 bis
627 2026 821 2081 corpus
849 2013 1024 2082 potius
1052 2012 1378 2067 subindicari
1407 2013 1795 2068 contenderim.
1823 2015 1996 2082 Atque
2018 2013 2102 2066 hic

522 2101 680 2156 velim
710 2101 1039 2168 consideres,
1073 2103 1341 2172 quomodo
1374 2119 1466 2171 per
1497 2104 1709 2156 nomina
1758 2105 1870 2172 ipsa
1917 2115 2101 2157 osten-

521 2196 634 2261 dat,
677 2205 931 2264 quantum
979 2195 1153 2249 futura
1198 2196 1548 2264 praesentibus
1585 2196 1924 2250 antecellunt.
1972 2195 2102 2249 Nam

524 2303 646 2342 cum
681 2295 987 2341 terrestrem
1031 2285 1290 2352 dixisset,
1337 2287 1609 2342 caelestem
1651 2289 1932 2357 opposuit;
1981 2303 2103 2342 cum

525 2375 855 2431 tabernaculi
886 2375 1123 2440 domum,
1167 2391 1274 2445 quo
1319 2376 1484 2430 verbo
1529 2375 1722 2430 fluxam
1769 2386 1824 2432 et
1863 2376 2105 2447 fragilem

527 2467 695 2535 ipsius
715 2474 958 2520 naturam
985 2463 1238 2531 declarat,
1267 2476 1520 2520 :etcrnam
1547 2465 1776 2535 objecit:
1805 2467 2003 2521 etenim
2031 2476 2109 2520 ta-

530 2557 802 2612 bernaculi
846 2571 1037 2611 nomen
1077 2557 1394 2626 plerumque
1435 2557 1814 2626 temporarium
1856 2557 2106 2625 qniddatn

530 2648 727 2702 indicat
750 2666 763 2702 :
785 2663 850 2702 ac
875 2647 1098 2716 proinde
1121 2647 1297 2702 aiebat
1333 2646 1610 2712 Christus,
1648 2645 1716 2700 In
1745 2651 1894 2700 domo
1938 2647 2110 2704 Patris

531 2740 628 2793 mei
649 2741 933 2792 mansiones
955 2741 1129 2793 multa
1147 2748 1264 2792 sunt
1291 2737 1470 2808 (Joan.
1502 2741 1589 2794 Η.
1616 2738 1694 2808 2).
1719 2740 1870 2806 Quod
1900 2741 1943 2796 si
1967 2741 2112 2796 Scri-

533 2839 686 2900 ptura
713 2831 944 2900 quietem
970 2842 1278 2885 sanctorum
1311 2831 1634 2886 tabernaculi
1666 2833 1880 2888 nomine
1905 2835 2108 2903 uspiam

532 2920 786 2992 appellat,
815 2936 921 2975 non
961 2922 1273 2990 simpliciter
1299 2921 1428 2975 dicit
1461 2922 1800 2978 tabernacula
1821 2965 1835 2988 ,
1869 2924 1960 2979 sed
1989 2940 2110 2980 cum

535 3011 718 3067 addito
746 3028 762 3066 :
791 3025 898 3066 non
926 3010 1066 3066 enim
1095 3010 1250 3077 dixit,
1277 3010 1348 3067 Ut
1374 3027 1470 3066 vos
1500 3013 1757 3082 recipiant
1784 3014 1832 3067 in
1867 3015 2114 3070 taberna—

534 3103 673 3170 cuia,
715 3102 845 3170 sed,
875 3101 940 3156 In
979 3111 1164 3156 eterna
1211 3103 1530 3156 tabernacula
1563 3102 1713 3174 (Luc.
1748 3105 1835 3160 l6.
1875 3105 1952 3176 9).
1994 3106 2112 3161 Jain

537 3207 667 3248 vero
694 3207 815 3247 cum
853 3191 1007 3256 dixit,
1043 3190 1163 3245 Non
1203 3195 1572 3264 manufactam,
1619 3209 1760 3262 eam,
1799 3210 1916 3264 qua:
1955 3211 2114 3251 manu

537 3292 842 3340 constructa
880 3293 982 3349 est,
1028 3284 1401 3338 subindicavit.
1448 3283 1584 3349 Quid
1629 3284 1809 3355 igitur,
1851 3301 2115 3356 corpusne

537 3392 697 3431 manu
743 3375 1014 3430 conditum
1059 3375 1180 3430 est?
1217 3375 1434 3430 Minime
1462 3391 1636 3430 vero:
1679 3377 1771 3430 sed
1815 3377 1895 3430 vel
1926 3378 2116 3434 domos

539 3467 867 3520 tnanufactas
895 3465 1172 3536 designat;
1201 3466 1283 3534 vel
1314 3466 1358 3520 si
1401 3482 1506 3520 non
1539 3467 1606 3520 ita
1629 3508 1643 3531 ,
1684 3466 1902 3522 domum
1936 3469 2115 3524 taber-

541 3558 712 3612 naculi
743 3572 937 3625 corpus
965 3574 1071 3612 nun
1096 3559 1452 3613 manufactum
1476 3561 1704 3617 vocavit.
1736 3560 1850 3615 Non
1878 3563 2021 3616 enim
2049 3563 2115 3618 ad

541 3649 991 3718 comparationem
1041 3648 1168 3702 illud
1215 3651 1483 3718 opposuit,
1527 3651 1621 3706 sed
1651 3653 1892 3708 encomia
1923 3665 1976 3709 et
2004 3655 2120 3710 lau-

545 3740 640 3793 des
670 3737 946 3808 adjiciens.
977 3739 1034 3793 2.
1063 3737 1202 3792 Nam
1225 3751 1270 3794 et
1299 3741 1351 3794 in
1377 3743 1470 3796 hoc
1495 3743 1891 3813 ingemisoimus,
1921 3745 2120 3799 habita-

540 3829 724 3882 tionem
754 3837 997 3893 nostrant,
1019 3845 1132 3899 qua:
1155 3830 1218 3883 de
1245 3832 1369 3885 cwlo
1396 3843 1489 3899 est,
1516 3835 1813 3903 superindui
1840 3838 2114 3904 cupientes.

542 3920 709 3988 Quam
743 3919 1160 3976 habitationem?
1197 3921 1404 3992 Corpus
1442 3939 1471 3976 a
1497 3926 1839 3996 corruptione
1865 3927 2117 3982 alienum.

545 4014 612 4070 lit
637 4030 729 4068 cur
758 4029 896 4075 nunc
926 4014 1359 4084 ingemiscimus?
1385 4015 1646 4082 Quoniam
1671 4017 1798 4072 illud
1831 4019 1986 4090 longe
2011 4035 2122 4075 me-

547 4105 650 4158 lius
675 4113 774 4167 cst.
805 4104 874 4158 De
903 4105 1034 4158 caelo
1054 4113 1231 4165 autem
1263 4106 1433 4174 ipsum
1460 4121 1582 4163 esse
1607 4109 1702 4174 ait,
1730 4109 1852 4178 quia
1880 4111 1946 4164 ab
1972 4112 2120 4165 omni

545 4197 887 4263 corruptione
914 4196 1147 4249 innnune
1171 4205 1273 4249 est.
1303 4195 1418 4249 Non
1451 4198 1592 4251 enim
1619 4212 1814 4268 corpus
1840 4216 1870 4254 c
1897 4203 2030 4254 creto
2055 4201 2121 4255 ad

543 4301 640 4340 nos
667 4285 966 4351 delabitur,
1007 4285 1100 4340 sed
1144 4285 1246 4340 hoc
1273 4287 1530 4342 vocabulo
1572 4291 1794 4360 gratiam
1837 4293 1980 4346 illinc
2007 4310 2122 4347 ma-

545 4387 758 4432 nantem
792 4375 1007 4431 indicat.
1040 4376 1297 4442 Quocirca
1330 4388 1529 4434 tantum
1557 4383 1706 4436 abest
1735 4392 1793 4436 ut
1820 4383 1889 4437 ob
1917 4395 2120 4439 certum

543 4467 756 4538 aliquod
789 4467 1138 4522 tentationum
1167 4483 1333 4538 genus
1377 4468 1662 4526 dolendum
1707 4473 1813 4538 sit,
1861 4484 1918 4527 ut
1963 4476 2121 4530 etiam

543 4557 768 4628 quodvis
812 4558 1163 4612 tentationum
1207 4573 1377 4628 genus
1405 4572 1657 4630 expetere
1698 4562 1987 4620 debeamus
2017 4582 2030 4618 :
2059 4581 2122 4620 ac

544 4650 590 4701 si
622 4649 843 4713 diceret,
877 4647 1181 4715 lngemiscis
1202 4647 1272 4700 ob
1304 4651 1764 4719 persequutiones,
1797 4661 1852 4707 et
1876 4654 1997 4723 quia
2023 4670 2124 4708 ex-

549 4749 734 4792 ternns
764 4748 884 4791 tuus
914 4735 1074 4790 homo
1099 4737 1492 4806 corrumpitur?
1518 4739 1625 4794 imo
1663 4741 1953 4812 lngemisce
1980 4745 2123 4812 quod

548 4845 654 4882 non
684 4829 937 4899 majorem
967 4830 1017 4882 in
1044 4829 1258 4884 modum
1289 4829 1387 4884 hoc
1423 4831 1534 4898 liat,
1566 4847 1664 4886 nec
1695 4833 1746 4886 in
1791 4843 1958 4890 totum
1999 4851 2123 4891 cor.

551 4930 848 4986 rumpatur.
881 4919 1114 4977 Videsne
1143 4939 1375 4993 quonam
1407 4935 1561 4994 pacto
1585 4941 1884 4983 sermonem
1915 4929 1966 4982 in
1988 4944 2120 4984 con-

552 5011 773 5062 trarium
833 5014 1096 5077 verterit;
1157 5014 1447 5070 ostendens
1497 5016 1617 5072 ideo
1670 5019 2124 5092 ingemiscendum

553 5114 672 5154 esse
697 5140 708 5160 ,
739 5100 879 5167 quod
910 5116 1014 5154 non
1039 5102 1319 5156 confertim
1347 5108 1624 5175 venerint,
1651 5124 1770 5164 cum
1800 5109 1872 5164 illi
1902 5111 2125 5183 ingemio

551 5199 704 5247 scatit
731 5188 871 5258 quod
903 5205 996 5258 per
1022 5200 1201 5260 partes
1239 5194 1486 5248 veniant?
1516 5197 1642 5252 Ideo
1661 5199 1770 5268 jam
1795 5215 1990 5272 corpus
2017 5217 2120 5261 non

550 5280 949 5338 tabernaculum
975 5281 1228 5352 appellat,
1261 5283 1355 5337 sed
1383 5283 1796 5355 habitationem;
1828 5293 1986 5362 idque
2015 5310 2123 5349 non

551 5376 668 5429 sine
697 5388 884 5444 magna
915 5374 1141 5430 ratione.
1174 5373 1596 5433 Tabernaculum
1625 5381 1768 5436 enim
1813 5382 1967 5443 facile
2011 5385 2123 5442 dis-

551 5464 796 5528 solvitur.
823 5465 947 5521 illud
978 5476 1153 5521 autem
1175 5479 1433 5539 perpetuo
1461 5481 1656 5525 manet.
1691 5473 1744 5527 3.
1777 5473 1840 5528 Si
1859 5483 2020 5534 tamen
2041 5492 2126 5534 oe-

547 5555 673 5617 stiti,
714 5571 812 5608 non
859 5555 983 5609 nudi
1028 5559 1359 5612 inveniamur.
1409 5559 1521 5615 Hoc
1546 5571 1648 5628 est,
1685 5563 1893 5618 etiamsi
1932 5579 2124 5633 corpus

553 5643 976 5713 deposuerimus,
1005 5663 1112 5703 non
1138 5659 1310 5704 tamen
1337 5650 1453 5708 sine
1473 5664 1696 5720 corpore
1727 5652 1832 5706 illic
1850 5653 2121 5722 sistentur,

1207 263 1266 319 Β.
1307 266 1582 320 ,ΙΟᾹΝΝΙΒ
1622 263 2090 319 CHRYSOSTONH
2134 263 2448 318 ARClllEl‘.
2489 262 3023 320 CONSTANTINOP.

3662 272 3760 329 ιεε

2191 376 2284 430 scd
2309 392 2427 430 cum
2452 375 2640 432 eodem
2666 374 3048 446 incorruptibili
3071 373 3278 430 etl’ccto.
3312 377 3537 445 Quidam
3559 380 3761 447 dicunt,

2188 467 2238 520 id
2270 467 2409 535 quod
2439 465 2724 520 admodum
2757 468 2924 536 probo
2953 483 2967 520 :
2999 465 3060 520 Si
3085 467 3288 536 quidem
3308 471 3490 536 vestiti,
3523 489 3623 527 non
3645 479 3768 529 nudi

2183 554 2516 610 inveniamur.
2548 554 2622 608 Nc
2653 556 2795 608 enitn
2825 570 3014 610 omnes
3040 556 3110 610 ob
3139 561 3590 616 resurrecﬁonem
3633 581 3765 619 con-

2186 646 2373 712 lidatil,
2404 647 2499 710 ait,
2532 647 2592 703 Si
2621 658 2785 701 tamen
2811 649 2976 702 vestiti
2999 665 3017 702 :
3037 649 3140 704 hoc
3165 659 3268 716 est,
3298 652 3770 723 incorruptibilita-

2189 745 2294 790 tem
2323 746 2482 808 atque
2512 738 2812 794 immortale
2840 755 3035 810 corpus
3060 745 3408 813 consequuti;
3443 762 3503 798 ac
3524 764 3626 800 non
3649 750 3772 803 undi

2185 828 2521 892 inveniamur,
2549 830 2715 900 gloria
2745 845 2806 885 ac
2832 833 3136 887 securitate.
3167 834 3220 888 ld
3245 835 3385 905 quod
3416 837 3467 892 in
3495 842 3773 908 superiore

2187 933 2399 989 quoque
2427 921 2492 975 ad
2521 921 2828 977 Corinthios
2848 923 3074 995 epistola
3095 925 3324 991 dicebat,
3360 927 3546 984 Omnes
3570 933 3772 1000 quidem

2188 1025 2523 1082 resurgemus,
2554 1024 2602 1066 et
2626 1015 2679 1066 in
2710 1031 2802 1069 suo
2831 1017 3038 1086 quisque
3063 1018 3238 1072 ordine
3264 1021 3338 1090 (1.
3373 1019 3492 1074 Cor.
3529 1024 3613 1079 15.
3654 1024 3768 1095 25);

2191 1108 2266 1164 et,
2291 1100 2427 1156 Sunt
2448 1117 2661 1172 corpora
2678 1107 2918 1168 caelestia,
2942 1116 3058 1160 sunt
3073 1118 3119 1160 et
3140 1110 3392 1163 terrestria
3410 1111 3568 1184 (Ibid.
3589 1129 3636 1168 υ.
3655 1116 3771 1184 40).

2191 1187 2323 1243 Nam
2363 1193 2664 1246 communis
2708 1205 2791 1249 est
2819 1196 3055 1250 omnium
3087 1201 3430 1269 resurrectio,
3473 1203 3567 1258 sed
3606 1207 3774 1275 gloria

2192 1294 2298 1333 non
2331 1281 2457 1336 item
2501 1285 2800 1340 communis
2843 1297 2924 1340 est
2956 1305 2971 1340 :
3003 1303 3185 1344 verum
3233 1291 3322 1345 alii
3364 1308 3485 1348 cum
3528 1295 3730 1353 honore
3755 1342 3773 1364 ,

2193 1370 2283 1423 alii
2313 1386 2433 1424 cum
2477 1373 2762 1442 ignominia
2785 1417 2799 1440 ,
2831 1377 2920 1431 alii
2951 1377 3016 1432 ad
3049 1395 3292 1449 regnum,
3340 1383 3428 1439 alii
3469 1385 3534 1440 ad
3564 1403 3775 1455 poenam

2207 1463 2564 1517 resurrecturi
2597 1475 2742 1518 sunt.
2772 1466 2926 1533 Quod
2967 1470 3128 1525 etiam
3159 1472 3335 1541 ipsum
3365 1475 3455 1530 hic
3486 1479 3768 1547 indicavit,

2201 1562 2326 1604 cum
2355 1551 2510 1618 dixit,
2543 1553 2604 1608 Si
2635 1567 2807 1609 tamen
2839 1561 3013 1613 vestiti
3044 1578 3107 1617 ac
3134 1579 3234 1617 non
3260 1567 3388 1620 nudi
3417 1568 3758 1627 inveniamur.

2198 1639 2253 1694 4.
2288 1639 2428 1695 Nam
2458 1656 2505 1697 et
2538 1661 2653 1708 nos,
2678 1648 2766 1716 qui
2795 1664 2976 1703 sumus
3007 1653 3060 1704 in
3090 1653 3186 1708 hoc
3219 1657 3588 1723 tabernaculo,
3621 1663 3765 1732 inge-

2197 1731 2464 1786 ntiscimus
2498 1740 2723 1804 gravati,
2757 1755 2816 1791 eo
2860 1741 2999 1808 quod
3043 1743 3286 1800 nolumus
3328 1751 3634 1819 exspoliari,
3669 1731 3760 1809 sed

2193 1827 2479 1894 superveni
2485 1827 2551 1879 ri.

2270 1915 2326 1970 9..
2368 1915 2480 1972 lloc
2508 1931 2718 1972 rursum
2749 1920 2868 1974 loco
2898 1920 3054 1989 plene
3091 1930 3248 1992 atque
3277 1933 3460 1992 aperte
3490 1924 3771 1984 haeretica.

2204 2023 2320 2061 rum
2347 2023 2440 2062 ora
2467 2009 2751 2074 obstruxit,
2774 2024 2896 2064 cum
2920 2010 3171 2078 ostendit,
3199 2027 3257 2067 se
3283 2028 3387 2068 non
3409 2014 3476 2070 de
3502 2017 3608 2072 alio
3625 2028 3786 2090 atque

2204 2100 2308 2152 alio
2332 2113 2558 2170 corpore
2598 2100 2915 2171 simpliciter
2949 2103 3107 2157 verba
3143 2103 3348 2172 facere,
3379 2107 3474 2162 sed
3503 2108 3571 2164 de
3599 2125 3785 2165 corru-

2209 2190 2392 2257 ptione
2435 2199 2594 2260 atque
2641 2191 3060 2263 incorruptione.
3105 2193 3287 2266 Neque
3341 2197 3482 2252 enim
3529 2215 3590 2254 ea
3637 2205 3789 2258 nobis

2209 2282 2593 2351 ingemiscendi
2641 2299 2799 2338 causa
2836 2295 2939 2348 est,
2971 2294 3027 2340 ut
3069 2303 3296 2357 corpore
3333 2290 3620 2346 liberemur
3651 2297 3670 2362 (
3690 2295 3791 2350 hoc

2209 2375 2404 2444 quippe
2432 2392 2536 2430 non
2558 2393 2755 2432 exuere
2782 2379 3062 2450 volumus)
3085 2398 3099 2446 ;
3133 2397 3314 2436 verum
3339 2384 3406 2437 de
3426 2389 3788 2456 corruptione,

2210 2480 2329 2533 qua:
2359 2465 2457 2534 ipsi
2504 2467 2662 2530 inest,
2698 2468 2830 2521 solvi
2873 2484 3239 2540 properamus.
3277 2473 3427 2529 Unde
3454 2478 3616 2533 etiam
3638 2478 3788 2540 dicit.

2211 2557 2465 2613 Nolumus
2503 2576 2696 2630 corpus
2743 2577 2968 2626 exuere,
3025 2564 3118 2617 sed
3178 2565 3348 2633 ipsum
3396 2568 3792 2637 incorruptione

2213 2651 2598 2718 supervestirc.
2640 2653 2812 2722 Atque
2847 2654 2960 2706 haec
2990 2655 3152 2709 verba
3190 2671 3312 2709 mox
3339 2659 3578 2728 exponit,
3610 2659 3677 2714 Ut
3700 2662 3791 2713 ab-

2211 2742 2488 2803 sorbeatur,
2519 2745 2654 2812 quod
2679 2745 3002 2814 corruptibile
3025 2755 3120 2810 est,
3141 2762 3174 2798 a
3194 2748 3310 2800 vita.
3345 2749 3477 2816 Quia
3507 2751 3650 2804 enim
3678 2768 3791 2806 mo-

2215 2833 2410 2888 lestum
2461 2836 2728 2905 plerisque
2775 2850 2894 2891 csse
2938 2837 3218 2893 videbatur
3256 2855 3450 2910 corpus
3501 2841 3790 2912 deponere,

2213 2933 2373 2993 atque
2411 2941 2530 2980 cum
2572 2927 2809 2982 omnium
2849 2929 3152 2985 mortalium
3193 2932 3457 3004 sull'ragiis
3493 2937 3791 3006 pugnabat,

2215 3015 2420 3082 dicens,
2462 3016 2843 3089 Ingemiscimus
2865 3062 2880 3087 ,
2911 3023 3152 3078 nolentes
3182 3039 3248 3079 eo
3274 3027 3508 3093 liberari,
3542 3028 3624 3100 (si
3652 3009 3795 3084 enim

2216 3110 2389 3161 anima
2430 3125 2551 3164 cum
2591 3110 2658 3164 ab
2693 3111 2809 3181 ipso
2833 3111 3172 3183 disjungitur,
3198 3115 3249 3169 in
3278 3126 3424 3170 tanto
3451 3119 3594 3173 luctu
3617 3135 3797 3174 versa-

2220 3210 2322 3266 tur,
2354 3217 2607 3271 quorsum
2640 3202 2740 3258 boc
2767 3204 2866 3270 ais,
2899 3221 2996 3260 nos
3025 3207 3223 3262 idcirco
3255 3209 3627 3278 ingemiscere,
3654 3213 3796 3282 quod

2219 3307 2322 3346 non
2349 3294 2416 3347 ab
2446 3309 2510 3348 eo
2535 3295 2980 3368 distrahamur?),
3001 3313 3065 3352 ne
3088 3298 3245 3368 igitur
3272 3299 3388 3355 hrc
3420 3304 3516 3369 ipsi
3543 3304 3799 3372 objiciun-

2220 3392 2324 3448 tur,
2355 3384 2590 3440 occnrrit
2623 3387 2679 3440 'et
2709 3387 2782 3439 ait
2813 3403 2826 3443 :
2858 3385 2974 3444 Non
3007 3403 3107 3458 ego
3149 3389 3251 3446 hoc
3301 3391 3442 3452 dico.
3470 3394 3612 3460 quod
3649 3395 3717 3448 ob
3745 3395 3799 3448 id

2221 3473 2632 3544 ingctnlscamus
2661 3516 2674 3538 ,
2724 3485 2781 3531 ut
2829 3491 3023 3544 corpus
3065 3478 3392 3547 deponamns
3422 3483 3441 3548 (
3462 3497 3620 3536 nemo
3653 3487 3800 3539 enim

2220 3577 2322 3630 cst,
2363 3568 2452 3635 qui
2479 3567 2596 3622 sine
2632 3568 2794 3622 animi
2823 3570 3072 3625 mmstitia
3097 3571 3264 3638 ipsum
3289 3570 3518 3640 deponat
3554 3591 3567 3628 :
3595 3576 3805 3644 quipr

2220 3673 2341 3712 cum
2389 3658 2457 3712 de
2495 3659 2653 3713 Petro
2695 3675 2908 3730 quoque
2948 3660 3089 3715 dicat
3119 3659 3376 3728 Christus,
3406 3662 3606 3716 Tollent
3633 3675 3702 3730 te,
3735 3684 3806 3720 ac

2223 3751 2403 3804 ducent
2428 3767 2525 3818 quo
2553 3768 2650 3804 non
2677 3753 2747 3804 vis
2784 3750 2962 3824 [Joan.
2990 3753 3080 3807 2t.
3113 3752 3238 3825 18])
3271 3771 3283 3816 ;
3316 3755 3406 3808 sed
3435 3762 3489 3807 ut
3519 3755 3804 3811 immorta-

2225 3844 2390 3898 litatis
2436 3831 2793 3913 vestc'ipsum
2828 3846 3305 3916 superinducimus.
3353 3846 3464 3902 Hoc
3498 3848 3640 3902 enim
3685 3859 3797 3915 est,

2226 3953 2320 4007 per
2359 3937 2499 4009 quod
2529 3953 2756 4006 corpare
2780 3954 3084 4008 gravantur,
3117 3954 3221 3992 non
3253 3938 3393 4008 quod
3419 3955 3644 4009 corpore
3673 3957 3803 3996 con.

2226 4029 2396 4082 vestiti
2427 4043 2642 4094 sumus,
2673 4029 2765 4083 sed
2797 4029 2938 4098 quod
2978 4029 3311 4096 corruptibili
3339 4037 3393 4083 et
3420 4029 3656 4098 passibili
3681 4045 3802 4084 cor-

2225 4134 2394 4189 pore;
2431 4136 2549 4172 nam
2602 4119 2702 4178 hoc
2750 4129 2832 4174 est
2881 4119 3021 4190 quod
3068 4121 3222 4178 nobis
3271 4136 3559 4178 maerorem
3604 4121 3798 4176 atl‘crt:

2226 4225 2412 4264 verum
2460 4210 2721 4264 accedens
2773 4210 2876 4263 vita
2921 4212 3321 4280 corruptionem
3375 4212 3591 4267 conficit
3643 4223 3802 4282 atque

2226 4301 2476 4365 absumit,
2525 4317 2628 4354 non
2676 4301 2799 4355 item
2827 4316 3044 4371 corpus.
3077 4303 3141 4356 Et
3171 4303 3440 4372 quomodo
3481 4304 3584 4360 hoc
3616 4305 3804 4359 tit?in-

2226 4396 2359 4462 quit.
2413 4391 2491 4447 Nc
2537 4407 2766 4461 qua-ras,
2819 4395 2956 4448 Deus
2996 4394 3096 4449 hoc
3140 4393 3268 4449 facit
3298 4413 3313 4450 :
3342 4412 3408 4450 ne
3445 4399 3655 4451 curiose
3700 4396 3804 4452 hoc

2227 4486 2497 4552 exquiras.
2525 4481 2674 4537 Unde
2695 4484 2854 4537 etiam
2881 4484 3108 4552 subjecit
3139 4502 3152 4538 :
3186 4485 3238 4539 5.
3270 4485 3368 4550 Qui
3387 4495 3550 4539 autem
3570 4503 3662 4540 nos
3681 4486 3804 4553 e0“:-

2226 4573 2292 4624 cit
2335 4573 2388 4624 in
2435 4575 2528 4625 hoc
2571 4573 2759 4643 ipsum,
2793 4571 2953 4630 Deus.
2985 4573 3192 4640 Quibus
3219 4575 3396 4631 verbis
3424 4576 3658 4631 ostendit
3685 4577 3801 4632 hac

2221 4663 2332 4734 jam
2359 4665 2485 4720 olim
2515 4666 2730 4724 decreta
2757 4668 2939 4726 fuisse.
2971 4669 3087 4724 Non
3127 4673 3270 4726 enim
3299 4687 3440 4727 nunc
3476 4674 3704 4742 primum
3732 4676 3804 4728 ita

2227 4755 2399 4808 visum
2442 4766 2525 4811 est
2564 4756 2706 4819 Deo,
2749 4757 2843 4812 sed
2882 4773 3001 4813 cum
3033 4775 3062 4813 a
3105 4761 3362 4831 principio
3404 4776 3502 4817 nos
3546 4777 3615 4817 ex
3657 4772 3799 4817 terra

2229 4843 2496 4910 formavit,
2523 4855 2682 4916 atque
2721 4848 2984 4903 Adamum
3014 4851 3270 4905 condidit.
3311 4851 3419 4906 Nec
3445 4868 3572 4907 vero
3596 4869 3716 4907 eum
3749 4856 3802 4907 in

2229 4933 2331 4990 hoc
2356 4936 2615 5001 condidit,
2656 4946 2715 4990 nt
2739 4949 3056 5006 moreretur,
3087 4939 3179 4996 sed
3207 4951 3261 4994 ut
3299 4943 3649 4997 immortalem
3680 4959 3801 4998 eum

2227 5025 2483 5082 efficeret.
2511 5028 2698 5082 Postea
2724 5037 2780 5082 ut
2805 5027 2960 5087 fidem
2987 5029 3142 5085 dictis
3163 5031 3480 5096 adstrueret,
3507 5034 3801 5104 subjunxit,

2233 5115 2333 5190 Qui
2365 5119 2513 5172 etiam
2535 5119 2672 5178 dedit
2706 5119 2846 5174 nobis
2877 5121 3057 5190 pignus
3079 5120 3325 5191 Spiritus.
3354 5123 3482 5178 Nam
3513 5135 3566 5180 et
3597 5135 3722 5180 tunc
3753 5127 3805 5180 in

2229 5204 2372 5259 hunc
2401 5207 2557 5261 finem
2588 5207 2857 5266 hominem
2883 5209 3112 5278 eﬂinxit,
3133 5220 3188 5266 et
3215 5227 3352 5266 nunc
3369 5228 3463 5283 per
3484 5213 3808 5283 baptismum

2229 5291 2421 5356 etfacit,
2447 5295 2669 5366 ejusque
2694 5297 2770 5353 rei
2789 5313 2892 5354 non
2917 5315 3136 5369 parvum
3164 5303 3317 5358 nobis
3344 5304 3530 5374 pignus
3557 5306 3805 5374 pmbuil,

2231 5399 2425 5453 nempe
2453 5386 2710 5455 Spiritum
2737 5400 2999 5445 sanetum.
3023 5391 3353 5462 Frequenter
3369 5403 3545 5450 autem
3571 5396 3808 5466 pignoris

2232 5474 2494 5530 vocabulo
2536 5477 2722 5544 utitur,
2757 5490 2868 5535 tum
2909 5491 2968 5535 ut
2999 5481 3332 5539 demonstret
3358 5499 3417 5540 se
3459 5485 3621 5540 totius
3650 5486 3808 5556 hujus

2230 5567 2306 5620 rei
2333 5565 2628 5626 debitorem
2657 5585 2777 5627 esse
2797 5612 2812 5636 ,
2843 5585 2952 5626 tum
2981 5583 3036 5627 ut
3073 5575 3335 5644 majorem
3360 5573 3517 5633 fidem
3539 5575 3679 5644 apud
3707 5577 3809 5629 ob,

2233 5657 2461 5716 tusiorcs
2483 5659 2658 5718 verbis
2673 5662 2784 5720 suis
2809 5663 3076 5724 conciliet.
3096 5665 3150 5726 6,
3176 5665 3424 5727 Audentes
3443 5665 3596 5736 igitur
3612 5680 3802 5736 κωρα
