4098 6222
345 230 447 289 ιιιτ

344 354 457 406 ἀλλ’
486 353 560 416 ὼς
607 352 665 418 ἐξ
706 350 896 423 ἑτέρας
934 352 1239 415 ὑποθέσεως
1278 355 1357 416 εἰς
1394 353 1553 408 τοῦτο
1594 354 1781 408 ἐλθών·
1825 356 1917 408 καὶ

345 446 448 514 γάρ
473 439 613 514 ἦσαν
641 442 1023 513 διορθωθέντες
1051 444 1175 515 ήδη·
1199 444 1292 498 καί
1332 462 1515 513 φησιν,
1550 446 1811 516 Οἵδαμεν
1830 447 1918 500 ὅτι

343 535 448 589 ἐὰν
475 535 513 601 ἡ
547 535 809 604 ἐπίγειος
834 532 1002 602 ἡμῶν
1036 537 1191 589 olida
1218 533 1325 589 τοῦ
1350 535 1626 602 σκήνους
1656 542 1919 591 καταλυ-

344 627 437 695 θῇ,
471 626 561 680 ὅτι
584 625 914 695 οἰκοδομὴν
933 626 1002 679 ἐκ
1032 626 1181 680 Θεοῦ
1205 626 1445 698 ἔχομεν,
1468 628 1666 682 οὶκίαν
1689 630 1919 696 ἀχειρο-

347 719 615 786 ποίητον,
678 717 919 769 αἰώνιον
971 716 1042 769 ἐν
1084 715 1208 782 τοῖς
1246 717 1545 785 οὐρανοῖς.
1584 717 1732 789 I506]
1763 719 1919 780 Τινὲς

347 809 445 881 μὲν
473 810 573 880 τὴν
594 809 771 862 οίκίαν
795 807 893 877 τὴν
914 806 1157 875 ἐπίγειον
1181 807 1270 860 τὸν
1293 808 1496 877 κόσμον
1519 808 1707 862 τοῦτόν
1732 824 1916 877 φασιν·

345 902 454 973 ἐγὼ
480 902 535 956 δὲ
566 900 628 954 rb
664 900 823 969 σῶμα
849 899 1050 969 μᾶλλον
1078 900 1145 953 ἂν
1174 900 1341 971 φαίην
1369 901 1532 954 αὑτὸν
1560 900 1915 954 αἰνίττεσθαι.

340 994 417 1048 Σὺ
469 992 527 1047 δέ
578 1008 669 1062 μοι
711 991 922 1054 σκόπει,
952 991 1070 1054 πῶς
1101 991 1191 1045 διά
1224 991 1334 1045 τῶν
1370 993 1651 1062 ὀνομάτων
1682 992 1919 1047 δείκνυσι

344 1086 442 1155 τὴν
475 1082 748 1155 ὑπεροχὴν
774 1081 883 1136 τῶν
910 1082 1219 1152 μελλόντων
1249 1082 1388 1153 πρὸς
1415 1083 1483 1136 τά
1524 1083 1789 1153 παρόντα.
1826 1083 1920 1134 Et-

344 1174 463 1228 πὼν
491 1172 599 1245 γὰρ
625 1172 887 1240 ἐπίγειον,
919 1171 1185 1241 ἀντέθηκε
1211 1172 1310 1244 τὴν
1333 1172 1611 1243 οὐρανίαν·
1637 1169 1809 1225 εἰπὼν
1838 1170 1920 1223 0!-

285 1334 289 1337 _
348 1266 471 1320 κίαν
504 1266 757 1337 σκήνους,
790 1264 967 1318 καὶτὸ
999 1263 1305 1318 εὐδιάλυτον
1329 1264 1423 1317 καὶ
1452 1263 1786 1334 πρόσκαιρον
1812 1261 1921 1314 δεί-

350 1358 444 1423 ξας
496 1355 766 1421 ἐντεῦθεν,
814 1355 1078 1426 ἀντέθηκε
1131 1356 1232 1426 τὴν
1278 1355 1519 1409 αἰωνίαν·
1562 1356 1624 1408 τὸ
1665 1355 1773 1426 γὰρ
1821 1354 1922 1424 τῆς

349 1449 552 1520 σκηνῆς
576 1448 769 1518 ὄνομα,
800 1446 862 1500 τὸ
885 1447 1218 1517 πρόσκαιρον
1247 1446 1506 1509 πολλάκις
1539 1446 1799 1500 δείκνυσι.
1831 1446 1922 1498 Διό

347 1554 528 1607 φησιν,
565 1538 669 1592 Ἐν
687 1534 761 1605 τῇ
786 1538 941 1604 οἰκία
966 1536 1071 1591 τοῦ
1096 1539 1321 1605 Πατρός
1339 1555 1460 1606 μου
1481 1538 1665 1607 μοναί
1694 1539 1923 1593 πολλαί

344 1630 521 1683 εἰσιν.
557 1627 619 1681 El
655 1629 713 1682 δέ
755 1645 859 1681 που
900 1631 994 1682 καὶ
1020 1630 1222 1695 σκηνάς
1251 1629 1438 1700 καλοίη
1471 1630 1580 1685 τῶν
1611 1632 1782 1699 ἁγίων
1822 1633 1919 1696 τὰς

345 1721 702 1787 ἀναπαύσεις,
748 1722 847 1791 οὐχ
876 1722 1064 1786 ἀπλῶς
1095 1721 1321 1792 σκηνὰς,
1353 1722 1490 1777 ἀλλά
1519 1725 1658 1794 μετά
1682 1725 1922 1797 προσθή-

346 1830 466 1883 κης·
496 1815 556 1866 ού
592 1814 701 1885 γάρ
731 1808 906 1878 εἶπεν,
939 1814 1055 1867 Ἵνα
1078 1812 1336 1879 δέξωνται
1368 1816 1446 1877 είς
1475 1816 1573 1877 τάς
1598 1816 1803 1886 σκηνάς
1818 1818 1920 1869 αύ-

344 1903 472 1966 τῶν,
513 1903 649 1969 ἀλλ’,
680 1907 787 1968 Εἰς
811 1902 916 1969 τὰς
950 1904 1227 1970 αἰωνίους
1248 1905 1503 1972 σκηνάς.
1537 1905 1720 1960 Εἰπὼν
1748 1907 1805 1959 δὲ
1830 1908 1923 1960 καὶ

352 1996 812 2068 ’Ᾱχειροποίητον,
838 1998 1056 2068 ᾐνίξατο
1083 1998 1180 2069 τὴν
1204 1998 1598 2071 χειροποίητον.
1618 1998 1682 2050 Τί
1706 1996 1832 2064 οῦνς
1862 1998 1925 2052 rb

346 2087 506 2158 σῶμα
557 2088 968 2160 χειροποίητον;
1024 2089 1309 2159 Ούδαμῶς·
1361 2089 1476 2142 ἀλλ’
1514 2089 1547 2160 ἢ
1597 2087 1696 2153 τὰς
1745 2089 1923 2152 οίκίας

342 2179 579 2233 ἐνταῦθα
608 2180 897 2234 αἰνίττεται
926 2181 1027 2243 τάς
1046 2182 1480 2252 χειροποιήτους·
1510 2181 1542 2252 ἢ
1569 2181 1617 2232 εί
1644 2179 1718 2251 μὴ
1740 2179 1920 2247 τοῦτο,

348 2270 471 2323 ἀλλ’
502 2271 678 2323 οὶκίαν
710 2273 938 2342 σκήνους
966 2271 1025 2323 rb
1053 2270 1214 2340 σῶμα
1243 2269 1469 2324 ἐκάλεσε
1495 2270 1556 2322 rb
1579 2270 1925 2341 ἀχειροποίη-

341 2382 457 2418 τον.
505 2365 578 2417 Ού
615 2364 721 2435 γὰρ
749 2365 885 2435 πρὸς
921 2364 1333 2437 ἀντιδιαστολὴν
1376 2364 1567 2418 τούτου
1602 2363 1920 2434 ἀντέθηκεν,

344 2455 456 2507 ἀλλ’
481 2453 663 2520 αὔξων
699 2454 768 2508 τά
814 2453 1091 2524 ἐγκώμια,
1122 2455 1217 2508 καὶ
1252 2454 1562 2525 προστιθεὶς
1597 2455 1724 2518 τοὺς
1767 2453 1927 2507 ὲπαί·

342 2562 484 2610 νους.
526 2544 634 2597 Καὶ
676 2543 786 2614 γὰρ
821 2545 892 2597 ἐν
929 2546 1118 2611 τούτῳ
1155 2543 1538 2613 στενάζομεν,
1572 2543 1640 2598 τὸ
1683 2544 1926 2614 οἰκητή-

339 2650 475 2701 ριον
515 2632 684 2703 ἡμῶν
717 2635 782 2687 τὸ
822 2634 892 2699 ἐξ
934 2634 1196 2702 οὐρανοῦ
1227 2634 1679 2689 ἐπενδύσασθαι
1717 2636 1926 2690 ἐπιπο-

345 2725 611 2791 θοῦντες.
652 2727 811 2779 Ποῖον
855 2727 1202 2798 οίκητήριον;
1242 2726 1365 2780 είπέ
1412 2744 1524 2798 μοι.
1559 2728 1633 2780 Τὸ
1667 2727 1827 2798 σῶμα
1863 2726 1926 2781 rb

342 2816 643 2886 ἄφθαρτον.
670 2819 782 2872 Καὶ
804 2818 892 2872 διὰ
911 2819 963 2872 τί
988 2818 1314 2889 στενάζομεν
1344 2819 1468 2885 νῦν;
1503 2819 1719 2889 Ἐπειδὴ
1750 2817 1927 2888 πολλῴ

348 2907 558 2978 βέλτιον
602 2912 799 2965 έκεῖνο.
848 2910 938 2976 Ἐξ
979 2909 1210 2982 ούρανοῦ
1262 2910 1318 2964 δὲ
1368 2911 1502 2964 αὐτό
1548 2928 1679 2982 φησι
1725 2910 1814 2964 διά
1865 2909 1929 2962 rb

347 3000 645 3069 ἄφθαρτον.
695 3002 770 3054 Ού
802 3001 912 3072 γάρ
966 3001 1031 3073 δὴ
1082 3001 1289 3057 ἀνωθεν
1327 3004 1459 3073 ἡμῖν
1493 3003 1705 3056 κάτεισι
1748 3002 1925 3072 σῶμα,

346 3092 485 3146 ἀλλά
504 3092 602 3163 τὴν
632 3092 840 3146 ἐκεῖθεν
869 3093 1230 3163 πεμπομένην
1249 3093 1411 3165 χάριν
1438 3093 1589 3163 δηλοῖ
1610 3092 1687 3164 τῷ
1705 3093 1928 3164 ὀνόματι

348 3183 544 3255 τούτῳ.
579 3185 844 3239 Τοσοῦτον
874 3181 967 3239 οὖν
997 3187 1059 3239 οὐ
1089 3186 1171 3240 δεῖ
1193 3187 1376 3255 ἀλγεῖν
1402 3186 1495 3240 ἐπὶ
1524 3188 1637 3249 τοῖς
1665 3186 1809 3240 κατά
1840 3186 1931 3255 μέ-

353 3292 444 3345 ρος
474 3279 821 3348 πειρασμοῖς,
854 3279 935 3331 ὅτι
963 3278 1057 3332 καὶ
1083 3279 1142 3331 rb
1175 3277 1460 3333 καθολικδν
1486 3278 1568 3332 δεῖ
1597 3279 1801 3348 ζητεῖν·
1821 3278 1929 3331 ώσ-

348 3369 471 3420 ανεὶ
515 3368 687 3437 ἔλεγε,
726 3369 940 3435 Στένεις
974 3371 1056 3424 ὅτι
1098 3369 1289 3443 διώκῃ,
1335 3371 1418 3425 ὅτι
1447 3370 1729 3441 φθείρεταί
1767 3387 1860 3425 σου
1901 3373 1930 3425 ό

348 3456 639 3529 ἄνθρωπος
683 3462 712 3512 ό
759 3459 893 3526 ἔξω;
931 3460 1180 3529 στέναξον
1222 3463 1306 3515 ὅτι
1350 3463 1409 3515 ού
1464 3461 1584 3533 μεθ’
1623 3462 1931 3534 ὑπερϐολῆς

348 3550 509 3603 τοῦτο
530 3550 759 3619 γίνεται,
793 3552 930 3623 μηδὲ
953 3552 1263 3625 ὁλοκλήρως
1293 3552 1600 3625 φθείρεται.
1627 3550 1783 3618 Εἶδες
1812 3553 1930 3621 πῶς

350 3645 432 3707 είς
465 3644 777 3698 τούναντίον
810 3645 1134 3716 περιέτρεψε
1173 3646 1265 3699 τὸν
1292 3645 1472 3715 λόγον,
1509 3646 1818 3713 ἀποδείξας,
1847 3646 1929 3702 ὅτι

353 3733 492 3805 ὑπὲρ
521 3734 726 3787 τούτων
751 3735 832 3788 δεῖ
859 3735 1135 3798 στενάζειν
1169 3735 1244 3806 μὴ
1275 3737 1574 3807 γινομένων
1600 3734 1927 3808 ὁλοκλήρως,

354 3823 493 3894 ὑπὲρ
538 3817 611 3878 ὧν
663 3823 908 3896 μερικῶς
948 3826 1249 3897 γινομένων
1292 3827 1611 3893 ὲστέναζον;
1637 3826 1737 3881 Διά
1774 3826 1932 3880 τοῦτο

353 3914 477 3968 οὐδὲ
506 3920 701 3987 σκῆνος
736 3917 867 3969 αὐτὸ
907 3918 1061 3971 καλεῖ
1087 3917 1296 3981 λοιπὸν,
1323 3918 1438 3971 ἀλλ’
1468 3920 1802 3989 οίκητήριον·
1837 3918 1932 3971 καὶ⁵

356 4008 507 4078 μάλα
530 4010 774 4072 είκότως.
807 4010 869 4062 Ἦ
898 4010 996 4080 μὲν
1019 4010 1127 4079 γὰρ
1152 4010 1324 4082 σκηνή
1352 4010 1680 4064 καταλύεται
1711 4010 1930 4082 ῥᾳδίως,

353 4100 537 4151 ἐκεῖνο
563 4099 620 4152 δὲ
652 4100 801 4170 μένει
822 4102 1101 4174 διηνεκῶς.
1135 4103 1208 4157 ΕΖ
1237 4119 1304 4171 γε
1332 4103 1431 4158 καὶ
1465 4101 1861 4171 ἐνδυσάμενοι
1884 4114 1931 4164 ι,

352 4192 430 4245 οὐ
451 4191 665 4260 γυμνοί
684 4195 1147 4263 εὑρεθησόμεθα.
1171 4194 1452 4257 Τουτέστι,
1479 4193 1583 4247 κᾶν
1603 4191 1935 4264 ἀποθώμεθα

353 4283 418 4337 rb
464 4283 644 4355 σῶμα,
672 4287 732 4338 ού
764 4287 929 4360 χωρὶς
973 4285 1242 4358 σώματος,
1286 4288 1403 4339 ἐκεῖ
1447 4285 1933 4356 παραστησόμεθα,

353 4375 495 4429 ἀλλά
532 4377 626 4430 καὶ
666 4376 806 4448 μετὰ
845 4378 939 4432 τοῦ
970 4377 1134 4432 αὐτοῦ
1174 4378 1458 4449 ἀφθάρτου
1491 4376 1806 4447 γενομένου.
1839 4377 1935 4431 Τι-

354 4467 445 4529 νὲς
489 4466 546 4521 δέ
595 4484 787 4535 φασιν,
816 4467 845 4520 δ
883 4468 976 4521 καὶ
1007 4469 1239 4539 μάλιστα
1276 4467 1576 4539 ἐγκριτέον·
1623 4468 1807 4536 Εἴπερ
1838 4466 1938 4522 καί

353 4556 776 4626 ἐνδυσάμενοι,
821 4560 893 4612 οὐ
936 4558 1150 4629 γυμνοὶ
1193 4561 1656 4629 εὑρεθησόμεθα.
1684 4560 1804 4614 Ἵνα
1828 4559 1938 4630 γάρ

360 4646 436 4716 μὴ
468 4648 576 4700 ἀπὶ
608 4647 709 4718 τῆς
738 4647 1090 4712 ἀναστάσεως
1115 4649 1316 4711 πάντες
1347 4648 1617 4721 θαρρῶσι,
1655 4649 1839 4721 φησίν·
1867 4651 1947 4703 Et

355 4754 424 4807 γε
461 4741 557 4792 καὶ
590 4737 1010 4808 ἐνδυσάμενοι·
1037 4741 1335 4806 τουτέστιν,
1366 4740 1675 4814 ἀφθαρσίαν
1700 4742 1795 4795 καὶ
1831 4741 1938 4795 σῶ-

361 4846 438 4898 μα
475 4831 752 4901 ἄφθαρτον
788 4832 1063 4897 λαὸόντες·
1111 4836 1183 4888 οὺ
1212 4835 1428 4905 γυμνοὶ
1470 4836 1936 4905 εὑρεθησόμεθα,

355 4920 518 4991 δόξης
551 4923 644 4976 καὶ
675 4924 996 4992 ἀσφαλείας.
1036 4927 1101 4978 '0
1129 4926 1220 4980 καὶ
1250 4927 1308 4979 έν
1335 4928 1401 4997 τῇ
1436 4926 1542 4999 πρὸ
1569 4925 1770 4997 ταύτης
1804 4925 1938 4998 πρὸς

357 5011 681 5081 Κορινθίους
707 5013 912 5083 ἔλεγεν,
939 5016 1021 5068 ὅτι
1045 5014 1275 5083 Πάντες
1305 5014 1423 5085 μὲν
1449 5016 1935 5084 ἀναστησόμεθα,

354 5101 617 5169 ἕκαστος
640 5103 709 5157 δὲ
728 5106 800 5159 ἐν
821 5105 901 5172 τῷ
923 5106 1052 5174 ίδίῳ
1073 5106 1338 5177 τάγματι·
1365 5108 1482 5172 καὶ,
1509 5109 1674 5161 Ἔστι
1695 5104 1941 5177 σώματα

354 5195 710 5265 ἐπουράνια,
739 5198 841 5253 καί
864 5196 1110 5270 σώματα
1137 5201 1386 5271 ἐπίγεια.
1425 5201 1492 5254 Ἦ
1527 5201 1624 5271 μὲν
1663 5201 1771 5272 γὰρ
1805 5201 1939 5255 ἀνά-

358 5302 555 5352 στασις
587 5289 743 5359 κοινὴ
776 5291 1016 5357 πάντων,
1046 5293 1079 5362 ή
1102 5290 1161 5345 δὲ
1187 5291 1316 5359 δόξα
1337 5292 1525 5346 οὐκέτι
1550 5290 1726 5363 κοινὴ,
1750 5290 1866 5345 ἀλλ’
1888 5292 1939 5345 οί

424 5508 452 5579 ‘_
478 5508 529 5555 In
548 5505 785 5579 ερίςιοιξε
815 5510 1163 5579 ΡσιιΙίΛ-(ἶτειεε
1207 5510 1397 5579 legitur
1422 5511 1573 5579 ﬂiam
1600 5515 1937 5579 ἐνδυσάμενοι,

355 5569 667 5640 sedcermm
708 5569 924 5640 videtur,
948 5569 1343 5640 Chrysoslqmiim
1387 5573 1465 5623 hic
1513 5578 1691 5635 legium
1741 5569 1851 5628 έκῖυ
1889 5569 1947 5628 άξ-

358 5646 512 5691 μενοι,
540 5639 595 5680 ut
629 5645 689 5679 ex
719 5636 849 5683 serie
873 5638 980 5698 ejus
1004 5636 1367 5698 comprobatur.

1188 5819 1231 5835 κ

1391 233 1455 288 IN
1493 234 1713 292 EPIST.
1771 234 1811 290 Il
1858 234 1948 287 Al)
1982 234 2137 291 (ΞΟΠ.
2185 239 2420 295 ΙΙΟΜΙΙ..
2467 242 2531 298 Χ.

3490 250 3595 306 ιηε

2026 357 2124 425 μὲν
2172 360 2229 411 ἐν
2270 364 2428 432 τιμῇ,
2466 364 2515 415 οί
2554 361 2609 414 δὲ
2645 362 2701 415 ὲν
2731 365 2943 435 ἀτιμίᾳ,
2975 367 3067 418 καὶ
3104 367 3152 419 οί
3198 366 3295 436 μὲν
3333 366 3410 431 είς
3441 369 3598 437 βασι-

2022 447 2191 513 λείαν,
2231 451 2281 502 οί
2325 451 2473 524 [507]
2516 454 2573 505 δὲ
2610 456 2690 518 εἰς
2721 455 2941 509 κόλασιν
2977 458 3397 523 ἀναστήσονται.
3429 460 3602 513 Τοῦτο

2019 538 2151 606 γοῦν
2183 542 2276 593 καὶ
2305 543 2539 596 ἐνταῦθα
2577 544 2842 611 ἐδήλωσεν
2869 545 3061 609 εἰπὼν,
3088 546 3160 598 ΕΙ
3186 564 3250 615 γε
3273 548 3603 618 ἐνδυσάμε-

2020 648 2135 691 νοι,
2172 633 2244 685 οὐ
2273 634 2485 702 γυμνοὶ
2509 636 2970 704 εὑρεθησόμεθα.
2992 636 3100 690 Καὶ
3127 636 3234 704 γὰρ
3259 640 3314 690 οι
3339 638 3507 703 ὄντες
3529 648 3592 692 εν

2021 719 2100 786 τῷ
2132 722 2346 788 σκήνει
2395 726 2601 790 τούτῳ,
2627 725 3007 795 στενάζομεν,
3049 727 3142 795 ἐφ’
3163 720 3211 791 ᾧ
3248 729 3320 781 οὐ
3346 731 3602 794 θέλομεν

2018 813 2413 875 ἐκδύσασθαι,
2443 817 2582 871 ἀλλ’
2609 818 3078 873 ἐπενδύσασθαι.

2091 905 2157 975 β’.
2209 907 2471 961 Ἐνταῦθα
2486 908 2647 962 πάλιν
2665 908 2969 980 ὁλοσχερῶς
2991 912 3083 963 καὶ
3103 910 3289 979 σαφῶς
3318 910 3600 981 ἀπέφραξι

2019 995 2088 1048 τὰ
2113 995 2356 1064 στόματα
2386 996 2492 1050 τῶν
2513 998 2827 1069 αἱρετικῶν,
2851 999 3030 1065 δείξας
3056 1001 3135 1052 ὅτι
3160 1000 3225 1071 ού
3254 1000 3382 1069 περὶ
3413 1000 3599 1070 σώμα-

2019 1102 2112 1149 τος
2151 1085 2339 1148 ἁπλῶς
2378 1085 2686 1153 διαλέγεται
2733 1088 2895 1143 ἄλλου
2934 1089 3029 1142 καὶ
3076 1088 3259 1155 ἄλλου,
3292 1088 3429 1142 ἀλλά
3469 1090 3599 1161 περὶ

2022 1181 2228 1251 φθορᾶς
2254 1182 2348 1233 καὶ
2377 1180 2705 1252 ἀφθαρσίας.
2733 1184 2806 1236 Ob
2830 1183 2937 1253 γάρ
2958 1183 3044 1237 διά
3066 1183 3223 1236 τοῐτο
3247 1183 3597 1253 στενάζομεν,

2022 1268 2208 1340 φησὶν,
2232 1271 2318 1323 ίνα
2337 1271 2429 1324 τοῦ
2454 1271 2705 1341 σώματος
2725 1273 3129 1343 ἀπαλλαγῶμεν
3153 1272 3330 1342 (τοῦτο
3348 1274 3457 1343 γάρ
3477 1272 3600 1326 οὐδὲ

2021 1360 2352 1415 ἐκδύσασθαι
2381 1362 2730 1434 βουλόμεθα),
2760 1364 2896 1417 ἀλλά
2918 1365 3015 1433 τῆς
3047 1363 3253 1435 φθορᾶς
3287 1363 3386 1433 τῆς
3418 1368 3475 1416 ὲν
3504 1365 3604 1418 αὺ-

2020 1451 2098 1521 τῷ
2133 1451 2431 1522 σπεύδομεν
2462 1453 2912 1525 ὲλευθερωθῆναι.
2949 1455 3039 1508 Διό
3062 1472 3247 1525 φησιν,
3274 1455 3348 1507 Οὐ
3376 1454 3606 1525 θέλομεν

2022 1541 2354 1597 ἐκδύσασθαι
2398 1544 2461 1597 rb
2496 1544 2677 1615 σῶμα,
2709 1545 2824 1598 ἀλλ’
2865 1545 3258 1599 ἐπενδύσασθαι
3310 1543 3461 1615 αύτῷ
3502 1544 3603 1615 τὴν

2020 1634 2350 1707 ἀφθαρσίαν.
2381 1631 2514 1689 Εἶτα
2537 1636 2632 1689 καὶ
2652 1636 2943 1706 έρμηνεύει
2970 1636 3118 1689 αύτό·
3148 1637 3271 1690 Ἵνα
3294 1634 3604 1703 καταποθῇ

2023 1726 2088 1779 τὸ
2119 1725 2388 1795 φθαρτόν
2433 1728 2555 1780 ὑπὸ
2603 1726 2713 1795 τῆς
2757 1725 2923 1795 ζωῆς.
2970 1728 3187 1799 Ἐπειδὴ
3234 1729 3341 1799 γὰρ
3388 1728 3603 1790 πολλοῖς

2023 1812 2280 1883 φορτικὸν
2308 1808 2450 1868 εἶναι
2471 1814 2644 1868 ἐδόκει
2668 1814 2728 1868 τὸ
2748 1815 3048 1869 ἀποθέσθαι
3070 1817 3132 1869 τὸ
3155 1817 3335 1887 σῶμα,
3366 1832 3462 1871 και
3483 1819 3604 1879 ταῖς

2022 1905 2226 1977 ψήφοις
2266 1909 2387 1969 ταῖς
2418 1908 2674 1962 ἁπάντων
2713 1906 3034 1977 ἠναντιοῦτο
3061 1907 3256 1977 λέγων,
3288 1909 3369 1961 ὅτι
3403 1907 3603 1961 Στενά-

2025 1992 2210 2064 ζομεν,
2246 1994 2306 2046 ού
2342 1994 2655 2066 βουλόμενοι
2705 1999 2868 2051 αὐτοῦ
2916 1997 3334 2067 ἀπαλλαγῆναι;
3373 1999 3451 2068 (εί
3493 1997 3604 2068 γὰρ

2024 2084 2249 2138 τοιαῦτα
2289 2087 2511 2156 πάσχει,
2539 2087 2633 2141 καὶ
2658 2087 2905 2158 ὀδύρεται
2934 2087 3098 2142 αὑτοῦ
3128 2090 3160 2158 ή
3193 2088 3339 2159 ψυχὴ
3374 2086 3607 2158 χωριζοι

2028 2176 2188 2248 μένη,
2223 2177 2341 2241 πῶς
2369 2179 2433 2231 σὺ
2461 2178 2662 2248 λέγεις,
2697 2181 2882 2250 φησὶν,
2912 2182 2995 2235 ὃτι
3032 2180 3383 2250 στενάζομεν,
3415 2178 3603 2251 ἐπειδὴ

2023 2268 2086 2319 οὐ
2113 2267 2461 2338 χωριζόμεθα
2487 2270 2651 2322 αὑτοῦ
2671 2270 2719 2341 ;)
2746 2271 2810 2324 ἵν’
2847 2266 2939 2325 οῦν
2967 2271 3043 2343 μὴ
3071 2271 3242 2325 ταῦτα
3284 2271 3432 2341 αὐτῷ
3475 2271 3604 2324 ἀνθι-

2026 2358 2393 2430 υποφέρηται,
2439 2360 2559 2413 οὐδὲ
2617 2360 2728 2428 ἐγὼ
2775 2360 2933 2415 τοῦτο
2989 2361 3153 2430 λέγω,
3197 2362 3382 2432 φησιν,
3411 2362 3492 2413 ὃτι
3516 2359 3604 2414 δια

2024 2449 2183 2504 τοῦτο
2231 2452 2583 2523 στενάζομεν,
2617 2454 2703 2507 ἵνα
2740 2453 2874 2508 αὐτὸ
2899 2453 3234 2524 ἀποθώμεθα
3265 2454 3459 2521 (οὐδεὶς
3494 2454 3607 2524 γὰρ

2025 2541 2247 2607 ἀλύπως
2278 2544 2408 2597 αὐτὸ
2446 2546 2782 2599 ἀποτίθεται·
2819 2548 2952 2600 ὅπου
2992 2563 3056 2615 γε
3098 2548 3192 2600 καὶ
3233 2547 3359 2617 περὶ
3393 2546 3603 2617 Πέτρου

2025 2633 2192 2705 φησὶν
2209 2637 2238 2688 ό
2258 2636 2512 2706 Χριστὸς,
2536 2637 2618 2691 ὅτι
2645 2637 2903 2692 οἴσουσι
2923 2654 3017 2703 σε,
3046 2637 3144 2691 καὶ
3164 2637 3424 2702 ἄξουσιν
3451 2635 3604 2689 ὅπου

2027 2728 2098 2781 οὐ
2127 2725 2360 2797 θέλεις),
2391 2727 2506 2781 ἀλλ’
2537 2729 2624 2783 ἴνα
2648 2726 3072 2798 ὲπενδυσώμεθα
3097 2727 3244 2799 αὐτῷ
3272 2729 3371 2799 τὴν
3394 2727 3605 2796 ἀφθαρο

2029 2818 2168 2871 σίαν.
2205 2820 2316 2872 Καὶ
2340 2818 2449 2890 γὰρ
2475 2819 2635 2872 τοῦτό
2662 2821 2831 2883 ἐστιν,
2858 2814 2903 2888 ᾧ
2944 2821 3004 2873 τὺ
3042 2820 3199 2890 σῶμα
3234 2815 3602 2890 βαρυνόμεθα·
3660 2850 3667 2855 -

2027 2909 2125 2979 οὐχ
2167 2909 2250 2962 ὅτι
2297 2910 2477 2979 σῶμα,
2514 2910 2627 2963 ἀλλ’
2657 2913 2740 2965 ὅτι
2770 2910 3009 2980 φθαρτὸν
3046 2909 3410 2981 περικείμεθα
3447 2908 3606 2978 σῶμα

2029 3000 2122 3054 καὶ
2156 2999 2416 3070 παθητόν·
2448 3000 2604 3055 τοῦτο
2649 3002 2758 3073 γάρ
2790 3004 2921 3073 ἡμῖν
2967 3001 3065 3054 καὶ
3104 3000 3201 3072 τὴν
3246 3000 3421 3071 λύπην
3461 3015 3604 3071 παρ-

2030 3090 2164 3158 έχει·
2191 3088 2326 3142 ἀλλά
2360 3090 2641 3144 ἀναλίσκει
2675 3091 2769 3143 καὶ
2805 3091 3024 3162 δαπανᾷ
3054 3091 3152 3161 τὴν
3185 3090 3391 3159 φθοράν
3420 3091 3453 3159 ή
3494 3088 3607 3160 ζωὴ

2031 3182 2464 3253 παραγινομένη,
2488 3183 2587 3252 τὴν
2615 3182 2842 3255 φθοράν,
2873 3182 2934 3235 ού
2955 3183 3016 3235 rb
3042 3181 3222 3253 σῶμα.
3250 3180 3500 3244 Καὶιπῶς
3524 3181 3609 3249 γί-

2031 3289 2180 3325 νεται
2218 3273 2407 3334 τοῦτο;
2435 3274 2589 3344 φησί.
2625 3275 2716 3345 Μὴ
2742 3276 2915 3346 ζήτει,
2946 3276 2975 3328 ὁ
3006 3275 3139 3339 Θεὸς
3167 3277 3329 3329 ποιεῖ·
3356 3274 3432 3345 μὴ
3460 3289 3609 3345 περι-

2032 3363 2289 3434 εργάζου.
2320 3367 2411 3417 Διὸ
2440 3366 2535 3419 καὶ⁵
2569 3368 2872 3436 ἐπήγαγεν,
2906 3367 2959 3419 '0
2989 3365 3057 3419 δὲ
3084 3365 3609 3435 κατεργασάμενος

2030 3451 2189 3521 ἡμᾶς
2235 3456 2322 3519 εὶς
2376 3454 2523 3509 αὐτὸ
2570 3455 2764 3519 τοῦτο,
2820 3456 2984 3521 Θεός.
3045 3455 3324 3510 Ἐντεῦθεν
3366 3454 3608 3507 δείκνυσι

2031 3545 2202 3600 ταῦτα
2232 3545 2440 3600 ἀνωθεν
2470 3546 2915 3617 προτυπωθέντα.
2948 3547 3021 3600 Ού
3057 3548 3166 3618 γάρ
3199 3546 3294 3600 νῦν
3316 3547 3477 3600 τοῦτο
3497 3546 3610 3599 ἔδο-

2034 3636 2122 3702 ξεν
2148 3638 2195 3702 δ,
2228 3639 2343 3692 ἀλλ’
2375 3641 2463 3693 ὅτε
2494 3639 2552 3704 ἐξ
2584 3640 2757 3710 ἀρχῆς
2780 3640 3040 3694 ἔπλαττεν
3064 3642 3210 3712 ἡμᾶς
3237 3640 3343 3693 ἀπὸ
3362 3640 3485 3709 γῆς,
3513 3641 3609 3693 καὶ

2031 3729 2124 3783 τὸν
2155 3730 2327 3800 Ἀδὰμ
2353 3730 2726 3801 ἐδημιούργει·
2751 3733 2852 3785 οὐκ
2874 3734 2953 3794 είς
2973 3731 3130 3784 τοῦτο
3157 3732 3214 3784 δὲ
3235 3731 3604 3803 ἐδημιούργει,

2035 3823 2121 3876 ἵνα
2150 3823 2417 3895 ἀποθάνῃ,
2446 3823 2560 3877 ἀλλ’
2591 3824 2678 3875 ἴνα
2712 3824 2805 3876 καὶ
2830 3822 3097 3877 ἀθάνατον
3122 3823 3443 3893 ἐργάσηται.
3473 3819 3608 3877 Εἶτα

2033 3914 2095 3967 rb
2128 3913 2439 3981 ἀξιόπιστον
2466 3913 2697 3979 δεικνὺς,
2741 3914 2836 3968 καὶ
2878 3914 2978 3984 τήν
3010 3913 3284 3979 ἀπόδειξιν
3325 3913 3605 3984 παρέχων,

2036 4008 2332 4079 ἐπήγαγεν,
2366 4008 2430 4060 ’0
2456 4007 2551 4060 καί
2577 4006 2721 4072 δοὺς
2740 4006 2848 4060 τὸν
2873 4005 3184 4074 ἀρραϐῶνα
3209 4005 3315 4060 τοῦ
3338 4005 3611 4075 Πνεύμα-

2035 4119 2157 4167 τος.
2190 4102 2298 4154 Καὶ
2324 4100 2433 4171 γὰρ
2477 4100 2570 4152 καὶ
2599 4100 2719 4153 τότε
2753 4099 2847 4153 ἐπὶ
2886 4100 3060 4171 τούτῳ
3088 4098 3364 4162 διέπλασε,
3397 4099 3488 4151 καὶ
3513 4097 3610 4152 νῦν

2038 4194 2118 4256 είς
2163 4190 2321 4246 τοῦτο
2365 4190 2769 4261 κατειργάσατο
2805 4190 2895 4244 διά
2933 4189 3027 4243 τοῦ
3082 4189 3480 4260 βαπτίσματος,
3515 4190 3612 4242 καὶ

2035 4283 2226 4337 τούτου
2248 4282 2523 4354 παρέσχεν
2540 4285 2674 4354 ἡμῖν
2700 4282 2953 4354 ἐνέχυρον
2973 4283 3034 4335 ού
3060 4282 3274 4354 μικρὸν,
3303 4281 3362 4335 τὸ
3390 4279 3611 4351 Πνεῦμα
3727 4309 3731 4313 -

2036 4375 2098 4429 rb
2130 4375 2302 4449 ἅγιον..
2334 4374 2579 4445 Συνεχῶς
2604 4375 2661 4429 δὲ
2687 4374 2980 4446 ἀρραόῶνα
3004 4375 3176 4439 καλεῖ,
3202 4373 3484 4443 ὀφειλέτην
3512 4375 3611 4427 αὑ·

2036 4468 2126 4521 τὸν
2147 4466 2426 4533 ἀποδεῖξαι
2448 4466 2769 4537 βουλόμενος
2800 4466 2894 4520 τοῦ
2927 4466 3146 4533 παντὸς,
3181 4467 3274 4520 καὶ
3302 4466 3611 4531 ἀξιοπιστό-

2037 4575 2199 4629 τερον
2226 4560 2319 4612 καὶ
2361 4556 2611 4613 ἐντεῦθεν
2642 4562 2753 4623 τοῖς
2783 4559 3113 4630 παχυτέροις
3143 4559 3487 4629 καταστῆσαι
3517 4558 3611 4611 τὸν

2038 4653 2213 4722 λόγον.
2254 4650 2624 4723 Θαρροῦντες
2656 4650 2771 4709 οὖν
2809 4653 3086 4718 πάντοτε,
3121 4655 3219 4708 καὶ
3257 4653 3503 4719 ειδότες.
3538 4652 3613 4705 Tb

2039 4746 2418 4815 θαρροῦντες,
2449 4745 2586 4817 πρὸς
2615 4746 2742 4809 τοὺς
2780 4746 3073 4816 διωγμοὺς,
3098 4744 3235 4817 πρὸς
3262 4745 3362 4808 τάς
3391 4745 3614 4798 ἐπιδουσ-

2038 4836 2156 4903 λὰς,
2193 4836 2328 4907 πρὸς
2358 4838 2480 4897 τοὺς
2518 4836 2783 4898 θανάτους
2819 4836 2946 4898 τοὺς
2980 4838 3223 4906 συνεχεῖς
3265 4835 3502 4907 είρηταιο
3534 4835 3610 4900 ὡς

2041 4927 2106 4980 ἂν
2135 4928 2185 4979 εί
2210 4926 2416 4995 ἔλεγεν,
2456 4926 2697 4978 Ἐλαύνει
2729 4926 2790 4977 σέ
2805 4942 2896 4988 τις
2915 4927 3008 4980 καὶ
3032 4925 3218 4979 διώκει
3245 4925 3339 4982 καὶ
3364 4928 3610 4999 ἀναιρεῖς

2044 5018 2119 5090 μὴ
2158 5018 2492 5089 καταπέσης·
2534 5018 2673 5088 ὑπὲρ
2711 5015 2807 5070 σοῦ
2833 5016 2895 5071 rb
2923 5018 3033 5071 πᾶν
3060 5017 3290 5086 γίνεται·
3330 5019 3405 5089 μὴ
3442 5018 3613 5088 φοδη⁴

2042 5109 2161 5180 θῇς,
2189 5107 2324 5163 ἀλλά
2356 5109 2568 5180 θάρρει.
2604 5109 2714 5162 Καὶ
2737 5108 2846 5179 γὰρ
2873 5108 2941 5162 δι’
2962 5108 2991 5162 ὃ
3023 5108 3301 5174 στενάζεις
3334 5107 3483 5180 [508]
3517 5108 3613 5161 καὶ

2042 5201 2247 5270 ἀλγεῖς,
2270 5201 2354 5253 ὅτι
2384 5199 2557 5272 φθορᾷ
2588 5199 2882 5266 δουλεύεις,
2904 5200 3060 5255 τοῦτο
3093 5201 3307 5270 ἀναιρεῖ
3334 5197 3519 5252 λοιπὸν
3540 5198 3612 5251 ’ἐκ

2041 5290 2134 5345 τοῦ
2161 5291 2347 5361 μέσου,
2372 5291 2466 5345 καὶ
2490 5291 2790 5361 ταχύτερόν
2819 5308 2879 5345 σε
2907 5291 3111 5360 ταύτης
3141 5289 3473 5345 ἀπαλλάιτει
3514 5288 3625 5358 τῆς

2042 5382 2302 5446 δουλείας.
2334 5381 2426 5436 Διὸ
2469 5384 2564 5436 καί⁹
2601 5382 2770 5450 λέγει,
2806 5381 3176 5450 Θαρροῦντες
3200 5377 3315 5438 οὖν
3334 5380 3611 5447 πάντοτε,

2110 5541 2137 5578 δ
2162 5539 2269 5591 Alia
2320 5542 2491 5598 lectio,
2525 5554 2667 5602 quam
2700 5543 2752 5588 in
2795 5540 3011 5602 margine
3054 5539 3199 5590 affert
3241 5536 3451 5591 Samius
3495 5537 3613 5601 [52;-

2050 5607 2120 5661 ξεν
2147 5618 2241 5652 non
2265 5604 2541 5667 spernenda
2567 5603 2780 5652 \‘ldPllll‘.
