4090 6216
499 313 601 367 469

493 430 615 500 οὐχὶ
644 430 700 482 ἐν
732 429 852 489 ταῖς
880 423 1145 481 ἀνέσεσιν,
1181 415 1321 471 ἀλλά
1347 414 1440 466 καὶ
1471 414 1527 464 ἐν
1553 412 1673 472 ταῖς
1703 408 1935 476 θλίψεσι,
1966 402 2063 456 καὶ

493 499 719 589 ειδότες
739 521 827 574 ὅτι
851 512 1250 582 ἐνδημοῦντες
1269 508 1338 560 ἐν
1357 504 1436 570 τῷ
1458 505 1704 574 σώματι,
1728 499 2067 569 ἀποδημοῦ-

488 631 605 685 μεν
633 587 751 667 άπὸ
771 609 876 661 τοῦ
902 603 1138 671 Κυρίου·
1169 598 1267 652 διὰ
1292 596 1551 662 πίστεως
1574 595 1681 664 γὰρ
1714 587 2067 660 περιπατοῦ-

490 681 624 775 μεν,
659 704 729 755 οὐ
750 700 847 751 διὰ
873 696 1092 759 εἴδους·
1120 689 1454 761 θαρροῦμεν
1477 688 1546 742 δὲ
1579 688 1675 740 καὶ
1698 681 2067 751 εὐδοκοῦμεν

492 790 875 860 ἀποδημῆσαι
902 789 970 841 ἐκ
999 787 1107 841 τοῦ
1129 786 1425 854 σώματος,
1443 782 1540 836 καί
1564 778 1896 850 ἐνδημῆσαι
1918 775 2068 845 πρὸς

493 885 602 938 τὸν
623 882 858 948 Κύριον.
888 877 963 932 Τὸ
997 877 1180 949 μεῖζον
1207 877 1426 930 πάντων
1460 873 1687 945 ὕστερον
1713 870 1948 924 τέθεικε·
1972 867 2066 921 τοῦ

490 971 602 1042 γάρ
629 969 904 1039 ἄφθαρτον
936 967 1120 1022 λαϐεῖν
1150 966 1210 1019 τὸ
1241 964 1379 1036 μετά
1406 962 1643 1036 Χριστοῦ
1668 958 1804 1015 εἶναι
1837 959 2063 1029 βέλτιον.

499 1063 565 1116 Ὀ
614 1061 670 1116 δὲ
712 1060 882 1129 λέγει,
937 1058 1095 1113 τοῦτό
1136 1058 1304 1111 ἐστιν’
1349 1057 1423 1111 Οὐ
1470 1055 1749 1109 σϐέννυσιν
1787 1050 1943 1123 ἡμῶν
1970 1048 2067 1120 τὴν

494 1153 640 1224 ζωὴν
668 1156 697 1207 ὁ
728 1151 981 1223 πολεμῶν
1026 1150 1121 1204 καὶ
1167 1148 1428 1221 ἀναιρῶν
1472 1148 1545 1219 μὴ
1578 1145 1838 1216 φοϐηθῇς
1877 1143 2068 1214 θάρρει

494 1245 990 1315 κατακοπτόμενος.
1028 1243 1102 1295 Οὐ
1135 1243 1245 1314 γὰρ
1281 1241 1440 1313 μόνον
1472 1239 1675 1310 φθορᾶς
1703 1254 1762 1290 σε
1790 1234 2068 1290 ἀπαλλάτσ

493 1351 577 1388 τει
611 1336 704 1388 καὶ
741 1333 960 1405 βάρους,
993 1333 1132 1388 ἀλλά
1155 1335 1248 1386 καὶ
1281 1331 1358 1402 τῷ
1394 1330 1586 1401 Κυρίῳ
1620 1346 1678 1381 σε
1709 1324 2069 1397 παραπέμπει

495 1428 724 1496 ταχέως.
753 1427 842 1479 Διὸ
874 1426 995 1480 οὐδὲ
1029 1422 1204 1489 εἶπεν,
1234 1426 1422 1486 Ὀντες
1454 1423 1511 1475 ἐν
1535 1419 1614 1491 τῷ
1644 1418 1880 1489 σώματι,
1909 1415 1984 1476 ὡς
2011 1415 2069 1466 ἐν

494 1518 753 1587 ἀλλοτρία
797 1516 967 1569 ὄντων
1014 1515 1109 1568 καὶ
1155 1514 1301 1586 ξένῃ.
1340 1511 1583 1577 Είδότες
1615 1503 1729 1561 οὖν
1762 1505 1851 1558 ὅτι
1895 1502 2069 1569 ἐνδη-

491 1610 751 1681 μοῦντες
777 1608 845 1661 ὲν
880 1606 961 1672 τῷ
988 1605 1233 1674 σώματι,
1265 1601 1642 1672 ἐκδημοῦμεν
1667 1597 1783 1652 ἀπὸ
1812 1595 1918 1650 τοῦ
1953 1598 2072 1649 Κυ-

490 1709 650 1769 ρίου·
701 1698 1032 1767 θαρροῦμεν
1079 1695 1148 1748 δὲ
1189 1697 1288 1748 καὶ
1325 1691 1695 1760 εὐδοκοῦμεν
1735 1684 2073 1757 ἐκδημῆσαι

496 1792 620 1848 ἀπὸ
649 1792 756 1845 τοῦ
795 1791 1091 1858 σώματος,
1130 1787 1231 1840 καὶ
1267 1782 1605 1852 ἐνδημῆσαι
1644 1780 1793 1850 πρὸς
1816 1778 1926 1834 τὸν
1955 1778 2072 1832 Κύ-

489 1897 650 1949 ριον.
679 1876 834 1942 Εἶδες
862 1877 981 1941 πῶς
1015 1877 1084 1931 τά
1108 1875 1328 1947 λυπηρά
1352 1873 1832 1945 ἀποκρυψάμενος,
1859 1870 1928 1924 τὰ
1954 1866 2073 1921 6νό-

502 1987 649 2041 ματα
672 1970 765 2023 τοῦ
802 1969 1034 2023 θανάτου
1085 1970 1177 2022 καὶ
1215 1968 1314 2037 τῆς
1337 1966 1617 2036 τελευτῆς,
1644 1964 1711 2017 τά
1743 1962 1947 2032 σφόδρα
1974 1978 2073 2014 πο-

501 2062 650 2116 θεινά
704 2062 816 2115 ἀντ’
866 2060 1043 2115 αὐτῶν
1086 2060 1353 2122 τέθεικεν,
1405 2057 1662 2128 ἐνδημίαν
1710 2054 1848 2108 αὐτὰ
1893 2052 2076 2107 καλῶν

502 2154 640 2223 πρὸς
665 2153 754 2207 τδν
779 2153 932 2206 Θεόν·
968 2153 1064 2206 καὶ
1102 2152 1171 2206 τά
1193 2150 1453 2205 δοκοῦντα
1479 2144 1617 2202 εἶναι
1643 2146 1855 2215 γλυκέα
1891 2144 2073 2214 ἀφεὶς,

498 2244 569 2298 τά
601 2248 699 2314 τῆς
730 2242 897 2314 ζωῆς,
918 2243 1026 2297 ἀπὸ
1054 2242 1163 2296 τῶν
1188 2239 1449 2311 λυπηρῶν
1478 2238 1618 2292 αὐτά
1645 2236 1950 2305 ὠνόμασεν,
1981 2233 2076 2286 ἐκ-

498 2336 703 2408 δημίαν
729 2336 837 2390 ἀπὸ
859 2335 1063 2405 Κυρίου
1090 2334 1191 2405 τὴν
1211 2332 1443 2387 ἐνταῦθα
1472 2330 1711 2390 καλέσας
1744 2327 1924 2399 ζωήν;
1950 2323 2080 2378 Τοῦ-

499 2443 563 2479 το
585 2425 640 2479 δέ
671 2424 947 2495 ἐποίησεν,
981 2424 1068 2477 ἵνα
1095 2423 1283 2494 μηδεὶς
1310 2422 1450 2492 μήτε
1475 2422 1588 2482 τοῖς
1619 2415 1886 2489 παροῦσιν
1913 2415 2078 2485 ἐμφι-

500 2517 738 2588 λοχωρῇ.
776 2515 913 2569 ἀλλά
946 2515 1041 2569 καὶ
1073 2512 1390 2585 βαρύνηται,
1423 2512 1562 2582 μήτε
1587 2509 1796 2582 μέλλων
1821 2507 2080 2578 τελευτᾷν

502 2607 666 2678 ἀλύῃ,
695 2608 831 2662 ἀλλά
860 2607 954 2661 καὶ
972 2606 1162 2679 χαίρῃ,
1195 2604 1271 2667 ὡς
1293 2602 1387 2656 ἐπὶ
1418 2601 1643 2673 μείζονα
1671 2599 1849 2655 ἀπιὼν
1878 2598 2077 2669 ἀγαθά.

503 2691 639 2750 Εἶτα
659 2695 746 2750 ἵνα
776 2696 963 2768 μηδεὶς
984 2693 1135 2765 είπῃ,
1163 2691 1395 2755 ἀκούων,
1415 2690 1499 2743 ὃτι
1527 2686 1937 2757 Ἐκδημοῦμεν
1961 2684 2083 2740 ἀπὸ

504 2787 611 2842 τοῦ
634 2787 876 2853 Κυρίου,
907 2784 973 2837 Τί
994 2784 1168 2837 ταῦτα
1196 2783 1402 2851 λέγεις,
1431 2779 1856 2853 ἀλλπριούμεθα
1877 2774 1970 2832 06v
1987 2777 2084 2832 αὐ-

504 2878 601 2932 τοῦ
647 2877 882 2931 ἐνταῦθα
908 2876 1102 2939 δντεςς
1137 2872 1524 2946 προδιώρθωσε
1565 2872 1720 2925 τοῦτο
1755 2869 1945 2935 εἰπὼν,
1982 2869 2085 2923 Διὰ

509 2970 767 3034 πίστεως
786 2966 897 3037 γὰρ
919 2965 1382 3035 περιπατοῦμεν,
1408 2967 1480 3019 οὐ
1510 2964 1609 3018 διὰ
1629 2963 1849 3029 εῑδους·
1882 2963 1977 3014 καὶ
2001 2962 2087 3014 ἐν-

509 3060 683 3115 ταῦθα
716 3059 815 3129 μὲν
835 3059 997 3113 αὐτὸν
1027 3058 1205 3126 ἴσμεν,
1229 3057 1344 3110 ἀλλ’
1369 3059 1467 3127 οὐχ
1489 3056 1632 3110 οῦτω
1663 3054 1869 3125 σαφῶς.
1907 3054 1972 3107 '0
1993 3053 2087 3107 καὶ

511 3150 746 3222 ἀλλαχοῦ
792 3149 961 3219 λέγει,
1007 3150 1111 3205 Ἔν
1148 3148 1439 3218 ἐσόπτρῳ,
1477 3150 1592 3215 καὶ,
1632 3148 1728 3201 Ἐν
1767 3147 2085 3215 αἰνίγματι.

516 3244 857 3315 ϐαρῤυῦμεν
882 3242 950 3296 δὲ
985 3242 1084 3296 καὶ
1112 3241 1503 3309 εὐδοκοῦμεν.
1533 3240 1725 3305 Βαϐαῖ,
1756 3237 1860 3292 ποῦ
1888 3238 1981 3292 τὸν
2002 3237 2089 3290 λό-

516 3354 612 3407 γον
640 3338 1011 3407 περιήγαγεν;
1053 3334 1131 3397 εἰς
1164 3332 1458 3402 ἐπιθυμίαν
1495 3333 1672 3404 ἄκραν
1712 3331 1986 3401 τελευτῆς,
2030 3328 2090 3383 τδ

517 3427 773 3496 φορτικὸν
812 3426 911 3496 ἡδὺ
950 3423 1148 3489 δείξας,
1199 3424 1292 3478 καὶ
1338 3423 1401 3476 τὸ
1425 3423 1522 3493 ἡδὺ
1551 3422 1827 3493 φορτικόν·
1866 3421 1928 3474 τὺ
1959 3420 2089 3491 γὰρ,

518 3518 926 3587 Εὺδοκοῦμεν,
958 3516 1354 3588 ἐπιθυμοῦμεν,
1389 3515 1542 3586 φησι.
1575 3514 1640 3568 Τί
1674 3511 2089 3584 ἐπιθυμοῦμεν;

532 3607 902 3677 Ἐκδημῆσαι
928 3608 998 3661 ἐκ
1018 3608 1124 3662 τοῦ
1145 3608 1440 3676 σώματος,
1465 3606 1563 3661 καὶ
1585 3604 1927 3675 ἐνδημῆσαι
1945 3604 2094 3673 πρὸς

522 3701 762 3768 Κύριον.
798 3698 969 3752 Τοῦτο
997 3698 1054 3751 δὲ
1078 3698 1165 3751 ἀεὶ
1196 3701 1360 3760 ποιεῖ,
1384 3697 1413 3751 ὃ
1438 3697 1532 3751 καὶ
1565 3694 1872 3767 ἔμπροσθεν
1897 3694 2091 3760 ἔδειξα,

524 3793 603 3853 είς
622 3790 879 3844 τάναντία
907 3791 1252 3860 περιτρέπων
1279 3791 1372 3843 τὸν
1393 3789 1548 3857 λόγον
1573 3788 1680 3842 τῶν
1708 3784 2095 3854 ἀντιλεγόντων

524 3883 691 3954 αὐτῷ.
728 3883 826 3936 Διὸ
863 3882 964 3935 καί
998 3884 1483 3953 φιλοτιμούμεθα,
1514 3882 1634 3936 εἴτε
1673 3879 2093 3948 ἐνδημοῦντες,

524 3974 644 4029 alte
681 3972 1105 4040 ἐκδημοῦντες,
1135 3972 1450 4041 εὐάρεστοι
1488 3969 1650 4035 αὐτῷ
1680 3966 1853 4024 εἶναι.
1883 3968 1958 4020 Τὸ
1989 3966 2097 4037 γὰρ

526 4064 855 4138 ζητούμενον
877 4064 1037 4119 τοῦτό
1057 4067 1192 4129 ἐστι,
1218 4063 1404 4132 φησὶν,
1431 4062 1496 4117 ἀν
1521 4079 1579 4115 τε
1609 4063 1730 4114 ἐκεῖ
1750 4053 1919 4130 ῶμεν,
1950 4059 2013 4114 ἄν
2038 4074 2098 4110 τε

422 4214 427 4217 ι
528 4154 782 4220 ἐνταῦθα,
808 4155 951 4209 κατὰ
976 4153 1201 4225 γνώμην
1228 4152 1392 4206 αὐτοῦ
1428 4152 1546 4223 ζῆν’
1582 4151 1739 4205 τοῦτο
1766 4153 1875 4221 γάρ
1900 4152 2015 4203 ἐστι
2039 4149 2102 4202 τὸ

528 4249 961 4321 προηγούμενον.
999 4247 1163 4300 ’Ὥστε
1227 4244 1477 4299 ἐντεῦθεν
1525 4244 1627 4314 ἤδη
1677 4243 1775 4314 τὴν
1828 4241 2101 4311 βασιλείαν

529 4340 674 4413 ἔχεις
701 4340 830 4395 ἀνευ
852 4338 1105 4411 δοκιμῆς.
1136 4337 1257 4391 ἰνα
1283 4336 1393 4407 γὰρ
1434 4335 1509 4405 μὴ
1541 4333 1705 4388 πάλιν
1735 4335 1816 4396 είς
1836 4331 2103 4402 τοσαύτην

530 4431 776 4495 ἐλθόντες
808 4429 1110 4501 ἐπιθυμίαν
1150 4428 1357 4482 ἀλύωσι
1397 4425 1534 4498 πρὸς
1572 4425 1671 4496 τὴν
1704 4424 1960 4495 μέλλησιν
2006 4424 2104 4493 τῆς

531 4521 844 4592 ἐπιδημίας,
870 4521 1118 4575 ἐντεῦθεν
1151 4520 1252 4591 ἤδη
1274 4519 1488 4573 δίδωσιν
1512 4517 1697 4580 αὐτοῖς
1724 4515 1787 4570 τὸ
1810 4515 2104 4585 κεφάλαιον

531 4613 641 4668 τῶν
669 4611 911 4682 ἀγαθῶν.
940 4612 1005 4666 Τί
1029 4611 1087 4665 δέ
1110 4609 1270 4664 τοῦτό
1303 4610 1418 4663 ἐστι
1442 4625 1456 4674 ;
1489 4607 1563 4662 Τὸ
1587 4607 1912 4677 εὐαρέστους
1941 4598 2102 4659 εἶναι.

536 4705 671 4761 Οὐδέ
716 4704 824 4774 γὰρ
875 4701 936 4756 τὸ
985 4700 1238 4756 ἀπελθεῖν
1278 4698 1463 4762 ἁπλῶς
1512 4697 1695 4763 καλὸν,
1736 4696 1873 4750 ἀλλά
1917 4695 1978 4749 τὸ
2015 4695 2104 4747 εὐ-

536 4798 861 4868 δοκιμοῦντα
893 4838 909 4862 ,
963 4796 1028 4851 δι’
1079 4794 1108 4849 ὃ
1163 4793 1368 4863 γίνεται
1431 4788 1594 4842 καλὸν
1658 4789 1880 4842 κάκεῖνο
1914 4802 1929 4817 ·
1987 4786 2110 4841 οὐδέ

539 4888 601 4943 τδ
661 4888 847 4953 ἀπλῶς
914 4887 1147 4941 ἐνταῦθα
1224 4880 1362 4938 εἶναι
1434 4879 1605 4952 βαρὺ,
1662 4877 1799 4934 ἀλλά
1858 4877 2131 4950 τδπροσ-.

545 4977 831 5047 κρούοντα.

616 5065 767 5139 [509]
780 5075 849 5133 γ’.
883 5067 974 5137 Μὴ
1001 5068 1178 5120 τοίνυν
1205 5065 1391 5134 νόμιζε
1407 5065 1504 5135 τὴν
1521 5067 1585 5119 ἐκ
1597 5062 1691 5117 τοῦ
1710 5063 1959 5132 σώματος
1973 5062 2109 5116 ἀπο-

543 5162 606 5232 δη
615 5157 743 5233 μίαν
769 5158 959 5228 ἀρκεῖν
976 5174 991 5188 ·
1027 5158 1230 5227 ἀρετῆς
1256 5155 1367 5226 γὰρ
1394 5154 1670 5227 πανταχοῦ
1687 5154 1865 5226 χρεία.
1901 5154 2111 5226 Ὠσπερ

543 5250 654 5324 γὰρ
688 5245 858 5302 είπὼν
892 5244 1210 5311 ἀνάστασιν,
1239 5245 1340 5299 οὐκ
1358 5245 1569 5314 ἀφῆκεν
1596 5247 1733 5317 αὐτῇ
1762 5245 1985 5318 θαρρεῖν
2015 5246 2112 5316 μό-

544 5363 657 5407 νον,
678 5343 870 5412 λέγων,
904 5339 977 5395 Εί
1007 5356 1075 5409 τε
1100 5338 1198 5395 καί
1224 5337 1643 5409 ἐνδυσάμενοι,
1673 5340 1745 5394 οὐ
1773 5339 1984 5410 γυμνοί
2011 5342 2114 5394 εὐ-

540 5434 917 5502 ρεθησόμεθα
935 5447 947 5461 ·
992 5429 1135 5485 οὓτω
1177 5430 1272 5485 καὶ
1319 5428 1629 5502 ἀποδημίαν
1673 5427 1873 5493 δείξας,
1912 5428 1999 5482 ἴνα
2039 5427 2115 5498 μὴ

548 5524 775 5597 νομίσῃς
831 5524 1002 5594 αὐτὴν
1063 5523 1302 5595 ἁρκεῖνι
1368 5539 1451 5577 σοι
1508 5519 1646 5592 πρὸς
1709 5519 2000 5590 σωτηρίαν,
2031 5517 2111 5584 τὸ,

620 5729 645 5759 ⁸
666 5728 817 5779 Sull.
844 5726 893 5778 in
913 5740 1090 5790 mal-3.,
1112 5729 1342 5792 ἀποχρῇν.

1270 300 1326 352 S.
1365 292 1650 352 JOANNIS
1686 284 2169 347 CHRYSOSTOMI
2206 281 2522 338 ARCHIEP.
2557 281 3108 338 CONSTANTINOP.

3636 270 3741 325 470

2174 402 2516 473 Εὐαρέστους
2558 402 2642 455 δεῖ
2690 396 2850 466 εἶναι,
2896 399 3255 471 προσέθηκεν.
3295 399 3510 473 Ἐπειδὴ
3562 401 3743 456 τοίνυν

2172 492 2511 564 προῦτρεψεν
2561 492 2669 545 ἀπὸ
2717 491 2927 545 πολλῶν
2973 490 3244 562 χρηστῶν,
3288 491 3472 544 λοιπὸν
3509 492 3605 545 καὶ
3634 494 3745 546 ἀπὸ

2170 582 2281 636 τῶν
2305 580 2771 653 σκυθρωποτέρων
2801 579 2971 649 φοϐεῖ.
3003 581 3076 632 Τὸ
3112 579 3220 651 γὰρ
3253 580 3532 652 συμφέρον
3562 583 3656 635 καὶ
3685 584 3745 636 ἐν

2171 677 2240 746 τῇ
2284 674 2474 745 κτήσει
2518 673 2626 725 τῶν
2658 673 2876 741 ἀγαθῶν
2906 672 3000 726 καὶ
3055 672 3113 726 ἐν
3142 675 3207 744 τῇ
3242 675 3385 744 φυγῇ
3427 672 3536 726 τῶν
3561 673 3745 728 κακῶν

2174 767 2513 832 συνίσταται,
2545 767 2681 837 ὅπερ
2723 766 2842 819 ἐστὶ
2865 765 3060 834 γέεννα
3096 766 3188 819 καλ⁸
3216 764 3481 833 βασιλεία.
3524 765 3745 837 Ἐπειδὴ

2172 858 2230 912 δὲ
2262 856 2420 911 τοῦτο
2465 854 2686 926 μείζονα
2731 855 2844 927 ἔχει
2877 856 2976 925 τὴν
3008 856 3182 926 ίσχὺν,
3211 855 3272 907 τὸ
3300 857 3491 925 φυγεῖν
3524 855 3747 909 κόλασιν

2175 947 2340 1019 (ἔνθα
2395 946 2493 1017 μὲν
2521 948 2631 1018 γὰρ
2667 946 2828 1017 μέχρι
2879 945 2970 999 τοῦ
3022 945 3095 1016 μὴ
3139 945 3325 998 λαϐεῖν
3382 945 3450 998 τά
3503 944 3683 1013 ἀγαθὰ
3712 947 3748 1017 η

2175 1040 2241 1111 ζη
2252 1042 2372 1112 μία,
2408 1039 2645 1103 εὐκόλως
2685 1041 2735 1092 οί
2792 1038 2976 1092 πολλοὶ
3000 1036 3157 1091 τοῦτο
3185 1040 3445 1091 οίσουσινο
3474 1037 3540 1091 ἀν
3573 1036 3630 1090 δέ
3654 1037 3750 1090 καὶ

2178 1132 2339 1203 μέχρι
2360 1113 2451 1185 τοῦ
2473 1128 2658 1194 κακῶς
2675 1128 2887 1195 παθεῖν,
2908 1128 3090 1182 οὐκέτι
3109 1146 3123 1159 ο
3154 1128 3259 1182 ἔδει
3282 1128 3382 1199 μὲν
3402 1128 3511 1198 γὰρ
3534 1128 3748 1197 ἐκείνην

2175 1225 2448 1295 ἀφόρητον
2500 1222 2765 1294 νομίζειν,
2822 1221 2961 1276 ἀλλά
3014 1221 3100 1276 διά
3150 1222 3250 1292 τὴν
3305 1220 3587 1274 ἀσθένειαν
3638 1218 3750 1272 τῶν

2176 1316 2387 1370 πολλῶν
2432 1316 2525 1370 καὶ
2579 1315 2639 1368 τὸ
2693 1314 3054 1386 χαμαίζηλον,
3084 1312 3242 1366 τοῦτο
3288 1312 3535 1381 φαίνεται
3566 1311 3752 1374 αὐτοῖς

2176 1406 2620 1481 χαλεπώτερον)ο
2678 1400 2948 1461 ἐπεὶ“οῦν
2988 1405 3087 1475 οὐχ
3141 1404 3283 1458 οὕτω
3342 1402 3597 1474 διεγείρει
3658 1402 3752 1456 τὸν

2178 1499 2456 1573 ἀκροατὴν
2480 1497 2572 1551 τὸν
2604 1496 2773 1551 πολὺν
2813 1498 2848 1569 ἡ
2890 1496 2998 1549 τῶν
3023 1494 3241 1563 ἀγαθῶν
3269 1493 3434 1559 δόσις,
3463 1492 3536 1556 ώς
3569 1495 3603 1562 ἡ
3641 1492 3754 1546 τῶν

2178 1590 2454 1643 κολάσεων
2478 1587 2695 1659 ἀπειλὴ,
2725 1587 3038 1655 ἀναγκαίως
3072 1583 3305 1638 ἐνταῦθα
3338 1582 3616 1648 καταλύει,
3666 1582 3756 1635 λέ-

2178 1674 2292 1751 γων
2314 1699 2328 1713 ο
2383 1679 2528 1747 Τοὺς
2572 1679 2681 1749 γὰρ
2722 1677 2954 1743 πάντας
3006 1676 3164 1746 ⁴ἡμᾶς
3204 1675 3614 1746 φανερωθῆναι
3665 1672 3761 1727 δεῖ

2179 1774 2521 1844 ἔμπροσθεν
2548 1770 2653 1825 τοῦ
2680 1769 2957 1839 βήματος
2986 1767 3092 1822 τοῦ
3122 1764 3400 1836 Χριστοῦ.
3430 1761 3564 1821 Εἶτα
3589 1764 3759 1838 φοϐή-

2182 1881 2281 1928 σας
2313 1864 2408 1917 καὶ
2439 1861 2768 1925 κατασείσας
2814 1861 2881 1930 τῇ
2927 1860 3115 1932 μνήμῃ
3150 1857 3244 1911 τοῦ
3276 1857 3517 1928 βήματος
3547 1856 3758 1910 ἐκείνου

2179 1958 2271 2011 τὸν
2303 1955 2590 2019 ἀκούοντα,
2621 1953 2744 2007 οὐδὲ
2779 1950 3011 2005 ἐνταῦθα
3049 1951 3218 2021 χωρὶς
3245 1949 3353 2004 τῶν
3384 1947 3638 2020 χρηστῶν
3667 1947 3760 2000 τέ·-

2182 2049 2330 2103 θεικε
2362 2046 2430 2101 τὰ
2461 2044 2702 2116 λυπηρὰ,
2734 2042 2872 2098 ἀλλά
2899 2042 3123 2112 ἀνέμιξέ⁹
3150 2058 3270 2094 τινα
3299 2041 3512 2111 ἡδονὴν,
3544 2037 3715 2091 εἰπών
3737 2054 3756 2071 ο

2185 2142 2309 2196 Ἵνα
2330 2139 2587 2204 ἕκαστος
2614 2136 2933 2206 κομίσηται
2959 2134 3032 2188 τὰ
3059 2132 3157 2187 διὰ
3190 2132 3296 2187 τοῦ
3322 2131 3618 2200 σώματος,
3643 2129 3764 2184 ὅσα

2184 2232 2469 2302 ἔπραξεν,
2487 2229 2607 2284 εἴτε
2627 2226 2873 2298 ἀγαθὸν,
2894 2225 3015 2280 εἶτε
3041 2226 3249 2279 κακόν.
3266 2222 3453 2277 Ταῦτα
3474 2222 3532 2276 δὲ
3560 2221 3759 2290 λέγων,

2184 2324 2311 2389 τούς
2337 2341 2396 2378 τε
2420 2319 2856 2393 κατωρθωκότας
2890 2318 2984 2373 καὶ
3009 2315 3399 2387 ἐλαυνομένους
3427 2314 3622 2385 ἀνιστᾷ
3642 2316 3763 2376 ταῖς

2187 2417 2389 2482 ἐλπίσι,
2413 2415 2541 2479 τούς
2564 2432 2626 2468 τε
2649 2411 3113 2475 ἀναπεπτωκότας
3139 2408 3590 2479 σπουδαιοτέρους
3616 2411 3772 2460 ποιεῖ

2184 2508 2265 2580 τῷ
2291 2507 2461 2578 φόϐῳ.
2491 2507 2603 2561 Καὶ
2635 2505 2726 2559 τὸν
2765 2502 3018 2576 περὶτῆς
3056 2502 3403 2563 ἀναστάσεως
3435 2499 3493 2552 δὲ
3520 2497 3629 2551 τῶν
3655 2513 3765 2550 σω-

2191 2603 2378 2674 μάτων
2420 2597 2666 2652 ἐϐεϐαίου
2706 2596 2885 2665 λόγον.
2936 2595 3010 2649 Οὐ
3060 2593 3171 2664 γὰρ
3206 2593 3378 2663 δήπου
3418 2590 3478 2644 τὸ
3508 2589 3764 2659 διακονη-

2190 2695 2427 2766 σάμενον
2469 2691 2549 2755 είς
2589 2689 2749 2744 τοῦτο
2798 2690 3040 2751 κάκεῖνο,
3073 2684 3182 2740 τῶν
3218 2682 3464 2755 ἀμοιϐῶν
3497 2680 3602 2746 ἔξω
3639 2680 3766 2751 στή-

2191 2806 2367 2852 σεται,
2417 2784 2582 2857 φησίν
2608 2801 2620 2814 ·
2657 2782 2791 2836 ἀλλά
2842 2779 2982 2851 μετά
3022 2779 3125 2849 τῆς
3150 2777 3328 2848 ψυχῆς
3368 2776 3437 2830 τά
3470 2774 3569 2844 μὲν
3601 2771 3765 2826 κολά-

2190 2880 2363 2946 ζεται,
2387 2877 2459 2932 τά
2481 2877 2539 2931 δέ
2567 2873 2944 2945 στεφανοῦται.
2981 2870 3144 2926 Ἀλλά
3171 2885 3314 2932 τινες
3340 2867 3447 2921 τῶν
3474 2863 3765 2937 αἱρετικῶν

2191 2989 2376 3043 φασιν,
2407 2971 2489 3024 ὅτι
2520 2970 2709 3040 ἕτερον
2736 2966 3009 3039 ἐγείρεται
3035 2963 3212 3035 σῶμα.
3250 2960 3453 3027 Πόθεν;
3485 2957 3606 3011 είπέ
3640 2970 3763 3027 μοι·

2192 3063 2319 3118 ἄλλο
2363 3060 2602 3132 ῆμαρτε,
2641 3058 2736 3111 καὶ
2761 3057 2888 3110 ἄλλο
2910 3054 3232 3131 ,κολάζεταις
3262 3050 3389 3106 ἄλλο
3414 3045 3766 3117 κατώρθωσε,

2193 3155 2289 3209 καὶ
2325 3153 2455 3208 ἀλλο
2478 3147 2870 3220 στεφανοῦταις
2902 3146 2967 3199 Τί
2998 3145 3055 3200 δὲ
3096 3145 3271 3214 ἐρεῖτε
3299 3140 3510 3209 λέγοντι
3544 3134 3765 3205 Παύλῳ,

2198 3247 2281 3299 οὐ
2341 3242 2595 3311 θέλομεν
2650 3237 3045 3299 ἐκδύσασθαι,
3086 3234 3223 3289 ἀλλ’
3285 3228 3772 3287 ἐπενδύσασθαις

2198 3335 2316 3398 πῶς
2360 3333 2419 3387 δέ
2463 3330 2527 3383 τὸ
2587 3327 2824 3399 φθαρτὸν
2876 3326 2981 3379 ὐπὸ
3025 3324 3127 3393 τῆς
3176 3321 3325 3391 ζωῆς
3383 3317 3777 3377 καταπίνεταιξ

2197 3420 2284 3482 Οὐ
2319 3425 2427 3497 γὰρ
2458 3419 2631 3486 εἶπεν,
2663 3421 2783 3474 ’Ίνα
2812 3416 3095 3487 καταποθῇ
3128 3414 3189 3468 τὸ
3221 3411 3414 3482 θνητὸν
3447 3410 3481 3481 ἢ
3512 3409 3575 3462 τὸ
3599 3407 3774 3497 φθαρέ-

2197 3518 2288 3572 τον
2322 3496 2481 3586 σῶμα
2520 3511 2624 3566 ὑπὸ
2643 3509 2738 3564 τοῦ
2758 3507 3036 3578 ἀφθάρτου
3073 3503 3354 3575 σώματος·
3389 3498 3525 3569 ἀλλ’,
3565 3499 3700 3551 Ἵνα
3730 3496 3774 3563 ἠ

2198 3608 2388 3679 φθορὰ
2412 3604 2533 3661 ὑπὸ
2564 3601 2673 3671 τῆς
2698 3600 2866 3669 ζωῆς.
2897 3598 3030 3651 Τότε
3061 3595 3168 3668 γὰρ
3201 3594 3353 3647 τοῦτο
3382 3590 3610 3659 γίνεται,
3639 3589 3778 3639 ὅταν

2199 3676 2260 3755 τὸ
2288 3696 2421 3753 αὐτὸ
2460 3693 2743 3766 ἐγείρηται
2789 3690 2978 3761 σῶμαο
3022 3687 3117 3741 ἐὰν
3153 3685 3208 3740 δέ
3233 3685 3404 3736 ἐκεῖνο
3434 3678 3616 3749 ἀφεὶς,
3640 3676 3783 3730 ἄλλο

2200 3787 2610 3859 κατασκευάσῃ,
2663 3783 2845 3837 οὐκέτι
2899 3778 3274 3841 καταπίνεται,
3331 3773 3466 3828 ἀλλά
3525 3771 3678 3843 μένει
3738 3771 3783 3841 ἠ

2203 3881 2379 3953 φθορά
2425 3879 2770 3950 κρατήσασα.
2799 3872 2898 3927 Διά
2925 3871 3084 3926 τοῦτο
3108 3870 3168 3923 οὐ
3201 3867 3408 3937 γίνεται
3431 3862 3613 3953 τοῦτο,
3641 3859 3782 3953 ἀλλὰ

2202 3949 2282 4027 δεῖ
2304 3949 2365 4025 τὸ
2387 3949 2627 4040 φθαρτὸν
2655 3964 2834 4029 τοῦτο,
2868 3961 3135 4026 τουτέστι,
3161 3959 3221 4012 τὺ
3245 3957 3424 4027 σῶμα,
3453 3949 3779 4008 ἐνδύσασθαι

2204 4065 2531 4139 ἀφθαρσίαν.
2587 4062 2663 4116 Τὸ
2694 4059 2804 4131 γὰρ
2856 4056 3014 4127 σῶμα
3058 4052 3220 4125 μέσον
3270 4050 3404 4115 ἐστὶ,
3448 4046 3545 4100 νῦν
3595 4044 3693 4115 μὲν
3717 4043 3781 4093 ἐν

2204 4134 2378 4227 τούτω
2418 4154 2730 4225 γενόμενον,
2773 4147 2999 4213 ὕστερον
3048 4145 3104 4198 δέ
3140 4142 3395 4212 ἐσόμενον
3443 4138 3503 4191 ὲν
3546 4134 3779 4202 ἐκείνῳ·

2208 4253 2302 4306 καὶ
2334 4225 2423 4304 διὰ
2457 4245 2618 4300 τοῦτο
2649 4244 2709 4297 ἐν
2747 4239 2924 4311 τούτῳ
2962 4234 3183 4309 πρώτῳ,
3214 4230 3403 4304 ἐπειδὴ
3433 4229 3531 4299 τὴν
3564 4225 3782 4295 ἀφθαρ-

2211 4343 2329 4397 σίαν
2357 4338 2585 4410 λυθῆναι
2606 4336 2706 4390 οὐκ
2727 4334 2825 4388 ἔνι.
2860 4333 2943 4386 οὐ
2971 4330 3080 4400 γὰρ
3116 4327 3155 4393 ἡ
3194 4322 3386 4395 φθορὰ
3420 4319 3533 4388 τὴν
3560 4317 3787 4410 ἀφθαρ-

2209 4436 2355 4490 σίαν
2384 4406 2761 4500 κληρονομεῖ,
2812 4424 3009 4496 φησίν·
3057 4420 3179 4474 ἐπεὶ
3214 4416 3330 4481 πῶς
3364 4416 3441 4468 ενι
3476 4406 3783 4481 ἀφθαρσίας

2210 4525 2347 4582 ἀλλά
2366 4522 2698 4587 τούναντίον,
2724 4516 3076 4573 καταπίνεται
3105 4514 3138 4583 ἡ
3169 4507 3345 4581 φθορά
3366 4505 3469 4560 ὑπὸ
3491 4505 3588 4573 τῆς
3614 4500 3783 4570 ζωῆς·

2211 4617 2370 4672 τοῦτο
2412 4615 2512 4687 μὲν
2536 4612 2644 4685 γὰρ
2673 4609 2882 4663 ἐκείνου
2913 4596 3272 4677 περιγίνεταί
3297 4598 3470 4652 ἐκεῖνο
3493 4594 3550 4647 δέ
3591 4592 3788 4687 τούτου

2214 4706 2365 4782 [510]
2390 4682 2595 4761 οὐκέτι.
2614 4682 2846 4770 *Ὥσπερ
2869 4697 2976 4768 γὰρ
2998 4693 3189 4766 κηρὸς,
3219 4690 3408 4745 λύεται
3434 4687 3530 4758 μὲν
3553 4682 3790 4782 ὐπδᾼπυῖ-

2220 4772 2518 4875 ρος-αὐτὸς
2546 4796 2603 4850 δὲ
2623 4793 2805 4848 οὐκέτι
2828 4792 2944 4845 λύει
2972 4788 3035 4843 τδ
3073 4784 3186 4859 πῦρ
3205 4801 3221 4819 ·
3258 4782 3399 4837 οὕτω
3424 4779 3518 4832 καὶ
3548 4779 3582 4847 ἠ
3607 4772 3792 4875 φθορά

2213 4863 2444 4965 τήκεται
2486 4888 2591 4942 ὐπὸ
2618 4886 2720 4955 τῆς
2746 4881 3054 4954 ἀφθαρσίας
3079 4879 3174 4932 καὶ
3195 4872 3537 4965 ἀφανίζεται,
3567 4866 3707 4936 αὕτη

2217 4951 2433 5052 ἐκείνης
2452 4951 2726 5050 κρατῆσαι
2747 4951 3005 5028 ουδέποτε
3022 4967 3267 5021 δύναται.
3296 4960 3657 5052 έΑκούσωμεν
3679 4951 3793 5006 τοί-

2217 5090 2312 5129 νυν
2331 5047 2432 5142 τῆς
2455 5047 2669 5124 ῐίαύλου
2692 5063 2876 5135 φωνῆς
2895 5058 3183 5129 λεγούσης,
3204 5056 3286 5110 ὅτι
3310 5050 3410 5106 Δεῖ
3432 5047 3591 5142 ἡμᾶς
3609 5057 3795 5142 παρα·-

2216 5136 2512 5232 σταθῆναι
2530 5159 2609 5226 τῷ
2616 5157 2664 5223 ,β
2671 5157 2841 5226 ἠματι
2854 5150 2962 5207 τοῦ
2973 5147 3252 5220 Χριστοῦ,
3269 5144 3363 5199 καὶ
3379 5136 3791 5232 ὐπογράψωμεν

2220 5228 2408 5309 ἐκεῖνο⁷
2426 5251 2487 5304 τὸ
2507 5248 2879 5316 δικαστήριον,
2913 5243 3009 5297 καὶ
3028 5239 3341 5310 νομίσωμεν
3370 5231 3502 5286 αὐτὸ
3532 5228 3795 5316 παρεῖναι

2219 5347 2335 5413 νῦν,
2383 5345 2476 5398 καὶ
2521 5343 2621 5405 τὰς
2660 5315 2891 5401 εὐθύνας
2932 5329 3302 5389 ἀπαιτεῖσθαι.
3351 5322 3496 5393 Ἐγὼ
3657 5315 3798 5413 αὐτς)

2220 5406 2555 5505 πλατύτερον
2586 5432 2715 5505 ἐρῶ.
2747 5428 2963 5490 Παῦλος
2987 5424 3118 5494 γὰρ,
3144 5417 3330 5489 ἐπειδὴ
3347 5406 3799 5505 ςιιερὶᾼθλίψειιις.ι

2220 5490 2343 5594 ἧνδ
2368 5490 2527 5588 Mch
2554 5490 2724 5585 αὐτῷ,
2752 5513 2844 5568 καὶ
2882 5512 2983 5564 οὐκ
3000 5490 3258 5562 ἐϐούλετο
3290 5498 3454 5556 πάλιν
3485 5494 3672 5565 θλῖψαι
3695 5490 3801 5545 αὐ-

2284 5722 2316 5762 ιι
2338 5718 2487 5782 ﬂat-3.
2507 5717 2678 5776 Savi|.,
2702 5731 2753 5764 π.
2775 5711 3099 5766 ἀναστάσεως.
3127 5706 3346 5767 Utraque
3364 5696 3517 5753 Ῑεείίο
3534 5692 3781 5769 ειυιᾱηει,
