4098 6222
326 335 432 394 ιω

326 467 387 505 ac
411 449 644 504 scientes.
689 444 962 501 Audentes
1002 441 1136 498 dixit
1178 447 1396 510 propter
1429 435 1888 508 persequutiones,

329 539 554 595 insidias
601 552 665 593 ac
693 544 893 591 mortes
931 533 1208 598 assiduas,
1240 529 1460 602 perinde
1488 544 1552 583 ac
1581 529 1624 581 si
1656 526 1859 581 diceret
1892 542 1904 578 :

332 631 580 701 Exagitat
610 638 660 684 te
687 629 902 698 aliquis,
937 628 1247 691 inseetatur,
1275 620 1601 678 obtruncat?
1639 635 1704 674 ne
1731 619 1909 672 animo

331 723 607 785 concidas,
649 721 791 776 bono
829 729 922 773 tuo
967 718 1068 772 hoc
1107 731 1268 771 omne
1309 716 1365 768 ﬁt
1398 732 1412 768 :
1445 727 1514 768 ne
1542 713 1730 766 timeas
1753 751 1770 776 ,
1814 707 1908 762 sed

333 813 565 869 conﬁde.
597 811 653 866 Id
680 811 856 871 enim.
889 810 957 865 de
997 825 1100 879 quo
1143 806 1446 878 ingemiscis
1473 815 1527 860 et
1554 804 1724 867 doles,
1757 800 1914 855 nimi-

336 923 449 960 rum
477 903 620 974 quod
648 902 974 973 corruptioni
999 899 1221 962 servias,
1252 897 1502 965 deinceps
1527 897 1594 949 de
1613 893 1791 947 medio
1815 890 1913 944 tol-

334 997 414 1056 lit,
444 1003 602 1064 atque
619 1009 686 1046 ex
709 993 807 1046 hac
824 989 1081 1046 servitute
1107 988 1335 1043 celerius
1357 985 1566 1040 liberat.
1591 985 1668 1037 Ac
1689 979 1914 1050 proinde

334 1085 483 1150 dicit,
531 1083 784 1136 Audentes
825 1081 982 1151 igitur
1020 1094 1256 1150 semper;
1301 1091 1405 1130 non
1446 1073 1604 1128 modo
1632 1073 1683 1126 in
1711 1070 1911 1141 quiete,

338 1176 430 1232 sed
456 1175 618 1230 etiam
651 1175 702 1228 in
730 1171 1111 1226 afﬂictionibus
1137 1187 1155 1234 ;
1182 1180 1228 1224 et
1265 1169 1474 1222 scientes
1512 1165 1752 1236 quoniam
1795 1162 1916 1215 dum

339 1282 596 1320 sersamur
623 1265 678 1318 in
702 1279 934 1331 corpore,
978 1263 1362 1333 peregrinamur
1395 1275 1427 1311 a
1454 1257 1674 1310 Domino
1700 1270 1718 1308 :
1748 1255 1802 1308 7.
1827 1269 1916 1320 per

337 1360 492 1428 ﬁdem
531 1358 665 1411 enim
703 1356 1019 1409 ambulamus
1045 1363 1094 1407 et
1121 1369 1221 1406 non
1250 1367 1339 1421 per
1375 1351 1633 1420 speciem:
1660 1347 1714 1402 8.
1760 1345 1916 1398 aude-

339 1467 450 1504 mus
471 1458 662 1514 autem,
689 1457 736 1501 et
758 1448 940 1500 bonam
959 1446 1265 1498 uoluntatem
1292 1441 1531 1494 habemus
1553 1436 1866 1509 peregrinari
1886 1451 1919 1487 a

339 1556 570 1610 corpore,
588 1549 636 1592 et
667 1546 933 1607 praesentes
952 1552 1059 1588 esse
1084 1536 1150 1587 ad
1174 1533 1467 1588 Dominum.
1495 1529 1647 1596 Quod
1673 1527 1919 1582 omnibus

338 1632 620 1685 sublimius
665 1638 783 1695 est,
824 1627 1125 1698 posteriore
1163 1626 1282 1680 loco
1324 1624 1540 1694 posuit:
1585 1619 1920 1691 prmstantius

343 1724 486 1779 enim
509 1731 595 1776 est
635 1737 756 1775 cum
784 1720 998 1775 Christo
1047 1732 1201 1781 esse,
1238 1731 1400 1787 quam
1431 1729 1626 1783 corpus
1666 1729 1697 1768 a
1735 1727 1921 1766 corru-

343 1815 524 1883 ptione
554 1813 778 1867 liberum
802 1811 1070 1879 accipere.
1108 1809 1218 1863 [loc
1239 1819 1418 1862 autem
1444 1807 1560 1860 vult
1581 1805 1880 1874 signiﬁcare
1905 1822 1917 1858 :

346 1905 518 1960 Vitam
551 1912 787 1958 nostram
830 1903 878 1956 is
907 1916 1010 1955 non
1040 1901 1348 1970 exstinguit,
1379 1899 1469 1969 qui
1506 1913 1604 1954 nos
1631 1905 1920 1968 oppugnat,

347 2010 408 2050 ac
439 2004 610 2050 morte
636 1994 802 2047 allicit
830 2010 844 2044 :
889 2007 957 2046 ne
987 1993 1179 2045 timeas
1211 2008 1223 2044 :
1255 1987 1470 2044 conﬁde
1508 2003 1630 2042 cum
1668 1986 1922 2042 concide-

346 2082 445 2135 ris.
468 2079 649 2149 Neque
675 2079 815 2133 etum
845 2077 934 2132 ille
949 2077 1225 2131 dumtaxat
1252 2084 1305 2130 te
1333 2090 1362 2128 a
1381 2075 1728 2140 corruptione
1749 2072 1923 2126 vindi-

350 2181 458 2236 cat,
491 2185 554 2224 ac
595 2170 741 2239 gravi
785 2170 995 2223 sarcina
1027 2169 1187 2234 levat,
1219 2168 1314 2222 sed
1357 2167 1518 2222 etiam
1546 2165 1612 2219 ad
1643 2166 1925 2220 Dominum

352 2260 633 2317 confestim
679 2261 1008 2316 transmittit.
1057 2259 1180 2314 Ideo
1225 2273 1332 2312 non
1360 2257 1514 2323 dixit,
1561 2257 1696 2310 Dum
1743 2271 1928 2311 sumus

353 2355 405 2407 in
425 2367 668 2424 corpore,
689 2353 842 2424 quasi
869 2352 955 2407 hic
980 2352 1147 2406 simus
1172 2351 1223 2404 in
1244 2359 1464 2404 externa
1486 2351 1726 2419 regione.
1751 2347 1930 2402 Scien-

354 2459 426 2500 tes
449 2446 604 2517 igitur
626 2445 762 2516 quod
791 2445 911 2499 dum
930 2458 1186 2499 versantur
1214 2443 1266 2495 in
1293 2457 1524 2511 corpore,
1549 2442 1931 2512 peregrinamur

355 2555 388 2591 a
410 2536 656 2591 Domino:
682 2537 929 2588 audemus
954 2545 1143 2599 autent,
1173 2544 1218 2588 et
1244 2533 1426 2586 bonam
1452 2532 1760 2586 voluntatem
1779 2530 1931 2584 habe-

353 2645 466 2682 mus
491 2628 651 2698 magis
677 2626 993 2697 peregrinari
1010 2643 1042 2678 a
1061 2641 1291 2695 corpore,
1316 2633 1362 2676 et
1383 2632 1652 2693 prtesetttes
1672 2638 1778 2676 esse
1792 2622 1932 2690 apud

361 2718 650 2772 Dominum.
697 2717 886 2771 Viden’
934 2732 1041 2786 quo
1087 2724 1242 2786 pacto
1281 2714 1504 2768 molesta
1550 2713 1635 2766 illa
1668 2714 1854 2768 mortis
1878 2723 1933 2767 et

355 2811 532 2864 obitus
559 2808 818 2863 vocabula
843 2809 1103 2872 reticens,
1133 2807 1234 2860 alia
1265 2821 1518 2875 perquam
1551 2805 1730 2859 suavia
1761 2803 1815 2860 in
1841 2818 1932 2858 eo-

358 2920 474 2958 rum
498 2903 665 2957 vicem
697 2900 1044 2964 substituerit,
1062 2898 1395 2968 prmsentiam
1412 2897 1659 2951 nimirum
1676 2896 1742 2952 ad
1768 2896 1932 2950 Deum

357 3013 419 3050 ea
450 3009 764 3065 nuncupans
790 3011 806 3059 ;
837 3010 900 3049 ac
939 2993 1310 3062 praetermissis
1341 2991 1445 3046 illis
1473 2991 1745 3045 vocabulis
1769 3030 1784 3054 ,
1814 3006 1933 3060 qua:

354 3088 702 3158 iucunditatis
730 3087 960 3156 speciem
991 3084 1292 3149 habebant,
1325 3098 1446 3154 qua:
1491 3083 1558 3137 ad
1597 3084 1758 3138 vitam
1810 3097 1934 3152 per-

361 3180 561 3240 tinent.
599 3194 630 3232 a
685 3178 924 3232 tristibus
963 3176 1314 3246 nuncupavit,
1370 3175 1848 3244 peregrinationem
1905 3190 1934 3227 a

363 3271 586 3325 Domino
611 3271 772 3324 vitam
805 3270 941 3324 hanc
967 3269 1239 3339 appellans
1264 3268 1288 3322 ?
1319 3267 1430 3322 Hoc
1457 3277 1634 3322 autem
1663 3283 1728 3321 eo
1756 3267 1936 3320 consi-

364 3361 435 3414 lio
463 3360 604 3425 fecit,
634 3377 701 3416 ne
720 3362 998 3431 quisquam
1025 3361 1078 3414 in
1106 3360 1458 3429 prmsentibus
1486 3359 1711 3414 libenter
1741 3359 1935 3413 immo-

365 3461 532 3517 retur,
560 3451 650 3507 sed
691 3467 753 3506 ea
783 3452 959 3521 potius
987 3451 1221 3520 graviter
1260 3449 1439 3512 ferat;
1482 3465 1582 3504 nec
1627 3465 1834 3515 rursus,
1869 3465 1932 3506 ex

361 3541 463 3596 bac
490 3543 593 3596 vita
619 3525 958 3607 excessurus,
989 3541 1347 3611 perturbetur,
1375 3541 1470 3596 sed
1502 3542 1677 3610 potius
1704 3541 1936 3607 laetetur,

363 3646 419 3687 ut
442 3634 506 3689 ad
537 3634 738 3702 majora
769 3634 904 3688 bona
932 3633 1298 3702 proﬁciscens.
1329 3633 1540 3696 Postea,
1572 3649 1640 3687 ne
1673 3634 1792 3701 quis
1823 3632 1940 3686 hmo

364 3725 610 3790 audiens,
638 3723 1036 3796 Peregrinamur
1058 3742 1090 3778 a
1116 3723 1354 3789 Domino,
1383 3725 1588 3779 diceret
1622 3741 1634 3775 :
1659 3723 1796 3790 Quid
1817 3722 1941 3778 ais?

365 3832 492 3870 num
531 3832 562 3870 a
611 3816 720 3878 Deo
748 3815 1132 3879 abalienemur,
1163 3816 1286 3885 quia
1316 3815 1401 3870 hic
1430 3816 1658 3870 sumus?
1683 3815 1942 3884 objectio-

368 3922 486 3960 uem
516 3905 652 3960 hanc
689 3913 1035 3975 prteverteus,
1063 3905 1216 3966 dixit,
1263 3904 1364 3958 Per
1398 3903 1550 3973 ﬁdem
1588 3904 1721 3958 enim
1761 3905 1940 3958 ambu-

364 4000 556 4064 lamus,
604 4016 704 4052 non
748 4015 838 4070 per
885 4000 1133 4067 speciem;
1179 4008 1338 4066 atque
1383 3996 1471 4052 hic
1516 3997 1731 4065 quidem
1768 3997 1940 4064 ipsum

367 4089 664 4151 noscimus,
691 4088 784 4142 sed
823 4103 929 4143 non
962 4092 1030 4141 ita
1061 4087 1222 4141 clare.
1251 4086 1308 4141 ld
1331 4085 1469 4156 quod
1498 4085 1604 4140 alio
1635 4085 1752 4141 loco
1781 4086 1939 4158 dicit,

369 4178 479 4233 Per
521 4178 799 4248 speculum,
839 4189 916 4245 et,
957 4177 1025 4231 In
1063 4179 1331 4247 (enigmate
1377 4179 1475 4247 (1.
1521 4176 1637 4230 Cor.
1684 4180 1771 4234 15.
1819 4179 1939 4248 ιε).

365 4272 628 4325 Audemus
653 4279 842 4334 autem,
870 4281 914 4325 et
935 4271 1118 4324 bonam
1140 4270 1448 4323 voluntatem
1470 4269 1731 4324 habemus.
1762 4270 1939 4338 Papia,

367 4377 476 4431 quo
519 4376 824 4416 sermonem
873 4360 1230 4417 circumduxit
1270 4361 1283 4414 l
1335 4376 1527 4431 nempe
1571 4361 1637 4415 ad
1679 4376 1943 4416 summum

373 4455 559 4508 mortis
589 4453 910 4508 desiderium
938 4471 952 4518 ;
1001 4454 1050 4507 id
1072 4495 1089 4519 ,
1139 4453 1279 4521 quod
1309 4450 1590 4508 moléslum
1633 4463 1714 4508 est
1734 4494 1749 4518 ,
1782 4469 1944 4508 suave

369 4559 489 4600 esse
517 4545 828 4606 ostendens,
858 4545 1063 4614 etquod
1093 4559 1274 4609 suave,
1303 4546 1606 4600 molestum.
1631 4545 1781 4613 Quod
1803 4545 1944 4600 enim

369 4637 442 4691 ait
461 4678 477 4702 ,
523 4636 719 4691 Bonam
747 4639 1054 4691 voluntatem
1083 4638 1322 4690 habemus
1345 4677 1362 4702 ,
1401 4637 1451 4690 id
1482 4646 1597 4703 est,
1626 4639 1940 4706 expetimus.

373 4731 508 4799 Quid
559 4733 898 4801 expetimus?
943 4731 1218 4786 Excedere
1245 4747 1277 4786 e
1315 4746 1539 4800 corpore
1562 4771 1578 4795 ,
1610 4741 1768 4801 atque
1807 4731 1944 4801 apud

375 4821 658 4876 Dominum
695 4829 989 4891 praesentes
1031 4837 1170 4878 esse.
1208 4822 1320 4876 Hoc
1343 4834 1540 4887 autem,
1585 4832 1638 4875 ut
1673 4823 1782 4891 jam
1813 4822 1943 4889 dixi,

372 4912 564 4967 Paul'us
591 4929 805 4982 semper
827 4913 972 4976 facit,
998 4925 1054 4968 ut
1079 4931 1286 4979 eorum,
1315 4915 1402 4983 qui
1435 4913 1534 4982 ipsi
1574 4915 1942 4982 adversantur,

368 5016 676 5058 sermonem
697 5005 753 5058 in
775 5005 1102 5059 contrarium
1124 5013 1385 5074 torqueat.
1413 5005 1468 5060 9.
1492 5003 1638 5059 Unde
1663 5013 1709 5057 et
1732 5015 1945 5059 conten-

367 5093 559 5160 dimus,
600 5095 702 5148 sive
742 5104 1015 5164 praesentes
1038 5096 1140 5149 sive
1166 5094 1414 5159 absentes,
1452 5095 1551 5163 ipsi
1588 5095 1802 5163 placere.
1833 5094 1944 5150 lloc

367 5187 512 5241 enim
556 5186 709 5240 nobis
739 5188 1070 5256 propositum
1099 5196 1204 5250 est,
1238 5187 1426 5256 inquit,
1463 5195 1521 5241 ut
1557 5187 1670 5242 sive
1697 5187 1804 5242 illic
1831 5188 1945 5244 sive

367 5276 458 5332 hie
501 5277 688 5342 simus,
733 5293 796 5334 ex
825 5279 990 5347 ipsius
1031 5278 1305 5333 voluntate
1350 5287 1405 5332 et
1432 5278 1691 5333 sententia
1718 5280 1939 5334 vivere:

366 5367 470 5421 hoc
511 5369 654 5422 enim
701 5368 878 5422 studio
921 5367 1051 5422 nihil
1091 5376 1174 5422 est
1220 5368 1372 5422 nobis
1419 5369 1702 5437 antiquius.
1763 5368 1943 5439 itaque

367 5459 494 5513 hinc
531 5459 642 5527 jam
696 5475 918 5531 regnum
959 5460 1122 5515 habes
1162 5461 1279 5514 sine
1320 5459 1653 5528 probatione.
1702 5459 1834 5514 Nam
1877 5476 1944 5515 ne

364 5564 576 5613 rursus,
607 5564 729 5604 eum
774 5551 827 5604 in
861 5560 1058 5605 tantam
1083 5551 1426 5619 cupiditatem
1456 5550 1758 5615 venissent,
1801 5551 1944 5605 illius

364 5641 815 5711 peregrinationis
845 5655 1022 5695 moras
1065 5655 1208 5710 :egre
1259 5639 1481 5706 ferrent,
1510 5641 1596 5695 hic
1627 5641 1735 5710 jam
1774 5642 1938 5712 ipsis,

359 5732 503 5802 quod
532 5732 796 5787 bonorum
823 5735 1062 5786 omnium
1091 5739 1253 5800 caput
1280 5739 1381 5796 est,
1415 5731 1617 5788 tribuit.
1645 5731 1779 5798 Quid
1811 5732 1939 5786 illud

705 5821 972 5881 Ριτιιοι..
1021 5823 1135 5882 Gn.
1189 5822 1343 5886 LXI.

1371 321 1438 380 IN
1473 319 1686 378 EPIST.
1731 318 1774 374 11
1837 315 1928 372 AD
1963 313 2118 370 COR.
2159 312 2387 370 llOMlL.
2427 311 2500 365 Χ.

3489 307 3594 364 ιτθ

2011 439 2095 482 est
2120 428 2142 480 ?
2173 427 2239 483 Ut
2268 429 2378 483 Deo
2405 424 2540 496 grati
2567 425 2692 479 sint.
2740 423 2923 495 Neque
2951 424 3095 480 enim
3120 423 3437 496 simpliciter
3470 423 3596 479 huic

2013 520 2276 576 excedere
2301 520 2614 590 praeclarum
2644 529 2746 582 est,
2768 519 2863 576 sed
2893 519 3154 575 excedere
3180 535 3301 575 cum
3330 519 3450 573 vitat
3474 535 3601 589 pro-

2017 611 2179 665 bitate
2208 626 2224 675 ;
2251 609 2379 664 hinc
2399 611 2542 664 enim
2575 610 2891 678 praeclarum
2919 624 3130 679 quoque
3168 609 3296 664 illud
3323 609 3551 666 efﬁcitur
3575 628 3591 665 :

2017 713 2116 756 nec
2161 715 2348 756 rursus
2377 701 2463 756 hic
2521 702 2836 772 simpliciter
2877 717 2996 758 esse
3021 718 3183 772 grave
3222 711 3326 767 est,
3357 703 3452 758 sed
3478 719 3598 759 cum

2015 794 2313 848 oﬁ‘ensione
2340 793 2436 848 Dei
2463 794 2548 849 hic
2571 809 2712 849 esse.
2891 841 2904 860 ,κ

2089 883 2144 938 '5.
2192 882 2336 939 Cave
2376 898 2503 954 ergo
2533 885 2807 940 existimes
2830 899 3112 940 excessum
3141 901 3172 942 e
3197 900 3424 954 corpore
3449 885 3602 941 sufﬁ-

2018 990 2144 1031 cere
2174 993 2190 1031 :
2217 976 2414 1030 virtute
2443 977 2639 1046 quippe
2677 977 2873 1047 ubique
2916 987 3002 1032 est
3040 992 3196 1047 opus.
3236 977 3386 1034 Sicut
3434 977 3602 1042 enim,

2019 1083 2140 1123 eum
2185 1070 2598 1125 resurrectionis
2640 1070 2899 1125 vocabulo
2942 1086 3071 1126 usus
3115 1080 3279 1135 esset,
3330 1086 3435 1125 non
3481 1071 3606 1126 sivit

2020 1176 2120 1217 nos
2159 1163 2210 1216 in
2250 1177 2311 1217 ea
2351 1163 2464 1218 sola
2508 1162 2751 1217 ﬁduciam
2797 1163 3026 1229 habere,
3069 1161 3286 1227 dicens,
3333 1163 3393 1217 Si
3439 1174 3607 1218 (auten

2021 1254 2203 1318 vestiti,
2239 1264 2286 1308 et
2317 1271 2420 1307 non
2471 1255 2596 1308 nudi
2620 1255 2936 1308 inveniamur
2962 1269 2983 1308 :
3013 1255 3111 1319 sic,
3145 1269 3265 1308 cum
3295 1254 3607 1323 peregrina-

2024 1345 2222 1398 tionem
2252 1344 2594 1407 ostendisset,
2629 1359 2695 1398 ne
2720 1359 2836 1398 eam
2870 1343 2961 1397 tibi
2983 1343 3050 1398 ad
3077 1344 3300 1398 salutem
3332 1344 3462 1397 satis
3488 1358 3608 1398 esse

2023 1435 2294 1500 crederes,
2323 1436 2425 1491 hoc
2447 1436 2662 1504 adjecit,
2692 1436 2899 1506 placere
2921 1437 3035 1491 Deo
3058 1446 3288 1507 oportet.
3322 1437 3610 1506 Postquam

2027 1529 2184 1599 igitur
2210 1545 2236 1583 a
2282 1529 2463 1584 multis
2511 1531 2670 1584 rebus
2711 1530 2846 1584 lanis
2892 1545 3078 1585 eorum
3107 1531 3316 1584 animos
3349 1529 3610 1592 incitavit.

2026 1621 2280 1689 deinceps
2324 1637 2351 1673 a
2403 1621 2726 1676 tristioribus
2769 1631 2969 1675 metum
3011 1621 3221 1682 incutit.
3272 1620 3424 1687 Quod
3469 1619 3614 1674 enim

2029 1711 2156 1764 utile
2183 1717 2287 1774 est,
2319 1719 2423 1764 tam
2455 1712 2506 1764 in
2536 1711 2796 1765 bonorum
2824 1710 3130 1779 adeptione,
3153 1725 3313 1780 quam
3341 1710 3393 1764 in
3439 1709 3615 1763 malo-

2029 1814 2145 1853 rum
2195 1799 2317 1870 fuga
2358 1801 2640 1866 consistit,
2682 1817 2801 1871 qua:
2844 1801 3058 1870 quidem
3099 1810 3223 1855 sunt
3269 1800 3515 1869 gehenna
3560 1809 3618 1856 et

2029 1906 2271 1959 regnum.
2299 1891 2560 1946 Cancrum
2588 1893 2839 1962 quoniam
2862 1907 3074 1962 pceuam
3101 1892 3334 1963 eﬁ'ugere
3354 1892 3614 1965 majorem

2031 1985 2137 2037 vim
2179 1984 2341 2039 habet
2372 2002 2385 2039 :
2419 2001 2540 2040 nam
2571 1987 2811 2057 plerique
2857 1987 3118 2057 iacturam
3164 1986 3428 2042 bonorum
3456 1985 3616 2041 facile

2032 2073 2270 2142 ferrent;
2317 2078 2360 2131 si
2387 2087 2570 2132 autem
2599 2087 2862 2133 tormenta
2889 2078 2999 2132 sint
3027 2077 3245 2133 ferenda
3265 2118 3280 2138 .
3311 2093 3418 2133 non
3450 2077 3615 2144 item;

2032 2176 2307 2236 oporteret
2329 2171 2469 2224 enim
2494 2171 2728 2240 priorem
2749 2171 3013 2240 jacturam
3032 2170 3422 2227 intolerabilem
3439 2169 3619 2226 existi-

2035 2274 2182 2315 mare
2208 2276 2225 2327 ;
2254 2260 2347 2315 sed
2378 2276 2444 2316 ex
2476 2261 2784 2318 inﬁrmitate
2811 2274 2864 2318 et
2895 2263 3196 2333 abjectione
3225 2265 3374 2319 multi
3398 2279 3612 2334 poenam

2033 2352 2334 2420 graviorem
2379 2352 2768 2426 existimant):
2799 2356 3048 2425 quoniam
3085 2371 3213 2426 ergo
3244 2371 3487 2424 magnam
3523 2370 3619 2409 au-

2035 2442 2263 2496 ditorum
2285 2453 2489 2512 partem
2509 2443 2767 2500 bonorum
2797 2446 3008 2516 largitio
3025 2461 3128 2500 non
3157 2445 3374 2515 perinde
3394 2445 3616 2510 excitat,

2038 2543 2094 2586 nt
2121 2544 2508 2589 tormentorum
2538 2537 2882 2591 comminatio
2905 2578 2918 2602 ,
2951 2539 3269 2593 necessitate
3311 2539 3620 2606 compulsus

2037 2625 2112 2678 sic
2138 2638 2443 2680 sermonem
2470 2626 2744 2682 concludit
2773 2643 2788 2679 :
2819 2627 2906 2682 10.
2934 2627 3119 2682 Omnes
3135 2629 3268 2682 enim
3287 2645 3378 2684 nos
3401 2631 3622 2700 manife-

2035 2715 2163 2768 stari
2206 2724 2401 2785 oportet
2441 2724 2556 2771 ante
2594 2717 2818 2772 tribunal
2861 2716 3068 2774 Christi.
3117 2719 3238 2774 Mox
3285 2728 3484 2786 tamen,
3531 2719 3620 2774 tibi

2041 2804 2321 2860 tribunalis
2355 2804 2497 2860 illius
2529 2807 2788 2860 memoria
2816 2807 3114 2863 auditorem
3159 2809 3383 2873 terruit,
3429 2823 3496 2863 ne
3536 2809 3625 2864 hie

2040 2895 2255 2964 quidem
2287 2896 2456 2951 tristia
2490 2898 2606 2953 sine
2637 2899 2774 2954 laztis
2811 2902 3009 2968 posuit,
3055 2901 3147 2954 sed
3187 2902 3459 2972 voluptate
3487 2917 3623 2972 qua-

2039 2986 2162 3040 dam
2191 2987 2440 3053 miscuit,
2471 2987 2656 3043 dicens
2687 3007 2700 3042 :
2735 2989 2804 3043 Ut
2832 2989 3019 3058 referat
3044 2992 3388 3063 unusquisque
3414 2994 3626 3062 propria

2041 3078 2289 3147 corporis,
2321 3088 2470 3148 prout
2489 3081 2660 3148 gessit,
2693 3081 2797 3134 sive
2824 3079 3009 3135 bonum
3038 3082 3141 3137 sive
3169 3083 3379 3136 malum.
3420 3082 3626 3149 Quibus

2046 3170 2226 3225 verbis
2256 3180 2311 3226 et
2337 3187 2452 3236 eos,
2484 3173 2575 3244 qui
2605 3175 2861 3243 prteclare
2885 3190 2943 3231 se
2972 3187 3248 3246 gesserant
3277 3188 3434 3247 atque
3458 3193 3625 3233 vexa-

2044 3262 2254 3326 bantur,
2283 3262 2335 3318 in
2360 3278 2509 3333 Spem
2535 3265 2708 3335 erigit,
2737 3275 2791 3320 et
2813 3281 2906 3321 eos
2932 3270 3019 3337 qui
3039 3269 3403 3336 conciderant,
3430 3269 3626 3338 injecto

2046 3363 2250 3410 terrore
2291 3354 2659 3426 diligentiores
2709 3357 2887 3412 reddit
2920 3377 2934 3413 :
2976 3372 3036 3415 ac
3082 3360 3312 3430 denique
3339 3375 3627 3430 corporum

2044 3448 2492 3504 resurrectionem
2521 3450 2822 3504 conﬁrmat.
2847 3450 2959 3504 Non
2988 3451 3150 3516 enim,
3183 3453 3371 3521 inquit,
3401 3453 3450 3508 id
3479 3453 3625 3522 quod

2045 3550 2156 3593 tum
2183 3538 2249 3593 ad
2281 3539 2549 3603 virtutem,
2577 3549 2686 3594 tum
2711 3540 2775 3594 ad
2801 3542 2985 3596 vitium
3009 3557 3224 3613 operam
3243 3545 3406 3610 dedit,
3435 3561 3466 3600 a
3490 3561 3624 3615 prae.

2046 3634 2155 3688 mio
2187 3633 2273 3688 vel
2297 3648 2454 3702 poena
2481 3633 2838 3699 excludetur;
2871 3635 2965 3690 sed
2999 3652 3098 3689 nua
3137 3651 3259 3691 cum
3286 3637 3481 3693 animis
3507 3652 3629 3693 cor-

2049 3736 2174 3792 pora
2206 3722 2394 3791 partim
2442 3723 2910 3790 excruciabantur,
2943 3726 3134 3794 partim
3165 3741 3393 3781 coronas
3431 3742 3628 3782 conse-

2046 3822 2296 3881 quentur.
2321 3815 2389 3866 At
2412 3824 2535 3867 sunt
2556 3813 2814 3878 hmretici,
2838 3815 2926 3884 qui
2955 3815 3095 3870 aliud
3121 3830 3316 3884 corpus
3346 3832 3629 3887 resurgere

2047 3905 2343 3958 asseram?
2384 3902 2534 3959 Unde
2575 3904 2947 3974 hoc?qu:eso~;
2995 3906 3136 3960 aliud
3165 3907 3439 3975 peccavit,
3483 3908 3628 3962 aliud

2048 3995 2306 4063 punitur?
2331 3995 2472 4050 aliud
2514 4006 2658 4052 recte
2687 3996 2834 4064 fecit,
2863 3997 3005 4053 aliud
3037 4009 3324 4054 coronatur
3353 3999 3376 4052 ‘!
3401 3998 3536 4063 Quid
3561 4000 3627 4053 ad

2050 4087 2167 4142 haec
2208 4087 2353 4142 Pauli
2393 4087 2557 4142 verba
2587 4087 2779 4144 dicturi
2802 4093 2954 4156 estis,
2993 4089 3247 4144 Nolumus
3275 4091 3507 4161 spoliari,
3538 4091 3629 4145 sed

2047 4179 2373 4246 superuestiri
2404 4179 2430 4231 ?
2473 4179 2742 4249 quomodo
2785 4179 2836 4234 id
2879 4181 3018 4251 quod
3057 4181 3402 4250 corruptibile
3445 4191 3550 4246 est,
3596 4199 3628 4235 a

2052 4271 2157 4324 vita
2184 4269 2504 4326 absorbetur
2530 4272 2554 4325 ?
2579 4270 2689 4326 Nec
2727 4272 2867 4326 enim
2913 4273 3045 4327 dixit
3075 4273 3298 4340 Paulus,
3331 4273 3399 4330 Ut
3435 4273 3627 4329 absor-

2052 4361 2244 4416 beatur
2269 4361 2496 4417 mortale
2518 4403 2533 4427 ,
2565 4362 2645 4416 vel
2685 4363 3033 4432 corruptibile
3068 4378 3260 4434 corpus
3289 4364 3357 4419 ab
3388 4365 3633 4420 incorru-

2054 4451 2228 4519 ptibili
2254 4467 2477 4521 corpore
2506 4470 2521 4519 ;
2552 4452 2645 4507 sed
2666 4494 2680 4518 ,
2721 4453 2788 4510 Ut
2826 4457 3083 4524 corruptio
3121 4473 3154 4508 a
3194 4459 3312 4510 vita.
3347 4456 3460 4510 lloc
3488 4456 3632 4512 enim

2057 4550 2166 4594 tum
2213 4541 2506 4612 contingit,
2555 4558 2677 4598 cum
2726 4542 2852 4599 illud
2903 4546 3075 4611 ipsum
3116 4561 3315 4615 corpus
3357 4545 3423 4600 ad
3467 4546 3632 4599 vitam

2055 4634 2209 4688 redit.
2239 4635 2388 4700 Quod
2416 4637 2460 4689 si
2492 4636 2676 4691 relicto
2716 4637 2807 4691 illo
2847 4638 2988 4693 aliud
3019 4649 3344 4705 exSIruatur,
3390 4655 3493 4694 non
3519 4639 3629 4709 jam

2053 4725 2371 4780 absorbetur
2401 4729 2693 4797 corruptio,
2722 4729 2815 4784 sed
2841 4740 3019 4784 manet
3047 4746 3110 4784 ac
3132 4731 3454 4785 dominatur.
3488 4731 3634 4799 Quo-

2052 4817 2194 4871 circa
2241 4817 2459 4872 minime
2506 4819 2606 4872 hoc
2651 4819 2744 4881 ﬁt;
2792 4835 2976 4873 verum
3030 4831 3242 4890 oportet
3285 4822 3634 4892 corruptibile

2054 4910 2176 4973 hoc,
2207 4925 2403 4980 corpus
2429 4925 2638 4980 nempe,
2673 4910 2893 4965 induere
2920 4913 3392 4983 incorruptionem.
3425 4916 3633 4985 Corpus

2054 5002 2194 5055 enim
2227 5001 2279 5055 in
2307 5001 2483 5056 medio
2511 5009 2594 5055 est
2616 5042 2630 5065 ,
2663 5016 2726 5056 ac
2753 5018 2895 5058 nunc
2923 5004 2974 5058 in
3004 5007 3346 5075 corruptione
3371 5017 3478 5072 est,
3509 5019 3632 5076 post

2054 5104 2230 5148 autem
2246 5095 2298 5148 in
2321 5095 2718 5164 incorruptione
2731 5097 2834 5150 erit
2857 5114 2870 5150 :
2893 5097 3012 5153 ideo
3030 5097 3082 5152 in
3101 5101 3440 5168 corruptione
3463 5101 3630 5168 prius,

2054 5187 2304 5253 quoniam
2345 5187 2671 5257 incorruptio
2707 5189 2842 5245 solvi
2874 5205 2978 5245 non
3017 5199 3244 5260 poterat.
3275 5189 3451 5260 Neque
3487 5192 3629 5244 enim

2055 5278 2334 5345 corruptio,
2367 5277 2556 5346 inquit,
2588 5279 3019 5348 incorruptionem
3047 5282 3322 5335 hereditate
3360 5280 3634 5350 possidebit

2055 5370 2131 5439 (1.
2161 5369 2279 5424 Cor.
2309 5370 2395 5425 15.
2419 5370 2548 5439 50);
2576 5373 2846 5441 quomodo
2875 5373 3015 5426 enim
3047 5379 3226 5441 posset
3269 5388 3388 5425 cum
3432 5375 3502 5427 sit
3548 5375 3633 5428 in-

2054 5463 2325 5532 corruptio
2353 5462 2377 5514 ?
2403 5477 2586 5517 verum
2614 5471 2796 5517 contra
2821 5464 3090 5531 corruptio
3124 5478 3154 5517 a
3191 5464 3293 5516 vita
3322 5462 3632 5518 absorbebi-

2057 5563 2161 5609 tur.
2198 5552 2287 5609 llla
2329 5554 2470 5608 enim
2519 5553 2653 5608 hanc
2695 5554 2903 5619 vincit;
2951 5553 3066 5608 hate
3109 5566 3283 5609 autem
3325 5554 3469 5610 iliam
3517 5573 3623 5611 non

2057 5647 2203 5701 item.
2254 5645 2322 5702 Ut
2348 5647 2489 5701 enim
2520 5662 2642 5705 cera
2685 5646 2820 5718 ignis
2863 5646 3058 5703 ardore
3107 5648 3458 5718 colliquescit,
3507 5664 3629 5706 cera

2059 5746 2232 5793 autem
2264 5739 2440 5808 ignem
2474 5755 2578 5794 non
2623 5739 2782 5794 solvit
2812 5755 2824 5790 ε
2859 5739 2936 5793 sic
2965 5741 3239 5809 corruptio
3271 5740 3341 5794 ab
3379 5741 3628 5800 inconu-

3275 5835 3348 5898 30
