4090 6216
511 360 603 415 ΓΗ

512 472 796 542 plibilitate
837 470 1062 527 solvitur
1109 476 1268 535 atque
1311 462 1684 532 exstinguitur,
1729 459 1852 513 huic
1906 464 2081 510 autem

514 568 601 621 illa
640 563 899 620 dominari
934 574 1219 630 numquam
1263 556 1478 625 poterit.
1510 551 1802 608 Audiamus
1829 564 1963 619 ergo
1981 562 2076 601 vo—

514 672 631 713 cem
661 655 807 712 Pauli
837 652 1084 715 dicentis,
1121 649 1330 719 Oportet
1360 664 1452 701 nos
1473 646 1581 701 sisti
1607 645 1675 698 ad
1700 639 1921 707 tribunal
1939 639 2090 695 Chri-

514 750 579 804 sti
606 767 624 802 :
648 763 710 802 ac
740 745 967 799 tribunal
1013 743 1145 797 illud
1187 742 1365 794 animo
1409 739 1777 809 depingamus,
1822 733 2087 788 existimo.

517 855 741 908 musque
769 839 939 906 ipsum
980 838 1089 906 jam
1129 835 1336 897 adesse,
1364 848 1428 887 ac
1467 833 1589 886 vita:
1620 831 1852 889 rationes
1880 844 1908 880 a
1940 825 2093 880 nobis

517 929 752 999 exposci.
797 929 906 998 Ego
953 928 1095 981 enim
1145 925 1313 981 fusius
1358 937 1642 991 exponam.
1693 920 1828 974 Nam
1874 917 2088 980 Paulus,

523 1023 643 1093 quia
674 1021 743 1076 de
772 1020 1064 1075 afﬂictione
1092 1032 1393 1072 sermonem
1429 1014 1680 1078 habebat,
1726 1027 1825 1066 nec
1860 1026 1954 1064 eos
1972 1012 2094 1064 rur-

521 1127 639 1167 sum
685 1126 931 1180 premere
982 1107 1219 1172 volebat,
1268 1122 1374 1163 non
1413 1106 1612 1159 diutius
1650 1104 1701 1157 in
1730 1104 1830 1156 hac
1859 1105 2099 1155 oratione

525 1202 914 1257 immorandum
933 1215 1052 1255 esse
1072 1199 1242 1264 duxit,
1269 1198 1362 1253 sed
1392 1196 1571 1267 paucis
1594 1195 1675 1249 his
1700 1194 1894 1255 verbis,
1927 1191 2099 1247 Unus-

533 1298 746 1369 quisque
796 1297 976 1366 referet
1037 1301 1186 1365 prout
1230 1292 1409 1363 gessit,
1459 1289 1511 1344 id
1570 1288 1712 1358 quod
1757 1287 2099 1341 acerbitatem

531 1387 787 1444 afferebat
811 1387 1144 1457 complexus,
1182 1386 1362 1440 statim
1390 1382 1614 1437 ulterius
1643 1380 1870 1434 transiit.
1904 1377 2101 1432 Existi-

534 1494 741 1535 nlemus
782 1478 1127 1549 igiturdiem
1171 1477 1317 1531 illum
1361 1485 1660 1530 extremum
1705 1486 1846 1527 nunc
1870 1469 2102 1525 adesse:

534 1574 761 1643 quisque
809 1570 1187 1626 conscientiam
1234 1567 1573 1631 consideret,
1620 1564 1889 1633 fingatque
1929 1561 2108 1615 animo

536 1665 725 1718 adesse
750 1663 857 1733 jam
900 1661 1164 1724 Judicem,
1198 1659 1484 1727 omniaque
1517 1656 1691 1725 detegi
1722 1665 1882 1724 atque
1908 1652 1959 1707 iu
1993 1667 2107 1707 ule-

536 1754 681 1808 dium
710 1751 939 1822 proferri
960 1748 973 1805 :'
993 1766 1166 1819 neque
1186 1750 1328 1804 enim
1357 1748 1472 1803 sisti
1497 1755 1701 1802 tantum
1725 1745 1876 1799 nobis
1893 1755 2112 1797 ueceSSe

545 1857 644 1911 est,
692 1845 786 1899 sed
813 1844 969 1898 etiam
1001 1841 1353 1897 manifestari.
1389 1842 1470 1895 Au
1502 1854 1609 1894 non
1651 1837 1941 1893 erubuistis
1966 1836 1989 1888 ?
2014 1850 2110 1889 an-

540 1953 644 1992 uou
685 1948 860 1989 mente
883 1936 1186 1989 excessistis
1211 1936 1234 1987 ?

609 2071 802 2125 Judieii
851 2073 1087 2139 postremi
1133 2071 1425 2141 descriptio.
1463 2101 1535 2111 —
1571 2070 1724 2137 Quod
1774 2070 1820 2124 si
1866 2083 2006 2124 nunc
2058 2083 2117 2121 re

544 2168 778 2222 nondum
812 2175 1095 2235 praesente,
1120 2166 1213 2219 sed
1243 2164 1419 2219 efficta
1446 2165 1725 2219 dumtaxat
1755 2173 1912 2232 atque
1939 2161 2118 2215 animo

544 2259 887 2322 adumbrata,
916 2256 1245 2312 conscientia
1286 2265 1465 2310 nostra
1499 2269 1635 2324 pene
1665 2269 1764 2308 nos
1809 2252 2115 2315 exanimat;

547 2351 675 2423 quid
703 2351 915 2406 tandem
953 2350 1207 2405 faciemus
1230 2391 1244 2415 ,
1275 2363 1396 2403 cum
1442 2347 1557 2402 dies
1607 2347 1694 2402 ille
1725 2347 1966 2407 venerit,
1998 2360 2120 2398 cum

548 2453 692 2500 totus
717 2445 862 2500 orbis
893 2454 1153 2499 terrarum
1185 2442 1433 2506 adfuerit,
1465 2456 1584 2496 cum
1615 2440 1787 2511 angeli
1816 2449 1870 2494 et
1895 2437 2123 2493 archan-

547 2541 654 2608 geli
680 2581 695 2605 ,
725 2554 848 2593 cum
878 2537 1044 2593 densa
1073 2537 1282 2608 agmina
1305 2578 1319 2601 ,
1351 2545 1510 2606 atque
1553 2534 1792 2589 omnium
1821 2548 2009 2588 cursus
2028 2573 2043 2598 ,
2070 2541 2126 2586 et

552 2641 735 2702 raptus
761 2633 813 2685 in
845 2631 1096 2695 nubibus,
1125 2639 1180 2685 et
1203 2630 1344 2685 acies
1372 2628 1619 2683 tremoris
1642 2627 1964 2696 plena?cum
1990 2626 2126 2680 tuba:

550 2724 668 2777 alite
689 2731 850 2792 atque
875 2723 1013 2787 alim,
1030 2732 1084 2777 et
1111 2722 1379 2776 continua:
1406 2723 1508 2775 illae
1529 2719 1728 2775 voces?
1752 2719 1906 2783 Nam»,
1918 2718 2125 2774 etiamsi

552 2815 697 2867 nulla
727 2815 966 2883 geheuna
993 2822 1151 2879 esset,
1185 2823 1360 2868 tamen
1404 2814 1454 2868 iu
1484 2823 1631 2868 tanto
1662 2813 1949 2882 splendore
1978 2811 2128 2880 rejici

557 2916 611 2963 et
660 2922 780 2963 eum
826 2906 1114 2974 ignominia
1162 2904 1453 2971 secedere,
1501 2913 1757 2974 quantum
1807 2911 2128 2958 tormentum

558 2999 746 3054 esset?
778 2997 990 3053 Etenim
1019 2998 1063 3051 si
1096 2997 1424 3066 lmperatore
1453 3011 1575 3050 cum
1605 2996 1718 3049 suis
1744 2994 1930 3049 urbem
1958 2995 2133 3062 ingre-

560 3091 737 3145 diente
759 3131 774 3155 ,
807 3103 958 3143 suam
986 3088 1211 3160 quisque
1242 3098 1480 3143 nostrum
1525 3097 1887 3159 paupertatem
1918 3087 2131 3141 intuen-

563 3194 663 3246 tes.
695 3199 801 3238 non
833 3192 1036 3237 tantum
1062 3198 1127 3238 ex
1162 3181 1463 3251 hujusmodi
1491 3180 1798 3251 spectaculo
1825 3179 2131 3247 voluptatis,

562 3283 818 3345 quantum
862 3290 926 3328 ex
980 3288 1075 3334 eo,
1121 3273 1261 3343 quod
1305 3287 1488 3326 earum
1541 3286 1718 3326 rerum
1767 3285 1885 3340 quas
1935 3270 2134 3325 circum

565 3365 941 3433 Imperatorem
982 3374 1106 3418 sunt
1136 3364 1281 3418 nullo
1324 3363 1482 3417 modo
1521 3363 1804 3432 participes
1833 3360 2095 3417 efficimur
2119 3401 2134 3427 ,

567 3471 665 3511 nec
695 3472 859 3526 prope
888 3471 1009 3511 eum
1055 3454 1143 3525 qui
1194 3470 1370 3509 rerum
1420 3456 1620 3526 potitur
1649 3469 1851 3518 sumus,
1895 3453 2141 3509 maeroris

567 3550 842 3619 capimus;
874 3550 1000 3620 quid
1024 3558 1133 3603 tum
1165 3550 1398 3603 futurum
1438 3549 1561 3604 est?
1608 3564 1676 3603 an
1719 3563 1848 3602 vero
1878 3548 1993 3602 leve
2030 3556 2142 3602 tor-

571 3651 806 3697 mentum
834 3657 957 3696 esse
984 3656 1195 3707 censes,
1231 3657 1336 3696 non
1363 3642 1594 3696 adscribi
1626 3641 1678 3695 ill
1708 3640 1854 3695 illum
1881 3639 2103 3694 chorum
2125 3679 2139 3702 ,

570 3735 634 3787 ad
665 3748 913 3788 arcanam
943 3734 1084 3788 illam
1107 3733 1331 3803 gloriam
1361 3749 1466 3786 non
1496 3732 1746 3787 admitti?
1790 3732 1857 3786 ab
1883 3732 1972 3785 illa
2001 3730 2148 3786 cele-

575 3825 770 3879 britate
796 3836 858 3877 ac
891 3823 1060 3889 bonis,
1096 3840 1213 3893 qua:
1264 3825 1408 3879 nullo
1437 3838 1688 3878 sermone
1732 3821 1987 3891 explicari
2019 3835 2145 3891 posv

572 3925 725 3981 sunt,
759 3917 939 3985 procul
982 3931 1045 3971 ac
1088 3916 1246 3986 longe
1290 3916 1517 3987 projici?
1562 3916 1693 3970 Cum
1737 3928 1864 3969 vero
1914 3913 2148 3967 tenebras

573 4009 793 4078 insuper
820 4008 920 4063 sint
941 4049 956 4074 ,
988 4018 1044 4064 ct
1068 4008 1306 4064 dentium
1338 4007 1570 4074 stridor,
1616 4016 1669 4061 et
1715 4006 1922 4060 vincula
1950 4004 2150 4060 insolu-

577 4100 723 4166 bilia,
756 4111 810 4155 et
840 4102 1037 4156 vermis
1079 4100 1430 4164 immortalis,
1472 4107 1527 4153 et
1566 4099 1701 4168 ignis
1743 4112 2029 4167 numquam
2056 4111 2151 4151 ex-

575 4191 946 4259 stiuguendus,
974 4200 1027 4245 et
1070 4190 1348 4261 oppressio
1378 4200 1536 4258 atque
1573 4187 1836 4258 anguStia,
1869 4196 1924 4241 et
1956 4187 2151 4257 lingua:

577 4281 922 4351 conﬂagratio
940 4321 956 4347 ,
982 4279 1429 4351 quemadmodum
1468 4279 1558 4334 illa
1588 4278 1766 4332 divitis
1787 4319 1801 4343 ,
1828 4292 1951 4332 cum
1977 4277 2149 4346 ejule«

582 4380 701 4428 mus
730 4383 786 4428 et
814 4388 972 4428 nemo
992 4372 1212 4438 audiat;
1246 4372 1658 4443 ingemiscamus
1684 4386 1747 4427 ac
1775 4385 1883 4441 prae
1905 4370 2151 4425 dolorum

582 4465 873 4521 acerbitate
918 4466 1225 4536 rugiamus,
1258 4473 1313 4520 et
1357 4478 1517 4519 nemo
1554 4462 1825 4528 attendat;
1866 4462 1918 4516 in
1967 4476 2155 4515 omnes

581 4565 760 4626 partes
815 4557 1000 4611 oculos
1050 4566 1424 4612 convertemus
1458 4596 1474 4621 ,
1525 4564 1580 4610 et
1635 4568 1896 4624 nusquam
1944 4553 2015 4608 sit
2065 4552 2154 4623 qui

580 4651 826 4705 solatium
853 4648 1161 4720 ferat:quo
1187 4649 1400 4704 tandem
1430 4647 1548 4702 loco
1593 4661 1687 4702 eos
1734 4646 2153 4707 constituemus,

581 4741 670 4809 qui
700 4741 750 4796 in
779 4749 922 4795 tanta
946 4740 1248 4795 calamitate
1274 4737 1668 4794 versabuntur?

657 4875 710 4929 4.
743 4875 878 4943 Quid
905 4876 1009 4931 illis
1035 4878 1229 4933 animis
1250 4874 1501 4930 miserius
1526 4874 1548 4927 ?
1593 4872 1721 4943 quid
1754 4872 2158 4928 miserabilius?

587 4962 718 5017 Nam
746 4966 824 5029 si,
852 4981 972 5020 cum
1020 4968 1070 5021 in
1111 4982 1383 5023 carcerem
1414 4965 1702 5038 quemdam
1735 4965 1960 5034 ingressi
1980 5004 1996 5029 ,
2025 4965 2161 5019 alios

586 5054 838 5114 squalore
878 5055 1191 5121 confectos,
1220 5058 1359 5112 alios
1402 5061 1607 5114 catenis
1662 5058 1873 5112 vinctos
1905 5069 1969 5111 ac
2021 5055 2163 5111 fame

581 5147 912 5207 laborantes,
942 5146 1078 5201 alios
1119 5147 1169 5200 in
1219 5148 1456 5203 tenebris
1502 5150 1716 5204 clausos
1765 5148 2160 5219 conspicimus,

585 5236 779 5293 animis
824 5250 1225 5292 commoventur
1272 5253 1334 5292 ac
1382 5239 1874 5309 perhorrescimus,
1928 5240 2166 5309 nihilque

589 5345 692 5386 non
737 5329 959 5386 facimus
984 5369 998 5394 ,
1044 5338 1103 5398 ut
1137 5345 1204 5386 ne
1232 5330 1284 5385 in
1306 5346 1428 5386 eum
1455 5330 1629 5387 locum
1669 5333 1966 5388 incidamus
1998 5350 2011 5386 :
2040 5346 2164 5387 cum

587 5424 652 5477 ad
684 5425 826 5494 ipsos
851 5424 1112 5495 gehennae
1132 5424 1387 5494 equuleos
1403 5424 1608 5494 abrepti
1638 5424 1930 5487 trahemur,
1951 5424 2165 5494 quinam

591 5515 748 5569 futuri
778 5516 1009 5571 sumus?
1038 5514 1151 5570 Non
1195 5515 1336 5571 enim
1368 5515 1577 5571 vincula
1622 5515 1713 5569 illa
1761 5530 1829 5569 ex
1858 5513 2000 5569 ferro
2039 5525 2168 5566 con-

591 5608 726 5659 fecta
776 5617 934 5674 sunt,
964 5609 1057 5664 sed
1103 5610 1224 5679 igne
1270 5617 1528 5678 perpetuo
1580 5607 1841 5671 ardente;
1870 5617 1971 5659 nec
2016 5601 2168 5658 nobis

590 5698 824 5764 aquales
863 5700 931 5765 ii,
959 5701 1049 5769 qui
1079 5699 1381 5756 cruciandis
1421 5698 1577 5753 nobis
1618 5696 2007 5765 praeficientur,
2032 5707 2168 5763 quos

592 5790 755 5844 etiam
780 5804 1148 5858 siepeuumero
1191 5792 1402 5859 placare
1429 5803 1629 5857 queas;
1660 5788 1753 5843 sed
1782 5786 1951 5853 angeli
1977 5826 1993 5852 ,
2024 5800 2157 5850 quos

1222 348 1277 404 S.
1308 343 1584 403 JOANNIS
1620 339 2097 400 CllRYSOS'I'OMl
2135 338 2451 401 ARCHIEP.
2493 346 3021 406 CONSTANTINUP.

3658 344 3763 405 ιη

2200 474 2266 514 ne
2305 460 2515 515 obtueri
2538 462 2751 532 quidem
2780 465 2954 532 possis
2975 505 2989 528 ,
3018 473 3233 534 propter
3269 477 3361 520 eas
3381 477 3513 533 quas
3542 463 3764 519 Domino

2213 557 2488 613 intulimus
2501 558 2851 613 contumelias
2872 558 2950 613 ira
2973 558 3276 628 ﬂagrantes.
3307 557 3414 612 Nec
3446 572 3575 611 vero
3592 596 3608 621 ,
3631 567 3689 611 ut
3710 562 3766 611 'lu

2198 648 2299 704 hac
2321 648 2430 703 vita
2444 687 2459 715 ,
2492 663 2715 704 cernere
2732 657 2815 703 est
2834 649 2970 703 alios
2989 648 3079 717 qui
3098 646 3398 718 pecuniam,
3423 646 3557 701 alios
3569 646 3663 717 qui
3683 646 3766 700 ei-

2200 744 2349 809 bum,
2365 743 2455 812 qui
2484 742 2875 798 cohortatorios
2892 756 3174 797 sermones
3183 740 3426 801 afferant,
3447 738 3771 794 consolatio-

2205 851 2434 906 nemque
2454 836 2723 903 aliquam;
2761 849 2946 889 verum
2992 833 3171 886 omnia
3210 831 3318 885 illic
3341 830 3492 884 venia
3543 836 3769 884 carent:

2202 928 2409 984 etiamsi
2436 928 2575 982 adsit
2590 926 2722 992 Noe,
2749 923 2954 980 etiamsi
2973 923 3097 989 Job,
3118 923 3325 976 etiamsi
3353 918 3531 974 Daniel
3552 916 3783 988 (Each:

2204 1023 2292 1077 14.
2315 1021 2401 1089 15)
2427 1061 2443 1085 ,
2473 1035 2536 1072 ac
2562 1019 2886 1088 propinquos
2909 1015 3210 1070 excruciari
3236 1011 3452 1076 videat,
3481 1010 3545 1063 iis
3568 1007 3775 1062 auxilio

2205 1129 2327 1171 esse
2355 1129 2460 1167 non
2499 1112 2683 1169 audet.
2706 1109 2838 1164 Nam
2870 1119 2981 1163 tum
3011 1106 3188 1160 omnis
3207 1105 3296 1159 illa
3313 1106 3776 1162 commiseratto,a

2210 1218 2396 1262 natura
2416 1204 2604 1264 indita,
2625 1200 2999 1269 exstinguitur.
3018 1198 3149 1266 Quia
3175 1197 3316 1251 enim
3336 1195 3405 1247 ita
3436 1191 3551 1247 fieri
3579 1197 3777 1260 potest,

2210 1296 2646 1368 utimproborum
2679 1304 2927 1364 parentes
2951 1290 3080 1359 justi
3109 1289 3213 1343 sint
3238 1288 3625 1348 liberorum,ac
3643 1296 3778 1337 con-

2214 1402 2293 1445 tra
2325 1387 2689 1458 improborum
2718 1393 2998 1454 parentum
3032 1378 3157 1450 justi
3187 1378 3314 1441 filii;
3347 1383 3404 1431 ut
3451 1387 3581 1445 pura
3618 1378 3780 1440 atque

2211 1482 2355 1536 omni
2387 1492 2624 1534 tumrore
2650 1489 2813 1530 vacua
2859 1472 3040 1527 laetitia
3082 1470 3186 1535 sit,
3240 1481 3342 1521 uec
3397 1464 3433 1520 ii
3481 1463 3572 1532 qui
3623 1459 3782 1516 bonis

2216 1573 2320 1627 illis
2346 1570 2610 1632 fruuntur,
2643 1559 3129 1622 commiserationis
3157 1557 3472 1612 necessitate
3500 1562 3784 1621 torquean-

2219 1672 2340 1718 tur:
2372 1662 2511 1716 hune
2559 1671 2768 1729 quoque
2809 1647 3294 1709 commiserationis
3336 1644 3580 1701 affectum
3611 1642 3663 1696 in
3702 1640 3785 1696 eis

2217 1750 2481 1822 exstingui
2506 1762 2691 1804 assero
2711 1787 2728 1814 ,
2756 1746 3011 1815 ipsosque
3048 1755 3150 1796 una
3180 1753 3300 1794 cum
3331 1734 3559 1790 Domino
3589 1730 3785 1785 adver-

2218 1862 2311 1901 sus
2337 1844 2540 1898 ViSt'el'a
2586 1854 2682 1895 sua
2731 1834 3002 1891 iracundia
3034 1830 3265 1887 incendi.
3295 1826 3426 1883 Nam
3454 1825 3500 1879 si
3543 1823 3788 1891 vulgares

2218 1941 2381 1996 etiam
2410 1935 2675 2000 homines,
2694 1945 2815 1987 cum
2844 1928 2982 1983 filios
2995 1938 3122 1981 suos
3149 1921 3419 1993 improbos
3438 1931 3560 1974 esse
3582 1913 3786 1976 vident,

2223 2045 2318 2087 eos
2373 2027 2620 2082 abdicaui
2672 2031 2832 2092 atque
2876 2034 2904 2072 a
2959 2015 3158 2072 familia
3213 2010 3568 2072 exscindullt;
3618 2003 3789 2060 multo

2222 2134 2352 2177 sane
2379 2117 2546 2187 magis
2574 2113 2626 2170 id
2658 2122 2766 2168 tum
2789 2108 2947 2180 justis
2971 2121 3069 2162 usu
3097 2111 3377 2161 venturum
3404 2108 3506 2155 est.
3528 2094 3790 2166 Quocirca

2225 2225 2383 2268 nemo
2422 2186 2521 2263 sibi
2573 2206 2710 2261 bona
2765 2202 3113 2274 polliceatur,
3143 2197 3186 2252 si
3235 2194 3369 2250 nihil
3395 2190 3521 2246 boni
3569 2186 3788 2250 fecerit,

2227 2302 2470 2376 quamvis
2491 2306 2773 2355 sexcentos
2799 2295 2963 2351 etiam
2983 2292 3160 2361 iustos
3187 2302 3315 2342 avos
3347 2286 3538 2339 habeat
3570 2298 3584 2335 :
3620 2277 3792 2335 Unus-

2229 2369 2440 2466 quisque
2483 2392 2615 2445 enim
2665 2388 2867 2457 referet,
2919 2391 3069 2453 prout
3092 2380 3244 2452 gessit
3268 2420 3282 2444 ,
3312 2375 3519 2447 propria
3537 2369 3792 2466 corporis.

2231 2463 2403 2559 Atque
2433 2487 2517 2541 hic
2539 2490 2861 2539 scortatores
2885 2477 3017 2533 mihi
3061 2473 3418 2545 perstringere
3462 2463 3703 2525 videtur,
3736 2474 3797 2515 ac

2234 2557 2529 2639 futurorum
2572 2573 2951 2645 suppliciorum
3000 2575 3197 2622 metum
3234 2560 3362 2631 ipsis
3410 2557 3666 2625 injicere;
3696 2565 3796 2606 nec

2233 2674 2361 2743 ipsis
2386 2643 2692 2733 dumtaxat,
2723 2662 2817 2718 sed
2846 2669 2901 2716 et
2941 2656 3190 2715 omnibus
3210 2652 3297 2722 qui
3350 2652 3404 2702 in
3445 2646 3554 2702 alio
3597 2643 3798 2699 scelere

2234 2735 2357 2819 sese
2383 2757 2712 2817 devinciunt.
2746 2752 2871 2807 litec
2897 2751 3057 2820 igitur
3102 2758 3201 2800 nos
3225 2754 3434 2811 quoque
3479 2735 3795 2790 audiamus:

2238 2856 2285 2911 si
2313 2852 2545 2909 libidinis
2571 2850 2694 2919 igne
2719 2846 2946 2915 ﬂagras,
2977 2842 3154 2911 ignem
3197 2834 3346 2890 illum
3373 2842 3618 2899 oppone;
3645 2835 3801 2919 atque

2236 2949 2323 3002 hic
2373 2916 2654 3000 confestim
2703 2937 3074 3004 exslinguetur
3116 2938 3170 2984 et
3211 2930 3497 2982 evanescet
3523 2937 3537 2974 :
3567 2919 3611 2973 si
3636 2916 3801 2987 quid,

2237 3038 2377 3110 quod
2422 3036 2679 3090 absonum
2707 3030 2806 3093 sit,
2837 3025 2979 3095 loqui
3022 3020 3219 3110 gestis,
3251 3015 3495 3072 dentium
3525 3008 3804 3110 stridorem

2239 3096 2537 3200 cogitant
2579 3122 2714 3178 freni
2767 3121 2939 3174 instar
2993 3112 3084 3168 tibi
3133 3109 3220 3165 hic
3266 3114 3441 3161 metus
3487 3101 3592 3157 erit
3622 3096 3707 3152 :si
3729 3096 3809 3150 vis

2241 3194 2465 3292 cuipiam
2491 3212 2688 3286 aliquid
2718 3211 2932 3279 eripere
2957 3247 2974 3273 ,
3000 3202 3121 3259 audi
3167 3198 3430 3292 iudicem.
3463 3194 3808 3292 imperantem

2243 3329 2307 3368 ac
2329 3278 2618 3371 dicentem,
2651 3278 2827 3373 Ligate
2878 3313 3058 3353 manus
3104 3294 3215 3364 ejus
3243 3305 3308 3344 ac
3334 3286 3486 3358 pedes
3508 3324 3524 3349 ,
3556 3291 3602 3338 et
3648 3278 3814 3350 dicit:

2244 3422 2358 3461 eum
2408 3404 2463 3456 in
2504 3372 2730 3455 tenebras
2778 3392 3045 3448 exteriores
3070 3383 3281 3459 (Matth.
3307 3381 3397 3435 ΞΩ.
3426 3377 3517 3447 15)
3548 3374 3659 3430 :ita
3684 3372 3809 3433 ﬂet,

2248 3509 2305 3554 ut
2344 3497 2483 3551 hanc
2528 3490 2873 3561 cupiditatem
2927 3481 3199 3539 exturbes.
3231 3476 3290 3532 Si
3318 3474 3442 3528 vino
3484 3469 3693 3561 deditus
3719 3477 3811 3561 es,

2248 3553 2347 3645 nec
2373 3605 2403 3643 a
2426 3553 2639 3656 crapula
2670 3579 2905 3636 abstrahi
2936 3584 3110 3646 potes,
3140 3569 3262 3625 audi
3289 3565 3507 3656 divitem
3537 3560 3683 3612 illum

2250 3696 2479 3743 centem,
2510 3647 2656 3733 ilitte
2679 3675 2935 3729 Lazarum
2956 3711 2972 3736 ,
2999 3676 3058 3723 ut
3084 3674 3325 3722 extremo
3356 3655 3521 3726 digito
3569 3664 3670 3743 suo
3708 3647 3820 3743 [inf

2249 3789 2406 3847 guam
2460 3738 2633 3825 meam
2674 3766 2812 3837 ignis
2839 3761 3032 3816 ardore
3085 3754 3498 3847 conﬂagrantem
3540 3738 3823 3847 refrigeret

2435 3861 2523 3917 16.
2550 3827 2809 3930 24),ilec
2852 3864 3027 3908 tamen
3075 3847 3129 3902 id
3182 3841 3553 3900 obtinentem:
3602 3832 3677 3886 ita
3718 3827 3823 3932 hoc

2254 3920 2383 4015 vitio
2407 3957 2651 4013 laborare
2679 3950 2911 4007 desines.
2940 3945 2998 4002 Si
3022 3940 3329 3998 deliciarum
3380 3941 3564 3986 attulre
3589 3920 3822 3982 teneris,

2255 4053 2596 4108 al'ﬂictionem
2623 4047 2764 4101 illam
2793 4050 2847 4099 et
2872 4037 3169 4110 angustiam
3195 4031 3389 4101 cogita,
3419 4033 3474 4081 et
3513 4018 3733 4077 delicias
3758 4027 3827 4068 ne

2257 4143 2474 4217 quidem
2499 4137 2758 4210 cogitabis
2785 4152 2799 4190 :
2829 4135 2875 4188 si
2902 4144 3077 4188 suaves
3106 4135 3161 4183 et
3185 4120 3420 4181 crudelis
3445 4132 3527 4217 es,
3558 4111 3823 4214 virginum

2257 4202 2468 4293 illarum
2496 4202 2594 4287 tibi
2636 4230 2688 4284 in
2727 4234 2960 4282 mentem
3013 4218 3227 4282 veniat,
3258 4226 3378 4284 quae
3423 4207 3496 4263 ob
3536 4202 3829 4260 esstinctas

2258 4324 2529 4392 lampadas
2555 4320 2623 4375 ad
2670 4317 2957 4373 thalamum
3005 4299 3515 4392 minimeadmissa:
3563 4297 3724 4392 sunt;
3775 4293 3829 4392 et

2261 4378 2643 4474 illi—inanitatem
2674 4422 2835 4479 quam
2863 4404 3096 4475 primum
3120 4395 3330 4452 indues.
3357 4387 3463 4446 Sed
3516 4378 3745 4479 segnitie
3770 4387 3834 4429 ac

2262 4472 2515 4582 languore
2560 4472 2781 4571 torpes?
2810 4472 2994 4564 Cogita
3041 4504 3167 4546 eum
3209 4485 3299 4557 qui
3327 4472 3835 4582 talentum

2261 4563 2382 4662 dit:
2411 4606 2465 4652 et
2494 4563 2669 4665 ignem
2699 4590 2873 4660 ipsum
2899 4563 3196 4640 acrimonia
3220 4577 3427 4665 vinces.
3451 4566 3569 4625 Sed
3607 4563 3836 4665 fort-asse

2262 4650 2554 4747 alienarum
2581 4650 2742 4754 epum
2768 4678 3031 4749 cupiditas
3060 4683 3112 4728 te
3140 4664 3384 4724 arrodit?
3410 4661 3657 4754 Yermem
3687 4650 3836 4707 illum

2264 4748 2701 4838 immortalem-iu
2730 4748 2909 4827 mente
2930 4767 3106 4827 habe;
3135 4775 3197 4816 ac
3225 4751 3479 4831 perfacile
3519 4748 3662 4802 hunc

2267 4830 2752 4942 huni'prolligabis,
2780 4871 2834 4918 et
2857 4860 2959 4914 alia
2991 4855 3169 4911 omnia
3196 4848 3292 4942 Dei
3341 4846 3608 4915 praecepta

2415 4925 2759 5033 nequeveuim
2788 4953 2878 5009 ille
2905 4946 3192 5021 quidquam
3233 4939 3427 5033 durum
3446 4946 3509 5033 ac
3531 4940 3724 5033 grape.

2269 5013 2673 5128 gravit.1Uilde
2716 5047 2777 5102 fit
2827 5013 3027 5114 igitur,
3182 5013 3841 5128 quingedixitzi

2271 5099 2776 5205 rubis-immuto”
2805 5099 2903 5190 Est
2925 5099 3170 5186 socordia
3202 5099 3396 5176 nostra
3438 5121 3493 5169 et
3533 5106 3752 5205 inertis.
3778 5099 3844 5205 Ut

2273 5195 2441 5303 ξῖιῆξ,
2463 5195 2775 5290 illius...
2803 5239 2867 5281 ac
2898 5216 3229 5290 diligentiam
3252 5208 3601 5303 adhibes-mus
3620 5240 3640 5266 ,
3682 5195 3843 5303 sua:

2273 5291 2390 5399 quae
2418 5291 2754 5380 intoleranda
2781 5316 3029 5372 videntur
3051 5350 3066 5374 ,
3107 5305 3282 5362 facilia
3309 5309 3365 5358 et
3387 5297 3524 5399 levia
3537 5298 3750 5399 lerunt;
3778 5291 3849 5399 ita

2274 5378 2575 5473 similesidia
2610 5411 2917 5466 laboremus
2943 5443 2958 5467 ,
2984 5400 3144 5458 etiam
3200 5409 3319 5467 qua:
3369 5383 3666 5445 tolerabilia
3691 5378 3849 5470 9

2273 5505 2510 5563 difficilia
2540 5503 2694 5557 nobis
2715 5495 3066 5572 apparebunt.
3098 5489 3225 5545 litae
3262 5485 3442 5553 itaque
3482 5473 3667 5533 omnia
3703 5474 3855 5572 eogt‘

2283 5609 2475 5662 tantes,
2510 5611 2617 5653 non
2663 5570 2760 5650 eos
2802 5591 2895 5662 qui
2948 5583 3157 5642 deliciis
3184 5576 3463 5647 indulgent
3504 5570 3857 5662 spectemus,

2280 5655 2374 5749 sed
2415 5655 2541 5761 quis
2576 5701 2759 5742 eorum
2808 5655 2879 5737 sit
2925 5678 3134 5741 exitus;
3176 5672 3263 5727 hic
3312 5675 3510 5761 uetiti”

2283 5751 2521 5851 corporis
2549 5779 2803 5840 obesitas,
2833 5772 2941 5828 illic
2963 5767 3161 5826 vomis
3192 5772 3247 5820 et
3276 5758 3417 5833 ignis
3446 5774 3459 5810 :
3488 5766 3595 5809 non
3624 5758 3716 5805 eos
3762 5751 3853 5812 qui
