4098 6222
379 385 477 439 471

375 502 524 566 τοὺς,
543 501 645 554 οὐκ
662 500 959 572 ἐνδιέτριψε
976 501 1052 573 τῷ
1068 502 1234 575 λόγῳ,
1251 506 1365 560 ἀλλ’
1389 509 1446 564 ἐν
1465 510 1657 583 βραχεῖ
1670 514 1731 567 τὸ
1752 516 1951 586 στῦφον

378 591 571 657 εἰπὼν,
599 593 892 660 Ἕκαστος
918 596 1226 664 κομίσεται
1255 601 1403 667 πρὸς
1419 601 1458 656 ἂ
1478 603 1721 672 ἔπραξε,
1745 607 1955 678 ταχέως

379 681 722 751 παρέδραμε.
768 681 1098 752 Νομίσωμεν
1133 679 1226 738 οὖν
1260 687 1392 740 αύτδ
1426 693 1680 760 παρεῖναι
1714 690 1829 753 νῦν,
1861 695 1955 747 καὶ

376 771 607 832 ἕκαστος
645 772 702 823 τὸ
755 772 947 824 ἐαυτοῦ
984 775 1219 839 συνειδδς
1269 778 1690 846 ἀναλογιζέσθω,
1728 783 1822 835 καὶ
1853 784 1952 854 ἤδη

378 863 678 931 λογιζέσθω
701 867 955 933 παρεῖναι
979 865 1070 917 τὸν
1103 869 1393 938 Δικαστὴν,
1422 871 1514 924 καὶ
1549 873 1723 926 πάντα
1748 876 1952 926 ἀνακα-

374 954 670 1008 λύπτεσθαι
694 955 787 1007 καὶ
809 957 888 1018 εἰς
920 956 1082 1024 μέσον
1108 957 1335 1023 ἄγεσθαι
1355 976 1368 988 ·
1397 962 1456 1014 ού
1479 962 1586 1032 γὰρ
1607 965 1952 1033 παραστῆναι

372 1049 521 1118 ἡμᾶς
556 1047 742 1109 ἁπλῶς
780 1047 882 1109 δεῖ,
919 1047 1053 1101 ἀλλά
1087 1050 1178 1102 καὶ
1227 1052 1629 1123 φανερωθῆναι.
1658 1049 1806 1126 Ἆρα
1851 1055 1951 1109 οὐκ

370 1137 768 1208 ἠρυθριάσατε;
792 1135 838 1218 ,ἆ
849 1155 917 1208 pa.
938 1140 1039 1192 οὐκ
1077 1139 1330 1213 ἐξέστητε
1351 1161 1367 1209 ;

441 1335 503 1387 Εἰ
545 1335 600 1387 δὲ
635 1336 728 1388 νῦν
773 1335 926 1390 οὔπω
959 1336 1053 1391 τοῦ
1110 1340 1432 1411 πράγματος
1482 1343 1770 1414 παρόντος,
1810 1345 1948 1399 ἀλλὰ

369 1427 555 1490 ἁπλῶς
603 1426 723 1480 καθ’
775 1429 1028 1482 ὑπόθεσιν
1061 1429 1304 1495 δοθέντος
1355 1435 1448 1486 καὶ
1478 1432 1722 1504 λογισμῷ
1752 1453 1946 1490 ητυπωο

369 1517 570 1584 θέντος,
591 1519 922 1589 ἀπωλόμεθα
950 1521 1054 1574 ὑπὸ
1074 1522 1168 1574 τοῦ
1193 1525 1521 1587 συνειδότος·
1545 1527 1597 1578 τί
1624 1527 1942 1596 ποιήσομεν,

365 1611 494 1663 ὅταν
541 1611 939 1681 παραγένηται,
974 1613 1101 1667 όταν
1150 1615 1182 1683 ἡ
1235 1615 1528 1686 οἰκουμένη
1587 1619 1734 1671 πᾶσα
1770 1620 1942 1690 παρῇ,

363 1701 492 1755 ὅταν
516 1701 736 1770 ἄγγελοι
758 1705 849 1757 καὶ
876 1705 1232 1776 ἀρχάγγελοι,
1258 1709 1385 1761 όταν
1417 1709 1707 1781 ἐπάλληλοι
1735 1711 1938 1778 τάξεις,

364 1793 457 1846 καὶ
483 1792 681 1864 δρόμος
713 1795 988 1858 ἁπάντων,
1018 1799 1110 1851 καὶ
1139 1799 1386 1868 ἁρπαγαὶ
1409 1800 1502 1854 ἐπὶ
1536 1801 1644 1854 τῶν
1678 1802 1937 1869 νεφελῶν,

363 1885 454 1937 καὶ
485 1886 790 1956 παράταξις
819 1888 1023 1958 τρόμου
1050 1891 1332 1960 γέμουσα;
1371 1892 1500 1945 ὅταν
1547 1895 1602 1945 αἰ
1643 1893 1942 1962 σάλπιγγες

361 1977 416 2027 αἰ
447 1976 758 2047 ἐπάλληλοι,
782 1979 839 2031 αἱ
872 1983 1111 2050 συνεχεῖς
1135 1982 1337 2036 ἐκεῖναι
1368 1983 1541 2048 φωναί
1564 2001 1576 2048 ;
1616 1986 1678 2039 Εἰ
1711 1989 1822 2056 γὰρ
1863 1986 1938 2057 μὴ

359 2066 553 2133 γέεννα
590 2061 678 2138 ἦν,
731 2068 792 2121 τὸ
832 2071 888 2122 ἐν
927 2070 1167 2145 τοσαύτῃ
1199 2064 1543 2146 λαμπρότητι
1593 2075 1936 2146 ἀπωσθῆναι,

362 2159 454 2212 καὶ
483 2159 674 2228 ἄτιμον
713 2161 1087 2232 ἀναχωρῆσαι,
1141 2163 1283 2230 πόση
1333 2166 1586 2230 κόλασις;
1620 2169 1729 2221 Καὶ
1754 2169 1862 2238 γὰρ
1889 2171 1937 2222 εἰ

361 2248 480 2316 νῦν,
534 2248 798 2319 βασιλέως
847 2252 1250 2318 εἰσελαύνοντος
1299 2257 1393 2308 καὶ
1435 2258 1544 2310 τῶν
1590 2259 1707 2326 μετ’
1747 2258 1934 2322 αὐτοῦ,

361 2342 690 2413 θεωροῦντες
722 2345 949 2408 ἕκαστος
981 2345 1076 2416 τὴν
1106 2346 1300 2400 ἐαυτοῦ
1333 2347 1542 2413 πενίαν,
1574 2350 1636 2402 06
1665 2350 1937 2422 τοσαύτην

357 2433 464 2486 ἀπὸ
517 2434 616 2504 τῆς
655 2435 786 2500 θέας
843 2436 1194 2510 λαμϐάνομεν
1243 2439 1457 2512 ἡδονὴν,
1509 2442 1640 2511 ὅσην
1687 2442 1796 2495 ἀπὸ
1841 2443 1935 2496 τοῦ

361 2524 586 2594 μηδενὸς
613 2526 863 2597 μετέχειν
895 2528 1005 2582 τῶν
1044 2529 1175 2600 περὶ
1203 2530 1295 2584 τόν
1323 2531 1572 2600 βασιλέα,
1605 2533 1740 2604 μηδέ
1769 2534 1935 2602 ἐγγὺς

356 2609 497 2670 εἶναι
532 2616 627 2671 τοῦ
669 2619 1020 2688 κρατοῦντος,
1048 2621 1286 2690 ἀθυμίαν
1317 2624 1695 2695 ὑπομένομεν⁹
1724 2627 1779 2679 τί
1811 2629 1934 2681 τότε

356 2708 537 2775 ἑσται;
565 2709 598 2780 ἢ
632 2712 836 2783 μικρὰν
871 2711 1010 2768 εῖναι
1055 2715 1297 2784 νομίζεις
1331 2717 1552 2772 κόλασιν
1579 2721 1640 2774 τὸ
1669 2721 1743 2793 μή
1770 2740 1936 2776 κατα-

352 2801 642 2855 τάττεσθαι
689 2807 748 2857 ἐν
781 2805 976 2876 ἐκείνῳ
1020 2803 1301 2878 τῷ’χορῷ,
1340 2808 1402 2862 τὸ
1437 2809 1512 2880 μὴ
1547 2812 1934 2876 καταξιοῦσθαι

351 2891 452 2960 τῆς
482 2893 797 2964 ἀπορρήτου
843 2896 1020 2964 δόξης,
1070 2897 1132 2950 τὸ
1173 2898 1275 2967 τῆς
1323 2899 1686 2972 πανηγύρεως
1717 2902 1934 2974 ἐκείνης

351 2981 442 3034 καὶ
468 2983 576 3035 τῶν
624 2984 922 3055 ἀφράστων
957 2986 1178 3053 ἀγαθῶν
1211 2987 1403 3058 πόρρω
1432 3007 1534 3042 που
1570 2991 1666 3044 καὶ
1715 2992 1933 3062 μακρὰν

350 3073 718 3145 ἀπερρῖφθαις
774 3077 943 3130 ’Ὀταν
986 3078 1044 3130 δὲ
1094 3079 1188 3131 καὶ
1223 3081 1414 3142 σκότος
1561 3083 1653 3135 καὶ
1688 3081 1933 3154 βρυγμὸς

350 3165 597 3230 ὀδόντων,
624 3169 720 3222 καὶ
751 3169 925 3240 δεσμά
954 3171 1144 3234 ἄλυτα,
1179 3172 1274 3224 καὶ
1305 3171 1522 3242 σκώληξ
1550 3173 1927 3246 ἀτελεύτητος,

350 3258 443 3310 καὶ
485 3259 597 3330 πῦρ
642 3260 930 3325 ἄσϐεστον,
983 3264 1076 3316 καὶ
1111 3263 1289 3332 θλῖψις
1320 3265 1412 3317 καὶ
1444 3266 1790 3337 στενοχωρία,
1837 3267 1930 3320 καὶ

349 3348 592 3414 γλῶσσαι
634 3351 1083 3423 τηγανιζόμεναι,
1135 3355 1388 3425 καθάπερ
1433 3357 1465 3427 ἡ
1501 3357 1594 3410 τοῦ
1651 3358 1926 3423 πλουσίου,

347 3436 445 3489 καί
470 3437 877 3511 όλοφυρώμεθα,
911 3444 1004 3496 καὶ
1048 3446 1238 3514 μηδεὶς
1279 3446 1474 3519 ἀκούῃ,
1527 3448 1622 3502 καὶ
1655 3451 1930 3519 στένωμεν

347 3530 441 3581 καὶ
473 3528 762 3602 βρύχωμεν
784 3533 890 3586 ὑπὸ
915 3534 1021 3587 τῶν
1049 3536 1381 3606 ἀλγηδόνων,
1415 3539 1510 3591 καὶ
1543 3540 1732 3609 μηδεὶς
1763 3558 1930 3612 προσ-

347 3623 464 3692 έχῃ,
497 3625 592 3677 καὶ
622 3625 900 3696 πανταχοῦ
932 3627 1240 3698 βλέπωμεν.
1271 3629 1364 3683 καὶ
1395 3631 1648 3700 μηδαμοῦ
1687 3631 1876 3702 μηδεὶς
1900 3635 1929 3687 ό

346 3714 844 3786 παραμυθούμενος
1001 3719 1104 3773 ποῦ
1136 3719 1371 3790 τάξομεν
1416 3723 1543 3785 τοὺς
1596 3723 1654 3775 ἐν
1712 3723 1926 3788 τούτοις

344 3805 538 3872 δνταςς
583 3810 635 3862 τί
662 3809 718 3862 δέ
761 3812 982 3865 ἐκείνων
1029 3812 1359 3886 ἀθλιώτερον
1395 3814 1505 3868 τῶν
1530 3815 1832 3884 ψυχῶν;τί
1867 3817 1925 3870 δέ

343 3895 696 3970 ἐλεεινότερον
717 3919 733 3967 ;

417 4075 483 4130 δ’.
518 4079 580 4131 Εἰ
617 4079 722 4152 γὰρ
745 4083 823 4145 εἰς
844 4083 1215 4155 δεσμωτήριον
1237 4087 1518 4152 εἰσιόντες,
1555 4091 1647 4144 καὶ
1679 4091 1802 4154 τοὺς
1825 4092 1923 4160 μὲν

340 4170 670 4240 αὑχμῶντας
694 4173 950 4242 ὁρῶντες,
975 4176 1100 4238 τοὺς
1132 4175 1188 4227 δέ
1219 4175 1538 4246 δεδεμένους
1566 4181 1660 4232 καὶ
1691 4182 1919 4234 πεινῶν-

336 4276 461 4327 τας,
510 4263 638 4326 τοὺς
670 4263 727 4316 δὲ
766 4266 824 4317 ἐν
852 4266 1029 4336 σκότῳ
1073 4269 1638 4340 κατακεκλασμένους
1655 4285 1702 4336 ει,
1749 4291 1920 4328 κατα-

338 4351 618 4424 κλώμεθα,
657 4356 976 4426 φρίττομεν,
1007 4360 1186 4411 πάντα
1220 4359 1362 4430 ὑπὲρ
1391 4361 1484 4413 τοῦ
1514 4364 1720 4431 μήποτε
1747 4366 1918 4434 ἐμπε-

338 4443 452 4494 σεῖν
489 4443 670 4495 ἐκεῖσε
714 4445 1029 4515 πράττομεν
1051 4463 1062 4476 ·
1098 4447 1225 4500 ὅταν
1257 4448 1600 4519 ἀπαγώμεθα
1634 4453 1918 4523 συρόμενοι

335 4534 416 4595 εἰς
451 4533 590 4586 αύτά
637 4537 737 4606 τῆς
779 4535 1004 4605 γεέννης
1052 4537 1119 4590 τά
1161 4537 1576 4610 βασανιστήρια,
1628 4543 1767 4606 τίνες
1797 4543 1918 4597 ἐσό-

342 4625 514 4693 μεθα;
543 4626 618 4679 06
649 4627 755 4697 γάρ
788 4629 851 4680 ἐκ
878 4628 1094 4699 σιδήρου
1127 4630 1193 4683 τὰ
1230 4631 1402 4699 δεσμά
1430 4633 1636 4696 ἐκεῖνα,
1663 4634 1779 4688 ἀλλ’
1809 4635 1918 4688 ἀπὸ

339 4711 487 4787 [5H]
525 4717 697 4786 σωρὸς
738 4716 994 4770 οὐδέποτε
1053 4719 1450 4790 σϐεννυμένου·
1493 4723 1616 4775 οὐδὲ
1662 4725 1916 4795 ὁμότιμοι

332 4807 382 4858 οἰ
428 4807 737 4875 ἐφεστῶτες
782 4811 934 4879 ἡμῖν,
964 4808 1058 4874 οὓς
1089 4813 1181 4864 καὶ
1225 4813 1628 4883 ἐκμειλίξασθαι
1659 4817 1915 4882 πολλάκις

333 4898 434 4960 ἔνι,
469 4899 587 4953 ἀλλ’
621 4899 865 4968 ἄγγελοι,
917 4897 996 4965 οἷς
1034 4904 1156 4957 οὐδέ
1201 4905 1538 4976 προσϐλέψαι
1567 4905 1743 4977 θέμις,
1788 4926 1915 4979 σφος

330 4989 475 5060 δρῶς
504 4991 646 5062 ὑπὲρ
675 4983 750 5044 ὧν
778 4992 870 5045 τὸν
900 4995 1179 5065 Δεσπότην
1209 4995 1512 5066 ὑϐρίκαμεν
1541 4997 1908 5069 ὀργιζόμενοι.

330 5078 447 5132 Οὐκ
470 5080 610 5148 ἐστι,
634 5081 886 5153 καθάπερ
911 5083 1163 5146 ἐνταῦθα,
1198 5085 1324 5149 τοὺς
1359 5085 1457 5153 μὲν
1482 5086 1765 5158 ἀργύριον,
1787 5089 1913 5152 τοὺς

327 5169 385 5223 δέ
409 5171 642 5242 τροφὰς,
663 5174 788 5236 τοὺς,
816 5173 872 5226 δὲ
902 5174 1091 5242 λόγους
1115 5165 1432 5244 εἰσάγοντας
1470 5180 1912 5251 παρακλητικοὺς

332 5262 483 5328 ἰδεῖν,
536 5264 630 5316 καὶ
680 5265 1032 5337 παραμυθίας
1073 5270 1284 5338 τυχεῖν·
1331 5270 1468 5324 ἀλλά
1517 5271 1691 5325 πάντα
1743 5273 1912 5343 ἀσύγ-

325 5372 550 5420 γνωστα
581 5358 730 5410 ἐκεῖ·
759 5357 860 5410 κᾶν
885 5357 1006 5410 Νῶε
1041 5354 1096 5432 ᾖ,
1124 5359 1228 5412 κᾶν
1266 5359 1407 5422 Ἰὼϐ,
1441 5360 1543 5415 κᾶν
1572 5363 1788 5432 Δανιὴλ,
1819 5367 1912 5419 καλ⁸

322 5447 455 5510 τοὺς
487 5447 723 5512 οἰκείους
756 5449 838 5520 ἴδῃ
868 5449 1284 5520 κολαζομένους,
1324 5452 1385 5504 o6
1419 5453 1592 5524 τολμᾷ
1625 5458 1908 5528 παραστῆ-

323 5555 436 5593 ναι.
461 5541 577 5592 Καὶ
600 5541 708 5612 γάρ
730 5543 823 5594 καὶ
843 5543 940 5611 τὴν
970 5544 1034 5596 ἐκ
1054 5546 1152 5612 τῆς
1179 5543 1392 5612 φύσεως
1423 5548 1766 5616 συμπάθειαν
1785 5551 1907 5604 τότε

323 5630 671 5698 ἀναιρεῖσθαι
720 5631 1026 5701 συμϐαίνει.
1071 5634 1290 5704 Ἐπειδὴ
1327 5634 1437 5706 γὰρ
1485 5638 1770 5707 συμϐαίνει
1827 5641 1907 5694 δι-

323 5720 518 5784 καίους
558 5717 697 5776 εἶναι
741 5724 947 5778 παίδων
985 5725 1228 5796 πατέρας
1278 5728 1551 5798 πονηρῶν,
1587 5731 1680 5784 καὶ
1711 5732 1905 5796 παῖδας

389 5859 414 5887 ⁸
443 5865 575 5913 Saﬁl
625 5869 673 5914 in
698 5881 835 5927 marg
861 5904 873 5925 ,
901 5868 1342 5927 κατακεκλιμένους.

1406 388 1470 442 ΙΝ
1511 391 1726 449 EPIST.
1772 394 1814 449 ll
1858 394 1948 448 AD
1987 396 2146 455 (ΞΟΠ.
2185 399 2420 456 llOMIL.
2462 397 2530 451 Χ.

3522 395 3633 451 ιη

2063 521 2344 592 πατέρων·
2371 519 2512 572 ὥστε
2542 514 2785 585 καθαρὰν
2820 507 3078 578 εἶναιτὴν
3103 511 3295 584 ήδονὴν
3330 512 3422 566 καὶ
3459 512 3532 584 μὴ
3562 517 3630 586 τῇ

2056 611 2153 681 τῆς
2182 608 2525 678 συμπαθείας
2553 607 2766 676 ἀνάγκη
2789 602 3160 656 κατακλᾶσθαι
3180 603 3306 666 τοὺς
3332 603 3631 657 ἀπολαύον-

2054 719 2154 764 τας
2204 699 2311 753 τῶν
2360 698 2598 768 ἀγαθῶν,
2648 698 2739 750 καὶ
2768 696 2973 766 ταύτην
3009 694 3329 747 σϐέννυσθαι
3359 695 3456 765 τὴν
3494 713 3632 764 συμ-

2057 792 2288 846 πάθειάν
2313 810 2478 862 φημι,
2501 792 2592 844 καὶ
2615 790 2811 852 αὐτοὺς
2837 790 3260 857 συναγανακτεῖν
3287 788 3365 857 τῷ
3386 791 3631 861 Δεσπότῃ

2055 883 2196 937 κατὰ
2227 882 2336 937 τῶν
2379 881 2597 935 οἰκείων
2629 880 2968 948 σπλάγχνων.
3021 881 3083 932 Εἰ
3115 879 3224 950 γὰρ
3256 879 3534 949 ἄνθρωποι
3579 883 3630 933 οἱ

2053 975 2328 1044 τυχόντες,
2363 975 2492 1028 ὅταν
2543 973 2692 1025 ἴδωσι
2723 971 2959 1040 φαύλους
3005 971 3130 1033 τοὺς
3180 969 3359 1022 αὐτῶν
3412 971 3628 1032 παῖδας,

2052 1063 2488 1134 ἀποκηρύττουσι
2507 1061 2712 1129 καὶτῆς
2733 1058 3052 1126 συγγενείας
3072 1057 3392 1127 ἐκτέμνουσι
3413 1076 3426 1088 ·
3452 1057 3630 1128 πολλῷ

2056 1156 2256 1226 μᾶλλον
2288 1157 2338 1209 οἰ
2383 1155 2581 1208 δίκαιοι
2618 1152 2760 1205 τότε.
2816 1149 3114 1221 Τοιγαροῦν
3154 1151 3338 1219 μηδεὶς
3366 1148 3630 1214 ἐλπιζέτω

2051 1249 2287 1318 χρηστὰ,
2334 1248 2408 1318 μὴ
2464 1243 2840 1317 ἐργασάμενός
2881 1260 2934 1295 τι
2984 1241 3236 1312 χρηστὸν,
3268 1240 3370 1293 κᾶν
3403 1242 3630 1312 μυρίους

2050 1339 2147 1410 ἔχῃ
2189 1340 2487 1409 προγόνους
2531 1335 2800 1398 δικαίους·
2839 1334 3130 1396 Ἕκαστος
3165 1332 3274 1399 γὰρ
3319 1333 3630 1399 κομίσεται

2048 1431 2198 1498 πρὸς
2227 1429 2266 1484 ἁ
2291 1429 2514 1497 ἔπραξε
2536 1431 2609 1481 τὰ
2634 1427 2732 1480 διὰ
2767 1425 2872 1479 τοῦ
2901 1425 3197 1492 σώματος.
3239 1421 3506 1476 Ἐνταῦθά
3537 1441 3628 1492 μοι

2046 1521 2193 1574 δοκεῖ
2215 1521 2308 1575 καὶ
2330 1521 2456 1583 τοὺς
2486 1519 2849 1590 πορνεύοντας
2877 1516 3230 1576 αἰνίττεσθαι,
3254 1514 3458 1568 καὶτὸν
3487 1517 3630 1567 ἐκεῖ-

2047 1611 2138 1665 θεν
2168 1611 2512 1681 ἐπιτειχίζων
2535 1611 2697 1679 φόϐον
2730 1609 2940 1672 αὐτοῖς·
2973 1608 3074 1660 οὐκ
3102 1608 3330 1670 ἐκείνοις
3352 1606 3407 1658 δὲ
3443 1606 3626 1676 μόνον,

2045 1704 2181 1758 ἀλλά
2211 1705 2304 1758 καὶ
2333 1706 2468 1758 πᾶσι
2501 1705 2614 1767 τοῖς
2645 1701 2824 1756 ὁτιοῦν
2859 1699 3262 1770 πλημμελοῦσι.
3313 1699 3627 1769 Ἀκούωμεν

2043 1796 2220 1849 τοίνυν
2250 1796 2345 1848 καὶ
2373 1797 2565 1866 ἡμεῖς·
2599 1795 2703 1849 κᾶν
2732 1794 2840 1864 πῦρ
2871 1792 3000 1864 ἔχῃς
3032 1791 3347 1861 ἐπιθυμίας,
3370 1792 3627 1862 ἀντίστη-

2045 1905 2136 1942 σον
2169 1890 2343 1942 ἐκεῖνο
2361 1888 2422 1940 τὸ
2453 1887 2587 1959 πῦρ,
2614 1887 2710 1940 καὶ
2737 1886 2896 1939 τοῦτο
2925 1883 3126 1948 εὐθέως
3153 1881 3523 1936 κατασϐεσθὲν
3545 1885 3624 1937 ol-

2041 1981 2300 2050 χήσεται·
2348 1978 2450 2032 κάν
2498 1977 2765 2049 βουληθῇς
2811 1995 2863 2030 τι
2902 1973 3237 2045 φθέγξασθαι
3267 1972 3498 2042 ἀπηχὲς,
3536 1973 3626 2024 ὲν..

2041 2073 2234 2143 νόησον
2266 2073 2358 2126 τὸν
2402 2072 2644 2144 βρυγμὸν
2677 2071 2784 2124 τῶν
2821 2070 3072 2131 ὀδόντων,
3101 2067 3196 2121 καὶ
3224 2065 3439 2136 χαλινὸς
3469 2064 3623 2119 ἐσται

2042 2183 2124 2219 σοι
2149 2168 2178 2220 ό
2202 2166 2364 2235 φόϐος
2382 2181 2396 2195 ·
2436 2164 2540 2219 κᾶν
2575 2163 2820 2236 ἁρπάσαι
2853 2161 3139 2232 βουληθῇς,
3171 2161 3402 2214 ἄκουσον
3423 2157 3519 2210 τοῦ
3542 2158 3622 2211 διο

2041 2258 2246 2312 καστοῦ
2271 2258 2587 2320 κελεύοντος
2614 2257 2710 2311 καὶ
2736 2256 3006 2323 λέγοντος,
3042 2253 3274 2318 Δήσατε
3300 2251 3486 2306 αὐτοῦ
3503 2250 3622 2319 χεῖ-

2031 2366 2147 2417 ρας
2174 2348 2272 2402 καί
2293 2348 2502 2414 πόδας,
2530 2347 2629 2401 καὶ
2653 2346 2939 2401 ἐκϐάλετε
2964 2343 3154 2398 αὐτόν
3181 2345 3270 2408 εἰς
3306 2342 3372 2395 τὸ
3399 2343 3623 2407 σκότος

2039 2441 2109 2494 τὸ
2130 2440 2442 2508 ἐξώτερον·
2475 2439 2570 2493 καὶ
2593 2437 2843 2501 ἐκϐαλεῖς
2868 2438 2962 2490 καὶ
2982 2436 3183 2505 ταύτην
3211 2433 3353 2488 οὕτω
3384 2433 3478 2503 τὴν
3503 2434 3623 2486 ἐπι-

2039 2531 2103 2585 θυ
2111 2533 2260 2602 μίαν.
2286 2531 2405 2584 Κᾶν
2427 2528 2634 2602 μεθύῃς
2653 2529 2748 2583 καὶ
2766 2526 3083 2599 κραιπαλῶν
3099 2526 3364 2596 διατελῇς,
3393 2525 3623 2578 ἄκουσον

2036 2622 2130 2676 τοῦ
2167 2623 2429 2676 πλουσίου
2473 2621 2744 2691 λέγοντος,
2790 2620 3011 2690 Πέμψον
3040 2619 3310 2688 Λάζαρον,
3353 2617 3442 2670 ἵνα
3465 2615 3622 2686 ἀκρῳ

2037 2714 2115 2784 τῷ
2149 2714 2399 2784 δακτύλῳ
2440 2712 2730 2785 καταψύξῃ
2757 2711 2858 2782 τὴν
2888 2710 3325 2781 τηγανιζομένην
3346 2709 3618 2778 γλῶσσαν,

2035 2806 2130 2857 καὶ
2152 2804 2214 2856 06
2237 2804 2596 2874 τυγχάνοντος
2614 2821 2626 2834 ·
2657 2804 2750 2856 καὶ
2773 2804 3058 2874 ἀποστήσῃ
3085 2799 3180 2854 τοῦ
3207 2800 3436 2864 πάθους.
3475 2801 3535 2852 Et
3563 2798 3620 2851 δὲ

2033 2893 2247 2966 τρυφῆς
2295 2896 2448 2965 ἐρᾷς,
2479 2895 2733 2964 ἐννόησον
2764 2894 2862 2964 τὴν
2906 2894 3021 2948 ἐκεῖ
3046 2892 3226 2962 θλῐψιν
3253 2891 3348 2945 καὶ
3371 2892 3471 2960 τὴν
3503 2907 3623 2943 στε-

2036 2985 2322 3056 νοχωρίαν,
2357 2987 2452 3039 καὶ
2483 2986 2638 3040 οὐδὲν
2671 2987 2947 3057 ἐννοήσεις
2973 2985 3178 3054 ταύτην
3197 3003 3209 3014 ·
3244 2986 3293 3037 εἰ
3320 2983 3378 3037 δέ
3404 2981 3620 3052 ἀπηνὴς

2033 3079 2087 3136 εἴ
2116 3084 2206 3135 καὶ
2259 3082 2430 3151 ὠμὸς,
2481 3081 2860 3152 ἀναμνήσθητι
2908 3081 3015 3132 τῶν
3048 3079 3334 3149 παρθένων
3373 3077 3617 3141 ἐκείνων,

2032 3173 2108 3236 αῖ,
2169 3173 2276 3228 τῶν
2323 3173 2622 3242 λαμπάδων
2674 3173 2869 3234 αὑταῖς
2921 3169 3273 3232 σϐεσθεισῶν,
3329 3169 3470 3221 οὕτω
3522 3167 3617 3219 τοῦ

2032 3264 2326 3338 νυμφῶνος
2369 3262 2650 3329 ἐξέπεσον,
2688 3264 2781 3316 καὶ
2824 3261 3032 3331 ταχέως
3067 3263 3166 3332 ἔσῃ
3214 3257 3616 3329 φιλάνθρωπος.

2044 3359 2206 3412 Ἀλλά
2237 3358 2442 3428 νωθρὸς
2471 3353 2522 3411 εἴ
2548 3359 2642 3410 καὶ
2667 3356 3030 3427 παρειμένος;
3057 3352 3287 3422 Λογίζου
3326 3353 3413 3405 τὸν
3445 3351 3505 3403 τὸ
3527 3350 3618 3404 τά-

2030 3451 2224 3504 λαντον
2254 3450 2707 3521 κατακρύψαντα,
2746 3449 2841 3502 καὶ
2873 3448 2971 3520 ἔσῃ
3017 3447 3190 3518 πυρὸς
3239 3445 3614 3514 σφοδρότερος.

2043 3543 2205 3596 Ἀλλά
2249 3542 2526 3596 κατεσθίει
2567 3558 2626 3593 σε
2656 3543 2688 3608 ἡ
2713 3541 2812 3609 τῆς
2841 3539 2935 3591 τοῦ
2975 3538 3202 3607 πλησίον
3228 3536 3416 3598 οὐσίας
3437 3536 3462 3574 δ
3491 3537 3614 3587 ἐπι-

2031 3634 2228 3705 θυμίας
2269 3632 2502 3702 Λογίζου
2550 3631 2640 3684 τὸν
2674 3631 2932 3699 σκώληκα
2971 3629 3065 3682 τὸν
3109 3627 3487 3696 ἀτελεύτητον,
3521 3627 3617 3680 καὶ

2030 3727 2268 3788 εὐκόλως
2305 3726 2398 3778 καὶ
2423 3723 2582 3777 τοῦτο
2611 3722 2862 3792 ἀποθήσῃ
2892 3721 2952 3774 τὸ
2982 3721 3216 3791 νόσημα,
3243 3720 3339 3774 καί⁸
3371 3719 3440 3773 τὰ
3479 3719 3618 3773 ἄλλα

2029 3820 2206 3872 πάντα
2235 3816 2631 3885 κατορθώσεις·
2679 3814 2830 3868 οὐδὲν
2875 3815 2981 3884 γὰρ
3021 3812 3277 3882 φορτικὸν
3331 3812 3454 3866 ούδέ
3516 3813 3615 3865 ἐπ-

2029 3904 2192 3976 αχθὲς
2223 3903 2474 3969 ἐπέταξε.
2503 3902 2672 3956 Πόθεν
2705 3898 2796 3955 οὖν
2830 3902 2961 3971 ἡμῖν
3005 3899 3242 3970 φορτικά
3271 3901 3518 3970 φαίνεται
3548 3901 3619 3954 τά

2025 3995 2412 4065 ἐπιτάγματα;
2456 3993 2588 4047 Ἀπὸ
2634 3993 2732 4062 τῆς
2766 3990 3042 4062 ἡμετέρας
3071 3989 3366 4061 ῥᾳθυμίας.
3401 3990 3618 4059 Ὥσπερ

2025 4081 2116 4138 οῦν
2165 4084 2260 4138 ἐὰν
2314 4081 2728 4152 σπουδάζωμεν,
2785 4081 2880 4133 καὶ
2927 4079 2995 4133 τὰ
3053 4077 3315 4133 δοκοῦντα
3364 4079 3615 4150 ἀφόρητα

2026 4175 2183 4244 εἶναι,
2210 4175 2360 4248 [διε]
2394 4174 2573 4243 κοῦφα
2599 4173 2753 4227 ἐσται
2786 4174 2878 4227 καὶ
2914 4173 3096 4243 ῥᾴδια·
3128 4172 3300 4232 οὕτως
3324 4171 3418 4224 ἐὰν
3454 4169 3617 4241 ρᾳθυ-

2029 4268 2240 4340 μῶμεν,
2271 4269 2364 4321 καὶ
2388 4268 2456 4320 τά
2484 4264 2697 4338 φορητά
2719 4265 2955 4319 δύσκολα
2981 4267 3111 4335 ἡμῖν
3137 4265 3384 4333 φανεῖται
3409 4303 3422 4316 .
3448 4251 3615 4316 Ταῦτ’

2024 4356 2118 4413 οὖν
2165 4360 2382 4414 ἅπαντα
2413 4358 2783 4428 λογισάμενοι,
2821 4357 2894 4427 μὴ
2945 4357 3268 4426 τρυφῶντας
3319 4354 3611 4424 ἐννοῶμεν,

2025 4452 2161 4507 ἀλλά
2182 4453 2234 4505 τί
2269 4451 2330 4504 τὸ
2357 4451 2508 4514 τέλος
2532 4450 2712 4504 αὐτῶν
2734 4467 2747 4480 ·
2777 4449 3011 4502 ἐνταῦθα
3045 4449 3142 4518 μὲν
3168 4449 3373 4519 κόπρος
3395 4449 3486 4500 καὶ
3519 4463 3614 4498 πο·

2025 4543 2317 4614 λυσαρκία,
2360 4545 2476 4596 ἐκεῖ
2516 4543 2572 4596 δὲ
2601 4541 2818 4612 σκώληξ
2847 4543 2940 4595 καὶ
2970 4541 3116 4612 πῦρ·
3158 4542 3234 4611 μὴ
3271 4541 3398 4602 τοὺς
3430 4539 3612 4609 ἁρπά-

2026 4632 2239 4698 ζοντας,
2271 4633 2407 4688 ἀλλά
2441 4635 2496 4686 τί
2526 4634 2586 4686 τὸ
2628 4633 2780 4696 τέλος
2815 4632 2994 4685 αὐτῶν
3018 4649 3031 4662 ·
3069 4632 3350 4702 φροντίδες
3377 4629 3612 4684 ἐνταῦθα

2025 4725 2120 4780 καὶ
2159 4726 2314 4794 φόϐοι
2374 4727 2468 4779 καὶ
2511 4725 2762 4794 ἁγωνίαι,
2814 4727 2932 4778 ἐκεῖ
2973 4725 3028 4777 δὲ
3076 4724 3249 4794 δεσμά
3293 4724 3498 4776 ἄλυτα·
3537 4722 3612 4792 μὴ

2022 4819 2149 4880 τοὺς
2195 4817 2353 4888 δόξης
2401 4817 2666 4888 ἐρῶντας,
2719 4817 2854 4871 ἀλλά
2884 4817 2936 4869 τί
2970 4817 3031 4870 τὸ
3085 4819 3149 4870 ἐκ
3178 4816 3382 4868 τούτων
3426 4815 3610 4867 τικτό-

2026 4923 2220 4976 μενον·
2268 4907 2503 4960 δουλεῖαι
2553 4906 2786 4960 ἐνταῦθα
2833 4908 2926 4959 καί⁸
2968 4909 3262 4978 εἰρωνεῖαι,
3289 4905 3486 4959 ἐκεῖδέ
3515 4905 3610 4958 καὶ

2021 4998 2194 5070 ζημία
2222 5001 2502 5070 ἀφόρητος
2534 5000 2627 5051 καὶ
2664 4998 2725 5050 τὸ
2755 4998 3152 5069 ἐμπυρίζεσθαι
3185 4997 3470 5069 διηνεκῶς.
3511 4998 3608 5050 Ἂν

2021 5090 2130 5161 γὰρ
2157 5089 2330 5154 οὕτως
2365 5092 2578 5153 ἑαυτοῖς
2621 5088 3017 5161 διαλεγώμεθα,
3053 5092 3147 5144 καὶ
3193 5091 3362 5144 ταῦτα
3407 5089 3501 5144 καὶ
3537 5089 3608 5143 τὰ

2019 5181 2242 5235 τοιαῦτα
2281 5182 2569 5251 ἐπᾴδωμεν
2598 5180 2837 5251 συνεχῶς
2859 5184 2979 5247 ταῖς
3011 5186 3276 5254 πονηραῖς
3299 5182 3455 5253 ἡμῶν
3485 5183 3607 5235 ἐπι-

2020 5270 2262 5342 θυμίαις,
2289 5273 2497 5342 ταχέως
2542 5275 2637 5326 καὶ
2666 5273 2756 5326 τὸν
2788 5272 2898 5326 τῶν
2944 5275 3228 5344 παρόντων
3261 5273 3602 5342 ἐκϐαλοῦμεν

2019 5362 2216 5433 ἔρωτα,
2252 5364 2456 5416 καὶτὸν
2475 5363 2585 5416 τῶν
2613 5363 2916 5433 μελλόντων
2949 5365 3247 5434 ἀνάψομεν.
3278 5363 3599 5432 ’Λνάψωμεν

2018 5455 2198 5507 τοίνυν
2237 5454 2418 5517 αὐτὸν,
2455 5456 2549 5507 καὶ
2582 5456 2963 5522 ἐκκαύσωμεν.
2997 5455 3059 5506 Εἰ
3087 5456 3251 5526 γάρὴ
3288 5454 3464 5506 ἔννοια
3495 5454 3596 5506 αύ-

2015 5547 2147 5609 τῶν,
2183 5547 2357 5599 καίτοι
2405 5562 2468 5613 γε
2501 5545 2719 5616 ἀμυδρά
2742 5562 2826 5608 τις
2851 5541 3017 5610 οὖσα,
3063 5548 3334 5614 τοσαύτην
3365 5545 3594 5616 παρέχει

2013 5636 2113 5705 τὴν
2129 5636 2343 5704 ἡδονήν·
2368 5635 2619 5705 ἐννόησον
2639 5636 2771 5706 ὅσην
2788 5634 2928 5705 αὕτη
2951 5638 2985 5706 ἡ
3007 5638 3171 5706 πεῖρα
3200 5636 3233 5705 ή
3256 5633 3428 5704 σαφὴς
3452 5634 3592 5688 οίσει

2011 5726 2112 5796 τὴν
2159 5725 2499 5796 εὐφροσύνην
2545 5728 2698 5797 ἡμῖν.
2745 5726 3021 5798 Μακάριοι
3071 5727 3165 5781 καὶ
3199 5725 3590 5798 τρισμακάριοι

2077 5869 2106 5910 δ
2125 5874 2275 5925 Savil.
2299 5888 2347 5925 In
2370 5890 2543 5940 marg.,
2566 5887 2854 5941 περιουσίας.
