4090 6216
530 354 640 410 £75

534 470 630 522 καὶ
692 467 952 529 πολλάκις
1000 465 1155 519 τοῦτο
1205 464 1252 516 οἱ
1310 463 1417 517 τῶν
1465 464 1687 534 ἀγαθῶν
1739 464 2106 528 ἀπολαύοντες

533 561 792 614 ἐκείνων⁹
849 559 1035 627 ὥσπερ
1099 552 1192 610 οῦν
1258 555 1479 610 ἐλεεινοὶ
1540 557 1634 610 καὶ
1692 555 1996 627 τρισάθλιοι
2057 557 2109 610 οἱ

531 652 790 706 τάναντία
835 649 1038 702 τούτων
1088 647 1472 718 ὑπομένοντες.
1504 648 1602 701 Ἵν¹
1629 641 1724 700 οὑν
1754 647 1830 718 μὴ
1877 647 2106 716 τούτων,

533 739 648 793 ἀλλ’
673 739 896 791 ἐκείνων
928 735 1237 806 γενώμεθα,
1282 736 1535 807 ἑλώμεθα
1567 737 1664 808 τὴν
1695 737 1896 808 ἀρετήν
1921 754 1934 768 ·
1967 738 2110 794 οὑτω

533 830 640 900 γάρ
684 829 778 882 καὶ
814 828 922 881 τῶν
958 827 1261 900 μελλόντων
1307 826 1708 897 ἐπιτευξὸμεθα
1740 828 1996 896 ἀγαθῶν·
2030 823 2106 883 ὧν

547 1062 590 1069 -——
603 1059 763 1070 ——————-.
771 1058 1115 1069 —-—————..~—.——.——-

1384 351 1440 406 S.
1481 349 1765 407 JOANNIS
1798 351 2283 410 CHRYSOSTOMI
2321 351 2640 410 ARCHIEP.
2678 341 3242 422 CONSTANTINOP.

3660 355 3777 414 ιτι

2211 466 2420 534 γένοιτο
2458 465 2669 527 πάντας
2706 465 2853 535 ἡμᾶς
2892 467 3191 536 ἐπιτυχεῖν,
3241 464 3424 537 χάριτι
3464 466 3560 524 καὶ
3601 472 3788 541 φιλαν-

2214 557 2428 628 θρωπίᾳ
2450 556 2545 609 τοῦ
2587 556 2794 627 Κυρίου
2832 557 2989 627 ήμῶν
3042 556 3218 628 Ἰησοῦ
3265 561 3525 632 Χριστοῦ,
3577 563 3697 633 μεθ’
3727 562 3788 622 οὗ

2213 649 2290 718 τῷ
2318 649 2491 718 Πατρὶ
2543 648 2660 717 ἅμα
2705 646 2783 718 τῷ
2832 649 2973 719 ἀγίῳ
3022 650 3298 721 Πνεύματι
3359 652 3507 720 δόξα,
3567 656 3786 724 κράτος,

2213 739 2368 810 τιμὴ,
2399 740 2494 793 νῦν
2526 739 2628 793 καὶ
2661 740 2774 805 ἀεὶ,
2803 741 2899 794 καὶ
2922 743 3002 804 είς
3033 742 3162 805 τοὺς
3187 743 3391 809 αἰῶνας
3417 745 3528 800 τῶν
3555 747 3788 806 αἰώνων.

2225 831 2282 882 Ἀ
2290 831 2416 901 μήν.

2010 1275 2253 1328 ΟΜΙΛΙΑ
2289 1274 2412 1328 ΙΑ⁹.’

531 1441 764 1508 Είδότε(
796 1435 909 1496 οὖν
951 1441 1057 1494 τὸν
1095 1441 1285 1509 φόϐον
1325 1439 1430 1494 τοῦ
1473 1438 1715 1508 Κυρίου,
1761 1435 2110 1509 ἀ-νθρῴξττους

605 1503 927 1584 πείθομεν,
955 1509 1076 1575 Θεῷ
1095 1503 1111 1509 ⁷
1132 1509 1227 1584 δεῖΔ
1250 1503 1711 1584 πεφανερῴᾆιεθα
1729 1522 1744 1536 ·
1783 1505 2022 1584 ἐλπίζω⁸
2043 1503 2112 1556 δὲ

604 1581 701 1634 καί
734 1578 804 1634 ἐν
827 1581 955 1646 ταῖς
979 1580 1414 1648 συνειδήσεσιν
1441 1578 1607 1653 ὑμῶν
1634 1578 2108 1646 πεφανερῶσθαι.

607 1721 676 1770 α’.
699 1715 884 1767 Ταῦτα
897 1711 990 1767 οὖν
1015 1713 1234 1780 εἰδότες,
1254 1712 1483 1783 φησὶ,τδ
1493 1710 1720 1780 δικαστή
1731 1725 1840 1780 ριον
1853 1708 2027 1760 ἐκεῖνο
2051 1703 2113 1757 τὸ

535 1805 786 1875 φοϐερὸν,
815 1805 998 1858 πάντα
1017 1805 1334 1874 πράττομεν
1365 1802 1505 1856 ὥστε
1537 1801 1612 1873 μὴ
1639 1800 1823 1855 δοῦναι
1858 1801 1986 1869 ὑμῖν
2019 1797 2114 1851 λα-

536 1897 637 1968 ϐὴν
678 1896 810 1968 μηδὲ
843 1897 1178 1967 πρόσκομμα
1208 1897 1341 1967 μηδέ
1383 1895 1554 1966 ψευδῆ
1594 1911 1716 1948 τινα
1745 1892 1981 1962 ὑποψίαν
2012 1907 2114 1943 πο-

535 1987 707 2058 νηρᾶς
740 1986 989 2057 πράξεως
1033 1987 1153 2040 καθ’
1192 1987 1368 2057 ἡμῶν.
1427 1981 1580 2048 Εἶδες
1632 1983 1904 2047 πολιτείας
1951 1980 2110 2052 ἀκρί-

536 2078 711 2144 ϐειαν,
751 2078 846 2131 καὶ
874 2077 1110 2149 σπουδὴν
1145 2077 1326 2148 ψυχῆς
1366 2077 1729 2148 κηδεμονικῆς
1757 2093 1772 2142 ;
1802 2075 1877 2129 Οὐ
1905 2073 2016 2145 γὰρ
2045 2071 2111 2143 δὴ

541 2170 723 2240 μόνον,
755 2169 820 2224 ἂν
851 2171 1085 2241 πονηρόν
1121 2187 1172 2223 τι
1209 2168 1526 2241 πράξωμεν,
1557 2171 1743 2240 φησὶν,
1769 2162 2113 2236 ἐγκαλούμε-

538 2260 638 2316 θα’
673 2261 808 2315 ἀλλά
839 2263 943 2316 κᾶν
978 2262 1052 2333 μὴ
1087 2260 1404 2333 πράξωμεν,
1446 2259 1873 2330 ὑποπτευθῶμεν
1897 2257 1978 2318 δὲ,
2018 2254 2114 2308 καὶ

537 2353 718 2425 κύριοι
743 2353 842 2425 τὴν
875 2354 1112 2424 ὑποψίαν
1141 2353 1291 2417 ὄντες
1328 2351 1794 2424 ἀποκρούσασθαι,
1838 2362 2114 2418 καταφρο-

537 2445 810 2514 νήσωμεν,
840 2444 996 2516 δίκην
1022 2444 1264 2514 τίνομεν.
1303 2445 1384 2497 Οὐ
1433 2443 1620 2497 πάλιν
1659 2442 1914 2508 ἑαυτοὺς
1958 2454 2113 2493 συν-

539 2535 882 2604 ιστάνομεν,
897 2536 1035 2590 ἀλλ’
1061 2533 1340 2604 ἀφορμὴν
1355 2533 1624 2601 διδόντες
1637 2533 1780 2602 ὑμῖν
1800 2530 2113 2601 καυχήμα-

537 2646 643 2695 τος
678 2629 830 2697 ὐπὲρ
852 2628 1042 2698 ἡμῶν.
1075 2628 1220 2698 Ὅρα
1247 2626 1366 2690 πῶς
1403 2625 1645 2695 συνεχῶς
1680 2623 1988 2695 διορθοῦται
2013 2621 2113 2692 τὴν

537 2719 633 2774 τοῦ
661 2721 836 2774 δοκεῖν
864 2719 1233 2790 ἐγκωμιάζειν
1262 2718 1458 2773 ἐαυτὸν
1493 2717 1769 2771 ὑπόνοιαν.
1803 2715 1969 2769 Οὑδέν
2003 2714 2114 2784 γάρ

539 2811 685 2865 οὑτω
717 2811 1071 2882 προσίσταται
1097 2813 1212 2875 τοῖς
1237 2809 1548 2875 ἀκούουσιν,
1570 2809 1658 2872 -ῶς
1681 2808 1744 2861 τὸ
1767 2809 1894 2877 περὶ
1921 2805 2117 2860 ἑαυτοῦ

541 2917 661 2954 τινα
689 2900 868 2970 λέγειν
903 2901 1114 2972 μεγάλα
1153 2902 1248 2956 καὶ
1277 2902 1586 2972 θαυμαστά.
1629 2900 1781 2954 Ἐπεὶ
1811 2896 1906 2954 οὖν
1943 2901 2117 2970 ἠναγ-

541 2993 740 3056 κάζετο
765 2995 846 3057 είς
869 2993 1073 3066 ταύτην
1101 2994 1210 3049 τῶν
1256 2995 1430 3064 λόγων
1446 3008 1474 3037 α
1524 2995 1819 3065 ἐμπίπτειν
1845 2992 1945 3064 τὴν
1983 2993 2116 3048 ὑπό-

543 3085 730 3149 θεσιν,
787 3084 1162 3157 ἐπιδιορθώσει
1215 3087 1483 3157 κέχρηται
1545 3085 1721 3154 λέγων
1749 3126 1765 3150 ,
1819 3085 1902 3138 ὅτι
1947 3085 2119 3138 Τοῦτο

540 3172 608 3227 δι’
641 3174 786 3244 ὑμᾶς
803 3174 1091 3245 ποιοῦμεν,
1121 3175 1182 3228 οὑ
1203 3175 1278 3228 δι’
1305 3177 1474 3246 ἡμᾶς,
1512 3175 1600 3228 ῖνα
1629 3176 1785 3245 ὑμεῖς
1811 3175 1970 3246 ἔχητε
1993 3175 2121 3228 καλ-

541 3265 897 3331 λωπίζεσθαι,
928 3268 1027 3338 οὑχ
1054 3269 1146 3322 ἵνα
1172 3271 1336 3338 ἡμεῖς
1367 3285 1381 3298 '
1428 3268 1522 3322 καὶ
1562 3268 1682 3322 οὑδὲ
1723 3267 1881 3323 τοῦτο
1912 3267 2118 3334 ἁπλῶς,

546 3357 682 3411 ἀλλά
725 3358 814 3412 διὰ
861 3360 987 3422 τοὺς
1033 3358 1521 3429 ψευδαποστόλους.
1567 3359 1659 3414 Διὸ
1713 3362 1808 3414 καὶ
1851 3361 2118 3431 ἐπήγαγε,

546 3448 702 3515 Πρὸς
721 3450 864 3514 τοὺς
891 3449 960 3502 ἐν
980 3449 1278 3518 προσώπῳ
1297 3451 1741 3520 καυχωμένους,
1767 3449 1866 3504 καὶ
1893 3451 1964 3503 οὐ
1985 3466 2123 3517 καρ-

546 3539 665 3606 δίᾳ.
693 3535 846 3603 Εἶδες
869 3541 985 3603 πῶς
1015 3543 1208 3604 αὐτοὺς
1231 3543 1538 3614 ἀπέστησεν
1575 3541 1819 3608 ἐκείνων,
1851 3540 2000 3613 [515]
2027 3543 2124 3596 καὶ

548 3631 686 3702 πρὸς
726 3631 914 3683 ἑαυτὸν
955 3631 1220 3696 εἵλκυσεν,
1273 3632 1664 3704 ἐνδειξάμενος,
1707 3633 1790 3688 ὃτι
1828 3635 1920 3688 καὶ
1969 3635 2123 3688 αὑτοὶ¹

552 3722 810 3777 ποθοῦσιν
831 3725 882 3776 οἱ
927 3724 1203 3795 Κορίνθιοι
1251 3725 1434 3779 λαϐεῖν
1473 3743 1596 3779 τινα
1631 3727 1908 3798 ἀφορμὴν,
1955 3727 2023 3779 δι’
2056 3721 2125 3796 ἧς

550 3814 870 3884 δυνήσονται
899 3815 1037 3887 ὑπὲρ
1057 3816 1221 3871 αὑτοῦ
1249 3818 1450 3886 λέγειν,
1484 3818 1579 3873 καὶ⁹
1606 3818 1991 3888 ἀπολογεῖσθαι
2010 3821 2123 3881 τοῖς

551 3906 874 3976 ἐγκαλοῦσιν
898 3926 915 3976 ;
943 3909 1017 3962 Οὑ
1038 3909 1146 3980 γὰρ
1176 3909 1264 3963 ἵνα
1292 3911 1454 3980 ἡμεῖς
1485 3909 1893 3981 καυχησώμεθα
1917 3951 1932 3975 ,
1965 3911 2120 3980 φησὶ,

549 3997 726 4052 ταῦτά
755 4017 955 4070 φαμεν,
986 3999 1100 4054 ἀλλ’
1128 4001 1214 4054 ῖνα
1247 4001 1404 4070 ὑμεῖς
1449 4000 1609 4071 ἔχητε
1650 4001 2126 4072 ἐλευθεροστομεῖν

554 4089 694 4160 ὑπὲρ
724 4091 910 4161 ἡμῶν·
945 4093 1082 4162 ὅπερ
1119 4089 1318 4161 πολλὴν
1341 4093 1527 4155 αὑτοῖς
1561 4095 1678 4146 ἐστι
1723 4093 2128 4165 μαρτυροῦντος

553 4184 774 4253 ἀγάπην
802 4199 816 4214 ·
853 4183 948 4236 καὶ
979 4184 1075 4254 οὑχ
1109 4185 1195 4238 ῖνα
1225 4185 1411 4248 ἁπλῶς
1447 4185 1825 4256 καυχήσησθε,
1875 4185 1990 4241 ἀλλ’
2040 4186 2127 4240 ἴνα

557 4278 632 4346 μὴ
676 4277 1053 4346 παρασυρῆτε.
1118 4275 1256 4328 Ἀλλ’
1289 4274 1434 4330 οὑτω
1478 4277 1575 4346 μέν
1617 4277 1679 4330 ού
1719 4276 1866 4345 λέγει
1918 4277 2126 4346 σαφῶς,

555 4364 758 4435 ἑτέρως
784 4365 841 4418 δὲ
876 4365 970 4418 καὶ
1006 4364 1356 4437 ἡμερώτερον
1391 4365 1669 4437 μεθοδεύει
1699 4365 1789 4419 τὸν
1822 4366 2000 4434 λόγον,
2033 4367 2130 4418 καὶ

554 4458 723 4527 χωρὶς
771 4457 864 4510 τοῦ
917 4459 1115 4529 πλῆξαι
1168 4459 1432 4524 ἐκείνους,
1483 4459 1658 4529 λέγων
1696 4476 1710 4490 ⁸
1766 4460 1900 4516 Ἵνα
1950 4457 2132 4526 ἔχητε

556 4547 896 4618 καυχᾶσθαι
919 4552 1068 4618 πρὸς
1098 4551 1240 4617 τοὺς
1259 4552 1328 4604 ἐν
1353 4552 1650 4622 προσώπῳ
1683 4551 2128 4622 καυχωμένους.

571 4638 715 4693 Ἀλλ’
746 4641 870 4694 οὐδὲ
899 4641 1056 4694 τοῦτο
1097 4643 1282 4706 ἅπλῶς
1325 4643 1537 4696 κελεύει
1581 4646 1777 4710 ποιεῖν,
1820 4644 1999 4707 αἰτίας
2031 4644 2131 4697 οὑκ

556 4731 743 4804 οὔσης,
766 4733 881 4786 ἀλλ’
913 4734 1043 4787 ὅταν
1073 4735 1268 4788 ἐκεῖνοι
1308 4735 1540 4798 ἐαυτοὺς
1581 4735 1849 4805 ἐπαίρωσι
1870 4750 1886 4766 ⁸
1928 4753 2133 4791 παντα-

558 4822 656 4892 χοῦ
681 4825 791 4893 γάρ
830 4826 922 4878 τὸν
951 4826 1145 4898 καιρὸν
1179 4825 1445 4899 ἐπιζητεῖ.
1487 4826 1564 4880 υὺ
1606 4826 1785 4879 τοίνυν
1815 4826 1904 4879 ἵνα
1937 4826 2133 4880 ἑαυτὸν

559 4914 717 4983 δείξῃ
740 4918 1012 4989 λαμπρὸν,
1049 4919 1162 4974 ἀλλ’
1197 4920 1283 4974 ἵνα
1317 4919 1559 4982 ἐκείνους
1587 4916 1770 4991 παύσῃ
1799 4917 2014 4981 ἀτόπως
2038 4919 2134 4972 καὶ

561 5006 654 5057 ἐπὶ
682 5008 852 5078 βλάὸῃ
906 5011 1111 5063 τούτων
1148 5012 1226 5081 τῷ
1265 5011 1552 5081 πράγματι
1600 5010 1941 5083 χρωμένους,
1975 5009 2135 5064 τοῦτο

561 5101 724 5153 ποιεῖ.
760 5100 825 5151 Τί
857 5099 914 5151 δέ
938 5102 1104 5166 ἐστιν,
1144 5103 1247 5154 Ἐν
1277 5102 1612 5170 προσώπῳ;
1663 5103 1752 5157 Ἐν
1779 5105 1892 5166 τοῖς
1915 5103 2133 5176 ὁρωμέν-

562 5209 693 5256 νοις,
729 5192 788 5244 ἐν
811 5192 923 5254 τοῖς
949 5189 1085 5260 πρὸς
1114 5191 1391 5256 ἐπίδειξιν.
1425 5193 1669 5247 Τοιοῦτοι
1698 5193 1807 5266 γὰρ
1837 5190 1978 5266 ἦσαν
1998 5195 2135 5248 ἐκεῖ·

562 5300 664 5349 νοι,
703 5282 840 5356 πρὸς
882 5280 1188 5352 φιλοτιμίαν
1227 5281 1405 5335 πάντα
1439 5283 1754 5348 ποιοῦντες,
1794 5284 1890 5338 καὶ
1923 5284 2134 5338 ἔνδοθεν

562 5372 714 5436 ὅντες
743 5372 910 5437 κενοὶ,
935 5370 1030 5425 καὶ
1050 5369 1329 5435 εὐλαϐείας
1361 5371 1461 5442 μὲν
1484 5371 1699 5442 ἔχοντες
1722 5373 2012 5445 πρόσωπον
2039 5375 2136 5427 καὶ

565 5464 754 5531 σεμνοὶ
807 5462 1144 5533 φαινόμενοι,
1194 5460 1370 5534 ἔργων
1407 5461 1466 5515 δὲ
1494 5461 1716 5531 ἀγαθῶν
1753 5462 1950 5534 ἔρημοι
1997 5462 2133 5515 καθ-

567 5553 815 5616 εστῶτες.
850 5554 987 5608 Εἴτε
1009 5556 1116 5625 γὰρ
1154 5554 1510 5627 ἐξέστημεν,
1541 5555 1696 5622 Θεῷ·
1751 5554 1872 5609 εἴτε
1907 5567 2138 5623 σωφρο·

632 5762 657 5790 ι
683 5750 942 5814 Legebalur
964 5754 1044 5802 τὸν
1065 5755 1222 5816 λόγον.

2213 1432 2456 1504 νοῦμεν,
2496 1433 2657 1503 ὑμῖν.
2697 1437 2797 1488 "Av
2822 1437 2882 1490 τέ
2924 1454 2999 1502 τι,
3040 1439 3208 1508 φησὶ,
3239 1437 3382 1509 μέγα
3426 1438 3788 1511 φθεγξώμεθα

2214 1526 2493 1589 (ἔκστασιν
2514 1528 2623 1599 γάρ
2657 1528 2814 1582 τοῦτο
2855 1529 3028 1597 καλεῖ,
3071 1531 3261 1602 ὥσπερ
3297 1527 3391 1585 οὖν
3422 1533 3520 1586 καὶ
3552 1531 3787 1603 ἀλλαχοῦ

2213 1618 2568 1691 ἀφροσύνην),
2612 1619 2700 1674 διά
2748 1621 2837 1674 τὸν
2879 1620 3012 1674 Θεὸν
3063 1621 3222 1676 τοῦτο
3261 1622 3542 1694 ποιοῦμεν,
3591 1625 3680 1677 ἵνα
3716 1625 3789 1692 μὴ

2201 1712 2373 1782 ὑμεῖς
2434 1712 2746 1782 νομίζοντες
2807 1713 2957 1784 ἡμᾶς
2997 1713 3252 1778 εὐτελεῖς,
3311 1715 3789 1786 καταφρονήσητε,

2215 1803 2308 1858 καὶ
2356 1803 2630 1875 ἀπόλησθε
2667 1819 2682 1832 '
2734 1805 2800 1859 ἀν
2847 1821 2906 1858 τε
2974 1805 3194 1877 μέτριόν
3255 1823 3310 1860 τι
3369 1807 3463 1860 καὶ
3513 1806 3788 1869 ταπεινὸν,

2213 1896 2280 1949 δι’
2315 1897 2480 1964 ὑμᾶς,
2529 1897 2616 1949 ἵνα
2647 1896 2855 1967 μάθητε
2886 1899 3352 1968 ταπεινοφρονεῖν.
3389 1898 3459 1950 Ἦ
3488 1897 3584 1950 καὶ
3614 1897 3792 1949 ἐκεῖνο

2215 1986 2376 2039 πάλιν
2413 1986 2610 2056 φησὶν,
2657 1987 2705 2039 εί
2757 1986 2854 2057 μὲν
2907 1985 3191 2056 μαίνεσθαί
3233 2002 3323 2050 τις
3369 1987 3514 2056 ἡμᾶς
3556 1986 3788 2056 νομίζει,

2203 2080 2376 2148 -ὴμεῖς
2413 2077 2565 2148 παρά
2595 2077 2688 2131 τοῦ
2717 2075 2852 2130 Θεοῦ
2895 2076 2989 2129 τὸν
3020 2075 3210 2147 μισθὸν
3242 2074 3603 2146 ἀπαιτοῦμεν,
3629 2074 3704 2126 δι’
3734 2073 3790 2125 ὃν

2215 2171 2310 2224 ἐπὶ
2335 2170 2544 2234 τούτοις
2570 2169 2986 2240 ὑποπευόμεθα
3011 2183 3024 2197 ·
3067 2169 3116 2222 εί
3141 2168 3200 2223 δὲ
3231 2170 3528 2238 σωφρονεῖν
3545 2168 3791 2237 ἡγεῖται,

2212 2262 2375 2326 αὑτὸς
2407 2261 2726 2315 ἀπολαυέτω
2756 2263 2858 2332 τῆς
2887 2258 3244 2332 σωφροσύνης
3285 2258 3463 2330 ἡμῶν.
3496 2259 3606 2312 Καὶ
3632 2257 3793 2311 πάλιν

2201 2353 2420 2418 ’ἄλλωςο
2460 2351 2765 2407 ’Μαίνεοθαι
2811 2351 2894 2416 τίς
2944 2353 3104 2434 ἡμᾶς¹
3134 2368 3274 2422 φησι
3310 2365 3325 2416 ;
3379 2349 3480 2403 Διά
3518 2349 3612 2402 τὸν
3657 2348 3792 2401 Θεὸν

2213 2445 2437 2500 τοιαῦτα
2468 2445 2794 2516 μαινόμεθα.
2826 2443 2916 2498 Διὸ
2948 2444 3044 2498 καὶ
3074 2443 3307 2512 ἐπάγει*
3351 2441 3415 2498 Ἡ
3448 2442 3559 2510 τὰρ
3587 2438 3790 2510 ἀγάπη

2215 2536 2321 2592 τοῦ
2343 2536 2492 2591 Θεοῦ
2521 2536 2769 2605 συνέχει
2797 2534 2979 2605 ἡμᾶς,
3012 2535 3337 2603 κρίναντας
3355 2530 3654 2587 τοῦτο.οὑ
3684 2532 3791 2601 γὰρ

2215 2629 2245 2681 ό
2273 2626 2381 2682 τῶν
2413 2625 2715 2697 μελλόντων
2761 2625 2944 2696 φόϐος,
2989 2626 3144 2696 φησὶ,
3188 2625 3370 2695 μόνον,
3417 2621 3554 2677 ἀλλά
3583 2623 3682 2676 καὶ
3727 2621 3791 2675 τά

2216 2718 2318 2790 ἢδη
2357 2717 2699 2788 γεγενημένα
2743 2718 2844 2770 οὑκ
2874 2715 3098 2788 ἀφίησιν
3131 2717 3284 2787 ἡμᾶς
3317 2715 3632 2788 ρᾳθυμῆσαι
3663 2715 3792 2768 om

2219 2808 2488 2872 ὑπνῶσαι,
2516 2808 2652 2863 ἀλλά
2683 2807 2986 2876 διανίστησι
3017 2809 3154 2879 πρδς
3173 2809 3305 2871 τοὺς
3336 2806 3477 2877 ὑπὲρ
3511 2806 3668 2878 ὑμῶν
3691 2806 3792 2860 πό-

2219 2919 2363 2967 νους,
2390 2901 2486 2956 καὶ
2512 2901 2663 2954 ὠθεῖ.
2700 2902 2811 2955 Kal
2853 2900 2974 2954 τίνα
3022 2901 3138 2954 ἐστὶ
3172 2898 3242 2953 τὰ
3268 2898 3375 2970 ἥδη
3413 2897 3792 2968 γεγενημένας

2221 2991 2350 3046 Ὅτι
2379 2993 2432 3046 ει
2455 2986 2542 3058 εἷς
2567 2992 2718 3060 ὑπὲρ
2745 2993 2990 3046 πάντων
3005 2988 3463 3058 ἁπέθανεν,-ᾱρα
3486 2991 3547 3044 -οι
3572 2987 3796 3052 πάντες

2209 3083 2544 3139 ἀπέθανον.
2580 3084 2791 3138 Οὐκοῦν
2827 3083 2901 3147 ὼς
2939 3082 3158 3138 πάντων
3191 3081 3566 3152 ἀπολομένων,
3605 3078 3792 3150 φησίν.

2221 3176 2297 3228 Οὐ
2328 3175 2436 3246 γάρ
2479 3175 2566 3240 ἂν,
2605 3176 2656 3227 εί
2705 3175 2781 3246 μὴ
2810 3175 3020 3238 πάντες
3055 3171 3350 3236 ἀπέθανον,
3380 3171 3532 3243 ὑπὲρ
3576 3171 3795 3224 πάντων

2221 3267 2512 3321 ἀπέθανεν.
2581 3266 2846 3320 Ἐνταῦθα
2891 3266 3001 3338 γάρ
3057 3265 3195 3318 εἰσιν
3247 3264 3306 3318 αἱ
3359 3262 3462 3334 τῆς
3521 3262 3797 3329 σωτηρίας

2219 3360 2490 3431 ἀφορμαὶ,
2522 3361 2638 3414 ἐκεῖ
2672 3359 2728 3413 δὲ
2769 3359 2980 3413 οὐκέτι.
3028 3356 3127 3410 Διά
3157 3355 3319 3410 τοῦτό
3357 3371 3511 3426 φησι,
3541 3354 3798 3424 Σιονέχει

2214 3449 2380 3520 ’ἡμᾶς
2409 3452 2448 3520 ἦ
2500 3449 2701 3521 ἀγάπη
2737 3450 2844 3505 τοῦ
2885 3448 3055 3515 Θεοῦ,
3099 3449 3194 3503 κιπῦ⁸
3243 3449 3346 3502 οὑκ
3382 3446 3608 3517 ἀφίησιν
3647 3445 3800 3516 ἡμᾶς

2222 3541 2538 3612 ἡσυχάζειν.
2602 3542 2870 3612 Ἐσχάτης
2923 3541 3033 3612 γάρ
3085 3543 3234 3595 ἐστιν
3288 3538 3635 3607 ἀθλιότητος,
3699 3537 3802 3589 καὶ

2217 3635 2448 3705 γεέννης
2485 3633 2658 3703 αὑτῆς
2699 3631 3097 3705 χαλεπώτερον,
3137 3627 3300 3685 αὑτοῦ
3331 3629 3558 3700 πρᾶγμα
3597 3625 3800 3679 τοσοῦ-

2224 3741 2314 3778 τον
2345 3723 2776 3795 ἐπιδειξαμένου,
2811 3725 3103 3794 εὑρεθῆναί
3122 3741 3282 3788 ’τινας
3309 3721 3441 3793 μετά
3469 3717 3570 3788 τὴν
3597 3717 3804 3770 τοσαύο

2223 3834 2324 3889 την
2350 3817 2515 3872 αὑτοῦ
2555 3817 2812 3889 πρόνοιαν
2861 3817 3029 3888 μηδὲν
3067 3815 3503 3887 καρπουμένους.
3546 3812 3656 3864 Kal
3688 3811 3804 3881 γὰρ

2227 3909 2399 3981 πολλὴ
2437 3911 2536 3980 τῆς
2590 3910 2808 3981 ἀγάπης
2845 3911 2879 3980 ἡ
2924 3909 3222 3981 ὑπερϐολὴ,
3267 3908 3364 3962 καὶ
3407 3907 3470 3959 τὸ
3508 3904 3803 3959 ἀποθανεῖν

2229 4001 2370 4072 ὑπὲρ
2405 4001 2673 4071 τοσαύτης
2717 3999 2867 4072 [5H]
2901 4001 3244 4072 οἰκουμένης,
3287 3999 3384 4053 καὶ
3425 3997 3568 4051 οὑτω
3595 3997 3804 4050 διακει-

2232 4095 2398 4164 μένης
2427 4092 2741 4148 ἀποθανεῖν.
2786 4093 2920 4146 Ἵνα
2959 4095 3011 4146 οι
3057 4091 3268 4156 ζῶντες
3315 4088 3529 4159 μηκέτι
3567 4086 3806 4151 ἑαυτοῖς

2224 4185 2426 4248 ζῶσιν,
2488 4183 2650 4239 ἀλλὰ
2699 4184 2780 4250 τῷ
2825 4182 2978 4253 ὑπὲρ
3033 4181 3230 4238 αὐτῶν
3286 4182 3652 4237 ἀποθανόντι
3706 4184 3806 4233 καί

2227 4277 2544 4346 ἐγερθέντι.
2586 4277 2648 4330 Et
2699 4278 2877 4330 τοίνυν
2917 4277 2978 4329 οὑ
3021 4275 3101 4328 δεῖ
3128 4276 3275 4344 ἡμᾶς
3321 4275 3534 4335 ἑαυτοῖς
3577 4271 3700 4342 ζῇν,
3732 4269 3808 4341 μὴ

2230 4367 2583 4438 ταράττεσθε,
2619 4369 2774 4438 φησὶ,
2809 4366 2943 4438 μηδὲ
2983 4363 3299 4437 θορυϐεῖσθε
3338 4361 3601 4416 κινδύνων
3624 4360 3812 4412 ἐπιόν-

2231 4475 2340 4511 των
2378 4458 2471 4511 καὶ
2505 4458 2770 4512 θανάτων.
2807 4459 2917 4511 Kal
2944 4457 3202 4527 λογισμὸν
3240 4455 3296 4508 δέ
3320 4454 3537 4526 τίθησιν
3568 4451 3812 4522 ἀναμφί-

2228 4545 2409 4608 6ολον,
2437 4546 2504 4600 δι’
2535 4542 2595 4601 οὗ
2617 4547 2893 4600 δείκνυσιν
2913 4546 3133 4617 ὀφειλὴν
3159 4547 3222 4600 τὸ
3245 4547 3480 4616 πρᾶγμα
3502 4544 3582 4598 δν.
3613 4541 3682 4595 El
3701 4541 3814 4610 γὰρ

2231 4639 2300 4692 δι’
2337 4639 2501 4693 αὑτοῦ
2553 4640 2736 4717 ζῶμεν
2768 4639 3166 4705 ἀποθανόντος,
3201 4639 3350 4710 αὑτῷ
3379 4639 3480 4709 ζῇν
3519 4635 3814 4706 ὀφείλομεν

2228 4732 2300 4786 δι’
2326 4731 2386 4785 ὃν
2411 4731 2438 4771 ³ο
2469 4731 2673 4803 ζῶμεν.
2706 4734 2818 4788 Kal
2835 4733 2984 4787 δοκεῖ
3011 4733 3110 4804 μὲν
3147 4732 3204 4785 ἓν
3234 4727 3374 4786 εἶναι
3409 4729 3468 4783 τὸ
3493 4727 3815 4802 εἰρημένον,

2232 4825 2284 4879 εί
2307 4827 2366 4882 δέ
2400 4844 2484 4890 τις
2524 4826 2767 4898 ἀκριϐῶς
2817 4826 3113 4894 ἐξετάσειε,
3164 4824 3259 4879 δύο
3297 4823 3472 4878 ταῦτά
3515 4824 3705 4875 ἐστιν·
3758 4818 3816 4872 ἐν

2240 4918 2377 4989 μὲν,
2436 4919 2518 4972 ὅτι
2565 4918 2631 4972 δι’
2677 4919 2841 4972 αὑτὸν
2891 4918 3095 4989 ζῶμεν,
3143 4916 3332 4987 ἕτερον
3378 4914 3457 4980 δέ,
3513 4913 3598 4966 ὅτι
3653 4908 3820 4972 αὑτδς

2235 5009 2301 5063 δι’
2334 5011 2480 5082 ἡμᾶς
2509 5010 2777 5065 ἀπέθανεν
2802 5029 2814 5042 ·
2848 5003 2923 5064 ὧν
2957 5011 3184 5063 ἕκαστον
3219 5009 3312 5063 καὶ
3347 5007 3467 5062 καθ’
3496 5005 3663 5060 ἑαυτὸ
3693 5005 3815 5057 lxa-

2235 5103 2328 5157 νὺν
2355 5104 2690 5168 ὑπευθύνους
2719 5104 2942 5172 ποιῆσαι
2960 5120 2975 5134 ·
3008 5104 3137 5157 ὅταν
3168 5101 3226 5155 δὲ
3254 5101 3347 5156 καὶ
3368 5100 3658 5172 ἀμφότερα
3689 5115 3819 5151 συν·

2239 5193 2393 5265 έλθῃ,
2428 5195 2678 5265 ἐννόησον
2711 5195 2895 5266 ἡλίκον
2936 5197 3055 5250 ἐστὶ
3083 5197 3143 5250 τὺ
3173 5194 3466 5266 ὀφείλημα.
3504 5191 3728 5247 Μᾶλλον
3759 5188 3817 5242 δέ

2240 5287 2334 5340 καὶ
2364 5286 2491 5356 τρία
2527 5287 2699 5342 ταῦτά
2730 5290 2867 5342 ἐστι.
2907 5288 3017 5342 Καὶ
3057 5287 3165 5358 γὰρ
3192 5286 3292 5358 τὴν
3336 5285 3592 5355 ἀπαρχὴν
3625 5282 3717 5334 διὰ
3759 5280 3820 5332 σέ

2239 5377 2527 5449 ἀνέστησε,
2560 5379 2653 5433 καὶ
2669 5381 2746 5443 εἰς
2768 5381 2860 5434 τὸν
2880 5380 3106 5453 οὐρανὸν
3125 5381 3372 5451 ἀνήγαγε
3391 5395 3404 5407 ’
3426 5375 3506 5430 διὸ
3529 5377 3628 5430 καὶ
3649 5389 3824 5445 προσ-

2246 5469 2431 5538 έθηκε,
2471 5470 2554 5536 Τῷ
2580 5473 2734 5540 ὑπὲρ
2760 5471 2929 5542 ἡμῶν
2967 5473 3333 5527 ἀποθανόντι
3363 5469 3459 5524 καὶ
3493 5465 3821 5539 ἐγερθέντι.

2246 5559 2430 5615 ’Ὠστε
2466 5563 2636 5630 ἡμεῖς
2676 5564 2796 5619 ἀπὸ
2844 5564 2950 5621 τοῦ
2981 5565 3098 5621 νῦν
3126 5563 3347 5621 οὐδένα
3384 5561 3632 5632 οἴδαμεν
3670 5555 3825 5611 κατά

2306 5752 2336 5793 δ
2366 5751 2628 5818 Legebatur
2655 5755 2713 5803 δι’
2737 5753 2806 5802 οὗ.
