4090 6216
365 529 543 586 aliena
570 524 803 596 rapiunt,
832 520 936 577 sed
954 519 1076 590 quis
1094 531 1282 574 eorum
1308 517 1378 573 sit
1398 517 1559 583 linis;
1585 515 1673 573 hic
1696 514 1951 572 videlicet

364 634 513 675 cura
539 631 605 673 ac
628 622 812 670 uictus
828 621 884 668 et
906 624 1136 682 angores
1151 648 1168 679 ,
1193 609 1311 665 illic
1326 608 1541 664 vincula
1590 606 1896 663 insolubilia
1930 624 1945 662 :

367 722 600 768 noneos
620 707 715 779 qui
739 705 926 778 glorias
966 701 1147 758 studio
1187 700 1457 758 ducuntur
1478 741 1494 765 ,
1521 699 1619 757 sed
1643 698 1771 771 quid
1793 714 1855 755 ex
1885 714 1947 755 ea

368 808 655 863 nascatur;
685 796 790 854 hoc
808 804 912 861 est,
938 795 1168 850 servitus
1201 792 1291 848 hie
1312 801 1367 849 et
1404 791 1807 857 simulationes,
1838 791 1950 846 illic

366 897 635 952 ds'mnumr
650 888 987 949 intolerabile
998 901 1064 943 ac
1088 894 1380 957 perpetuus
1402 883 1631 939 ﬂammae
1655 882 1945 939 cruciatus.

365 987 500 1045 Nam
537 983 586 1041 si
625 983 743 1039 hac
767 994 891 1037 eum
935 978 1130 1034 animis
1156 976 1357 1033 nostris
1385 974 1748 1040 disseramus,
1787 982 1846 1029 et
1872 973 1947 1027 si-

369 1077 514 1136 milia
562 1074 744 1148 pravis
788 1068 1170 1143 cupiditatibus
1217 1067 1419 1124 nostris
1468 1065 1811 1130 occinamus,
1842 1063 1950 1118 cito

366 1168 712 1243 praecutiunt
741 1178 922 1222 rerum
964 1174 1204 1217 amorem
1249 1158 1616 1230 expellemus,
1646 1164 1703 1211 et
1748 1155 1953 1209 futura-

368 1276 500 1318 ιιηιιιι
516 1257 883 1316 incendamus.
909 1252 1261 1310 incendamus
1302 1251 1464 1323 igitur
1500 1263 1623 1306 eum
1666 1257 1827 1319 atque
1871 1245 1951 1300 in-

367 1352 725 1407 tlammemus.
748 1347 879 1403 Nam
910 1345 957 1403 si
980 1345 1170 1400 barum
1199 1356 1379 1398 rerum
1405 1339 1680 1411 cogitatio,
1706 1336 1950 1408 quamvis

366 1444 594 1500 obscura
615 1442 717 1517 sit,
733 1447 934 1496 tantam
961 1435 1115 1492 ati'ert
1134 1434 1461 1503 voluptatem
1485 1432 1714 1501 :cogita,
1741 1441 1946 1498 qtizeso,

1294 394 1316 423 ¹¹
1429 403 1494 459 IN
1530 402 1747 461 EPIST.
1790 401 1833 458 ll
1893 401 1993 457 AD
2024 400 2180 458 COR.
2221 401 2450 460 llOMlL.
2492 404 2584 459 XI.

3534 417 3635 475 474

2054 525 2311 584 quantum
2356 517 2733 576 oblectamenti
2759 521 3035 593 perspicua
3061 540 3245 583 carum
3279 528 3460 585 t‘ruitio
3479 531 3635 591 nobis

2054 609 2277 664 allatura
2306 609 2393 664 sit.
2424 610 2572 666 Beati
2597 627 2659 668 ac
2683 622 2765 668 ter
2783 624 2837 669 et
2858 615 3054 685 sacpius
3081 618 3246 688 beati,
3268 623 3463 691 quibus
3484 627 3638 681 bonis

2056 699 2275 756 illisfrui
2294 702 2544 773 contigit:
2570 706 3019 775 quemadmodum
3048 723 3235 768 contra
3265 715 3444 772 miseri
3473 734 3537 773 ac
3557 729 3642 775 ter

2055 790 2259 857 miseri,
2291 792 2379 863 qui
2403 797 2672 851 contraria
2698 797 2780 854 bis
2811 800 2949 855 maia
2978 803 3273 872 patiuntur.
3304 805 3373 863 Ut
3405 823 3534 879 ergo
3573 827 3637 867 est

2055 880 2292 950 illorum,
2326 899 2430 938 non
2454 900 2519 940 ex
2548 884 2740 944 horum
2772 906 2998 947 numero
3026 894 3196 950 simus
3216 936 3233 962 ,
3262 898 3474 953 virtutis
3518 912 3635 957 stu-

2056 970 2202 1028 dium
2227 988 2610 1044 capessamus:
2640 979 2718 1035 sic
2766 981 2909 1037 enim
2937 984 3007 1038 ad
3045 983 3220 1042 futura
3262 988 3399 1043 bona
3449 1006 3636 1060 perve.

2057 1065 2402 1123 niemus:ad
2452 1085 2573 1139 quae
2623 1072 2826 1129 utinam
2868 1078 3151 1145 pervenire
3204 1081 3356 1136 nobis
3392 1085 3641 1140 omnibus

2054 1153 2248 1223 detur,
2277 1172 2373 1227 per
2412 1161 2635 1230 gratiam
2690 1174 2745 1219 et
2785 1165 3169 1239 benignitatem
3214 1171 3427 1229 Domini
3459 1179 3633 1233 nostri

2053 1245 2182 1303 Jesu
2227 1248 2463 1317 Christi,
2509 1252 2598 1308 cui
2641 1270 2761 1311 cum
2808 1258 2967 1316 Patre
3006 1271 3061 1317 et
3109 1273 3296 1319 sancto
3347 1265 3548 1336 Spiritu
3572 1270 3644 1325 sit

2054 1336 2243 1408 gloria,
2271 1339 2583 1409 imperium,
2617 1344 2823 1415 honor,
2850 1364 2995 1407 nunc
3022 1361 3074 1407 ct
3100 1367 3312 1425 semper
3332 1396 3347 1421 ,
3377 1366 3431 1412 et
3458 1357 3511 1413 in
3542 1374 3641 1414 sae.

2054 1428 2174 1482 cuia
2198 1431 2539 1488 eteculorum.
2569 1437 2764 1492 Amen.

371 1580 3642 1619 MM“.—

1766 1677 2115 1741 HOMILIA
2158 1680 2273 1742 XI.

365 1886 495 1942 ευ».
527 1884 582 1942 5.
610 1899 664 1940 v.
690 1884 777 1940 li.
810 1881 1039 1937 Seientes
1081 1893 1202 1951 ergo
1239 1876 1468 1932 timorem
1505 1868 1751 1933 Domini,
1785 1866 1951 1921 homi-

446 1982 595 2036 nibus
617 1977 908 2039 suademus,
934 1972 1047 2028 Deo
1072 1979 1241 2025 autem
1271 1965 1529 2038 manifesti
1552 1975 1773 2019 sumus:
1799 1972 1949 2029 spero

435 2086 609 2133 autem
654 2088 747 2128 nos
782 2078 830 2126 et
855 2070 909 2123 in
938 2063 1260 2121 conscientiis
1287 2061 1465 2116 uestris
1489 2056 1786 2127 nunifestos
1820 2066 1948 2106 esse.

440 2171 497 2225 1.
524 2168 653 2223 llaec
678 2164 840 2237 igitur
881 2159 1116 2217 scientes
1136 2196 1154 2223 ,
1201 2154 1409 2225 inquit,
1434 2150 1539 2207 hoc
1579 2157 1696 2214 est,
1725 2146 1953 2201 horren-

364 2263 500 2319 dum
525 2257 654 2315 illud
700 2254 928 2312 tribunal
948 2294 965 2319 ,
1005 2264 1220 2308 omnem
1250 2261 1470 2319 operam
1509 2242 1828 2299 adhibemus
1850 2277 1867 2302 ,
1894 2245 1956 2292 ut

367 2372 443 2411 ne
482 2366 667 2408 ansam
719 2348 881 2405 ullam
922 2344 1078 2401 vobis
1098 2344 1291 2399 demus
1316 2348 1409 2395 aut
1453 2333 1834 2393 oliendiculum
1863 2340 1956 2386 aut

364 2447 559 2501 falsam
604 2441 837 2513 aliquam
866 2437 1152 2493 adversum
1182 2448 1281 2489 nos
1317 2430 1472 2487 mala:
1513 2426 1741 2485 actionis
1779 2422 1955 2493 suSpi-

360 2541 600 2594 cionem.
625 2532 818 2591 Viden'
841 2538 1148 2586 accuratum
1190 2526 1317 2581 vita:
1358 2522 1659 2578 institutum
1688 2516 1956 2574 studium-

361 2645 474 2703 que
510 2627 703 2684 anima:
742 2622 1031 2681 sollicitre‘!
1056 2619 1241 2691 Neque
1264 2615 1410 2673 enim
1440 2622 1554 2670 tum
1598 2612 1770 2668 solum
1796 2622 1956 2703 accu-

361 2700 585 2790 samur,
611 2733 735 2776 cum
764 2716 892 2790 quid
921 2714 1047 2771 mali
1076 2709 1541 2784 perpetravimus;
1572 2704 1667 2762 sed
1710 2700 1955 2775 quamvis

361 2813 530 2871 etiam
561 2810 696 2867 nihil
741 2816 1152 2881 perpetremus,
1193 2812 1373 2860 tamen
1418 2801 1464 2857 si
1494 2800 1548 2856 in
1595 2796 1956 2867 suspicionem

364 2903 675 2969 veniamus,
702 2916 807 2957 nec
824 2914 945 2957 eam
985 2895 1195 2953 amoliri
1220 2936 1237 2961 ,
1285 2908 1409 2951 cum
1438 2891 1597 2947 liccat
1620 2930 1636 2957 ,
1663 2899 1914 2944 curemus
1936 2924 1953 2950 ,

364 3010 563 3070 pinnas
583 2994 767 3066 utique
789 2990 1020 3049 subituri
1061 3003 1269 3047 sumus.
1301 2985 1391 3044 12.
1420 2982 1542 3040 Νοη
1588 2983 1770 3037 iterum
1812 2994 1955 3035 com-

363 3089 672 3146 nsendancus
714 3103 809 3142 nos
861 3084 1001 3141 vobis
1021 3124 1038 3148 ,
1091 3083 1181 3139 sed
1226 3079 1543 3137 occasionem
1576 3077 1716 3132 vobis
1773 3073 1957 3128 damus

368 3179 632 3253 gloriandi
661 3193 755 3250 pro
780 3176 946 3232 nobis.
972 3174 1108 3231 Vide
1146 3171 1419 3245 quomodo
1466 3171 1776 3240 frequenter
1815 3164 1959 3237 ejus-

370 3272 524 3329 modi
550 3270 910 3341 suspicionem
958 3282 991 3323 a
1031 3282 1093 3324 se
1121 3273 1396 3322 removeat
1418 3304 1435 3329 ,
1483 3261 1636 3334 quasi
1686 3274 1813 3316 suas
1843 3259 1957 3329 ipse

363 3364 561 3420 laudes
586 3376 783 3419 canere
824 3359 1093 3417 videatur.
1119 3357 1264 3414 Nihil
1290 3355 1436 3414 enim
1483 3351 1703 3425 perinde
1747 3351 1958 3408 audito-

364 3469 497 3511 rum
518 3452 723 3509 animos
747 3448 993 3515 oli‘endit,
1023 3458 1085 3505 ut
1110 3464 1230 3506 cum
1257 3448 1382 3520 quis
1428 3460 1619 3516 magna
1648 3451 1704 3500 et
1750 3442 1950 3500 eximia

364 3544 622 3617 quaedam
667 3543 735 3600 de
770 3557 832 3599 se
875 3541 1149 3613 praedicat.
1180 3540 1444 3607 Quoniam
1486 3538 1647 3609 igitur
1691 3536 1745 3591 in
1788 3533 1947 3604 hujus

364 3635 683 3707 argumenti
735 3649 1040 3691 sermonem
1092 3632 1329 3688 incidere
1391 3643 1616 3686 necesse
1662 3626 1957 3691 habuerat,

365 3726 767 3784 correctionem
820 3724 1063 3781 adhibuit
1106 3723 1293 3780 dicens
1331 3741 1344 3777 :
1407 3721 1522 3778 lloc
1567 3718 1729 3776 vestri
1794 3732 1957 3773 causa

369 3818 482 3876 feci
506 3858 522 3885 ,
552 3832 659 3873 non
690 3825 874 3873 nostra
899 3857 915 3882 ,
948 3825 1008 3871 ut
1034 3814 1277 3872 habeatis
1303 3812 1445 3870 unde
1471 3809 1777 3884 gloriamini
1799 3850 1816 3878 ,
1845 3822 1954 3863 non

369 3924 481 3966 nos
511 3926 529 3966 :
557 3923 734 3980 neque
772 3907 825 3963 id
872 3907 1220 3978 simpliciter,
1252 3906 1346 3962 sed
1372 3913 1593 3977 propter
1620 3901 1787 3959 falsos
1821 3914 1958 3970 apo-

370 4000 569 4056 stolos.
596 3998 753 4056 Unde
778 3999 940 4055 etiam
967 3997 1223 4062 subdidit,
1252 3997 1330 4051 Ad
1366 4012 1452 4051 eos
1481 3995 1568 4064 qui
1598 3994 1652 4048 in
1683 3993 1814 4065 facie
1840 3991 1956 4061 glo-

371 4095 617 4159 riantur,
671 4100 720 4146 et
770 4107 873 4146 non
921 4091 976 4144 in
1019 4088 1192 4145 corde.
1221 4088 1450 4143 Videsne
1491 4096 1550 4140 ut
1593 4083 1694 4140 hos
1738 4083 1807 4137 ab
1854 4082 1960 4137 illis

370 4181 700 4248 abduxerit,
749 4190 910 4253 atque
948 4181 1015 4236 ad
1057 4196 1183 4237 suas
1226 4189 1408 4251 partes
1446 4175 1800 4247 pertraxerit,
1833 4188 1955 4228 cum

373 4272 513 4330 illud
533 4272 792 4341 ostendit,
814 4272 958 4344 quod
982 4273 1079 4343 ipsi
1106 4287 1318 4343 quoque
1337 4268 1599 4327 Corinthii
1623 4267 1959 4324 occasionem

373 4367 615 4437 aliquam
641 4368 883 4438 arripere
924 4367 1172 4438 cupiant,
1199 4380 1303 4436 qua
1330 4365 1494 4434 ipsius
1535 4377 1749 4417 causam
1782 4362 1961 4429 tueri,

375 4460 556 4529 iisque
605 4473 636 4512 a
684 4458 879 4529 quibus
920 4458 974 4513 in
1033 4458 1236 4513 crimen
1290 4456 1580 4511 vocabatur
1636 4453 1962 4523 respondere

374 4553 620 4623 queant?
643 4550 759 4607 Non
789 4551 965 4618 enim,
1016 4550 1222 4621 inquit,
1247 4550 1361 4606 lucc
1393 4564 1461 4603 eo
1489 4547 1715 4605 dicimus
1733 4586 1752 4615 ,
1775 4556 1834 4604 ut
1858 4547 1958 4616 ipsi

376 4644 700 4714 gloriemur,
729 4642 825 4698 sed
852 4651 910 4697 ut
939 4657 1036 4697 vos
1066 4657 1163 4712 pro
1196 4641 1349 4697 nobis
1377 4641 1599 4697 liberam
1624 4655 1810 4694 vocem
1835 4638 1963 4693 mit-

380 4747 506 4792 tere
531 4737 748 4806 possitis
786 4753 800 4791 :
844 4735 897 4792 id
923 4734 1067 4806 quod
1110 4735 1348 4791 hominis
1397 4745 1514 4791 erat
1555 4737 1823 4808 ingentem
1856 4734 1963 4790 illis

378 4842 598 4898 ergase
643 4842 884 4884 amorem
936 4827 1312 4884 testiﬁcantis:
1347 4843 1448 4884 nec
1486 4842 1614 4884 vero
1659 4836 1717 4883 ut
1756 4837 1959 4883 tantum

375 4918 727 4989 gloriemini,
756 4918 859 4975 sed
902 4919 1062 4975 etiam
1110 4928 1170 4974 ut
1218 4919 1388 4974 ue‘ab
1431 4919 1562 4990 ipsis
1613 4919 1667 4974 in
1716 4917 1960 4973 fraudem

376 5010 756 5081 impellamiui.
780 5010 912 5066 Illud
943 5018 1120 5066 tamen
1171 5011 1311 5066 haud
1349 5021 1544 5081 aperte
1586 5010 1744 5076 dicit,
1778 5025 1963 5065 verum

370 5102 689 5158 mitioribus
716 5102 840 5158 aliis
880 5103 1061 5159 verbis
1087 5102 1329 5159 eamdem
1368 5118 1485 5160 rem
1528 5102 1868 5175 aggreditur,
1901 5118 1965 5158 ac

366 5196 520 5250 citra
566 5194 782 5250 illorum
844 5195 1271 5266 perstrictionem
1327 5196 1514 5251 dicens
1552 5216 1567 5251 :
1612 5194 1680 5251 Ut
1729 5193 1957 5248 habeatis

362 5286 523 5340 unde
544 5285 829 5355 gloriemini
851 5287 919 5341 ad
946 5304 1031 5343 eos
1053 5328 1070 5354 ,
1096 5288 1182 5360 qui
1207 5289 1261 5342 in
1285 5291 1415 5358 facie
1433 5289 1739 5359 gloriantur.
1765 5288 1844 5342 Ac
1893 5300 1960 5340 ne

364 5380 491 5433 hoc
516 5377 733 5446 quidem
759 5388 962 5435 temere
981 5388 1037 5435 et
1055 5380 1170 5435 sine
1189 5394 1346 5435 causa
1377 5379 1445 5434 ab
1470 5380 1534 5434 iis
1562 5378 1673 5435 lteri
1700 5378 1834 5443 vult,
1864 5375 1959 5432 sed

356 5485 497 5529 sum
529 5469 744 5525 demum
764 5512 781 5538 ,
806 5486 931 5527 cum
976 5486 1072 5527 eos
1118 5472 1432 5528 insolentius
1474 5486 1597 5527 sese
1624 5471 1816 5527 efferre
1836 5485 1967 5525 con-

354 5561 664 5629 spexeriut
704 5578 719 5615 :
761 5560 957 5633 ubique
996 5562 1143 5617 enim
1181 5561 1516 5618 occasionem
1561 5561 1812 5632 exquirit.
1843 5560 1958 5616 Non

352 5651 569 5720 igitur,
599 5661 657 5706 ut
694 5653 929 5723 seipsum
970 5653 1229 5709 illustrem
1267 5651 1548 5717 ostendat,
1578 5652 1672 5708 sed
1713 5662 1773 5707 ut
1802 5652 1923 5707 illos
1947 5693 1962 5716 ,

350 5750 716 5814 praepostere
742 5752 902 5813 atque
926 5741 980 5797 in
1004 5742 1401 5800 Corinthiorum
1429 5742 1810 5797 detrimentum
1834 5757 1957 5799 sese

351 5828 757 5904 venditantes,
786 5844 1091 5908 compescat
1116 5876 1131 5903 ,
1164 5835 1265 5893 hoc
1286 5835 1432 5893 facit.
1456 5833 1593 5903 Quid
1616 5845 1796 5892 autem
1837 5850 1920 5892 εει
1940 5878 1954 5906 ,

2062 1866 2124 1925 In
2167 1870 2346 1941 facie?
2388 1875 2445 1932 lu
2476 1878 2542 1934 iis
2565 1919 2581 1946 ,
2631 1897 2750 1951 quae
2781 1886 2951 1942 oculis
2991 1901 3288 1947 cernuntur
3311 1935 3328 1959 ,
3358 1905 3519 1967 atque
3563 1898 3632 1953 ad

2057 1967 2473 2056 ostentationem
2519 1972 2765 2030 tendunt.
2796 1976 2910 2032 Tali
2956 1980 3099 2036 enim
3144 1981 3327 2038 animo
3374 1986 3448 2040 illi
3498 2001 3634 2056 prm-

2057 2054 2153 2111 diti
2179 2067 2371 2126 erant,
2402 2069 2463 2117 ut
2509 2064 2600 2133 qui
2642 2065 2708 2120 ad
2764 2067 2998 2126 honores
3045 2081 3109 2128 ct‘
3138 2074 3363 2144 gloriam
3405 2054 3645 2136 actiones

2056 2161 2182 2203 suas
2233 2163 2422 2207 omnes
2471 2152 2738 2211 referrent
2781 2158 3035 2231 iuniusque
3078 2164 3265 2220 inanes
3301 2176 3521 2235 essent,
3576 2184 3641 2224 ac

2062 2241 2275 2333 pietatis
2298 2244 2514 2315 quidem
2542 2248 2744 2305 larvam
2790 2263 3045 2323 gererent
3086 2257 3478 2330 gravitatisque
3521 2276 3646 2333 spc-

2060 2331 2199 2388 ciem
2249 2334 2542 2406 haberent,
2584 2348 2841 2397 caeterum
2889 2344 3047 2402 bonis
3076 2348 3329 2418 operibus
3371 2331 3644 2406 carerent.

2065 2423 2155 2481 i3.
2197 2426 2319 2482 Siue
2361 2429 2494 2484 enim
2541 2442 2703 2488 mente
2762 2436 3051 2492 excedimus
3074 2479 3091 2507 ,
3142 2438 3292 2507 Deo;
3335 2441 3441 2497 sive
3490 2442 3646 2497 sobrii

2058 2533 2266 2585 sumus,
2298 2521 2456 2577 vobis.
2479 2522 2603 2581 Sive
2643 2526 2788 2583 enim
2812 2569 2828 2593 ,
2860 2528 3070 2601 inquit,
3100 2533 3278 2603 magni
3317 2534 3518 2605 aliquid
3557 2535 3641 2590 lu-

2059 2626 2289 2682 quamur
2318 2614 2482 2686 (nam
2529 2617 2632 2675 hoc
2680 2622 2877 2678 mentis
2924 2638 3208 2681 excessum
3249 2637 3443 2696 vocat,
3493 2636 3555 2682 ut
3590 2638 3645 2684 et

2059 2702 2167 2759 alio
2186 2704 2304 2760 loco
2319 2706 2721 2782 insipientiam),
2744 2713 2833 2768 Dei
2853 2730 3013 2770 causa
3027 2716 3269 2783 facimus,
3292 2733 3359 2775 ne
3380 2734 3492 2786 vos,
3513 2719 3640 2775 dum

2060 2794 2129 2850 de
2152 2794 2307 2852 nobis
2332 2806 2391 2852 ut
2412 2799 2601 2857 vilibus
2621 2802 2959 2872 existimatis,
2979 2811 3307 2879 contemptui
3325 2824 3423 2863 nos
3442 2810 3643 2865 habea-

2061 2888 2131 2944 tis
2156 2902 2219 2943 ae
2248 2891 2477 2959 pereatis
2501 2911 2516 2948 :
2542 2893 2655 2951 sive
2680 2894 2880 2954 humile
2902 2899 3100 2970 aliquid
3122 2916 3185 2956 ac
3210 2901 3522 2970 demissum,
3548 2920 3642 2958 ve-

2060 2980 2158 3035 stri
2203 2983 2373 3051 gratia
2424 2983 2525 3040 hoc
2552 2985 2794 3050 facimus.
2825 3000 2882 3044 ut
2911 2990 3154 3048 modeste
3182 2991 3250 3048 de
3270 2993 3421 3049 vobis
3442 2995 3645 3051 sentire

2060 3071 2299 3131 discalis.
2342 3075 2445 3132 Vel
2463 3079 2624 3134 etiam
2664 3079 2768 3137 hoc
2793 3082 2889 3150 ait,
2919 3083 2976 3139 Si
3001 3086 3121 3155 quis
3149 3101 3247 3142 nos
3273 3086 3505 3143 insanire
3530 3091 3645 3144 exi-

2059 3168 2261 3234 stimat,
2314 3183 2346 3223 a
2385 3169 2498 3227 Deo
2537 3181 2759 3244 propter
2800 3190 2960 3244 quem
3018 3178 3072 3233 in
3104 3178 3242 3235 hanc
3279 3181 3640 3250 suspicionem

2062 3261 2329 3330 venimus,
2371 3265 2678 3322 mercedem
2705 3266 3059 3339 eitlagitamus
3084 3289 3098 3326 :
3125 3272 3209 3326 sin
3238 3282 3417 3328 autem
3444 3289 3543 3329 nos
3562 3290 3648 3330 sa-

2062 3366 2146 3406 na:
2189 3353 2386 3409 mentis
2427 3369 2547 3411 esse
2592 3367 2799 3422 censet,
2828 3358 3039 3417 fruatur
3075 3360 3167 3417 ille
3191 3377 3321 3418 sane
3348 3372 3530 3419 nostra
3559 3380 3647 3420 so-

2061 3441 2307 3499 brietate.
2351 3444 2431 3500 Ac
2449 3461 2641 3503 rursus
2664 3448 2842 3517 aliter,
2875 3448 3115 3508 insanire
3145 3469 3243 3510 nos
3271 3456 3533 3527 quispiam
3558 3456 3643 3513 di-

2060 3531 2177 3587 cit?
2219 3532 2447 3604 Propter
2487 3537 2656 3592 Deum
2706 3538 3012 3608 hujusmodi
3055 3542 3260 3599 insania
3292 3545 3597 3602 laboramus
3629 3566 3643 3600 :

2062 3623 2206 3679 unde
2252 3626 2423 3681 etiam
2455 3627 2657 3693 subdit,
2701 3629 2805 3685 id.
2833 3630 3033 3688 Caritas
3061 3636 3194 3689 enim
3223 3634 3321 3691 Dei
3349 3648 3489 3709 urget
3515 3656 3648 3695 nos:

2061 3717 2366 3772 wstimantes
2383 3718 2497 3772 hoc.
2527 3718 2646 3775 Non
2676 3721 2858 3789 modo,
2891 3724 3408 3794 inquit,.l‘u’turorum
3449 3740 3647 3798 metus,

2061 3808 2157 3864 sed
2186 3809 2347 3865 etiam
2375 3826 2494 3882 qua:
2516 3811 2626 3882 jam
2653 3813 3016 3885 contigerunt,
3041 3819 3362 3874 non-sinunt
3389 3837 3488 3877 nos
3506 3820 3649 3878 desi-

2061 3902 2148 3958 dia
2175 3911 2388 3973 torpere
2403 3914 2563 3974 atque
2589 3905 3024 3975 obdormiScere-;
3052 3925 3237 3965 verum
3263 3911 3330 3966 ad
3350 3913 3648 3984 suscipien-

2061 3993 2163 4050 dos
2202 3995 2392 4051 salutis
2436 4005 2631 4053 vestrae
2674 4013 2835 4054 causa
2880 3999 3089 4056 labores
3119 4004 3449 4058 exsuscitant
3482 4013 3645 4074 atque

2064 4085 2361 4156 impellunt.
2391 4088 2655 4157 Quaenam
2694 4102 2873 4147 autem
2908 4101 3035 4148 sunt
3073 4108 3160 4157 ea,
3189 4110 3309 4165 qum
3333 4094 3444 4166 jam
3471 4098 3643 4153 couti-

2063 4180 2293 4248 gerunt?
2317 4180 2573 4248 Quoniam
2592 4185 2637 4237 si
2654 4200 2786 4237 unus
2803 4201 2894 4253 pro
2908 4188 3140 4241 omnibus
3160 4196 3387 4242 mortuus
3400 4198 3495 4256 est,
3525 4205 3644 4261 ergo

2064 4287 2238 4326 omnes
2273 4274 2462 4327 mortui
2495 4283 2633 4330 sunt.
2661 4274 2802 4345 Ergo
2830 4276 2904 4332 ita
2941 4277 3173 4348 loquitur
3214 4278 3431 4346 Paulus,
3488 4294 3551 4334 ac
3604 4280 3649 4335 si

2065 4378 2252 4419 omnes
2280 4365 2588 4435 perii'sscnt.
2615 4366 2802 4436 Neque
2831 4369 2972 4424 enim
3000 4384 3097 4439 pro
3121 4371 3373 4425 omnibus
3401 4370 3650 4428 Christus

2065 4465 2292 4512 mortem
2319 4459 2651 4527 oppetiisset,
2675 4460 2776 4515 nisi
2797 4475 2985 4517 omnes
3004 4471 3234 4517 mortem
3253 4462 3534 4520 obiissent.
3554 4464 3651 4520 llic

2066 4549 2207 4603 enim
2229 4559 2355 4604 sunt
2400 4553 2590 4607 salutis
2616 4553 2957 4620 occasiones,
2989 4554 3097 4610 illic
3126 4566 3306 4611 autem
3344 4574 3452 4612 non
3496 4558 3649 4614 item.

2067 4644 2296 4700 Proinde
2319 4643 2538 4712 Caritas,
2570 4646 2761 4717 inquit,
2795 4646 2893 4702 Dei
2918 4657 3065 4717 urget
3088 4665 3199 4714 nos,
3237 4664 3336 4705 nec
3362 4650 3490 4705 sinit
3513 4664 3649 4706 con-2

2067 4735 2366 4805 quiescere.
2396 4734 2666 4791 Extrema:
2702 4738 2845 4792 enim
2874 4737 3105 4793 miseria:
3132 4737 3314 4805 fuerit,
3350 4753 3413 4793 ac
3439 4738 3524 4794 vel
3552 4753 3649 4809 ge»

2071 4824 2245 4879 henna
2274 4824 2385 4895 ipsa
2408 4826 2665 4892 atrocius,
2698 4842 2820 4881 eum
2849 4826 2940 4881 ille
2968 4837 3072 4880 tam
3103 4828 3423 4897 praeclarum
3442 4828 3649 4885 facinus

2069 4917 2318 4985 ediderit,
2354 4917 2580 4973 inveniri
2623 4919 2882 4985 quosdam
2929 4919 3018 4989 qui
3044 4934 3110 4974 ex
3148 4927 3294 4974 tanta
3326 4921 3494 4991 ipsius
3521 4935 3648 4977 cura

2068 5010 2269 5064 nullum
2294 5009 2521 5065 fructum
2538 5011 2770 5080 capiant.
2792 5010 2995 5082 Magnae
3016 5012 3159 5068 enim
3179 5028 3241 5067 ac
3256 5013 3541 5083 singularis
3559 5027 3653 5069 cu-

2066 5103 2282 5173 jusdam
2306 5112 2389 5160 est
2431 5104 2691 5169 caritatis,
2725 5120 2823 5173 pro
2847 5114 2994 5160 tanto
3024 5115 3286 5161 terrarum
3308 5105 3459 5172 orbe,
3492 5113 3660 5176 atque-

2077 5196 2146 5248 ita
2171 5194 2384 5259 affecto,
2417 5205 2646 5250 mortem
2687 5195 2933 5251 subiisse.
2968 5196 3055 5253 15.
3097 5194 3165 5252 Ut
3189 5197 3274 5267 qui
3311 5197 3502 5261 vivunt,
3548 5209 3653 5246 non

2061 5288 2173 5358 jam
2194 5285 2291 5339 sibi
2318 5287 2507 5351 vivant,
2546 5290 2636 5341 Sed
2673 5288 2720 5341 ei
2742 5288 2828 5358 qui
2868 5306 2961 5360 pro
2989 5290 3115 5359 ipsis
3144 5300 3369 5342 mortuus
3396 5297 3468 5342 est
3489 5301 3551 5338 ac
3570 5300 3653 5338 re-
3696 5303 3709 5315 ε

2068 5377 2303 5431 surrexit.
2335 5375 2391 5432 Si
2420 5377 2598 5447 itaque
2622 5392 2722 5434 nos
2749 5379 3042 5451 nobisipsis
3074 5379 3253 5433 vivere
3283 5394 3387 5433 non
3413 5385 3651 5447 Oportet,

2072 5482 2139 5520 ne
2165 5466 2474 5535 turbcmiui,
2504 5467 2700 5538 inquit,
2730 5485 2903 5539 nequc
2950 5468 3366 5532 tumultuemini,
3405 5468 3653 5521 instanti-

2071 5562 2169 5613 bus
2214 5558 2466 5628 periculis
2510 5568 2566 5615 et
2611 5568 2802 5616 morte.
2860 5561 2940 5615 Ac
2967 5562 3231 5615 rationem
3263 5559 3404 5614 haud
3430 5558 3652 5616 dubiant

2070 5648 2245 5716 affert,
2276 5649 2625 5719 quamobrem
2654 5649 2706 5704 id
2731 5649 2907 5705 facere
2939 5648 3255 5704 debeamus.
3294 5650 3498 5705 Etenim
3528 5666 3651 5707 cum

2074 5758 2169 5813 per
2208 5741 2382 5813 ipsum
2426 5752 2599 5798 morte
2652 5742 2892 5797 functum
2943 5742 3204 5807 vivamus,
3235 5744 3283 5795 ci
3314 5743 3520 5811 utique,
3554 5759 3649 5814 per

2071 5851 2230 5908 quem
2257 5837 2504 5906 vivimus,
2536 5835 2715 5892 vivere
2741 5834 3018 5893 debemus.
3056 5835 3227 5906 Atque
3246 5851 3407 5891 unum
3432 5845 3484 5892 et
3512 5836 3655 5891 idem
