4090 6216
492 364 586 418 Αἲῦ

1211 348 1248 402 S
1303 343 1580 402 JOANNIS
1603 335 2072 397 CHRYSOSTUMI
2113 334 2428 390 ARCl-IIEP.
2468 325 2978 388 CONSTAN'Pl-NOP

3657 325 3754 380 476

485 497 609 537 esse
637 475 846 532 videtur
873 472 923 526 id
949 469 1089 541 quod
1120 467 1318 523 dictum
1349 473 1431 519 est
1458 481 1472 518 :
1501 472 1753 516 caeterum
1786 459 1829 510 si
1857 453 1976 524 quis
2005 466 2094 506 ac-
2179 450 2548 520 appellandam
2571 449 2798 514 censuit,
2830 455 2886 502 ut
2917 459 3164 515 magnam
3193 443 3563 514 migrationem
3587 459 3650 499 ac
3677 449 3755 499 vi.

489 582 675 628 curate
701 583 812 623 rem
835 559 1120 632 expendat,
1139 556 1246 614 duo
1273 555 1388 610 hinc
1409 568 1529 608 esse
1548 549 1873 621 comperiet;
1907 559 2069 598 unum

492 665 769 726 nimirum,
798 655 937 726 quod
966 660 1182 722 propter
1211 648 1384 718 ipsum
1418 645 1666 702 vivimus.
1697 641 1920 693 alterum
1945 636 2069 706 quia

491 757 605 826 ipse
651 749 816 807 nostri
860 760 1019 802 causa
1059 751 1304 798 mortuus
1345 747 1449 794 est.
1480 737 1718 804 Quorum
1761 741 2066 799 utrumque,

492 821 576 902 vel
618 841 843 898 seorsim
887 836 1309 900 consideratum,
1350 847 1450 886 nos
1479 830 1526 884 ei
1559 826 1818 883 obnoxios
1845 821 2072 878 reddere

491 946 652 1008 queat
680 953 693 990 :
723 949 842 988 cum
869 940 1050 987 autem
1081 928 1240 982 ambo
1271 927 1322 980 in
1358 938 1522 978 unum
1547 920 1838 982 conﬂuant,
1871 919 2072 986 cogites

492 1028 653 1084 velim
685 1033 883 1096 quanto
909 1023 958 1078 ei
985 1020 1247 1077 beneﬁcio
1267 1019 1341 1073 sis
1359 1015 1663 1069 devinctus.
1696 1011 1806 1066 lmo
1835 1010 1930 1064 tria
1961 1008 2074 1062 haec

493 1129 638 1177 sunt.
671 1117 881 1173 Etenim
912 1113 1173 1184 primitias
1203 1120 1419 1180 prepter
1459 1115 1509 1162 te
1531 1103 1805 1170 excitavit,
1831 1111 1990 1170 atque
2021 1099 2071 1152 in

496 1213 687 1268 caelum
735 1207 912 1264 evexit
943 1224 956 1260 :
992 1205 1135 1260 unde
1169 1203 1327 1258 etiam
1365 1199 1588 1264 addidit,
1619 1194 1684 1250 Ei
1706 1196 1791 1264 qui
1814 1209 1906 1262 pro
1931 1191 2075 1246 nobis

497 1314 731 1358 mortuus
770 1311 843 1356 est
879 1317 939 1354 ac
974 1299 1263 1353 resurrexit.
1296 1294 1385 1348 16.
1415 1291 1596 1360 Itaque
1638 1305 1729 1342 nos
1761 1303 1824 1340 ea:
1853 1286 1947 1340 hoc
1963 1287 2078 1355 jam

502 1397 752 1450 nemiuem
795 1393 1026 1447 novimus
1069 1389 1342 1443 secundum
1386 1398 1608 1438 carnem.
1656 1379 1787 1434 Nam
1816 1377 1860 1432 si
1891 1391 2078 1431 omnes

503 1488 698 1544 mortui
730 1495 872 1549 sunt,
903 1494 955 1538 et
980 1495 1170 1536 omnes
1200 1482 1631 1539 resurrexerunt,
1655 1483 1813 1542 atque
1839 1470 1911 1524 ita
1938 1484 2082 1524 mor-

501 1580 577 1632 tui
610 1586 753 1641 sunt,
795 1586 853 1629 ut
886 1573 1090 1645 peccati
1137 1569 1378 1641 tyrannis
1403 1581 1497 1621 eos
1527 1561 1962 1626 condemnabat;
1991 1573 2080 1614 re-

505 1679 855 1726 surrexerunt
899 1675 1074 1720 autem
1122 1679 1220 1734 per
1267 1656 1693 1731 regenerationis
1732 1656 1999 1708 lavacrum
2029 1661 2086 1706 et

503 1764 733 1834 Spiritus
760 1759 928 1815 sancti
957 1757 1356 1812 renovationcm
1379 1769 1394 1817 ;
1422 1751 1544 1821 jure
1572 1746 1998 1814 dicit,Neminem
2024 1743 2086 1798 ﬁ-

505 1857 704 1911 delium
735 1853 961 1907 novimus
986 1848 1259 1906 secundum
1286 1862 1508 1900 carnetn.
1542 1842 1656 1898 Etsi
1676 1842 1818 1896 enim
1845 1840 1899 1894 in
1924 1851 2087 1893 carne

509 1957 654 2013 sunt,
697 1945 825 2017 quid
872 1942 1026 1998 tum?
1067 1940 1196 1995 Nam
1228 1936 1459 1994 carnalis
1486 1935 1574 1990 illa
1603 1936 1707 1990 vita
1752 1931 1988 1987 interiit:
2021 1915 2092 1984 ac

505 2041 741 2109 desuper
790 2037 842 2091 in
889 2033 1090 2104 Spiritu
1137 2031 1301 2102 geniti
1346 2017 1553 2091 sumus,
1587 2034 1748 2094 atque
1776 2024 1934 2079 aliam
1962 2023 2086 2077 vita:

507 2131 770 2188 rationem
801 2128 1072 2196 aliumque
1099 2123 1220 2178 vita:
1243 2131 1462 2184 statum,
1493 2119 1741 2174 nimirum
1765 2131 1888 2172 eum
1918 2116 2007 2186 qtti
2032 2115 2084 2170 in

509 2225 658 2278 ctelis
685 2231 789 2284 est,
821 2220 1087 2275 novimus.
1121 2216 1199 2271 Ac
1226 2228 1436 2270 rursum
1455 2212 1614 2280 hujus
1633 2208 1878 2265 beneﬁcii
1899 2217 2086 2262 aucto-

517 2333 630 2370 rem
660 2314 928 2369 Christum
948 2324 1070 2366 esse
1090 2307 1346 2371 ostendit,
1378 2319 1440 2359 ac
1466 2311 1752 2373 propterea
1772 2300 2047 2369 subjunxit
2071 2317 2086 2353 :

511 2407 622 2460 Etsi
653 2405 975 2475 cognovimus
1002 2399 1255 2454 Christum
1280 2394 1556 2450 secundant
1585 2409 1808 2456 carnem,
1840 2390 1929 2446 sed
1955 2406 2092 2444 nunc

501 2508 614 2575 jmn
644 2518 743 2556 non
771 2500 1018 2554 novimus.

581 2595 635 2648 2.
666 2592 804 2660 Quid
843 2588 1042 2662 igitur?
1088 2585 1236 2642 dices
1259 2627 1272 2650 ,
1306 2598 1373 2638 an
1403 2597 1621 2638 carnem
1652 2579 1819 2641 exuit,
1854 2591 1918 2632 ac
1945 2589 2092 2631 nunc

513 2685 756 2756 corporis
801 2691 885 2738 est
925 2679 1160 2750 expers?
1202 2677 1422 2746 Apage:
1472 2687 1595 2728 nam
1626 2687 1767 2727 nunc
1796 2685 2009 2741 quoque
2040 2669 2092 2724 in

511 2791 675 2833 carne
701 2783 802 2832 est.
831 2772 931 2827 Hic
955 2772 1098 2826 enim
1119 2769 1290 2832 Iesus,
1307 2767 1392 2836 qui
1413 2782 1444 2819 a
1461 2765 1597 2819 vobis
1633 2772 1921 2833 assumptus
1941 2770 2015 2815 est
2041 2761 2095 2814 in

515 2869 716 2932 caelum,
748 2867 820 2920 sic
847 2865 1005 2920 veniet
1029 2862 1164 2935 (Act.
1197 2861 1249 2915 1.
1280 2858 1390 2930 il).
1421 2856 1724 2925 Quomodo,
1753 2856 1873 2910 sic?
1901 2854 1959 2908 ln
1982 2868 2098 2906 car-

521 2975 591 3016 ne
619 2957 885 3022 videlicet,
910 2965 964 3010 et
989 2969 1112 3007 cum
1143 2965 1388 3020 corpore.
1420 2947 1528 3004 Cur
1551 2961 1679 3018 ergo
1707 2946 1859 3012 dicit,
1881 2943 1990 2998 Etsi
2013 2959 2100 2997 co-

518 3050 778 3123 gnovimus
792 3045 1049 3102 Christum
1068 3041 1343 3098 secundum
1359 3055 1582 3103 carnem,
1605 3037 1694 3094 sed
1719 3053 1853 3091 nunc
1869 3037 1982 3107 jam
1999 3050 2098 3089 non

522 3139 792 3197 novimus?
819 3138 953 3194 Cum
976 3135 1042 3190 de
1067 3133 1220 3189 nobis
1241 3145 1419 3188 sermo
1434 3140 1536 3196 est,
1562 3127 1852 3185 Secundum
1873 3141 2097 3191 carnem,

522 3234 660 3288 idem
689 3239 790 3300 est,
821 3229 961 3302 quod
993 3229 1046 3282 in
1087 3225 1316 3297 peccatis
1344 3238 1499 3290 esse;
1533 3230 1740 3288 contra,
1773 3236 1874 3274 non
1922 3234 2100 3273 secun-

521 3327 643 3379 dum
665 3340 884 3389 carnem,
909 3321 1048 3376 idem
1078 3317 1218 3389 quod
1250 3317 1302 3371 in
1327 3313 1557 3386 peccatis
1581 3327 1687 3368 non
1717 3325 1838 3366 esse
1861 3328 1873 3362 :
1900 3318 1956 3364 at
1977 3324 2099 3364 cum

521 3416 589 3470 de
618 3415 832 3470 Christo
879 3425 1058 3467 sermo
1099 3408 1347 3472 habetur,
1380 3402 1670 3460 secundum
1710 3415 1925 3456 carnem
1969 3398 2102 3453 nihil

524 3508 666 3562 aliud
698 3506 979 3576 signiﬁcat,
1007 3515 1165 3572 quam
1207 3500 1257 3553 in
1295 3505 1502 3552 natura:
1543 3492 1913 3549 affectionibus
1960 3505 2100 3557 esse,

523 3611 579 3652 ut
603 3598 832 3660 infame,
863 3595 916 3648 in
946 3593 1055 3658 siti,
1088 3593 1140 3645 in
1165 3588 1486 3660 fatigatione,
1512 3586 1565 3640 in
1585 3598 1796 3641 somno.
1831 3582 2106 3637 Peccatum

527 3691 669 3746 enim
693 3704 793 3742 non
821 3686 958 3758 fecit,
981 3701 1071 3738 nec
1091 3685 1316 3737 inventus
1345 3691 1419 3734 est
1438 3680 1586 3733 dolus
1613 3679 1665 3731 in
1695 3693 1782 3730 ore
1809 3676 1918 3746 ejus
1947 3673 2102 3743 (lsai.

528 3783 615 3836 55.
664 3779 740 3850 9).
786 3781 958 3846 Atque
1003 3774 1203 3830 idcirco
1239 3772 1471 3838 dicebat,
1515 3771 1639 3839 Quis
1673 3785 1736 3822 ex
1765 3767 1902 3821 vobis
1932 3775 2107 3836 arguet

527 3890 605 3925 me
634 3873 695 3925 de
724 3869 963 3941 peccato?
987 3877 1043 3923 et
1067 3882 1252 3922 rursus
1279 3865 1452 3921 :i’enit
1481 3864 1712 3934 princeps
1744 3861 1917 3914 mundi
1931 3861 2103 3928 hujus,

529 3963 647 4018 etin
677 3980 754 4016 me
780 3978 882 4017 non
909 3961 1054 4016 habet
1079 3959 1350 4033 quidquam
1382 3957 1564 4029 (Joan.
1588 3956 1642 4011 8.
1675 3954 1765 4009 46.
1799 3965 1844 4007 ει
1871 3953 1958 4007 14.
1991 3950 2104 4021 50).

532 4054 664 4109 Illud
693 4068 840 4115 vero,
871 4068 972 4105 non
997 4051 1274 4104 secundum
1303 4063 1528 4113 carnem,
1559 4045 1695 4100 nihil
1718 4044 1862 4098 aliud
1890 4043 2108 4106 indicat,

531 4161 689 4217 quam
716 4160 836 4198 eum
871 4141 1172 4212 hujusmodi
1216 4137 1588 4192 aﬁ‘ectionibus
1623 4137 1734 4205 jam
1763 4150 1972 4196 vacare,
2003 4150 2109 4189 non

531 4249 710 4293 autem
733 4235 874 4308 quod
900 4243 1051 4291 extra
1078 4247 1294 4287 carnem
1323 4231 1412 4285 sit.
1445 4229 1576 4285 Nam
1596 4244 1717 4284 eum
1749 4228 1850 4284 hac
1874 4241 2108 4299 quoque,

534 4329 815 4400 impatibili
839 4327 948 4397 jam
977 4335 1135 4396 atque
1174 4322 1484 4388 immortali,
1513 4321 1578 4377 ad
1603 4319 1863 4391 judicium
1892 4319 1959 4374 de
1983 4319 2115 4374 orbe

536 4421 816 4476 ferendum
859 4429 1114 4476 venturus
1157 4427 1259 4473 est.
1310 4417 1392 4472 Ad
1421 4430 1582 4487 quam
1608 4414 1768 4468 etiam
1799 4412 2113 4483 dignitatem

537 4532 638 4570 nos
667 4515 1085 4586 proﬁciscemur,
1113 4527 1232 4567 cum
1257 4526 1452 4577 corpus
1476 4517 1715 4564 nostrum
1737 4507 2009 4562 conforme
2035 4504 2112 4558 ει·-

536 4608 736 4663 fectum
763 4606 920 4660 fuerit
949 4605 1161 4674 corpori
1188 4602 1444 4658 claritatis
1462 4598 1903 4674 ipsius(Philipp.
1923 4599 1976 4652 5.
1999 4597 2115 4668 2|).

539 4699 626 4754 ΓΙ.
657 4697 836 4770 Itaque
863 4698 906 4752 si
933 4713 1032 4767 qua
1072 4695 1124 4747 in
1155 4692 1355 4747 Christo
1393 4708 1520 4745 nova
1552 4701 1801 4745 creatura.
1834 4692 2116 4760 Postquam

543 4791 686 4844 enim
715 4805 744 4844 a
773 4789 996 4845 caritate
1043 4786 1108 4842 ad
1156 4785 1405 4839 virtutem
1451 4783 1707 4847 incitavit,
1733 4781 1842 4852 jam
1887 4783 1956 4836 ab
1990 4783 2120 4852 ipsis

546 4897 760 4951 quoque
805 4882 966 4937 rebus
1011 4879 1078 4933 ad
1108 4893 1225 4933 eam
1249 4891 1348 4931 nos
1374 4874 1682 4932 exsﬁmulat
1709 4891 1721 4926 :
1746 4889 1809 4928 ac
1840 4885 2120 4943 propterea

544 4971 838 5041 subjungit,
882 4972 1065 5041 Itaque
1106 4971 1150 5024 si
1178 4986 1279 5040 qua
1306 4971 1360 5023 in
1387 4967 1588 5025 Christo
1617 4982 1746 5020 nova
1783 4977 2035 5020 creatura.
2066 4966 2119 5021 Si

545 5062 667 5131 quis
713 5061 878 5130 ipsius
920 5059 1076 5112 tidem
1111 5060 1390 5127 amplexus
1433 5069 1534 5119 est,
1579 5057 1771 5128 inquit,
1801 5057 1868 5112 ad
1897 5057 2124 5112 alterum

546 5153 742 5226 opiﬁcii
771 5166 938 5222 genus
958 5149 1142 5204 venit:
1167 5150 1362 5204 ctenim
1385 5165 1615 5218 superne
1641 5165 1734 5219 per
1752 5149 2006 5219 Spiritum
2026 5163 2124 5219 εει

551 5249 693 5302 nitus
745 5254 848 5300 est.
899 5243 1072 5310 Atque
1120 5239 1239 5294 ideo
1264 5254 1360 5306 par
1387 5248 1470 5295 est
1510 5250 1569 5294 ut
1593 5240 1691 5309 ipsi
1719 5241 1984 5305 vivamus,
2019 5254 2124 5294 non

551 5350 757 5395 tantum
800 5336 922 5406 quia
971 5331 1138 5387 nostri
1181 5329 1319 5399 juris
1367 5344 1471 5383 non
1503 5343 1706 5393 sumus,
1745 5340 1836 5384 aut
1863 5332 1983 5400 quia
2014 5331 2127 5400 ipse

557 5447 651 5500 pro
687 5431 840 5485 nobis
867 5435 1090 5483 mortem
1119 5422 1362 5495 oppetiit,
1385 5431 1477 5475 aut
1496 5421 1618 5491 quia
1641 5422 1898 5490 primitias
1919 5421 2130 5492 generis

560 5523 724 5575 nostri
752 5535 780 5574 a
809 5529 981 5574 morte
1009 5516 1074 5570 ad
1102 5517 1262 5570 vitam
1291 5512 1580 5577 revocavit,
1613 5511 1707 5566 sed
1730 5511 1890 5566 etiam
1915 5512 2036 5580 quia
2065 5512 2130 5564 ad

557 5613 779 5666 alteram
812 5611 974 5664 vitam
1001 5607 1346 5664 accessimus.
1375 5603 1509 5658 Vide
1537 5612 1666 5673 quot
1693 5616 1874 5671 aequas
1896 5600 2134 5654 rationes

559 5701 765 5767 afferat,
792 5717 888 5756 cur
914 5709 1060 5755 recte
1107 5699 1260 5754 nobis
1284 5693 1527 5751 ducenda
1568 5693 1674 5746 vita
1702 5693 1789 5748 sit.
1825 5691 1955 5745 Nam
1985 5689 2053 5743 ob
2084 5690 2132 5744 id

559 5809 770 5866 quoque
810 5805 1071 5849 crassiore
1098 5789 1358 5846 vocabulo
1401 5786 1792 5844 correctionem
1832 5783 2132 5854 hujusmodi

2183 552 2251 597 tae
2279 543 2751 598 commutationem
2796 539 3068 597 ostendat.
3092 539 3284 595 Postea
3315 538 3543 594 ulterius
3573 554 3758 608 prose-

2176 652 2347 708 quens
2373 637 2426 690 id
2454 635 2597 706 quod
2625 635 2779 700 dixit,
2809 643 2973 705 atque
2997 633 3293 690 ostendens
3319 633 3594 704 quomodo
3622 648 3758 688 nova

2177 741 2422 787 creatura
2451 732 2640 797 simus,
2695 728 2878 784 Vetera
2911 729 3240 791 transierunt,
3269 727 3462 798 inquit;
3490 744 3601 782 ecce
3624 728 3762 798 facta

2179 833 2297 877 sunt
2326 823 2498 878 omnia
2523 839 2670 878 nova.
2704 821 2962 890 Quaenam
2995 820 3222 876 vetera?
3253 819 3475 875 Peccata
3495 829 3552 875 et
3577 821 3764 889 impie-

2180 925 2318 972 tates
2343 934 2358 983 ;
2387 916 2468 970 vel
2496 916 2658 970 etiam
2677 913 2914 970 Judaica:
2935 926 3126 968 omnes
3149 911 3510 977 ceremoniae;
3552 912 3634 966 vel
3665 925 3764 980 po-

2182 1010 2288 1064 tius
2317 1008 2432 1063 ltazc
2455 1007 2615 1063 simul
2637 1016 2692 1062 et
2720 1006 2832 1060 illa.
2865 1002 2997 1060 Ecce
3017 1008 3153 1074 facta
3166 1011 3284 1059 sunt
3303 1002 3474 1057 onutia
3499 1017 3645 1057 nava.
3673 1004 3764 1057 18.

2184 1099 2371 1154 Omnia
2413 1110 2580 1153 autem
2613 1115 2674 1154 ex
2703 1097 2833 1152 Deo.
2875 1095 3018 1151 Nihil
3064 1111 3094 1149 a
3143 1095 3299 1150 nobis
3335 1094 3633 1163 profectum
3660 1105 3764 1150 est.

2183 1190 2314 1245 Nam
2341 1199 2396 1245 et
2446 1199 2788 1260 peccatorum
2813 1185 3136 1244 condonatio
3160 1193 3217 1241 et
3239 1185 3514 1254 adoptatio
3552 1194 3608 1240 et
3645 1185 3767 1254 glo-

2185 1285 2262 1339 ria
2293 1285 2600 1352 incorrupta
2629 1282 2798 1352 ipsius
2825 1295 3047 1336 munere
3067 1279 3222 1335 nobis
3239 1293 3493 1334 concessa
3523 1288 3623 1334 est.
3648 1277 3766 1332 Non

2186 1377 2328 1431 enim
2351 1375 2458 1446 jam
2481 1391 2511 1428 a
2534 1373 2727 1430 futuris
2759 1382 2985 1439 tantum,
3013 1372 3108 1427 sed
3133 1386 3162 1424 a
3183 1370 3538 1441 praesentibus
3558 1383 3770 1438 quoque

2187 1471 2307 1524 illos
2354 1469 2689 1524 cohortatur.
2736 1466 2968 1521 Attende
2997 1465 3141 1521 enim
3173 1480 3187 1517 :
3217 1463 3425 1518 dixerat
3451 1462 3564 1517 fore
3591 1472 3648 1515 ut
3677 1477 3766 1517 re-

2187 1576 2548 1632 surgerctnus,
2573 1569 2728 1630 atque
2748 1558 2817 1612 ad
2848 1557 3302 1625 incorruptionem
3332 1553 3770 1619 veniremus,do-

2188 1671 2440 1727 mumque
2480 1654 2860 1724 sempiternam
2906 1650 3472 1706 haberemuszverum
3515 1647 3766 1716 quoniam

2189 1747 2327 1818 apud
2355 1759 2471 1808 eos,
2502 1746 2591 1814 qui
2621 1743 2797 1799 futura
2816 1759 2921 1798 non
2947 1741 3169 1812 perinde
3199 1749 3257 1795 ut
3284 1747 3496 1808 oportet
3521 1737 3768 1800 credunt,

2189 1839 2471 1912 praesentia
2501 1838 2758 1908 majorem
2784 1835 2848 1889 ad
2890 1831 3424 1890 excitandosanimos
3444 1830 3551 1883 vim
3577 1829 3772 1884 habent

2191 1949 2350 2004 quam
2401 1933 2599 1999 futura,
2645 1938 2842 2001 quanta
2867 1929 2975 1998 jam
3001 1924 3306 1995 acceperint
3338 1923 3692 1986 demonstrat,
3722 1930 3773 1976 et

2190 2027 2278 2096 qui
2311 2033 2421 2079 tum
2445 2032 2646 2089 essent,
2665 2037 2788 2077 cum
2811 2017 3114 2089 hujusmodi
3145 2015 3420 2073 beneﬁciis
3435 2015 3608 2068 ornati
3630 2021 3774 2068 sunt.

2191 2115 2417 2182 Quinam
2462 2129 2591 2185 ergo
2635 2112 2831 2168 erant?
2871 2109 3064 2165 Mat-tui
3111 2108 3296 2178 utique
3335 2121 3522 2162 omnes
3563 2104 3774 2176 (Omnes

2193 2207 2334 2263 enim
2386 2206 2570 2261 mortui
2598 2214 2750 2268 sunt;
2777 2212 2834 2258 et
2861 2218 2953 2272 pro
2979 2199 3210 2255 omnibus
3231 2208 3459 2253 mortuus
3484 2206 3555 2253 est
3585 2213 3603 2250 :
3630 2206 3777 2250 tanto

2194 2314 2317 2370 erga
2344 2312 2532 2353 omnes
2556 2311 2740 2352 amore
2768 2294 3022 2365 ﬂagrabat
3050 2292 3092 2362 ),
3116 2307 3180 2346 ac
3205 2291 3319 2346 vitii
3355 2289 3507 2345 senio
3546 2296 3601 2344 et
3626 2298 3779 2344 vetu-

2195 2403 2332 2447 state
2352 2405 2538 2446 omnes
2564 2389 2810 2444 confecti.

2270 2482 2454 2537 Omnia
2481 2483 2596 2551 jam
2637 2497 2767 2534 nova
2809 2487 2946 2543 sunt,
2986 2476 3258 2548 quomodo.
3302 2472 3663 2544 Apostolorum
3705 2473 3780 2526 di-

2199 2575 2533 2646 gnitas.—At
2552 2587 2681 2628 ecce
2704 2573 2811 2642 jam
2833 2569 3008 2624 anima
3034 2584 3168 2623 nova
3199 2569 3456 2638 (purgata
3478 2566 3620 2621 enim
3648 2565 3770 2635 est),

2198 2679 2254 2724 et
2297 2684 2495 2740 corpus
2541 2682 2761 2731 novum,
2813 2674 2868 2720 et
2902 2678 3097 2719 novum
3141 2661 3466 2716 adorationis
3505 2661 3700 2729 genus,
3729 2666 3780 2712 et

2199 2761 2616 2834 pollicitationes
2661 2773 2836 2822 novae,
2888 2765 2944 2812 et
2985 2755 3414 2816 Testamentum,
3461 2760 3518 2806 et
3563 2752 3693 2813 vita,
3731 2759 3782 2805 et

2201 2868 2407 2918 mensa,
2445 2861 2500 2906 ot
2543 2850 2728 2916 vestis,
2772 2857 2826 2904 et
2865 2847 3045 2902 omnia
3084 2860 3221 2901 nova
3265 2853 3409 2899 sunt.
3444 2842 3656 2898 Etenim
3688 2854 3781 2910 pro

2201 2955 2410 3001 terrena
2460 2942 2759 2998 Jerusalem
2777 2941 3047 2996 caelestem
3074 2937 3412 3007 metropolim
3437 2935 3778 3005 accepimus;

2201 3051 2300 3107 pro
2326 3035 2523 3091 visibili
2555 3033 2754 3104 templo
2781 3031 3042 3102 templum
3064 3030 3344 3100 spirituale
3367 3029 3658 3094 cernimus,
3691 3042 3783 3099 pro

2202 3127 2427 3199 lapideis
2440 3126 2632 3182 tabulis
2642 3139 2886 3186 carneas,
2905 3137 3003 3194 pro
3020 3121 3427 3178 circumcisione
3439 3121 3782 3191 baptismum,

2205 3240 2300 3294 pro
2353 3236 2545 3277 manna
2594 3235 2792 3290 corpus
2841 3219 3198 3288 Dominicum,
3243 3231 3341 3288 pro
3381 3231 3516 3288 aqua
3562 3231 3594 3270 e
3635 3225 3782 3285 petra

2204 3329 2452 3370 cruorem
2500 3328 2532 3368 e
2570 3312 2736 3367 latere
2777 3310 3148 3380 proﬂuentem,
3190 3325 3287 3378 pro
3328 3307 3472 3379 virga
3512 3307 3672 3362 Hosis
3695 3317 3786 3361 aut

2205 3406 2434 3460 Aaronis
2458 3419 2694 3472 crucem,
2728 3418 2824 3473 pro
2851 3413 2992 3457 terra
3015 3401 3101 3455 illa
3126 3400 3327 3455 Judaeis
3349 3399 3605 3470 promissa
3631 3398 3789 3452 ecclo-

2206 3513 2324 3552 rum
2346 3512 2588 3566 regnum,
2620 3509 2718 3564 pro
2741 3494 3009 3550 sexcentis
3028 3491 3394 3549 sacerdotibus
3415 3506 3574 3545 unum
3603 3489 3785 3560 ponti-

2208 3589 2381 3654 ﬁcem,
2416 3603 2514 3657 pro
2538 3601 2676 3658 agno
2701 3586 2924 3641 rationis
2952 3594 3171 3654 experte
3197 3597 3387 3654 agnum
3427 3580 3785 3648 spiritualem.

2210 3681 2336 3736 llaec
2381 3680 2589 3746 aliaque
2621 3677 2820 3732 Paulus
2861 3677 3042 3731 animo
3082 3676 3317 3738 volvens,
3361 3670 3590 3736 dicebat,
3635 3667 3791 3724 Nova

2205 3762 2348 3841 Tacta
2375 3778 2488 3826 sunt
2509 3769 2696 3823 omnia.
2734 3767 2920 3822 Omnia
2945 3776 3112 3820 autem
3139 3782 3202 3819 ea:
3226 3763 3336 3818 Deo
3357 3781 3376 3817 :
3405 3777 3499 3833 per
3519 3759 3790 3817 Christqu

2214 3864 2483 3923 videlicet,
2515 3877 2577 3916 ac
2601 3876 2698 3931 per
2736 3858 3052 3914 beneﬁcium
3101 3857 3168 3912 ab
3200 3870 3266 3910 eo
3311 3866 3609 3924 acceptum.
3637 3852 3793 3909 Unde

2215 3956 2374 4010 etiam
2401 3952 2692 4023 subjungit,
2712 3950 2811 4015 Qui
2830 3966 2921 4003 nos
2941 3947 3272 4003 reconcilians
3296 3946 3391 4000 sibi
3407 3962 3495 4013 per
3513 3943 3790 4011 Christum,

2215 4056 2260 4101 et
2286 4048 2422 4101 dedit
2443 4045 2583 4099 nobis
2607 4043 2939 4096 ministerium
2965 4039 3408 4094 reconciliationis.
3427 4037 3505 4092 Ex
3533 4037 3634 4092 hoc
3651 4036 3793 4090 enim

2215 4142 2392 4195 omnia
2419 4138 2579 4193 bona.
2614 4135 2744 4190 Nam
2775 4136 2825 4189 ei
2869 4134 2959 4204 qui
2990 4147 3089 4189 nos
3117 4133 3319 4187 amicos
3344 4129 3597 4196 reddidit,
3625 4129 3795 4184 eidem

2218 4246 2430 4300 quoque
2450 4229 2551 4283 alia
2592 4234 2807 4296 accepta
2834 4224 3113 4280 referenda
3159 4234 3304 4288 sunt,
3337 4237 3459 4292 quae
3481 4222 3622 4276 Deus
3646 4219 3798 4274 nobis

2221 4325 2272 4377 in
2313 4320 2598 4376 amicitiam
2642 4317 2870 4388 receptis
2910 4317 3130 4388 largitus
3180 4324 3282 4370 est.
3324 4314 3507 4384 Neque
3532 4313 3673 4368 enim
3706 4327 3801 4365 nos

2223 4418 2404 4470 hostes
2435 4427 2654 4468 manere
2681 4411 2865 4467 sinens
2893 4407 3198 4479 hujusmodi
3231 4421 3450 4462 munere
3475 4405 3673 4470 affecit,
3709 4403 3800 4457 sed

2224 4507 2368 4575 prius
2410 4505 2462 4559 in
2502 4502 2790 4557 amicitiam
2834 4500 3002 4570 ipsius
3040 4500 3339 4553 restitutos.
3378 4497 3544 4551 Porro
3565 4511 3688 4549 cum
3717 4495 3800 4548 aio

2223 4598 2491 4652 Christum
2542 4591 2995 4650 reconciliationis
3021 4590 3175 4646 nobis
3203 4575 3477 4644 auctorem
3507 4587 3803 4646 exstitisse.

2226 4690 2436 4744 Patrem
2459 4700 2672 4756 quoque
2697 4678 2855 4739 dico:
2887 4697 3011 4738 cum
3052 4681 3174 4736 dico
3202 4681 3414 4734 Patrem
3445 4677 3686 4743 dedisse,
3719 4677 3808 4732 Fi-

2227 4781 2356 4836 lium
2395 4793 2608 4850 quoque
2649 4775 2789 4841 dico,
2841 4774 3027 4828 Omnia
3064 4773 3208 4828 enim
3249 4789 3337 4841 per
3374 4787 3486 4824 eum
3521 4770 3660 4831 facta
3699 4777 3810 4822 sunt

2232 4873 2409 4944 (Joan.
2461 4873 2512 4925 l.
2564 4868 2653 4940 15)
2679 4887 2692 4922 :
2721 4877 2880 4937 atque
2921 4868 3035 4938 ipse
3073 4865 3231 4934 hujus
3261 4865 3334 4919 rei
3366 4871 3553 4918 auctor
3577 4861 3807 4916 exsistit.

2229 4964 2412 5035 Neque
2441 4962 2583 5017 enim
2615 4973 2713 5015 nos
2737 4959 2938 5013 adeum
2962 4957 3313 5018 accurrimus,
3337 4953 3430 5009 sed
3455 4954 3570 5023 ipse
3602 4968 3702 5008 nos
3724 4967 3812 5005 vo-

2230 5057 2388 5112 cavit.
2413 5059 2655 5120 Quonam
2685 5051 2843 5105 modo
2870 5049 3118 5104 vocavit?
3139 5048 3240 5102 Per
3257 5046 3454 5102 Christi
3469 5061 3681 5101 necem.
3716 5044 3812 5110 Qui

2232 5149 2372 5202 nobis
2422 5147 2560 5200 dedit
2613 5144 2942 5199 ministerium
2993 5142 3436 5196 reconciliationis.
3482 5140 3582 5196 Hic
3635 5153 3814 5196 rursus

2233 5237 2594 5307 apostolorum
2611 5236 2920 5306 dignitatem
2938 5232 3475 5296 ostendit,declarans
3491 5239 3545 5286 et
3560 5243 3814 5303 quantum

2237 5342 2430 5383 munus
2455 5328 2689 5397 ipsorum
2713 5329 2832 5382 ﬁdei
2857 5328 3201 5382 commissum
3230 5329 3320 5394 sit,
3338 5337 3567 5397 etquam
3591 5327 3818 5382 eximius

2237 5435 2299 5476 ac
2327 5421 2613 5490 singularis
2637 5423 2708 5476 sit
2752 5422 2844 5476 Dei
2868 5435 2994 5491 erga
3027 5435 3126 5473 nos
3153 5435 3325 5474 amor.
3357 5419 3473 5475 Non
3499 5421 3643 5475 enim
3677 5427 3820 5490 post—

2239 5526 2398 5582 quam
2442 5513 2597 5582 legati
2626 5513 2786 5579 illius,
2814 5514 2904 5583 qui
2943 5521 3180 5576 venerat,
3213 5526 3400 5566 vocem
3426 5511 3613 5565 audire
3640 5510 3819 5577 negle-
3867 5533 3875 5554 ι,

2240 5611 2452 5670 xerunt,
2480 5603 2555 5658 ira
2587 5604 2836 5659 incensus
2860 5612 2944 5660 est
2972 5617 3173 5673 eosque
3199 5602 3457 5665 deseruit,
3500 5601 3594 5658 sed
3620 5607 3824 5672 perstat

2243 5694 2439 5758 adlmc,
2473 5705 2581 5750 tum
2607 5711 2702 5766 per
2725 5710 2782 5751 se
2809 5704 2921 5750 tum
2953 5711 3047 5766 per
3071 5696 3205 5752 alios
3226 5695 3522 5750 admonens
3541 5702 3597 5749 et
3628 5693 3824 5746 exhor-

2246 5795 2381 5845 tans.
2416 5786 2609 5858 Ecquis
2635 5798 2717 5845 est
2744 5790 2831 5859 qui
2862 5797 3061 5845 tantam
3088 5788 3274 5844 salutis
3295 5796 3494 5845 nostra:
3520 5797 3702 5842 curam
3729 5795 3823 5854 pro
