4098 6222
373 318 483 377 «Ιντὸ

365 430 592 496 σάρκα.
644 422 710 479 El
740 427 852 496 γὰρ
889 423 1095 487 πάντες
1134 420 1429 486 ἀπέθανον,
1481 425 1576 477 καὶ
1614 424 1817 486 πάντες
1853 424 1947 477 ἁν-

368 526 630 597 έστησαν,
664 523 758 577 καὶ
786 521 1055 577 ἀπέθανον
1082 521 1183 593 μιν
1213 521 1387 585 οὕτως
1415 522 1492 586 ὡς
1533 522 1634 592 τῆς
1675 520 1950 593 ἁμαρτίας

368 627 405 699 ἡ
435 627 695 695 τυραννὶς
735 621 1117 687 κατεδίκαζεν,
1147 621 1454 694 ἀνέστησαν
1499 622 1557 676 δὲ
1591 621 1682 677 διὰ
1724 620 1949 691 λουτροῦ

303 744 309 749 ”
368 722 811 793 παλιγγενεσίας,
838 721 934 777 καὶ
955 720 1377 786 ἀνακαινώσεως
1402 721 1543 775 Πνεύ
1553 737 1722 791 ματος
1753 720 1913 788 ἁγίου
1934 735 1949 750 ·

367 822 593 885 εἰκότως
630 820 816 892 φησὶν,
853 818 1083 876 οὐδένα
1127 819 1378 890 οἴδαμεν
1409 819 1561 873 κατὰ
1611 819 1808 887 σαρκὰ
1844 817 1953 870 τῶν

288 937 292 941 ·
368 921 596 977 πιστῶν.
623 921 690 974 Τί
722 920 853 990 γὰρ,
879 921 928 973 εί
957 920 1050 973 καὶ
1077 922 1135 974 ὲν
1177 920 1340 990 σαρκί
1370 921 1509 974 είσιν
1534 936 1549 986 ;
1590 918 1751 971 Ἀλλά
1778 920 1811 988 ἡ
1837 916 1952 988 ζωὴ

368 1025 548 1096 ἐκείνη
576 1024 609 1094 ἡ
644 1023 883 1093 σαρκικὴ
912 1021 1183 1086 ἀπώλετο,
1211 1022 1306 1075 καὶ
1340 1021 1547 1076 ἀνωθεν
1579 1018 1951 1091 ἐγεννήθημεν

367 1123 426 1174 ὲν
455 1119 757 1191 Πνεύματι,
790 1121 884 1172 καὶ
930 1119 1126 1190 ἑτέραν
1168 1118 1389 1191 οἴδαμεν
1426 1117 1701 1172 πολιτείαν
1739 1117 1834 1170 καὶ
1875 1115 1952 1169 δι-

366 1221 591 1292 αγωγὴν
607 1221 703 1273 καὶ
726 1218 873 1291 ζωὴν
892 1221 986 1273 καὶ
1006 1218 1342 1273 κατάστασιν
1355 1219 1455 1290 τὴν
1479 1222 1536 1272 ὲν
1553 1220 1664 1281 τοῖς
1679 1217 1944 1290 οὐρανοῖς.

367 1323 475 1376 Καὶ
519 1321 684 1375 πάλιν
711 1320 903 1375 τούτου
933 1320 1098 1375 αὐτοῦ
1138 1320 1382 1393 ἀρχηγὸν
1419 1320 1512 1376 τὸν
1550 1319 1786 1391 Χριστὸν
1818 1318 1949 1371 ὄντα

360 1423 606 1476 δείκνυσι
635 1438 649 1453 ·
689 1420 771 1475 διὸ
801 1421 894 1475 καὶ
936 1421 1241 1492 ἐπήγαγεν,
1277 1422 1348 1475 ει
1380 1420 1450 1474 δὲ
1477 1421 1576 1474 καὶ
1606 1421 1950 1491 ἐγνώκαμεν

366 1523 517 1576 κατὰ
542 1520 744 1590 σάρκα
768 1519 1051 1590 Χριστόν,
1090 1520 1256 1575 ἀλλά
1282 1521 1401 1574 νῦν
1428 1520 1629 1575 οὐκέτι
1657 1520 1949 1592 γινώσκο-

360 1639 494 1692 μεν.
1715 1636 1718 1640 '

434 1785 502 1857 β’.
520 1784 586 1839 Τί
614 1781 730 1850 οὖν,
749 1785 873 1840 είπέ
890 1799 1014 1857 μοι;
1031 1783 1133 1855 τὴν
1148 1785 1592 1858 σάρκαάπέθετο,
1607 1785 1705 1839 καὶ
1729 1784 1824 1840 νῦν
1847 1784 1948 1837 οὐκ

369 1887 487 1942 ἔστι
512 1885 653 1959 μετά
670 1884 767 1940 τοῦ
794 1886 1049 1958 σώματος
1069 1902 1087 1951 ;
1118 1882 1334 1955 Ἄπαγε
1353 1902 1369 1919 ·
1398 1886 1493 1940 καὶ
1516 1885 1627 1958 γὰρ
1647 1885 1742 1938 καὶ
1771 1882 1866 1937 νῦν
1888 1884 1946 1936 ιν

365 1990 528 2062 σαρκί
558 1991 727 2043 ἐστιν.
758 1983 950 2054 Οὗτος
994 1987 1107 2060 7&9
1138 1990 1172 2042 ὁ
1226 1986 1469 2056 Ἰησοῦς
1509 1989 1542 2040 ὁ
1574 1983 1947 2055 ἀναληφθεὶς

362 2089 467 2158 ἀφ’
499 2085 666 2157 ὑμῶν
691 2088 780 2154 είς
800 2085 913 2140 τὸν
935 2083 1222 2154 οὐρανόν,
1248 2084 1432 2148 οὕτως
1459 2084 1797 2139 ἐλεύσεται.
1831 2081 1948 2135 Οὕ-

363 2205 447 2243 τω
471 2204 489 2219 ·
523 2188 680 2255 πῶς;
719 2188 809 2243 Ἐν
849 2187 1034 2260 σαρκὶ,
1080 2186 1219 2258 μετά
1254 2186 1347 2240 τοῦ
1382 2185 1653 2256 σώματος.
1689 2184 1815 2247 Πῶς
1854 2177 1946 2237 οὖν

365 2306 552 2360 φησιν,
576 2290 648 2343 El
674 2288 743 2342 δὲ
770 2287 871 2344 καὶ
900 2287 1250 2358 ἐγνώκαμεν
1272 2288 1422 2343 κατὰ
1439 2287 1639 2356 σάρκα
1664 2284 1944 2355 Χριστὸν,

362 2388 523 2443 ἀλλὰ
546 2387 665 2444 νῦν
694 2386 897 2444 οὐκέτι
912 2404 934 2455 ;
968 2386 1155 2459 Ἦμῶν
1188 2386 1288 2459 μὲν
1317 2385 1428 2457 γὰρ
1452 2385 1513 2440 τὸ
1538 2385 1701 2442 Κατὰ
1726 2382 1944 2452 σάρκα,

362 2491 423 2543 τό
446 2491 503 2542 ὲν
526 2490 824 2561 ἁμαρτίαις
853 2484 1014 2555 εἶναι,
1044 2488 1106 2543 τὸ
1138 2488 1196 2542 δὲ
1225 2487 1323 2557 Μὴ
1351 2487 1503 2543 κατὰ
1533 2485 1753 2556 σάρκα,
1784 2486 1846 2541 τὸ
1873 2485 1948 2558 μὴ

363 2592 422 2644 ἐν
453 2590 764 2662 ἁμαρτίαις
782 2584 943 2645 εῖναι.
975 2585 1213 2659 Χριστοῦ
1235 2587 1293 2642 δὲ
1318 2587 1379 2641 τὸ
1409 2587 1548 2641 κατά
1576 2586 1777 2658 σάρκα,
1804 2586 1866 2640 τὸ
1890 2589 1947 2643 ὲν

362 2692 475 2755 τοῖς
499 2689 819 2762 παθήμασιν
846 2685 986 2743 εἶναι
1008 2688 1108 2759 τῆς
1139 2685 1377 2757 φύσεως,
1409 2679 1544 2752 οἷον,
1578 2687 1638 2738 ὲν
1662 2684 1742 2757 τῷ
1764 2684 1945 2756 διψῇν,

362 2794 422 2844 ἐν
443 2790 521 2864 τῷ
542 2793 755 2864 πεινῇν,
781 2790 840 2844 ὲν
863 2788 943 2859 τῷ
971 2789 1193 2858 κοπιᾷν.
1221 2787 1280 2841 ὲν
1305 2784 1383 2857 τῷ
1407 2783 1691 2838 καθεύδειν
1715 2782 1949 2855 (Ἃμαρ⁴

362 2892 498 2945 τίαν
519 2892 631 2962 γὰρ
659 2892 773 2946 οὐκ
798 2890 1110 2957 ἐποίησεν,
1134 2887 1277 2944 οὐδὲ
1308 2884 1522 2955 εὑρέθη
1554 2885 1739 2950 δόλος
1774 2884 1846 2938 ἐν
1868 2883 1949 2949 τῷ

362 2991 613 3060 στόματι
633 2988 846 3043 αὐτοῦ.
875 2988 967 3041 Διὸ
986 2988 1083 3041 καὶ
1104 2986 1284 3055 ἔλεγε,
1319 2985 1414 3050 Τίς
1437 2984 1506 3048 ἐξ
1528 2980 1697 3050 ὑμῶν
1714 2980 1960 3053 ἐλέγχει,

360 3107 436 3159 με
468 3091 600 3159 περὶ
629 3088 957 3159 (imprium
1004 3088 1101 3141 καὶ
1151 3086 1337 3151 πάλιν,
1372 3086 1652 3153 Ἔρχεται
1682 3085 1715 3137 ό
1747 3082 1949 3154 ἄρχων

365 3188 473 3243 τοῦ
503 3189 734 3259 κόσμου
763 3189 1002 3252 τούτου,
1038 3186 1136 3241 καὶ
1161 3186 1233 3240 ἐν
1263 3183 1395 3255 ἐμοὶ
1417 3186 1531 3239 οὐκ
1553 3185 1678 3254 ἔχει
1706 3182 1908 3254 οὐδέν)
1927 3198 1944 3214 ·

362 3289 428 3342 τὸ
452 3289 509 3342 δὲ
545 3287 621 3361 μή
664 3288 808 3342 κατά
856 3289 1057 3358 σάρκα,
1109 3287 1171 3339 τὸ
1215 3286 1312 3340 καὶ
1353 3284 1559 3339 τούτων
1605 3284 1948 3356 ἀπηλλάχθαι

368 3389 572 3456 λοιπὸν,
612 3390 673 3444 οὐ
727 3389 790 3442 τὸ
845 3388 1002 3452 ἐκτὸς
1054 3386 1258 3459 σαρκὸς
1305 3381 1468 3443 εἶναι.
1504 3387 1610 3440 Καὶ
1664 3384 1771 3456 γὰρ
1811 3383 1950 3456 μετά

366 3491 570 3561 ταύτης
599 3490 816 3563 ἔρχεται
860 3490 1062 3561 κρίνων
1094 3490 1195 3561 τὴν
1242 3488 1590 3560 οἰκουμένην,
1621 3486 1809 3559 ἀπαθῆ
1848 3487 1948 3539 αὐ-

366 3593 463 3666 τὴν
488 3592 629 3665 ἔχων
655 3592 751 3648 καὶ
778 3592 1058 3663 ἀκήρατον
1081 3605 1093 3620 ⁸
1126 3591 1207 3654 είς
1236 3588 1265 3643 ὃ
1291 3590 1387 3643 καὶ
1406 3591 1567 3661 ἡμεῖς
1593 3587 1948 3660 βαδιούμεθα,

368 3693 693 3766 συμμόρφου
727 3692 824 3747 τοῦ
858 3690 1108 3763 σώματος
1133 3692 1267 3761 ἡμῖν
1302 3689 1595 3761 γενομένου
1623 3688 1701 3760 τῷ
1736 3687 1948 3759 σώματι

364 3796 466 3868 τῆς
499 3795 658 3867 δόξης
712 3791 901 3849 αὐτοῦ.
958 3793 1142 3848 Ὥστε
1177 3790 1233 3845 εί
1264 3808 1356 3858 τις
1401 3790 1472 3843 ἐν
1503 3787 1733 3857 Χριστῷ
1768 3785 1946 3855 καινὴ

365 3901 584 3965 κτίσις.
621 3894 842 3966 Ἐπειδὴ
868 3893 978 3966 7&9
999 3891 1109 3947 ἀπὸ
1138 3891 1238 3962 τῆς
1258 3890 1484 3959 ἀγάπης
1510 3886 1847 3959 προέτρεψεν
1867 3887 1948 3950 εις

365 4000 467 4070 τὴν
488 3997 709 4071 ἀρετὴν,
731 3995 918 4050 λοιπὸν
943 3993 1036 4048 καὶ
1063 3992 1124 4058 ἐξ
1148 3989 1330 4045 αὐτῶν
1355 3988 1468 4043 τῶν
1490 3989 1841 4061 πραγμάτων
1865 3990 1948 4052 εις

363 4098 530 4154 τοῦτο
552 4098 736 4166 ἀνάγει
754 4112 770 4127 ·
797 4094 880 4149 διὸ
913 4093 1009 4148 καὶ
1035 4092 1338 4162 ἀπήγαγεν,
1382 4089 1456 4145 Et
1482 4106 1576 4155 τις
1598 4089 1670 4143 ἐν
1710 4087 1949 4158 Χριστῷ

364 4197 549 4267 καινὴ
575 4197 790 4263 κτίσις.
820 4194 888 4248 El
904 4211 988 4258 τις
1016 4192 1167 4265 [515]
1195 4193 1518 4247 ἐπίστευσεν
1546 4190 1719 4262 αὐτῷ,
1754 4192 1943 4262 φησιν,

362 4302 444 4365 εἰς
455 4299 650 4372 ἑτέραν
661 4292 792 4367 ἦλθε
809 4294 1191 4367 δημιουργίαν·
1213 4291 1430 4363 καὶγὰρ
1451 4289 1659 4346 ἀνωθεν
1680 4291 1942 4364 ἐγεννήθη

363 4402 452 4455 διά
489 4397 826 4467 Πνεύματος.
868 4395 1035 4448 Ὥστε
1059 4394 1154 4447 καὶ
1186 4392 1276 4447 διά
1302 4390 1483 4458 τοῦτο,
1507 4392 1694 4462 φησὶν,
1726 4392 1942 4463 ὀφείλο-

360 4486 467 4569 μεν
513 4497 662 4569 αὐτῷ
707 4496 828 4567 ζῇν,
876 4493 976 4564 οὐχ
1022 4495 1105 4548 ὅτι
1153 4495 1252 4546 οὐκ
1295 4493 1460 4564 ἐσμὲν
1504 4491 1713 4547 ἑαυτῶν
1760 4491 1940 4564 μόνον,

363 4600 469 4653 οὐδ’
496 4601 579 4653 ότι
628 4596 898 4652 ἀπέθανεν
951 4594 1091 4664 ὑπὲρ
1148 4592 1310 4664 ἡμῶν
1351 4593 1530 4664 μόνον,
1572 4593 1681 4647 οὐδ’
1723 4595 1805 4647 ὅτι
1842 4594 1941 4649 ἀν-

362 4701 588 4773 έστησεν
620 4699 778 4771 ἡμῶν
811 4697 909 4769 τὴν
939 4695 1191 4767 ἀπαρχὴν
1228 4694 1410 4764 μόνον,
1460 4694 1574 4749 ἀλλ’
1605 4696 1688 4750 ὅτι
1718 4697 1815 4751 καὶ
1859 4698 1942 4763 είς

362 4805 529 4874 ἀλλην
554 4800 789 4874 ἡλθομεν
811 4798 975 4868 ζωήν.
1011 4797 1156 4868 Ὅρα
1185 4795 1330 4850 πόσα
1352 4794 1696 4867 δικαιώματα
1719 4797 1812 4850 τοῦ
1843 4816 1942 4852 κα-

362 4901 469 4967 λῶς
496 4900 594 4973 ζῇν
614 4897 819 4969 τίθησι.
851 4896 950 4950 Διά
974 4895 1083 4967 7&9
1113 4893 1271 4948 τοῦτο
1303 4893 1397 4946 καί
1425 4892 1720 4965 παχυτέρῳ
1742 4895 1943 4967 όνόμα-

358 5019 413 5057 τι
451 5002 605 5055 καλεῖ
630 4999 730 5070 τὴν
764 4995 1081 5068 διόρθωσιν,
1115 4996 1204 5049 ἵνα
1228 4992 1429 5065 πολλὴν
1455 4992 1606 5066 δείξῃ
1643 4994 1743 5066 τὴν
1772 5000 1938 5067 μετά-

359 5119 551 5157 στασιν
578 5099 676 5155 καὶ⁵
702 5098 802 5170 τὴν
836 5095 1159 5169 μεταϐολήν.
1199 5090 1336 5149 Εἶτα
1365 5096 1677 5168 περαιτέρω
1705 5097 1937 5164 ἐπεξιὼν

357 5203 436 5274 τῷ
468 5200 764 5274 είρημένῳ,
793 5198 890 5253 καὶ
912 5197 1127 5260 δεικνὺς
1149 5194 1265 5259 πῶς
1295 5195 1460 5266 καινὴ
1495 5196 1693 5261 κτίσις,
1732 5199 1806 5252 Τὰ
1834 5200 1937 5267 ἀρ-

359 5304 501 5374 χαῖα
530 5299 827 5371 παρῆλθε,
853 5296 1020 5370 φησὶν
1040 5337 1056 5362 ,
1085 5295 1215 5353 ίδοὺ
1242 5296 1452 5366 γέγονε
1482 5296 1658 5351 καινὰ
1688 5298 1761 5352 τὰ
1786 5298 1937 5353 πάν-

358 5423 454 5463 τα.
487 5405 624 5459 Ποῖα
667 5403 903 5474 ἀρχαῖα;
931 5398 1089 5452 Ἤτοι
1136 5397 1205 5450 τά
1242 5396 1615 5468 ἁμαρτήματά
1640 5415 1795 5470 φησι,
1843 5401 1939 5454 καὶ⁹

359 5508 460 5571 τὰς
490 5504 768 5568 ἀσεϐείας,
790 5503 825 5573 ἢ
862 5501 930 5555 τά
972 5499 1236 5553 Ἰουδαϊκὰ
1267 5499 1445 5553 πάντα
1464 5516 1476 5528 ·
1515 5498 1714 5568 μᾶλλον
1751 5501 1808 5554 δὲ
1843 5503 1937 5555 καὶ

360 5606 536 5663 ταῦτα
557 5606 787 5660 κάκεῖνά
809 5623 994 5676 φησιν.
1043 5606 1198 5661 Ἰδοὺ
1235 5607 1440 5678 γέγονε
1471 5607 1542 5661 τὰ
1579 5609 1776 5665 πάντα
1812 5628 1935 5666 και-

361 5716 458 5770 νά.
498 5714 574 5768 Τὰ
599 5712 668 5766 δὲ
696 5712 889 5768 πάντα
912 5712 979 5768 ἐκ
1012 5713 1115 5767 τοῦ
1154 5712 1319 5769 Θεοῦ.
1350 5712 1512 5768 Οὐδὲν
1536 5714 1593 5780 ἐξ
1621 5716 1791 5785 ἡμῶν.
1827 5718 1933 5773 Καὶ

1358 308 1684 369 ιΝΕριδτ.
1740 309 1782 364 ll
1841 308 1935 362 AD
1970 307 2147 365 ουκ.
2191 306 2428 363 HOMIL.
2472 307 2562 363 XI.

3526 311 3637 368 476

2035 423 2176 493 7&9
2204 422 2401 493 ἄφεσις
2436 420 2857 492 ἁμαρτημάτων
2884 418 2978 475 καὶ
3015 420 3255 474 υίοθεσία
3302 420 3395 474 καὶ
3431 422 3464 491 ἡ
3507 422 3636 489 δόξα

2054 521 2328 592 ἄφθαρτος
2353 520 2413 585 ἐξ
2447 519 2613 575 αὑτοῦ
2644 521 2779 591 ἡμῖν
2813 518 3133 590 δεδώρηται.
3164 520 3363 573 Οὐκέτι
3393 519 3503 591 γὰρ
3531 523 3638 574 ἀπὸ

2056 621 2166 675 τῶν
2199 621 2499 691 μελλόντων
2531 621 2712 691 μόνον,
2750 620 2886 674 ἀλλά
2933 621 3026 673 καὶ
3068 620 3177 675 ἀπὸ
3203 620 3312 674 τῶν
3353 624 3638 693 παρόντων

2058 721 2259 785 αὐτοὺς
2290 721 2612 792 προτρέπει.
2643 721 2842 775 Σκόπει
2884 721 2942 774 δέ
2977 739 2989 752 ·
3017 715 3171 775 εἶπεν
3201 763 3215 786 ,
3247 721 3329 775 ὅτι
3373 724 3639 793 μέλλομεν

2060 823 2400 887 ἀνίστασθαι,
2450 822 2544 875 καὶ
2590 823 2667 885 είς
2714 822 3022 892 ἀφθαρσίαν
3074 824 3293 893 χωρεῖν,
3339 824 3433 876 καὶ
3463 826 3639 877 οίκίαν

2056 924 2203 993 ἔχειν
2232 922 2448 975 αἰώνιον
2473 937 2486 953 ο
2512 919 2627 973 ἀλλ’
2655 918 2843 990 ἐπειδὴ
2872 919 3095 990 μείζονα
3124 922 3277 991 ἰσχὺν
3308 924 3389 985 είς
3414 923 3475 975 τὸ
3504 940 3639 994 προ-

2058 1022 2253 1093 τρέψαι
2286 1021 2484 1091 ἔχειτὰ
2508 1019 2749 1091 παρόντα
2776 1019 2884 1074 τῶν
2914 1020 3215 1090 μελλόντων
3247 1022 3381 1091 πρὸς
3410 1023 3536 1085 τοὺς
3563 1022 3641 1093 μὴ

2059 1117 2410 1181 πιστεύοντας
2440 1117 2672 1182 τούτοις,
2712 1117 2787 1181 ὡς
2810 1118 2889 1170 δεῖ
2916 1118 3216 1187 πιστεύειν,
3243 1118 3512 1173 δείκνυσιν
3541 1123 3640 1175 ὅσα

2058 1216 2152 1271 καὶ
2173 1216 2277 1288 ἤδη
2307 1214 2522 1283 έλαὸον,
2552 1214 2650 1271 καὶ
2668 1214 2815 1279 τίνες
2844 1215 3018 1279 ὄντες.
3051 1216 3207 1279 Τίνες
3225 1213 3318 1270 οὖν
3339 1217 3492 1282 ὄντες
3515 1218 3640 1273 ἐλα-

2058 1314 2190 1383 δον;
2226 1316 2432 1388 Νεκροί
2462 1315 2663 1379 πάντες
2695 1315 2927 1386 (Πάντες
2958 1316 3088 1388 7&9,
3124 1317 3309 1386 φησὶν,
3346 1317 3639 1382 ἀπέθανον,

2057 1412 2153 1467 καὶ
2206 1412 2347 1486 ὑπὲρ
2390 1414 2608 1469 πάντων
2652 1414 2951 1469 ἀπέθανεν·
3001 1415 3146 1470 οὕτω
3186 1417 3396 1479 πάντας
3441 1418 3641 1488 ὁμοίως

2055 1513 2287 1587 ἡγάπα),
2315 1514 2760 1587 πεπαλαιωμένοι
2786 1555 2801 1581 ,
2841 1516 3217 1587 γεγηρακότες
3252 1516 3492 1581 ἀπαντες
3532 1519 3644 1580 τοῖς

2056 1618 2265 1680 κακοῖς.

2139 1780 2279 1834 Ἀλλ’
2333 1780 2442 1834 ἰδοὺ
2489 1781 2586 1833 καὶ
2634 1780 2784 1850 ψυχὴ
2815 1779 2977 1850 καινὴ
3005 1780 3309 1851 (ἐκαθάρθη
3345 1782 3475 1852 γὰρ)
3496 1824 3510 1848 ,
3545 1779 3642 1838 καὶ

2058 1879 2219 1951 σῶμα
2261 1880 2469 1945 καινὸν,
2525 1882 2621 1933 καὶ
2668 1880 2897 1952 λατρεία
2934 1881 3118 1952 καινὴ,
3178 1882 3274 1934 καὶ
3317 1882 3641 1950 ἐπαγγελίαι

2057 1981 2269 2047 καιναὶ,
2322 1983 2418 2035 καὶ
2468 1981 2727 2052 διαθήκη,
2781 1982 2875 2034 καὶ
2905 1981 3041 2052 ζωή,
3104 1982 3201 2034 καὶ
3240 1981 3512 2052 τράπεζα,
3546 1983 3641 2036 κα)⁸

2056 2080 2254 2152 στολὴ,
2300 2081 2398 2134 καὶ
2427 2080 2609 2135 πάντα
2653 2080 2818 2133 καινὰ
2855 2078 3062 2141 ἁπλῶς.
3106 2080 3217 2133 Καὶ
3251 2080 3361 2152 γὰρ
3389 2080 3512 2134 ἀντὶ
3539 2082 3639 2151 τῆς

2054 2187 2206 2242 κάτω
2236 2186 2547 2259 Ἱερουσαλὴ
2557 2204 2596 2257 μ
2621 2186 2885 2259 ὲλάὸομεν
2909 2186 3009 2258 τὴν
3035 2185 3146 2240 ἄνω
3176 2183 3527 2257 μητρόπολιν,
3546 2187 3641 2239 καὶ

2008 2300 2017 2308 ·
2053 2286 2176 2341 ἀντὶ
2203 2287 2332 2343 ναοῦ
2378 2286 2641 2359 αἰσθητοῦ
2675 2287 2803 2341 ναὸν
2845 2287 3058 2357 εἴδομεν
3087 2286 3482 2356 πνευματικὸν.
3518 2288 3642 2340 ἀντὶ

2057 2385 2284 2443 πλακῶν
2331 2386 2551 2441 λιθίνων
2594 2385 2889 2457 σαρκίνας,
2919 2385 3044 2441 dum.
3096 2388 3405 2456 περιτομῆς
3447 2384 3640 2454 βάπτι-

2057 2507 2192 2562 σμα,
2242 2489 2366 2545 ἀντὶ
2395 2489 2491 2544 τοῦ
2527 2489 2705 2562 μάννα
2727 2489 2890 2561 σῶμα
2927 2488 3277 2553 Δεσποτικὸν,
3304 2489 3425 2542 ἀντὶ
3449 2489 3641 2553 ὓδατος

2052 2590 2163 2645 ἀπὸ
2188 2591 2394 2663 πέτρας
2410 2586 2551 2661 αἷμα
2569 2589 2677 2644 ἀπὸ
2705 2589 2967 2661 πλευρᾶς,
2986 2591 3109 2647 ἀντὶ
3143 2589 3339 2661 ῥάϐδου
3360 2590 3640 2652 Μωῦσέως

2053 2693 2088 2763 ἢ
2132 2691 2344 2764 ’Δαρὼν
2364 2693 2456 2747 τὸν
2488 2695 2723 2765 σταυρὸν
2749 2732 2764 2757 ,
2795 2693 2919 2746 ἀντὶ
2958 2692 3065 2762 γῆς
3098 2692 3199 2762 τῆς
3242 2691 3580 2760 ἐπαγγελίας
3609 2703 3636 2730 ιι

2053 2796 2153 2869 τήν
2199 2795 2477 2866 βασιλείαν
2543 2794 2654 2849 τῶν
2701 2793 2968 2866 οὐρανῶν,
3019 2795 3141 2848 ἀντὶ
3188 2793 3398 2865 μυρίων
3451 2794 3641 2862 ἱερέων

2031 2897 2151 2951 ’ἕνα
2188 2896 2488 2970 ἀρχιερέα,
2520 2896 2647 2951 ἀντὶ
2683 2894 2860 2965 ἀμνοῦ
2894 2895 3095 2963 ἀλόγου
3138 2894 3311 2965 ἀμνὸν
3336 2909 3638 2964 πνευματι-

2055 2998 2170 3053 κόν.
2198 2997 2242 3050 Τ
2245 2997 2386 3052 αῦτα
2417 2997 2509 3051 καὶ
2528 2994 2833 3050 τὰτοιαῦτα
2863 2995 3208 3066 λογιζόμενος
3238 2993 3412 3061 ἔλεγε,
3455 2994 3644 3048 Καινά

2055 3098 2130 3153 τὰ
2157 3096 2377 3152 πάντα.
2428 3097 2620 3152 Ταῦτα
2649 3095 2717 3149 δὲ
2752 3095 2951 3151 πάντα
2977 3095 3044 3150 ἐκ
3072 3095 3182 3149 τοῦ
3214 3093 3363 3149 Θεοῦ
3386 3093 3474 3146 διὰ
3510 3094 3643 3162 Χρι-

2058 3196 2189 3252 στοῦ
2237 3198 2333 3252 καὶ
2374 3197 2477 3269 τῆς
2506 3196 2673 3252 αὐτοῦ
2702 3197 2932 3269 δωρεᾶς.
2962 3196 3054 3250 Διὸ
3079 3195 3174 3249 καὶ
3198 3196 3448 3267 ἐπήγαγε
3470 3209 3484 3224 ⁸
3531 3194 3640 3248 Τοῦ

2055 3300 2552 3367 καταδιώξαντος
2575 3298 2734 3369 ἡμᾶς
2756 3297 2952 3364 ἐαυτῷ
2977 3296 3076 3351 διὰ
3096 3296 3204 3351 τοῦ
3234 3294 3516 3365 Χριστοῦ,
3542 3293 3639 3346 καὶ

2055 3401 2277 3467 δόντος
2323 3399 2470 3468 ἡμῖν
2526 3397 2644 3469 τὴν
2693 3396 3014 3453 διακονίαν
3054 3395 3167 3465 τῆς
3215 3392 3638 3463 καταλλαγῆς.

2067 3501 2203 3556 Ἀπὸ
2252 3500 2360 3573 γάρ
2402 3499 2592 3554 τούτου
2647 3499 2826 3553 πάντα
2856 3498 2926 3551 τὰ
2957 3496 3162 3567 ἀγαθά.
3207 3497 3266 3550 '0
3304 3496 3413 3567 γὰρ
3453 3496 3641 3566 φίλους

2052 3605 2204 3673 ἡμᾶς
2229 3602 2501 3672 ποιήσας,
2534 3600 2699 3664 αὐτὸς
2743 3602 2841 3654 καὶ
2885 3599 2994 3653 τῶν
3025 3599 3203 3655 ἀλλων
3230 3598 3431 3664 αίτιος,
3467 3598 3505 3654 ἀ
3524 3598 3635 3660 τοῖς

2053 3703 2230 3773 φίλοις
2254 3702 2455 3756 ἔδωκεν
2480 3704 2509 3756 ό
2545 3700 2698 3765 Θεός.
2737 3701 2813 3755 Οὐ
2844 3700 2955 3771 7&9
2989 3701 3151 3769 ἀφεὶς
3176 3701 3362 3771 μένειν
3387 3698 3635 3771 ἐχθροὺς,

2052 3803 2228 3866 οὕτως
2259 3802 2413 3874 ἡμᾶς
2440 3799 2735 3872 ἠμείψατο,
2774 3798 2911 3854 ἀλλά
2944 3797 3138 3868 φίλους
3165 3799 3402 3867 ποιήσας
3435 3795 3632 3866 ἑαυτῷ.

2061 3898 2233 3959 Ὅταν
2256 3903 2315 3957 δὲ
2343 3903 2510 3967 είπω,
2549 3902 2630 3955 ὅτι
2661 3899 2903 3971 Χριστὸς
2931 3900 3106 3961 αἴτιος
3142 3897 3241 3968 τῆς
3267 3897 3633 3965 καταλλαγῆςν

2055 4005 2150 4059 καὶ
2181 4004 2272 4057 τὸν
2305 4001 2533 4073 Πατέρα
2554 4000 2700 4069 λέγω
2725 4017 2740 4032 σ
2774 3998 2903 4052 ὅταν
2931 4000 3072 4052 εἴπω
3104 3997 3195 4051 τὸν
3221 3996 3441 4067 Πατέρα
3474 3995 3635 4048 δεδω-

2053 4105 2228 4167 κέναι,
2273 4103 2363 4156 καὶ
2413 4101 2505 4155 τὸν
2550 4099 2681 4154 Υίδν
2716 4099 2881 4170 λέγω.
2931 4098 3134 4153 Πάντα
3177 4098 3288 4170 γὰρ
3343 4097 3418 4151 δι’
3446 4095 3633 4152 αὐτοῦ

2050 4200 2318 4272 ἐγένετο·
2356 4197 2449 4253 καὶ
2485 4198 2674 4251 τούτου
2716 4197 2773 4250 δὲ
2817 4197 2976 4260 αὐτὸς
3003 4195 3157 4269 [516]
3182 4195 3372 4258 αἴτιος.
3410 4195 3484 4248 Οὐ
3526 4194 3634 4265 γὰρ

2052 4304 2214 4374 ἡμεῖς
2232 4298 2381 4370 αὐτῷ
2401 4298 2882 4370 προσεδράμομεν,
2900 4297 3014 4350 ἀλλ’
3031 4297 3197 4360 αὐτὸς
3216 4296 3360 4366 ἡμᾶς
3378 4295 3630 4348 ἐκάλεσε.

2053 4404 2177 4468 Πῶς
2198 4402 2454 4469 ὲκάλεσε;
2485 4403 2585 4455 Διά
2601 4402 2697 4472 τῆς
2714 4400 2807 4453 τοῦ
2830 4400 3067 4471 Χριστοῦ
3083 4399 3326 4469 σφαγῆς.
3350 4399 3457 4452 Καὶ
3494 4398 3633 4451 δόν-

2049 4524 2152 4572 τος
2194 4505 2341 4575 ἠμῖν
2370 4504 2486 4573 τὴν
2506 4503 2828 4557 διακονίαν
2875 4500 2984 4570 τῆς
3018 4500 3426 4570 καταλλαγῆς.
3464 4500 3632 4554 Πάλιν

2049 4605 2283 4660 ἐνταῦθα
2318 4604 2562 4658 δείκνυσι
2610 4602 2673 4656 τὸ
2714 4601 2822 4657 τῶν
2873 4601 3187 4656 ἀποστόλων
3229 4600 3469 4669 ἀξίωμα,
3519 4599 3630 4652 δει-

2048 4705 2181 4770 κνὺς
2202 4704 2393 4776 ἡλίκον
2418 4706 2653 4775 πρᾶγμα
2674 4701 3144 4774 ὲνεχειρίσθησαν,
3181 4700 3393 4768 καὶτῆς
3409 4699 3627 4768 ἀγάπης

2044 4804 2144 4860 τοῦ
2194 4804 2329 4859 Θεοῦ
2389 4806 2488 4876 τὴν
2532 4803 2862 4876 ὑπερϐολήν.
2910 4800 3045 4855 Οὐδὲ
3070 4801 3219 4871 7&9,
3255 4799 3443 4869 ἐπειδὴ
3483 4815 3598 4865 παρ

2047 4908 2292 4980 ήκουσαν
2341 4904 2437 4958 τοῦ
2486 4904 2733 4966 ἐλθόντος
2761 4901 3124 4970 πρεσϐευτοῦ,
3162 4900 3487 4971 παρωξύνθη
3532 4900 3626 4952 καὶ

2047 5007 2261 5077 ἀφῆκεν
2301 5005 2522 5069 αὐτοὺς,
2572 5003 2691 5057 ἀλλ’
2742 5002 2995 5073 ἐπιμένει
3043 5003 3383 5074 παρακαλῶν
3414 5001 3510 5056 καὶ
3555 4998 3623 5055 δι’

2047 5107 2243 5162 ἑαυτοῦ
2280 5106 2375 5160 καὶ
2403 5106 2472 5159 δι’
2504 5103 2732 5174 ἑτέρων.
2771 5103 2869 5166 Τίς
2898 5102 2965 5157 ἂν
2997 5103 3205 5173 ταύτην
3222 5103 3389 5171 ἀξίως
3416 5103 3621 5156 ἐκπλαε-

2044 5208 2170 5278 γείη
2204 5207 2304 5277 τὴν
2336 5204 2703 5277 κηδεμονίαν;
2752 5202 2998 5275 Ἐσφάγη
3028 5205 3056 5257 ό
3085 5205 3213 5268 Υἱὸς
3238 5206 3328 5257 ἐπὶ
3354 5203 3624 5257 καταλλα-

2044 5308 2146 5378 γὰς
2173 5304 2362 5372 ἐλθὼν,
2392 5305 2420 5358 ὁ
2448 5306 2668 5376 γνήσιος
2698 5305 2790 5358 καὶ
2820 5304 3137 5377 μονογενὴς,
3172 5307 3264 5358 καὶ
3294 5304 3414 5356 οὐδὲ
3446 5301 3621 5368 οὕτως

2043 5406 2372 5477 ἀπεστράφη
2417 5405 2545 5468 τοὺς
2591 5384 2941 5481 ἀνῃρηκότας
2965 5408 2993 5461 ὁ
3022 5408 3214 5478 Πατὴρ
3234 5446 3250 5471 ,
3281 5407 3403 5459 οὐδὲ
3441 5402 3617 5471 εἷπεν,

2048 5504 2311 5574 Ἔπεμψα
2350 5501 2441 5557 τὸν
2484 5502 2612 5557 Υίόν
2659 5520 2761 5574 μου
2815 5505 3312 5575 πρεσϐευσόμενον,
3350 5508 3401 5559 οί
3455 5507 3512 5561 δὲ
3554 5508 3615 5561 ού

2103 5757 2129 5787 ⁸
2166 5751 2421 5815 chchalur
2447 5755 2545 5802 ἀντὶ
2586 5760 2668 5811 τῆς
2708 5750 2999 5815 ἐπαγγελίας.
