4090 6216
497 335 604 392 477

503 457 666 527 μτᾶνον
699 452 798 508 οὐκ
838 450 1110 522 ἡθέλησαν
1153 442 1424 504 ἀκοῦσαι,
1446 439 1584 494 ἀλλά
1612 438 1706 494 καὶ
1740 437 1952 492 ἀνεῖλον
1973 436 2072 490 καὶ

500 544 857 616 ἐσταύρωσαν
885 558 898 572 ·
936 537 1084 604 ἄξιον
1143 533 1342 596 αὐτοὺς
1391 533 1610 600 ἀφεῖναι
1672 529 1889 582 λοιπόν·
1937 527 2074 581 ἀλλά

501 641 812 697 τούναντίον
844 636 1027 697 άπαν,
1068 630 1257 700 ἐπειδὴ
1305 630 1517 690 ἐκεῖνος
1559 623 1822 694 ἀπῆλθεν,
1857 624 1988 692 ἡμῖν
2013 625 2076 674 τὸ

506 735 742 805 πρᾶγμα
789 727 1102 782 ἐπίστευσε.
1161 722 1381 786 Δόντος
1421 719 1531 789 γὰρ
1566 717 1743 785 ἡμῖν,
1776 715 1931 786 φησὶ,
1961 712 2078 779 τὴν

503 800 817 879 διακονίαν
859 817 972 885 τῆς
1010 812 1422 881 καταλλαγῆς.
1469 811 1568 876 Ὠς
1605 809 1694 862 ὅτι
1719 807 1864 868 Θεὸς
1901 800 1981 874 ἧν
2008 804 2078 856 ἐν

503 910 732 983 Χριστῷ
764 912 998 976 κόσμον
1033 902 1478 960 καταλλάσσων
1507 899 1718 962 ἐαυτῷ,
1739 897 1825 966 μὴ
1855 895 2079 964 λογιζό-

498 981 681 1074 μενος
749 997 954 1062 αὐτοῖς
1002 995 1077 1048 τὰ
1133 989 1578 1060 παραπτώματα
1641 987 1859 1042 αὐτῶν.
1926 981 2080 1047 Εἶδες

513 1094 735 1163 ἀγάπην
780 1089 960 1143 πάντα
1003 1087 1182 1154 λόγον,
1226 1084 1406 1136 πάντα
1447 1079 1883 1149 ὐπερϐαίνουσαν
1909 1076 2079 1140 νοῦν;

503 1186 600 1248 Τίς
623 1187 651 1237 6
692 1180 1054 1252 ὑϐρισμένοςς
1091 1175 1284 1237 Αὐτός.
1329 1173 1426 1235 Τίς
1477 1172 1506 1222 ὁ
1539 1170 1755 1241 πρῶτος
1787 1166 1960 1220 ἐλθὼν
2003 1167 2082 1228 εἰς

504 1273 854 1338 καταλλαγάς
876 1290 890 1336 ;
917 1271 1109 1331 Αὐτός.
1130 1267 1242 1320 Καὶ
1271 1266 1378 1336 μὴν
1392 1264 1484 1316 τὸν
1505 1261 1632 1314 Υίὸν
1647 1259 1878 1330 έπεμψε,
1893 1257 2082 1327 φησὶν,

505 1369 607 1421 οὐκ
653 1366 816 1428 αὐτὸς
857 1360 1008 1434 ἦλθε.
1043 1360 1149 1412 Τὸν
1199 1357 1330 1410 Υἱὸν
1378 1355 1476 1426 μὲν
1506 1351 1771 1422 ἔπεμψεν,
1798 1351 1898 1403 οὐκ
1927 1348 2085 1410 αὐτὸς

505 1459 564 1512 δὲ
599 1453 900 1527 παρεκάλει
952 1452 1113 1522 μόνον
1137 1487 1152 1510 ,
1189 1446 1326 1501 ἀλλά
1367 1444 1460 1498 καὶ
1515 1444 1632 1512 μετ’
1685 1438 1852 1494 αὐτοῦ
1883 1441 1980 1490 καὶ
2013 1435 2084 1489 δι’

506 1548 674 1603 αὐτοῦ
710 1548 740 1599 6
780 1545 970 1614 Πατήρ
996 1558 1008 1572 ·
1041 1541 1121 1594 διὸ
1147 1540 1354 1608 ἔλεγεν,
1384 1537 1468 1590 ὃτι
1504 1535 1566 1588 '0
1597 1533 1740 1598 Θεὸς
1771 1527 1850 1600 ἦν
1870 1533 1903 1584 ό
1941 1545 2086 1582 κατ-

508 1639 844 1694 αλλάσσων
885 1632 1075 1698 ἑαυτῷ
1117 1631 1227 1686 τὸν
1255 1629 1497 1697 κόσμον
1526 1627 1596 1680 ἐν
1623 1621 1879 1691 Χριστῷ.
1914 1621 2086 1673 Τουτ-

510 1733 657 1795 έστι,
682 1727 774 1782 διά
816 1726 911 1781 τοῦ
936 1723 1196 1794 Χριστοῦ.
1242 1719 1463 1790 Ἐπειδὴ
1495 1716 1603 1786 γάρ
1633 1709 1755 1768 εἷπε
1778 1753 1794 1778 ,
1827 1712 1936 1766 Τοῦ
1955 1711 2092 1764 δόν-

512 1840 614 1887 τος
652 1819 798 1888 ἡμῖν
832 1815 948 1884 τὴν
981 1814 1297 1868 διακονίαν
1346 1809 1458 1877 τῆς
1498 1803 1923 1872 καταλλαγῆς,
1967 1804 2091 1856 ἐπι-

510 1910 794 1983 διορθώσει
813 1908 1082 1979 κέχρηται
1101 1945 1118 1969 ,
1149 1905 1324 1972 λέγων
1343 1920 1357 1934 ·
1393 1901 1486 1972 Μὴ
1511 1899 1794 1970 νομίσητε,
1823 1897 1904 1948 ὃτι
1929 1895 2093 1965 ἡμεῖς

513 2007 681 2074 ἐσμεν
699 2003 753 2054 οἰ
779 1999 873 2053 τοῦ
903 1999 1226 2068 πράγματος
1255 1993 1552 2048 αὐθένται·
1577 1988 1814 2044 διάκονοί
1832 1989 2001 2057 ἐσμεν
2021 2001 2035 2014 ·
2063 1985 2093 2036 6

512 2096 572 2148 δὲ
586 2095 649 2147 τὸ
659 2094 768 2146 πᾶν
785 2089 1154 2163 ἐργαζόμενος
1169 2086 1302 2148 Θεός
1312 2086 1481 2149 ἐστιν,
1497 2085 1526 2136 6
1547 2082 1633 2136 διά
1646 2079 1742 2134 τοῦ
1755 2074 2093 2145 Μονογενοῦς

512 2186 610 2258 τὴν
624 2188 771 2239 οίκου
781 2183 949 2254 μένην
965 2179 1325 2244 καταλλάξας.
1344 2176 1452 2229 Καὶ
1476 2175 1592 2237 πῶς
1610 2171 1946 2242 κατήλλαξεν
1966 2169 2096 2222 ἐαυ-

513 2276 624 2348 τῷ;
657 2275 817 2330 τοῦτο
843 2274 949 2344 γάρ
981 2273 1095 2325 ἐστι
1110 2269 1171 2323 τὸ
1191 2266 1526 2338 θαυμαστὸν,
1563 2267 1663 2335 οὐχ
1688 2265 1771 2317 ὃτι
1800 2264 1952 2333 φίλος
1974 2260 2096 2328 ἐγέ-

515 2387 636 2424 νετο
648 2368 828 2439 μόνον,
846 2366 1052 2420 ἀλλ’ὅτι
1074 2363 1167 2417 καὶ
1181 2361 1322 2414 οῦτω
1344 2359 1518 2428 φίλος.
1539 2357 1712 2412 Οῦτω·
1737 2353 1884 2420 πῶς;
1917 2352 2097 2421 Ἀφεὶς

523 2461 711 2523 αὐτοῖς
744 2458 814 2512 τά
837 2455 1214 2526 ἁμαρτήματα
1233 2467 1248 2480 ·
1284 2449 1459 2512 άλλως
1491 2448 1600 2519 γάρ
1629 2448 1730 2500 οὐκ
1753 2441 1821 2516 ἦν
1846 2461 1861 2475 ·
1891 2443 1972 2496 διὸ
2005 2443 2099 2495 καὶ

518 2551 788 2621 ἐπήγαγε,
812 2547 910 2615 Μὴ
933 2543 1318 2614 λογιζόμενος
1337 2541 1544 2608 αὐτοῖς
1567 2540 1639 2594 τὰ
1658 2536 2100 2608 παραπτώματα

519 2641 741 2700 αὐτῶν.
790 2640 903 2695 Καὶ
932 2638 1043 2708 γάρ
1087 2638 1136 2690 εἰ
1177 2635 1455 2706 ἠθέλησεν
1478 2633 1784 2700 ἀπαιτῆσαι
1809 2632 1967 2698 λόγον
1991 2629 2100 2682 τῶν

522 2730 1082 2805 πεπλημμελημένων
1108 2769 1124 2793 ,
1151 2730 1354 2790 πάντες
1399 2725 1465 2780 ἀν
1507 2721 1839 2793 ἀπωλόμεθα
1858 2739 1872 2753 ·
1900 2723 1950 2774 οἰ
1989 2721 2100 2789 γάρ

524 2829 728 2889 πάντες
771 2825 1067 2878 ἀπέθανον.
1117 2819 1259 2874 Ἀλλ’
1309 2819 1459 2889 ὅμως
1481 2815 1755 2869 τοσούτων
1793 2813 1964 2866 ὅντων
1992 2812 2100 2866 τῶν

527 2915 966 2989 ἁμαρτημάτων,
981 2914 1040 2967 οὐ
1063 2913 1224 2983 μόνον
1241 2911 1341 2964 οὐκ
1372 2907 1623 2978 ἀπῄτησε
1650 2904 1827 2971 δίκην,
1847 2903 1984 2958 ἀλλὰ
2008 2903 2104 2955 καὶ

527 3007 843 3080 κατηλλάγη
873 3023 888 3036 ·
925 3007 986 3058 οὐ
1024 3004 1186 3076 μόνον
1227 3003 1463 3073 ἀφῆκεν,
1494 2998 1611 3053 ἀλλ’
1638 2998 1760 3050 οὐδέ
1785 2995 2100 3064 ἐλογίσατο.

531 3101 692 3158 οὕτω
731 3101 826 3154 καὶ
865 3099 1010 3169 ἡμᾶς
1051 3095 1270 3165 ἀφιέναι
1309 3093 1417 3164 χρὴ
1451 3094 1565 3154 τοῖς
1607 3090 1843 3161 ἐχθροῖς,
1891 3088 1980 3141 ἵνα
2005 3086 2104 3156 τῆς

527 3195 698 3264 αὐτῆς
725 3193 820 3247 καὶ
853 3191 1007 3245 αὐτοὶ
1031 3187 1285 3259 τύχωμεν
1315 3185 1586 3254 ἀφέσεως.
1611 3181 1721 3235 Καὶ
1763 3179 2014 3250 θέμενος
2035 3177 2105 3231 ἐν

526 3282 676 3355 ἡμῖν
723 3281 830 3336 τὸν
868 3282 1055 3350 λόγον
1080 3278 1190 3346 τῆς
1215 3273 1624 3342 καταλλαγῆς.
1651 3272 1786 3326 Οὐδέ
1807 3270 1916 3342 γάρ
1944 3271 2106 3340 ἡμεῖς

529 3376 621 3430 ἐπί
658 3393 710 3428 τι
730 3373 988 3445 φορτικὸν
1021 3370 1258 3442 ἡλθομεν
1280 3367 1398 3435 νῦν,
1431 3365 1658 3420 ἀλλ’ἵνα
1682 3363 1868 3431 φίλους
1896 3363 2107 3425 πάντας

531 3468 849 3539 ποιήσωμεν
886 3463 964 3534 τῷ
1005 3462 1146 3532 Θεῷ.
1189 3457 1409 3529 Ἐπειδὴ
1451 3461 1561 3527 γάρ
1605 3457 1751 3525 ἐμοὶ,
1785 3453 1970 3524 φησὶν,
2004 3453 2107 3506 οὐκ

533 3558 888 3627 ἐπείσθησαν,
923 3553 1309 3625 παραμείνατε
1333 3547 1780 3620 παρακαλοῦντες
1807 3547 1984 3617 ὑμεῖς,
2003 3543 2109 3607 ἓως

532 3650 600 3706 ἀν
625 3647 871 3718 πείσητε.
901 3644 995 3698 Διὸ
1018 3644 1114 3698 καὶ
1153 3644 1462 3714 ἐπήγαγεν·
1502 3637 1684 3708 ’Υπὲρ
1709 3636 1967 3707 Χριστοῦ
1996 3631 2111 3690 οὖν

535 3737 959 3808 πρεσϐεύομεν
977 3777 993 3801 ,
1049 3735 1130 3802 ὡς
1209 3733 1314 3788 τοῦ
1390 3731 1538 3786 Θεοῦ
1613 3727 2111 3799 παρακαλοῦντος

533 3831 613 3884 δι’
641 3827 840 3898 ἡμῶν.
880 3827 1138 3898 Δεόμεθα
1172 3824 1328 3894 ὑπὲρ
1369 3821 1652 3892 Χριστοῦ,
1693 3818 2112 3890 καταλλάγητε

533 3917 616 3986 τῷ
649 3917 791 3983 Θεῷ.

604 4009 755 4084 [517]
789 4016 859 4078 γ’.
889 4007 1044 4073 Εἶδες
1072 4007 1187 4070 πῶς
1234 4002 1337 4078 ἦρε
1366 4005 1432 4058 τὸ
1472 4005 1726 4075 πρᾶγμα,
1758 4002 1849 4055 τὸν
1879 3999 2112 4072 Χριστὸν

531 4101 844 4172 εἰσαγαγὼν
881 4101 1096 4154 τιθέντα
1140 4099 1239 4169 τὴν
1283 4095 1562 4166 ἱκετηρίαν
1579 4093 1811 4163 ταύτηνς
1834 4092 2032 4162 μᾶλλον
2057 4092 2114 4145 δὲ

535 4195 658 4268 οὐχὶ
697 4195 791 4248 τὸν
828 4191 1064 4265 Χριστὸν
1114 4190 1294 4260 μόνον,
1324 4187 1462 4240 ἀλλά
1495 4187 1592 4240 καὶ
1633 4186 1725 4238 τὸν
1757 4185 2012 4254 Πατέρα;
2048 4185 2114 4236 Ὃ

536 4289 646 4359 γὰρ
675 4287 848 4356 λέγει,
882 4283 1040 4338 τοῦτὸ
1070 4286 1217 4336 ἐστιν
1237 4297 1251 4311 ·
1289 4278 1542 4350 Ἐπεμψε
1574 4277 1667 4331 τὸν
1701 4277 1830 4330 Υἰὸν
1863 4279 1890 4330 6
1924 4276 2115 4346 Πατὴρ

538 4377 941 4452 παρακαλέσαι,
973 4374 1069 4429 καὶ
1110 4370 1556 4444 πρεσϐεύσασθαι
1589 4367 1725 4441 πρὸς
1753 4367 1850 4439 τὴν
1877 4368 1986 4421 τῶν
2015 4369 2112 4422 ἀν-

541 4473 778 4545 θρώπων
799 4469 961 4539 φύσιν
983 4467 1125 4538 ὑπὲρ
1148 4465 1334 4521 αὑτοῦ.
1368 4463 1520 4518 Ἐπεὶ
1545 4458 1638 4516 οὖν
1662 4461 1890 4530 σφαγεὶς
1911 4461 2117 4524 ἐκεῖνος

542 4563 808 4635 ἀπῆλθεν,
834 4562 998 4632 ἡμεῖς
1027 4558 1381 4628 διεδεξάμεθα
1409 4556 1509 4627 τὴν
1533 4555 1849 4625 πρεσϐείαν,
1878 4555 1973 4607 καὶ
2001 4552 2116 4606 ἀντ’

543 4657 711 4711 αὐτοῦ
740 4658 835 4711 καί⁹
864 4655 960 4708 τοῦ
992 4652 1206 4721 Πατρὸς
1235 4648 1664 4719 παρακαλοῦμεν
1709 4648 1876 4716 ὑμᾶς.
1920 4644 2120 4698 Τοσού-

545 4765 640 4801 του
673 4748 901 4818 τιμᾶται
930 4742 993 4797 τὸ
1029 4742 1138 4795 τῶν
1180 4738 1485 4811 ἀνθρώπων
1533 4738 1719 4805 γένος,
1755 4737 1839 4789 ὅτι
1883 4737 1978 4789 καὶ
2028 4736 2120 4789 τὸν

547 4839 678 4893 Υἰὸν
707 4839 969 4899 ἐπέδωκε,
998 4835 1095 4889 καὶ
1122 4834 1296 4888 ταῦτα
1329 4829 1487 4893 εἰδὼς
1516 4831 1596 4883 ὅτι
1629 4829 1992 4899 σφαγήσεται,
2028 4829 2122 4882 καὶ

550 4930 880 4992 ἀποστόλους
924 4928 1072 4999 ἡμᾶς
1107 4925 1175 4978 δι’
1206 4925 1353 4995 ὑμᾶς
1403 4922 1679 4989 ἐποίησεν·
1716 4918 1857 4973 ὥστε
1900 4919 2121 4984 εἰκότως

551 5018 726 5084 ελεγε,
754 5018 957 5072 Πάντα
986 5016 1061 5070 δι’
1106 5016 1280 5084 ὑμᾶς.
1321 5015 1502 5083 ’Υπὲρ
1534 5011 1790 5083 Χριστοῦ
1829 5005 1943 5066 οὗν
1987 5023 2125 5079 πρε-

551 5111 868 5180 σϐεύομεν.
897 5108 1210 5170 Τουτέστιν,
1233 5109 1354 5160 ἀντὶ
1375 5107 1469 5160 τοῦ
1501 5104 1738 5176 Χριστοῦ
1757 5121 1769 5136 ⁸
1817 5107 1977 5176 ἡμεῖς
2019 5106 2126 5175 γὰρ

554 5197 924 5270 ἀνεδεξάμεθα
955 5199 1025 5253 τά
1056 5196 1287 5251 ἐκείνου.
1324 5197 1388 5250 Εἰ
1427 5197 1484 5249 δέ
1515 5197 1657 5266 μέγα
1685 5213 1767 5250 σοι
1800 5196 1948 5251 δοκεῖ
1972 5195 2129 5250 τοῦτο

556 5290 718 5356 εἶναι,
752 5291 985 5345 ἄκουσον
1027 5287 1123 5342 καὶ
1157 5286 1265 5340 τῶν
1305 5285 1453 5355 ἑξῆς,
1489 5285 1554 5338 δι’
1590 5279 1664 5340 ὧν
1712 5286 2016 5348 δείκνυσιν,
2047 5285 2128 5338 ὅτι

557 5386 658 5440 οὐκ
699 5383 816 5437 ἀντ’
848 5379 1013 5435 αὐτοῦ
1069 5378 1250 5451 μόνον,
1300 5376 1435 5432 άλλά
1470 5377 1560 5430 καὶ
1612 5377 1734 5429 ἀντὶ
1777 5377 1872 5430 τοῦ
1919 5375 2130 5444 Πατρὸς

559 5473 720 5530 τοῦτο
741 5473 974 5526 ποιοῦσι.
1001 5469 1102 5524 Διά
1127 5469 1239 5542 γάρ
1265 5468 1426 5523 τοῦτο
1447 5467 1538 5522 καὶ
1563 5469 1858 5538 ἐπήγαγεν,
1902 5466 1996 5528 Ὡς
2025 5463 2130 5516 τοῦ

565 5563 716 5618 Θεοῦ
760 5562 1254 5633 παρακαλοῦντος
1297 5561 1372 5614 δι’
1403 5560 1592 5630 ἡμῶν.
1634 5560 1708 5612 Οὐ
1749 5557 1858 5628 γάρ
1905 5555 1991 5608 διά
2037 5553 2130 5606 τοῦ

578 5653 617 5706 ι·
621 5651 701 5705 ἰοῦ
753 5651 918 5706 αὐτοῦ
965 5652 1276 5732 παρακαλεῖ
1327 5651 1507 5721 μόνον,
1540 5648 1678 5703 ἀλλά
1725 5649 1820 5701 καὶ
1861 5645 1927 5698 δι’
1976 5644 2133 5714 ἡμῶν

569 5743 678 5799 τῶν
703 5743 766 5797 τὸ
797 5742 1006 5798 ἐκείνου
1045 5743 1457 5814 ἀναδεξαμένων
1497 5741 1678 5811 ἔργον.
1711 5739 1806 5812 Μὴ
1837 5735 2016 5792 τοίνυν
2047 5753 2134 5791 νο-

1214 325 1272 378 S.
1313 319 1607 377 JOANNIS
1642 316 2134 373 CHRYSUS'I'OMI
2174 315 2496 373 ARCHIEP.
2531 313 3085 372 CONSTANTINOP.

3649 315 3758 371 478

2187 437 2403 508 μίσητε,
2432 438 2620 508 φησὶν,
2644 437 2733 507 ὑφ’
2759 435 2916 506 ἡμῶν
2936 433 3220 501 ἀξιοῦσθαι
3243 451 3258 465 ·
3286 432 3449 495 αὐτὸς
3473 433 3760 504 δΧριστδς

2183 531 2329 601 ὑμᾶς
2369 531 2714 601 παρακαλεῖ,
2752 529 2916 592 αὐτὸς
2959 529 2988 581 6
3030 526 3124 581 τοῦ
3165 525 3402 597 Χριστοῦ
3448 526 3638 597 Πατὴρ
3689 528 3762 582 δι’

2183 623 2362 693 ἡμῶν.
2411 623 2477 675 Τί
2526 621 2729 691 ταύτης
2762 621 2863 690 τῆς
2918 617 3222 692 ὑπερϐολῆς
3269 617 3466 686 γένοιτ’
3499 618 3566 672 ἃν
3609 619 3758 683 tam;

2185 713 2358 776 Αὐτὸς
2385 711 2493 783 γὰρ
2517 713 2545 765 6
2568 711 2736 782 μυρία
2757 711 3126 782 εὐεργετήσας
3145 707 3440 779 ὑϐρισθεὶς,
3457 708 3519 761 οὐ
3543 721 3568 750 ι
3601 709 3762 777 μόνον

2186 805 2285 857 οὐκ
2316 802 2564 874 ἀπῄτησε
2599 803 2774 870 δίκην,
2806 801 2942 855 ἀλλὰ
2968 800 3064 853 καὶ
3093 800 3260 853 ἐδωκε
3291 799 3382 853 τὸν
3413 799 3542 852 Υίὸν
3571 799 3759 862 αὐτοῦ,

2189 898 2275 949 ἵνα
2311 896 2758 964 καταλλαγῶμεν.
2795 895 2868 946 Οὐ
2901 891 3324 962 κατηλλάγησαν
3368 892 3417 943 οἰ
3455 889 3759 959 δεξάμενοι,

2188 989 2325 1041 ἀλλά
2357 988 2449 1040 καὶ
2479 985 2738 1055 ἔσφαξαν.
2776 985 2945 1039 Πάλιν
2973 983 3218 1054 ἐπεμψεν
3257 983 3476 1053 ἐτέρους
3508 982 3764 1052 πρέσϐεις

2191 1078 2664 1147 παρακαλοῦντας·
2689 1078 2785 1132 καὶ
2805 1076 3011 1130 τούτων
3031 1092 3099 1128 πε
3108 1074 3412 1145 μφθέντων,
3433 1075 3592 1135 αὐτός
3617 1076 3764 1126 ἐστιν

2189 1175 2218 1225 6
2239 1171 2428 1237 ἀξιῶν.
2479 1172 2544 1222 Τί
2577 1171 2633 1222 δέ
2671 1170 2851 1233 ἀξιοῖς
2901 1167 3331 1236 Καταλλάγητε
3360 1163 3439 1230 τῷ
3479 1165 3620 1230 Θεῷ.
3653 1166 3766 1220 Καὶ

2191 1265 2292 1318 οὐκ
2337 1258 2480 1328 εἷπε,
2530 1259 2918 1324 Καταλλάξατε
2967 1261 3178 1320 ἑαυτοῖς
3225 1257 3316 1311 τὸν
3359 1257 3526 1310 Θεόν·
3555 1259 3615 1310 οὐ
3654 1258 3764 1328 γὰρ

2193 1355 2401 1417 ἐκεῖνός
2429 1355 2579 1406 ἐστιν
2610 1355 2638 1406 6
2668 1352 2992 1422 ἐχθραίνων,
3024 1349 3139 1404 ἀλλ’
3169 1349 3347 1420 ὑμεῖς·
3375 1350 3508 1412 Θεὸς
3537 1349 3646 1420 γὰρ
3675 1348 3760 1402 οὐν

2194 1446 2385 1500 δέποτε
2417 1443 2712 1516 ἐχθραίνει.
2762 1442 2874 1495 Καὶ
2903 1438 3405 1510 δικαιολογούμενος
3431 1439 3486 1493 δὲ
3514 1439 3768 1509 καθάπερ

2197 1533 2543 1606 πρεσϐευτὴς
2575 1530 2922 1594 ἀποσταλεὶς,
2952 1528 3064 1584 Τὸν
3091 1527 3200 1598 γάρ
3223 1527 3310 1597 μὴ
3340 1530 3564 1598 γνόντα
3584 1529 3769 1597 ἀμαρ-

2196 1626 2368 1690 τίαν,
2405 1624 2558 1690 ὑπὲρ
2598 1620 2767 1690 ἡμῶν
2799 1620 3094 1690 ἁμαρτίαν
3133 1619 3417 1685 ἐποίησε,
3457 1617 3642 1688 φησίν.
3690 1618 3769 1670 Οὐ

2198 1716 2341 1784 λέγω
2365 1715 2435 1768 τά
2465 1714 2730 1784 πρότερα,
2760 1712 2844 1765 ὅτι
2867 1710 3150 1780 ὑϐρίσατε,
3171 1710 3252 1762 ὅτι
3271 1708 3423 1762 οὐδὲν
3446 1709 3768 1778 ἡδικηκότα,

2199 1805 2282 1858 ὃτι
2297 1803 2555 1874 εὐεργετὴ
2564 1819 2752 1863 σαντα,
2765 1801 2848 1854 ὅτι
2864 1799 3020 1870 δίκην
3059 1800 3159 1852 οὐκ
3174 1798 3475 1869 ἀπῄτησεν,
3491 1799 3574 1852 ὅτι
3590 1816 3770 1870 παρα-

2200 1895 2357 1950 καλεῖ
2378 1894 2617 1966 πρῶτος,
2647 1891 2924 1963 ὑϐρισθεὶς
2953 1890 3189 1962 πρῶτος·
3217 1890 3388 1962 μηδὲν
3409 1890 3635 1943 ἐκείνων
3654 1890 3773 1944 κεί-

2203 1989 2314 2043 σθω
2337 1987 2496 2050 τέως.
2527 1985 2625 2040 Διά
2649 1985 2810 2038 τοῦτο
2843 1984 3003 2056 μόνον
3029 1983 3130 2036 οὐκ
3155 1980 3220 2037 ἂν
3249 1982 3398 2053 εἴητε
3429 1980 3630 2034 δίκαιοι
3667 1998 3771 2036 κα·

2201 2080 2568 2151 ταλλαγῆναι,
2600 2078 2668 2132 δι’
2693 2079 2830 2151 ὅπερ
2861 2077 3114 2148 ἐποίησεν
3142 2077 3222 2140 εἰς
3253 2076 3396 2147 ὑμᾶς
3425 2071 3554 2141 νῦν;
3585 2074 3697 2128 Καὶ
3720 2072 3775 2128 τί

2203 2176 2458 2247 ἐποίησε;
2492 2173 2603 2228 Τόν
2633 2173 2742 2243 γὰρ
2776 2172 2862 2242 μὴ
2896 2173 3116 2241 γνόντα
3154 2170 3465 2240 ἁμαρτίαν,
3508 2167 3583 2224 δι’
3621 2166 3777 2237 ὑμᾶς·

2205 2268 2496 2336 ἁμαρτίαν
2521 2266 2830 2332 ἐποίησεν.
2872 2264 2936 2316 Εἰ
2968 2263 3076 2332 γάρ
3107 2260 3274 2331 μηδὲν
3299 2260 3486 2330 ἡνυσε,
3530 2258 3692 2311 τοῦτο
3719 2257 3778 2310 δέ

2209 2360 2370 2428 μόνον
2410 2357 2732 2427 εἰργάσατο,
2767 2353 3020 2424 ἐννόησον
3064 2352 3249 2422 ἡλίκον
3280 2346 3348 2421 ἦν
3391 2349 3452 2402 τὸ
3496 2348 3637 2419 ὑπὲρ
3670 2348 3779 2400 τῶν

2207 2449 2508 2520 ὑϐρικότων
2539 2447 2628 2499 τὸν
2651 2446 2779 2499 Υίὸν
2805 2445 3008 2498 δοῦναι.
3037 2444 3175 2496 Νυνὶ
3202 2443 3259 2495 δέ
3275 2442 3369 2494 καὶ
3404 2441 3615 2511 μεγάλα
3647 2459 3780 2494 κατ-

2208 2539 2432 2610 ώρθωσε
2453 2579 2470 2604 ,
2505 2537 2602 2591 καὶ
2633 2536 2772 2607 μετὰ
2798 2534 3003 2588 τούτων
3027 2534 3116 2586 τὸν
3136 2532 3285 2586 οὐδὲν
3309 2533 3609 2603 ἠδικηκότα
3639 2532 3782 2602 ὑπὲρ

2208 2632 2316 2685 τῶν
2347 2629 2684 2700 ἠδικηκότων
2726 2627 3056 2695 κολασθῆναι
3096 2625 3297 2678 εἴασεν.
3347 2623 3485 2677 Ἀλλ’
3528 2624 3629 2676 οὐκ
3661 2618 3779 2675 εἷπε

2210 2723 2385 2780 τοῦτο.
2405 2721 2519 2776 ἀλλ’
2541 2721 2570 2772 ὃ
2589 2717 2769 2788 πολλῷ
2793 2717 2976 2788 μεῖζόν
3000 2719 3119 2769 ἐστι
3145 2715 3338 2768 τούτου
3363 2715 3599 2768 τέθεικε.
3625 2717 3780 2767 Ποῖον

2211 2815 2276 2886 δὴ
2301 2814 2487 2878 τοῦτο;
2524 2813 2635 2868 Τὸν
2659 2810 2746 2881 μὴ
2784 2812 3006 2879 γνόντα
3037 2808 3350 2878 ἁμαρτίαν,
3379 2807 3536 2878 φησὶ,
3564 2807 3655 2860 τὸν
3683 2807 3783 2858 αὐ-

2210 2905 2624 2974 τοδικαιοσύνην
2654 2904 2784 2957 ὄντα
2805 2942 2820 2966 ,
2849 2901 3144 2970 ἁμαρτίαν
3165 2899 3448 2967 ἐποίησε·
3485 2899 3782 2959 τουτέστιν.

2211 3000 2285 3064 ὡς
2313 2997 2633 3071 ἁμαρτωλὸν
2661 2993 3058 3064 κατακριθῆναι
3087 2990 3320 3061 ἀφῆκεν,
3345 2990 3421 3054 ὡς
3452 2990 3788 3057 ἐπικατάρα-

2210 3109 2303 3146 τον
2335 3090 2656 3148 ἀποθανεῖν·
2713 3082 3178 3153 Ἐπικατάρατος
3206 3082 3314 3152 γὰρ
3357 3083 3390 3134 ό
3423 3079 3788 3149 κρεμάμενος

2211 3184 2309 3238 ἐπὶ
2341 3184 2552 3248 ξύλου.
2589 3178 2698 3233 Τοῦ
2740 3179 2850 3248 γὰρ
2885 3175 3172 3230 ἀποθανεῖν
3209 3174 3270 3226 τὸ
3296 3170 3471 3234 οὕτως
3500 3170 3760 3225 ἀποθανεῖ

2215 3273 2395 3346 πολλῷ
2433 3275 2616 3344 μεῖζον
2661 3266 2730 3341 ἦν
2749 3286 2763 3298 ·
2793 3271 2930 3340 ὅπερ
2977 3268 3073 3322 καὶ
3113 3264 3348 3336 ἀλλαχοῦ
3382 3263 3777 3333 αἰνιττόμενος⁹

2215 3369 2380 3437 φησὶν
2400 3406 2416 3431 ,
2444 3363 2601 3438 [5i81
2637 3361 2939 3428 ’Υπήκοος
2971 3359 3290 3429 γενόμενος
3307 3356 3484 3426 μέχρι
3507 3355 3787 3418 θανάτου,

2217 3459 2477 3513 θάνατον
2510 3454 2578 3510 δὲ
2606 3451 2894 3522 σταυροῦ.
2928 3451 3063 3504 Οὐδέ
3090 3449 3199 3520 γὰρ
3229 3447 3452 3502 κόλασιν
3481 3441 3596 3515 εἶχε
3632 3445 3793 3514 μόνον

2215 3551 2276 3604 τὸ
2307 3551 2558 3620 πρᾶγμα,
2585 3545 2725 3600 ἀλλά
2745 3544 2841 3599 καὶ
2864 3542 3146 3613 αἰσχύνην.
3183 3539 3462 3608 Ἐννόησον
3483 3536 3667 3588 τοίνυν
3689 3535 3796 3588 ὅσα

2219 3659 2303 3695 σοι
2335 3640 2593 3710 παρέσχε.
2624 3638 2783 3705 Μέγα
2824 3637 2924 3706 μὲν
2955 3633 3066 3706 γάρ
3099 3633 3193 3686 καὶ
3217 3631 3276 3684 τὸ
3304 3625 3626 3698 ἁμαρτωλὸν
3655 3626 3800 3679 ὄντα

2219 3733 2359 3804 ὑπὲρ
2387 3729 2604 3786 ὁτουοῦν
2628 3727 2922 3783 ἀποθανεῖν
2943 3743 2958 3757 ·
2987 3727 3115 3779 ὅταν
3145 3725 3204 3778 δέ
3225 3723 3318 3777 καὶ
3340 3721 3545 3783 δίκαιος
3570 3719 3601 3771 6
3625 3716 3802 3770 τοῦτο

2219 3826 2445 3894 πάσχων
2487 3819 2544 3896 ᾖ,
2596 3823 2692 3875 καὶ
2731 3821 2873 3890 ὑπὲρ
2907 3817 3250 3890 ἁμαρτωλῶν
3280 3813 3547 3885 ἀποθάνῃ,
3591 3813 3688 3866 καὶ
3716 3812 3795 3882 μὴ

2219 3917 2466 3988 ἀποθάνῃ
2503 3915 2684 3987 μόνον,
2718 3912 2858 3968 ἀλλά
2895 3913 2988 3965 καὶ
3017 3910 3094 3972 ὼς
3123 3907 3549 3978 ἐπικατάρατος,
3583 3904 3678 3958 καὶ
3717 3904 3797 3975 μὴ

2219 4009 2296 4073 ὡς
2333 4007 2736 4078 ἐπικατάρατος
2768 4004 2962 4076 μόνον,
2997 4000 3134 4056 ἀλλά
3173 3999 3367 4054 καὶτά
3413 3996 3623 4068 μεγάλα
3660 3997 3796 4066 ἡμῖν

2221 4100 2473 4154 ἐντεῦθεν
2497 4098 2787 4169 χαρίζηται
2804 4094 3008 4164 ἀγαθά,
3034 4095 3070 4147 ἃ.
3100 4091 3368 4163 μηδέποτε
3397 4089 3797 4161 προσεδοκήσαρ

2225 4206 2326 4262 μεν
2349 4189 2498 4258 (Ἵνα
2516 4189 2626 4258 γὰρ
2646 4186 2947 4256 γενώμεθα
2970 4182 3118 4238 Θεοῦ
3144 4182 3498 4246 δικαιοσύνη
3519 4181 3590 4233 ἐν
3611 4176 3793 4242 αὐτῷ,

2224 4282 2358 4353 φησὶ
2379 4282 2422 4352 ),
2459 4283 2608 4343 ποῖος
2639 4277 2812 4332 ταῦτα
2839 4277 3018 4344 λόγος,
3053 4276 3203 4336 ποῖος
3233 4273 3406 4327 ταῦτα
3443 4272 3798 4342 παραστῆσαι

2222 4375 2511 4444 δυνήσεται
2539 4370 2698 4434 νοῦς;
2742 4369 2846 4421 Τὸν
2876 4368 2984 4438 γὰρ
3029 4365 3236 4418 δίκαιον
3257 4405 3272 4429 ,
3307 4364 3471 4435 φησὶν
3497 4405 3510 4429 ,
3543 4362 3799 4432 ἐποίησεν

2225 4463 2570 4535 ἁμαρτωλὸν,
2611 4461 2700 4514 ἵνα
2737 4459 2864 4522 τούς
2897 4456 3255 4528 ἁμαρτωλοὺς
3296 4457 3506 4526 ποιήσῃ
3533 4455 3798 4517 δικαίους.

2226 4557 2442 4612 Μᾶλλον
2471 4556 2527 4608 δὲ
2551 4554 2673 4607 οὐδὲ
2697 4551 2870 4614 οὕτως
2899 4545 3071 4613 εἶπεν,
3101 4547 3214 4601 ἀλλ’
3237 4547 3267 4600 ὸ
3289 4546 3466 4616 πολλῷ
3493 4547 3676 4616 μεῖζον
3696 4542 3764 4616 ἦν
3779 4561 3800 4577 ο

2227 4651 2287 4702 οὐ
2320 4647 2428 4718 γὰρ
2469 4646 2581 4710 ἕξιν
2621 4645 2852 4714 ἔθηκεν,
2886 4642 2999 4695 ἀλλ’
3052 4640 3222 4709 αὐτὴν
3257 4637 3355 4710 τὴν
3396 4638 3676 4708 ποιότητα.
3725 4638 3801 4690 Οὐ

2229 4741 2338 4812 γὰρ
2375 4737 2556 4799 εἶπεν,
2607 4735 2894 4804 Ἐποίησεν
2935 4729 3294 4803 ἁμαρτωλὸν,
3330 4729 3444 4785 ἀλλ’
3473 4730 3799 4798 ἁμαρτίαν·

2229 4833 2370 4902 οὐχὶ,
2419 4831 2522 4883 Τὸν
2578 4827 2654 4898 μὴ
2706 4823 3020 4896 ἁμαρτόντα
3074 4823 3255 4892 μόνον,
3305 4820 3474 4882 ἀλλά,
3504 4820 3612 4873 τὸν
3646 4817 3806 4887 μηδὲ

2231 4926 2453 4996 γνόντα
2479 4920 2793 4992 ἁμαρτίαν·
2817 4919 2902 4971 ἵνα
2917 4917 3011 4971 καὶ
3027 4917 3190 4987 ἡμεῖς
3211 4915 3519 4984 γενώμεθα,
3541 4914 3643 4967 οὐκ
3656 4909 3802 4972 εἶπε.

2231 5019 2449 5079 δίκαιοι,
2476 5012 2610 5068 ἀλλὰ
2637 5009 2973 5078 δικαιοσύνη,
3003 5007 3098 5060 καὶ
3129 5006 3264 5060 Θεοῦ
3302 5004 3638 5074 δικαιοσύνη.
3667 5002 3806 5056 Θεοῦ

2233 5109 2344 5179 γάρ
2371 5110 2517 5160 ἐστιν
2542 5103 2703 5172 αῦτη,
2734 5103 2864 5154 ὃταν
2893 5099 2968 5170 μὴ
2993 5098 3052 5163 ἐξ
3091 5096 3300 5168 ἔργων,
3331 5097 3462 5149 ὅταν
3489 5095 3586 5148 καὶ
3614 5093 3809 5164 κηλῖδα

2234 5199 2447 5267 ἀνάγκη
2492 5196 2614 5250 τινὰ
2662 5195 2734 5264 μὴ
2773 5192 3099 5264 εὑρεθῆναι,
3149 5189 3264 5244 ἀλλ’
3303 5188 3412 5241 ἀπὸ
3459 5188 3681 5258 χάριτος
3726 5185 3808 5238 δι-

2237 5289 2594 5356 καιωθῶμεν,
2647 5283 2776 5337 ἔνθα
2815 5283 2964 5337 πᾶσα
3002 5279 3246 5350 ἁμαρτία
3296 5280 3607 5348 ἠφάνισται.
3639 5275 3816 5329 Τοῦτο

2237 5382 2294 5435 δὲ
2321 5379 2455 5449 ὁμοῦ
2491 5378 2617 5433 οὔτε
2649 5375 2952 5446 ἐπαρθῆναι
2999 5373 3245 5443 ἀφίησιν,
3294 5369 3388 5424 ἅτε
3429 5370 3525 5423 τοῦ
3562 5368 3700 5422 Θεοῦ
3751 5368 3819 5420 τὸ

2240 5474 2348 5527 πᾶν
2397 5468 2800 5540 χαρισαμένου,
2859 5467 2956 5518 καὶ
3005 5464 3243 5519 διδάσκει
3302 5461 3394 5516 τοῦ
3457 5459 3703 5522 δοθέντος
3753 5459 3823 5512 τὸ

2301 5677 2326 5706 ⁸
2354 5672 2716 5725 Αἰίσιηιεοιὶοιι
2734 5683 2812 5718 ειη
2853 5669 2997 5719 aﬂ‘ert
3025 5669 3077 5717 in
3112 5668 3332 5730 margine
3370 5666 3582 5716 Savilius
3620 5678 3630 5712 :
3674 5666 3822 5722 ῖσονς

2250 5737 2471 5803 Ὗϐρίσθη
2493 5734 2634 5798 μυρία
2655 5733 2979 5797 εὐεργετήσας·
2999 5729 3319 5793 ὐϐρωθεὶςίού.
