4090 6216
444 381 548 437 477

438 492 702 562 dign-tate
717 487 972 545 admirari
989 487 1198 558 possit?
1227 486 1583 558 interemptus
1606 497 1690 543 est
1718 488 1905 555 Filius,
1926 486 2016 556 qui

441 581 760 640 dirimendas
803 579 1017 650 injuriae
1056 595 1217 636 causa
1262 590 1510 647 venerat;
1549 580 1736 647 Filius,
1779 581 2016 652 inquam,

439 688 598 728 verus
623 681 787 741 atque
817 671 1118 741 unigenitus
1148 710 1161 724 .
1192 685 1257 725 ac
1277 684 1344 726 ne
1369 670 1448 726 sic
1467 670 1683 740 quidem
1714 669 1874 726 Pater
1901 683 2018 732 eos,

441 765 533 834 qui
567 763 664 833 ipsi
701 776 888 818 necem
917 761 1229 828 intulerunt,
1256 770 1531 817 aversatus
1567 772 1672 827 est,
1722 777 1822 818 nec
1863 761 2016 828 dixit,

445 857 560 913 Misi
606 855 885 925 legationis
927 869 1085 909 causa
1114 853 1310 909 Filium
1339 869 1551 919 meum;
1584 854 1660 910 illi
1701 863 1878 910 autem
1912 868 2018 908 non

443 947 604 1002 modo
651 946 825 1016 ipsum
851 943 1037 998 audire
1067 954 1404 1009 recusarunt,
1435 943 1532 998 sed
1557 943 1718 998 etiam
1745 942 1815 998 de
1840 942 2023 998 medio

441 1038 795 1100 sustulerunt,
814 1043 974 1106 atque
993 1035 1045 1090 in
1061 1050 1274 1091 crucem
1299 1044 1523 1106 egerunt
1543 1050 1558 1088 :
1581 1049 1792 1104 aequum
1812 1044 1892 1090 est
1909 1035 2017 1104 jam

440 1145 537 1184 ens
587 1128 964 1197 derelinquere
995 1143 1011 1182 :
1038 1141 1227 1182 verum
1267 1134 1452 1180 contra
1501 1125 1724 1180 omnino
1765 1123 1920 1190 fecit;
1964 1131 2021 1178 et

441 1221 564 1290 quia
595 1219 684 1275 ille
711 1217 996 1282 abscessit,
1024 1216 1182 1272 nobis
1201 1215 1340 1271 hanc
1365 1215 1694 1285 provinciam
1721 1210 2018 1272 mandavit.

445 1311 545 1376 Qui
576 1309 714 1363 dedit
739 1308 884 1362 nobis
905 1307 1236 1361 ministerium
1281 1306 1704 1361 reconciliationis
1722 1320 1743 1359 .°
1769 1305 1861 1361 {9.
1887 1322 2018 1376 quo-

441 1401 579 1454 niam
607 1400 808 1471 quidem
833 1397 974 1452 Deus
993 1406 1101 1451 erat
1127 1398 1182 1451 in
1209 1394 1411 1453 Christo
1429 1397 1673 1450 mundum
1688 1397 2022 1452 reconcilians

439 1491 559 1555 sibi,
587 1507 688 1544 non
710 1499 954 1562 reputans
977 1488 1082 1544 illis
1111 1487 1297 1542 delicta
1330 1488 1582 1558 ipsorum.
1612 1486 1848 1543 Videsne
1873 1487 2019 1543 cari-

442 1592 630 1647 tatem,
659 1582 771 1637 vim
797 1596 1014 1636 omnem
1063 1579 1370 1645 verborum,
1399 1579 1779 1649 cogitationem
1803 1594 2019 1634 omnem

439 1672 833 1730 excedentem?
861 1671 1119 1740 Quisnam
1146 1678 1283 1734 erat,
1310 1671 1402 1741 qui
1429 1670 1674 1738 injuriam
1703 1670 2024 1739 acceperat?

441 1768 580 1837 Ipse.
608 1765 867 1836 Quisnam
897 1765 1015 1829 luit,
1041 1763 1133 1834 qui
1161 1764 1366 1833 primus
1387 1761 1454 1816 ad
1477 1760 1758 1816 delendam
1787 1761 2018 1816 inimici-

440 1859 568 1912 tiam
605 1855 796 1912 venit?
824 1853 960 1926 Ipse.
989 1855 1079 1919 At,
1119 1853 1351 1925 inquies,
1381 1851 1574 1907 Filium
1602 1851 1768 1917 misit,
1791 1864 1898 1907 non
1925 1865 2022 1905 au-

441 1958 550 2003 tem
575 1947 692 2016 ipse
716 1944 886 2005 venit.
914 1941 1109 2000 Filium
1144 1943 1362 2014 quidem
1391 1943 1558 2007 misit,
1589 1941 1684 1997 sed
1709 1951 1884 1997 tamen
1912 1956 2018 1996 non

439 2041 489 2096 is
510 2042 686 2096 solum
707 2036 1041 2102 hortabatur,
1074 2034 1170 2090 sed
1195 2035 1354 2089 Pater
1379 2049 1614 2104 quoque,
1641 2043 1842 2089 etcum
1869 2047 1937 2090 eo
1965 2041 2021 2088 et

441 2145 541 2200 per
583 2143 708 2184 eum
737 2143 752 2182 :
793 2127 863 2183 ob
904 2125 1066 2196 idque
1095 2125 1258 2180 etiam
1298 2123 1509 2179 dicebat
1540 2122 1849 2193 Apostolus,
1881 2120 2020 2178 Deus

443 2231 554 2276 erat
580 2217 823 2274 mundum
846 2218 944 2273 sibi
967 2216 1300 2272 reconcilians
1323 2216 1377 2269 in
1405 2214 1625 2268 Christo.
1653 2213 1766 2268 Hoc
1789 2221 1892 2279 est,
1923 2227 2020 2282 per

444 2310 734 2366 Christum.
760 2307 1021 2377 Quoniam
1044 2307 1187 2362 enim
1209 2305 1447 2371 dixerat,
1481 2305 1580 2372 Qui
1604 2303 1742 2360 dedit
1768 2305 1910 2360 nobis
1929 2305 2022 2358 mi-

442 2405 704 2460 uisterium
727 2401 1171 2469 reconciliationis,
1204 2408 1626 2470 temperamento
1649 2398 1878 2468 quodam
1900 2397 2021 2452 uti-

443 2505 546 2558 tnr,
577 2493 798 2548 dicens:
826 2491 905 2549 Ne
929 2491 1245 2549 existimetis
1259 2505 1521 2546 summam
1544 2489 1702 2560 hujus
1725 2490 1802 2544 rei
1825 2497 2010 2544 aucto-

443 2587 658 2642 ritatem
710 2601 876 2656 penes
917 2600 1018 2642 nos
1066 2600 1224 2652 esse;
1275 2582 1505 2640 ministri
1550 2592 1754 2638 tantum
1795 2598 2014 2639 sumus:

443 2677 583 2732 Deus
623 2690 708 2733 est
747 2679 838 2748 qui
869 2686 1038 2734 totum
1071 2677 1173 2733 hoc
1218 2675 1399 2741 efﬁcit,
1433 2676 1522 2746 qui
1553 2692 1647 2746 per
1679 2675 2016 2747 Unigenitum

444 2780 704 2826 terrarum
731 2771 917 2827 orbem
945 2770 1336 2825 reconciliavit.
1366 2768 1485 2837 Quo
1504 2767 1714 2824 tandem
1744 2768 1796 2823 id
1815 2767 2018 2823 modo?

443 2878 564 2917 nam
615 2863 716 2920 hoc
765 2871 850 2918 est
885 2861 1224 2924 admirabile.
1269 2875 1374 2916 non
1402 2859 1577 2915 solum
1619 2858 1762 2929 quod
1810 2859 2016 2913 amicus

442 2953 662 3009 eﬂ‘ectus
691 2953 782 3018 sit,
813 2953 908 3009 sed
932 2953 1096 3008 etiam
1139 2951 1282 3023 quod
1309 2953 1386 3007 sic
1409 2951 1634 3006 amicus.
1663 2950 1773 3016 Sic,
1796 2963 2020 3020 quomo-

442 3045 557 3100 do?
600 3045 820 3101 Peccata
876 3043 1010 3116 ipsis
1052 3043 1372 3108 remittens;
1421 3057 1544 3097 nam
1582 3041 1738 3100 aliter
1786 3040 2017 3095 amicitia

443 3136 684 3191 contrahi
724 3152 830 3192 non
857 3144 1068 3207 poterat
1099 3153 1114 3190 :
1143 3135 1286 3191 unde
1314 3133 1475 3190 etiam
1503 3134 1758 3196 subdidit,
1790 3131 1910 3187 Non
1933 3148 2017 3186 re-

448 3236 634 3295 putans
667 3225 772 3281 illis
803 3225 986 3280 delicta
1024 3225 1274 3296 ipsorum.
1319 3223 1531 3280 Etenim
1569 3225 1615 3280 si
1663 3223 2016 3279 admissorum

443 3326 786 3387 peccatorum
838 3316 1102 3372 rationem
1149 3329 1444 3386 exposcere
1497 3314 1798 3379 voluisset,
1827 3327 2017 3368 omnes

448 3409 790 3478 periissemus
814 3425 828 3462 :
858 3422 1046 3463 omnes
1075 3407 1272 3479 quippe
1300 3406 1494 3462 mortui
1517 3417 1690 3462 erant.
1716 3406 1820 3463 Sed
1840 3414 2017 3461 tamen

445 3514 568 3552 cum
616 3505 790 3552 tantus
834 3505 1171 3567 peccatorum
1209 3511 1465 3552 numerus
1503 3505 1665 3562 esset,
1714 3510 1822 3550 non
1858 3495 2018 3550 modo

444 3589 617 3644 nullas
651 3603 680 3642 a
719 3587 872 3644 nobis
914 3603 1101 3659 paruas
1128 3587 1403 3657 expetivit.
1430 3587 1525 3642 sed
1555 3588 1713 3642 etiam
1739 3586 2016 3642 nobiscum

444 3679 499 3732 in
528 3678 752 3748 gratiam
780 3678 966 3743 rediit;
1000 3695 1104 3732 non
1139 3679 1300 3733 modo
1326 3677 1550 3742 remisit,
1575 3677 1667 3732 sed
1700 3691 1800 3732 nec
1842 3677 2016 3748 impu-

445 3777 594 3823 tavit.
624 3767 716 3824 Sic
739 3775 796 3824 et
820 3766 978 3824 nobis
1004 3767 1308 3824 iaciendum
1333 3776 1437 3833 est,
1475 3777 1532 3822 ut
1559 3767 1788 3823 inimicis
1819 3768 2018 3824 nostris

443 3862 799 3931 ignoscamus,
823 3877 928 3932 quo
944 3861 1187 3917 eamdem
1210 3861 1414 3917 veniam
1435 3862 1803 3930 impetremus.
1834 3860 1901 3914 Et
1921 3876 2017 3930 po-

443 3957 544 4009 suit
571 3957 625 4010 in
666 3954 807 4011 nobis
828 3955 1030 4010 verbum
1073 3954 1510 4009 reconciliationis.
1539 3953 1722 4023 Neque
1745 3955 1886 4008 enim
1918 3968 2018 4008 nos

442 4046 510 4100 ad
553 4061 717 4117 grave
759 4045 972 4114 aliquod
1015 4045 1282 4114 negotium
1327 4044 1588 4108 venimus,
1616 4043 1721 4115 sed
1748 4053 1806 4097 ut
1829 4057 2017 4099 omnes

448 4137 561 4191 Deo
589 4136 793 4191 amicos
813 4135 1128 4192 efﬁciamus.
1148 4133 1431 4200 Quoniam,
1463 4133 1656 4204 inquit,
1681 4134 1858 4190 verbis
1885 4135 2017 4189 meis

445 4230 602 4283 ﬁdem
631 4245 737 4284 non
778 4228 1157 4294 adhibuerunt,
1190 4227 1242 4280 in
1272 4225 1607 4281 exhortando
1635 4226 1731 4296 ipsi
1761 4237 2014 4296 perstate,

441 4322 615 4376 donec
646 4320 1036 4391 persuaseritis.
1063 4317 1188 4373 Ideo
1215 4317 1492 4386 subjunxit
1525 4334 1538 4371 :
1569 4315 1658 4372 20.
1684 4316 1791 4371 Pro
1817 4317 2016 4372 Christo

442 4413 690 4482 lrgatione
729 4411 1010 4482 fungimur,
1039 4419 1294 4479 tamquam
1321 4405 1433 4462 Deo
1463 4411 1759 4464 exhortante
1783 4427 1874 4482 per
1901 4427 2012 4466 nos.

445 4504 776 4558 Obsecremus
805 4519 896 4572 pro
919 4501 1137 4564 Christo,
1169 4498 1562 4554 recouciliamini
1588 4499 1717 4555 Deo.

511 4596 563 4651 5.
594 4591 754 4650 Vides
775 4593 1044 4664 quomodo
1087 4592 1189 4648 hoc
1235 4591 1508 4660 negotium
1550 4591 1842 4656 extulerit,
1885 4607 2008 4648 cum

435 4687 708 4742 Christum
764 4686 936 4756 ipsum
988 4684 1373 4754 supplicantem
1421 4683 1664 4746 induxit;
1729 4685 1838 4739 imo
1905 4701 2011 4740 non

433 4777 708 4831 Christum
738 4777 946 4842 solum,
987 4774 1081 4830 sed
1120 4774 1282 4830 etiam
1323 4772 1580 4828 Patrem?
1625 4773 1822 4830 Horum
1868 4777 2012 4832 enim

433 4868 721 4922 verborum
759 4866 843 4920 hic
866 4880 1055 4920 sensus
1083 4873 1209 4919 est:
1254 4863 1410 4918 Pater
1453 4861 1647 4917 Filium
1697 4864 1873 4930 misit,
1920 4867 2010 4936 qui

433 4959 603 5027 ipsius
647 4958 863 5013 nomine
902 4956 1306 5021 exhortaretur,
1345 4967 1504 5026 atque
1550 4956 1690 5026 apud
1736 4957 2009 5013 hominum

432 5064 602 5116 genus
629 5047 910 5118 legationis
933 5061 1127 5102 munus
1157 5046 1452 5115 susciperet
1481 5063 1494 5098 :
1524 5045 1619 5101 sed
1649 5047 1897 5117 quoniam
1920 5048 2010 5104 ille

431 5148 656 5194 necatus
703 5137 1004 5202 abscessit,
1061 5152 1160 5192 nos
1200 5137 1450 5207 legationi
1497 5137 1569 5191 illi
1614 5138 2006 5204 successimus,

429 5242 596 5301 atque
649 5241 705 5288 et
754 5232 894 5286 illius
936 5239 991 5286 et
1033 5230 1204 5286 Patris
1248 5229 1463 5285 nomine
1507 5244 1602 5286 vos
1642 5229 2006 5286 exhortamur.

427 5321 608 5376 Tanto
632 5321 882 5376 nimirum
909 5322 961 5376 in
989 5321 1160 5388 pretio
1186 5331 1268 5374 est
1295 5321 1436 5390 apud
1465 5336 1586 5376 eum
1613 5321 1885 5377 hominum
1910 5339 2007 5393 ge-

429 5429 533 5468 nus
558 5455 574 5476 ,
605 5421 738 5468 utet
761 5412 956 5469 Filium
985 5410 1212 5477 dederit,
1244 5410 1403 5482 idque
1427 5425 1544 5467 cum
1571 5427 1692 5468 eum
1718 5421 2005 5469 mactatum

429 5505 496 5561 iri
527 5505 720 5573 sciret,
755 5513 812 5561 et
834 5514 1012 5560 vestra
1042 5518 1203 5559 causa
1231 5517 1330 5558 nos
1351 5503 1622 5573 apostolos
1649 5507 1861 5561 crearit.
1905 5505 2008 5561 Ita-

427 5608 535 5665 que
574 5611 680 5651 non
729 5595 825 5652 abs
874 5610 935 5652 re
981 5595 1224 5659 dicebat,
1272 5593 1458 5650 Omnia
1498 5606 1702 5666 propter
1742 5613 1845 5654 vos.
1899 5597 2006 5653 Pro

428 5686 630 5741 Christo
655 5687 808 5758 igitur
825 5685 1072 5757 legatione
1088 5685 1381 5757 fungimur;
1400 5702 1462 5741 ac
1490 5687 1537 5743 si
1563 5687 1783 5752 diceret,
1807 5689 2004 5745 Christi

428 5778 548 5834 vice
579 5793 595 5832 :
626 5790 730 5833 non
756 5777 898 5833 enim
925 5775 1092 5849 ipsius
1117 5775 1326 5832 muneri
1359 5777 1730 5834 successimus.
1761 5778 1912 5848 Quod
1954 5780 1999 5835 si

1497 373 1562 431 ΙΝ
1601 375 1814 434 EPIST.
1845 376 1891 432 ll
1952 373 2045 431 AD
2079 375 2233 431 (ΞΟΠ.
2275 373 2502 433 HOMIL.
2545 372 2640 433 XL

3598 380 3702 437 478

2129 487 2232 542 hoc
2285 489 2711 560 magniﬁcentius
2752 488 3026 558 aliquanto
3071 489 3164 545 tibi
3209 491 3418 546 dictum
3455 493 3702 564 videtur,

2125 579 2250 634 audi
2275 594 2396 650 qua:
2425 589 2720 651 sequuntur
2741 619 2757 642 ,
2785 595 2851 634 ex
2877 580 3069 648 quibus
3096 581 3358 644 ostendit,
3406 582 3548 652 quod
3593 600 3699 639 non

2125 670 2344 725 Christo
2385 669 2693 734 dumtaxat,
2738 669 2832 724 sed
2875 670 3018 724 Patri
3065 686 3279 740 quoque
3319 671 3421 728 hoc
3482 671 3701 730 faciant.

2125 759 2258 814 Nam
2283 760 2355 815 ob
2381 759 2432 815 id
2459 761 2619 815 etiam
2644 760 2903 828 adjunxit,
2932 759 3208 830 Tamquam
3234 760 3341 816 Deo
3371 779 3460 831 per
3480 779 3574 819 nos
3616 781 3708 820 ea:-

2127 853 2380 906 hortante.
2409 851 2526 908 Non
2557 853 2698 906 enim
2730 867 2827 922 per
2867 850 3062 905 Filium
3114 860 3320 907 tantum
3361 869 3553 921 suum,
3606 857 3702 911 sed

2125 952 2180 997 et
2209 957 2307 1011 per
2335 958 2434 997 nos
2457 957 2669 1012 quoque
2691 983 2707 1007 ,
2739 941 2827 1011 qui
2859 941 3027 1009 ipsius
3065 943 3273 996 muneri
3315 944 3701 1009 successimus,

2126 1033 2491 1087 exhortamur.
2523 1031 2881 1098 Quamobrem
2906 1047 2975 1086 ne
2998 1032 3316 1086 existimetis
3342 1049 3436 1088 vos
3480 1050 3510 1088 a
3549 1036 3704 1091 nobis

2126 1125 2301 1194 rogari
2333 1141 2348 1179 :
2376 1124 2622 1179 Christus
2650 1125 2765 1194 ipse
2793 1138 2888 1179 vos
2908 1133 3059 1192 rogat
3081 1165 3096 1189 ,
3127 1124 3288 1180 Pater
3326 1125 3441 1196 ipse
3467 1143 3563 1196 per
3602 1143 3706 1182 nos

2125 1230 2223 1269 vos
2249 1225 2384 1269 orat.
2413 1215 2620 1285 Ecquid
2645 1224 2730 1269 est
2751 1214 2899 1284 quod
2921 1229 3046 1269 cum
3083 1223 3186 1268 tam
3224 1215 3417 1269 eximia
3461 1217 3706 1288 benigni-

2125 1313 2235 1362 tate
2257 1305 2487 1361 conlerri
2529 1306 2730 1374 possit?
2771 1304 2890 1376 ipse
2930 1305 3074 1359 enim
3120 1315 3239 1374 post
3284 1307 3558 1362 innumera
3605 1325 3700 1364 sua

2123 1397 2381 1453 benelleia
2405 1397 2744 1453 contumeliis
2767 1396 3008 1460 allectus,
3048 1413 3152 1452 non
3181 1397 3340 1452 modo
3384 1399 3553 1454 nullas
3591 1417 3706 1469 pte-

2126 1504 2224 1545 nas
2250 1490 2498 1556 sumpsit,
2535 1503 2716 1545 verum
2740 1489 2902 1544 etiam
2925 1488 3118 1543 Filium
3139 1505 3293 1543 suum
3323 1490 3490 1555 dedit,
3516 1503 3575 1545 ut
3599 1492 3702 1561 ipsi

2125 1580 2554 1636 reconciliemur.
2582 1581 2683 1650 Qui
2707 1590 2885 1636 autem
2913 1595 3039 1635 eum
3083 1592 3441 1650 acceperunt,
3486 1583 3620 1637 adeo
3648 1584 3702 1656 in

2121 1674 2346 1744 gratiam
2375 1673 2555 1728 reduci
2581 1689 2688 1729 non
2727 1681 3014 1735 curarunt,
3065 1681 3122 1726 ut
3157 1673 3319 1727 etiam
3359 1686 3481 1728 eum
3532 1683 3705 1728 morte

2122 1763 2420 1818 aﬂ‘ecerint.
2449 1763 2678 1817 Rursum
2708 1763 2844 1818 alios
2883 1761 3260 1830 deprecatores
3305 1763 3480 1826 misit,
3531 1763 3702 1832 iisque

2123 1856 2324 1920 missis,
2354 1854 2470 1924 ipse
2497 1864 2582 1909 est
2607 1854 2698 1924 qui
2725 1861 2898 1924 rogat.
2925 1852 3062 1920 Quid
3087 1862 3264 1906 autem
3288 1853 3470 1922 rogat?
3502 1853 3704 1908 Recon-

2122 1945 2368 1998 ciliamini
2396 1943 2524 1999 Deo.
2570 1943 2687 1998 Non
2729 1944 2896 2007 dixit,
2939 1944 3033 1999 Dei
3078 1943 3305 2012 gratiam
3351 1955 3700 2013 recuperate;

2124 2051 2302 2106 neque
2331 2037 2472 2090 enim
2501 2037 2614 2105 ipse
2637 2035 2836 2105 estqui
2861 2034 3168 2090 inimicitias
3205 2036 3344 2105 gerit
3367 2075 3382 2096 .
3423 2035 3518 2090 sed
3557 2053 3652 2092 vos
3676 2054 3692 2091 :

2125 2127 2264 2183 Deus
2289 2129 2484 2198 quippe
2512 2143 2798 2198 numquam
2826 2126 3131 2182 inimicitias
3157 2129 3315 2197 gerit.
3345 2128 3521 2198 Atque
3540 2129 3700 2184 etiarn

2123 2227 2182 2273 ut
2211 2219 2416 2287 legatus
2438 2219 2653 2281 missus,
2677 2232 2892 2273 causam
2913 2217 3240 2289 disceptans.
3269 2218 3330 2272 2t
3345 2258 3358 2270 .
3389 2217 3524 2272 Eum
3545 2221 3700 2288 enim,

2123 2309 2312 2378 inquit,
2341 2309 2428 2379 qui
2451 2325 2550 2363 non
2576 2319 2782 2363 noverat
2808 2319 3066 2382 peccatum
3085 2349 3101 2376 ,
3141 2326 3233 2380 pro
3261 2310 3402 2364 nobis
3443 2321 3703 2378 peccatum

2124 2401 2260 2470 fecit.
2285 2399 2399 2455 Non
2429 2400 2604 2468 priora
2632 2400 2776 2466 dico,
2810 2401 3012 2470 inquit,
3042 2415 3235 2470 nempe
3258 2399 3400 2470 quod
3427 2411 3704 2458 contume-

2124 2493 2193 2546 lia
2220 2507 2344 2547 eum
2372 2491 2664 2556 ali'ecistis,
2711 2491 2857 2561 quod
2907 2507 3030 2547 eum
3077 2507 3107 2547 a
3155 2507 3263 2562 quo
3312 2493 3442 2546 nihil
3490 2493 3702 2564 injuriae

2122 2583 2478 2652 acceperatis,
2509 2581 2654 2652 quod
2681 2583 2936 2651 praeclare
2957 2583 3028 2638 de
3055 2583 3207 2638 vobis
3237 2586 3485 2638 meritum
3511 2626 3526 2650 ,
3557 2585 3702 2655 quod

2124 2675 2294 2728 nullas
2321 2689 2350 2727 a
2380 2673 2535 2729 vobis
2565 2687 2749 2742 pmnas
2783 2673 3078 2744 expetivit,
3125 2673 3269 2744 quod
3322 2676 3467 2744 prior
3510 2675 3700 2744 injuria

2121 2764 2349 2820 allectus
2369 2804 2384 2829 ,
2413 2764 2559 2835 prior
2587 2774 2739 2836 rogat
2765 2779 2783 2819 :
2812 2764 2945 2821 nihil
2975 2765 3164 2820 borum
3193 2781 3334 2820 nunc
3375 2782 3705 2824 commemo-

2121 2867 2290 2913 retur.
2318 2860 2510 2913 Annon
2535 2859 2621 2914 vel
2666 2859 2738 2914 ob
2781 2875 2947 2914 unum
3002 2859 3103 2915 hoc
3149 2859 3465 2916 benelicium
3491 2903 3508 2927 ,
3555 2863 3698 2934 quod

2123 2964 2265 3004 nunc
2293 2949 2345 3004 in
2373 2963 2468 3004 vos
2493 2949 2758 3018 contulit,
2789 2966 2998 3019 aequum
3036 2950 3193 3006 fuerit
3237 2962 3296 3007 ut
3318 2968 3438 3008 cum
3483 2954 3600 3023 ipso
3646 2956 3700 3010 in

2120 3044 2345 3113 gratiam
2373 3042 2640 3097 redeatis?
2669 3043 2735 3097 Et
2752 3042 2895 3113 quod
2925 3043 3176 3098 tandem?
3202 3043 3336 3096 Eum
3363 3045 3452 3114 qui
3476 3061 3578 3100 non
3611 3061 3704 3101 ne-

2121 3143 2258 3188 verat
2283 3142 2543 3204 peccatum
2560 3174 2576 3198 ,
2605 3149 2698 3202 pro
2724 3131 2863 3187 vobis
2883 3143 3142 3204 peccatum
3171 3135 3308 3205 fecit.
3330 3134 3462 3190 Nam
3487 3137 3700 3193 etiamsi

2123 3223 2253 3278 nihil
2282 3224 2502 3279 omnino
2529 3223 2891 3294 pmstitisset,
2917 3225 3011 3279 sed
3037 3223 3140 3280 hoc
3168 3225 3444 3282 dumtaxat
3464 3227 3700 3294 fecisset;

2120 3316 2316 3386 cogita,
2345 3331 2551 3388 quaeso,
2579 3313 2765 3388 quanti
2791 3315 2921 3373 illud
2941 3316 3314 3372 aestimandum
3357 3330 3472 3373 erat
3498 3359 3514 3384 ,
3555 3322 3698 3389 quod

2123 3407 2315 3462 Filium
2339 3423 2493 3463 suum
2521 3423 2619 3479 pro
2646 3408 2748 3473 iis,
2792 3422 2824 3462 a
2868 3407 3061 3478 quibus
3102 3409 3426 3463 contumelia
3479 3409 3702 3465 allectus

2122 3500 2316 3567 fuerat,
2342 3497 2601 3554 dedisset.
2627 3498 2779 3554 Nunc
2811 3513 2943 3554 vero
2985 3506 3039 3553 et
3084 3512 3274 3569 magna
3319 3501 3602 3569 praestitit,
3643 3511 3701 3558 et

2123 3603 2381 3661 praeterea
2413 3605 2534 3646 eum
2563 3590 2654 3659 qui
2678 3589 2838 3645 laesus
2859 3587 3062 3654 fuerat,
3093 3605 3192 3659 pro
3220 3591 3283 3645 iis
3308 3591 3399 3661 qui
3428 3593 3694 3658 laaserant,

2120 3679 2349 3734 cruciari
2379 3680 2639 3749 permisit.
2667 3679 2737 3735 At
2765 3679 2868 3734 hoc
2891 3678 3109 3735 minimc
3136 3681 3348 3751 quidem
3388 3683 3522 3738 dixit
3554 3687 3701 3754 Apo-

2123 3771 2314 3834 stolus,
2339 3771 2456 3836 sed,
2485 3771 2626 3841 quod
2646 3770 2814 3825 multo
2836 3769 2921 3826 his
2945 3771 3116 3841 majus
3140 3782 3274 3838 erat,
3308 3777 3501 3845 posuit.
3532 3776 3700 3844 Quid-

2122 3875 2245 3915 nam
2272 3861 2494 3914 autem?
2520 3859 2680 3927 Eum,
2706 3860 2901 3931 inquit,
2926 3861 3014 3931 qui
3030 3877 3129 3914 non
3157 3875 3361 3918 noverat
3404 3878 3660 3935 peccatum
3679 3909 3695 3934 ,

2121 3951 2211 4021 qui
2237 3949 2462 4022 ipsamet
2488 3950 2688 4020 justitia
2711 3960 2858 4019 erat,
2885 3961 3152 4022 peccatum
3172 3952 3330 4022 fecit;
3357 3955 3460 4010 hoc
3486 3967 3569 4011 est
3589 3999 3607 4023 ,
3636 3970 3698 4014 ut

2124 4053 2455 4112 peccatorem
2479 4043 2820 4100 condemnari
2865 4057 3050 4113 passus
3097 4058 3212 4110 est,
3259 4055 3318 4100 ut
3356 4047 3696 4104 maledictum

2122 4134 2391 4188 hominem
2421 4133 2556 4189 mori
2591 4151 2603 4187 :
2640 4133 2942 4189 .llaledictus
2966 4134 3142 4201 enim,
3174 4137 3260 4206 qui
3305 4139 3486 4205 pendet
3526 4140 3579 4194 in
3625 4143 3694 4194 ti-

2119 4240 2218 4294 gno
2248 4223 2435 4293 (Deut.
2458 4222 2550 4280 21.
2579 4223 2651 4279 23
2675 4225 2714 4294 ).
2745 4224 2910 4280 Multo
2951 4225 3150 4296 quippe
3191 4229 3424 4284 atrocius
3465 4241 3580 4286 erat
3623 4233 3694 4288 ita

2121 4316 2255 4370 mori
2280 4357 2294 4380 ,
2327 4332 2486 4385 quam
2513 4316 2795 4372 dumtaxat
2821 4319 2954 4372 mori
2985 4335 2999 4371 :
3032 4320 3171 4388 quod
3200 4320 3313 4390 ipse
3334 4330 3548 4394 quoque
3589 4326 3696 4380 alio

2121 4406 2238 4461 loco
2279 4406 2607 4472 subindicat,
2643 4408 2855 4474 dicens,
2905 4408 3096 4463 Factus
3133 4413 3364 4466 obediens
3407 4431 3564 4483 usque
3627 4418 3696 4471 ad

2119 4508 2326 4552 mortem
2345 4539 2361 4564 ,
2392 4510 2602 4553 mortem
2627 4509 2794 4555 autem
2817 4501 2981 4555 crucis
3011 4500 3282 4574 (Philipp.
3303 4505 3358 4558 2.
3391 4509 3481 4576 8).
3509 4509 3694 4580 Neque

2117 4591 2259 4645 enim
2291 4592 2583 4647 cruciatum
2620 4592 2897 4649 dumtaxat
2939 4607 3002 4648 ea
3049 4609 3138 4650 res
3181 4594 3448 4663 habebat,
3493 4602 3590 4656 sed
3636 4614 3691 4658 et

2118 4681 2480 4751 ignominiam.
2505 4683 2880 4740 Animadverte
2895 4683 3072 4754 itaque
3098 4696 3227 4755 quot
3251 4687 3319 4743 ab
3343 4704 3410 4744 eo
3437 4691 3692 4749 beneficia

2117 4776 2408 4845 acceperis.
2439 4775 2686 4846 Magnum
2714 4776 2855 4830 enim
2883 4777 3208 4832 censendum
3239 4787 3324 4834 est
3345 4820 3360 4845 ,
3392 4794 3512 4836 curn
3541 4786 3692 4854 quis,

2116 4867 2277 4922 etiam
2305 4877 2579 4936 peccator,
2608 4881 2706 4935 pro
2730 4867 2836 4921 alio
2860 4881 3179 4937 quicumque
3206 4868 3277 4924 sit
3315 4880 3543 4927 mortem
3588 4889 3690 4945 op-

2118 4960 2290 5028 petit:
2322 4957 2899 5026 atcumjnstusetiam
2951 4964 3034 5012 est
3079 4958 3168 5028 qui
3211 4961 3448 5030 patitur,
3499 4973 3555 5020 et
3595 4981 3694 5035 pro

2118 5049 2486 5119 peccatoribus
2511 5049 2770 5115 moritur;
2801 5064 2902 5105 nec
2927 5050 3102 5105 solum
3130 5054 3374 5122 moritur,
3404 5057 3498 5111 sed
3527 5059 3688 5114 etiam

2117 5147 2174 5192 ut
2201 5137 2582 5204 exsecrandus,
2609 5151 2708 5193 nec
2733 5146 2790 5192 ut
2808 5141 3165 5196 exsecrandus
3193 5152 3394 5200 tantum
3412 5150 3649 5202 moritur
3667 5190 3684 5216 ,

2115 5244 2300 5283 verum
2331 5230 2489 5282 etiam
2512 5228 2742 5298 ingentia
2771 5226 2897 5284 hinc
2916 5270 2932 5294 ,
2959 5239 3014 5284 et
3044 5247 3162 5301 quae
3187 5248 3471 5302 numquam
3498 5251 3690 5305 exspe-

2112 5329 2470 5383 ctaveramus,
2496 5319 2635 5375 bona
2661 5318 2815 5376 nobis
2833 5321 3122 5392 conciliat(
3145 5320 3214 5378 Ut
3233 5326 3377 5379 enim
3407 5326 3692 5394 efﬁciamur

2115 5410 2208 5465 Dei
2229 5411 2434 5482 justitia
2461 5413 2516 5465 in
2542 5412 2652 5482 ipso
2676 5449 2692 5478 ,
2737 5409 2949 5482 inquit)
2977 5429 2992 5465 :
3021 5426 3267 5483 quamam
3314 5414 3428 5469 inec
3469 5418 3686 5488 oratio,

2111 5521 2354 5576 qumnam
2383 5520 2533 5562 mens
2552 5505 2668 5560 haec
2695 5506 2944 5576 consequi
2974 5515 3132 5576 atque
3164 5508 3464 5577 exprimere
3491 5515 3689 5581 queat?

2114 5599 2247 5652 Eum
2274 5597 2438 5664 enim,
2461 5597 2551 5666 qui
2581 5596 2758 5666 justus
2786 5606 2922 5662 erat,
2954 5595 3142 5665 inquit,
3170 5606 3503 5666 peccatorem
3526 5600 3686 5672 fecit,

2113 5701 2166 5742 ut
2192 5696 2502 5758 peccatores
2525 5687 2700 5756 justos
2727 5685 2950 5742 efﬁciat.
2981 5685 3091 5742 lmo
3135 5703 3200 5742 ne
3239 5689 3320 5744 sic
3355 5690 3569 5759 quidem
3599 5694 3680 5748 lo-

2114 5791 2306 5853 quutus
2334 5790 2437 5851 est,
2471 5779 2563 5836 sed
2609 5778 2749 5851 quod
2791 5779 2945 5850 longe
2987 5771 3266 5838 sublimius
3312 5793 3463 5856 erat,
3511 5784 3673 5849 dixit;
