4090 6216
423 322 530 380 479

425 451 600 506 neque
613 433 758 490 enim
779 428 1137 489 affectionem,
1159 421 1254 475 sed
1281 419 1588 488 qualitatem
1612 414 1792 506 ipsam;
1809 407 2005 478 posuit.

431 501 544 585 Non
575 528 718 581 enim
749 522 883 578 dixit
903 562 917 584 ,
946 517 1098 574 Fecit
1125 521 1483 584 peccatorem,
1505 505 1598 560 sed
1620 547 1634 570 ,
1671 501 1813 557 Fecit
1835 513 2011 568 pecca-

428 632 578 682 tum;
611 632 740 678 non,
773 613 909 667 Eum
931 611 1019 678 qui
1047 613 1324 676 peccatum
1355 615 1461 655 non
1486 603 1817 666 perpetrarat
1837 631 1852 654 ,
1890 588 2010 652 sed,

427 713 529 778 Qui
555 725 622 763 ne
653 713 926 774 peccatum
952 699 1167 770 quidem
1193 702 1347 751 norat
1373 710 1387 746 :
1423 700 1479 745 ut
1502 700 1555 744 et
1581 702 1678 778 nos
1694 684 2010 778 efﬁciamur,

429 771 537 856 non
559 771 710 866 justi,
734 792 826 848 sed
853 789 1056 861 justitia
1089 788 1204 858 ipsa
1224 827 1239 850 ,
1271 795 1431 854 atque
1474 779 1608 834 adeo
1653 775 1748 830 Dei
1785 771 2011 844 justitia.

432 891 524 946 Dei
545 865 688 943 etum
719 885 834 954 ipsa
864 891 968 944 est,
998 895 1118 935 cum
1146 894 1252 933 non
1277 893 1344 932 ex
1368 874 1620 946 operibus
1666 871 1826 942 (nam
1863 868 1916 921 in
1951 865 2016 920 iis

432 983 633 1038 nullam
664 979 840 1034 labem
870 975 1096 1030 inveniri
1127 985 1350 1028 necesse
1375 971 1579 1036 esset),
1605 965 1700 1020 sed
1730 979 1796 1019 ex
1822 961 2013 1033 gratia,

433 1089 556 1146 qua:
583 1079 860 1142 peccatum
887 1082 1045 1121 omne
1077 1077 1295 1134 prorsus
1319 1060 1481 1122 delet.
1510 1053 2020 1146 iustiﬁcamurJioc

435 1145 600 1234 porro
630 1161 788 1216 simul
819 1173 916 1212 nec
945 1156 1136 1210 animis
1162 1153 1341 1210 ell'erri
1368 1165 1468 1206 nos
1493 1150 1620 1204 sinit
1640 1189 1653 1212 ,
1693 1145 1835 1216 quod
1880 1145 2020 1200 Deus

437 1255 489 1311 id
523 1263 692 1308 totum
723 1251 874 1305 nobis
903 1247 1180 1309 tribuerit,
1211 1254 1269 1300 et
1309 1242 1550 1298 beneﬁcii
1605 1238 2018 1310 magnitudinem

439 1344 696 1402 ostendit.
730 1343 882 1397 Prior
905 1339 1051 1394 enim
1077 1337 1167 1392 illa
1203 1335 1335 1404 legis
1363 1342 1524 1404 atque
1551 1345 1771 1400 operum
1817 1329 2020 1398 justitia

440 1446 559 1500 est,
587 1435 700 1489 bazc
730 1447 856 1488 vero
892 1431 984 1485 Dei
1029 1427 1257 1498 justitia.
1311 1425 1437 1480 "330
1488 1424 1646 1493 igitur
1691 1422 2021 1491 cogitantes,

443 1528 610 1596 magis
636 1525 794 1580 verba
827 1524 924 1576 ista
945 1562 961 1586 ,
991 1535 1149 1590 quam
1177 1518 1474 1588 gehennam
1507 1517 1786 1569 timeamus
1812 1530 1826 1578 ;
1858 1513 2026 1581 magis

447 1623 542 1674 bas
561 1635 677 1680 res,
703 1631 862 1686 quam
893 1615 1064 1683 ipsum
1090 1611 1342 1666 catlorum
1387 1624 1609 1676 regnum
1656 1607 2024 1672 admiremur;

447 1725 547 1764 nec
573 1718 734 1779 grave
761 1719 883 1760 esse
907 1703 1207 1772 judicemus
1239 1715 1394 1769 poena
1431 1698 1603 1762 afﬁci,
1644 1699 1736 1753 sed
1786 1713 2024 1766 peccare.

447 1805 578 1859 Nam
596 1800 805 1857 etiamsi
837 1800 950 1866 ipse
979 1799 1032 1851 in
1060 1809 1158 1850 nos
1185 1793 1404 1848 minime
1434 1791 1902 1856 animadverteret,
1929 1806 2030 1846 nos

451 1905 625 1949 tamen
655 1891 723 1946 de
746 1889 901 1944 nobis
927 1887 1057 1957 ipsis
1089 1899 1276 1956 pinnas
1299 1899 1513 1940 sumere
1533 1885 1851 1939 deberemus
1875 1925 1890 1947 ,
1941 1885 2030 1952 qui

453 1995 558 2038 tam
607 1980 799 2052 ingrati
828 1981 879 2034 in
930 1980 1067 2033 bene
1109 1976 1177 2031 de
1215 1975 1370 2029 nobis
1413 1975 1662 2029 meritum
1707 1973 2029 2028 exstitimus.

455 2076 523 2130 Et
550 2074 767 2146 quidem
793 2113 807 2136 ,
834 2070 1089 2126 amasiam
1115 2067 1381 2138 quispiam
1409 2067 1613 2121 habens
1637 2107 1652 2131 ,
1684 2081 1828 2136 strpe
1871 2065 2031 2120 etiam

453 2168 556 2222 sibi
583 2174 808 2220 mortem
840 2161 1117 2224 conscivit,
1147 2159 1290 2230 quod
1313 2174 1376 2215 ea
1399 2159 1556 2229 potiri
1589 2173 1693 2212 non
1739 2158 2032 2228 potuisset;

452 2267 614 2328 atque
642 2256 804 2311 etiam
831 2253 1051 2324 potitus,
1077 2251 1123 2308 si
1147 2250 1272 2320 quid
1303 2251 1354 2305 in
1379 2265 1496 2306 eam
1526 2250 1762 2320 peccarit
1780 2291 1794 2316 ,
1824 2264 1891 2303 ne
1919 2250 2036 2303 luce

455 2349 672 2421 quidem
696 2362 756 2403 se
781 2347 998 2417 dignum
1027 2345 1295 2400 existimat
1323 2361 1339 2397 :
1388 2358 1486 2398 nos
1529 2352 1706 2397 autem
1738 2350 1844 2396 tam
1889 2342 2039 2396 beni-

457 2455 619 2512 gnum
639 2438 920 2494 Dominum
941 2433 1280 2493 contumeliis
1301 2433 1654 2502 incessentes,
1674 2447 1783 2489 non
1803 2433 2054 2506 nosipsos

458 2533 513 2588 in
557 2531 814 2602 gehennae
871 2527 1136 2584 ﬂammam
1181 2527 1521 2597 injiciemus?
1559 2526 1746 2582 Mirum
1795 2527 1994 2598 aliquid
2021 2568 2038 2597 ,

458 2623 752 2693 singulare,
782 2619 1031 2690 quodque
1070 2619 1342 2689 plerisque
1388 2618 1702 2673 incredibile
1738 2618 2040 2685 videbitur,

461 2715 636 2769 dicam
671 2730 684 2768 :
722 2713 893 2780 major
919 2712 967 2765 ei
995 2711 1084 2780 qui
1111 2751 1125 2772 ,
1157 2725 1278 2764 eum
1307 2718 1411 2763 tam
1443 2709 1729 2780 benignum
1761 2693 2042 2764 Domitium

464 2803 760 2860 ostenderit
779 2844 795 2868 ,
827 2817 1012 2872 poenas
1043 2802 1159 2866 luit,
1181 2801 1478 2856 consolatio
1501 2802 1672 2856 futura
1697 2812 1779 2856 cst
1801 2842 1814 2863 ,
1843 2803 1886 2856 si
1917 2817 2044 2856 sana

466 2907 644 2953 tuente
668 2895 758 2957 sit,
786 2908 1038 2962 eumque,
1067 2901 1127 2946 ut
1152 2907 1247 2963 par
1273 2901 1378 2961 est,
1409 2901 1573 2959 amet,
1602 2908 1759 2962 quam
1784 2893 1830 2948 ei
1854 2893 1922 2948 de
1941 2909 2048 2964 quo

466 2986 785 3057 supplicium
813 3001 916 3038 non
948 2983 1192 3038 sumitur.

542 3078 596 3133 4.
623 3078 798 3146 Atque
819 3074 921 3130 hoc
937 3075 1020 3129 vel
1037 3089 1102 3128 ex
1123 3073 1394 3128 communi
1416 3073 1802 3129 consuetudine
1819 3075 2050 3145 perspici

469 3179 665 3238 potest.
686 3167 820 3223 Nam
849 3167 938 3237 qui
971 3167 1238 3222 hominem
1266 3165 1366 3220 sibi
1391 3167 1724 3221 carissimum
1753 3168 1910 3232 laesit,
1939 3179 2049 3222 tum

473 3262 702 3318 maxime
727 3261 975 3331 quiescit,
1007 3274 1129 3314 cum
1157 3273 1187 3312 a
1217 3258 1396 3328 seipse
1440 3273 1627 3328 pinnas
1668 3261 1942 3330 exegerit,
1988 3275 2052 3316 ac

473 3354 600 3409 mali
629 3351 828 3423 aliquid
861 3365 1145 3421 perpessus
1172 3349 1330 3404 fuerit
1361 3366 1375 3401 :
1405 3358 1462 3403 ut
1499 3361 1553 3404 et
1596 3350 1760 3405 David
1803 3351 2049 3418 dicebat,

477 3449 586 3518 Ego
610 3447 697 3518 qui
717 3455 890 3517 pastor
915 3459 1029 3498 sum
1045 3484 1060 3510 ,
1101 3442 1328 3513 peccaui;
1346 3457 1438 3513 ego
1463 3443 1550 3512 qui
1578 3453 1752 3511 pastor
1776 3460 1886 3496 sum
1910 3486 1926 3510 ,
1958 3445 2056 3498 ini.

475 3555 570 3608 que
591 3539 668 3607 egi
690 3527 925 3604 :isti'qui
959 3548 1072 3586 oves
1105 3541 1257 3598 sunt,
1292 3532 1415 3603 quid
1457 3534 1683 3604 fecerunt
1704 3534 1730 3588 .’
1777 3532 2014 3589 Vertatur
2037 3576 2052 3602 ,

477 3629 684 3682 obsecro
705 3667 724 3691 ,
753 3641 934 3679 manus
955 3633 1043 3677 tuo
1065 3633 1241 3676 contra
1269 3639 1351 3678 me
1371 3633 1419 3678 et
1446 3633 1622 3678 contra
1659 3625 1866 3680 domum
1898 3628 2056 3698 patris

477 3720 575 3772 mei
600 3716 691 3790 (2.
717 3713 845 3786 Reg.
870 3714 961 3769 24.
987 3713 1054 3767 t7
1078 3714 1118 3782 ).
1150 3713 1228 3767 Ad
1259 3713 1376 3770 llaec
1399 3729 1520 3768 cum
1556 3714 1880 3772 Absalonem
1923 3717 2057 3772 ami-

478 3813 587 3874 sit,
630 3808 972 3880 gravissimas
999 3823 1029 3862 a
1059 3809 1237 3879 seipse
1268 3824 1452 3879 ptenas
1477 3809 1799 3879 exposcebat
1826 3825 1841 3863 :
1873 3826 2060 3880 quam—

481 3915 638 3972 quam
665 3915 770 3955 non
799 3899 912 3970 ipse
936 3909 1052 3954 erat
1074 3942 1088 3962 .
1121 3901 1208 3969 qui
1238 3900 1488 3970 injuriam
1514 3901 1800 3966 intulerat,
1830 3901 1924 3958 sed
1969 3903 2057 3972 qui

482 4003 799 4064 acceperat;
831 3991 924 4047 sed
955 4001 1129 4047 tamen
1151 3993 1272 4063 quia
1300 3991 1500 4059 ingenti
1526 4007 1712 4048 amore
1757 3993 1922 4047 ﬁlium
1965 3994 2060 4048 de-

483 4086 719 4141 functum
748 4084 1206 4154 complectebatur
1228 4125 1244 4148 ,
1271 4084 1545 4139 doloribus
1570 4101 1690 4140 sese
1709 4085 2056 4150 conﬁciebat,

488 4177 586 4231 hac
611 4177 820 4232 ratione
850 4175 1102 4230 leviorem
1128 4175 1229 4228 sibi
1271 4174 1388 4244 ejus
1433 4190 1613 4230 casum
1661 4175 1917 4231 efﬁciens.
1973 4177 2062 4232 Sic

486 4282 584 4321 nos
605 4268 782 4336 igitur.
814 4281 936 4320 eum
967 4267 1018 4320 in
1043 4281 1164 4320 eum
1196 4281 1476 4334 peccamus
1500 4306 1512 4327 .
1549 4268 1600 4320 in
1635 4282 1793 4336 quem
1843 4283 2064 4336 peccare

484 4359 706 4414 minime
733 4357 1043 4426 oportebat,
1073 4371 1283 4426 poenam
1329 4356 1396 4412 de
1435 4356 1720 4428 nobisipsis
1767 4375 2060 4416 sumamus.

485 4452 678 4504 Annon
700 4465 794 4504 eos
819 4449 1008 4504 videtis
1028 4489 1044 4513 ,
1077 4449 1166 4518 qui
1197 4448 1510 4505 clarissimis
1533 4449 1657 4506 ﬁliis
1686 4451 1858 4506 orbati
1899 4462 2024 4508 sunt
2045 4495 2060 4520 ,

485 4539 753 4609 quomodo
781 4537 1174 4594 diserucientur
1197 4554 1261 4594 ac
1281 4539 1502 4608 capillos
1527 4542 1730 4596 vellant
1751 4583 1766 4608 ,
1811 4545 2064 4613 quoniam

485 4632 660 4686 lulalii
687 4631 808 4686 loco
833 4630 938 4685 illis
963 4638 1084 4696 est,
1117 4644 1213 4698 pro
1257 4631 1322 4684 iis
1355 4645 1490 4699 quos
1534 4645 1714 4688 amant
1759 4650 1878 4690 sese
1929 4636 2068 4691 afﬂi-

485 4722 673 4776 ctare?
695 4721 848 4788 Quod
873 4721 959 4786 si,
987 4737 1109 4774 cum
1137 4720 1268 4775 nihil
1290 4721 1414 4775 mali
1440 4721 1491 4776 in
1515 4721 1759 4778 homines
1791 4726 1944 4780 nobis
1975 4741 2067 4780 ca-

487 4813 730 4864 rissimos
746 4811 1139 4873 admiserimus.
1169 4813 1409 4868 levamur
1432 4824 1628 4881 tamen,
1651 4829 1771 4869 eum
1793 4831 1857 4871 ex
1877 4832 2065 4872 eorum

487 4901 881 4957 calamitatibus
897 4903 1084 4960 dolore
1122 4907 1220 4975 ipsi
1249 4906 1543 4972 efﬁcimur;
1571 4925 1748 4963 annon
1794 4925 1914 4964 cum
1965 4913 2067 4982 ipsi

488 5007 697 5057 suntne,
742 4994 832 5062 qui
861 5008 956 5048 eos
975 4996 1040 5049 ad
1069 4997 1394 5052 iracundiam
1425 5000 1810 5056 concitavimus
1843 5010 1895 5056 et
1926 5003 2068 5073 inju-

495 5083 630 5140 riam
659 5080 969 5144 intulimus,
1017 5083 1184 5137 multo
1230 5087 1398 5155 magis
1439 5104 1537 5143 nos
1574 5092 1839 5146 recreabit
1882 5107 2069 5163 poenas

489 5173 642 5238 dare,
671 5186 829 5244 quam
852 5185 1008 5241 pinna
1035 5188 1138 5226 non
1166 5174 1343 5230 afﬁci?
1366 5176 1571 5233 Nemini
1613 5182 1664 5236 id
1708 5184 1924 5240 dubiant
1965 5197 2067 5241 est.

491 5263 548 5320 Si
571 5265 692 5335 quis
721 5279 844 5336 erga
875 5263 1142 5320 Christum
1171 5280 1237 5321 eo
1259 5282 1442 5324 amore
1465 5282 1569 5338 est,
1601 5289 1708 5343 quo
1735 5274 1918 5343 debet,
1942 5278 2070 5348 quid

491 5353 669 5409 dicam
713 5355 993 5428 intelligit,
1038 5356 1329 5427 quomodo,
1382 5373 1452 5416 ne
1491 5359 1607 5432 ipso
1649 5367 1862 5434 quidem
1912 5369 2067 5439 igno-

495 5455 676 5501 scente
697 5484 715 5512 ,
759 5447 888 5517 quin
916 5447 1149 5520 seipsum
1173 5451 1379 5508 cruciet
1403 5468 1507 5510 non
1539 5457 1820 5514 sustinebit
1847 5475 1860 5511 :
1891 5460 2064 5514 maxi-

1169 309 1226 365 S.
1265 300 1544 362 JOANNIS
1575 285 2052 354 CIIRYSOSTOMI
2088 285 2404 344 ABCHIEP.
2445 283 2974 343 CONSTANTINOP.

3591 277 3698 340 ιεο

2117 417 2260 458 mum
2285 399 2430 457 enim
2459 401 2774 470 supplicium
2801 416 2866 455 eo
2891 399 3008 468 ipso
3034 397 3237 468 pendit,
3266 396 3408 468 quod
3437 397 3607 468 ipsum
3623 400 3691 452 ad

2117 493 2440 548 iracundiam
2471 491 2851 546 exstimulavit.
2882 489 2993 546 Nec
3017 504 3142 544 vero
3170 504 3257 544 me
3288 490 3417 559 fugit
3463 489 3697 543 incredi-

2117 585 2240 639 bilia
2267 584 2537 653 plerisque
2559 584 2725 638 videri
2751 599 2872 652 qua)
2896 584 3056 647 dico;
3089 582 3182 637 sed
3211 591 3387 637 tamen
3412 583 3482 636 ita
3507 596 3566 637 se
3604 597 3694 637 res

2119 675 2317 740 habet,
2348 684 2404 728 ut
2422 675 2552 729 dixi.
2581 673 2839 740 Quocirca
2867 673 2912 727 si
2935 673 3204 727 Christum
3229 673 3298 726 ita
3327 687 3569 726 amemus
3591 714 3604 733 .
3635 683 3694 726 ut

2118 769 2380 822 amandus
2406 777 2505 832 est,
2530 778 2872 835 peccatorum
2901 775 3208 820 nostrorum
3231 764 3699 834 ipsimetvindices

2118 859 2338 916 erimus.
2389 861 2457 915 lis
2503 861 2684 920 enim,
2733 860 2822 928 qui
2867 858 3100 927 cujusvis
3138 858 3370 910 hominis
3397 872 3577 911 amore
3602 856 3702 909 ﬂa-

2120 960 2294 1022 grant,
2320 966 2426 1006 non
2458 951 2583 1004 illud
2611 950 2890 1004 molestum
2920 959 3021 1015 est,
3050 948 3193 1018 quod
3225 965 3321 1018 pro
3352 948 3558 1003 offenso
3583 950 3702 1016 ejus

2122 1057 2280 1111 quem
2303 1051 2486 1095 amant
2518 1043 2732 1111 gravius
2757 1041 2954 1111 aliquid
2982 1041 3268 1110 patiantur.
3300 1041 3394 1095 sed
3426 1041 3550 1096 illud
3574 1050 3702 1095 ante

2121 1133 2322 1196 omnia,
2352 1133 2493 1202 quod
2524 1147 2647 1187 eum
2676 1147 2834 1201 quem
2865 1131 3092 1201 diligunt.
3137 1130 3478 1187 oﬂ'enderint.
3525 1133 3602 1186 Ac
3654 1134 3700 1184 si

2123 1224 2211 1278 ille
2239 1224 2318 1278 ira
2341 1233 2662 1288 commotus,
2686 1223 2930 1292 injuriam
2961 1231 3233 1292 acceptam
3263 1239 3368 1277 non
3395 1223 3701 1289 ulciscatur,

2126 1314 2230 1370 buc
2250 1315 2366 1382 ipso
2391 1315 2620 1369 amicum
2645 1315 2859 1385 gravius
2884 1317 3158 1370 excruciat
3185 1331 3199 1367 :
3229 1325 3413 1370 contra
3435 1358 3449 1378 ,
3499 1317 3542 1369 si
3571 1316 3705 1386 quid

2127 1421 2404 1476 pugnarum
2435 1416 2630 1466 sumat,
2664 1407 2781 1475 plus
2803 1407 2853 1462 ei
2881 1407 3161 1462 levationis
3203 1407 3378 1462 aﬁ'ert.
3420 1407 3500 1462 Ne
3545 1408 3708 1477 igitur

2127 1499 2426 1569 gehennam
2452 1497 2924 1568 perborrescamus
2947 1539 2964 1567 ,
2997 1499 3090 1555 sed
3122 1499 3172 1554 id
3221 1500 3396 1569 potius
3423 1502 3709 1556 timeamus

2129 1607 2197 1646 ne
2241 1593 2407 1646 Deum
2453 1591 2827 1648 offendamus:
2861 1591 2962 1646 hoc
3003 1592 3144 1646 enim
3185 1593 3276 1646 illo
3310 1593 3540 1647 atrocius
3583 1600 3667 1647 est
3691 1633 3709 1658 ,

2130 1698 2250 1738 cum
2279 1682 2520 1738 infensus
2544 1683 2745 1738 vultum
2770 1697 2924 1736 suum
2950 1698 2982 1736 a
3008 1683 3161 1737 nobis
3189 1684 3418 1747 avertit;
3452 1683 3550 1737 hoc
3572 1698 3711 1752 quu-

2131 1776 2213 1829 vis
2241 1775 2502 1845 supplicio
2528 1775 2742 1844 gravius
2767 1783 2926 1845 atque
2951 1775 3216 1829 acerbius.
3250 1777 3423 1847 Atque
3453 1787 3505 1829 ut
3543 1791 3715 1846 quan-

2135 1876 2244 1922 tum
2289 1866 2392 1921 hoc
2436 1867 2632 1921 malum
2683 1867 2754 1921 sit
2805 1867 3110 1936 intelligas,
3157 1867 3519 1921 animadverte
3564 1869 3712 1937 quod

2133 1961 2276 2016 dico.
2303 1962 2357 2016 Si
2390 1963 2512 2032 quis
2535 1977 2630 2016 rex
2667 1962 2927 2016 latronem
2971 1961 3202 2029 aliquem
3239 1975 3302 2016 ac
3350 1959 3712 2015 facinorosum

2136 2053 2408 2110 hominem
2437 2069 2624 2123 poenas
2646 2055 2883 2110 luentem
2911 2055 3268 2124 conspiciens,
3299 2068 3480 2107 carum
3509 2063 3564 2108 et
3584 2058 3710 2109 uni-

2137 2163 2258 2204 cum
2290 2162 2352 2204 ac
2372 2163 2682 2218 germanum
2717 2148 2880 2202 tilium
2925 2147 3222 2203 necandum
3266 2147 3511 2214 dederit,
3556 2162 3720 2218 atque

2138 2257 2241 2294 una
2273 2255 2394 2295 cum
2423 2248 2596 2294 morte
2637 2240 2841 2294 crimen
2890 2254 3102 2309 quoque
3146 2240 3214 2293 ab
3256 2239 3351 2294 illo
3400 2239 3463 2293 ad
3511 2239 3718 2306 ﬁlimn,

2141 2334 2298 2404 longe
2322 2333 2389 2388 ab
2415 2333 2557 2387 illius
2577 2332 2788 2401 ﬂagitiis
2813 2341 3097 2396 remotum,
3121 2333 3468 2396 transtulerit,
3491 2342 3547 2386 ut
3569 2348 3722 2387 remn

2140 2435 2196 2482 et
2223 2442 2252 2479 a
2279 2427 2542 2496 supplicio
2579 2428 2776 2480 eximat
2799 2433 2856 2480 et
2884 2425 2952 2480 ab
2993 2423 3209 2480 infamia
3253 2426 3512 2495 vindicet,
3559 2437 3724 2497 atque

2145 2519 2362 2591 insuper
2390 2517 2455 2575 ad
2483 2519 2750 2591 ingentem
2778 2517 3090 2591 dignitatem
3113 2517 3383 2586 cvexerit;
3416 2533 3478 2575 ac
3526 2517 3725 2574 deinde

2147 2615 2260 2685 ipse
2284 2626 2402 2686 post
2421 2617 2634 2669 allatam
2665 2616 2742 2669 illi
2773 2614 3034 2684 ejusmodi
3065 2615 3286 2669 salutem
3316 2615 3728 2684 amplissimam-

2145 2723 2249 2776 que
2277 2709 2498 2778 gloriam
2531 2709 2598 2762 ab
2621 2723 2687 2763 eo
2707 2749 2722 2773 ,
2757 2709 2808 2761 in
2841 2723 2998 2776 quem
3031 2717 3171 2760 tanta
3204 2705 3456 2762 beneﬁcia
3485 2707 3727 2762 contule-

2148 2802 2237 2869 rit,
2262 2802 2597 2857 contumeliis
2620 2803 2916 2864 afﬁciatur;
2940 2817 3114 2856 annon
3143 2802 3260 2868 ille,
3290 2803 3333 2855 si
3363 2803 3524 2858 modo
3545 2815 3726 2858 mente

2149 2901 2354 2948 constet
2377 2934 2392 2958 ,
2426 2893 2619 2947 millies
2642 2901 2868 2948 tnortcm
2899 2903 3154 2962 oppetere
3184 2892 3391 2953 mallet.
3431 2909 3588 2960 quam
3619 2877 3725 2946 tam

2153 2983 2340 3052 ingrati
2388 2983 2551 3038 animi
2603 2985 2827 3040 crimine
2876 2984 3160 3038 laborare?
3201 2984 3311 3038 Hoc
3359 2987 3536 3054 itaque
3587 3001 3728 3040 nunc

2151 3090 2363 3144 quoque
2391 3074 2803 3144 perpendamus,
2837 3087 2996 3144 atque
3023 3075 3089 3128 ob
3115 3075 3374 3129 offensum
3427 3078 3729 3131 beneficum

2154 3165 2377 3218 acerbos
2393 3166 2619 3235 gemitus
2645 3167 2951 3219 omittamus
2975 3183 2989 3220 :
3021 3181 3118 3219 nec
3142 3167 3261 3235 quia
3292 3166 3500 3236 injuriis
3519 3183 3549 3220 a
3575 3168 3729 3222 nobis

2154 3257 2434 3312 lacessitus
2455 3257 2812 3328 longanimem
2845 3271 2902 3312 se
2931 3258 3163 3328 praebet,
3199 3258 3448 3314 ﬁdentem
3494 3261 3730 3314 animum

2155 3353 2536 3420 pra-feramus,
2569 3365 2748 3405 verum
2779 3349 2850 3405 ob
2879 3349 2930 3404 id
2959 3366 3169 3420 quoque
3196 3351 3366 3420 ipsum
3397 3351 3732 3422 distorquea-

2155 3456 2294 3496 mur.
2319 3439 2452 3495 Nam
2480 3441 2640 3497 etiam
2666 3440 2806 3511 apud
2846 3439 3121 3506 homines,
3169 3458 3290 3496 cum
3337 3443 3453 3512 quis
3499 3443 3730 3512 impacta

2155 3533 2257 3589 sibi
2298 3533 2352 3587 in
2396 3533 2638 3589 dextram
2685 3532 2954 3588 maxillam
3001 3534 3152 3604 alapa
3207 3533 3469 3589 sinistram
3514 3550 3728 3603 quoque

2157 3626 2392 3695 praebet,
2438 3627 2698 3694 majorem
2745 3626 2998 3680 ultionem
3041 3627 3240 3691 sumit,
3291 3639 3444 3696 quam
3492 3623 3540 3679 si
3580 3624 3730 3678 mille

2159 3719 2339 3786 plagas
2371 3716 2650 3772 indixisset
2678 3734 2693 3773 :
2719 3727 2921 3772 etcum
2951 3717 3247 3772 maledictis
3275 3716 3544 3786 impetitus
3567 3755 3584 3779 ,
3625 3732 3733 3770 non

2159 3809 2320 3863 modo
2350 3809 2627 3863 maledicta
2661 3824 2765 3863 non
2792 3809 3022 3878 regerit,
3051 3808 3144 3864 sed
3189 3808 3348 3863 etiam
3389 3806 3733 3862 conviciatori

2159 3914 2257 3954 suo
2284 3899 2452 3954 fausta
2477 3908 2730 3970 precatur
2751 3941 2767 3969 ,
2795 3900 3011 3970 gravius
3039 3915 3160 3954 eum
3194 3899 3341 3966 ferit,
3371 3915 3528 3970 quam
3552 3899 3595 3953 si
3616 3914 3736 3952 sex-

2159 3991 2331 4046 centis
2359 4005 2481 4046 eum
2510 3990 2718 4060 probris
2743 3990 3247 4060 aspersisset.Quod
3265 3991 3308 4044 si
3335 3993 3388 4044 in
3414 3991 3735 4056 hominibus,

2161 4095 2280 4136 cum
2306 4083 2350 4136 is
2370 4098 2525 4152 quem
2547 4081 2737 4151 injuria
2759 4081 3033 4137 all'ecimus
3051 4083 3224 4136 lenem
3248 4097 3308 4136 se
3334 4082 3490 4137 nobis
3517 4083 3736 4152 prrebet,

2162 4173 2574 4239 erubescamus;
2607 4183 2805 4245 quanto
2833 4176 3002 4245 magis
3026 4174 3077 4227 in
3110 4173 3216 4229 Deo
3251 4173 3597 4229 metuendum
3635 4171 3739 4226 illis

2166 4277 2270 4334 est,
2301 4269 2390 4338 qui
2419 4267 2669 4338 peccandi
2695 4268 2854 4322 linem
2882 4285 2984 4321 non
3013 4267 3248 4334 faciunt,
3306 4285 3404 4324 nec
3448 4270 3738 4339 quidquam

2164 4359 2372 4415 adversi
2401 4360 2670 4430 patiuntur
2703 4377 2716 4415 :
2748 4360 3009 4430 siquidem
3041 4361 3093 4414 in
3124 4361 3312 4430 capitis
3345 4362 3577 4430 ipsorum
3625 4378 3744 4429 lter-

2167 4452 2379 4516 niciem,
2411 4451 2781 4508 inenarrabilis
2806 4453 3070 4506 cruciatus
3097 4462 3420 4507 asservatnr.
3445 4453 3568 4506 lla-.c
3584 4453 3746 4521 igitur

2167 4544 2347 4598 animo
2372 4545 2674 4608 volventes,
2705 4555 2977 4612 peccatum
3021 4555 3145 4599 ante
3188 4545 3364 4599 omnia
3416 4547 3693 4600 timeamus
3725 4562 3744 4602 ς

2169 4633 2273 4689 hoc
2299 4635 2439 4690 enim
2467 4650 2622 4705 poena
2668 4645 2785 4700 est,
2835 4633 2937 4690 hoc
2988 4636 3261 4705 gehenna,
3313 4636 3416 4691 hoc
3465 4637 3746 4691 itmumera

2170 4727 2330 4781 mala.
2357 4725 2465 4781 Nec
2493 4743 2624 4782 vero
2651 4735 2855 4782 tantum
2890 4730 3168 4787 timeamus
3192 4770 3207 4794 ,
3239 4728 3332 4783 sed
3364 4731 3522 4784 etiam
3565 4727 3749 4797 fugia-

2170 4836 2311 4886 mus,
2334 4837 2397 4878 ac
2422 4821 2532 4876 Deo
2564 4831 2820 4892 perpetuo
2850 4823 3059 4893 placere
3089 4821 3397 4876 studeamus
3429 4839 3442 4874 :
3478 4821 3578 4876 hoc
3603 4823 3747 4876 enim

2171 4929 2390 4986 regnum
2416 4923 2517 4984 est,
2544 4914 2647 4970 hoc
2675 4917 2795 4980 vita,
2830 4914 2933 4970 hoc
2963 4915 3236 4969 innumera
3267 4913 3423 4967 bona.
3455 4912 3527 4968 lta
3559 4913 3650 4966 ﬁet
3695 4922 3750 4967 ut

2171 5012 2227 5059 et
2278 5005 2362 5060 hic
2399 5005 2509 5077 jam
2555 5019 2722 5076 regno
2766 5006 3061 5075 potiemur,
3092 5013 3147 5057 et
3183 5003 3372 5058 futuris
3403 5003 3555 5058 bonis
3585 5023 3597 5057 :
3634 5019 3751 5072 qua:

2172 5096 2372 5151 utinam
2399 5111 2585 5152 omnes
2605 5112 2993 5166 consequamur
3013 5137 3028 5162 ,
3055 5110 3152 5166 per
3173 5095 3396 5164 gratiam
3416 5112 3479 5150 ac
3503 5096 3749 5167 benigni~

2175 5198 2336 5243 tatem
2361 5190 2565 5244 Domini
2589 5191 2754 5245 nostri
2783 5191 2910 5246 Jesu
2937 5189 3170 5256 Christi,
3195 5192 3280 5246 cui
3324 5207 3446 5246 cum
3493 5191 3653 5246 Patre
3701 5197 3750 5247 et

2174 5281 2374 5352 Spiritu
2403 5291 2587 5335 sancto
2607 5283 2796 5352 gloria,
2827 5284 3131 5353 imperium,
3160 5283 3354 5350 honor,
3376 5301 3518 5341 nunc
3534 5296 3588 5342 et
3609 5299 3750 5344 sem-

2174 5388 2289 5446 per,
2313 5383 2366 5429 et
2390 5374 2442 5429 in
2463 5375 2657 5431 saecula
2680 5377 3021 5432 saeculorum.
3050 5379 3238 5434 Amen.
