4098 6222
445 346 552 402 ιτς)

1484 345 1548 401 ΙΝ
1594 347 1808 404 EPIST.
1846 350 1887 405 Il
1931 349 2022 404 AD
2057 347 2214 406 COB.
2259 349 2494 407 HOMIL.
2529 349 2640 405 XII.

3585 356 3692 411 ιιιο

441 458 697 529 μέγεθος.
737 457 952 530 Ἐκείνη
993 460 1161 530 γὰρὴ
1204 461 1442 533 προτέρα
1483 464 1650 534 νόμου
1694 467 1788 519 καὶ
1837 466 2016 538 ἔργων
2115 466 2303 539 ῶσπερ
2333 468 2550 538 εἴρηκα.
2589 464 2713 518 Ἐάν
2742 463 2924 516 τοίνυν
2952 463 3194 534 φιλῶμεν
3221 463 3312 518 τὸν
3335 465 3590 536 Χριστὸν,
3616 473 3691 530 ὡς

436 549 777 622 δικαιοσύνη,
809 550 949 620 αῦτη
979 551 1036 604 δὲ
1065 551 1201 606 Θεοῦ
1229 553 1568 626 δικαιοσύνη.
1599 556 1766 610 Ταῦτ’
1801 553 1894 610 οῦν
1927 557 2014 610 ὲν-

2116 561 2291 629 φιλεῖν
2335 561 2450 622 δεῖ,
2501 558 2728 619 ἑαυτοὺς
2779 555 3208 626 τιμωρησόμεθα
3259 558 3688 628 ἁμαρτάνοντες.

437 643 732 711 νοήσαντες
757 641 1088 713 φοϐηθῶμεν
1109 644 1206 714 τῆς
1228 644 1452 715 γεέννης
1482 646 1682 717 μᾶλλον
1704 648 1773 702 τά
1795 650 2015 720 ῥήματα
2115 648 2240 713 Τοῖς
2260 649 2369 718 7&9
2391 647 2610 701 ὁτουοῦν
2633 647 2830 716 ἐρῶσιν
2855 646 2916 698 ού
2935 645 2998 698 τὸ
3019 647 3186 699 κακόν
3209 664 3260 699 τι
3282 648 3476 702 παθεῖν
3505 650 3687 720 ἀηδὲς,

435 729 630 794 ταῦτα,
653 730 992 802 αἰδεσθῶμεν
1018 733 1219 803 μᾶλλον
1238 737 1336 805 τῆς
1361 734 1727 806 βασιλείαςτά
1755 741 2016 810 πράγμα-
2114 741 2257 813 ὑπὲρ
2294 735 2370 794 ῶν
2404 739 2734 809 παρώξυναν
2784 736 2877 791 τὸν
2921 736 3218 808 ἐρώμενον,
3263 738 3378 793 ἀλλ’
3413 739 3546 792 αύτδ
3583 741 3690 811 πρὸ

435 837 526 884 τα,
550 823 645 874 καὶ
682 823 756 892 μὴ
793 822 1109 894 νομίσωμεν
1129 824 1365 894 χαλεπὸν
1402 822 1542 882 εἷναι
1568 829 1630 882 τὸ
1662 830 2010 896 κολάζεσθαι,

435 912 571 966 ἀλλά
590 912 652 965 τὸ
674 913 1034 984 ἁμαρτάνειν.
1066 917 1177 970 Kal
1206 917 1314 987 7&9
1347 919 1511 984 αὐτὸς
1548 921 1598 973 εί
1645 923 1720 993 μὴ
1751 921 2010 986 ἐκόλαζεν

433 1005 602 1075 ἡμᾶς,
629 1005 828 1068 αὐτοὺς
847 1007 1014 1078 ἐχρῆν
1039 1009 1340 1080 ἀπαιτῆσαι
1366 1010 1521 1081 δίκην
1546 1013 1798 1079 ἑαυτοὺς,
1831 1015 2006 1079 οὕτως

433 1093 751 1166 ἀγνώμονας
793 1099 921 1169 περὶ
951 1099 1044 1151 τὸν
1075 1099 1371 1171 εὐεργέτην
1409 1103 1752 1174 γενομένους.
1801 1104 1915 1158 Νῦν
1951 1105 2008 1159 δὲ

433 1187 716 1258 ἐρωμένην
757 1189 856 1258 μέν
889 1207 973 1254 τις
1017 1190 1174 1261 ἔχων,
1217 1193 1481 1258 πολλάκις
1522 1197 1615 1250 zeal
1653 1196 1845 1250 ἑαυτὸν
1878 1215 2009 1252 κατ-

433 1278 654 1349 έσφαξε,
683 1281 758 1351 μὴ
779 1281 957 1350 τυχὼν
973 1283 1069 1337 τοῦ
1093 1284 1314 1356 ἔρωτος’
1340 1289 1436 1342 zeal
1452 1287 1632 1359 τυχὼν
1649 1289 1728 1354 δὲ,
1754 1291 2009 1362 πεπλημ-

436 1370 689 1442 μεληκὼς
727 1376 808 1438 εἰς
841 1375 1011 1447 αὐτὴν
1031 1415 1048 1441 ,
1081 1377 1201 1431 οὐδὲ
1235 1380 1384 1446 ἀξιον
1429 1382 1528 1452 ζῇν
1557 1383 1770 1452 ἡγεῖται
1792 1399 1806 1414 ο
1840 1385 1918 1448 εἰς
1949 1383 2006 1436 δὲ

430 1465 522 1517 τὸν
552 1465 696 1519 οὕτω
740 1466 1124 1539 φιλάνθρωπον
1157 1472 1250 1524 zeal
1293 1473 1498 1543 ἥμερον
1531 1473 1877 1545 ὑϐρίζοντες,
1907 1477 2005 1546 οὐχ

431 1557 657 1619 ἑαυτοὺς
689 1557 1033 1628 ὲμϐαλοῦμεν
1061 1554 1162 1623 εἰς’
1183 1563 1246 1614 τὸ
1288 1561 1400 1634 πῦρ
1427 1565 1526 1630 τῆς
1552 1565 1813 1636 γεέννης;
1854 1569 2007 1622 Εῖπω

429 1662 479 1697 τι
545 1647 846 1716 παράδοξον
899 1649 992 1702 καὶ
1039 1649 1352 1720 θαυμαστὸν
1372 1691 1387 1716 ,
1446 1654 1542 1707 zeal
1601 1654 1818 1720 πολλοῖς
1875 1657 2007 1722 ἴσως

429 1737 682 1790 ἄπιστον·
723 1739 926 1808 μείζων
964 1739 1116 1794 ἔσται
1169 1743 1495 1814 παραμυθία
1545 1744 1622 1813 τῷ
1654 1746 2002 1818 κολαζομένῳ

429 1827 568 1895 μετά
593 1828 656 1882 τὸ
689 1828 991 1900 παροξῦναι
1028 1832 1120 1885 τὸν
1148 1831 1291 1886 οὕτω
1320 1834 1722 1903 φιλάνθρωπον,
1754 1837 1849 1892 έάν
1876 1837 2001 1892 νοῦν

427 1919 545 1991 ἔχῃ,
577 1920 670 1972 καὶ
703 1922 830 1992 φιλῇ
865 1921 956 1974 τὸν
985 1923 1283 1994 Δεσπότην,
1315 1924 1389 1987 ὡς
1423 1925 1596 1994 φιλεῖν
1623 1928 1724 1994 δεῖ,
1754 1930 1787 2000 ἢ
1818 1929 1896 2000 τῷ
1923 1929 1999 2001 μὴ

425 2009 796 2080 κολαζομένῳ.

496 2097 552 2149 δ’.
595 2099 704 2152 Kal
729 2098 889 2152 τοῦτο
913 2100 1006 2153 zeal
1027 2100 1138 2154 ἀπὸ
1169 2100 1268 2170 τῆς
1305 2103 1492 2175 κοινῆς
1526 2105 1811 2177 συνηθείας
1858 2109 2003 2169 ἐστιν

428 2186 576 2242 ἰδεῖν.
611 2188 668 2242 '0
690 2189 796 2260 7&9
817 2193 895 2254 εἰς
916 2191 1006 2244 τὸν
1029 2192 1281 2261 φίλτατον
1301 2195 1599 2267 ἠδικηκὼς,
1619 2199 1736 2252 τότε
1762 2199 1996 2271 μάλιστα

424 2278 784 2344 ἀναπαύεται,
817 2281 946 2334 ὅταν
971 2283 1165 2336 ἑαυτὸν
1194 2285 1474 2357 ἀπαιτήσῃ
1505 2287 1682 2360 δίκην,
1720 2291 1814 2343 zeal
1846 2292 1997 2367 πάθῃ

421 2370 610 2435 κακῶς
631 2389 647 2404 ο
674 2371 862 2444 ὥσπερ
894 2369 984 2428 οὖν
1012 2375 1109 2429 καὶ
1137 2377 1166 2430 ό
1197 2375 1359 2432 Δαυῖδ
1389 2377 1594 2448 ἔλεγεν,
1639 2380 1779 2452 Ἐγὼ
1805 2385 1838 2437 ὀ
1867 2399 1997 2438 ποι-

419 2461 542 2530 μὴν
575 2461 861 2532 ἥμαρτον,
907 2464 1006 2520 καί
1037 2465 1152 2534 ἐγὼ
1193 2469 1226 2521 ό
1271 2469 1498 2538 ποιμὴν
1541 2469 1990 2540 ἐκακοποίησιι·

421 2554 518 2607 καὶ
551 2550 739 2620 οὗτοι,
767 2557 834 2611 τὸ
856 2558 1159 2626 ποίμνιον,
1181 2559 1239 2612 τί
1269 2559 1605 2630 ἐπυίησαν;
1631 2564 1912 2618 Γενέσθω
1949 2565 1989 2634 ἡ

417 2645 548 2713 χείρ
572 2661 690 2700 σου
719 2647 791 2700 ἐν
819 2649 898 2713 τῷ
921 2649 1064 2714 οἴκῳ
1091 2649 1198 2704 τοῦ
1219 2654 1445 2719 πατρός
1465 2670 1604 2723 μου.
1637 2655 1747 2708 Καὶ
1779 2656 1868 2709 ὅτε
1899 2657 1992 2710 τὸν

431 2736 782 2808 Ἀϐεσσαλὼμ
840 2738 1123 2806 ἀπώλεσε,
1181 2741 1338 2813 δίκην
1397 2743 1587 2797 ἑαυτὸν
1646 2747 1844 2818 ἀπῄτει
1894 2748 1991 2821 τὴν

417 2820 671 2893 ἐσχάτηψ
700 2824 876 2878 καίτοι
899 2842 963 2894 γε
989 2827 1088 2880 οὐκ
1130 2822 1199 2900 ἦν
1227 2829 1388 2893 αὐτὸς
1417 2833 1446 2884 ό
1473 2832 1774 2904 ἠδικηκὼς.
1809 2836 1924 2890 ἀλλ’
1951 2820 1991 2890 ό

415 2911 742 2984 ἠδικημένος
763 2931 778 2946 ⁸
835 2917 952 2971 ἀλλ’
997 2919 1146 2990 ὅμως
1191 2920 1378 2992 ἐπειδὴ
1433 2923 1635 2995 σφόδρα
1682 2926 1852 2994 ἐφίλει
1896 2928 1989 2982 τὸν

414 3003 718 3060 ἀπελθόντα
737 3047 754 3072 ,
801 3010 1109 3064 κατέτεινεν
1149 3011 1340 3066 ἑαυτὸν
1372 3015 1494 3076 ταῖς
1531 3014 1746 3080 ὀδύναις
1769 3057 1784 3082 ,
1816 3019 1988 3092 ταύτῃ

415 3096 905 3170 παραμυθούμενος
958 3101 1169 3160 ἑαυτόν.
1229 3105 1340 3158 Καὶ
1397 3106 1558 3176 ἡμεῖς
1613 3109 1813 3177 τοίνυν,
1862 3112 1990 3168 ὅταν

414 3188 816 3263 ἁμαρτάνωμεν
862 3193 944 3257 είς
974 3193 1034 3248 δν
1069 3195 1168 3249 οὐκ
1212 3197 1377 3268 ἐχρῆν
1427 3196 1580 3272 [519]
1627 3201 1988 3274 ἁμαρτάνειν,

411 3278 566 3350 δίκην
593 3282 819 3346 ἑαυτοὺς
843 3283 1184 3356 ἀπαιτῶμεν.
1211 3287 1324 3358 Ούχ
1347 3288 1514 3360 ὁρᾶτε
1543 3291 1669 3356 τοὺς
1694 3293 1991 3350 ἀποϐαλόν-

413 3387 508 3434 τας
541 3373 737 3438 παῖδας
772 3376 1060 3447 γνησίους,
1102 3379 1184 3432 ὅτι
1229 3378 1318 3434 διά
1354 3379 1512 3436 τοῦτο
1561 3384 1656 3437 καὶ
1698 3386 1988 3442 κόπτονται

319 3525 322 3528 7
415 3462 510 3516 zeal
541 3464 732 3535 τρίχας
771 3465 1076 3536 τίλλουσιν,
1124 3469 1313 3542 ἐπειδὴ
1363 3475 1720 3545 παραμυθίαν
1772 3478 1884 3549 ἔχει
1929 3482 1989 3534 τὸ

412 3555 660 3621 κολάζειν
683 3561 907 3624 ἑαυτοὺς
941 3562 1083 3634 ὑπὲρ
1112 3565 1223 3618 τῶν
1249 3565 1625 3639 φιλουμένων;
1661 3572 1724 3626 El
1755 3572 1834 3638 δὲ,
1860 3575 1988 3628 ὅταν

411 3650 579 3721 μηδὲν
625 3651 990 3724 ἐργασώμεθά
1038 3657 1199 3727 ἡμεῖς
1252 3660 1380 3724 τοὺς
1435 3661 1723 3730 φιλτάτους
1781 3665 1983 3734 δεινὸν,

411 3741 567 3811 φέρει
594 3744 950 3815 παραμυθίαν
975 3748 1110 3818 ημῖν
1138 3748 1199 3802 τὸ
1229 3750 1415 3816 κακῶς
1444 3753 1698 3825 πάσχειν,
1729 3757 1872 3830 ὑπὲρ
1909 3753 1988 3813 ὧν

409 3831 606 3887 ἐκεῖνοι
629 3835 814 3900 κακῶς
835 3837 1168 3894 πεπόνθασιν
1186 3857 1200 3871 ·
1228 3842 1356 3898 ὅταν
1378 3845 1534 3899 αὐτοὶ
1569 3840 1720 3917 ὦμεν
1754 3851 1802 3902 οί
1843 3868 1986 3922 παρ-

408 3923 694 3990 οξύναντες
735 3927 830 3980 zeal
881 3929 1204 4002 ύϐρικότες,
1243 3933 1303 3986 ού
1361 3934 1539 4006 πολλῷ
1591 3937 1793 4007 μᾶλλον
1840 3941 1987 4010 ἡμᾶς

409 4015 717 4069 ἀναπαύσει
761 4018 822 4071 τὸ
865 4018 1022 4091 δίκην
1050 4021 1254 4089 δοῦναι,
1305 4024 1338 4095 ἢ
1383 4025 1443 4078 τὸ
1493 4026 1570 4098 μὴ
1605 4039 1630 4068 ει
1661 4028 1984 4094 κολάζεσθαι

410 4105 668 4169 κόλασιν;
696 4109 863 4164 Παντί
889 4128 990 4164 που
1016 4112 1196 4182 δῆλον.
1231 4113 1300 4168 Et
1323 4132 1407 4180 τις
1439 4116 1585 4185 φιλεῖ
1611 4119 1703 4174 τὸν
1728 4121 1980 4190 Χριστὸν,

408 4193 488 4260 ὡς
518 4197 691 4265 φιλεῖν
710 4199 804 4261 δεῖ,
838 4196 979 4254 οἶδεν
1008 4202 1037 4255 ὃ
1065 4203 1207 4272 λέγω
1226 4245 1241 4270 ,
1270 4205 1386 4269 πῶς
1417 4207 1540 4260 ούδὲ
1572 4209 1736 4262 αὑτοῦ
1766 4227 1979 4282 συγχω-

409 4285 631 4358 ροῦντος
662 4289 908 4354 ἀνέξεται
941 4293 1017 4364 μὴ
1060 4294 1404 4358 κολάζεσθαι-
1447 4299 1548 4370 τὴν
1578 4301 1686 4371 γάρ
1717 4303 1981 4374 μεγίστην

405 4377 631 4433 κόλασιν
668 4379 957 4452 ὑπομένεις
993 4384 1304 4457 παροξύνας
1345 4389 1528 4442 αὐτόν.
1577 4391 1686 4444 Kal
1729 4387 1844 4445 οῐδα
1881 4395 1982 4464 μὲν

405 4472 517 4534 τοῖς
549 4471 760 4538 πολλοῖς
791 4474 997 4532 ἀπιστα
1032 4475 1230 4547 λέγων,
1276 4478 1419 4552 πλὴν
1463 4480 1579 4535 ἀλλ’
1627 4481 1800 4547 οὕτως
1833 4485 1980 4539 ἐστὶν

466 4685 495 4717 ⁸
513 4684 921 4760 βίελεεςρρυω,
958 4697 1015 4760 ιιι
1047 4695 1236 4760 optavit
1262 4692 1474 4746 Savilius
1494 4700 1550 4746 et
1570 4695 1824 4760 Inlerprea
1848 4697 1980 4750 Lau-

411 4766 496 4802 nus
513 4750 657 4813 legit.
690 4750 800 4801 Edil
844 4755 925 4800 καὶ
958 4753 1012 4802 τὸ
1033 4754 1118 4816 μή.

2111 834 2331 886 πάντων
2356 831 2417 884 τὸ
2437 829 2735 899 παροξῦναι
2760 829 2851 880 τὸν
2872 829 3257 898 ἀγαπώμενον.
3279 829 3394 881 Κάν
3412 829 3688 898 ὀργισθεὶς

2110 915 2264 984 οὗτος
2305 922 2379 991 μὴ
2409 920 2632 992 κολάσῃ,
2677 918 2942 989 μειζόνως
2971 918 3258 1001 ἐϐασάνισε
3288 919 3380 971 τὸν
3407 920 3644 990 ἐραστήν
3670 936 3684 950 ο

2109 1010 2176 1064 ἂν
2215 1011 2271 1064 δὲ
2308 1009 2464 1079 δίκην
2510 1009 2812 1080 ἀπαιτήσῃ,
2864 1008 3066 1078 μᾶλλον
3105 1007 3556 1079 παρεμυθήσατο.
3594 1012 3686 1080 Μὴ

2109 1101 2289 1156 τοίνυν
2343 1101 2568 1170 γέενναν
2624 1099 2951 1170 φοϐώμεθα,
3001 1099 3140 1155 ἀλλά
3190 1101 3252 1154 τὸ
3315 1102 3686 1174 προσκροῦσαι

2107 1192 2186 1263 τῷ
2239 1191 2391 1262 Θεῷ·
2451 1189 2609 1245 τοῦτο
2663 1191 2770 1260 γάρ
2823 1191 3032 1243 ἐκείνου
3084 1189 3492 1261 χαλεπώτερον,
3556 1193 3688 1246 ὅταν

2107 1283 2531 1360 ἀποστρέφηται
2569 1282 2951 1354 ὀργιζόμενος·
2986 1281 3146 1335 τοῦτο
3195 1282 3413 1335 πάντων
3465 1285 3685 1354 χεῖρον,

2106 1376 2264 1430 τοῦτο
2308 1378 2525 1429 πάντων
2570 1373 2992 1445 φορτικώτερον.
3019 1374 3130 1427 Kal
3159 1373 3245 1426 ἵνα
3283 1373 3462 1445 μάθῃς
3497 1374 3686 1445 ἡλίκον

2107 1469 2273 1532 ἐστὶν,
2323 1468 2573 1538 ἐννόησον
2611 1466 2768 1519 τοῦτο
2822 1465 2850 1518 δ
2887 1465 3050 1532 λέγω.
3097 1464 3164 1517 El
3197 1481 3280 1527 τις
3327 1464 3684 1534 κολαζόμενον

2109 1559 2232 1611 ἰδὼν
2274 1559 2559 1628 ἄνθρωπον
2595 1557 2799 1628 λῃστὴν
2851 1558 2948 1610 zeal
2989 1554 3330 1624 κακοῦργον,
3371 1554 3532 1619 αὐτὸς
3587 1555 3682 1626 βα-

2107 1653 2288 1714 σιλεὺς
2357 1652 2433 1704 ὢν
2456 1691 2472 1716 ,
2542 1651 2634 1704 τὸν
2705 1649 2989 1720 ἀγαπητὸν
3072 1649 3187 1702 υἱὸν
3217 1642 3224 1648 ’
3257 1649 3350 1702 τὸν
3420 1651 3681 1720 μονογενῆ

2105 1729 2458 1810 καῖ’γνήσιον
2500 1739 2700 1792 ἔδωκεν
2742 1738 2882 1792 ὥστε
2929 1737 3226 1807 σφαγῆναι,
3268 1738 3362 1790 zeal
3415 1738 3554 1808 μετά
3588 1736 3679 1790 τοῦ

2103 1833 2335 1887 θανάτου
2369 1834 2464 1888 zeal
2495 1833 2594 1904 τὴν
2637 1831 2818 1887 αἰτίαν
2849 1831 2945 1885 ἀπ’
2975 1831 3187 1885 ἐκείνου
3221 1830 3558 1900 μετήνεγκεν
3588 1829 3683 1883 ἐπὶ

2100 1923 2190 1976 τὸν
2219 1923 2336 1976 υἱὸν
2357 1923 2456 1976 οὐκ
2479 1923 2609 1976 ὄντα
2632 1920 2893 1985 τοιοῦτον,
2919 1921 3008 1974 ἵνα
3033 1922 3127 1973 zeal
3158 1919 3308 1990 σώσῃ
3340 1919 3429 1972 τὸν
3459 1919 3680 1973 κατάδι-

2101 2031 2214 2075 κον,
2264 2013 2360 2067 zeal
2398 2013 2500 2083 τῆς
2543 2013 2788 2082 πονηρᾶς
2835 2011 3157 2081 ὑπολήψεως
3199 2008 3506 2080 ἀπαλλάξῃ,
3561 2005 3681 2063 εἶτα

2101 2104 2242 2174 μετὰ
2261 2103 2432 2157 ταῦτα
2453 2104 2533 2167 είς
2559 2103 2802 2172 μεγάλην
2826 2102 2999 2173 ἀρχὴν
3021 2101 3180 2156 αὑτὸν
3205 2099 3519 2168 ἀναγαγὼν,
3541 2099 3680 2170 μετά

2096 2195 2196 2266 τὴν
2232 2195 2507 2266 σωτηρίαν
2526 2195 2621 2249 zeal
2643 2197 2740 2264 τὴν
2763 2195 2921 2260 δόξαν
2945 2194 3044 2264 τὴν
3069 2193 3400 2264 ἀπόρρητον,
3426 2189 3680 2262 ὑϐρίζετο

2098 2285 2249 2358 παρά
2286 2285 2380 2338 τοῦ
2405 2284 2630 2340 τοιαῦτα
2653 2284 2982 2347 πεπονθότος
3001 2300 3015 2314 ο
3045 2283 3145 2336 ούκ
3175 2281 3239 2336 ἂν
3272 2283 3446 2336 είλετο
3479 2283 3678 2352 μυριά-

2097 2393 2184 2440 κις
2215 2376 2506 2430 ἀποθανεῖν
2555 2377 2762 2438 ἐκεῖνος
2783 2413 2798 2438 ,
2830 2375 2883 2428 εῖ
2923 2389 2987 2442 γε
3016 2373 3141 2427 νοῦν
3173 2369 3340 2446 εἶχεν,
3376 2373 3410 2443 ἢ
3441 2373 3678 2445 τοσαύτῃ

2095 2462 2458 2534 ἀγνωμοσύνῃ
2489 2464 2723 2534 φανῆναι
2765 2462 3068 2525 ὑπεύθυνος
3102 2461 3220 2527 ὢνς
3263 2462 3434 2514 Τοῦτο
3473 2461 3536 2534 δὴ
3581 2461 3677 2515 zeal

2095 2553 2188 2606 νῦν
2217 2553 2579 2623 λογιζώμεθα,
2611 2553 2710 2606 zeal
2742 2552 3016 2623 στένωμεν
3046 2551 3257 2623 πικρῶς
3299 2550 3386 2620 ἐφ’
3419 2546 3500 2614 οἷς
3536 2567 3676 2622 παρ-

2093 2644 2379 2714 ωξύναμεν
2405 2645 2498 2698 τὸν
2521 2643 2820 2715 εὐεργέτην
2839 2659 2851 2671 ·
2888 2642 3046 2714 μηδὲ,
3077 2641 3266 2712 ἐπειδὴ
3305 2641 3676 2712 μακροθύμως

2094 2733 2446 2804 ὑϐριζόμενος
2484 2733 2675 2806 φέρει,
2715 2733 2804 2788 διὰ
2849 2733 3009 2788 τοῦτο
3042 2731 3372 2804 θαρρῶμεν,
3421 2732 3557 2786 ἀλλὰ
3604 2731 3674 2787 δι’

2092 2825 2223 2880 αὐτὸ
2255 2825 2352 2896 μὲν
2375 2822 2468 2879 οῦν
2496 2825 2654 2878 τοῦτο
2679 2824 3025 2896 δακνώμεθα.
3056 2825 3165 2878 Kal
3193 2825 3300 2895 7&9
3327 2823 3547 2876 ἐπὶτῶν
3575 2824 3671 2876 ἁν-

2094 2915 2350 2986 θρώπων,
2399 2917 2526 2970 ὅταν
2559 2933 2642 2980 τις
2674 2915 2904 2987 πληγεὶς
2945 2916 3045 2987 τὴν
3086 2915 3266 2980 δεξιὰν
3310 2915 3535 2982 σιαγόνα
3557 2954 3571 2979 ,
3599 2912 3674 2985 δῷ

2093 3011 2188 3064 zeal
2219 3009 2319 3079 τὴν
2352 3008 2678 3080 ἀριστερὰν,
2712 3007 2973 3079 μειζόνως
3005 3008 3293 3078 ἀμύνεται,
3328 3006 3360 3076 ἢ
3393 3007 3440 3059 εί
3473 3006 3674 3075 μυρίας

2091 3100 2261 3154 ἔδωκε
2288 3100 2522 3167 πληγάςο
2558 3098 2652 3152 zeal
2690 3099 2818 3153 ὅταν
2861 3096 3215 3167 λοιδορηθεὶς,
3259 3096 3335 3166 μὴ
3389 3095 3549 3164 μόνον
3573 3096 3673 3148 ούκ

2091 3192 2524 3263 ἁντιλοιδορήσῃ,
2579 3189 2716 3244 ἀλλά
2769 3190 2868 3244 zeal
2922 3188 3226 3259 εύλογήσῃ,
3289 3185 3670 3257 χαλεπώτερον

2089 3281 2346 3354 ἔπληξεν,
2377 3283 2411 3354 ἦ
2443 3283 2492 3336 εί
2525 3281 2741 3352 μυρίοις
2778 3279 3037 3333 ὀνείδεσιν
3077 3277 3326 3330 έπλυνεν.
3371 3276 3434 3328 El
3476 3275 3532 3328 δὲ
3582 3274 3670 3327 ἐπ’

2089 3373 2412 3446 ἀνθρώπων.
2439 3375 2567 3429 ὅταν
2606 3372 2919 3444 ὑϐρίζοντες
2951 3368 3332 3440 μακροθυμίας
3387 3365 3669 3420 ἀπολαύω-

2093 3483 2227 3537 μεν,
2261 3464 2755 3538 καταισχυνόμεθαο
2779 3462 2929 3536 [520]
2957 3460 3137 3531 πολλῷ
3172 3460 3372 3530 μᾶλλον
3401 3461 3494 3512 ἐπὶ
3533 3458 3667 3513 Θεοῦ

2089 3557 2380 3612 δεδοικέναι
2407 3558 2515 3628 χρὴ
2551 3557 2676 3619 τοὺς
2703 3554 3116 3626 ἁμαρτάνοντας
3142 3549 3430 3621 διηνεκῶς,
3463 3551 3555 3603 zeal
3579 3549 3669 3602 ού-

2087 3645 2180 3701 δὲν
2217 3647 2524 3718 πάσχοντας
2563 3645 2770 3700 δεινόν·
2822 3643 2916 3697 zeal
2946 3643 3056 3715 7&9
3089 3641 3185 3694 zeal
3229 3640 3322 3694 ἐπὶ
3372 3638 3527 3710 κακῷ
3569 3639 3667 3710 τῆς

2088 3740 2296 3794 ἑαυτῶν
2334 3738 2578 3808 κεφαλῆς
2618 3739 2653 3808 ἡ
2691 3737 2897 3807 ἀφατος
2933 3735 3117 3800 αὐτοῖς
3155 3733 3545 3806 θησαυρίζεται
3591 3748 3668 3784 τιο

2089 3833 2289 3904 μωρία.
2325 3831 2491 3885 Ταῦτ’
2516 3826 2610 3883 οῦν
2641 3828 2969 3892 ἐννοοῦντες,
3003 3829 3110 3899 πρὸ
3143 3826 3360 3881 πάντων
3392 3823 3666 3895 ἁμαρτίαν

2087 3923 2400 3994 φοϐώμεθα·
2448 3921 2607 3976 τοῦτο
2644 3920 2755 3990 7&9
2785 3919 3037 3981 κόλασις,
3068 3917 3227 3970 τοῦτο
3259 3917 3472 3985 γέεννα,
3507 3916 3666 3969 τοῦτο

2085 4013 2156 4069 τά
2207 4013 2376 4085 μυρία
2414 4013 2579 4068 κακά.
2627 4011 2720 4083 Μὴ
2757 4009 3050 4081 φοϐώμεθα
3081 4007 3138 4062 δὲ
3181 4005 3360 4078 μόνον,
3395 4005 3531 4059 ἀλλά
3568 4005 3665 4058 καὶ

2088 4107 2379 4178 φεύγωμεν
2401 4147 2415 4170 ,
2445 4106 2538 4159 zeal
2562 4105 2639 4176 τῷ
2673 4104 2793 4174 Θεῷ
2833 4101 3222 4171 σπουδάζωμεν
3250 4096 3509 4168 διηνεκῶς
3534 4095 3664 4169 ἀρέ-

2088 4216 2256 4254 σκειψ
2287 4197 2444 4252 τοῦτο
2474 4197 2583 4268 γὰρ
2606 4194 2871 4267 βασιλεία,
2893 4191 3049 4246 τοῦτο
3074 4191 3208 4262 ζωὴ,
3231 4187 3388 4242 τοῦτο
3404 4186 3473 4238 τά
3493 4186 3664 4256 μυρία

2087 4291 2248 4346 καλά.
2284 4290 2441 4345 Οὕτω
2474 4291 2569 4345 zeal
2595 4289 2842 4344 ἐντεῦθεν
2869 4288 2971 4358 ἥδη
3000 4285 3102 4355 τῆς
3134 4282 3410 4354 βασιλείας
3441 4281 3662 4333 ἐπιτευ-

2089 4380 2310 4452 ξόμεθα,
2333 4383 2429 4435 zeal
2453 4381 2561 4436 τῶν
2589 4381 2886 4453 μελλόντων
2914 4378 3154 4447 ἀγαθῶνο
3191 4369 3266 4430 ῶν
3292 4375 3500 4444 γένοιτο
3526 4371 3664 4426 πάνυ·

2083 4490 2184 4536 τας
2211 4475 2359 4543 ἡμᾶς
2381 4475 2678 4544 ἐπιτυχεῖν,
2704 4473 2885 4544 χάριτι
2909 4472 3002 4524 zeal
3028 4466 3409 4538 φιλανθρωπίᾳ
3432 4463 3525 4516 τοῦ
3557 4464 3664 4516 Κυ-

2088 4567 2204 4637 ρίου
2244 4565 2403 4637 ημῶν
2446 4566 2622 4637 Ἰησοῦ
2660 4563 2920 4637 Χριστοῦ,
2971 4563 3088 4634 μεθ’
3131 4557 3192 4616 οῦ
3222 4560 3298 4630 τῷ
3336 4558 3509 4626 Πατρὶ
3543 4555 3660 4625 ἅμα

2084 4659 2161 4730 τῷ
2190 4659 2330 4729 ἁγίῳ
2358 4659 2634 4729 Πνεύματι
2663 4657 2810 4725 δόξα,
2850 4656 3071 4728 κράτος,
3105 4654 3261 4725 τιμὴ,
3295 4651 3390 4706 νῦν
3422 4651 3516 4704 zeal
3546 4649 3657 4715 ἀεὶ,

2085 4751 2178 4807 zeal
2207 4752 2285 4816 εἰς
2314 4751 2440 4815 τοὺς
2469 4750 2672 4818 αἰῶνας
2699 4751 2808 4806 τῶν
2833 4748 3062 4806 αἰώνων.
3112 4747 3309 4818 Ἀμήν.
