4090 6216
503 309 601 373 ιιι

1223 309 1282 365 S.
1327 306 1615 366 1031‘le
1654 304 2075 364 CHRYSOSTO

2205 303 2527 362 ARCHIEP.
2569 302 3122 360 CONSTANTINUP.

1929 571 2173 624 OMIAIA
2223 569 2324 624 IB'.

502 707 943 778 Συνεργοῦντες
963 704 1032 778 δὲ
1051 705 1149 759 καί
1169 705 1662 778 παρακαλοῦμεν,
1680 708 1768 776 μὴ
1783 709 1872 778 εἰς
1896 708 2080 778 κενόν

573 775 888 858 τῂνχάρίν
912 776 1019 855 τοῦ
1048 775 1197 858 ᾷεοῇ
1226 775 1516 858 δέξασθαι
1531 775 1718 858 ὑμᾶς·³
1740 777 1917 858 Afru-
1941 775 2072 858 γᾴρ·

571 843 766 916 καιρῷ
788 843 796 844 ί
815 843 1004 917 δεκτῷ
1027 844 1371 917 ⁸ἐπήκουσά
1414 860 1530 901 σου
1549 843 1592 912 ,⁷
1622 847 1722 900 καί
1769 843 1843 901 ἐν
1885 843 2078 917 ἡμέρᾳ

568 913 868 986 σωτηρίας
901 913 1208 985 ἐϐοήθησά
1237 930 1359 970 σοι.

573 1080 644 1130 α’.
677 1070 896 1143 Ἐπειδὴ
935 1071 1045 1143 7&9
1075 1065 1248 1136 εἶπεν,
1281 1071 1363 1124 ὅτι
1406 1071 1464 1123 ’0
1481 1069 1614 1133 Θεὸς
1636 1069 1959 1142 παρακαλεῖ,
1983 1069 2078 1124 καὶ

502 1168 662 1238 ἡμεῖς
691 1162 1068 1235 πρεσϐεύομεν
1094 1167 1190 1217 καὶ
1223 1167 1536 1232 ἱκετεύομεν
1555 1203 1570 1228 ,
1597 1162 1973 1232 καταλλάγητε
1999 1161 2078 1233 τῷ

501 1256 642 1328 Θεῷ·
677 1255 764 1308 ἴνα
794 1252 870 1325 μὴ
893 1253 1258 1318 ἀναπέσωσιν,
1288 1253 1539 1307 ἐντεῦθεν
1569 1253 1766 1316 αὐτοὺς
1796 1253 1957 1308 πάλιν
1983 1271 2078 1322 φο-

501 1348 590 1401 ϐεῖ
626 1347 722 1401 καὶ
753 1345 1055 1416 διανίστησι
1089 1344 1297 1413 λέγων,
1333 1344 1840 1413 Παρακαλοῦμεν,
1867 1344 1954 1412 μὴ
1993 1347 2080 1410 είς

502 1436 686 1492 κενὸν
721 1435 835 1504 τὴν
874 1433 1051 1506 χάριν
1097 1435 1206 1489 τοῦ
1247 1436 1394 1490 Θεοῦ
1435 1435 1726 1500 δέξασθαι
1758 1433 1934 1504 ὑμᾶς.
1985 1436 2078 1506 Μὴ

500 1529 632 1601 7&9,
659 1526 846 1598 ἐπειδὴ
875 1526 1206 1599 παρακαλεῖ,
1247 1526 1402 1596 φησὶ,
1439 1528 1535 1579 καὶ
1563 1526 1776 1597 έπεμψε
1808 1527 2078 1598 πρεσϐευ-

505 1618 787 1689 σομένους,
828 1617 916 1672 διὰ
948 1617 1107 1672 τοῦτο
1145 1617 1478 1689 ρᾳθυμῶμεν
1499 1633 1514 1648 ·
1555 1617 1691 1671 ἀλλὰ
1721 1618 1787 1670 δι’
1818 1618 1950 1672 αὐτὸ
1981 1619 2080 1686 μὲν

499 1706 596 1764 οὖν
633 1709 790 1763 τοῦτο
821 1709 915 1762 καὶ
956 1707 1303 1778 ἐπειγώμεθα
1332 1710 1470 1776 πρὸς
1499 1709 1561 1762 τὸ
1591 1709 1788 1779 ἀρέσαι
1817 1709 1896 1779 τῷ
1934 1708 2079 1778 Θεῷ,

500 1801 600 1855 καὶ
645 1798 1023 1869 πνευματικὴν
1067 1801 1394 1868 συναγαγεῖν
1450 1800 1726 1871 ἐμπορίαν
1773 1799 1950 1872 (ὅπερ
1989 1804 2081 1855 καὶ

499 1888 760 1954 ἀνωτέρω
795 1887 1003 1957 ελεγεν,
1037 1887 1119 1941 ὅτι
1163 1887 1225 1943 Ἡ
1250 1888 1454 1958 ἀγάπη
1495 1889 1602 1944 τοῦ
1653 1891 1803 1945 Θεοῦ
1833 1891 2080 1961 συνέχει

500 1979 681 2053 ἡμᾶς·
718 1980 986 2043 τουτέστι,
1023 1980 1214 2046 θλίϐει,
1265 1981 1412 2046 ὠθεῖ,
1455 1982 1831 2052 κατεπείγει),
1871 1983 1960 2038 ῖνα
2002 1985 2084 2055 μὴ

503 2073 644 2145 μετὰ
673 2070 940 2140 τοσαύτην
965 2072 1291 2142 κηδεμονίαν
1318 2075 1678 2138 ἀναπεσόντες
1705 2086 1756 2139 ι,
1790 2076 1886 2128 καί
1916 2075 2082 2146 μηδὲν

500 2166 748 2234 γενναῖον
774 2163 1198 2234 ἐπιδειξάμενοι,
1221 2164 1330 2218 τῶν
1356 2164 1624 2219 τοσούτων
1643 2165 1913 2237 ἐκπέσητε
1938 2167 2079 2234 ἀγα-

499 2255 633 2311 θῶν.
659 2256 752 2328 Μὴ
775 2256 976 2316 τοίνυν,
1010 2255 1198 2327 ἐπειδὴ
1231 2255 1444 2326 έπεμψε
1467 2256 1969 2328 παρακαλέσοντας,
1997 2275 2082 2310 νο-

505 2346 698 2418 μίσητε
739 2345 898 2400 τοῦτο
939 2347 1026 2400 ἀεὶ
1058 2342 1218 2399 εἰναι·
1248 2346 1411 2418 μέχρι
1448 2347 1551 2416 τῆς
1579 2350 1886 2419 παρουσίας
1912 2351 2080 2404 αὑτοῦ

501 2437 603 2507 τῆς
636 2436 896 2508 δευτέρας
939 2435 1098 2490 τοῦτο
1146 2436 1320 2500 ἔσται,
1371 2437 1533 2510 μέχρι
1579 2439 1703 2493 τότε
1749 2441 2078 2512 παρακαλεῖ,

501 2526 611 2589 ῑως
635 2525 702 2579 ἂν
728 2519 880 2596 ὦμεν
906 2525 1158 2579 ἐνταῦθα·
1195 2526 1335 2596 μετά
1358 2527 1414 2580 δέ
1447 2527 1618 2582 ταῦτα
1642 2528 1768 2601 δίκη
1795 2531 1890 2583 καί
1916 2530 2080 2584 κόλα-

504 2633 611 2681 σις.
651 2615 749 2671 Διά
785 2616 962 2684 τοῦτο,
1007 2617 1376 2689 Συνεχόμεθα,
1424 2621 1604 2692 φησίν.
1655 2622 1792 2676 Οὐδὲ
1830 2624 1938 2694 γὰρ
1974 2624 2082 2677 ἀπὺ

500 2709 598 2764 τοῦ
633 2707 899 2781 μεγέθουὲ
927 2709 1040 2763 τῶν
1060 2709 1284 2779 ἀγαθῶν
1312 2713 1508 2775 αὐτοὺς
1530 2713 1747 2783 καὶτῆς
1773 2714 2080 2786 φιλανθρω-ο

505 2801 635 2864 πίας
671 2801 864 2872 μόνον,
895 2799 1033 2854 ἀλλὰ
1062 2803 1158 2854 καὶ
1195 2800 1303 2854 ἀπὺ
1340 2801 1440 2872 τῆς
1472 2800 1812 2872 βραχύτητος
1855 2803 1955 2874 τῆς
1985 2804 2080 2858 τοῦ

501 2890 697 2961 καιροῦ
734 2891 1050 2960 κατεπείγει
1088 2891 1195 2947 ἀεί.
1231 2893 1321 2946 Διδ
1365 2892 1460 2946 καί
1493 2893 1726 2965 ἀλλαχοῦ
1765 2911 1918 2964 φησι,
1953 2895 2076 2950 Νῦν

504 2983 615 3054 ⁴,γὰρ
649 2983 971 3054 ἐγγύτερον
1007 2981 1177 3052 ἡμῶν
1225 2985 1265 3053 ἡ
1315 2985 1598 3052 σωτηρία·
1647 2987 1742 3038 καὶ
1775 2985 1960 3051 πάλιν,
2020 2986 2082 3040 '0

502 3076 718 3144 Κύριος
737 3075 938 3145 ἐγγύς.
982 3073 1246 3129 Ἐνταῦθα
1270 3074 1328 3128 δέ
1353 3091 1406 3127 τι
1432 3071 1533 3128 καὶ
1564 3075 1724 3129 πλέον
1757 3078 1920 3132 ποιεῖ.
1946 3076 2080 3130 Οὐδὲ

502 3165 614 3237 7&9
645 3165 755 3220 ἀπὸ
789 3165 883 3219 τοῦ
931 3164 994 3218 τὸ
1038 3164 1361 3236 λειπόμενον
1389 3166 1484 3220 τοῦ
1526 3167 1719 3238 χρόνου
1767 3167 1940 3239 βραχὺ
1986 3169 2080 3222 καὶ

505 3258 702 3330 μικρὸν
749 3253 906 3324 εἶναι,
947 3259 1084 3314 ἀλλά
1128 3259 1223 3312 καὶ
1267 3259 1375 3312 ἀπὸ
1419 3258 1512 3312 τοῦ
1552 3258 1742 3314 τοῦτον
1789 3260 1950 3331 μόνον
1988 3258 2080 3313 τὸν

503 3349 694 3420 καιρὸν
720 3349 1022 3420 ἐπιτήδειον
1051 3343 1189 3402 εἶναι
1226 3349 1306 3410 είς
1341 3350 1635 3419 σωτηρίαν,
1681 3349 1888 3417 ἐνάγει.
1933 3348 2079 3404 Ἰδοὺ

502 3439 634 3510 γὰρ,
667 3439 823 3511 φησί,
854 3440 971 3494 νῦν
1006 3441 1213 3509 καιρὸς
1239 3438 1702 3508 εὐπρόσδεκτος,
1738 3439 1866 3494 ἰδοὺ
1891 3439 2082 3509 ἡμέρα

499 3533 822 3600 σωτηρίας.
865 3531 958 3603 Μὴ
993 3532 1172 3586 τοίνυν
1210 3531 1500 3604 προθῶμεν
1535 3532 1596 3584 τὺ
1637 3530 1914 3602 εῦκαιρον,
1962 3533 2078 3584 ἀλλ’

501 3622 900 3694 ἐπιδειξώμεθα
929 3623 1086 3688 ἀξίαν
1119 3622 1220 3693 τῆς
1270 3623 1496 3693 χάριτος
1542 3622 1639 3693 τὴν
1680 3623 1936 3694 σπουδήν.
1979 3623 2080 3676 Διά

499 3713 659 3767 τοῦτο
691 3715 797 3784 γὰρ
838 3714 932 3766 καὶ
960 3714 1118 3784 ἡμεῖς
1148 3713 1503 3784 ἐπειγόμεθα,
1549 3716 1644 3767 καὶ
1673 3715 1732 3767 τὺ
1764 3714 1939 3786 βραχὺ
1986 3717 2080 3768 καὶ

498 3809 564 3860 τὸ
615 3807 924 3878 ἐπιτήδειον
971 3805 1175 3868 εἰδότες
1221 3805 1317 3859 τοῦ
1359 3806 1574 3874 καιροῦ·
1619 3807 1700 3859 διὸ
1745 3807 1838 3860 καί
1893 3806 2077 3874 ἔλεγε,

502 3895 941 3966 Συνεργοῦντες
965 3893 1034 3948 δὲ
1063 3895 1161 3948 καί
1190 3897 1679 3965 παρακαλοῦμεν.
1713 3897 2079 3967 Συνεργοῦν-

502 4005 601 4055 τες
625 3985 775 4059 [521]
805 3988 954 4056 ὑμῖν·
991 3987 1120 4058 ύμῖν
1141 3985 1249 4056 7&9
1277 3986 1649 4058 συνεργοῦμεν
1680 3987 1901 4058 μᾶλλον,
1937 3988 1971 4058 ἢ
2001 3988 2078 4059 τῷ

499 4080 641 4152 θεῷ,
667 4081 808 4150 ὑπὲρ
829 4074 890 4134 οὐ
913 4079 1308 4149 πρεσϐεύομεν.
1346 4079 1574 4142 Οὐδενὸς
1605 4079 1710 4151 7&9
1736 4081 1940 4142 ἐκεῖνος
1973 4080 2079 4133 δεῖ·

497 4189 612 4237 ται,
643 4172 758 4226 ἀλλ’
793 4173 826 4242 ὴ
859 4170 1101 4241 σωτηρία
1131 4171 1280 4224 πᾶσα
1313 4171 1394 4233 εἰς
1421 4171 1566 4240 ὑμᾶς
1609 4170 1892 4225 διαϐαίνει.
1928 4172 1989 4224 Εἰ
2020 4172 2076 4225 δὲ

500 4264 596 4318 καὶ
621 4263 699 4334 τῷ
725 4263 846 4332 Θεῷ
871 4263 1016 4330 λέγει
1043 4263 1345 4331 συνεργεῖν,
1371 4260 1494 4314 ούδέ
1519 4261 1678 4314 τοῦτο
1704 4264 2072 4334 παραιτεῖται·

503 4355 726 4429 καὶγὰρ
762 4354 998 4425 ἀλλαχοῦ
1028 4370 1182 4424 φησι,
1225 4351 1374 4408 Θεοῦ
1405 4351 1517 4424 γάρ
1549 4354 1737 4422 ἐσμεν
1769 4355 2074 4424 συνεργοί.

500 4449 688 4522 Ταύτῃ
737 4450 871 4518 φησί
915 4448 1042 4510 τοὺς
1091 4445 1414 4517 ἀνθρώπους
1466 4445 1658 4510 σώζειν
1710 4447 1907 4501 πάλιν·
1963 4447 2077 4500 Καὶ

498 4540 990 4612 παρακαλοῦμεν.
1041 4538 1278 4600 Ἐκεῖνος
1315 4537 1414 4608 μὲν
1442 4537 1551 4608 γὰρ
1579 4539 1915 4611 παρακαλῶν
1933 4581 1948 4606 ,
1976 4539 2075 4609 οὐχ

500 4633 687 4698 ἁπλῶς
732 4633 1075 4704 παρακαλεῖ,
1126 4631 1264 4685 ἀλλά
1305 4631 1478 4684 ταῦτα
1539 4633 1956 4704 προτεινόμενος
2007 4632 2074 4686 τά

497 4725 861 4797 δικαιώματα·
891 4726 973 4778 ὅτι
1001 4723 1091 4778 τὸν
1113 4723 1241 4778 Υίὸν
1269 4721 1435 4776 ἔδωκε
1464 4723 1555 4776 τὸν
1581 4724 1812 4789 δίκαιον,
1843 4725 1932 4778 τὸν
1954 4725 2074 4778 ούδέ

499 4819 773 4887 ἁμαρτίαν
805 4817 1005 4882 εἰδότα,
1039 4815 1134 4870 καί
1156 4815 1431 4886 ἁμαρτίαν
1459 4815 1623 4868 αὐτὸν
1651 4815 1907 4885 ἐποίησεν
1935 4815 2074 4886 ὑπὲρ

498 4905 656 4975 ἡμῶν
677 4905 784 4958 τῶν
819 4905 1193 4977 ἁμαρτωλῶν,
1223 4905 1310 4958 ἴνα
1343 4905 1504 4976 ἡμεῖς
1529 4902 1816 4974 γενώμεθα
1850 4903 2070 4957 δίκαιοι·

498 4998 644 5065 ἀπερ
681 4993 873 5062 ἔχοντα
893 5035 909 5059 ,
947 4994 1044 5048 καὶ
1075 4994 1209 5047 Θεὸν
1237 4994 1395 5058 ὄντα,
1429 4994 1550 5048 οὐδὲ
1583 4993 1924 5066 παρακαλεῖν
1954 4993 2069 5058 δεῖ,

499 5087 595 5142 καὶ
627 5083 800 5139 ταῦτα
839 5083 1182 5155 ἀνθρώπους,
1219 5085 1312 5137 καὶ
1347 5087 1891 5157 προσκεκρουκότας,
1938 5086 2076 5141 ἀλλὰ

496 5173 932 5250 παρακαλεῖσθαι
985 5172 1107 5226 καθ’
1168 5175 1405 5244 ἑκάστην
1463 5178 1699 5248 ἡμέραν·
1756 5177 1870 5230 ἀλλ’
1924 5179 2073 5249 ὅμως

495 5270 822 5344 παρακαλεῖ·
857 5269 1020 5340 ἡμεῖς
1061 5266 1119 5320 δὲ
1150 5267 1610 5339 παρακαλοῦμεν,
1654 5271 1931 5342 δικαίωμα
1974 5271 2072 5343 μὲν

499 5365 665 5438 μηδὲν
702 5365 916 5434 ἔχοντες
945 5361 1105 5432 ἡμῶν
1136 5361 1310 5412 εἰπεῖν
1351 5359 1474 5413 οὐδὲ
1500 5359 1851 5432 εὐεργέτημα
1871 5402 1887 5428 ,
1929 5363 1988 5417 ἓν
2014 5363 2072 5416 δὲ

498 5455 690 5526 μόνον,
732 5452 792 5506 τὸ
829 5451 970 5522 ὑπὲρ
1013 5451 1172 5516 Θεοῦ,
1226 5450 1320 5503 καὶ
1366 5449 1588 5504 τοιαῦτα
1636 5453 2068 5523 ἐπιδειξαμένου,

496 5544 853 5614 παρακαλεῖν.
899 5539 1331 5612 Παρακαλοῦμεν
1379 5540 1436 5595 δέ
1478 5543 1566 5596 ἵνα
1607 5541 1706 5612 τὴν
1749 5541 2071 5611 εὐεργεσίαν

495 5635 742 5703 δέξησθε,
769 5634 864 5688 καὶ
891 5635 967 5705 μὴ
995 5633 1411 5706 ἁποκρούσησθε
1425 5634 1526 5704 τὴν
1546 5634 1774 5706 δωρεάν.
1807 5633 2069 5703 ΙΙείσθητε

558 5757 584 5789 ⁸
603 5751 753 5806 Savil.
779 5757 830 5806 in
849 5769 1022 5818 σιεγε,
1047 5754 1408 5809 καταπεσόντες.

2174 705 2356 759 τοίνυν
2391 705 2548 775 ἡμῖν,
2588 703 2684 758 καί
2733 704 2809 775 μὴ
2853 705 2935 768 είς
2973 703 3140 758 κενδν⁵
3167 703 3276 775 τὴν·
3315 704 3476 776 χάριν
3508 706 3754 779 δέξησθε.

2177 798 2294 852 Ἵνα
2326 796 2437 868 γὰρ
2487 795 2563 868 μὴ
2591 796 2888 866 νομίσωσιν
2915 835 2933 862 ,
2963 797 3045 850 ὅτι
3094 797 3263 850 τοῦτό·
3293 799 3408 851 ἐστι
3444 801 3760 874 καταλλαγὴ

2177 889 2360 958 μόνον,
2394 885 2455 938 τὸ
2481 885 2766 939 πιστεῦσαι
2796 885 2875 956 τῷ
2905 885 3184 950 καλοῦντι,
3207 887 3407 954 ἐπάγει
3433 887 3628 952 ταῦτα,
3656 891 3755 960 τὴν

2174 981 2304 1052 περὶ
2330 978 2422 1032 τὸν
2445 977 2560 1048 βίον
2585 977 2820 1048 σπουδὴν
2845 977 3118 1031 ἀπαιτῶν.
3144 977 3218 1030 Τὸ
3242 978 3352 1048 γὰρ
3377 979 3758 1048 ἀπαλλαγέντα

2176 1069 2592 1141 ἁμαρτημάτων
2625 1069 2721 1122 καὶ
2755 1068 2914 1137 φίλον
2945 1067 3272 1139 γενόμενον,
3321 1071 3435 1132 τοῖς
3469 1072 3756 1143 προτέροις

2175 1158 2605 1229 ἐγκαλινδεῖσθαι
2647 1158 2831 1221 πάλιν,
2874 1158 2960 1210 ἐπ’
3012 1157 3212 1230 ἔχθραν
3252 1160 3569 1214 ἐπανελθεῖν
3613 1163 3755 1228 ἐστι,

2176 1253 2272 1306 καὶ
2303 1253 2384 1315 εἰς
2409 1251 2564 1305 κενὸν
2591 1250 2691 1322 τὴν
2722 1250 2884 1322 χάριν
2913 1251 3188 1319 δέξασθαι,
3222 1252 3365 1306 κατὰ
3395 1253 3484 1308 τὸν
3511 1255 3606 1309 τοῦ
3640 1255 3755 1325 βίου

2176 1343 2360 1414 λόγον.

2248 1456 2414 1522 Οὐδὲν
2445 1457 2555 1527 7&9
2588 1455 2696 1510 ἀπὸ
2727 1457 2824 1527 τῆς
2860 1456 3084 1527 χάριτος
3125 1456 3267 1528 μέγα
3299 1457 3654 1529 ὠφελούμεθα
3680 1461 3756 1524 εἰς

2179 1551 2474 1622 σωτηρίαν,
2499 1550 2828 1623 ἀκαθάρτως
2854 1549 3056 1615 ζῶντες
3077 1567 3096 1582 ·
3127 1551 3263 1605 ἀλλά
3289 1553 3384 1605 καὶ
3409 1552 3756 1622 βλαπτόμεθα

2181 1642 2447 1713 μειζόνως
2465 1641 2637 1712 ταύτῃ
2665 1641 2991 1712 βαρούμενοι
3015 1641 3110 1695 καὶ
3125 1642 3186 1695 ἐν
3203 1644 3316 1705 τοῖς
3341 1644 3561 1715 ἀμαρτή
3569 1660 3756 1714 μασιν,

2177 1734 2260 1786 ὅτι
2289 1734 2385 1786 καὶ
2415 1733 2553 1803 μετά
2586 1733 2880 1800 ἐπίγνωσιν
2907 1732 3166 1803 τοιαύτην
3196 1735 3290 1785 καὶ
3332 1734 3540 1804 δωρεὰν
3571 1734 3664 1788 ἐπὶ
3693 1735 3760 1787 τὰ

2179 1823 2422 1895 πρότερα
2445 1823 2821 1894 ἐπανήλθομεν
2846 1823 3013 1876 κακά.
3052 1823 3214 1876 Ἀλλὰ
3237 1822 3396 1878 τοῦτο
3421 1825 3521 1894 μὲν
3547 1825 3762 1878 οὐδέπω

2177 1915 2414 1985 τίθησιν,
2443 1915 2585 1968 ὥστε
2631 1914 2706 1986 μὴ
2743 1915 2949 1986 τραχὺν
2996 1915 3221 1985 ποιῆσαι
3252 1914 3344 1968 τὸν
3375 1915 3564 1984 λόγον
3587 1918 3672 1971 ὅτι
3705 1917 3761 1969 δὲ

2179 2007 2333 2061 οὐδὲν
2361 2005 2722 2077 ὠφελούμεθα
2752 2007 2902 2074 λέγει
2928 2007 3108 2077 μόνον.
3141 2001 3273 2060 Εἶτα
3299 2007 3396 2060 καὶ
3425 2009 3761 2080 προφητείας

2181 2099 2611 2170 ἀναμιμνήσκει,
2641 2098 2990 2167 κατεπείγων
3019 2100 3238 2165 αὐτοὺς,
3273 2101 3367 2153 καί
3399 2099 3652 2154 συνωθῶν
3684 2102 3766 2163 εἰς

2179 2191 2241 2245 τὸ
2269 2190 2628 2260 διαναστῆναι
2661 2191 2799 2260 πρὸς
2823 2191 2922 2263 τὴν
2953 2194 3052 2262 τῆς
3075 2191 3281 2255 οἰκείας
3307 2193 3580 2263 σωτηρίας
3607 2192 3761 2246 ἀντία

2181 2284 2363 2354 ληψιν.
2407 2283 2579 2352 Λέγει
2615 2281 2746 2352 γὰρ,
2786 2283 2938 2352 φησί·
2985 2283 3178 2351 Καιρῷ
3210 2281 3397 2350 δεκτῷ
3443 2283 3770 2352 ἐπήκουσά

2180 2392 2319 2438 σου,
2352 2373 2452 2428 καί
2471 2375 2542 2427 ἐν
2569 2373 2760 2443 ἡμέρᾳ
2787 2373 3086 2440 σωτηρίας
3109 2372 3414 2441 ἐϐοήθησὰ
3443 2389 3563 2427 σοι.
3603 2374 3772 2428 Ἰδοὺ

2179 2467 2298 2521 νῦν
2325 2465 2528 2532 καιρὸς
2552 2462 3016 2531 εὐπρόσδεκτος,
3053 2464 3181 2517 ἰδοὺ
3205 2463 3326 2517 νῦν
3348 2463 3538 2532 ἡμέρα
3567 2480 3763 2530 σωτη-

2173 2559 2332 2626 ρίας.
2371 2556 2588 2624 Καιρὸς
2629 2553 3113 2623 εὐπρόσδεκτος·
3147 2557 3299 2619 ποῖος
3334 2548 3516 2622 οὖτοςς
3569 2555 3624 2608 '0
3667 2557 3764 2626 τῆς

2179 2649 2410 2722 δωρεᾶς,
2441 2650 2470 2703 ὁ
2492 2648 2593 2716 τῆς
2620 2648 2844 2719 χάριτος
2862 2687 2878 2713 ,
2909 2649 2999 2700 ὅτε
3027 2648 3126 2701 οὐκ
3155 2647 3302 2703 ἔστιν
3336 2647 3570 2711 εὐθύνας
3593 2649 3762 2701 ἀπαι-

2179 2739 2414 2811 τηθῆναι
2447 2738 2555 2792 τῶν
2588 2738 3003 2809 ἁμαρτημάτων
3037 2738 3157 2791 οὐδέ
3199 2739 3356 2808 δίκην
3383 2736 3589 2804 δοῦναι,
3623 2738 3767 2792 ἀλλά

2184 2831 2324 2904 μετά
2347 2831 2449 2901 τῆς
2471 2829 2790 2900 ἀπαλλαγῆς
2817 2830 2912 2884 καὶ
2942 2831 3152 2902 μυρίων
3174 2828 3481 2885 ἀπολαῦσαι
3509 2830 3757 2898 ἀγαθῶν,

2180 2919 2552 2990 δικαιοσύνης,
2581 2919 2856 2990 ἁγιασμοῦ
2877 2961 2892 2986 ,
2927 2920 3037 2974 τῶν
3082 2921 3258 2976 ἀλλων
3293 2921 3574 2976 ἁπάντων.
3616 2923 3766 2976 Πόσα

2182 3013 2291 3084 γὰρ
2323 3013 2428 3066 ἔδει
2460 3013 2677 3082 καμεῖν,
2709 3012 2848 3066 ὥστε
2882 3013 3161 3082 ἐπιτυχεῖν
3185 3012 3282 3066 τοῦ
3304 3012 3499 3084 καιροῦ
3534 3013 3762 3078 τούτους

2181 3100 2299 3154 ἀλλ’
2355 3101 2462 3154 ἰδοὺ
2486 3141 2502 3166 ,
2539 3101 2704 3172 μηδέν
2736 3101 3022 3172 καμόντων
3051 3102 3212 3174 ἡμῶν
3247 3106 3620 3174 παραγέγονεν
3665 3105 3765 3175 ἀφ-

2183 3211 2299 3247 εσιν
2327 3195 2492 3267 φέρον
2521 3196 2776 3250 ἁπάντων
2796 3197 2903 3250 τῶν
2925 3195 3256 3268 ἔμπροσθεν.
3285 3199 3378 3251 Διδ
3406 3199 3504 3251 καὶ
3529 3200 3766 3271 εὐπρόσο

2181 3285 2366 3339 δεκτον
2391 3287 2577 3352 καλεῖ,
2605 3287 2794 3358 ἐπειδὴ
2822 3287 2919 3341 καὶ
2943 3288 3071 3350 τοὺς
3099 3288 3268 3358 μυρία
3293 3289 3766 3362 πεπλημμεληκόο

2180 3393 2281 3438 τας
2323 3377 2700 3448 προσεδέχετο,
2739 3377 2834 3431 καὶ
2875 3377 2973 3448 οὐχ
3008 3377 3194 3442 ἁπλῶς
3234 3380 3610 3451 προσεδέχετο,
3649 3382 3764 3434 ἀλλ’

2182 3468 2264 3531 εἰς
2289 3467 2389 3540 τὴν
2418 3469 2682 3521 ἀνωτάτω
2711 3465 2815 3540 ἦγε
2845 3471 3012 3539 τιμήν
3037 3487 3050 3500 ·
3085 3469 3359 3542 καθάπερ,
3387 3471 3608 3526 ἐπειδάν
3634 3473 3762 3542 ἔλθῃ

2184 3558 2460 3631 βασιλεὺς,
2493 3561 2555 3613 οὐ
2587 3560 2939 3631 δικαστηρίου
2980 3562 3190 3632 καιρὸς,
3231 3563 3366 3616 ἀλλὰ
3405 3564 3628 3634 χάριτος
3667 3565 3764 3618 καὶ

2183 3651 2480 3722 σωτηρίας.
2509 3651 2599 3704 Διὸ
2625 3654 2720 3704 καί
2752 3653 3148 3725 εὐπρόσδεκτον
3177 3655 3337 3708 αὐτὸν
3368 3657 3542 3720 καλεῖ,
3573 3657 3679 3720 ἕως
3700 3651 3762 3710 οὐ

2117 3787 2121 3796 .
2181 3741 2263 3794 ἐτι
2297 3743 2353 3794 ἐν
2391 3741 2470 3812 τῷ
2509 3741 2796 3813 σκάμματί
2825 3746 3013 3814 ἐσμὲν,
3046 3747 3150 3809 ἕως
3174 3748 3232 3801 ἐν
3254 3747 3336 3817 τῷ
3363 3748 3642 3818 ἀμπελῶνι
3670 3751 3763 3820 ἐρα

2181 3831 2485 3902 γαζόμεθα,
2513 3833 2617 3895 ἕως
2646 3833 2893 3889 λείπεται
2917 3838 2950 3906 ή
2984 3837 3268 3907 ἑνδεκάτη.

2253 3921 2317 3991 β’.
2345 3922 2757 3992 Προσέλθωμεν,
2784 3927 2879 3978 καὶ
2901 3925 3017 3995 βίον
3039 3927 3431 3998 ἐπιδειξώμεθα
3449 3925 3595 3998 {522]
3616 3927 3760 3995 ἀγα-

2180 4011 2298 4064 θόν·
2329 4012 2420 4065 καί
2451 4011 2558 4082 7&9
2575 4013 2815 4072 εῦκολον.
2847 4016 2904 4067 '0
2926 4017 3034 4087 7&9
3051 4018 3108 4071 ἐν
3122 4017 3345 4089 τοιούτῳ
3362 4017 3531 4087 καιρῷ
3557 4021 3762 4087 ἀγωνιε-

2179 4101 2427 4172 ζόμενος,
2461 4106 2520 4156 ἐν
2541 4098 2586 4171 ᾧ
2614 4106 2851 4177 τοσαύτη
2875 4107 3098 4178 κέχυται
3129 4108 3327 4179 δωρεά,
3365 4113 3423 4163 ἐν
3443 4102 3486 4176 ᾧ
3519 4111 3756 4180 τοσαύτη

2178 4194 2358 4265 χάρις,
2382 4195 2620 4258 εὐκόλως
2656 4198 2998 4264 ἐπιτεύξεται
3035 4201 3144 4253 τῶν
3180 4200 3470 4271 βραϐείων.
3518 4203 3627 4255 Καὶ
3651 4203 3762 4271 7&9

2178 4287 2270 4339 ἐπί
2295 4285 2559 4354 βασιλέων
2587 4286 2694 4340 τῶν
2719 4289 2869 4341 κάτω
2897 4292 2953 4342 ἐν
2978 4291 3077 4361 μὲν
3110 4290 3187 4361 τῷ
3211 4292 3390 4364 καιρῷ
3423 4293 3532 4345 τῶν
3552 4293 3759 4363 ἑορτῶν

2178 4377 2375 4439 αὐτῶν,
2399 4378 2492 4430 καὶ
2520 4379 2608 4431 ὅτε
2659 4379 2715 4430 ἐν
2751 4380 2972 4434 ὑπάτων
2994 4381 3272 4450 φαίνονται
3300 4385 3562 4455 σχήματι,
3607 4387 3706 4438 καὶ
3734 4386 3763 4436 ό

2181 4467 2373 4537 μικρὸν
2394 4469 2779 4538 προσενεγκὼν
2807 4470 3047 4541 μεγάλας
3070 4473 3338 4542 λαμϐάνει
3367 4474 3596 4545 δωρεάς·
3620 4477 3684 4529 ἐν
3705 4475 3762 4529 δέ

2176 4557 2574 4629 ταῖςήμέραις,
2624 4555 2714 4622 αἶς
2764 4561 2830 4614 ἂν
2885 4563 3170 4629 δικάζωσι,
3227 4567 3429 4637 πολλῆς
3471 4566 3764 4639 ἀκριϐείας

2176 4649 2352 4722 χρεία,
2406 4651 2608 4722 πολλῆς
2633 4652 2955 4718 ἐξετάσεως.
2997 4656 3108 4709 Καὶ
3140 4658 3304 4726 ἡμεῖς
3352 4658 3532 4711 τοίνυν
3585 4661 3646 4713 ἐν
3683 4659 3764 4730 τῷ

2175 4741 2351 4814 καιρῷ
2377 4744 2472 4813 τῆς
2493 4743 2703 4815 δωρεᾶς
2757 4746 2959 4816 ταύτης
2991 4748 3409 4819 ἀγωνισώμεθα·
3439 4751 3625 4822 ἡμέρα
3663 4753 3766 4821 χά-

2177 4835 2324 4904 ριτός
2358 4835 2495 4898 ἐστι,
2526 4836 2750 4906 χάριτος
2783 4836 2952 4900 θείας·
2989 4839 3070 4891 διὸ
3111 4841 3206 4892 καὶ
3258 4840 3496 4903 εὐκόλως
3534 4843 3762 4896 ἐπιτευ-

2177 4925 2379 4996 ξόμεθα
2423 4927 2530 4980 τῶν
2575 4929 2874 4996 στεφάνων.
2923 4930 2983 4982 Et
3035 4931 3142 5001 7&9
3173 4932 3440 4984 τοσούτων
3486 4934 3767 5004 γέμοντας

2174 5019 2360 5071 κακῶν
2384 5019 2478 5072 καὶ
2503 5020 2836 5089 προσήκατο.
2873 5021 2969 5072 καὶ
3006 5021 3303 5093 ἀπήλλαξε·
3345 5025 3568 5079 πάντων
3586 5027 3767 5079 ἁπαλ-

2173 5107 2452 5178 λαγέντας,
2489 5111 2585 5164 καὶ
2608 5112 2676 5164 τὰ
2708 5113 2838 5182 παρ’
2865 5113 3072 5166 ἐαυτών
3089 5115 3461 5186 εἰσφέροντας,
3486 5118 3548 5169 ού
3581 5117 3770 5187 πολλῷ

2177 5200 2373 5270 μᾶλλον
2405 5201 2790 5272 προσδέξεται;
2827 5198 2994 5267 Εῐτα,
3021 5205 3159 5275 ὅπερ
3209 5206 3297 5258 ἀεὶ
3347 5209 3512 5269 ποιεῖ,
3567 5207 3766 5260 ἑαυτὸν

2177 5291 2341 5360 μέσον
2367 5291 2558 5355 τιθεὶς,
2599 5293 2694 5346 καί
2755 5293 3004 5347 ἐντεῦθεν
3035 5295 3274 5351 κελεύων
3301 5297 3363 5350 τὸ
3403 5299 3766 5370 παράδειγμα

2172 5381 2490 5452 λαμϐάνειν,
2548 5384 2708 5438 τοῦτο
2762 5387 2857 5440 καί¹
2886 5387 3122 5442 ἐνταῦθα
3177 5390 3491 5459 ἐργάζεται·
3537 5393 3618 5446 διὸ
3660 5394 3765 5446 καὶ

2173 5470 2388 5539 ἐπάγει,
2421 5471 2728 5540 Μηδεμίαν
2757 5475 3057 5546 ἐνμηδενὶ
3077 5477 3345 5545 διδόντες
3371 5481 3765 5549 προσκοπήν.

2174 5565 2278 5617 ἵνα
2328 5563 2413 5632 μὴ
2447 5565 2700 5634 μωμηθῇ
2748 5567 2787 5634 η
2836 5568 3113 5624 διακονία
3144 5570 3330 5639 ἡμῶν·
3366 5574 3466 5626 οὐκ
3505 5572 3612 5626 ἀπὺ
3661 5573 3764 5626 τοῦ

2176 5655 2368 5724 καιροῦ
2411 5657 2592 5726 μόνον,
2637 5658 2776 5712 ἀλλά
2835 5663 2930 5714 καὶ
2985 5663 3095 5716 ἀπὸ
3136 5665 3243 5717 τῶν
3293 5667 3768 5736 κατορθωσάντων

2175 5747 2367 5812 αὐτοὺς
2413 5749 2634 5805 πείθων.
2682 5751 2790 5806 Καὶ
2827 5754 2927 5827 ὅρα
2978 5758 3093 5824 πῶς
3128 5759 3377 5828 ἀτύφως,
3409 5761 3471 5814 οὐ
3502 5759 3606 5830 γὰρ
3633 5755 3768 5814 εἷπε
