4090 6216
415 343 512 399 481

417 461 2850 488 ____._______________.______—__________t

1474 343 1545 399 IN
1583 343 1800 400 EPIST.
1833 342 1876 398 11
1936 343 2028 398 AD
2065 342 2219 401 COR.
2263 345 2490 404 HOMIL.
2533 349 2647 406 ΧΠ.

3578 368 3687 424 632

2855 474 2888 485 νο

1806 524 2150 586 HOMILIA
2195 527 2340 589 ΧΠ.

407 698 540 753 (In.
561 692 614 748 6.
630 709 685 748 v.
701 695 727 749 i
740 732 754 747 .
769 692 1077 765 Adjuvantes
1089 703 1255 748 autem
1269 696 1616 757 exhortamur,
1631 710 1693 748 ne
1711 693 1765 747 in
1784 709 1996 747 vacuum

485 787 704 856 gratiam
731 783 830 838 Dei
854 785 1130 854 recipiatis.
1158 785 1214 839 2.
1247 787 1330 840 Ait
1371 786 1504 841 enim
1527 802 1545 840 :
1570 783 1818 856 Tempore
1855 801 1996 838 acce-

485 886 570 947 pto
599 876 838 930 exaudiui
864 885 913 931 te
933 917 948 942 ,
981 887 1028 929 et
1056 877 1110 930 in
1137 877 1220 931 die
1242 878 1426 932 salutis
1447 877 1725 931 auxiliatur
1748 893 1860 931 sum
1881 876 1989 930 tibi.

481 970 535 1024 ί.
559 967 822 1036 Quoniam
849 968 991 1024 enim
1024 969 1188 1024 Deum
1219 984 1409 1039 rogare
1438 968 1684 1032 dixerat,
1714 967 1990 1037 apostolos

411 1071 590 1116 autem
620 1061 885 1131 legatione
913 1059 1058 1132 fungi
1079 1101 1095 1125 ,
1130 1069 1291 1131 atque
1328 1060 1611 1116 obsecrare
1640 1069 1697 1114 ut
1734 1074 1854 1114 cum
1883 1060 1993 1113 Deo

413 1153 468 1206 in
500 1153 723 1222 gratiam
753 1153 1028 1219 redirent;
1056 1169 1122 1209 ne
1144 1153 1419 1221 segniores
1445 1151 1568 1207 inde
1599 1151 1954 1207 redderentur
1974 1190 1992 1218 ,

413 1244 536 1298 hinc
565 1259 751 1298 rursus
774 1259 869 1299 eos
894 1253 1059 1299 terret
1087 1253 1141 1299 et
1165 1245 1362 1299 excitat
1384 1243 1572 1298 dicens
1592 1284 1608 1308 ,
1643 1243 1724 1297 Ne
1745 1244 1912 1312 itaque
1936 1242 1990 1296 in

410 1352 626 1392 uacuum
653 1335 750 1390 Dei
777 1337 995 1408 gratiam
1019 1337 1301 1406 recipiatis.
1322 1336 1509 1405 Neque
1538 1335 1680 1390 enim
1711 1342 1990 1406 propterea

411 1444 510 1484 nos
548 1429 809 1484 socordiae
847 1429 1038 1484 demus
1059 1470 1075 1494 ,
1109 1429 1314 1499 inquit,
1341 1429 1464 1499 quia
1497 1429 1638 1483 Deus
1668 1443 1765 1483 nos
1793 1436 1983 1496 rogat,

408 1537 472 1575 ac
496 1521 699 1592 legatos
725 1520 790 1574 ad
825 1534 921 1574 nos
953 1520 1132 1574 misit:
1163 1519 1271 1574 imo
1295 1535 1423 1574 vero
1444 1519 1514 1574 ob
1541 1519 1644 1573 hoc
1670 1520 1839 1586 ipsum
1867 1532 1987 1570 ma-

406 1612 522 1682 jore
561 1611 737 1666 studio
769 1621 821 1665 et
850 1610 1126 1680 diligentia
1159 1611 1268 1677 Deo
1299 1611 1516 1679 placere
1536 1650 1550 1676 ,
1584 1623 1646 1664 ac
1685 1607 1987 1677 spirituales

410 1719 613 1759 merces
642 1703 898 1774 colligere
942 1718 1194 1759 curemus
1224 1703 1314 1774 (id
1355 1702 1497 1772 quod
1549 1701 1706 1756 etiam
1739 1701 1986 1769 superius

407 1794 637 1858 dicebat,
668 1794 868 1850 Caritas
893 1795 990 1848 Dei
1019 1805 1161 1864 urget
1187 1811 1311 1860 nos,
1340 1794 1441 1848 hoc
1471 1801 1590 1857 est,
1625 1792 1851 1860 premit,
1881 1791 1988 1845 im-

408 1885 627 1957 pellit):
674 1900 743 1940 ne
785 1885 983 1956 alioqui
1028 1895 1148 1955 post
1179 1894 1382 1939 tantam
1428 1885 1520 1938 Dei
1567 1883 1980 1938 sollicitudinem

405 1976 647 2045 collapsi,
672 1991 770 2030 nec
791 1977 957 2030 ullum
989 1977 1262 2046 egregium
1291 1975 1500 2028 virtutis
1524 1974 1792 2043 specimen
1818 1973 1987 2028 eden-

405 2075 487 2122 tes
511 2107 530 2134 ,
575 2067 734 2122 tantis
762 2066 920 2122 bonis
947 2066 1280 2122 excidamus.
1313 2065 1390 2120 Ne
1440 2065 1600 2135 igitur
1628 2063 1946 2118 existimetis
1965 2104 1982 2130 ,

407 2163 614 2232 inquit,
657 2165 777 2233 quia
821 2163 1123 2218 hortatores
1171 2162 1352 2226 misit,
1402 2170 1716 2232 perpetuum
1744 2160 1796 2214 id
1827 2158 1980 2213 fore:

409 2269 578 2324 usque
604 2256 670 2308 ad
710 2254 998 2310 secundum
1043 2254 1212 2325 ipsius
1239 2254 1526 2308 adventum
1567 2252 1670 2306 hoc
1697 2251 1836 2305 erit:
1868 2260 1985 2303 tan-

407 2354 520 2400 tum
561 2347 801 2400 hortatur
824 2346 950 2401 dum
977 2346 1064 2402 hic
1089 2360 1304 2409 sumus;
1335 2352 1521 2414 postea
1550 2342 1794 2412 sequitur
1822 2356 1980 2412 pinna

401 2448 458 2494 et
506 2440 794 2502 cruciatus.
841 2441 1166 2510 Propterea,
1213 2437 1514 2507 Urgetnur,
1562 2435 1754 2506 inquit.
1799 2433 1982 2505 Neque

402 2530 546 2585 enim
575 2545 672 2586 eos
699 2532 872 2587 solum
901 2547 933 2586 a
961 2531 1224 2586 bonorum
1260 2527 1626 2598 magnitudine
1664 2541 1729 2582 ac
1757 2526 1850 2580 Dei
1881 2526 1978 2580 be-

402 2623 695 2694 nignitate,
729 2622 823 2679 sed
853 2623 1013 2679 etiam
1047 2621 1303 2691 temporis
1332 2619 1596 2674 brevitate
1634 2630 1850 2686 semper
1885 2630 1980 2670 ex-

399 2714 678 2770 stimulat:
710 2712 852 2769 unde
891 2722 946 2768 et
969 2713 1077 2766 alio
1106 2712 1228 2767 loco
1269 2713 1378 2776 ait,
1412 2710 1566 2764 Nunc
1609 2709 1740 2764 enim
1772 2708 1980 2779 prapior

401 2815 475 2860 est
513 2815 685 2860 nostra
725 2807 866 2860 salua
907 2805 1095 2876 (Rom.
1126 2806 1214 2860 15.
1247 2805 1373 2874 H);
1400 2814 1455 2859 et
1484 2817 1703 2868 rursus,
1733 2800 1980 2855 Dominus

399 2914 560 2970 prope
586 2908 660 2953 est
682 2897 941 2968 (Philipp.
970 2899 1025 2952 4.
1060 2896 1137 2966 5).
1172 2896 1269 2951 llic
1295 2910 1424 2951 vero
1446 2893 1718 2966 quidpiam
1750 2892 1980 2962 amplius

399 2989 546 3045 facit.
588 2988 770 3059 Neque
799 2989 940 3044 enim
992 2988 1114 3044 hinc
1160 2997 1368 3043 tantum
1404 3001 1498 3041 eos
1524 2983 1593 3040 ad
1623 2984 1848 3040 salutem
1880 2985 1981 3038 im-

399 3079 583 3150 pellit,
612 3078 756 3149 quod
800 3079 963 3134 breve
999 3059 1160 3149 atque
1212 3079 1463 3149 exiguum
1509 3075 1581 3131 sit
1619 3074 1672 3130 id
1721 3073 1979 3144 temporis

396 3170 541 3242 quod
563 3179 749 3236 restat,
779 3171 875 3226 sed
907 3171 1031 3226 hinc
1056 3171 1238 3238 etiam,
1273 3169 1415 3240 quod
1438 3169 1614 3224 solum
1645 3167 1745 3222 hoc
1768 3176 1979 3236 tempus

397 3263 467 3319 ad
491 3277 609 3318 eam
634 3261 1032 3332 adipiscendam
1058 3263 1360 3332 appositum
1389 3261 1484 3316 sit.
1518 3259 1650 3315 Ecce
1671 3260 1804 3314 enim
1843 3273 1979 3312 nunc

401 3365 595 3425 tempus
622 3355 960 3421 acceptabile,
991 3371 1105 3408 ecce
1139 3354 1248 3407 dies
1279 3353 1480 3408 salutis.
1524 3351 1604 3407 Ne
1634 3352 1794 3420 igitur
1818 3364 1978 3405 occa-

399 3448 606 3501 sionem
636 3445 789 3500 nobis
817 3445 996 3515 perire
1043 3446 1317 3506 sinamus,
1349 3441 1445 3498 sed
1492 3442 1708 3512 dignum
1760 3449 1976 3510 accepta

394 3539 565 3609 gratia
592 3537 824 3594 studium
853 3537 1224 3593 exhibeamns.
1254 3535 1388 3591 Nam
1415 3535 1537 3590 ideo
1557 3545 1611 3590 et
1633 3535 1732 3603 ipsi
1759 3533 1979 3588 festina-

396 3646 561 3696 mus,
591 3628 734 3700 quod
782 3637 838 3684 et
883 3629 1197 3684 brevitatem
1247 3636 1301 3682 et
1345 3626 1798 3696 opportunitatem
1839 3634 1975 3678 tem-

395 3720 545 3790 poris
588 3727 920 3790 perspectam
953 3717 1286 3774 habeamus:
1339 3715 1481 3771 unde
1521 3717 1682 3769 etiam
1727 3714 1974 3777 dicebat,

396 3810 710 3881 Adjuvantes
745 3819 915 3864 autem
949 3811 1299 3864 exhortamur.
1338 3806 1672 3878 Adjuvantes,
1702 3820 1798 3860 vos
1825 3804 1976 3859 scili-

397 3911 516 3956 cet:
545 3916 645 3955 vos
686 3902 830 3955 enim
883 3902 1094 3969 potius,
1122 3915 1281 3970 quam
1330 3899 1494 3954 Deum
1533 3913 1633 3968 pro
1677 3911 1784 3966 quo
1827 3897 1976 3966 lega-

399 3993 560 4046 tionis
601 4008 797 4047 tnunus
837 3992 1077 4056 obimus,
1105 3990 1438 4060 adjuvamus.
1494 3988 1610 4057 Ipse
1654 3988 1797 4042 cnim
1831 3988 1976 4043 nulla

396 4099 458 4138 re
485 4082 724 4154 indiget,
755 4099 938 4139 verum
967 4081 1113 4136 salus
1157 4081 1332 4136 omnis
1361 4081 1428 4135 ad
1456 4094 1554 4134 vos
1584 4089 1845 4150 permeat.
1876 4080 1974 4134 At-

394 4187 502 4242 que
529 4174 775 4228 utetiam
808 4173 900 4228 Dei
945 4172 1249 4242 adjutorem
1293 4186 1354 4226 se
1395 4185 1516 4225 esse
1543 4169 1712 4235 dicat,
1758 4185 1829 4225 ne
1873 4169 1977 4224 hoc

395 4263 609 4332 quidem
633 4264 724 4320 ille
751 4263 994 4334 repudiat
1022 4281 1034 4318 :
1063 4279 1185 4318 nam
1211 4272 1267 4318 et
1291 4261 1398 4316 alio
1429 4262 1548 4316 loco
1572 4261 1736 4326 dicit,
1761 4259 1858 4315 Dei
1877 4260 1978 4313 ad-

394 4355 586 4421 iutores
615 4371 789 4409 sumus
819 4354 902 4426 (1.
928 4349 1052 4408 Cor.
1077 4355 1132 4410 5.
1158 4352 1193 4409 9
1211 4353 1256 4425 ).
1288 4355 1464 4422 Atque
1491 4350 1594 4405 hac
1636 4351 1843 4406 ratione
1871 4351 1976 4405 ho-

393 4444 572 4500 mines
599 4459 812 4499 rursum
843 4444 1070 4499 salutem
1093 4443 1366 4513 impertire
1389 4443 1501 4497 ait:
1529 4441 1600 4496 Et
1624 4443 1971 4497 exhortamur.

395 4536 492 4591 Ille
532 4538 728 4607 quippe
752 4551 874 4591 cum
921 4537 1262 4602 exhortatur,
1293 4553 1398 4592 non
1443 4537 1760 4606 simpliciter
1780 4536 1978 4590 exhor-

396 4637 574 4695 tatur,
605 4629 700 4685 sed
729 4629 826 4684 has
848 4629 1260 4700 justiﬁcationes
1287 4630 1480 4695 affert;
1509 4629 1650 4700 quod
1676 4629 1880 4698 justum
1910 4629 1976 4684 il-

396 4720 505 4775 lum
538 4718 765 4786 Filium,
791 4720 884 4790 qui
905 4735 973 4776 ne
1003 4729 1278 4788 peccatum
1304 4720 1519 4790 quidem
1550 4731 1768 4786 nosset,
1801 4720 1974 4776 dona-

396 4813 570 4879 verit,
616 4822 672 4868 et
718 4828 818 4882 pro
845 4813 1000 4869 nobis
1043 4809 1411 4883 peccatoribus
1468 4813 1643 4882 ipsum
1692 4824 1970 4883 peccatum

395 4901 614 4968 fecerit,
642 4911 701 4958 ut
741 4919 842 4958 nos
867 4902 998 4974 justi
1043 4901 1381 4958 efﬁciamur:
1413 4917 1534 4971 quae
1583 4903 1801 4972 quidem
1850 4919 1972 4958 cum

396 4993 592 5051 habeat
611 5036 626 5060 ,
654 5010 718 5050 ac
745 4995 884 5050 Deus
910 4995 1000 5060 sit,
1035 5009 1104 5050 ne
1132 5009 1323 5065 rogare
1348 4993 1563 5064 quidem
1584 5009 1708 5049 cum
1736 5004 1972 5064 oportet,

397 5085 641 5142 homines
656 5088 975 5157 prtesertitn,
995 5094 1048 5141 et
1062 5100 1090 5139 a
1104 5085 1297 5156 quibus
1313 5085 1548 5141 offensus
1564 5084 1758 5153 fuerat,
1780 5100 1970 5140 verum

395 5179 621 5248 singulis
661 5178 851 5235 diebus
884 5179 1097 5249 rogari;
1143 5176 1311 5233 nihilo
1347 5177 1522 5233 secius
1567 5186 1744 5230 tamen
1775 5186 1970 5246 rogat:

394 5278 452 5324 at
478 5284 604 5336 nos,
631 5286 753 5326 cum
783 5286 1066 5342 rogamus,
1116 5271 1320 5326 nullum
1345 5268 1568 5325 omnino
1607 5269 1733 5338 jus,
1766 5268 1970 5323 nullum

397 5361 712 5418 beneﬁcium
760 5363 1000 5434 proferre
1043 5375 1370 5433 possumus;
1401 5376 1588 5416 verum
1631 5374 1796 5414 unum
1828 5359 1966 5424 hoc,

396 5453 538 5523 quod
567 5454 663 5510 Dei
684 5495 699 5518 .
729 5455 820 5524 qui
865 5462 1008 5509 tanta
1040 5454 1176 5508 bona
1221 5452 1461 5517 dederit,
1493 5451 1710 5507 nomine
1734 5464 1832 5506 vos
1866 5449 1969 5505 ob-

395 5559 691 5601 secramus.
713 5545 1070 5600 Obsecramus
1095 5559 1275 5614 porro,
1304 5551 1362 5598 ut
1384 5543 1621 5598 oblatum
1645 5542 1967 5598 benelicium

395 5637 670 5706 accipiatis
694 5678 710 5705 ,
738 5653 839 5694 nec
863 5652 1056 5692 munus
1086 5635 1398 5707 repudiatis.
1421 5634 1625 5689 Morem
1654 5635 1839 5705 itaque
1872 5649 1973 5690 no-

397 5725 480 5781 his
513 5727 684 5797 gerite
704 5767 721 5796 ,
747 5742 809 5782 ac
836 5726 1010 5783 videte
1042 5741 1108 5782 ne
1133 5726 1184 5781 in
1216 5741 1440 5782 vacuum
1471 5724 1702 5796 gratiam
1727 5726 1960 5798 accipia-

2111 692 2197 742 tis.
2225 687 2437 745 Etenim
2463 708 2532 749 ne
2565 695 2638 750 illi
2670 696 2724 752 in
2755 700 2858 756 hoc
2882 716 2986 757 uno
3012 709 3508 772 reconciliationem
3537 719 3690 788 posi-

2107 789 2212 877 tam
2237 796 2356 837 esse
2385 785 2788 854 existimarent,
2820 801 2878 847 ut
2903 798 3114 852 vocanti
3141 797 3300 857 fidem
3325 785 3688 877 adhiberent,

2106 869 2227 926 ideo
2273 873 2386 930 haec
2431 876 2591 931 verba
2622 879 2896 950 adjungit,
2941 885 3136 954 quibus
3179 891 3414 947 studium
3465 895 3520 950 in
3565 869 3688 953 vita;

2104 962 2311 1054 ratione
2339 965 2614 1034 efﬂagitat.
2644 969 2777 1026 Nam
2812 973 2934 1043 qui,
2972 986 3317 1050 posteaquam
3351 987 3586 1054 peccatis
3618 990 3687 1043 li-

2104 1052 2320 1109 beratus
2339 1067 2501 1127 atque
2524 1061 2576 1113 in
2602 1063 2893 1120 amicitiam
2922 1079 3173 1140 receptus
3201 1085 3304 1140 est,
3333 1052 3384 1131 in
3415 1079 3683 1147 prioribus

2102 1146 2316 1218 ﬂagitiis
2342 1167 2528 1207 rursus
2551 1155 2821 1212 volutatur
2839 1201 2854 1225 ,
2889 1160 2934 1214 is
2962 1163 3030 1217 ad
3077 1165 3389 1224 inimicitias
3416 1146 3589 1235 redit;
3621 1191 3686 1230 ac

2102 1237 2330 1309 frustra,
2362 1254 2616 1313 quantum
2643 1247 2711 1302 ad
2743 1250 2904 1305 vitam
2946 1255 3174 1323 attinet,
3207 1260 3431 1328 gratiam
3472 1261 3566 1320 Dei
3593 1280 3686 1321 ac-

2102 1332 2264 1401 cepit.

2176 1421 2351 1477 Gratia
2381 1442 2480 1480 non
2511 1429 2723 1483 multum
2746 1433 2893 1501 juvat
2918 1435 2990 1488 ad
3017 1438 3270 1506 salutent,
3301 1443 3348 1496 si
3372 1444 3570 1514 impure
3612 1450 3690 1503 ri-

2099 1530 2295 1569 vamus.
2320 1547 2390 1556 —-
2407 1518 2589 1589 Neque
2615 1526 2756 1576 enim
2783 1542 3030 1596 magnum
3060 1531 3332 1602 quidpiam
3357 1535 3424 1589 ad
3453 1539 3680 1596 salutent

2099 1605 2253 1700 nobis
2283 1607 2436 1663 affert
2459 1614 2628 1678 gratia
2650 1655 2664 1679 ,
2699 1615 2744 1669 si
2787 1617 2996 1687 impure
3024 1621 3270 1680 vivamus
3297 1644 3310 1680 :
3344 1628 3470 1697 quin
3503 1633 3682 1700 potius

2097 1694 2476 1755 detrimentum
2507 1702 2559 1757 in
2588 1721 2684 1759 nos
2714 1710 2961 1776 accersit,
2984 1694 3374 1772 vehementius
3395 1721 3447 1774 in
3481 1694 3677 1791 pecca-

2099 1788 2166 1841 tis
2208 1802 2490 1858 gravatos,
2525 1803 2581 1848 ut
2610 1797 2698 1866 qui
2746 1809 2870 1868 post
2915 1801 3177 1870 ejusmodi
3224 1788 3583 1878 cognitionem
3615 1830 3682 1871 ac

2095 1879 2411 1936 beneﬁcium
2455 1886 2520 1939 ad
2564 1888 2744 1956 priora
2777 1891 2902 1945 vitia
2942 1908 3040 1947 nos
3084 1896 3228 1964 ipsos
3260 1902 3575 1958 referamus.
3609 1907 3682 1960 At

2093 1969 2328 2024 nondum
2363 1973 2463 2028 hoc
2493 1978 2664 2044 ponit,
2694 1993 2760 2033 ne
2791 1981 3072 2037 molestam
3095 1993 3255 2054 atque
3281 2003 3526 2058 asperam
3555 2008 3684 2047 ora-

2094 2061 2291 2117 tionem
2321 2063 2511 2119 reddat
2541 2084 2554 2120 :
2585 2066 2687 2124 hoc
2714 2071 2887 2125 soloin
2916 2071 3064 2137 dicit,
3098 2078 3296 2132 nullam
3330 2079 3453 2134 hinc
3481 2081 3546 2135 ad
3577 2097 3681 2138 nos

2092 2153 2376 2210 utilitatem
2408 2157 2610 2214 redire.
2653 2159 2856 2218 Deinde
2895 2164 3192 2236 prophetiae
3222 2184 3436 2240 quoque
3465 2187 3682 2228 memo-

2090 2244 2224 2299 riam
2270 2245 2522 2314 refricat,
2568 2264 2676 2320 quo
2704 2266 2893 2309 eorum
2941 2256 3151 2314 animos
3179 2259 3246 2313 ad
3279 2264 3675 2330 capessendum

2089 2337 2278 2394 salutis
2317 2340 2553 2397 studium
2595 2343 2836 2414 impellat
2877 2357 2930 2403 et
2961 2360 3168 2421 urgeat.
3203 2353 3288 2406 Ait
3314 2356 3448 2408 enim
3476 2373 3495 2410 :
3523 2357 3685 2414 Tem-

2088 2448 2209 2502 pore
2247 2444 2456 2505 accepto
2498 2437 2733 2492 exaudiui
2763 2449 2811 2495 te
2833 2482 2849 2506 ,
2880 2452 2927 2496 et
2954 2445 3007 2498 in
3035 2445 3120 2500 die
3159 2448 3339 2503 salutis
3389 2453 3674 2510 auxiliatur

2089 2539 2201 2577 sum
2227 2526 2335 2578 tibi.
2365 2525 2498 2582 Ecce
2524 2545 2658 2582 nunc
2687 2541 2882 2602 tempus
2907 2537 3231 2606 acceptabile,
3266 2557 3380 2596 ecce
3408 2560 3538 2598 nunc
3560 2547 3675 2602 dies

2084 2613 2286 2670 salutis.
2319 2615 2554 2689 Tempus
2603 2625 2974 2692 acceptabile:
3008 2630 3278 2698 quodnam
3303 2632 3488 2689 istud?
3512 2635 3678 2692 Tem-

2085 2720 2186 2798 pus
2210 2707 2461 2766 videlicet
2490 2713 2736 2771 beneﬁcii
2774 2728 2826 2774 et
2851 2721 3039 2789 gratiae
3063 2762 3079 2787 ,
3112 2724 3164 2778 in
3205 2740 3312 2794 quo
3341 2726 3408 2781 de
3433 2732 3672 2798 peccatis

2084 2797 2337 2854 admissis
2365 2801 2603 2861 rationes
2631 2821 2737 2861 non
2780 2820 3148 2878 exposcuntur
3188 2830 3288 2871 nec
3316 2797 3492 2886 paenae
3530 2833 3668 2888 pen-

2084 2889 2315 2959 duntur,
2345 2894 2397 2948 in
2423 2911 2532 2965 quo
2572 2913 2674 2952 una
2718 2914 2840 2956 cum
2888 2905 3326 2964 reconciliatione
3371 2909 3670 2969 innumeris

2083 2996 2296 3052 quoque
2323 2985 2479 3040 bonis
2521 2985 2781 3056 fruimur,
2822 2991 3027 3062 justitia
3055 2997 3306 3053 nimirum
3327 3040 3342 3063 ,
3374 3005 3671 3060 sanctiﬁca-

2086 3071 2229 3127 tione
2249 3114 2265 3140 ,
2294 3074 2520 3147 aliisque
2549 3081 2818 3136 omnibus.
2844 3082 3085 3151 Quantos
3115 3089 3260 3144 enim
3291 3089 3505 3149 labores
3547 3110 3669 3151 sus-

2083 3164 2265 3235 cipere
2290 3181 2388 3236 par
2415 3178 2554 3235 erat,
2582 3179 2638 3224 ut
2663 3172 2802 3227 hanc
2826 3177 3165 3233 occasionem
3191 3183 3626 3242 nancisceremur
3643 3189 3669 3242 τ

2083 3265 2137 3309 at
2161 3270 2290 3311 ecce
2309 3297 2325 3324 ,
2355 3259 2504 3314 nullo
2535 3277 2565 3313 a
2599 3262 2756 3319 nobis
2784 3276 3037 3336 suscepto
3068 3269 3280 3339 labore,
3331 3273 3517 3342 adest,
3546 3293 3666 3333 out-

2083 3347 2228 3400 nium
2255 3357 2380 3404 ante
2407 3349 2766 3408 admissurum
2801 3356 3012 3412 veniam
3052 3359 3304 3418 efferens.
3335 3365 3415 3420 Ae
3440 3367 3666 3436 proinde

2081 3441 2410 3509 acceptabile
2438 3441 2543 3498 hoc
2571 3455 2782 3517 tempus
2810 3459 2998 3516 vocat,
3027 3453 3281 3522 quoniam
3310 3471 3407 3514 eos
3427 3474 3661 3530 quoque,

2082 3530 2171 3599 qui
2204 3531 2498 3588 innumeris
2530 3537 2824 3591 sceleribus
2853 3553 2974 3596 sese
3003 3542 3406 3603 obstrinxerant
3425 3591 3440 3615 ,
3469 3551 3664 3607 admit-

2083 3621 2262 3688 tebat,
2319 3638 2419 3679 nec
2469 3633 2672 3680 tantum
2730 3627 3082 3700 admittebat,
3133 3636 3228 3690 sed
3275 3638 3343 3692 ad
3392 3656 3664 3696 summum

2083 3711 2242 3766 etiam
2271 3713 2491 3768 honoris
2517 3718 2741 3786 gradum
2769 3720 3100 3780 subvehebat
3125 3745 3139 3780 :
3184 3743 3292 3784 non
3319 3743 3479 3787 secus
3501 3743 3665 3804 atque

2083 3802 2398 3859 adveniente
2444 3821 2570 3876 rcge
2605 3809 2788 3876 judicii
2823 3821 3034 3884 tempus
3063 3832 3168 3871 non
3197 3828 3316 3886 est,
3346 3821 3444 3877 sed
3477 3802 3663 3892 gratia:

2082 3907 2146 3946 ac
2199 3893 2409 3950 salutis.
2433 3893 2513 3951 οι)
2560 3913 2678 3952 eam
2728 3915 2942 3956 causam
2994 3908 3324 3974 acceptabile
3370 3913 3471 3966 hoc
3525 3921 3662 3968 tem-

2085 4000 2182 4055 pus
2207 3995 2388 4053 vocat,
2424 3990 2677 4058 quamdiu
2707 3992 2884 4050 adhuc
2925 3995 2977 4049 in
3021 4009 3318 4056 scammate
3344 4017 3659 4074 versamur,

2082 4076 2335 4145 quamdiu
2357 4078 2529 4134 adhuc
2557 4081 2607 4135 in
2631 4085 2923 4140 excolenda
2945 4092 3101 4142 vinea
3123 4105 3344 4161 operam
3365 4109 3625 4152 navamus
3641 4139 3660 4166 ,

2083 4169 2335 4238 quamdiu
2363 4171 2643 4226 undecima
2673 4173 2804 4229 hora
2831 4189 3098 4248 superest.
3636 4230 3656 4244 .

2139 4260 2193 4315 2.
2218 4261 2575 4330 Accedamus,
2599 4279 2662 4320 ac
2681 4267 2844 4322 vitam
2866 4281 3101 4326 nostram
3125 4282 3270 4330 recte
3289 4276 3658 4335 instituamus:

2084 4351 2133 4405 id
2161 4355 2303 4407 enim
2335 4352 2491 4411 facile
2531 4368 2634 4414 est.
2666 4358 2798 4414 Nam
2827 4363 2917 4431 qui
2943 4379 3010 4418 eo
3042 4373 3283 4437 tempore
3311 4381 3518 4440 certat,
3547 4391 3659 4445 quo

2084 4452 2288 4499 tantum
2318 4444 2643 4503 beneﬁcium
2671 4464 2735 4504 ac
2781 4460 2924 4507 tanta
2966 4458 3137 4522 gratia
3181 4458 3347 4514 emtsa
3377 4471 3496 4530 est,
3538 4444 3656 4534 pal-

2081 4549 2222 4587 mam
2253 4534 2394 4591 facili
2422 4539 2640 4608 negotio
2667 4551 3048 4612 consequetur.
3081 4546 3295 4604 Etenim
3325 4554 3465 4622 apud
3493 4563 3664 4612 terre-

2082 4641 2179 4681 nos
2204 4642 2418 4700 quoque
2458 4629 2813 4701 imperatores
2833 4674 2851 4700 ,
2885 4650 3006 4692 cum
3036 4638 3158 4694 festi
3183 4656 3371 4698 eorum
3402 4645 3518 4702 dies
3543 4649 3659 4719 agi-

2085 4726 2283 4800 tantur,
2304 4729 2467 4791 atque
2490 4721 2544 4777 in
2570 4725 2837 4781 consulari
2864 4726 3050 4784 habitu
3076 4743 3394 4800 cernuntur,
3423 4737 3470 4792 is
3495 4740 3658 4796 etiam

2079 4797 2176 4878 qui
2195 4809 2442 4880 exiguum
2471 4828 2666 4868 munus
2689 4813 2880 4880 offert,
2929 4820 3135 4888 magnis
3180 4821 3338 4877 donis
3381 4797 3658 4897 afﬁcitur;

2081 4899 2147 4958 iis
2170 4909 2347 4955 autem
2376 4901 2585 4970 diebus,
2614 4905 2769 4974 queis
2787 4904 2987 4975 judicis
3015 4925 3210 4969 munus
3236 4927 3512 4985 exercent,
3541 4935 3662 4975 ma-

2078 5009 2180 5064 gna
2223 4993 2498 5064 diligentia
2530 5011 2830 5069 magnoque
2859 5002 3107 5059 examine
3133 5020 3269 5077 opus
3305 5017 3411 5066 est.
3442 5010 3532 5068 Sic
3555 5028 3659 5069 nos

2077 5085 2237 5139 etiam
2288 5085 2446 5155 hujus
2500 5085 2745 5145 beneﬁcii
2798 5098 3038 5161 tempore
3097 5096 3483 5158 deeertemus:
3542 5104 3658 5160 dies

2076 5176 2262 5245 gratia:
2291 5187 2412 5245 est,
2443 5177 2638 5234 divina:
2667 5181 2884 5252 inquam
2910 5187 3119 5255 gratim,
3149 5192 3290 5248 unde
3315 5195 3478 5249 etiam
3503 5195 3662 5253 facile

2078 5279 2306 5320 coronas
2360 5267 2740 5339 adipiscemur.
2772 5273 2907 5330 Nam
2937 5277 2984 5331 si
3007 5319 3022 5340 ,
3054 5294 3175 5335 cum
3205 5291 3282 5336 tot
3311 5283 3454 5338 vitiis
3482 5295 3659 5342 scate-

2079 5372 2261 5413 remus
2280 5401 2295 5425 ,
2325 5369 2380 5414 et
2404 5361 2622 5419 admisit
2647 5379 2748 5420 nos
2772 5375 2827 5420 et
2865 5366 2932 5422 iis
2962 5367 3244 5436 liberavit;
3290 5374 3539 5430 omnibus
3565 5393 3660 5432 so-

2081 5449 2218 5504 lutos
2239 5492 2254 5517 ,
2301 5467 2470 5522 caque
2499 5471 2618 5524 qua:
2666 5457 2838 5511 nostri
2885 5463 3125 5516 muneris
3150 5472 3274 5517 sunt
3301 5477 3620 5534 praestantes
3643 5514 3660 5538 ,

2080 5557 2256 5598 annon
2284 5545 2456 5600 multo
2483 5547 2652 5618 magis
2682 5545 3018 5605 admissurus
3067 5554 3188 5607 est?
3217 5554 3407 5612 Postea
3435 5559 3485 5614 id
3518 5562 3660 5631 quod

2080 5645 2338 5705 perpetuo
2365 5636 2524 5705 facit,
2551 5647 2608 5693 ut
2638 5639 2876 5711 seipsum
2908 5642 2960 5698 in
2994 5644 3228 5702 medium
3261 5660 3553 5722 proponat,
3583 5667 3661 5712 at-

2080 5742 2184 5796 que
2206 5729 2327 5785 hinc
2347 5730 2647 5800 exemplum
2675 5746 2886 5790 sumere
2902 5733 3108 5806 jubeat,
3137 5737 3230 5796 hic
3255 5754 3468 5815 quoque
3491 5745 3649 5801 facit:
