4090 6216
503 378 605 431 ωδ

508 468 650 522 unde
678 466 840 523 etiam
871 461 1173 534 subjttngit,
1207 461 1260 514 3.
1296 457 1505 512 Nemini
1534 456 1708 509 dantes
1736 454 1898 507 ullam
1927 449 2089 517 offen-

503 562 716 625 sionem,
745 569 800 612 ut
831 574 932 612 non
977 556 1284 623 vituperetur
1325 549 1663 602 ministerium
1690 554 1940 599 nostrum.
1971 540 2088 596 Non

507 651 667 705 modo
696 664 726 702 a
771 657 1033 716 tempore,
1063 643 1158 698 sed
1203 642 1362 697 etiam
1394 640 1462 694 ab
1493 638 1558 692 iis
1579 678 1594 702 ,
1626 638 1715 703 qui
1749 634 2002 704 praeclare
2031 647 2092 688 se

504 749 802 810 gesserunt,
831 753 924 792 eos
956 748 1274 805 permovere
1299 729 1500 787 studet.
1529 730 1606 782 Ac
1633 726 1757 780 vide
1783 739 1944 794 quam
1973 722 2091 777 sine

505 833 644 886 fastu
685 839 844 900 atque
888 827 1194 899 arrogantia
1227 844 1239 878 :
1287 839 1395 878 non
1422 822 1564 878 enim
1597 819 1767 884 dixit,
1802 814 2088 871 Intuemini

505 925 556 976 in
590 937 723 988 nos,
767 922 891 992 quia
933 921 1064 975 tales
1105 933 1290 974 sumus
1324 935 1339 984 ;
1389 930 1574 970 verum
1602 913 1749 981 prius
1783 925 1905 979 quae
1933 908 1999 962 ad
2030 921 2089 962 se

502 1023 747 1082 spectant
770 1020 986 1068 enarrat
1015 1052 1031 1076 ,
1080 1020 1136 1065 ut
1166 1023 1378 1063 omnem
1413 1002 1846 1076 reprehensionis
1871 1014 2087 1054 causam

501 1105 837 1162 submoveat.
869 1104 945 1157 Ac
991 1101 1099 1158 duo
1125 1101 1320 1156 eximia
1364 1096 1724 1152 immaculata:
1756 1094 1879 1146 vita:
1924 1105 2086 1160 argu-

503 1206 684 1252 menta
734 1197 914 1265 ponit,
965 1195 1093 1250 dum
1141 1194 1257 1257 ait,
1303 1189 1510 1245 Nemini
1541 1188 1721 1241 dantes
1752 1186 1956 1240 ullam:
1987 1197 2087 1238 nec

502 1289 638 1344 dixit
674 1291 1076 1344 accusationem
1098 1327 1112 1350 ,
1146 1285 1275 1349 sed,
1308 1282 1450 1352 quod
1508 1281 1665 1349 longe
1710 1278 1886 1331 minus
1932 1283 2084 1340 erat,

506 1379 888 1446 Olfensionem;
919 1392 982 1432 ac
1013 1377 1056 1432 si
1087 1375 1323 1435 diceret,
1359 1362 1796 1441 reprehensionis
1825 1374 1878 1420 et
1907 1365 2088 1435 queri-

502 1470 697 1524 monia:
731 1459 905 1524 locum
941 1468 1070 1522 nulli
1101 1467 1308 1520 dantes.
1347 1463 1413 1518 Ut
1460 1478 1562 1515 non
1601 1460 1911 1530 vituperetur
1936 1455 2088 1509 mini-

503 1567 711 1617 sterium
742 1573 990 1616 nostrum.
1027 1561 1139 1614 l-loc
1178 1571 1279 1623 est,
1311 1572 1379 1610 ne
1418 1556 1536 1626 quis
1574 1553 1701 1606 illud
1735 1557 1938 1621 carpat.
1980 1547 2088 1604 Nec

501 1669 687 1707 rursus
711 1652 865 1716 dixit,
901 1651 968 1707 Ut
994 1668 1099 1705 non
1129 1657 1433 1708 accusetur,
1466 1644 1583 1708 sed,
1617 1643 1680 1699 Ut
1711 1659 1779 1697 ne
1810 1641 2085 1696 levissima

500 1746 714 1817 quidem
744 1746 794 1799 in
818 1760 883 1800 eo
908 1745 1063 1814 culpa
1085 1743 1318 1805 haereat,
1349 1754 1448 1794 nec
1477 1737 1742 1808 quispiam
1769 1735 1840 1788 sit
1859 1735 1950 1804 qui
1977 1733 2085 1787 ulla

501 1836 553 1890 in
587 1852 645 1891 re
673 1834 802 1890 illud
835 1835 1088 1889 insectari
1133 1840 1312 1902 queat.
1345 1831 1398 1885 4.
1431 1829 1538 1884 Sed
1566 1829 1620 1881 in
1664 1825 1893 1881 omnibus
1943 1824 2088 1878 exhi-

499 1924 668 1980 bentes
713 1925 1043 1994 nosmetipsos
1084 1923 1212 1977 sicut
1257 1920 1354 1975 Dei
1409 1919 1686 1972 ministros.
1742 1916 1856 1971 Hoc
1917 1915 2086 1970 multo

500 2020 673 2087 majus
702 2028 804 2072 est.
834 2015 1018 2086 Neque
1049 2015 1192 2070 enim
1223 2013 1276 2068 in
1308 2013 1421 2082 pari
1452 2009 1607 2064 laude
1632 2006 1938 2078 ponendum
1969 2015 2082 2072 est,

501 2106 926 2180 reprehensione
981 2120 1178 2160 vacare
1197 2145 1212 2169 ,
1257 2113 1418 2173 atque
1447 2102 1516 2156 ita
1561 2115 1621 2154 se
1648 2112 1962 2168 comparare
1984 2137 2000 2164 ,
2030 2105 2085 2151 ut

502 2200 736 2272 undique
760 2199 1099 2270 perspicuum
1131 2195 1218 2260 sit,
1248 2209 1342 2249 eos
1370 2193 1464 2247 Dei
1490 2192 1766 2245 ministros
1786 2202 1907 2244 esse
1933 2205 1945 2241 :
1977 2202 2083 2240 non

499 2293 644 2349 enim
669 2293 812 2362 paris
832 2290 1000 2345 laudis
1022 2296 1132 2355 est,
1162 2303 1192 2342 a
1215 2284 1637 2357 reprehensione
1667 2281 1895 2336 liberum
1923 2293 2043 2336 esse
2062 2317 2080 2342 .

497 2395 554 2441 et
596 2383 812 2440 laudum
861 2379 1194 2437 ornamentis
1239 2375 1531 2431 abundare.
1561 2372 1671 2428 Nec
1700 2372 1866 2435 dixit,
1900 2373 2082 2440 Appa-

500 2487 713 2541 reutes,
770 2473 863 2527 sed
924 2470 1258 2534 Ealu'bentes,
1308 2466 1410 2520 hoc
1455 2473 1577 2530 est,
1629 2462 2079 2518 demonstrantes.

502 2569 702 2624 Deinde
722 2565 860 2621 unde
880 2565 1012 2618 tales
1031 2562 1202 2617 eﬁ'ecti
1222 2561 1331 2615 sint
1346 2559 1584 2629 exponit.
1599 2555 1876 2612 Uudenam
1896 2554 2084 2624 igitur?

501 2661 568 2715 ln
615 2661 775 2714 multa
825 2658 1066 2728 patientia
1088 2698 1105 2722 ,
1154 2653 1347 2724 inquit.
1381 2651 1586 2719 Quibus
1611 2648 1788 2703 verbis
1817 2647 2079 2703 bonorum

498 2755 734 2809 omnium
768 2751 1169 2806 fundamentum
1215 2745 1413 2816 posuit.
1460 2741 1585 2798 Ideo
1614 2756 1721 2796 non
1766 2739 2083 2810 simpliciter

501 2846 810 2918 patientiam
869 2842 1041 2908 dixit,
1086 2839 1179 2894 sed
1211 2838 1434 2892 multam
1483 2834 1663 2900 addit,
1694 2842 1752 2886 ut
1800 2831 1940 2886 illius
1970 2845 2083 2884 ma-

498 2937 828 3008 gnitudinem
886 2933 1205 2987 declararet.
1263 2928 1435 2983 Unam
1487 2935 1578 2979 aut
1622 2924 1843 2978 alteram
1896 2921 2081 2976 tulisse

505 3029 849 3084 tentatiouem
879 3040 984 3079 non
1012 3036 1260 3091 magnum
1287 3028 1460 3082 esset;
1493 3015 1586 3070 scd
1613 3014 1702 3068 ille
1731 3012 2079 3068 tentationem

498 3138 596 3176 t-eu
642 3119 865 3176 imbrem
895 3114 1136 3179 inducit,
1180 3112 1400 3174 dicens,
1435 3107 1501 3162 In
1545 3104 1981 3170 tribulationibus,
2027 3103 2081 3158 in

500 3211 897 3268 necessitatibus.
929 3207 1041 3262 lloc
1071 3203 1419 3258 afﬁictionum
1441 3207 1784 3270 augmentum
1811 3206 1895 3252 cst
1913 3238 1928 3264 ,
1956 3211 2079 3252 cum

499 3307 636 3362 mala
679 3302 834 3358 vitari
881 3305 1174 3370 neque-unt,
1205 3310 1269 3350 ac
1298 3294 1448 3350 velut
1496 3291 1789 3346 necessitas
1833 3289 2079 3359 quaedam

497 3397 849 3454 acerbitatum
882 3389 1164 3454 incumbit,
1189 3402 1254 3442 ex
1281 3400 1386 3456 qua
1419 3383 1502 3436 vix
1533 3393 1584 3437 te
1609 3380 1865 3452 expedire
1893 3393 2077 3450 queas.

499 3490 567 3546 In
589 3485 855 3559 angustiis.
882 3481 1062 3537 Famis
1094 3479 1299 3534 scilicet
1321 3475 1656 3544 aliarumque
1682 3485 1863 3527 rerum
1892 3485 2081 3525 neces-

499 3582 794 3642 sariarum,
825 3575 911 3630 vel
941 3570 1256 3642 simpliciter
1285 3565 1662 3624 tentalionum.
1695 3564 1748 3619 5.
1783 3559 1849 3616 In
1875 3563 2042 3634 plagis
2061 3601 2076 3628 ,

498 3676 553 3728 in
578 3670 861 3726 carceribus
880 3707 896 3733 ,
923 3667 976 3720 in
1003 3663 1357 3719 seditionibus.
1389 3658 1550 3728 Atqui
1581 3655 1858 3728 quodlibet
1887 3655 2078 3708 horum

500 3765 583 3819 vel
610 3763 780 3818 solum
805 3755 1141 3813 intolerabile
1167 3761 1318 3818 erat,
1347 3759 1401 3806 et
1425 3749 1604 3819 ﬂagris
1623 3747 1755 3802 caedi
1782 3745 1954 3801 solum
1977 3786 1992 3812 ,
2021 3753 2076 3800 et

498 3853 688 3910 vinciri
717 3852 909 3914 solum,
942 3858 997 3903 et
1025 3847 1237 3916 pulsum
1266 3857 1527 3913 nusquam
1554 3839 1851 3894 consistere
1880 3850 2036 3906 posse
2061 3854 2075 3890 :

502 3948 606 4001 hoc
631 3946 773 4000 enim
817 3938 1081 4012 signiﬁcat
1100 3978 1117 4004 ,
1149 3934 1218 3989 In
1261 3933 1612 3988 seditionibus.
1641 3930 1711 3983 At
1739 3943 1860 3983 cum
1889 3937 1943 3982 et
1966 3926 2080 3982 haec

497 4037 677 4094 omnia
703 4045 758 4090 et
784 4032 942 4088 simul
974 4031 1262 4100 ingruunt,
1307 4023 1480 4094 cogita
1511 4035 1671 4091 quam
1721 4018 1934 4073 ﬁrmum
1964 4018 2080 4072 ani-

502 4147 649 4187 mum
677 4128 969 4198 requirant.
1001 4123 1265 4191 Deinceps
1303 4133 1406 4172 una
1445 4131 1570 4171 cum
1597 4114 1833 4170 externis
1861 4127 1958 4167 sua
1987 4126 2078 4166 re-

502 4233 687 4280 censet
718 4240 733 4277 :
786 4217 852 4274 In
900 4215 1184 4278 laboribus,
1229 4211 1284 4264 in
1311 4207 1497 4279 vigiliis
1518 4247 1533 4272 ,
1563 4207 1616 4260 in
1653 4205 1868 4276 jejuniis
1889 4244 1904 4268 ,
1937 4203 1993 4260 6.
2025 4203 2078 4257 in

501 4317 749 4370 castitate.
796 4309 890 4364 llis
934 4305 1111 4361 verbis
1153 4313 1422 4355 aerumnas
1449 4312 1541 4351 eas
1573 4296 1782 4357 innuit,
1815 4309 1946 4363 quas
1977 4292 2079 4347 huc

499 4419 659 4476 atque
687 4403 812 4457 illuc
832 4396 1095 4455 cursando
1117 4408 1179 4448 ac
1195 4391 1393 4446 victum
1411 4388 1508 4443 sibi
1534 4387 1776 4442 manibus
1790 4385 2080 4456 quaerendo

503 4492 814 4554 exantlabat
833 4531 846 4552 .
874 4498 1166 4557 noctesque
1197 4499 1328 4554 quas
1355 4484 1407 4537 in
1437 4481 1681 4537 docendo
1702 4480 1783 4534 vel
1811 4477 1970 4533 etiam
1999 4477 2080 4533 la-

500 4585 742 4642 boraudo
793 4580 1125 4636 conterebat.
1173 4575 1255 4630 Ad
1308 4575 1424 4628 btec
1463 4573 1624 4628 etiam
1677 4587 1776 4627 nec
1813 4571 2078 4642 jejunium

509 4676 812 4735 omittebat,
853 4670 1064 4726 tametsi
1107 4667 1197 4722 illa
1246 4665 1395 4719 mille
1420 4664 1743 4734 jejuniorunt
1791 4663 1957 4715 instar
1987 4677 2078 4716 es-

505 4777 646 4823 sent.
679 4766 780 4822 Per
808 4762 1106 4820 castitatem
1138 4769 1322 4814 rursus
1373 4753 1475 4809 hoc
1501 4753 1620 4808 loco
1655 4754 1742 4808 vel
1771 4752 2077 4822 pudicitiam

507 4857 791 4926 intelligit,
821 4856 904 4910 vel
933 4854 985 4908 in
1015 4850 1260 4907 omnibus
1285 4846 1448 4903 rebus
1474 4845 1756 4917 puritatem
1775 4886 1791 4911 ,
1825 4845 1908 4900 vel
1934 4843 2077 4914 quod

507 4949 818 5003 muneribus
866 4945 1088 5014 abjectis
1136 4942 1302 5012 gratis
1349 4938 1686 5010 evangelium
1737 4938 2074 5008 praedicaret.

507 5041 575 5096 In
599 5037 825 5092 scientia.
858 5035 993 5102 Quid
1023 5046 1141 5098 est,
1166 5031 1231 5086 In
1259 5032 1511 5086 scientia?
1542 5031 1598 5088 in
1625 5030 1885 5102 sapientia
1910 5046 1940 5085 a
1971 5031 2078 5086 Deo

506 5141 798 5192 concessa,
845 5141 964 5194 quae
1012 5138 1135 5179 vera
1183 5123 1406 5177 scicntia
1436 5131 1560 5176 est:
1609 5137 1713 5176 non
1743 5131 1800 5176 ut
1847 5122 1957 5191 illi,
1989 5125 2078 5193 qui

507 5223 778 5293 sapientes
804 5215 1070 5280 videntur,
1095 5213 1246 5267 aede
1265 5221 1488 5266 externa
1511 5214 1732 5267 scientia
1757 5214 2074 5282 gloriantur,

508 5318 611 5372 hac
629 5330 757 5370 vero
781 5309 1016 5368 destituti
1040 5316 1182 5362 sunt.
1213 5304 1278 5359 In
1302 5305 1700 5375 longanimitate,
1728 5307 1779 5360 in
1809 5309 2074 5363 suavitate.

512 5409 637 5462 Hanc
661 5419 871 5477 quoque
901 5414 1152 5472 perquam
1195 5399 1436 5470 generosi
1464 5396 1627 5451 animi
1660 5407 1818 5463 sunt,
1850 5413 2075 5468 nempe,

508 5514 630 5554 cum
660 5497 891 5568 undique
923 5493 1227 5565 provoceris
1269 5505 1332 5546 ac
1375 5491 1661 5561 puugaris,
1692 5505 1848 5561 sequo
1895 5491 2077 5545 animo

508 5589 654 5645 ferre
683 5591 879 5643 omnia.
907 5587 1039 5642 Tum
1063 5595 1242 5642 autem
1271 5584 1560 5638 ostendens
1579 5623 1594 5647 ,
1623 5581 1767 5637 unde
1796 5582 1915 5636 talis
1944 5579 2077 5636 eﬁ‘e-

511 5687 630 5734 ctus
657 5677 761 5741 sit,
805 5676 1100 5744 subiunxit,
1135 5674 1200 5728 In
1245 5673 1446 5743 Spiritu
1473 5683 1666 5726 sancto.
1696 5671 1753 5725 in
1794 5672 1912 5741 ipso
1936 5672 2078 5728 enim

505 5766 686 5826 omnia
715 5764 830 5820 hac
855 5764 1253 5832 consequimur.
1278 5766 1348 5816 At
1371 5761 1490 5817 vide
1517 5759 1856 5830 quandonam
1901 5760 2077 5833 Spiri-

1245 344 1302 398 S.
1342 338 1620 398 JOANNIS
1654 333 2136 395 CllRYSOS'I‘OMl
2175 333 2488 391 ARCHIEP.
2531 334 3066 395 CONSTANTINOP.

3663 345 3762 402 435

2201 459 2284 504 tus
2307 453 2481 506 sancti
2509 453 2764 507 auxilium
2795 453 2972 523 posuit
2997 471 3008 508 :
3043 462 3320 525 postquam
3351 471 3544 528 nempe
3569 473 3663 515 sua
3685 478 3771 521 os-

2197 541 2458 596 tenderat.
2489 543 2822 614 Quamquam
2871 545 3001 600 mihi
3032 546 3174 600 aliud
3207 563 3419 618 quoque
3465 549 3549 605 his
3596 554 3773 610 verbis

2197 633 2431 688 indicare
2453 636 2686 691 videtur.
2713 637 2978 703 Quidnam
3012 637 3154 693 hoc?
3182 638 3386 709 Nempe
3409 641 3551 710 quod
3581 647 3772 713 eopio-

2197 740 2258 779 so
2289 725 2494 796 Spiritu
2526 727 2764 796 repletus
2790 738 2955 793 esset,
2985 737 3146 798 atque
3173 729 3296 784 hinc
3316 744 3529 801 quoque
3557 732 3771 788 missio-

2203 816 2286 870 uis
2331 831 2444 870 suae
2473 827 2847 887 argumentum
2895 820 3190 889 pra-heret,
3234 823 3358 891 quia
3409 823 3775 892 spiritualibus

2193 905 2378 974 gratiis
2409 906 2638 962 donatus
2685 906 2895 963 fuisset.
2934 909 3067 964 Nam
3108 911 3208 964 etsi
3256 912 3305 964 id
3352 927 3564 982 quoque
3606 917 3774 985 gratia

2193 1005 2339 1062 erat;
2373 1006 2423 1051 at
2450 1002 2566 1067 ipse
2593 1015 2806 1069 quoque
2836 1013 2994 1055 causa
3022 1001 3149 1055 item
3172 1009 3318 1065 erat,
3353 1011 3408 1056 ut
3435 1006 3524 1072 qui
3559 1021 3654 1073 per
3680 1021 3773 1061 sua

2193 1096 2342 1144 recte
2389 1088 2524 1144 facta
2554 1098 2610 1145 et
2654 1091 2880 1144 sudores
2912 1091 3133 1159 gratiam
3182 1093 3510 1149 attraxisset.
3548 1095 3701 1164 Quod
3729 1099 3773 1152 si

2193 1183 2313 1252 quis
2343 1182 2562 1251 insuper
2587 1181 2638 1237 id
2669 1198 2884 1253 quoque
2909 1185 3250 1253 abApostolo
3297 1187 3518 1241 indicari
3546 1199 3774 1245 conten-

2193 1273 2316 1335 dat.
2381 1274 2523 1344 quod
2575 1275 2627 1329 in
2677 1275 2940 1344 spirituali
2987 1277 3146 1331 etiam
3205 1278 3291 1332 illa
3344 1280 3514 1349 gratia
3573 1283 3774 1337 nullam

2193 1363 2504 1420 offensionis
2547 1380 2734 1420 ansam
2769 1367 3007 1432 dederit,
3056 1367 3123 1422 ab
3171 1369 3335 1438 ipsius
3365 1371 3628 1425 sententia
3665 1387 3770 1426 non

2193 1460 2472 1530 aberrarit.
2543 1459 2752 1514 Etenim
2819 1461 2931 1525 illi,
2977 1462 3065 1530 qui
3131 1462 3270 1531 apud
3324 1479 3418 1516 eos
3469 1464 3771 1534 linguarum

2193 1548 2389 1603 donum
2435 1560 2791 1620 acceperant,
2835 1550 3061 1620 ideoque
3102 1554 3462 1623 arrogantiam
3509 1569 3772 1626 concepe-

2193 1649 2313 1694 rant
2338 1682 2354 1707 ,
2382 1641 2669 1712 vituperati
2697 1651 2857 1698 sunt:
2893 1640 3010 1697 ﬁeri
3041 1643 3182 1697 enim
3216 1655 3422 1715 potest,
3456 1654 3514 1699 ut
3534 1647 3622 1716 qui
3647 1648 3772 1716 spi—

2194 1731 2437 1811 ritualem
2459 1733 2682 1801 gratiam
2711 1735 3000 1803 acceperit,
3034 1749 3095 1789 ea
3125 1749 3228 1788 nou
3258 1745 3316 1789 ut
3345 1751 3440 1805 par
3465 1747 3546 1791 est
3571 1745 3769 1792 utatur.

2193 1825 2263 1878 At
2291 1838 2388 1880 nos
2415 1839 2519 1879 non
2553 1826 2661 1890 ita;
2697 1841 2882 1880 verum
2912 1827 2964 1880 in
2992 1826 3184 1897 spiritu
3211 1829 3372 1883 etiam
3394 1871 3408 1893 ,
3439 1829 3542 1884 hoc
3569 1839 3654 1885 est
3675 1874 3690 1896 ,
3720 1831 3769 1886 iu

2191 1917 2559 1985 spiritualibus
2583 1919 2791 1990 gratiis,
2818 1919 3075 1990 inculpati
3101 1920 3321 1977 fuimus.
3349 1919 3414 1976 In
3437 1924 3648 1977 caritate
3672 1940 3770 1979 non

2192 2010 2333 2079 ﬁcta.

2259 2100 2314 2154 3.
2344 2099 2467 2155 Haec
2496 2100 2755 2155 bonorum
2793 2101 3030 2156 omnium
3060 2115 3222 2157 causa
3253 2111 3402 2168 erat;
3445 2101 3562 2158 haec
3605 2104 3763 2160 talem

2192 2194 2363 2265 ipsum
2389 2196 2686 2262 efﬁciebat;
2713 2195 2828 2251 btec
2854 2195 2906 2251 id
2926 2197 3233 2266 praestabat,
3258 2205 3316 2251 ut
3335 2196 3590 2266 Spiritus,
3616 2200 3771 2269 cujus

2191 2299 2292 2356 0pc
2329 2286 2508 2341 omnia
2554 2296 2700 2342 recte
2744 2286 3044 2352 efﬁciebat,
3093 2287 3232 2357 apud
3275 2288 3449 2357 ipsum
3507 2299 3768 2346 maneret.

2190 2377 2244 2432 7.
2276 2375 2342 2431 In
2369 2378 2517 2432 verba
2541 2378 2781 2432 veritatis.
2814 2377 2926 2433 Hoc
2950 2387 3072 2445 est,
3124 2375 3267 2448 quod
3294 2377 3610 2449 plerumque
3659 2381 3768 2449 ait,

2190 2483 2294 2523 non
2316 2466 2439 2522 dolo
2466 2477 2755 2524 tractantes
2775 2483 2874 2522 nec
2899 2468 3261 2524 adulterantes
3285 2469 3506 2524 verbum
3537 2469 3627 2525 Dei
3654 2487 3771 2541 per-

2189 2561 2442 2614 stititnus.
2474 2557 2537 2613 In
2568 2561 2746 2615 virtute
2769 2560 2883 2614 Dei.
2919 2559 3070 2627 Quod
3093 2575 3352 2629 nusquam
3385 2573 3490 2616 non
3519 2560 3649 2618 facit
3668 2606 3685 2629 ,
3713 2573 3768 2619 ut

2189 2652 2317 2705 nihil
2355 2651 2478 2717 sibi,
2509 2650 2603 2706 sed
2633 2652 2740 2706 Deo
2768 2661 2984 2722 accepta
3008 2652 3186 2706 omnia
3216 2652 3430 2717 referat,
3457 2669 3626 2725 eaque
3653 2671 3769 2726 qua:

2187 2758 2307 2798 cum
2348 2743 2500 2798 laude
2530 2744 2756 2814 gesserit
2801 2743 3105 2808 adscribat,
3149 2743 3252 2798 hoc
3297 2747 3457 2799 etiam
3485 2743 3574 2802 hic
3618 2745 3765 2802 fecit.

2188 2836 2448 2902 Quoniam
2473 2837 2614 2890 enim
2645 2851 2832 2906 magna
2859 2835 3098 2905 quaedam
3126 2836 3376 2906 loquutus
3409 2835 3599 2901 fuerat,
3619 2838 3770 2895 dixe-

2189 2938 2376 2997 ratque
2399 2943 2458 2982 se
2484 2928 2645 2982 vitam
2669 2941 2882 2995 semper
2906 2941 2934 2980 a
2964 2927 3383 2995 reprehensione
3410 2929 3637 2984 alienam
3665 2972 3681 2996 ,
3709 2943 3768 2986 ac

2187 3037 2448 3075 snnunam
2494 3019 2885 3091 phiIOSOphia'm
2929 3020 3272 3088 exhibuisse,
3305 3021 3527 3093 Spiritui
3564 3039 3627 3079 ac
3664 3026 3768 3080 Deo

2189 3115 2304 3168 hazc
2339 3115 2600 3169 attribuit.
2628 3113 2811 3183 Neque
2857 3114 3002 3168 enim
3029 3115 3265 3186 vulgaria
3291 3127 3446 3171 erant
3470 3133 3590 3188 qua:
3619 3119 3768 3176 dixe-

2187 3217 2287 3261 rat.
2317 3205 2448 3261 Nam
2477 3207 2521 3261 si
2551 3207 2781 3276 quietam
2806 3207 2965 3261 vitam
2996 3209 3173 3278 agenti
3199 3209 3450 3265 virtutem
3477 3213 3692 3283 assequi
3715 3221 3768 3269 et

2188 3297 2714 3368 irreprehensibilem
2761 3313 2882 3353 esse
2913 3297 3129 3354 difﬁcile
3159 3311 3277 3367 est,
3310 3301 3436 3356 illud
3469 3312 3643 3358 tecum
3687 3320 3766 3360 re-

2188 3398 2338 3462 puta,
2368 3403 2527 3458 quam
2550 3389 2748 3460 egregii
2777 3389 2941 3444 animi
2961 3391 3028 3444 sit
3050 3431 3067 3457 ,
3098 3399 3175 3445 tot
3201 3394 3582 3449 tentationibus
3609 3409 3768 3451 vexa-

2188 3488 2298 3534 tum
2326 3493 2538 3549 semper
2558 3478 2841 3534 effulsisse.
2868 3481 3026 3546 Atqui
3062 3497 3167 3536 non
3192 3481 3306 3538 hinc
3331 3485 3443 3537 Sola
3471 3486 3763 3552 sustinuit,

2185 3573 2280 3629 sed
2330 3574 2502 3628 multo
2542 3573 2626 3628 his
2671 3574 2821 3643 plura
2847 3615 2862 3640 ,
2909 3590 3030 3644 qua:
3070 3575 3323 3646 deinceps
3367 3589 3664 3633 enumerat.
3708 3578 3762 3634 lu

2184 3681 2290 3736 quo
2319 3665 2446 3720 illud
2490 3665 2858 3720 admirandum
2895 3677 3016 3734 est,
3066 3684 3171 3722 non
3213 3669 3353 3738 quod
3384 3678 3461 3723 tot
3499 3672 3764 3742 tantisque

2186 3758 2436 3813 [luctibus
2481 3757 2966 3827 irreprehensibilis
3017 3757 3206 3825 fuerit,
3256 3775 3353 3814 nec
3395 3759 3535 3828 quod
3584 3761 3764 3816 omnia

2186 3850 2308 3905 forti
2333 3851 2511 3905 animo
2551 3849 2849 3919 pertulerit,
2878 3849 2974 3904 sed
3000 3849 3139 3920 quod
3164 3851 3322 3903 etiam
3351 3867 3464 3904 cum
3491 3850 3764 3920 voluptate

2186 3941 2409 3995 omnia:
2451 3955 2569 4010 qua:
2597 3939 2792 3995 deinde
2823 3939 2908 3994 his
2953 3939 3131 3994 verbis
3177 3941 3431 3995 declarat.
3474 3939 3576 3993 Per
3617 3959 3767 3995 arma

2177 4031 2409 4101 justitiee,
2435 4047 2465 4082 a
2487 4030 2677 4084 dextris
2705 4039 2752 4084 et
2775 4047 2806 4082 a
2831 4029 3066 4084 sinistris.
3093 4029 3324 4084 Videsne
3343 4030 3503 4084 animi
3531 4045 3768 4101 prteseu-

2188 4124 2311 4178 tiam
2344 4123 2628 4192 lirmosque
2657 4121 2885 4176 sensus?
2916 4121 3248 4176 Afllictiones
3271 4122 3415 4176 enim
3458 4137 3607 4176 arma
3646 4137 3767 4178 esse

2186 4214 2456 4280 ostendit,
2494 4230 2613 4284 qua:
2657 4230 2765 4267 non
2804 4213 2964 4268 modo
3000 4230 3104 4268 non
3144 4213 3438 4282 dejiciant,
3481 4215 3578 4270 sed
3605 4217 3765 4271 etiam

2187 4306 2427 4360 muniant
2473 4319 2537 4358 ac
2582 4304 2845 4359 ﬁrmiores
2891 4303 3144 4358 efliciant.
3201 4303 3426 4360 Sinistra
3481 4315 3659 4361 autem
3705 4321 3767 4362 ea

2185 4404 2360 4460 vocat,
2389 4410 2506 4466 qua:
2537 4395 2794 4449 molestiae
2820 4392 3051 4463 speciem
3081 4394 3278 4448 habent
3310 4410 3324 4448 :
3357 4410 3477 4450 nam
3504 4397 3766 4466 ejusmodi

2185 4495 2311 4542 sunt
2346 4500 2440 4551 ea,
2469 4501 2587 4555 quae
2628 4485 2929 4540 mercedem
2975 4485 3194 4540 habent.
3223 4484 3331 4541 Cur
3370 4489 3530 4559 igitur
3557 4489 3664 4545 hoc
3705 4492 3770 4545 iis

2187 4592 2383 4633 nomen
2441 4577 2705 4646 imponit?
2735 4576 2832 4632 Vel
2885 4577 3178 4633 secundum
3229 4581 3370 4651 vulgi
3416 4582 3763 4651 opinionem,

2185 4669 2269 4722 vel
2305 4668 2426 4737 quia
2471 4667 2631 4736 jussit
2669 4681 2767 4722 nos
2795 4666 2937 4722 Deus
2966 4683 3121 4723 orare
3144 4710 3161 4736 ,
3213 4684 3279 4724 ne
3317 4671 3370 4724 in
3411 4673 3768 4730 tentationem

2187 4759 2465 4813 intremus.
2493 4756 2548 4811 8.
2579 4756 2680 4811 Per
2695 4757 2912 4829 gloriam
2933 4767 2981 4812 et
3008 4759 3359 4830 ignominiam,
3384 4778 3475 4831 per
3501 4763 3769 4831 infamiam

2185 4862 2230 4904 et
2259 4849 2442 4904 bonam
2481 4853 2691 4919 famam.
2738 4848 2875 4916 Quid
2917 4849 3036 4905 ais‘l
3079 4865 3400 4920 magnumne
3441 4853 3509 4908 ad
3555 4856 3766 4910 laudern

2188 4943 2280 4996 tibi
2322 4957 2442 4996 esse
2474 4955 2671 4996 censes
2706 4940 2874 5011 gloria
2915 4940 3056 4995 frui?
3092 4940 3352 5005 Maxime,
3399 4944 3592 5014 inquit.
3631 4947 3768 5014 Quid

2187 5033 2302 5086 ita?
2331 5047 2454 5087 nam
2488 5031 2829 5103 ignominiam
2862 5031 3073 5102 quidem
3105 5031 3246 5088 ferre
3286 5049 3536 5104 magnum
3564 5046 3681 5104 est;
3717 5039 3772 5092 ἰιι

2187 5128 2352 5197 gloria
2380 5136 2558 5181 autem
2604 5126 2844 5192 versari,
2873 5142 3050 5182 annon
3080 5139 3355 5183 strenuum
3397 5131 3637 5185 animum
3681 5145 3769 5184 re-

2186 5221 2383 5290 quirit?
2409 5219 2692 5274 Strenuum
2729 5221 2882 5290 plane
2911 5235 2974 5276 ac
2998 5238 3250 5292 perquam
3275 5224 3540 5293 ingentem
3563 5263 3579 5290 ,
3614 5231 3672 5278 ut
3701 5239 3771 5279 ne

2189 5309 2358 5389 is‘qui
2386 5325 2448 5363 ea
2481 5308 2673 5364 fruitur
2699 5313 2976 5370 obruatur.
3005 5311 3122 5380 Quo
3164 5312 3222 5367 ﬁt
3243 5354 3258 5378 ,
3289 5322 3347 5369 ut
3382 5313 3434 5367 in
3461 5329 3527 5368 eo
3550 5329 3767 5384 quoque

2188 5399 2384 5454 Paulus
2411 5399 2685 5468 glorietur,
2717 5411 2774 5456 ut
2817 5415 2872 5456 et
2904 5403 2955 5457 in
2985 5399 3076 5456 illo
3118 5421 3132 5457 :
3162 5404 3413 5473 quoniam
3446 5405 3497 5458 in
3544 5417 3772 5476 utraque

2189 5507 2248 5544 re
2275 5506 2520 5561 permque
2549 5491 2811 5548 elucebat.
2841 5494 3122 5561 Quomodo
3165 5511 3312 5550 arma
3337 5497 3596 5568 justitite?
3623 5497 3766 5565 Quo-

2189 5583 2333 5637 niam
2374 5583 2570 5636 multos
2606 5583 2673 5638 ad
2705 5587 2919 5656 pietatis
2947 5587 3181 5642 studium
3215 5589 3422 5656 incitat,
3449 5605 3569 5645 cum
3596 5590 3767 5660 magi-

2189 5685 2328 5728 stros
2368 5675 2419 5730 in
2471 5674 2674 5732 honore
2705 5693 2826 5734 esse
2873 5681 3256 5750 conspiciunt:
3301 5693 3460 5753 atque
3502 5684 3764 5738 bonorum

2194 5780 2413 5838 operum
2457 5769 2558 5826 hoc
2586 5781 2956 5841 argumentum
2987 5785 3098 5843 est,
3129 5787 3180 5831 et
3207 5776 3328 5832 binc
3355 5777 3448 5834 Dei
3482 5778 3642 5850 gloria
3670 5791 3766 5833 ce-
