4090 6216
445 329 553 384 485

444 442 751 515 Προσέχετε
792 443 872 506 εἰς
901 444 1047 513 ἡμᾶς
1079 445 1161 498 ὅτι
1202 443 1436 498 τοιοῦτοί
1471 446 1666 515 ἐσμεν·
1714 441 1849 496 άλλά
1882 441 2019 503 τέως

440 535 529 589 ἐπ’
554 535 831 606 ἀναιρέσει
863 537 1198 607 κατηγορίας
1237 537 1309 592 τά
1338 536 1462 592 καθ’
1500 539 1694 591 ἐαυτὸν
1720 537 2020 606 διηγεῖται.

439 627 551 682 Καὶ
583 626 677 680 δύο
708 626 921 698 τίθησιν
948 629 1252 700 ὐπερϐολάς
1277 629 1512 702 ἀμώμου
1546 630 1682 701 βίου,
1711 627 2022 697 Μηδεμιάν

438 716 508 770 ἐν
530 714 772 786 μηδενί,
800 715 992 784 λέγων.
1029 719 1138 772 Καὶ
1169 719 1271 773 οὐκ
1301 715 1422 773 εἶπε
1457 719 1815 790 κατηγορίαν,
1845 715 1958 769 ἀλλ’
1991 712 2020 766 δ

440 813 620 884 πολλῷ
665 812 883 867 ἔλαττον
913 808 1003 884 ἦν,
1051 813 1437 881 Προσιοοπήνο
1492 811 1756 873 τουτέστι,
1789 805 2015 878 μέμψιν.

439 906 782 973 κατάγνωσιν
807 904 997 974 μηδενὶ
1027 903 1364 974 παρέχοντες
1403 902 1526 958 καθ’
1558 900 1736 972 ἡμῶν.
1770 900 1896 953 Ἵνα
1928 896 2018 966 μὴ

431 993 688 1066 μωμηθῇ
727 996 766 1062 ’ἠ
797 994 1071 1048 διακονία
1116 993 1308 1062 ἡμῶν.
1345 993 1656 1051 Τουτέστιν.
1686 992 1773 1043 ἵνα
1826 989 1900 1060 μή
1932 1005 2017 1052 τις

436 1087 607 1157 αὐτῆς
638 1085 984 1155 ἐπιλάδηται.
1015 1085 1124 1137 Καὶ
1145 1085 1247 1138 οὐκ
1263 1081 1381 1138 εἷπε
1418 1083 1599 1144 πάλιν,
1637 1082 1755 1134 Ἵνα
1790 1079 1864 1149 μὴ
1888 1095 2019 1132 κατ-

433 1179 706 1251 ηγορηθῇ,
741 1178 880 1240 ἀλλ’,
917 1177 1038 1230 ’Ὶνα
1073 1177 1208 1246 μηδέ
1263 1176 1362 1246 τὴν
1392 1173 1664 1246 τυχοῦσαν
1691 1173 1872 1226 αἰτίαν
1894 1171 2013 1242 ἔχῃ,

438 1274 512 1342 μή
546 1289 629 1334 τις
657 1271 792 1341 αὐτῇ
823 1264 901 1332 εἰς
933 1267 1113 1322 ὁτιοῦν
1141 1268 1445 1338 ἐπισκῆψαι
1478 1267 1703 1338 δυνηθῇ,
1753 1264 1917 1318 Ἀλλ’
1946 1265 2017 1317 ἐν

434 1363 615 1419 παντί
676 1361 1088 1428 συνιστῶντες
1122 1360 1396 1427 ἑαυτοὺς,
1432 1360 1512 1426 ὡς
1549 1357 1698 1413 Θεοῦ
1725 1357 2011 1411 διάκονοι.

435 1453 605 1507 Τοῦτο
633 1452 813 1522 πολλῷ
835 1453 1042 1522 μεῖζον.
1079 1451 1154 1504 Οὐ
1187 1453 1295 1521 γάρ
1329 1452 1480 1504 ἐστιν
1528 1453 1640 1504 ῐσον
1679 1448 2015 1522 κατηγορίας

434 1544 723 1616 ἐλεύθερον
772 1542 935 1610 εἶναι,
1000 1548 1096 1602 καὶ
1155 1546 1381 1602 τοιαῦτα
1448 1543 1875 1606 ἐπιδείκνυσθαι,
1937 1543 2014 1606 ὡς

437 1636 703 1690 πάντοθεν
743 1634 1031 1704 φαίνεσθαι
1074 1635 1356 1699 διακόνους
1397 1633 1557 1697 ὂντας
1605 1632 1764 1686 Θεοῦ·
1805 1632 1868 1686 οὐ
1903 1631 2015 1702 γάρ

433 1729 580 1781 ἐστιν
612 1727 727 1780 ῐσον
763 1727 1112 1798 ἀπηλλάχθαι
1169 1726 1527 1797 κατηγορίας,
1565 1725 1659 1778 καὶ
1715 1721 2014 1793 ἐγκωμίοις

445 1815 654 1888 βρύειν.
693 1819 806 1872 Καὶ
825 1818 927 1871 οὐκ
952 1813 1094 1883 εἰπε,
1117 1819 1460 1889 Φαινόμενοι,
1497 1816 1655 1877 ἀλλά,
1684 1811 2016 1870 Συνιστῶν-

432 1926 558 1974 τες,
581 1909 884 1976 τουτέστιν,
925 1909 1362 1973 ἀποδεικνύντες.
1400 1905 1534 1962 Εἶτα
1561 1908 1707 1977 λέγει
1729 1909 1822 1960 καί⁵
1849 1907 2014 1960 πόθεν

429 1999 666 2054 τοιοῦτοι
691 1999 963 2070 ἐγένοντο.
992 1999 1164 2054 Πόθεν
1186 1995 1280 2053 οὖν
1304 1998 1554 2067 ἐγένοντο
1577 2015 1591 2062 ;
1613 1998 1716 2052 Ἐν
1734 1993 2014 2067 ὑπομονῇ

428 2091 660 2160 πολλῇ,
694 2092 851 2162 φησί·
881 2092 972 2145 τὸν
1000 2091 1250 2163 θεμέλιον
1277 2091 1388 2144 τῶν
1429 2089 1649 2160 ἀγαθῶν
1683 2088 1871 2154 τιθείς.
1895 2087 2013 2142 Διό-

435 2199 546 2255 περ
572 2183 692 2236 οὐδέ
720 2182 907 2246 ἀπλῶς
934 2181 1213 2254 ὑπομονὴν
1244 2177 1425 2246 εἶπεν,
1466 2179 1602 2234 ἀλλά
1650 2177 1874 2251 πολλὴν,
1917 2178 2012 2233 καί⁵

430 2273 706 2328 δείκνυσιν
757 2275 924 2346 αὐτῆς
953 2277 1044 2329 καὶ
1082 2275 1144 2327 τὸ
1191 2273 1444 2346 μέγεθος.
1479 2273 1552 2326 T0
1582 2273 1688 2344 γὰρ
1723 2273 1781 2325 ἐν
1820 2290 1875 2325 τι
1917 2274 2013 2326 καὶ

426 2365 680 2436 δεύτερον
708 2367 970 2434 ἐνεγκεῖν,
1003 2365 1154 2417 οὐδὲν
1177 2365 1341 2435 μέγα’
1373 2363 1490 2416 ἀλλ’
1538 2364 1734 2432 ἐπάγει
1780 2366 1876 2418 καὶ
1915 2365 2012 2428 τὰς

427 2455 657 2524 νιφάδας
681 2455 789 2508 τῶν
831 2454 1178 2525 πειρασμῶν,
1233 2453 1430 2522 λέγων,
1473 2454 1576 2508 Ἐν
1596 2455 1901 2523 θλίψεσιν,
1942 2455 2012 2508 ἐν

429 2546 737 2617 ἀνάγκαις.
777 2546 948 2600 Τοῦτο
995 2546 1245 2609 ἐπίτασις
1285 2545 1540 2615 θλίψεως,
1574 2547 1702 2598 ἄταν
1729 2543 2008 2619 άφυκταῇ

426 2640 496 2693 τὰ
521 2640 688 2698 κακὰ.
724 2639 818 2692 καὶ
851 2637 1040 2709 ῶσπερ
1071 2637 1285 2708 ἀνάγκη
1323 2654 1411 2701 τις
1456 2638 1742 2708 ἐπικέηται
1765 2639 1874 2692 τῶν
1905 2639 2010 2692 δει-

426 2731 534 2783 νῶν
559 2730 1004 2794 δοσδιεξόδευτος.
1059 2730 1156 2783 Ἐν
1213 2731 1660 2797 στενοχωρίαις.
1701 2731 1858 2783 Ἤτοι
1888 2734 2008 2793 ταῖς

425 2823 525 2876 τοῦ
576 2821 733 2892 λιμοῦ
765 2838 922 2891 φησι,
966 2823 1059 2875 καὶ
1088 2822 1208 2884 ταῖς
1239 2821 1350 2874 τῶν
1380 2820 1557 2874 ἄλλων
1603 2821 1946 2889 ἀναγκαίων·
1972 2821 2004 2892 ἢ

425 2912 520 2964 καὶ
543 2910 729 2973 ἁπλῶς
751 2913 870 2973 ταῖς
933 2909 1044 2962 τῶν
1094 2909 1442 2980 πειρασμῶν.
1484 2911 1580 2963 Ἑν
1624 2911 1908 2979 πληγαῖς,
1939 2910 2009 2962 ἐν

423 3000 753 3069 φυλακαῖς,
787 3000 856 3052 ἐν
878 3000 1375 3066 ἀκαταστασίαις.
1415 2999 1607 3053 Καίτοι
1658 2999 1863 3053 τούτων
1886 2998 2004 3052 καθ’

425 3092 588 3146 ἐαυτδ
607 3092 836 3146 ἕκαστον
857 3091 1131 3162 ἀφόρητον
1147 3085 1236 3162 ἦν,
1253 3092 1348 3144 καὶ
1368 3090 1428 3144 τὸ
1448 3089 1804 3161 μαστίζεσθναι
1825 3093 2002 3162 μόνον,

425 3184 524 3238 καὶ
576 3182 638 3236 τὸ
693 3180 938 3235 δεδέσθαι
979 3181 1166 3252 μόνον,
1219 3181 1311 3234 καὶ
1353 3180 1419 3234 τὸ
1451 3180 1702 3253 μηδαμοῦ
1745 3181 2006 3260 δύνασθαι

425 3272 617 3342 στῆναι
639 3270 1019 3340 ἐλαυνόμενονε
1045 3266 1206 3321 τοῦτο
1253 3268 1362 3339 γάρ
1415 3269 1584 3334 ἐστιν,
1645 3268 1748 3321 Ἐν
1788 3267 2006 3322 ἀκατα-

424 3364 725 3430 στασίαιςο
759 3363 886 3416 ὅταν
914 3362 968 3414 δὲ
991 3360 1083 3413 καὶ
1106 3360 1304 3422 πάντα,
1336 3356 1483 3431 [5251
1511 3358 1612 3412 καὶ
1642 3357 1779 3429 ὁμοῦ
1828 3358 2006 3412 πάντα

427 3455 582 3526 ἐπίῃ,
617 3455 866 3524 ἐννόησον
897 3455 1092 3523 ἡλίκης
1114 3453 1288 3506 δεῖται
1322 3451 1520 3522 ψυχῆς.
1558 3445 1694 3504 Εῐτα
1733 3451 1869 3520 μετά
1894 3451 2004 3504 τῶν

424 3547 626 3613 ἔξωθεν
655 3549 748 3601 καὶ
775 3547 844 3600 τά
870 3547 1000 3618 παρ’
1023 3544 1218 3598 ἐαυτοῦ
1252 3543 1486 3614 τίθησιν.
1527 3545 1630 3598 Ἑν
1671 3543 1900 3610 κόποις,
1934 3543 2007 3596 ἐν

424 3641 801 3708 ἀγρυπνίαις,
831 3639 902 3692 ἐν
928 3639 1261 3707 νηστείαις,
1286 3636 1357 3690 ἐν
1374 3637 1675 3705 ἁγνότητι.
1733 3635 1832 3688 Διά
1877 3635 2002 3689 τού-

419 3753 532 3786 των
561 3736 687 3796 τούς
724 3732 1004 3802 καμάτους
1041 3731 1362 3794 αἰνίττεται,
1410 3727 1505 3791 οὒς
1553 3727 1727 3798 ἔκαμε
1777 3725 2006 3798 περιιὼν

423 3826 520 3878 καί
548 3823 940 3896 ἐργαζόμενος,
970 3822 1068 3883 τὰς
1090 3819 1290 3883 νύκτας
1317 3821 1376 3872 ἐν
1405 3815 1492 3881 αἷς
1531 3817 1830 3880 ἐδίδασκεν,
1854 3816 1889 3887 ἢ
1921 3818 2003 3870 ὅτι

422 3922 520 3974 καὶ
547 3923 604 3973 ἐν
633 3921 827 3982 αὐταῖς
853 3917 1163 3989 εἰργάξετο.
1204 3915 1309 3970 Καὶ
1341 3918 1483 3986 μετά
1509 3913 1714 3969 τούτων
1743 3915 2001 3968 ἁπάντων

422 4017 547 4069 οὐδὲ
577 4016 669 4069 τοῦ
692 4013 970 4085 νηστεύειν
999 4012 1212 4085 ἡμέλει,
1243 4012 1421 4066 καίτοι
1447 4027 1510 4078 γε
1543 4009 1715 4064 ταῦτα
1741 4011 1862 4063 ἀντὶ
1896 4025 2001 4080 μυ-

426 4110 559 4180 ρίων
591 4109 750 4178 ἢρκει
779 4107 1063 4177 νηστειῶν.
1115 4104 1420 4174 Ἀγνότητα
1453 4102 1512 4156 δέ
1561 4101 1796 4156 ἐνταῦθα
1829 4101 1862 4172 ἦ
1896 4118 2001 4155 σω-

422 4199 697 4271 φροσύνην
719 4200 902 4264 πάλιν,
947 4198 980 4270 ἢ
1036 4199 1136 4267 τὴν
1162 4200 1219 4250 ἐν
1251 4198 1418 4250 άπασι
1472 4194 1837 4266 καθαρότητα,
1879 4194 1909 4264 ἥ
1940 4193 2006 4246 τὸ

423 4294 846 4364 ἀδωροδόκητον,
881 4291 914 4362 ἢ
945 4294 1037 4344 καὶ
1063 4291 1124 4343 τὸ
1149 4288 1360 4360 δωρεὰν
1375 4288 1436 4341 τὸ
1457 4287 1772 4355 εὐαγγέλιον
1797 4285 2000 4356 κηρύτ-

419 4401 556 4437 τειν.
601 4387 702 4438 Ἔν
721 4385 958 4454 γνώσει.
982 4383 1047 4436 Τί
1070 4383 1240 4445 ἐστιν,
1289 4382 1392 4434 Ἐν
1423 4377 1676 4450 γνώσεις
1715 4377 1801 4430 Ἐν
1839 4375 1998 4446 σοφίᾳ

419 4477 487 4546 τῇ
513 4474 663 4544 παρά
692 4473 786 4527 τοῦ
809 4472 945 4526 Θεοῦ
978 4471 1262 4543 δεδομένῃ,
1313 4472 1380 4540 τῇ
1429 4469 1598 4532 ὅντως
1656 4468 1876 4536 γνώσει·
1935 4467 1996 4520 οὐ

420 4565 674 4635 καθάπερ
699 4566 894 4618 ἐκεῖνοι
924 4564 973 4618 οἰ
1023 4564 1308 4626 δοκοῦντες
1373 4556 1513 4614 εἶναι
1565 4559 1741 4628 σοφοὶ,
1789 4559 1881 4612 καὶ
1930 4561 2002 4631 τῇ

421 4654 621 4722 ἔξωθεν
648 4655 929 4708 παιδεύσει
956 4653 1359 4724 κομπάζοντες,
1390 4650 1563 4721 ταύτῃ
1585 4649 1643 4702 δέ
1672 4649 2000 4720 ἐλαττούμε-

419 4761 521 4801 νοι.
570 4749 673 4801 Ἔν
717 4747 1118 4818 μακροθυμίᾳ,
1156 4746 1228 4798 ἐν
1281 4743 1674 4812 χρηστότητι.
1710 4743 1853 4796 Πολύ
1888 4741 1999 4813 γὰρ

418 4841 516 4894 καὶ
541 4839 717 4894 ταῦτα
733 4840 987 4908 γενναίας
1010 4834 1081 4908 ἦν
1109 4835 1310 4907 ψυχῆς,
1343 4835 1402 4889 τὸ
1445 4833 1713 4888 πάντοθεν
1763 4833 2000 4902 παροξυ-

415 4929 642 5000 νόμενον
663 4930 758 4984 καὶ
773 4929 1152 5000 κεντούμενον,
1171 4925 1538 4998 μακροθύμως
1554 4925 1772 4979 ἅπαντα
1790 4924 1996 4996 φέρειν.

418 5020 555 5076 Εἶτα
575 5023 791 5084 δεικνὺς
816 5023 978 5076 πόθεν
997 5021 1236 5082 τοιοῦτος
1279 5019 1526 5088 γέγονεν,
1555 5017 1855 5086 ἐπήγαγενο
1898 5017 1999 5070 Ἐν

416 5115 717 5183 Πνεύματι
750 5115 915 5184 ἁγίῳ.
961 5113 1046 5165 Ἐν
1071 5111 1219 5183 αὐτῷ
1241 5111 1354 5182 γάρ
1384 5111 1562 5163 πάντα
1601 5108 1772 5161 ταῦτα
1794 5125 1997 5180 κατορ-

414 5207 642 5278 θοῦμεν,
673 5207 857 5279 φησίν.
897 5205 1037 5259 Ἀλλ’
1080 5206 1182 5275 ὅρα
1212 5205 1340 5256 πότε
1367 5204 1465 5273 τὴν
1496 5202 1651 5272 παρά
1690 5201 1784 5254 τοῦ
1825 5201 1999 5255 Πνεύ-

417 5317 590 5370 ματος
613 5299 777 5370 ἔθηκε
807 5299 903 5352 τοῦ
927 5298 1081 5366 ἁγίου
1116 5295 1387 5366 βοήθειανο
1422 5297 1510 5348 ὅτε
1531 5293 1600 5346 τά
1645 5293 1772 5364 παρ’
1807 5291 1995 5345 ἐαυτοῦ

411 5392 755 5456 ἐπεδείξατο.
798 5392 952 5462 Ἐμοὶ
1006 5390 1064 5442 δέ
1107 5388 1373 5441 δοκεῖκαὶ
1422 5387 1612 5457 ἓτερον
1674 5385 1856 5454 λέγειν
1908 5385 1998 5438 διὰ

409 5482 630 5537 τούτου.
659 5482 818 5534 Ποῖον
849 5480 914 5551 δὴ
938 5477 1136 5544 τοῦτο;
1168 5476 1292 5530 Ὀτι
1319 5476 1414 5529 καὶ
1445 5474 1588 5528 Πνεύ
1598 5491 1767 5546 ματος
1800 5471 1996 5526 πολλοῦ

1474 327 1542 384 IN
1583 324 1804 384 EPIST.
1841 323 1882 378 11
1924 323 2015 378 AD
2043 319 2205 381 C08.
2240 323 2480 383 HOMIL.
2526 327 2637 383 XII.

3601 341 3710 396 ιδι

2123 442 2152 492 0
2174 441 2264 494 διὰ
2286 443 2394 496 τῶν
2421 445 2866 514 κατορθωμάτων
2896 449 2990 502 καὶ
3009 448 3120 502 τῶν
3145 450 3382 522 ἱδρώτων
3419 452 3518 522 τὴν
3543 458 3712 527 χάριν

2125 533 2590 605 ἐπισπασάμενος.
2617 538 2681 591 Εἰ
2719 537 2778 591 δέ
2806 556 2889 602 τις
2914 541 3079 604 εἴποι,
3109 544 3248 612 μετά
3269 544 3378 598 τῶν
3397 546 3714 617 εἰρημένων

2123 624 2288 678 αὐτὸν
2311 626 2593 696 ἐμφαίνειν
2634 628 2695 680 τὸ
2728 630 2809 682 ὅτι
2839 630 2930 684 καὶ
2957 632 3019 684 ἐν
3046 633 3114 702 τῇ
3148 634 3333 705 χάριτι
3365 638 3431 706 τῇ
3461 654 3712 708 πνεύμασ-

2124 714 2249 782 τικῇ
2282 712 2539 783 οὐδεμίαν
2573 715 2740 770 ἔδωκε
2763 721 3102 791 προσκοπήν,
3131 723 3232 776 οὐκ
3254 723 3321 776 ἂν
3355 726 3589 797 ἁμάρτοι
3606 728 3713 798 τῆς

2125 803 2354 866 ἐννοίας.
2391 805 2505 859 Καὶ
2543 806 2650 878 γὰρ
2683 809 2847 872 οίτάς
2870 810 3119 877 γλώσσας
3160 812 3414 878 λαϐόντες
3446 821 3578 888 παρ’
3606 819 3705 871 αὐ-

2124 895 2260 956 τοῖς,
2309 895 2402 948 καὶ
2455 897 2806 968 ἐπαρθέντες,
2863 903 3263 974 ἐμωμήθησαν·
3315 906 3430 959 ἔστι
3471 909 3577 980 γὰρ
3608 910 3704 965 καὶ

2125 985 2372 1056 χάρισμα
2401 985 2631 1042 λαϐόντα
2678 993 3068 1062 πνευματικὸν,
3118 996 3217 1048 οὐκ
3258 999 3338 1060 εἰς
3383 997 3501 1052 δέον
3551 1001 3700 1072 αὐτῷ

2124 1077 2452 1148 χρήσασθαι.
2493 1080 2633 1133 Ἀλλ’
2654 1083 2751 1153 οὐχ
2773 1085 2952 1155 ἡμεῖς,
2979 1087 3164 1158 φησὶν,
3187 1088 3324 1142 ἀλλὰ
3340 1091 3433 1144 καὶ
3461 1093 3516 1144 ὲν
3541 1093 3704 1147 πνεύ-

2125 1184 2278 1237 ματι,
2318 1171 2616 1238 τουτέστιν,
2644 1175 2737 1226 καὶ
2766 1176 2827 1227 ἐν
2866 1179 2977 1240 τοῖς
3015 1179 3360 1248 χαρίσμασιν
3406 1182 3702 1256 ἀμώμητοι

2121 1258 2441 1329 ἐγενόμεθα.
2487 1262 2586 1315 Ἐν
2612 1263 2812 1333 ἀγάπῃ
2838 1267 3240 1335 ἀνυποκρίτῳ.

2187 1356 2235 1418 γ’
2242 1390 2256 1403 .
2277 1351 2449 1405 Τοῦτο
2465 1352 2682 1406 πάντων
2706 1353 2876 1408 αἴτιον
2897 1356 3005 1408 τῶν
3025 1359 3265 1426 ἀγαθῶν,
3282 1359 3439 1414 τοῦτο
3462 1363 3704 1420 τοιοῦτον

2120 1440 2282 1494 αὐτὸν
2310 1441 2619 1511 εἰργάζετο,
2650 1446 2812 1498 τοῦτο
2847 1447 3022 1500 καὶτὸ
3052 1449 3279 1520 Πνεῦμα
3310 1452 3495 1522 μένειν
3523 1455 3701 1508 ἐποίει

2120 1535 2252 1604 παρ’
2271 1534 2442 1606 αὐτῷ,
2470 1535 2537 1588 δι’
2570 1531 2632 1590 οὗ
2663 1539 2755 1591 καὶ
2780 1541 2962 1593 πάντα
2999 1541 3154 1612 αὐτῷ
3183 1544 3556 1615 κατωρθοῦτο.
3605 1546 3702 1600 Ἐν

2118 1627 2280 1691 λόγῳ
2302 1627 2609 1694 ἀληθείας.
2641 1630 2705 1682 Ὃ
2723 1629 2991 1702 πολλαχοῦ
3013 1631 3187 1702 λέγει,
3210 1635 3295 1688 ὅτι
3316 1635 3393 1690 Οὐ
3420 1635 3700 1701 δολοῦντες

2117 1718 2210 1772 τὸν
2229 1719 2385 1789 λόγον
2406 1723 2501 1775 τοῦ
2516 1722 2673 1787 Θεοῦ,
2705 1725 2828 1777 οὐδὲ
2849 1724 3160 1788 νοθεύοντες
3178 1725 3578 1797 διετελέσαμεν.
3596 1727 3705 1780 Ἕν

2117 1808 2367 1878 δυνάμει
2393 1812 2564 1865 Θεοῦ.
2596 1813 2772 1881 Ὅπερ
2810 1813 2898 1866 ἀεὶ
2931 1815 3093 1879 ποιεῖ,
3131 1814 3283 1867 οὐδὲν
3325 1814 3522 1886 ἐαυτῷ,
3561 1814 3701 1870 ἀλλά

2115 1903 2196 1973 τῷ
2224 1902 2341 1974 Θεῷ
2364 1903 2426 1957 τὸ
2462 1905 2570 1958 πᾶν
2587 1905 2888 1969 ἀνατιθεὶς,
2925 1906 3021 1959 καὶ
3047 1905 3198 1975 αὐτῷ
3226 1906 3574 1978 λογιζόμενος
3627 1906 3700 1961 τά

2117 1994 2283 2048 αὐτοῦ
2311 1995 2730 2067 κατορθώματα,
2776 1995 2934 2049 τοῦτο
2963 1998 3058 2050 καὶ
3094 1995 3331 2051 ἐνταῦθα
3370 1998 3694 2065 πεποίηκεν.

2130 2085 2348 2157 Ἐπειδὴ
2378 2085 2488 2158 γάρ
2519 2087 2730 2157 μεγάλα
2759 2086 3083 2156 ἐφθέγξατο,
3107 2087 3200 2141 καὶ
3231 2087 3436 2158 ἔφησεν
3452 2086 3700 2159 ἄληπτον

2116 2178 2494 2249 παρεσχῆσθαι
2519 2178 2633 2249 βίον
2659 2178 2747 2233 διά
2775 2178 3012 2244 πάντων,
3036 2179 3131 2234 καὶ
3155 2179 3472 2249 φιλοσοφίαν
3491 2180 3697 2250 ἄκραν,

2114 2269 2194 2340 τῷ
2235 2270 2513 2340 Πνεύματι
2565 2272 2660 2325 καὶ
2699 2271 2780 2342 τῷ
2816 2271 2936 2343 Θεῷ
2981 2271 3156 2325 ταῦτα
3185 2271 3524 2342 ἀνατίθησιν.
3556 2271 3696 2324 Οὐδὲ

2115 2363 2223 2433 γάρ
2243 2362 2314 2416 τά
2345 2365 2582 2434 τυχόντα.
2603 2359 2671 2434 ἦν
2697 2363 2769 2417 τά
2798 2363 3086 2434 εἰρημένα.
3109 2364 3172 2417 Εἰ
3191 2365 3302 2433 γάρ
3333 2365 3429 2418 καὶ
3467 2365 3526 2416 ἐν
3558 2365 3696 2433 ἠσυ-

2115 2456 2208 2526 χίᾳ
2229 2454 2406 2518 ζῶντα
2431 2453 2688 2508 δύσκολον
2720 2455 3022 2527 κατορθοῦν
3043 2455 3136 2510 καὶ
3152 2456 3392 2526 ἄληπτον
3414 2451 3576 2518 εἶναι.
3600 2454 3698 2508 τὸν

2115 2547 2222 2601 ὑπὸ
2241 2546 2515 2600 τοσούτων
2536 2545 2930 2616 ἐνοχλούμενον
2955 2547 3300 2618 πειρασμῶν,
3324 2547 3418 2601 καὶ
3441 2548 3529 2601 διά
3557 2550 3698 2604 πάνυ

2112 2655 2220 2693 των
2245 2637 2556 2709 λάμψαντα,
2584 2637 2836 2708 ἐννόησον
2867 2638 3062 2709 ἡλίκης
3095 2633 3235 2691 εἶναι
3267 2638 3466 2708 ψυχῆς.
3498 2641 3693 2694 Καίτοι

2113 2731 2232 2784 οὐδέ
2249 2730 2423 2784 ταῦτα
2453 2729 2694 2800 ὑπέμενε
2723 2730 2885 2799 μόνον
2918 2769 2931 2790 ,
2969 2729 3107 2782 ἀλλά
3143 2730 3241 2782 καὶ
3264 2730 3442 2801 πολλῷ
3466 2732 3695 2786 πλείονα

2111 2821 2337 2886 τούτων,
2367 2821 2512 2891 ἅπερ
2537 2819 2661 2892 ἑξῆς
2690 2821 2893 2892 τίθησι.
2925 2822 3035 2874 Καὶ
3056 2822 3114 2874 τὺ
3142 2823 3210 2893 δὴ
3231 2822 3564 2893 θαυμαστὸν,
3592 2823 3697 2892 οὐχ

2110 2915 2198 2968 ὅτι
2212 2915 2452 2984 ἄληπτος
2479 2911 2548 2986 ἦν
2575 2916 2636 2968 ἐν
2662 2915 2938 2977 τοσούτοις
2967 2913 3177 2984 κύμασι
3226 2915 3425 2977 πλέων,
3475 2914 3583 2966 οὐδ’
3609 2915 3692 2967 δτι

2112 3005 2292 3060 πάντα
2307 3006 2569 3075 ὑπέμεινε
2587 3004 2869 3072 γενναίως,
2899 3004 3052 3076 [52’s]
3075 3004 3188 3057 ἀλλ’
3211 3006 3293 3058 ὅτι
3316 3005 3407 3057 καὶ
3434 3003 3552 3076 μεθ’
3569 3005 3694 3076 ἡδο-

2110 3098 2206 3167 νῆς
2224 3097 2421 3150 πάνταο
2443 3097 2585 3166 άπερ
2605 3095 2692 3149 διά
2706 3095 2816 3147 τῶν
2834 3095 2960 3165 ἑξῆς
2977 3097 3110 3165 ἡμῖν
3128 3096 3304 3149 πάντα
3323 3097 3467 3148 ποιεῖ
3487 3097 3695 3165 φανερά

2109 3187 2283 3256 λέγων
2299 3187 2464 3242 οὕτω·
2486 3187 2590 3241 Διὰ
2611 3187 2730 3242 τῶν
2759 3186 2968 3240 ὅπλων
2999 3183 3113 3254 τῆς
3154 3185 3548 3253 δικαιοσύνης
3572 3184 3698 3240 τῶν

2071 3341 2076 3350 ι
2110 3273 2328 3340 δεξιῶν
2376 3275 2478 3329 καί
2512 3273 2864 3344 ἀριστερῶν.
2909 3269 3064 3336 Εἶδες
3099 3273 3277 3342 ψυχῆς
3325 3273 3688 3342 παράστημα,

2110 3367 2204 3420 καὶ
2233 3366 2488 3438 φρόνημα
2517 3365 2734 3419 εὐτονον
2759 3381 2772 3429 ;
2799 3363 3052 3418 Δείκνυσι
3075 3363 3183 3434 γάρ
3202 3364 3286 3417 ὅτι
3304 3363 3445 3417 ὅπλα
3466 3363 3604 3417 εἰσὶν
3632 3365 3692 3417 αἱ

2111 3459 2340 3529 θλίψεις,
2360 3461 2422 3513 οὐ
2455 3460 2614 3531 μόνον
2646 3461 2710 3512 οὐ
2735 3459 3174 3522 καταϐάλλοντα,
3203 3457 3342 3512 ἀλλὰ
3384 3460 3478 3513 καὶ
3529 3458 3693 3529 τειχίρ

2111 3553 2274 3616 ζοντα
2305 3554 2401 3606 καὶ
2431 3553 2818 3624 ἰσχυροτέρους
2846 3551 3128 3605 ποιοῦντα.
3171 3552 3464 3622 Ἀριστερά
3499 3552 3556 3606 δὲ
3585 3554 3690 3606 Xa.-

2109 3644 2190 3698 λεί
2209 3643 2279 3696 τά
2303 3643 2564 3697 δοκοῦντα
2607 3639 2752 3698 εἶναι
2787 3643 3031 3714 λυπηρόν
3061 3642 3285 3714 καὶγὰρ
3317 3643 3546 3696 τοιαῦτά
3571 3645 3698 3697 ἐστι,

2108 3736 2180 3790 τὰ
2202 3736 2293 3789 τὸν
2321 3735 2513 3804 μισθὸν
2538 3736 2753 3806 ἔχοντα.
2782 3735 2936 3797 Τίνος
2969 3731 3064 3789 οῦν
3108 3736 3298 3789 ἕνεκεν
3339 3736 3506 3797 οὕτω,
3548 3739 3690 3792 αὐτὰ

2107 3829 2306 3894 uulsi;
2339 3829 2409 3881 Ἢ
2445 3827 2588 3881 κατά
2612 3827 2713 3898 τὴν
2742 3828 3010 3897 ὑπόληψιν
3024 3829 3130 3881 τῶν
3160 3827 3390 3890 πολλῶν,
3421 3829 3454 3899 ἢ
3497 3830 3686 3901 ἐπειδὴ

2109 3922 2395 3976 ἐκέλευσεν
2426 3922 2453 3974 0
2483 3919 2617 3983 Θεὸς
2675 3917 2933 3990 εὐχεσθαι
2967 3919 3043 3990 μὴ
3081 3919 3345 3972 εἰσελθεῖν
3378 3923 3460 3982 εἰς
3492 3938 3690 3990 πειρα-

2113 4015 2266 4086 σμόν.
2296 4014 2399 4069 Διὰ
2425 4013 2609 4080 δόξης
2628 4012 2726 4065 καὶ
2762 4013 3018 4082 ἀτιμίας,
3060 4012 3157 4065 διὰ
3197 4011 3545 4080 δυσφημίας
3588 4012 3686 4065 καὶ

2108 4106 2423 4174 εὐφημίας.
2471 4105 2536 4159 Τί
2589 4103 2802 4172 λέγεις;
2857 4104 2938 4156 ὅτι
2977 4103 3132 4174 δόξης
3177 4102 3490 4166 ἀπολαύεις,
3542 4103 3686 4171 μέγα

2107 4196 2263 4250 τοῦτο
2286 4195 2440 4267 τίθης
2473 4193 2611 4249 εἶναι
2636 4213 2652 4262 ;
2685 4196 2814 4260 Ναὶ,
2843 4195 2998 4266 φησί.
3023 4195 3087 4247 Τί
3110 4194 3343 4264 δήποτε;
3368 4194 3430 4246 τὸ
3450 4192 3550 4262 μὲν
3577 4194 3688 4266 γάρ

2107 4288 2329 4359 ἀτιμίαν
2357 4290 2622 4356 ἐνεγκεῖν,
2667 4287 2835 4358 μέγαο
2864 4288 2925 4340 τὸ
2972 4286 3028 4340 δὲ
3077 4286 3234 4357 δόξης
3273 4289 3584 4357 μετασχεῖν,
3621 4287 3687 4340 οὐ

2106 4380 2363 4450 νεανικῆς
2384 4381 2554 4434 δεῖται
2575 4380 2788 4450 ψυχῆςς
2816 4380 3092 4449 Νεανικῆς
3130 4379 3227 4450 μὲν
3243 4375 3336 4432 οὖν
3358 4379 3452 4432 καὶ
3479 4379 3686 4450 σφόδρα

2107 4472 2375 4544 μεγάλης,
2406 4471 2548 4526 ὥστε
2579 4473 2748 4543 αὐτῆς
2765 4469 3109 4524 ἀπολαύοντα
3137 4470 3211 4540 μὴ
3246 4469 3684 4541 ἐκτραχηλισθῆ-

2105 4585 2216 4621 ναι.
2244 4565 2334 4618 Διὸ
2371 4565 2462 4618 καὶ
2486 4564 2578 4617 ἐπὶ
2605 4563 2782 4634 τούτῳ
2839 4565 3048 4634 φρονεῖ,
3089 4562 3166 4626 ώς
3213 4564 3298 4616 ἐπ’
3327 4563 3518 4633 ἐκείνῳ
3541 4580 3553 4593 ·
3589 4565 3686 4616 καὶ

2101 4659 2212 4729 γὰρ
2249 4659 2308 4711 ἐν
2355 4656 2685 4728 ἀμφοτέροις
2723 4654 2925 4724 ὁμοίως
2981 4654 3211 4724 ἔλαμπε.
3256 4655 3380 4718 Πῶς
3417 4655 3472 4707 δὲ
3517 4655 3686 4708 ὅπλον

2101 4752 2314 4822 γίνεται
2345 4749 2727 4819 δικαιοσύνης;
2756 4749 2880 4802 Ὅτι
2917 4749 3100 4816 ἐνάγει
3143 4747 3373 4810 πολλοὺς
3410 4748 3490 4811 εἰς
3528 4745 3683 4799 εὐσι-

2103 4843 2256 4897 6ειαν
2275 4843 2337 4896 τὸ
2366 4843 2424 4895 ἐν
2463 4845 2600 4912 τιμῇ
2647 4836 2784 4894 εῐναι
2817 4841 2944 4902 τοὺς
2977 4839 3352 4903 διδασκάλους
3379 4837 3473 4892 καὶ
3504 4839 3683 4910 ἔργων

2101 4934 2156 4987 δὲ
2187 4932 2412 4999 ἀγαθῶν
2434 4932 2592 4985 τοῦτο
2631 4930 2828 5002 δεῖγμά
2873 4932 3011 4996 ἐστι,
3069 4932 3166 4984 καὶ
3212 4931 3302 4984 ’σὺν
3342 4931 3481 4985 Θεὸν
3520 4931 3686 4985 τοῦτο

2101 5025 2331 5091 δοξάζει.
2366 5025 2477 5077 Καὶ
2507 5022 2664 5076 τοῦτο
2696 5023 2755 5075 δέ
2787 5021 2890 5092 τῆς
2914 5022 3012 5078 τοῦ
3065 5023 3200 5077 Θεοῦ
3233 5024 3592 5094 εὐμηχανίας,
3618 5023 3686 5076 τὺ

2102 5116 2190 5170 διὰ
2214 5116 2321 5169 τῶν
2351 5114 2610 5168 ἐναντίων
2660 5114 2900 5182 εἰσάγειν
2949 5115 3012 5168 τὸ
3045 5116 3324 5187 κήρυγμα.
3363 5116 3566 5170 Σκόπει
3585 5114 3679 5167 δέ’

2101 5207 2308 5260 ἐδέδετο
2334 5205 2362 5257 ό
2395 5204 2605 5269 Παῦλος
2624 5221 2640 5270 ;
2665 5205 2776 5259 Καὶ
2793 5205 2950 5258 τοῦτο
2966 5201 3034 5277 ἦν
3048 5207 3191 5278 ὐπέρ
3214 5209 3306 5260 τοῦ
3333 5205 3677 5274 εὐαγγελίου.

2107 5298 2184 5351 Τὰ
2203 5296 2312 5366 γάρ
2344 5299 2471 5349 κατ’
2493 5296 2615 5366 ἐμὲ,
2641 5296 2825 5366 φησὶν,
2845 5299 2931 5363 είς
2959 5297 3279 5364 προκοπὴν
3303 5296 3408 5349 τοῦ
3433 5281 3678 5363 εὗαγ-γε-

2099 5389 2238 5444 λίου
2263 5388 2589 5456 ἐλήλυθεν,
2606 5387 2762 5442 ὥστε
2784 5388 2925 5452 τοὺς
2947 5389 3235 5452 πλείονας
3259 5385 3379 5438 τῶν
3396 5383 3682 5452 ἀδελφῶν

2100 5481 2461 5545 πεποιθότας·
2497 5479 2623 5544 τοῖς
2647 5477 2892 5548 δεσμοῖς
2909 5495 3052 5546 μου,
3077 5475 3515 5545 περισσοτέρως
3540 5478 3680 5528 τολ-

408 5571 847 5643 πεπληρώμεθα,
889 5571 986 5624 καὶ
1034 5568 1430 5637 ἀποδείκνυμεν
1481 5567 1578 5619 καὶ
1627 5564 1877 5620 ἐντεῦθεν
1897 5563 1998 5636 τὴν
2093 5569 2220 5641 μᾷν
2243 5569 2477 5638 ἀφόϐως
2522 5567 2630 5621 τὸν
2677 5569 2862 5635 λόγον
2883 5564 3116 5619 λαλεῖν,
3153 5560 3320 5630 Δόξης
3352 5561 3515 5615 πάλιν
3535 5561 3680 5633 ἀπή..

415 5661 742 5733 ἀποστολὴν,
761 5656 878 5716 ’ἀπὸ
895 5660 988 5716 τοῦ
1014 5658 1367 5732 χαρισμάτων
1401 5656 1666 5727 ἠξιιῖισθαι
1696 5673 1996 5726 πνευματιο

412 5757 552 5812 κῶν.
582 5757 645 5809 Εἰ
667 5755 774 5826 γάρ
800 5755 892 5808 καὶ
927 5753 1086 5825 χάρις
1113 5749 1292 5818 τοῦτο,
1318 5749 1457 5803 ἁλλά
1489 5750 1583 5803 καὶ
1623 5749 1787 5814 αὐτὸς
1824 5751 1996 5814 αἰτιος

2097 5661 2266 5726 λαυε;
2297 5662 2404 5715 Καὶ
2431 5659 2588 5714 τοῦτο
2625 5657 2787 5724 πάλιν
2805 5656 3047 5722 ἐκείνους
3096 5655 3544 5728 προθυμοτέρους
3560 5655 3678 5722 εἰρ-

2099 5755 2324 5824 γάζετο.
2374 5753 2478 5808 Διά
2531 5748 2880 5820 δυσφημίας
2929 5748 3026 5803 καί
3067 5747 3388 5818 εὐφημίας.
3441 5744 3518 5801 Οὐ
3564 5747 3677 5814 γὰρ
