4090 6216
488 319 595 380 ιὸὄ

491 437 651 509 μόνον
673 432 856 486 ἐκεῖνα
883 423 1146 496 γενναίως
1177 420 1341 488 ἔφερε
1381 414 1452 467 τά
1503 413 1562 464 ἐν
1600 408 1679 479 τῷ
1707 404 1941 475 σώματι,
1962 399 2061 461 τὰς

487 501 716 607 θλίψεις,
748 532 843 588 καὶ
897 531 998 583 ὅσα
1045 520 1502 595 ἀπηριθμήσατο,
1543 512 1680 567 ἀλλά
1728 508 1825 562 καὶ
1857 505 1926 558 τά
1963 501 2067 572 τῆς

487 604 667 708 ψυχῆς
716 633 883 704 μόνης
948 623 1360 692 καθαπτόμενα·
1423 616 1548 670 οὐδὲ
1591 613 1702 682 γὰρ
1749 607 1846 662 καὶ
1889 604 2066 660 ταῦτα

490 701 677 796 ἀπλῶς
702 701 948 801 θορυὸεῖν
968 723 1178 778 είωθεν.
1230 720 1290 773 '0
1349 714 1483 785 γοῦν
1535 707 1810 781 Ἱερεμίας
1835 701 2066 763 πολλοὺς

491 831 730 901 ἐνεγκὼν
779 825 1137 898 πειρασμοὺς,
1197 818 1336 893 πρὸς
1380 815 1554 868 ταῦτα
1598 808 1931 879 ἀπηγόρευε,
1970 802 2066 857 καὶ

491 933 678 1003 ἐπειδὴ
703 927 1027 992 ὠνειδίζετο,
1053 923 1257 990 ἔλεγεν·
1286 918 1368 971 Οὐ
1389 915 1474 986 μὴ
1516 907 1932 980 προφητεύσω,
1965 901 2068 956 οὐ·

490 1036 558 1090 δὲ
573 1001 675 1104 μὴ.
698 1027 978 1099 ὀνομάσω
1019 1025 1085 1078 τὸ
1142 1021 1332 1089 ὄνομα
1361 1015 1605 1083 Κυρίου.
1642 1009 1756 1081 Kal
1776 1010 1805 1060 ὁ
1825 1004 1987 1059 Δαυὶδ
2011 1001 2068 1056 δέ

492 1135 762 1203 πολλαχοῦ
785 1130 874 1183 τὸν
911 1122 1212 1194 ὀνειδισμὸν
1246 1118 1597 1186 ἀποδύρεται.
1627 1110 1739 1165 Καὶ
1764 1109 1792 1161 ὀ
1839 1104 2068 1165 Ἡσαΐας

497 1232 638 1306 μετά
667 1230 837 1284 πολλά
863 1227 1003 1296 ὑπὲρ
1025 1223 1216 1278 τούτου
1252 1215 1583 1290 παρακαλεῖ,
1602 1211 1799 1279 λέγων·
1825 1204 2067 1260 Ὀνειδῖο

494 1333 653 1404 σμόν
673 1329 791 1384 τῶν
810 1326 1141 1396 ἀνθρώπων
1164 1320 1248 1391 μὴ
1275 1317 1576 1389 φοϐεῖσθε,
1603 1313 1702 1366 καὶ
1733 1311 1813 1376 τῷ
1857 1311 2072 1378 φαυλι-

495 1433 628 1504 σμῷ
653 1428 849 1488 αὐτῶν
865 1425 950 1497 μὴ
980 1423 1258 1494 ἡττᾶσθε.
1285 1419 1395 1472 Kal
1417 1420 1446 1470 ὀ
1462 1416 1693 1486 Χριστὸς
1707 1413 1764 1466 δὲ
1780 1411 1942 1464 πάλιν
1958 1411 2071 1471 τοῖς

500 1533 790 1605 μαθηταῖς,
827 1531 1011 1582 Ὅταν
1031 1525 1245 1579 είπωσι
1264 1520 1391 1576 πᾶν
1427 1515 1714 1585 πονηρὸν.
1736 1512 1900 1582 ῥῆμα
1941 1509 2070 1564 καθ’

495 1630 664 1701 ὑμῶν
688 1627 1063 1698 ψευδόμενοι,
1093 1623 1326 1693 χαίρετε
1347 1619 1447 1672 καί
1468 1613 1859 1686 ἀγαλλιᾶσθε,
1885 1610 2070 1680 φησὶν,

498 1731 632 1784 ὅτιὸ
658 1727 870 1798 μισθὸς
891 1722 1056 1794 ὑμῶν
1074 1721 1267 1786 πολὺς
1291 1720 1361 1774 ἐν
1384 1718 1505 1782 τοῖς
1533 1712 1835 1783 οὐρανοῖς.
1883 1711 2073 1764 Ἀλλα-

500 1834 597 1904 χοῦ
621 1832 677 1885 δέ
702 1845 856 1900 φησι,
904 1825 1012 1880 Καὶ
1053 1822 1443 1891 σκιρτήσατε.
1492 1818 1607 1872 Ούκ
1631 1817 1696 1870 ἂν
1733 1816 1790 1869 δέ
1819 1813 2076 1867 τοσοῦτον

499 1932 664 2004 ἔθηκε
694 1929 785 1984 τὸν
820 1925 1034 1996 μισθὸν,
1069 1926 1118 1977 εί
1148 1924 1221 1996 μὴ
1251 1924 1420 1986 πολὺς
1444 1918 1513 1994 ἦν
1599 1919 1772 1987 ἀγών.
1834 1919 1925 1972 Ἐν
1976 1915 2077 1988 μέν

499 1996 609 2104 γὰρ
643 2031 761 2092 ταῖς
784 2027 1034 2098 βασάνοις
1077 2025 1171 2078 καὶ
1218 2022 1278 2077 τδ
1311 2021 1472 2093 σῶμα
1507 1996 1785 2092 μέρίξεται
1812 2020 1950 2090 μετά
1977 2017 2078 2086 τῆς

499 2136 676 2207 ψυχῆς
699 2134 800 2197 τὰς
821 2129 1121 2201 ἀλγηδόνας
1143 2143 1158 2157 ·
1187 2125 1284 2179 καὶ
1308 2123 1417 2193 γάρ
1438 2121 1532 2176 τοῦ
1569 2119 1818 2191 σώματος
1849 2117 1946 2170 καὶ
1977 2117 2079 2186 τῆς

499 2233 680 2305 ψυχῆς
695 2235 726 2286 ὀ
753 2230 913 2293 πόνος
937 2227 1104 2282 ἐστίν·
1140 2225 1259 2278 ἐκεῖ
1275 2223 1331 2276 δὲ
1345 2223 1445 2292 τῆς
1463 2220 1643 2291 ψυχῆς
1669 2218 1854 2290 μόνης.
1887 2215 2079 2270 Πολλοὶ

501 2332 635 2403 γοῦν
669 2330 778 2386 ἀπὸ
822 2328 1030 2383 τούτων
1063 2325 1222 2396 μόνον
1267 2323 1484 2385 ἔπεσον,
1527 2319 1622 2372 καὶ
1649 2317 1747 2389 τὴν
1775 2313 1955 2387 ψυχὴν
1978 2315 2080 2385 τὴν

504 2433 720 2489 ἑαυτῶν
755 2428 1065 2485 ἀπώλεσαν.
1096 2425 1208 2478 Kal
1244 2422 1322 2494 τῷ
1357 2420 1478 2476 Ἰὼϐ
1504 2420 1562 2473 δέ
1609 2418 1719 2472 τῶν
1779 2415 2080 2486 σκωλήκων

503 2537 601 2591 καὶ
624 2534 732 2589 τῶν
755 2529 1088 2604 τραυμάτων
1112 2523 1492 2597 φορτικώτερα
1507 2519 1682 2591 ἐφάνη
1702 2519 1772 2572 τά
1803 2515 1957 2589 παρά
1971 2514 2081 2568 τῶν

505 2636 674 2707 φίλων
703 2633 906 2702 ὀνείδη.
938 2628 1012 2682 Ού
1046 2627 1154 2697 γάρ
1175 2625 1346 2690 ἐστιν,
1376 2623 1480 2676 ούκ
1508 2620 1657 2674 ἐστιν
1685 2619 1841 2673 ούδέν
1874 2619 2083 2688 ἀφορη-

503 2735 722 2808 τότερον
755 2734 869 2796 τοῖς
919 2727 1277 2799 ὀδυνωμένοις
1332 2723 1494 2791 λόγου
1539 2719 1840 2791 δυναμένου
1898 2719 2084 2772 δακεῖν

504 2831 684 2902 ψυχήν
707 2827 884 2902 [525].
903 2827 993 2880 Διδ
1020 2825 1158 2898 μετά
1181 2822 1290 2877 τῶν
1311 2821 1576 2876 κινδύνων
1595 2817 1693 2873 καὶ
1711 2816 1820 2871 τῶν
1842 2814 2086 2887 ἱδρώτων

507 2929 800 2986 καὶταῦτα
826 2925 1251 2998 τίθησι,λέγων·
1307 2921 1411 2975 Διὰ
1454 2919 1638 2983 δόξης
1683 2917 1785 2971 καί
1824 2917 2082 2985 ἀτιμίας.

507 3029 702 3085 Πολλοὶ
726 3026 856 3098 γοῦν
883 3025 977 3080 καὶ
1007 3023 1115 3077 τῶν
1154 3021 1422 3076 Ἰουδαίων
1445 3019 1533 3073 διὰ
1569 3019 1669 3088 τὴν
1683 3015 1840 3082 δόξαν
1859 3013 1957 3086 τὴν
1976 3012 2087 3067 τῶν

507 3129 716 3186 πολλῶν
743 3129 843 3182 οὐκ
864 3126 1134 3196 ⁴ίιθέλησαν
1165 3120 1475 3176 πιστεῦσαι.
1508 3115 1834 3186 Ἐφούοῦντο
1860 3115 1968 3185 γὰρ
1987 3112 2088 3183 οὐχ

509 3237 596 3290 ἶνα
628 3232 702 3304 μὴ
739 3227 1106 3295 κολασθῶσιν,
1141 3223 1257 3280 ἀλλ’
1291 3224 1379 3276 ἵνα
1433 3221 1510 3292 μὴ
1549 3217 1966 3285 ἀποσυνάγωγοι
1995 3215 2088 3283 γέ-

507 3350 725 3391 νωνται·
747 3331 831 3384 διδ
850 3329 1020 3398 λέγει,
1058 3324 1190 3392 Πῶς
1233 3323 1503 3378 δύνασθε
1539 3318 1875 3380 πιστεύειν,
1895 3315 2088 3380 δόξαν

507 3448 654 3508 παρ’
691 3435 983 3503 ἀλλήλων
1042 3429 1496 3503 λαμϐάνοντεςξ
1560 3426 1668 3481 Καὶ
1730 3422 1960 3486 πολλοὺς
2019 3421 2088 3476 ἀν

510 3539 735 3610 ἴδοιμεν,
765 3537 815 3590 οἳ
853 3537 1074 3591 πάντων
1126 3535 1226 3605 μὲν
1282 3530 1700 3602 κατεφρόνησαν
1737 3527 1846 3582 τῶν
1872 3524 2087 3588 δεινῶν,

512 3639 617 3693 ὑπὸ
653 3639 709 3692 δέ
729 3639 886 3708 δόξης
912 3635 1250 3707 ἡττήθησαν.
1285 3634 1382 3700 Ὠς
1411 3631 1654 3697 πλάνοι,
1684 3629 1782 3684 καί
1822 3627 2088 3695 ἀληθεῖς.

511 3736 682 3790 Τοῦτό
706 3736 845 3799 ἐστι,
878 3733 982 3787 Διά
1001 3733 1354 3802 δυσφημίας
1376 3731 1475 3784 καί
1501 3730 1819 3799 εὐφημίας.
1871 3727 1968 3793 Ὠς
1987 3726 2092 3795 ἀγ·-

509 3837 826 3906 νοούμενοι
876 3834 975 3888 καὶ
1007 3832 1566 3903 ἐπιγινωσκόμενοι.
1607 3828 1778 3883 Τοῦτό
1817 3828 1953 3892 ἐστι,
1987 3825 2093 3879 Διὰ

509 3939 697 4007 δόξης
723 3936 820 3991 καί
835 3937 1092 4006 ἀτιμίας.
1117 3935 1244 3999 Τοῖς
1266 3933 1365 4005 μέν
1386 3932 1495 4003 γὰρ
1514 3927 1656 4003 ἦσαν
1676 3929 1968 4000 γνώριμοι,
1996 3929 2093 3981 καὶ

513 4037 996 4110 περισπούδαστοι,
1041 4036 1090 4088 οί
1128 4035 1184 4087 δὲ
1223 4033 1345 4086 οὐδὲ
1384 4032 1598 4085 εἰδέναι
1647 4029 1846 4090 αὐτοὺς
1882 4027 2088 4098 ἠξίουν.

523 4141 621 4207 Ὠς
634 4137 1148 4208 ἀποθνήσκοντες,
1178 4134 1278 4188 καί
1299 4132 1429 4187 ίδοὺ
1469 4130 1675 4200 ζῶμεν.
1715 4128 1804 4192 Ὠς
1829 4128 2090 4182 ἐπιθανά-

510 4258 616 4298 τιοι
637 4240 732 4294 καὶ
755 4237 1055 4293 κατάδικοι·
1086 4237 1224 4306 ὅπερ
1246 4232 1342 4287 καὶ
1367 4232 1436 4286 αύ
1448 4232 1508 4284 τὸ
1547 4229 1776 4300 ἀτιμίας
1792 4224 1883 4300 ἦν.

579 4402 642 4457 δ’.
674 4401 845 4456 Τοῦτο
865 4401 921 4454 δέ
944 4399 1120 4466 ἔλεγε,
1135 4397 1347 4460 δεικνὺς
1375 4395 1468 4449 καὶ¹
1483 4394 1582 4466 τὴν
1595 4393 1689 4448 τοῦ
1706 4393 1839 4447 Θεοῦ
1868 4391 2094 4463 δύναμιν

509 4502 611 4575 τὴν
644 4501 871 4571 ἄφατον,
907 4501 1002 4554 καὶ
1044 4500 1144 4571 τὴν
1185 4497 1364 4551 αὐτῶν
1412 4496 1708 4567 ὑπομονήν.
1741 4494 1816 4548 Τὸ
1849 4494 1947 4566 μὲν
1987 4500 2094 4564 γὰρ

510 4603 620 4657 τῶν
666 4599 1123 4656 ἐπιϐουλευόντων
1169 4598 1356 4669 μέρος,
1399 4596 1771 4668 ἀπεθάνομεν,
1815 4595 2096 4650 καὶτοῦτο

514 4704 716 4766 πάντες
755 4701 1059 4774 νομίζουσι·
1099 4698 1186 4752 διὰ
1217 4698 1276 4752 δὲ
1314 4698 1407 4752 τὸν
1435 4697 1568 4750 Θεὸν
1605 4697 1936 4768 διεφύγομεν
1969 4697 2096 4762 τοὺς

513 4802 812 4865 κινδύνους.
846 4797 979 4856 Εἶτα
1002 4800 1179 4873 δηλῶν
1199 4798 1296 4854 καί⁹
1314 4797 1462 4862 τίνος
1487 4796 1674 4851 ἕνεκεν
1694 4797 1868 4852 ταῦτα
1893 4815 2099 4870 συγχω-

518 4904 602 4972 ρεῖ
640 4903 668 4953 ὁ
697 4903 848 4965 Θεὸς,
885 4902 1186 4973 ἐπήγαγεν,
1233 4899 1330 4966 Ὠς
1386 4899 1832 4967 παιδευόμενοι,
1876 4898 1975 4953 καί
2011 4899 2096 4968 μὴ

515 5001 968 5069 θανατούμενοι·
1009 5003 1150 5071 μέγα
1207 5001 1317 5054 ἀπὸ
1355 5001 1465 5054 τῶν
1499 5000 1824 5073 πειρασμῶν
1865 5002 1960 5056 καὶ
1993 5003 2099 5074 πρὸ

515 5099 625 5155 τῶν
666 5098 872 5170 μισθῶν
905 5099 1120 5164 δεικνὺς
1161 5100 1222 5153 τὸ
1260 5100 1452 5170 κέρδος
1495 5103 1682 5167 αὐτοῖς
1724 5103 2096 5176 ἐγγινόμενον,

515 5203 614 5259 καὶ
643 5202 771 5268 τοὺς
814 5199 1043 5274 ἐχθροὺς
1085 5201 1318 5264 ἀκοντας
1358 5202 1558 5266 αὐτοὺς
1587 5203 1953 5273 ὠφελοῦντας.
2001 5205 2100 5273 Ὠς

515 5307 904 5377 λυπούμενοι.
938 5301 1123 5358 ἀεὶδὲ
1147 5301 1476 5373 χαίροντες.
1509 5303 1670 5376 Παρά
1713 5305 1812 5374 μέν
1847 5305 1958 5378 γάρ
1987 5309 2100 5370 τοῖς

518 5405 717 5473 ἔξωθεν
746 5403 1188 5476 ύποπτευόμεθα,
1217 5403 1293 5466 ώς
1322 5405 1379 5458 ἐν
1410 5404 1620 5477 ἀθυμίᾳ
1657 5403 1815 5458 εἶναι·
1853 5409 2015 5477 ἡμεῖς
2044 5407 2102 5460 δὲ

518 5505 618 5558 οὐκ
657 5506 888 5569 ἐκείνοις
914 5505 1276 5577 προσέχομεν,
1308 5502 1445 5559 ἀλλα
1464 5503 1564 5576 τὴν
1593 5504 1786 5576 ἡδονὴν
1819 5505 2100 5574 ἀκμάζου-

522 5618 620 5654 σαν
666 5603 881 5674 ἒχομεν.
924 5605 1034 5658 Kal
1073 5607 1174 5660 ούκ
1208 5601 1351 5671 εἷπε,
1375 5606 1715 5675 Χαίροντες,
1752 5605 1936 5674 μόνον,
1964 5602 2099 5657 ἀλλά

520 5701 826 5773 προσέθηκε
855 5705 948 5758 καὶ
969 5705 1028 5757 τὸ
1054 5705 1319 5776 διηνεκές.
1362 5704 1466 5763 Ἀεὶ
1491 5705 1599 5775 γὰρ
1625 5704 1957 5774 χαίροντες,
1991 5720 2095 5773 φη-

1155 302 1212 358 S.
1253 295 1539 355 JOANNIS
1576 284 2066 347 CHRYSOSTOMI
2102 280 2427 337 ARCHIEP.
2473 276 3026 336 CONSTANTINOP.

3633 273 3738 332 ιεε

2171 399 2242 452 σί.
2280 399 2346 450 Τί
2373 399 2551 453 τοίνυν
2584 397 2786 468 ταύτης
2818 396 2932 450 ἴσον
2958 390 3157 463 γένοιτ’
3187 390 3254 446 ἂν
3281 391 3384 461 τῆς
3416 389 3584 461 ζωῆς,
3617 391 3674 442 ἐν

2163 496 2434 550 τοσούτων
2479 497 2743 551 ἐπιόντων
2780 495 2992 560 δεινῶν,
3027 494 3229 565 μείζων
3258 492 3292 562 ἡ
3321 488 3466 563 χαρά
3499 489 3741 557 γίνεται;

2177 597 2271 664 Ὠς
2308 597 2551 666 πτωχοί,
2592 595 2860 663 πολλοὺς
2891 595 2961 649 δὲ
2987 593 3428 658 πλουτίζοντες.
3461 589 3619 654 Τινὲς
3646 590 3746 660 μέν

2167 714 2300 769 φασι
2321 697 2549 751 πλοῦτον
2571 696 2806 750 ἐνταῦθα
2825 693 3193 763 λέγεσθαιτὸν
3219 690 3613 764 πνευματικόν·
3636 688 3749 759 ἐγὼ

2167 802 2222 856 δὲ
2256 800 2464 871 εἴποιμ’
2493 798 2560 854 ἂν
2596 799 2692 853 καὶ
2724 798 2816 853 τὸν
2842 796 3125 868 σαρκικόν·
3172 796 3269 849 καὶ
3299 793 3409 865 γὰρ
3435 791 3531 847 καὶ
3558 790 3748 845 τοῦτον

2168 901 2482 965 ἐπλούτουν,
2515 898 2692 969 καινῷ
2723 915 2830 951 τινι
2862 897 3049 968 τρόπῳ
3087 896 3188 959 τάς
3233 894 3490 949 ἀπάντων
3533 891 3750 961 ἔχοντες

2167 1005 2344 1068 οἰκίας
2376 1002 2733 1075 ἀνεῳγμένας
2763 1001 2967 1062 αὐτοῖς.
3011 997 3124 1052 Kal
3171 995 3332 1050 τοῦτο
3381 993 3618 1066 ἐδήλωσε
3663 991 3752 1044 διά

2171 1108 2280 1161 τῶν
2311 1105 2458 1176 ἐξῆς,
2495 1104 2684 1158 εἰπών·
2723 1103 2817 1170 Ὡς
2862 1099 3057 1172 μηδὲν
3095 1099 3363 1169 ἔχοντες,
3410 1096 3509 1151 καί
3555 1090 3753 1147 πάντα

2172 1209 2546 1278 κατέχοντες.
2578 1208 2690 1260 Kal
2737 1207 2854 1268 πῶς
2901 1204 2978 1257 ἔνι
3014 1200 3206 1268 τοῦτο;
3252 1198 3377 1264 Πῶς
3429 1198 3526 1270 μέν
3561 1194 3654 1252 οὗν
3690 1195 3751 1250 τὸ

2173 1309 2413 1363 ἐναντίον
2441 1307 2556 1374 Evn;
2596 1308 2657 1360 '0
2687 1306 2794 1378 γὰρ
2816 1304 2984 1360 πολλά
3009 1303 3274 1374 κατέχων,
3303 1301 3456 1355 οὐδὲν
3482 1301 3612 1371 ἔχει·
3645 1301 3674 1354 ὀ
3696 1299 3751 1353 δὲ

2177 1409 2343 1480 μηδὲν
2387 1407 2548 1478 ἔχων,
2599 1406 2667 1461 τὰ
2705 1407 2880 1460 πάντα
2908 1405 3191 1473 κέκτηται.
3229 1402 3340 1456 Kal
3375 1402 3476 1455 ούκ
3516 1399 3752 1455 ἐνταῦθα

2179 1509 2360 1581 μόνον,
2390 1507 2528 1562 ἀλλά
2556 1507 2650 1561 καὶ
2675 1507 2733 1559 ἐν
2765 1508 2876 1569 τοῖς
2900 1504 3080 1567 ἄλλοις
3113 1503 3220 1558 ὑπὸ
3247 1501 3356 1555 τῶν
3387 1499 3644 1554 ἐναντίων
3683 1499 3752 1551 τὰ

2175 1612 2391 1665 ἐναντία
2423 1610 2650 1678 ἐγίνετο.
2678 1609 2741 1662 Et
2763 1606 2819 1660 δὲ
2849 1606 3149 1677 θαυμάζεις
3175 1602 3292 1668 πῶς
3319 1603 3435 1656 ἔστι
3460 1601 3555 1656 τὸν
3583 1599 3753 1671 μηδὲν

2175 1706 2369 1777 ἔχοντα
2395 1705 2464 1758 τά
2490 1704 2670 1758 πάντα
2697 1703 2865 1773 ἔχειν,
2899 1702 3060 1757 αύτδν
3084 1700 3272 1755 τοῦτον
3300 1703 3381 1764 είς
3414 1699 3580 1767 μέσον
3615 1698 3755 1765 ἀγά-

2175 1821 2380 1874 γωμεν,
2404 1802 2460 1865 ὃς
2492 1805 2557 1873 τῇ
2590 1801 2886 1872 οίκουμένῃ
2913 1799 3198 1862 ἐπέταττε,
3224 1797 3316 1852 καὶ
3342 1797 3462 1868 ούχὶ
3479 1795 3591 1850 τῶν
3619 1813 3756 1867 χρηο

2181 1905 2366 1975 μάτων
2394 1902 2596 1965 αὐτῶν,
2623 1900 2760 1956 ἀλλά
2783 1900 2877 1954 καὶ
2901 1899 3078 1954 αύτῶν
3109 1898 3220 1952 τῶν
3249 1896 3544 1968 ὀφθαλμῶν
3565 1896 3758 1968 κύριος

2177 2001 2268 2076 ἦν.
2309 2005 2377 2058 ιιι
2400 2002 2668 2059 δυνατὸν
2693 2001 2825 2073 γὰρ,
2862 2001 2996 2072 φησὶ
3030 1999 3174 2066 τοὺς
3207 1997 3555 2069 ὀφθαλμοὺς
3589 1996 3759 2067 ὑμῶν

2179 2103 2573 2172 ἐξορύξαντες
2597 2100 2674 2154 ἂν
2699 2097 2959 2154 ἐδώκατέ
2977 2116 3100 2168 μοι.
3131 2095 3318 2152 Ταῦτα
3348 2095 3405 2150 δέ
3429 2096 3598 2165 λέγει,
3631 2112 3760 2150 παις

2178 2205 2350 2258 δεύων
2387 2202 2461 2275 μὴ
2487 2199 2850 2272 ταράττεσθαι
2892 2200 3028 2270 πρὸς
3066 2198 3166 2263 τὰς
3200 2198 3312 2253 τῶν
3341 2196 3548 2251 πολλῶν
3579 2197 3759 2263 δόξας,

2181 2304 2283 2359 κᾶν
2315 2304 2549 2367 πλάνους
2579 2303 2806 2371 λέγωσι,
2832 2299 2934 2354 κᾶν
2962 2299 3202 2368 ἀγνοῶσι
3219 2312 3267 2359 ι.
3301 2297 3402 2352 κᾶν
3433 2296 3762 2360 καταδίκους

2183 2404 2464 2476 νομίζωσι,
2509 2403 2613 2456 κᾶν
2644 2400 3048 2464 ἐπιθανατίους.
3078 2401 3181 2454 κᾶν
3221 2398 3532 2461 λυπεῖσθαι,
3562 2397 3668 2452 κάν
3705 2399 3763 2451 ἐν

2183 2504 2426 2576 πτωχεία
2450 2498 2610 2565 εἶναι,
2631 2502 2735 2556 κάν
2767 2500 2932 2573 μηδὲν
2956 2499 3122 2571 ἔχειν,
3157 2499 3263 2553 κᾶν
3290 2498 3416 2562 τοὺς
3446 2500 3504 2552 ἐν
3528 2497 3764 2570 εὐθυμία

2182 2606 2431 2675 ἀθυμεῖν·
2457 2605 2554 2658 εὸτι
2593 2604 2714 2657 οὐδὲ
2762 2604 2876 2666 τοῖς
2921 2601 3142 2670 τυφλοῖς
3183 2601 3214 2653 ὀ
3237 2599 3389 2672 ἥλιος
3421 2599 3762 2670 καταφανὴς,

2183 2707 2306 2760 οὐδὲ
2341 2707 2455 2768 τοῖς
2490 2703 2898 2776 παραπαίουσιν
2935 2701 2969 2771 ἡ
3000 2699 3108 2754 τῶν
3143 2697 3570 2772 σωφρονούντων
3600 2699 3762 2771 ἡδονὴ

2184 2809 2340 2880 δήλη.
2363 2809 2532 2862 Μόνοι
2560 2807 2668 2878 γὰρ
2687 2808 2737 2860 οἱ
2761 2807 2944 2861 πιστοὶ
2971 2807 3120 2878 ὀρθοὶ
3142 2807 3329 2879 κριταὶ
3352 2804 3464 2858 τῶν
3499 2806 3764 2876 πραγμά-

2185 2925 2295 2964 των
2323 2910 2456 2972 εἱσὶ,
2491 2908 2585 2962 καὶ
2605 2907 2702 2961 ούκ
2728 2906 2877 2980 [526]
2910 2907 3003 2961 ἐπὶ
3035 2908 3148 2971 τοῖς
3173 2906 3359 2970 αὐτοῖς
3388 2907 3640 2978 χαίρουσι
3675 2905 3768 2958 καὶ

2189 3009 2413 3080 ἀλγοῦσι
2441 3011 2552 3072 τοῖς
2580 3009 2780 3073 ἄλλοις.
2811 3010 2923 3062 Καὶ
2950 3008 3058 3079 γάρ
3086 3008 3140 3062 εί
3168 3026 3252 3072 τις
3277 3009 3501 3077 ἄπειρος
3537 3005 3769 3074 ἀγώνων

2189 3107 2528 3162 πυκτεύοντα
2556 3107 2814 3162 θεάσαιτο
2837 3106 3128 3178 τραύματα
3161 3107 3354 3177 ἔχοντα
3379 3105 3473 3158 καὶ
3505 3106 3770 3175 στέφανον

2188 3209 2593 3280 περικείμενον,
2626 3209 2894 3280 ἡγήσαιτο
2925 3209 2953 3248 1)
2987 3208 3150 3262 αὐτὸν
3182 3208 3368 3275 ἀλγεῖν
3393 3205 3483 3260 διά
3508 3206 3578 3260 τά
3610 3206 3773 3277 τραύο

2193 3327 2360 3378 ματα,
2389 3310 2490 3363 ούκ
2534 3307 2688 3373 εἰδὼς
2735 3307 2834 3380 τὴν
2864 3307 3055 3380 ἡδονὴν
3083 3309 3182 3378 τὴν
3215 3308 3325 3361 ἀπὸ
3348 3306 3442 3361 τοῦ
3476 3308 3768 3375 στεφάνου.

2190 3412 2301 3465 Kal
2333 3405 2478 3466 οὗτοι
2506 3410 2682 3464 τοίνυν
2712 3409 2901 3479 ἐπειδὴ
2932 3411 2968 3462 ἀ
2997 3409 3279 3480 πάσχομεν
3306 3408 3506 3472 ἴσασιν,
3535 3405 3684 3478 ὑπὲρ
3716 3406 3773 3460 δι

2190 3507 2266 3565 ὧν
2313 3510 2596 3581 πάσχομεν
2641 3507 2950 3577 ἀγνοοῦσιν,
2999 3507 3226 3570 εἰκότως
3266 3505 3444 3561 ταῦτα
3485 3506 3625 3576 μόνα
3669 3505 3773 3559 ὕπ-

2192 3612 2503 3675 οπτεύουσι,
2539 3609 2609 3664 τά
2644 3609 3002 3680 παλαίσματα
3044 3608 3144 3679 μὲν
3191 3608 3286 3662 καὶ
3325 3607 3452 3670 τοὺς
3491 3605 3773 3668 κινδύνους

2193 3713 2447 3783 ὁρῶντες,
2475 3712 2545 3768 τά
2573 3711 2630 3764 δέ
2659 3710 2869 3765 ἔπαθλα
2919 3710 3017 3764 καὶ
3064 3709 3192 3772 τοὺς
3214 3708 3516 3777 στεφάνους
3541 3707 3637 3761 καὶ
3672 3707 3775 3777 τὴν

2191 3812 2302 3867 τῶν
2336 3811 2564 3881 ἀγώνων
2593 3811 2853 3865 ὑπόθεσιν
2881 3809 3088 3866 οὐκέτι.
3124 3809 3189 3862 Τί
3223 3803 3316 3863 οὖν
3337 3804 3404 3880 ἦν
3432 3808 3606 3861 πάντα
3624 3807 3776 3876 ἅπερ

2193 3912 2405 3976 Παῦλος
2446 3915 2685 3982 κατεῖχε,
2722 3910 2919 3980 λέγων,
2978 3910 3072 3974 Ὠς
3112 3908 3309 3978 μηδὲν
3358 3908 3618 3977 ἔχοντες,
3667 3905 3775 3960 καί

2192 4013 2391 4069 πάντα
2438 4013 2828 4083 κατέχοντες;
2876 4011 2957 4065 Τά
2993 4009 3246 4082 βιωτικὰ,
3284 4008 3354 4064 τά
3403 4007 3774 4080 πνευματικά.

2200 4115 2296 4168 Ὃν
2325 4113 2434 4186 γὰρ
2466 4113 2541 4179 ὡς
2563 4113 2790 4181 ἄγγελον
2811 4112 2867 4165 αἱ
2893 4111 3077 4175 πόλεις
3101 4111 3366 4182 ἐδέχοντο,
3396 4109 3535 4181 ὑπὲρ
3563 4102 3626 4162 οὗ
3651 4110 3778 4172 τοὺς

2193 4210 2510 4282 ὀφθαλμοὺς
2551 4209 2734 4263 αύτῶν
2774 4208 3128 4280 ἐξορύξαντες
3161 4209 3227 4262 ἂν
3260 4207 3489 4270 ἔδωκαν,
3532 4206 3675 4276 ὑπὲρ
3716 4198 3778 4258 οὗ

2195 4314 2284 4367 τὸν
2317 4311 2525 4366 ἑαυτῶν
2562 4311 2832 4382 τράχηλον
2861 4311 3144 4376 ὑπέθεντο,
3179 4309 3296 4372 πῶς
3322 4302 3476 4372 οὗτος
3503 4309 3564 4361 ού
3600 4309 3781 4361 πάντα

2197 4402 2311 4475 εἶχε
2359 4405 2430 4459 τά
2470 4406 2729 4472 ἐκείνων;
2761 4407 2826 4460 El
2876 4406 2933 4459 δὲ
2981 4405 3160 4477 βούλει
3187 4407 3282 4460 καὶ
3325 4405 3397 4460 τὰ
3433 4405 3782 4476 πνευματικά

2201 4507 2348 4572 ἰδεῖν,
2382 4507 2502 4577 ὄψει
2548 4507 2645 4560 καὶ
2683 4509 2742 4560 ἐν
2781 4506 2996 4571 τούτοις
3040 4507 3277 4579 μάλιστα
3305 4507 3669 4561 πλουτοῦντα.
3724 4504 3784 4556 '0

2197 4607 2306 4680 γάρ
2349 4607 2492 4662 οὕτω
2541 4608 2619 4678 τῷ
2668 4608 2880 4678 βασιλεῖ
2930 4610 3040 4665 τῶν
3084 4609 3304 4663 πάντων
3350 4609 3524 4678 φίλος,
3559 4608 3637 4671 ὡς
3691 4607 3786 4661 καὶ

2197 4710 2524 4782 ἀπορρήτων
2558 4715 2836 4766 κοινωνεῖν
2861 4711 2941 4783 τῷ
2965 4712 3214 4785 Δεσπότῃ
3244 4712 3352 4766 τῶν
3371 4710 3642 4780 ἀγγέλων,
3669 4709 3788 4774 πῶς

2196 4812 2259 4866 οὐ
2290 4811 2509 4866 πάντων
2531 4811 2908 4883 εὐπορώτερος
2932 4807 3022 4883 ἦν,
3053 4813 3146 4866 καὶ
3170 4813 3348 4868 πάντα
3375 4810 3522 4883 εἶχεν
3543 4829 3558 4874 ;
3579 4813 3699 4866 Οὐκ
3721 4811 3786 4865 ἀν

2198 4913 2370 4978 οὕτως
2408 4913 2698 4967 ὑπέκειντο
2729 4913 3004 4983 δαίμονες,
3034 4914 3136 4968 οὐκ
3163 4913 3230 4968 ἂν
3259 4915 3431 4977 οὕτως
3454 4913 3786 4983 ἐδραπέτευο

2202 5031 2259 5066 σε
2281 5013 2427 5083 πάθη
2455 5013 2550 5066 καὶ
2567 5013 2870 5084 νοσήματα.
2897 5013 3008 5066 Kal
3036 5014 3197 5083 ἡμεῖς
3217 5012 3420 5078 τοίνυν,
3445 5012 3578 5064 ὅταν
3601 5028 3657 5065 τι
3683 5010 3787 5064 πά-

2203 5130 2424 5184 σχωμεν
2443 5113 2533 5167 διὰ
2555 5115 2642 5167 τὸν
2659 5111 2913 5185 Χριστὸν,
2937 5113 3011 5185 μὴ
3038 5114 3198 5185 μόνον
3219 5112 3484 5181 γενναίως
3504 5112 3783 5181 φέρωμεν,

2201 5214 2339 5269 ἀλλά
2367 5217 2462 5269 καὶ
2490 5215 2788 5287 χαίρωμεν·
2821 5214 2924 5269 κάν
2951 5213 3325 5287 νηστεύωμεν,
3355 5213 3433 5276 ώς
3467 5211 3786 5283 τρυφῶντες

2203 5314 2536 5386 σκιρτῶμεν·
2591 5317 2694 5372 κᾶν
2748 5313 3120 5388 ὑδριζώμεθα,
3180 5315 3258 5380 ώς
3315 5316 3787 5386 ἐγκωμιαζόμενοι

2202 5413 2536 5486 χορεύωμεν·
2596 5415 2701 5471 κάν
2750 5415 3132 5488 ἀναλίσκωμεν
3159 5427 3220 5482 ο,
3270 5415 3347 5480 ώς
3409 5414 3788 5487 κερδαίνοντες

2264 5590 2287 5654 _°
2312 5587 2602 5654 [ﬁgendum
2616 5564 2838 5654 ‘conjicit
2857 5591 3077 5644 Danaus
3098 5593 3425 5654 καταγνοῶσι.

2264 5649 2292 5718 ξ’
2315 5649 2468 5718 [τεέρ.
2492 5649 2824 5718 ἡγήσαιτο-ἀν.
2887 5672 2897 5718 ς

2267 5716 2289 5743 ε
2316 5710 2469 5762 εενιι.
2495 5710 2544 5760 ili
2566 5727 2744 5779 mal-3.,
2769 5717 2858 5765 κᾶν
2877 5716 3232 5772 ἀναλίσκοντες.
