4098 6222
377 245 485 306 ιὸδ

380 363 637 417 lebratur.
666 361 804 428 Quin
827 358 958 414 illud
977 373 1189 430 quoque
1221 357 1381 412 divini
1404 357 1613 412 artillcii
1641 368 1776 420 erat,
1802 357 1958 412 nimi-

379 472 496 511 rum
526 455 786 526 evangelii
817 453 1177 524 praedicationi
1204 453 1406 506 aditum
1428 468 1522 521 per
1543 452 1809 507 contraria
1836 467 1962 521 ape-

379 549 505 604 rire.
560 547 652 602 Sic
706 547 850 601 enim
900 545 1074 615 cogita
1127 562 1139 596 :
1182 543 1404 598 Vinctus
1455 552 1571 598 erat
1623 542 1854 596 Paulus?
1903 543 1957 596 Id

376 653 589 711 quoque
619 639 685 692 ad
713 637 975 703 evangelii
1006 635 1344 691 commodum
1383 634 1628 689 cedebat.
1669 634 1794 699 Qui:
1823 634 1958 687 circa

377 745 458 784 me
481 738 619 795 sunt,
644 728 833 798 inquit,
857 727 1017 798 magis
1037 726 1104 779 ad
1126 727 1406 795 profectum
1421 725 1664 794 evangelii
1686 734 1919 777 venerunt
1944 740 1961 776 :

377 821 448 874 ita
474 830 528 874 ut
555 821 726 889 plures
770 835 798 871 e
833 819 1076 888 fratribus
1107 819 1414 886 conﬁdentes
1451 819 1502 870 in
1543 811 1754 870 vinculis
1798 817 1918 868 meis
1941 855 1955 877 ,

381 910 715 964 abundantius
735 911 976 962 auderent
991 909 1099 962 sine
1119 909 1294 961 timore
1319 907 1518 961 verbum
1534 905 1625 960 Dei
1647 906 1782 974 loqui
1805 912 1826 975 (
1835 904 1958 958 Phi-

381 1001 507 1071 lipp.
539 1001 588 1054 1.
625 999 712 1054 12.
744 1000 856 1068 14).
887 998 1117 1053 Rursum
1164 999 1216 1052 in
1263 999 1429 1068 gloria
1469 997 1816 1052 versabatur?
1848 996 1958 1050 lloc

379 1107 588 1162 quoque
609 1106 818 1146 rursum
847 1090 1316 1159 promptitudincm
1344 1089 1451 1144 illis
1481 1087 1738 1156 majorem
1769 1087 1960 1141 atlcrc-

379 1183 547 1236 rebat.
587 1180 688 1235 Per
713 1182 982 1249 infamiam
1011 1191 1057 1234 et
1085 1180 1268 1233 bonam
1295 1182 1506 1249 famam.
1554 1177 1667 1231 Non
1700 1178 1842 1232 enim
1892 1193 1955 1232 ea

383 1275 554 1327 solum
571 1288 692 1344 quae
707 1288 934 1342 corpore
956 1271 1272 1341 excipiebat,
1294 1269 1414 1325 forti
1432 1270 1610 1324 animo
1637 1269 1954 1339 perferebat,

381 1363 717 1428 afllictiones,
734 1380 904 1434 eaque
922 1365 1097 1418 omnia
1123 1379 1240 1432 qua:
1260 1364 1547 1429 recensuit,
1569 1363 1660 1418 sed
1684 1379 1746 1418 ea
1769 1364 1953 1429 etiam,

381 1473 498 1526 quae
524 1457 759 1511 animum
784 1457 954 1511 solum
979 1456 1406 1528 perstringebant
1435 1471 1450 1508 :
1484 1471 1654 1525 neque
1677 1456 1818 1511 enim
1844 1456 1956 1512 iure

384 1547 638 1602 tmuultus
687 1549 925 1603 excitare
973 1557 1381 1603 consueverunt.
1411 1547 1529 1616 Ipse
1567 1549 1765 1618 quippe
1801 1548 1956 1603 lere-

381 1640 532 1704 mias,
569 1654 691 1692 cum
724 1640 918 1692 multas
950 1639 1272 1693 tentationes
1311 1638 1551 1702 tulisset,
1579 1638 1646 1693 ad
1690 1638 1784 1692 has
1833 1639 1954 1693 fati-

380 1730 577 1795 scebat,
610 1738 667 1784 et
699 1745 819 1786 cum
849 1729 1104 1785 conviciis
1134 1730 1515 1797 incesseretur,
1541 1731 1752 1785 dicebat
1784 1750 1796 1785 :
1835 1731 1956 1786 Non

382 1820 686 1890 praphetabo
705 1861 722 1887 ,
752 1837 842 1873 nec
871 1821 1049 1892 loquar
1078 1821 1214 1874 ultra
1257 1821 1311 1876 in
1354 1823 1556 1876 nomine
1584 1821 1791 1877 Domini
1817 1822 1950 1892 (Jer.

377 1913 462 1968 20.
491 1912 567 1982 9).
600 1911 764 1966 David
791 1912 950 1965 etiam
979 1926 1120 1980 stupe
1149 1911 1201 1964 in
1231 1911 1426 1980 probro
1451 1926 1510 1966 se
1547 1926 1667 1966 esse
1687 1912 1950 1982 deplorat.

377 2007 546 2072 Atque
587 2001 745 2056 Isaias
767 2012 887 2070 post
924 2001 1025 2056 alia
1055 2002 1217 2056 multa
1249 2018 1345 2072 pro
1369 2001 1468 2057 hac
1494 2017 1551 2056 re
1588 2003 1666 2058 sic
1691 2004 1914 2058 cohorta
1933 2036 1947 2044 -

379 2104 463 2148 tur
497 2111 510 2148 :
536 2093 709 2148 Nolite
737 2096 910 2148 timere
935 2095 1260 2162 opprobrium
1285 2094 1566 2161 hominum,
1596 2105 1644 2164 et
1668 2096 1953 2166 despectum

377 2202 549 2240 eorum
591 2203 653 2240 ne
680 2187 911 2240 melttalis
939 2184 1092 2256 (lsai.
1127 2185 1215 2240 51.
1259 2187 1336 2257 7).
1365 2188 1442 2243 Ac
1467 2203 1677 2242 rursum
1708 2189 1954 2245 Christus

377 2276 672 2346 discipulis,
701 2275 824 2330 Cum
852 2277 1092 2340 dixerint,
1125 2277 1294 2345 inquit
1321 2317 1336 2340 ,
1365 2292 1511 2330 omne
1540 2278 1733 2331 malum
1774 2278 1952 2332 adver-

375 2383 486 2420 sum
515 2385 620 2432 tios,
656 2370 966 2432 mentientes,
991 2368 1204 2438 gaudete
1229 2378 1275 2422 et
1296 2370 1540 2423 exsultate
1561 2371 1801 2441 quoniam
1823 2388 1952 2424 mer-

375 2477 452 2513 ces
489 2471 648 2513 vestra
691 2462 894 2527 copiosa
922 2470 993 2513 est
1031 2461 1081 2512 in
1111 2460 1247 2513 uelis
1280 2459 1488 2529 (Matth.
1522 2462 1574 2516 5.
1609 2462 1693 2515 11.
1729 2461 1857 2528 12);
1899 2473 1948 2516 et

374 2551 479 2604 alio
505 2551 622 2605 luco
644 2551 808 2614 dicit,
846 2549 910 2602 Et
937 2551 1184 2604 exsultate
1217 2549 1364 2621 (Luc.
1393 2553 1446 2604 6.
1475 2550 1588 2621 25).
1639 2552 1798 2621 Atqui
1835 2568 1943 2610 non

375 2653 570 2696 tantam
604 2642 902 2698 mercedem
931 2642 1314 2707 constituisset,
1339 2642 1438 2696 nisi
1468 2642 1653 2712 ingens
1675 2653 1816 2698 esset
1835 2659 1951 2699 cer-

376 2744 570 2787 tamen.
599 2733 652 2785 ln
687 2733 1014 2787 cruciatibus
1042 2733 1186 2786 enim
1213 2747 1408 2802 corpus
1433 2747 1554 2786 cum
1579 2735 1760 2789 animo
1788 2735 1943 2789 dolo-

375 2841 460 2879 res
483 2825 748 2895 partitur;
799 2823 898 2877 hoc
929 2824 1127 2892 quippe
1157 2822 1318 2878 habet
1349 2823 1535 2888 dolor,
1571 2834 1625 2877 ut
1657 2833 1713 2878 et
1755 2840 1952 2894 corpus

372 2924 426 2967 et
467 2915 704 2968 animum
751 2913 998 2968 alliciat:
1053 2923 1108 2967 at
1167 2914 1222 2968 in
1271 2914 1485 2983 probris
1536 2915 1747 2970 animus
1798 2919 1948 2971 solus

372 3016 610 3061 vexatur.
646 3006 796 3061 Mulli
825 3017 969 3061 certe
1001 3006 1083 3060 his
1113 3007 1239 3060 solis
1271 3007 1520 3076 prostrati
1549 3017 1694 3072 sunt,
1725 3008 1949 3063 animm-

373 3113 474 3164 que
501 3112 612 3152 suae
636 3097 901 3168 jacturatn
935 3097 1195 3152 fecerunt.
1227 3099 1399 3167 Atque
1443 3100 1541 3167 ipsi
1572 3099 1708 3155 Jobo
1747 3102 1949 3154 vermi-

371 3191 472 3245 bus
495 3199 548 3245 et
570 3190 837 3245 ulceribus
862 3192 1106 3259 graviora
1139 3205 1198 3244 ea
1232 3190 1425 3259 probra
1457 3189 1629 3256 fuere,
1660 3192 1856 3262 quibus
1881 3194 1948 3246 ab

373 3284 558 3338 amicis
593 3292 845 3336 oneratus
877 3282 993 3336 fuit.
1027 3280 1170 3336 Nihil
1200 3283 1340 3336 enim
1373 3292 1484 3343 est,
1519 3283 1672 3344 nihil,
1697 3284 1940 3350 inquam,

373 3386 459 3430 est
489 3377 554 3429 iis
573 3375 660 3446 qui
691 3374 967 3428 doloribus
1003 3383 1313 3442 premuntur
1345 3374 1757 3436 intolerabilius,
1789 3391 1946 3444 quam

374 3466 546 3520 oratio
574 3482 688 3536 quae
722 3466 841 3519 illos
873 3464 1132 3518 mordeat.
1161 3463 1423 3532 Quocirca
1451 3479 1570 3517 cum
1604 3466 1858 3532 periculis
1885 3481 1947 3520 ac

372 3558 653 3612 sudoribus
701 3557 814 3610 lucc
863 3556 1128 3621 collocat,
1187 3556 1414 3619 dicens,
1468 3555 1570 3609 Per
1635 3557 1849 3625 gloriam
1902 3569 1949 3610 et

373 3651 728 3717 ignominiam.
770 3647 915 3701 Multi
944 3648 1138 3717 quippe
1159 3687 1174 3711 ,
1199 3647 1356 3702 etiam
1401 3661 1467 3701 ex
1505 3646 1704 3700 Judazis
1729 3689 1742 3708 ,
1773 3663 1837 3701 ne
1886 3663 1947 3701 ea

373 3741 536 3812 gloria
571 3741 622 3795 in
650 3755 750 3809 qua
780 3739 918 3807 apud
968 3738 1156 3806 vulgus
1191 3746 1348 3792 erant
1393 3737 1700 3792 laberentur
1723 3778 1740 3803 ,
1789 3737 1945 3792 ﬁdem

373 3832 621 3900 amplecti
652 3830 956 3883 noluerunt.
989 3827 1273 3882 Titnebant
1297 3827 1438 3881 enim
1463 3867 1479 3891 ,
1512 3842 1615 3880 non
1647 3845 1711 3879 ne
1736 3828 1942 3896 suppli-

373 3924 456 3977 cio
485 3922 846 3983 afficerentur,
879 3919 973 3973 sed
1004 3934 1070 3974 ne
1092 3935 1158 3973 ex
1185 3933 1450 3989 synagoga
1481 3918 1950 3986 prescriberentur

377 4011 558 4080 (ὅσση.
595 4012 678 4066 12.
711 4012 799 4083 4‘2)
835 4031 847 4065 :
881 4011 1020 4065 unde
1059 4011 1220 4065 etiam
1249 4010 1461 4064 dicebat
1491 4010 1756 4068 Christus,
1802 4009 1947 4075 Quo-

376 4103 528 4157 modo
556 4104 758 4171 potessis
791 4102 991 4156 credere
1010 4144 1024 4166 ,
1052 4101 1138 4166 qui
1165 4100 1380 4172 gloriam
1405 4101 1466 4154 ab
1491 4102 1698 4153 invicem
1725 4101 1948 4167 accipitis

379 4194 558 4265 (Joan.
681 4195 728 4246 4.
767 4192 860 4263 4)ῗ’
905 4197 981 4248 Ac
1018 4193 1216 4247 multos
1267 4207 1490 4246 cernere
1528 4200 1646 4254 est,
1685 4191 1774 4260 qui
1827 4206 1947 4245 cum

374 4285 568 4341 acerba
599 4286 774 4338 omnia
799 4283 1270 4354 contempsissent,
1303 4298 1330 4336 a
1361 4282 1528 4352 gloria
1551 4282 1780 4350 superati
1804 4292 1945 4334 sunt.

378 4375 446 4432 Ut
470 4380 756 4430 seductores
782 4385 828 4430 et
854 4391 1069 4428 veraces.
1097 4373 1238 4428 ldem
1265 4382 1346 4428 est
1376 4387 1496 4426 cum
1528 4371 1619 4425 illo
1643 4413 1657 4435 ,
1689 4371 1786 4424 Per
1811 4371 1949 4440 infa-

375 4469 528 4521 miam
548 4477 592 4520 et
617 4466 800 4520 bonam
825 4467 1036 4534 fautum.
1067 4467 1209 4522 Sicut
1237 4467 1322 4536 qui
1346 4465 1504 4534 ignoti
1531 4474 1580 4520 et
1608 4465 1816 4534 cogniti.
1839 4463 1950 4519 Hoc

375 4558 602 4627 idipsum
628 4567 711 4613 est
735 4557 898 4628 quod,
924 4557 1024 4610 Per
1044 4557 1257 4628 gloriam
1278 4565 1323 4608 et
1348 4556 1696 4626 ignominiam.
1721 4556 1951 4629 Quibus-

373 4647 495 4702 dam
522 4647 667 4702 enim
707 4648 818 4702 noti
847 4656 1002 4701 erant
1021 4688 1036 4711 ,
1061 4647 1128 4700 ab
1169 4647 1339 4714 iisque
1367 4644 1708 4708 colebantur;
1736 4646 1949 4715 quidam

375 4753 444 4792 ne
485 4752 811 4805 cognoscere
847 4737 1061 4806 quidem
1111 4750 1206 4790 eos
1262 4733 1635 4804 dignabantur.
1683 4735 1735 4790 9.
1793 4735 1950 4800 Quasi

377 4830 665 4892 morientes,
695 4839 742 4882 et
765 4845 878 4882 ecce
904 4829 1131 4882 vivimus.
1167 4825 1235 4882 Ut
1259 4827 1416 4880 morti
1458 4827 1672 4882 obnoxii
1699 4843 1762 4882 ac
1801 4831 1952 4883 dam-

373 4920 486 4974 nati
518 4938 532 4973 :
563 4919 703 4988 quod
738 4919 910 4988 ipsum
943 4932 1156 4988 quoque
1182 4917 1470 4988 ignominia
1501 4926 1633 4971 erat.

445 5011 500 5064 ι.
537 5009 647 5064 lloc
688 5025 850 5078 porro
878 5010 1124 5074 dicebat,
1159 5019 1269 5064 tum
1311 5018 1370 5064 ut
1408 5009 1815 5064 inenarrabilem
1859 5010 1949 5066 Dei

378 5100 694 5168 potentiam,
729 5110 837 5152 tum
866 5100 1174 5169 patientiam
1229 5113 1378 5154 suam
1425 5097 1742 5154 declararet.
1777 5099 1906 5152 Nam
1935 5140 1949 5163 ,

381 5200 637 5258 quantum
667 5208 830 5262 penes
862 5191 1200 5246 insidiatores
1225 5199 1327 5258 est,
1349 5192 1545 5246 mortui
1567 5206 1771 5255 sumus,
1796 5201 1954 5262 atque

381 5287 450 5338 ita
481 5299 668 5340 omnes
699 5285 1041 5351 existimant;
1069 5293 1123 5338 at
1147 5283 1325 5338 divina
1361 5284 1596 5354 potentia
1625 5285 1820 5338 factum
1848 5295 1951 5350 est,

382 5386 439 5430 ut
481 5391 546 5430 ex
582 5376 834 5445 periculis
862 5376 1033 5444 erepti
1066 5374 1254 5430 simus.
1289 5374 1478 5429 Postea
1519 5389 1615 5430 cur
1642 5373 1759 5429 haec
1817 5374 1957 5429 Deus

382 5465 656 5536 permittat
681 5467 996 5536 explanans,
1025 5465 1332 5537 subiungit,
1384 5465 1452 5521 Ut
1483 5467 1754 5537 castigati,
1782 5476 1828 5521 et
1857 5483 1956 5520 non

381 5557 694 5624 mortiﬁcati.
735 5558 938 5625 Quibus
987 5557 1220 5620 indicat,
1253 5571 1316 5614 ex
1349 5559 1732 5614 tcntationibus
1773 5559 1958 5631 ingen-

383 5660 490 5705 tem
529 5653 685 5703 etiam
715 5660 837 5703 ante
865 5649 975 5718 ipsa
1009 5649 1223 5718 praemia
1273 5648 1500 5702 fructum
1542 5649 1672 5716 ipsis
1722 5651 1955 5719 exoriri,

716 5767 981 5826 Ρηιιοι..
1027 5762 1141 5822 Gn.
1188 5759 1342 5819 LXI.

1376 243 1440 298 IN
1479 243 1692 300 EPIST.
1731 241 1776 299 11
1840 241 1929 296 AD
1966 240 2120 298 COR.
2163 242 2392 302 HOMIL.
2433 245 2548 302 Xli.

3544 255 3646 312 486

2072 360 2362 431 hostesque
2385 364 2466 417 vel
2487 362 2680 418 invitos
2706 365 2805 418 sibi
2833 364 2994 420 utiles
3019 367 3253 422 essedo.
3283 367 3440 435 Quasi
3457 372 3644 436 tristes,

2066 468 2260 523 semper
2296 466 2462 508 autem
2507 457 2802 527 gaudentes.
2845 457 3028 512 Extcri
3057 459 3398 528 suspicantur
3436 476 3535 515 nos
3590 463 3645 516 in

2066 560 2298 600 mmrore
2327 561 2479 610 esse;
2523 559 2576 601 at
2621 565 2758 615 nos,
2805 550 2929 619 quid
2969 551 3066 619 ipsi
3108 551 3451 617 existiment,
3505 554 3646 608 haud

2064 636 2390 691 attendimus
2413 680 2426 704 ,
2460 655 2642 692 verum
2673 639 3051 695 ﬂorentissima
3079 642 3351 712 voluptate
3393 643 3642 699 fruimur.

2067 725 2171 777 Nec
2196 741 2322 779 vero
2349 728 2642 796 gaudentes
2660 729 2832 783 solum
2853 732 3006 796 dixit,
3032 731 3124 786 sed
3152 731 3374 794 addidit,
3406 735 3639 804 Semper.

2067 814 2278 882 Semper
2307 819 2447 870 enim
2475 821 2782 889 gaudentes,
2836 822 3024 892 inquit.
3070 823 3270 894 Ecquid
3315 826 3472 894 igitur
3524 829 3646 881 huic

2065 905 2184 957 vita:
2217 923 2312 975 par
2351 923 2470 964 esse
2499 921 2678 979 queat,
2710 913 2758 965 in
2783 929 2907 983 qua,
2943 923 3020 966 tot
3043 915 3434 970 calamitatibus
3464 917 3644 972 incur-

2063 997 2324 1064 Santibus,
2376 1002 2581 1054 auctior
2633 1003 2875 1072 voluptas
2921 1003 3187 1059 eﬂicitur?
3231 1005 3376 1061 Sicut
3406 1017 3642 1076 egentes,

2062 1088 2245 1142 multos
2273 1101 2436 1143 autem
2467 1093 2852 1161 locupletantes.
2879 1095 3100 1162 Quidam
3134 1097 3280 1151 aiunt
3306 1096 3408 1150 hoc
3437 1100 3552 1152 loco
3577 1101 3644 1151 de

2063 1177 2425 1244 spiritualibus
2470 1183 2658 1251 opibus
2684 1175 2844 1239 vei-ha
2887 1185 3070 1240 haberi
3095 1205 3109 1252 ;
3139 1203 3238 1258 ego
3263 1198 3442 1244 autem
3469 1191 3534 1244 de
3579 1190 3643 1244 iis

2061 1283 2306 1338 quoque,
2337 1288 2454 1340 qua:
2495 1272 2561 1326 ad
2591 1290 2806 1329 carnem
2832 1277 3060 1331 attinent
3089 1295 3100 1328 :
3133 1295 3254 1332 nam
3291 1288 3344 1332 et
3375 1278 3458 1333 his
3506 1295 3643 1333 novo

2060 1359 2290 1426 quodam
2340 1363 2498 1416 modo
2548 1365 2753 1433 prrediti
2806 1375 2999 1428 erant,
3053 1376 3110 1420 ut
3158 1369 3353 1437 quibus
3401 1371 3638 1424 omnium

2061 1450 2206 1505 rudes
2254 1461 2517 1522 paterent.
2549 1457 2721 1526 Atque
2768 1457 2867 1511 hoc
2910 1459 3249 1526 perspicuum
3293 1459 3418 1515 fecit
3463 1477 3526 1515 ex
3575 1478 3642 1517 eo

2060 1543 2200 1610 qund
2232 1543 2483 1614 deinceps
2511 1548 2586 1600 ait
2610 1589 2624 1610 ,
2657 1547 2936 1616 Tamquam
2971 1550 3098 1602 nihil
3121 1549 3376 1615 habentes,
3401 1561 3447 1604 et
3474 1554 3644 1606 omnia

2061 1637 2388 1703 possidentes.
2425 1637 2494 1692 Et
2519 1640 2606 1707 qui
2644 1639 2756 1693 fieri
2787 1640 2887 1693 hoc
2921 1639 3129 1710 potest?
3150 1643 3387 1712 inquies.
3424 1643 3534 1696 imo
3554 1645 3640 1714 qui

2058 1727 2384 1780 contrarium
2432 1727 2544 1783 ﬁeri
2579 1730 2792 1797 potest?
2840 1728 2971 1783 Nam
3002 1732 3091 1800 qui
3145 1731 3316 1786 multa
3359 1734 3638 1802 possidet,

2061 1815 2190 1868 nihil
2231 1816 2422 1881 habet;
2453 1818 2539 1885 qui
2570 1827 2746 1870 autem
2773 1818 2903 1871 nihil
2933 1819 3132 1884 habet,
3162 1821 3344 1874 omnia
3375 1823 3635 1890 possidet.

2057 1908 2238 1978 Neque
2268 1910 2350 1963 hic
2377 1910 2549 1964 solum
2585 1911 2683 1964 hoc
2711 1927 2807 1965 usu
2842 1913 3010 1978 venit,
3040 1911 3134 1967 sed
3169 1924 3220 1967 et
3256 1915 3307 1968 in
3335 1916 3454 1968 aliis
3482 1919 3640 1972 rebus

2057 2016 2088 2056 θ
2131 2001 2411 2055 contrariis
2461 2002 2726 2056 contraria
2774 2002 3055 2056 exsistunt.
3107 2002 3260 2068 Quod
3307 2005 3350 2057 si
3408 2006 3624 2060 miraris

2057 2107 2286 2160 quonam
2321 2091 2479 2146 modo
2503 2092 2610 2156 liat,
2642 2100 2698 2144 ut
2727 2091 2815 2161 qui
2845 2091 3002 2146 rebus
3028 2093 3276 2148 omnibus
3304 2105 3465 2157 caret,
3508 2110 3639 2151 eun-

2057 2189 2140 2232 cta
2176 2180 2386 2246 habeat,
2419 2180 2556 2235 hunc
2597 2183 2769 2252 ipsum
2805 2181 3025 2236 Paulum
3059 2183 3111 2235 in
3142 2182 3374 2237 medium
3402 2185 3638 2240 adduca—

2059 2286 2174 2324 mus
2199 2312 2214 2336 ,
2243 2271 2331 2340 qui
2361 2271 2476 2325 orbi
2510 2280 2770 2326 terrarum
2801 2271 3132 2342 imperabat,
3165 2288 3262 2328 nec
3291 2275 3636 2343 pecuniarum

2058 2373 2280 2428 tantum,
2305 2364 2397 2418 sed
2424 2373 2478 2420 et
2499 2367 2777 2420 oculorum
2797 2367 3034 2422 onmium
3053 2367 3300 2422 dominus
3321 2379 3436 2424 erat
3460 2386 3634 2436 :nam,

2059 2452 2119 2507 Si
2148 2454 2258 2523 ﬁeri
2299 2455 2574 2522 potuisset,
2607 2456 2811 2526 inquit,
2845 2459 3016 2510 oculos
3061 2468 3246 2513 vestros
3271 2461 3526 2515 eruissetis
3548 2504 3561 2525 ,
3589 2471 3636 2516 et

2058 2547 2178 2598 mihi
2208 2545 2469 2600 dedissetis
2501 2546 2643 2618 (Gul.
2676 2549 2728 2602 4.
2764 2549 2877 2618 15).
2902 2548 3024 2604 Hinc
3057 2564 3216 2618 porro
3245 2550 3408 2615 dicit,
3439 2561 3496 2606 ut
3539 2569 3638 2608 nos

2055 2637 2244 2692 doceat
2282 2649 2338 2694 ut
2367 2655 2434 2694 ne
2461 2639 2532 2693 ob
2563 2641 2702 2710 vulgi
2753 2641 3032 2710 opinioiies
3079 2645 3354 2699 turbemur
3375 2688 3391 2713 ,
3423 2649 3635 2703 etiamsi

2056 2743 2154 2783 nos
2181 2729 2501 2800 impostores
2528 2733 2820 2801 appellent,
2857 2735 3067 2788 etiamsi
3108 2750 3206 2790 nos
3233 2737 3518 2806 ignorent,
3541 2741 3638 2795 da-

2055 2829 2262 2875 mnatos
2279 2821 2606 2886 existiment,
2633 2823 2844 2877 etiamsi
2877 2824 2927 2878 in
2961 2839 3190 2880 mterore
3217 2835 3374 2896 atque
3399 2837 3638 2899 egestate

2055 2913 2254 2967 versari
2291 2921 2473 2981 pltlcttl
2517 2923 2570 2967 et
2625 2913 2801 2982 inopia
2857 2916 3048 2983 premi,
3103 2917 3334 2978 etiamsi,
3378 2933 3498 2972 cum
3529 2920 3636 2975 la'ti

2055 3004 2240 3070 simus,
2269 3014 2460 3057 mmsto
2491 3005 2670 3058 animo
2690 3020 2809 3058 esse
2835 3006 3049 3059 dicant:
3079 3007 3504 3078 quandoquidem
3538 3028 3637 3068 nec

2053 3096 2208 3148 caecis
2241 3095 2548 3163 perspicuus
2579 3106 2659 3148 est
2691 3096 2818 3148 solis
2850 3095 3108 3166 splendor
3129 3138 3142 3159 ,
3186 3113 3283 3150 nec
3312 3099 3514 3154 insanis
3544 3116 3630 3156 sa-

2055 3187 2310 3253 pientium
2382 3185 2647 3256 voluptas.
2693 3186 2804 3241 Soli
2854 3189 2995 3241 enim
3056 3189 3124 3257 pii
3186 3189 3282 3243 viri
3335 3191 3465 3245 recti
3512 3203 3638 3249 sunt

2054 3291 2234 3330 rerum
2272 3276 2484 3346 judices
2505 3318 2520 3344 ,
2556 3291 2652 3332 nec
2679 3276 2747 3332 de
2784 3277 2971 3332 iisdem
2999 3279 3194 3348 quibus
3221 3281 3309 3334 alii
3340 3281 3499 3337 rebus
3544 3284 3629 3338 vel

2052 3367 2283 3437 gaudent
2329 3367 2413 3421 vel
2457 3377 2746 3435 anguntur.
2796 3367 2928 3422 Nam
2957 3369 3002 3422 si
3030 3371 3149 3440 quis
3179 3370 3440 3439 palaestrae
3489 3375 3635 3428 rudis

2055 3458 2285 3527 pugilem
2317 3457 2627 3512 vulneribus
2657 3457 2904 3511 allectum
2937 3469 3144 3527 spectet
3173 3475 3235 3514 ac
3263 3477 3460 3516 corona
3493 3465 3635 3520 redi-

2054 3551 2272 3610 mitum.
2303 3565 2426 3604 eum
2474 3550 2543 3602 ob
2575 3551 2792 3604 vulnera
2838 3550 3447 3623 discruciarijudicarit,
3494 3559 3634 3626 quod

2053 3653 2305 3712 quantam
2332 3642 2380 3696 ei
2407 3656 2603 3695 corona
2629 3642 2949 3710 voluptatem
2981 3645 3150 3711 pariat
3173 3644 3400 3716 ignoret.
3437 3648 3634 3703 Eodem

2057 3734 2216 3788 modo
2246 3734 2370 3796 isti,
2415 3733 2538 3801 quia
2571 3747 2689 3799 quae
2716 3734 2947 3802 patimur
2977 3743 3173 3788 norunt
3200 3777 3214 3801 ,
3246 3751 3307 3791 ea
3336 3745 3514 3792 autem
3567 3741 3637 3795 ob

2053 3841 2171 3893 qua:
2201 3825 2430 3891 patimur
2457 3823 2720 3885 nesciunt,
2746 3839 2850 3877 non
2881 3824 3072 3878 mirum
3097 3826 3140 3880 si
3168 3825 3281 3881 haec
3303 3829 3414 3882 sola
3438 3844 3634 3901 snspc.

2053 3925 2134 3968 cta
2184 3915 2431 3979 habeant,
2464 3923 2520 3967 ut
2567 3915 2656 3984 qui
2709 3914 2999 3968 certamina
3037 3915 3250 3984 quidem
3290 3929 3344 3972 et
3399 3921 3632 3987 pericula

2056 4006 2397 4074 perspiciam,
2421 4006 2639 4074 praemia
2669 4014 2848 4060 autem
2873 4015 2927 4059 et
2956 4021 3182 4060 coronas
3205 4017 3256 4060 ct
3281 4013 3631 4067 certaminum

2053 4113 2264 4152 causam
2313 4113 2418 4152 non
2464 4099 2610 4152 item.
2643 4098 2899 4163 Qumnam
2942 4113 3070 4170 ergo
3111 4115 3172 4153 ea
3216 4102 3392 4154 omnia
3438 4113 3628 4170 erant,

2055 4205 2172 4258 qum
2205 4189 2399 4243 Paulus
2427 4189 2751 4258 possidebat,
2784 4205 2904 4244 cum
2936 4190 3173 4254 diceret,
3208 4190 3484 4262 Tamquam
3507 4195 3636 4250 nihil

2055 4280 2290 4333 habentes
2315 4290 2359 4333 et
2386 4281 2555 4334 omnia
2575 4283 2887 4351 possidentes
2905 4283 2931 4336 7
2951 4282 3210 4338 Mundana
3236 4295 3286 4340 et
3316 4287 3632 4354 Spiritualia.

2054 4372 2149 4427 Ille
2177 4373 2318 4425 enim
2345 4387 2502 4440 quem
2532 4373 2694 4427 urbes
2719 4374 2860 4427 velut
2901 4376 3146 4444 angelum
3175 4377 3482 4446 exciperent
3505 4419 3519 4440 ,
3572 4395 3635 4431 ac

2056 4479 2152 4535 pro
2182 4479 2288 4534 quo
2316 4465 2541 4520 ell‘ossos
2580 4465 2765 4520 oculos
2811 4467 3056 4531 tradere,
3101 4484 3197 4536 pro
3237 4485 3345 4539 quo
3395 4471 3637 4526 cervices

2056 4569 2180 4609 suas
2205 4571 2478 4623 exponere
2503 4558 2672 4625 parati
2707 4557 2856 4610 multi
2881 4569 3060 4612 essent
3077 4600 3092 4623 ,
3117 4575 3293 4612 annon
3337 4561 3426 4615 ille
3449 4563 3625 4617 omnia

2055 4660 2239 4699 eorum
2296 4647 2433 4699 bona
2470 4645 2810 4715 possidebat?
2835 4646 2987 4716 Quod
3018 4650 3060 4701 si
3091 4649 3381 4716 spiritualia
3413 4666 3626 4721 quoque

2058 4738 2362 4808 perspicere
2394 4739 2541 4800 libet,
2576 4739 2776 4794 videbis
2803 4754 2924 4793 eum
2959 4745 3007 4792 in
3043 4741 3104 4792 iis
3131 4742 3358 4795 maxime
3389 4741 3625 4812 locuple-

2059 4837 2186 4883 tem.
2218 4828 2350 4883 Nam
2379 4829 2466 4898 qui
2497 4829 2548 4882 in
2581 4837 2723 4882 tanta
2747 4829 2985 4883 omnium
3016 4829 3174 4898 Regis
3201 4831 3430 4884 amicitia
3456 4847 3635 4885 versa-

2058 4922 2232 4987 batur,
2253 4931 2311 4976 ut
2335 4921 2644 4990 angelorum
2675 4921 2933 4975 Dominus
2958 4936 3150 4974 arcana
3182 4937 3273 4974 sua
3307 4921 3402 4991 ipsi
3433 4922 3634 4991 imper-

2060 5013 2184 5068 tiret
2213 5030 2225 5066 :
2256 5015 2343 5082 qui
2386 5011 2500 5066 fieri
2533 5020 2757 5079 poterat,
2785 5012 2911 5080 quin
2938 5025 3129 5065 omnes
3167 5011 3354 5080 Opibus
3381 5013 3636 5077 anteiret,

2059 5113 2218 5172 atque
2244 5104 2420 5156 omnia
2453 5102 2784 5171 possideret?
2814 5101 2928 5155 Non
2955 5103 3098 5155 enim
3141 5101 3335 5172 alioqui
3366 5104 3640 5158 diBmOIICS

2061 5193 2131 5247 ita
2177 5193 2224 5248 ei
2273 5191 2597 5256 cessissent;
2646 5205 2752 5246 non
2799 5191 2872 5245 ita
2912 5191 3126 5245 dolores
3155 5207 3216 5246 ac
3257 5192 3427 5246 morbi
3460 5191 3636 5262 fugam

2061 5285 2467 5355 corripuissent.
2525 5284 2753 5338 Proinde
2805 5297 2905 5340 nos
2961 5298 3206 5353 quoque,
3259 5298 3378 5336 cum
3421 5294 3641 5352 propter

2062 5375 2330 5431 Christum
2385 5375 2523 5427 malo
2566 5373 2869 5440 afﬁcimur,
2923 5391 3028 5427 non
3083 5372 3240 5427 modo
3292 5371 3635 5436 fortem,sed

2064 5467 2222 5522 etiam
2250 5465 2429 5519 lretum
2460 5465 2691 5518 animum
2719 5465 3052 5534 praebeamus
3081 5479 3095 5520 :
3126 5462 3172 5516 si
3193 5461 3518 5530 jejunamus,
3546 5475 3642 5532 pe-

2067 5557 2217 5613 rinde
2263 5556 2592 5611 exsultemus
2634 5570 2697 5608 ac
2750 5556 2794 5610 si
2845 5555 2896 5609 in
2945 5555 3220 5623 voluptate
3265 5565 3543 5615 essemus;
3591 5556 3638 5602 st

2067 5648 2414 5706 contumelias
2451 5647 2778 5716 accipimus,
2820 5659 2882 5702 ac
2929 5646 2974 5701 si
3029 5642 3368 5699 laudaremur
3409 5639 3646 5704 choreas

3180 5752 3252 5815 31
