4090 6216
556 288 658 344 φεῖ

555 413 773 470 agamus
796 437 811 462 ,
835 396 882 450 si
913 400 1156 464 sumptus
1186 389 1408 443 facimus
1427 425 1444 452 ,
1472 386 1542 440 ita
1568 382 1738 436 allecti
1763 379 1950 442 simus,
1993 387 2052 426 ac
2079 370 2123 423 si

554 469 787 562 quaastus
816 488 1103 551 faciamus;
1135 484 1179 538 si
1210 479 1526 552 pauperibus
1551 474 1804 545 largimur
1830 513 1843 535 ,
1879 469 2120 536 nosipsos

555 559 798 652 accipere
828 580 1146 634 arbitremur
1193 591 1208 628 :
1254 587 1376 627 nam
1405 571 1493 640 qui
1523 582 1625 621 non
1671 580 1736 619 eo
1765 564 1941 616 animo
1989 559 2083 652 dat
2104 600 2119 652 ,

559 647 855 729 nec-facile
891 668 1055 723 dabit.
1084 667 1260 733 Quare
1303 677 1424 717 cum
1472 661 1550 713 vis
1596 670 1878 727 spargere,
1923 667 2027 706 non
2071 647 2121 701 id

555 767 722 820 solum
769 770 945 830 specta
979 757 1119 828 quod
1167 752 1457 824 expendis,
1503 749 1594 803 sed
1640 750 1738 798 huc
1787 745 1944 799 etiam
1982 741 2120 830 quod

557 857 703 925 plura
736 829 998 914 lucraris;
1029 857 1082 901 et
1113 848 1214 899 hoc
1245 845 1391 913 prius
1418 855 1578 909 quam
1611 835 1756 891 illud.
1788 834 1895 887 Nec
1923 847 2047 886 vero
2067 829 2120 883 in

554 951 894 1013 eleemosyna
919 940 1115 1002 solum,
1146 937 1238 992 sed
1270 937 1320 988 iu
1349 934 1490 989 omni
1519 944 1728 1001 quoque
1752 929 1979 990 virtute,
2015 939 2122 978 neu

552 1039 792 1094 laborum
835 1031 1200 1093 acrimoniam,
1245 1026 1336 1081 sed
1393 1024 1729 1096 praemiorum
1784 1017 2118 1079 suavitatem,

555 1141 712 1198 atque
739 1137 862 1181 ante
899 1123 1075 1180 omnia
1117 1119 1411 1182 Christum,
1441 1114 1532 1183 qui
1563 1110 1913 1165 certaminum
1961 1119 2119 1160 causa

553 1197 670 1283 est,
726 1218 818 1271 tibi
862 1227 1117 1284 propone.
1167 1211 1253 1264 Sic
1294 1207 1414 1271 fiet,
1458 1213 1512 1257 ut
1555 1201 1842 1256 certamina
1900 1197 2122 1265 impigre

554 1312 755 1370 adeas,
803 1315 962 1374 atque
999 1317 1208 1355 onmem
1253 1299 1376 1351 vitm
1425 1309 1638 1348 cursum
1685 1307 1804 1345 cum
1852 1289 2121 1357 voluptate

551 1399 824 1454 conﬁcias.
863 1393 1042 1460 Neque
1078 1389 1219 1442 enim
1247 1387 1532 1458 quidquam
1586 1390 1700 1446 est,
1730 1381 1869 1450 quod
1922 1386 2120 1431 tantam

554 1491 874 1558 voluptatem
916 1483 1132 1546 afferat,
1182 1488 1236 1532 ut
1274 1479 1484 1530 animus
1524 1474 1621 1528 sibi
1678 1473 1813 1526 bene
1853 1467 2116 1524 conscius.

558 1584 839 1650 f‘rOplerea
866 1576 1060 1631 Paulus
1086 1573 1318 1643 quidem,
1349 1585 1467 1624 cum
1495 1565 1717 1635 singulis
1741 1563 1926 1617 diebus
1958 1574 2118 1612 vexa-

552 1681 718 1734 retur,
744 1667 1006 1740 gaudebat
1027 1673 1082 1720 et
1123 1663 1417 1718 exsultabat
1444 1680 1457 1715 :
1487 1675 1624 1713 nunc
1671 1667 1846 1711 autem
1881 1654 2121 1708 homines

553 1779 620 1817 ne
651 1776 747 1830 per
775 1758 1039 1815 somnium
1091 1753 1304 1824 quidem
1345 1752 1534 1804 horum
1567 1747 1767 1817 aliquid
1820 1745 2117 1815 perpetien-

552 1863 652 1919 tes,
685 1852 866 1906 dolent
893 1863 955 1902 ac
983 1846 1156 1902 mtesti
1183 1853 1326 1910 sunt,
1359 1843 1555 1896 nullam
1585 1843 1742 1895 aliam
1789 1841 1857 1894 ob
1883 1853 2117 1902 causam,

553 1961 712 2016 quam
742 1939 881 2012 quod
931 1937 1297 2010 philosophieo
1341 1935 1519 1989 animo
1572 1932 1777 2002 praediti
1827 1946 1930 1985 non
1987 1929 2117 1984 sint.

551 2035 762 2105 Alioqui
808 2033 948 2088 enim
992 2042 1226 2100 exponas
1267 2027 1394 2082 mihi
1436 2026 1593 2080 velim
1643 2023 1768 2093 quid
1818 2023 1886 2076 sit
1930 2036 2118 2090 quam-

549 2130 734 2184 obrem
774 2122 994 2194 lugeas?
1027 2137 1094 2175 an
1121 2121 1239 2190 quia
1289 2133 1488 2189 pauper
1525 2132 1600 2180 es,
1634 2131 1696 2169 ac
1725 2129 1903 2170 rerum
1931 2127 2117 2168 neces—

550 2218 808 2274 sariarum
835 2213 1010 2284 inopia
1035 2209 1327 2282 premeris?
1344 2208 1488 2279 Ergo
1509 2207 1629 2262 ideo
1659 2206 1836 2276 potius
1864 2204 2120 2272 lugendus

551 2323 631 2371 es,
662 2322 768 2361 non
789 2304 910 2376 quia
940 2303 1117 2373 ploras
1156 2314 1254 2356 nec
1279 2301 1399 2371 quia
1429 2313 1555 2368 eges
1576 2339 1590 2362 ,
1619 2295 1713 2352 sed
1740 2296 1861 2365 quia
1909 2294 2117 2362 abjecto

553 2415 610 2454 es
640 2397 852 2454 animo;
876 2410 979 2449 non
1007 2393 1126 2462 quia
1155 2391 1384 2444 nummis
1408 2403 1578 2451 cares,
1601 2388 1693 2444 sed
1727 2387 1846 2456 quia
1875 2399 2119 2442 nummos

552 2488 683 2543 tanti
727 2486 980 2542 aastimas.
1036 2485 1090 2538 In
1139 2483 1377 2553 singulos
1415 2482 1530 2535 dies
1583 2485 1756 2534 morte
1800 2477 2118 2546 fungebatur

552 2581 747 2635 Paulus
770 2620 786 2646 ,
816 2593 914 2633 nec
947 2586 1120 2630 tamen
1149 2573 1424 2644 plorabat,
1457 2574 1562 2625 imo
1591 2571 1751 2625 etiam
1780 2569 2059 2623 lartabatur
2101 2583 2114 2619 :

553 2688 672 2727 cum
703 2679 962 2741 perpetua
1002 2665 1144 2720 fame
1173 2663 1506 2727 luctabatur,
1555 2676 1653 2716 nec
1701 2659 1952 2724 dolebat,
2009 2659 2117 2712 imo

555 2764 714 2818 etiam
745 2759 1086 2830 gloriabatur.

624 2853 676 2908 5.
709 2855 778 2907 At
821 2860 896 2916 tu,
951 2851 1073 2919 quia
1119 2848 1277 2902 totius
1316 2846 1438 2901 anni
1483 2853 1769 2915 proventus
1816 2840 2118 2897 reconditos

544 2963 656 3001 .nnn
698 2944 892 3006 habes,
923 2941 1135 3011 angeris
1172 2949 1330 3009 teque
1355 2935 1584 3006 allligis?
1622 2935 1736 2990 Non
1771 2935 1984 2999 mirum,
2032 2933 2114 2986 in-

551 3040 672 3109 quis
697 3055 714 3091 :
744 3037 832 3090 ille
848 3032 998 3089 enim
1029 3032 1096 3088 de
1119 3047 1178 3086 se
1201 3039 1402 3086 tantum
1430 3037 1545 3081 erat
1565 3026 1821 3082 sollicitus
1844 3041 1858 3091 ;
1883 3039 1969 3080 me
1990 3038 2116 3078 vero

543 3139 605 3185 .et
633 3127 774 3184 ser-vi
803 3134 858 3180 et
886 3124 1034 3179 liberi
1059 3131 1112 3177 et
1135 3135 1267 3176 uxor
1285 3120 1568 3175 sollicitum
1601 3127 1802 3173 tenent.
1848 3116 1958 3169 lmo
1987 3130 2115 3170 vero

551 3221 641 3274 ille
677 3232 782 3272 non
810 3230 985 3271 rerum
1029 3227 1243 3267 suarum
1277 3219 1476 3265 tantum
1526 3207 1933 3263 sollicitudinem
1961 3222 2112 3276 gere-

550 3314 666 3378 bat,
690 3310 780 3365 sed
820 3309 1050 3362 universi
1082 3315 1340 3360 terrarum
1378 3303 1522 3356 orbis
1551 3321 1563 3356 :
1593 3317 1656 3356 ac
1688 3313 1738 3355 tu
1781 3301 1992 3368 quidem
2021 3315 2115 3368 pro

550 3404 704 3458 unica
730 3401 888 3456 domo
911 3397 1266 3453 sollicitudine
1293 3394 1550 3459 afﬁceris;
1586 3394 1672 3447 ille
1700 3404 1880 3446 autem
1921 3407 2014 3460 pro
2039 3399 2114 3446 tot

547 3491 1012 3562 Jerosolymitanis
1051 3485 1390 3556 pauperibus,
1443 3500 1540 3555 pro
1583 3483 1966 3546 Macedonicis,
2019 3497 2114 3550 pro

550 3585 797 3640 omnibus
812 3582 1050 3650 denique
1076 3581 1257 3651 egenis
1283 3578 1374 3649 qui
1396 3578 1588 3648 ubique
1615 3587 1786 3642 erant,
1823 3592 1918 3630 nec
1939 3575 2115 3630 minus

550 3673 649 3747 pro
679 3675 744 3730 iis
769 3676 858 3744 qui
883 3673 1010 3742 ipsis
1045 3671 1423 3742 largiebantur,
1457 3686 1613 3740 quam
1646 3684 1741 3740 pro
1769 3669 1831 3722 iis
1855 3667 1941 3739 qui
1969 3669 2112 3722 acci—

548 3765 785 3836 piebant.
813 3763 1012 3833 Duplex
1042 3762 1184 3817 enim
1209 3763 1382 3834 ipsum
1409 3761 1459 3815 in
1492 3769 1752 3815 terrarum
1775 3761 1957 3815 orbem
1986 3773 2113 3814 cura

550 3858 816 3928 tangebat,
834 3871 1036 3927 .nempe
1064 3865 1122 3911 ut
1150 3869 1218 3909 ne
1242 3855 1402 3910 rebus
1427 3853 1492 3907 ad
1517 3853 1676 3907 vitam
1705 3851 2022 3907 necessariis
2043 3851 2115 3904 in-

546 3953 807 4024 digerent,
842 3959 895 4007 et
924 3960 980 4005 ut
1019 3948 1379 4020 spiritualibus
1410 3947 1596 4016 opibus
1635 3944 1983 4000 abundarent.
2008 3942 2115 3998 Nec

547 4061 674 4099 vero
706 4053 904 4099 tantum
931 4042 1177 4098 mmruris
1203 4039 1295 4095 tibi
1319 4039 1546 4094 afferunt
1578 4038 1668 4091 ﬁlii
1691 4037 1832 4092 fame
1861 4037 2112 4090 laboran-

547 4143 649 4198 tes,
667 4142 924 4203 quantum
944 4131 1044 4200 ipsi
1057 4131 1293 4185 fidelium
1319 4130 1556 4182 omnium
1581 4127 1812 4197 negotia.
1833 4127 1968 4192 Quid
1995 4125 2114 4180 dico

549 4222 824 4278 ﬁdelium?
853 4236 974 4276 nam
1003 4235 1174 4290 neque
1201 4219 1269 4274 ab
1298 4217 1586 4273 inﬁdelium
1609 4232 1733 4272 cura
1765 4217 2000 4281 vacabat,
2027 4231 2116 4270 ve-

547 4330 666 4370 rum
697 4329 757 4369 ea
799 4314 871 4366 ita
911 4310 1310 4374 conﬁciebatur,
1338 4319 1396 4363 ut
1437 4324 1622 4365 eorum
1667 4309 1785 4362 loco
1832 4308 2114 4370 anathema

546 4419 762 4477 quoque
801 4403 913 4459 ﬁeri
958 4413 1165 4474 optaret
1193 4419 1208 4460 :
1236 4412 1289 4456 tu
1329 4416 1476 4468 vero,
1505 4418 1571 4456 ne
1607 4402 1649 4456 si
1681 4401 1873 4456 millies
1898 4400 2111 4472 quidem

549 4498 718 4554 fames
765 4496 1130 4563 iuvalesceret,
1191 4511 1287 4565 pro
1343 4494 1450 4548 ullo
1495 4505 1668 4549 tamen
1714 4493 1930 4547 homine
1979 4491 2114 4546 mori

546 4591 732 4647 velles.
763 4590 840 4644 Ac
863 4598 916 4642 lu
945 4589 1155 4658 quidem
1175 4602 1279 4657 pro
1301 4586 1453 4641 unica
1481 4600 1646 4640 uxore
1679 4586 1729 4639 in
1757 4599 1882 4639 cura
1909 4600 2000 4650 es;
2029 4585 2115 4639 ille

547 4693 726 4737 autem
752 4695 852 4750 pro
882 4677 1128 4733 omnibus
1149 4677 1308 4731 totius
1329 4677 1473 4731 orbis
1495 4677 1744 4731 Ecclesiis
1767 4692 1782 4729 :
1809 4675 2112 4730 Sollicitudo

547 4773 688 4825 enim
719 4787 858 4834 mea,
907 4769 1094 4838 inquit,
1125 4767 1350 4821 omnium
1392 4765 1730 4820 Ecclesiarum
1767 4766 1842 4839 (‘2.
1873 4765 1988 4821 Cor.
2022 4768 2111 4820 “li.

549 4861 664 4928 28).
695 4861 982 4929 Quousque
1030 4876 1158 4930 ergo
1208 4859 1393 4927 ludes,
1435 4875 1467 4913 ο
1496 4859 1672 4922 homo,
1722 4859 1946 4928 tcipsmn
1992 4874 2111 4913 cum

552 4951 716 5004 Paulo
735 4951 1042 5006 conferens?
1066 4967 1169 5006 non
1202 4960 1255 5005 tu
1282 4953 1378 5006 hac
1401 4959 1546 5006 tanta
1567 4951 1725 5004 animi
1757 4950 2114 5005 imbecillitate

549 5038 792 5096 laborare
836 5040 1087 5094 desines?
1120 5040 1618 5112 Collacrymandum
1666 5043 1805 5096 enim
1859 5050 1958 5106 est,
2010 5058 2111 5095 non

547 5145 671 5185 cum
703 5129 755 5182 in
788 5139 1094 5198 paupertate
1133 5145 1348 5196 sumus,
1382 5133 1473 5186 sed
1515 5148 1633 5188 cum
1666 5147 1943 5203 peccamus
1973 5150 1986 5184 :
2012 5133 2113 5187 hoc

549 5221 746 5294 quippe
785 5228 898 5286 est,
929 5219 1069 5289 quod
1115 5220 1375 5290 lacrymas
1403 5235 1662 5288 meretur;
1699 5241 1818 5278 nam
1865 5226 1964 5279 alia
2005 5226 2111 5279 risu

547 5317 703 5386 digna
738 5323 879 5371 sunt.
914 5317 980 5368 At
1014 5327 1115 5367 non
1163 5311 1264 5366 hoc
1292 5311 1566 5369 dumtaxat
1606 5316 1732 5369 mihi
1765 5317 1981 5371 mmrori
2011 5324 2111 5380 est,

546 5411 744 5482 inquis,
774 5409 869 5466 sed
899 5405 1028 5464 illud
1055 5422 1282 5478 quoque,
1312 5406 1450 5477 quod
1475 5404 1563 5461 hic
1591 5410 1822 5477 potentia
1860 5408 2112 5478 prieditus

549 5513 654 5570 est,
675 5520 775 5573 ego
799 5515 973 5559 autem
1001 5504 1172 5572 jaceo.
1203 5500 1337 5569 Quid
1368 5502 1515 5555 tum?
1542 5504 1652 5572 ipse
1680 5519 1890 5574 quoque
1919 5502 2114 5556 Paulus

551 5593 799 5662 ignobilis
836 5605 994 5664 atque
1020 5595 1256 5663 abjectus
1294 5595 1559 5665 plerisque
1590 5595 1884 5648 videbatur.
1919 5592 2110 5647 Verum

546 5678 739 5735 Paulus
763 5683 849 5737 ille
869 5694 1002 5749 erat,
1035 5685 1226 5756 inquis.
1262 5685 1399 5754 Ergo
1427 5701 1531 5738 non
1557 5699 1735 5738 rerum
1768 5692 1981 5751 natura,
2011 5685 2104 5738 sed

1241 276 1296 330 S.
1336 268 1609 330 JOANNIS
1647 258 2105 321 CllllYSOS’l'OMl

2223 259 2452 313 lCllllLl'.
2492 262 3013 322 CONSTANTINOP.
3694 277 3787 332 £38

2234 379 2392 433 animi
2442 381 2771 436 imbecillitas
2817 383 2951 436 hanc
2998 383 3086 434 tibi
3119 383 3424 437 maestitiam
3453 382 3622 438 affert.
3654 387 3788 453 Quo-

2231 473 2368 524 circa
2395 483 2754 542 paupertatem
2805 473 2912 527 noli
2944 472 3166 537 deflere,
3197 489 3380 527 verum
3411 483 3461 526 te
3487 475 3676 542 ipsum,
3706 478 3789 544 qui

2231 562 2300 615 i'ta
2341 561 2559 615 atl‘cetus
2604 563 2722 618 sis:
2757 563 2862 615 iino
2917 577 3045 616 vero
3092 564 3316 631 teipsum
3373 580 3439 617 ne
3493 565 3649 627 deﬂe,
3703 565 3790 619 sed

2230 652 2404 722 potius
2431 653 2656 722 corrige,
2690 667 2786 706 nec
2828 667 2956 721 opes
3001 669 3179 720 qurere
3205 694 3218 714 ,
3260 653 3352 707 sed
3380 653 3518 723 quod
3542 654 3789 723 majorem

2231 760 2386 813 quam
2418 745 2636 798 inlinit-.9.
2662 759 2789 812 opes
2820 745 3053 797 laetitiam
3085 745 3240 812 parit,
3270 753 3581 798 consectare
3601 786 3614 806 ,
3644 760 3787 798 nem-

2234 853 2296 904 pe
2341 834 2725 904 philosophiam
2777 849 2837 888 ac
2892 837 3164 888 virtutem.
3210 832 3336 887 Haec
3378 835 3518 888 enim
3561 835 3604 887 si
3636 835 3786 901 adsit,

2231 925 2359 978 nihil
2398 935 2552 978 nocet
2592 933 2909 992 paupertas;
2951 925 2994 978 si
3041 924 3198 986 desit,
3236 923 3366 976 nihil
3396 933 3614 991 prosunt
3643 938 3787 992 opes.

2228 1015 2363 1083 Quid
2393 1015 2557 1078 enim,
2583 1029 2679 1068 oro
2709 1024 2780 1076 te,
2817 1014 3058 1068 utilitatis
3093 1015 3325 1083 capiunt,
3354 1013 3440 1082 qui
3465 1013 3653 1082 opibus
3673 1013 3785 1082 qui-

2229 1107 2346 1161 dem
2376 1105 2618 1167 affluunt,
2651 1121 2834 1159 verum
2879 1119 3136 1174 pauperes
3177 1105 3384 1158 animos
3413 1103 3642 1158 habent?
3681 1105 3786 1158 N0n

2229 1208 2285 1252 tu
2303 1207 2405 1250 tam
2439 1199 2692 1250 miserum
2721 1206 2770 1250 te
2798 1196 2967 1263 ipsum
2995 1209 3201 1258 censes,
3232 1209 3388 1263 quam
3414 1193 3562 1248 dives
3590 1194 3680 1248 ille
3705 1209 3787 1249 se-

2227 1290 2420 1358 ipsum,
2452 1288 2570 1355 quia
2599 1301 2704 1340 non
2745 1286 2978 1340 onmium
3020 1299 3148 1354 opes
3193 1284 3370 1338 habet.
3400 1282 3550 1348 Quod
3595 1285 3640 1337 si
3688 1300 3785 1338 non

2229 1379 2450 1450 perinde
2473 1388 2526 1432 ut
2555 1388 2606 1432 tu
2627 1379 2960 1443 lamentatur,
2978 1377 3142 1446 ipsius
3161 1376 3540 1430 conscientiam
3562 1375 3782 1444 explica,

2226 1485 2279 1528 et
2302 1472 2708 1528 lamentationes
2735 1483 2891 1541 atque
2926 1470 3187 1540 singultus
3213 1469 3437 1524 videbis.

2301 1564 2430 1633 Opes
2470 1578 2702 1631 quianam
2739 1577 2868 1616 vera:
2905 1562 3021 1615 sint.
3058 1560 3314 1629 Pauperes
3343 1561 3575 1614 diuitibus
3599 1561 3786 1629 [elicio-

2225 1671 2325 1708 res.
2354 1683 2426 1694 -—
2456 1653 2543 1707 Vis
2585 1663 2698 1707 tuas
2741 1652 2833 1706 tibi
2879 1666 3009 1720 opes
3047 1651 3348 1712 ostendam,
3396 1660 3452 1704 ut
3477 1650 3664 1705 beatos
3699 1665 3786 1704 eos

2225 1746 2531 1800 existimare
2561 1745 2790 1808 desinas,
2821 1745 2910 1814 qui
2953 1752 3078 1798 sunt
3127 1743 3458 1812 locupletes?
3490 1743 3648 1797 Vides
3695 1743 3786 1796 hoc

2224 1839 2431 1903 caalum,
2466 1851 2622 1906 quam
2651 1837 2981 1906 prteclarum,
3007 1851 3162 1905 quam
3187 1836 3372 1905 ingens
3395 1875 3410 1899 ,
3441 1849 3597 1904 quam
3629 1835 3788 1888 subli-

2224 1930 2295 1984 mi
2319 1929 2438 1983 loco
2464 1929 2663 1983 situm?
2689 1927 2800 1983 Hac
2829 1927 2920 1982 ille
2944 1925 3337 1997 pulchritudine
3372 1925 3540 1980 nihilo
3561 1926 3785 1995 amplius

2225 2019 2416 2074 fruitur
2436 2035 2592 2090 quam
2627 2027 2700 2083 tu,
2743 2032 2839 2072 nec
2868 2027 2919 2072 te
2942 2017 3028 2071 ille
3060 2017 3376 2087 propellere,
3408 2025 3688 2086 totumque
3712 2018 3782 2070 sui

2219 2111 2355 2181 juris
2391 2111 2600 2165 efficere
2627 2118 2786 2180 queat
2813 2125 2827 2162 :
2859 2118 2915 2163 ut
2942 2109 3083 2163 enim
3115 2115 3330 2177 propter
3351 2107 3497 2162 illum
3529 2116 3612 2162 est
3638 2123 3782 2162 crea-

2224 2213 2356 2268 tum,
2395 2204 2462 2257 ita
2489 2204 2645 2257 etiam
2677 2213 2894 2272 propter
2915 2211 2992 2256 te.
3035 2200 3172 2268 Quid
3193 2200 3294 2266 sol,
3327 2200 3661 2270 splendidum
3696 2199 3786 2253 hoc

2224 2293 2369 2346 sidus
2417 2307 2480 2347 ac
2525 2292 2770 2357 rutilans,
2801 2301 2960 2361 atque
2987 2290 3172 2345 oculos
3221 2299 3432 2345 nostros
3479 2289 3785 2344 obiectans?

2223 2397 2401 2437 annon
2443 2383 2741 2436 communis
2797 2382 2883 2436 hic
2933 2395 3142 2450 quoque
3187 2380 3434 2434 omnibus
3476 2381 3784 2434 mortalibus

2225 2483 2385 2544 patet,
2419 2482 2576 2544 atque
2607 2488 2793 2528 omnes
2819 2487 2990 2542 teque,
3019 2481 3123 2527 tam
3150 2472 3342 2527 divites
3364 2487 3518 2541 quam
3548 2484 3780 2542 egentes.

2223 2583 2289 2623 eo
2318 2567 2604 2624 fruuntur?
2623 2567 2748 2638 quid
2775 2567 3045 2622 stellarum
3067 2581 3285 2631 corona,
3306 2565 3429 2635 quid
3456 2566 3592 2619 lunae
3614 2565 3784 2619 orbis?

2222 2673 2396 2712 annon
2426 2659 2672 2714 omnibus
2700 2673 2850 2729 aeque
2872 2673 3125 2714 concessa
3150 2666 3272 2712 sunt
3293 2657 3316 2710 ?
3337 2656 3446 2712 lmo
3468 2672 3617 2722 vero,
3649 2656 3780 2727 quod

2222 2749 2365 2804 dictu
2397 2750 2639 2804 mirabile
2660 2759 2760 2814 est,
2789 2762 2906 2812 nos,
2936 2749 3022 2819 qui
3053 2762 3313 2817 pauperes
3341 2763 3539 2811 sumus,
3577 2749 3782 2801 uberius

2223 2843 2286 2896 iis
2314 2840 2539 2896 fruimur
2567 2857 2722 2911 quam
2754 2839 2850 2895 illi.
2882 2840 3090 2895 Etenim
3119 2840 3214 2905 illi,
3243 2853 3392 2894 mero
3417 2848 3472 2892 ut
3501 2839 3777 2908 plurimum

2220 2934 2419 2998 obruti,
2449 2934 2678 3002 atquein
2709 2933 3186 2989 comessationibus
3211 2933 3577 3003 altissimoque
3596 2947 3782 2987 sontuo

2221 3027 2381 3080 vitam
2407 3025 2659 3095 degentes
2678 3067 2694 3091 ,
2728 3041 2796 3080 ne
2827 3025 2939 3080 haec
2968 3026 3176 3095 quidem
3204 3026 3458 3091 sentiunt,
3494 3036 3549 3081 ut
3573 3028 3664 3096 qui
3692 3028 3782 3081 sub

2223 3125 2361 3172 tecto
2397 3132 2456 3172 se
2482 3127 2695 3172 teneant
2738 3126 2896 3185 atque
2938 3117 2990 3170 in
3031 3116 3216 3171 umbra
3241 3117 3451 3172 alantur
3485 3135 3496 3170 :
3528 3133 3782 3186 pauperes

2219 3218 2405 3264 contra
2434 3224 2494 3263 ea
2522 3208 2826 3264 conditione
2851 3219 3001 3273 sunt,
3034 3220 3088 3263 ut
3112 3209 3243 3263 nulli
3273 3209 3574 3263 mortalium
3601 3225 3778 3279 parem

2219 3316 2285 3354 ex
2317 3301 2592 3358 elementis
2633 3305 2953 3370 volmitatein
2989 3303 3219 3372 capiant.
3255 3303 3390 3370 Quin
3422 3304 3464 3357 si
3494 3319 3671 3358 acrem
3700 3303 3777 3371 ip-
3845 3321 3852 3330 ί

2219 3411 2357 3459 sum,
2383 3396 2472 3466 qui
2501 3397 2694 3467 ubique
2716 3396 2859 3451 fusus
2884 3407 2984 3462 est,
3018 3399 3406 3468 exploraveris,
3442 3402 3654 3470 puriore
3683 3405 3780 3455 uti-

2218 3501 2322 3556 que
2345 3501 2411 3542 eo
2437 3495 2596 3556 atque
2620 3489 2864 3542 uberiore
2887 3503 3170 3560 pauperem
3195 3488 3295 3544 frui
3318 3492 3620 3560 perspicies.
3651 3490 3782 3544 Nam

2219 3577 2547 3653 etg‘viatores
2589 3588 2643 3632 et
2691 3579 2935 3648 agricola:
2965 3580 3137 3634 laetius
3165 3594 3230 3635 eo
3275 3579 3588 3643 afficiuntur,
3618 3598 3779 3649 quam

2219 3666 2310 3738 qui
2355 3669 2409 3722 in
2459 3667 2676 3722 urbibus
2727 3667 2957 3737 degunt;
3003 3670 3127 3723 etsi
3179 3670 3275 3724 hos
3316 3683 3516 3740 quoque
3543 3678 3775 3737 spectes,

2221 3758 2394 3812 lzetius
2418 3760 2651 3814 artiﬁces
2679 3800 2694 3825 ,
2729 3775 2886 3828 quam
2915 3760 3006 3829 qui
3053 3769 3163 3814 toto
3211 3761 3298 3816 die
3340 3761 3780 3832 perbacchantur.

2219 3852 2349 3906 Nam
2379 3851 2505 3922 quid
2549 3853 2616 3907 de
2646 3862 2783 3908 terra
2831 3851 3002 3907 dicam
3027 3852 3050 3903 ?
3075 3867 3253 3907 annon
3281 3853 3485 3907 cunctis
3514 3867 3662 3922 arque
3692 3869 3781 3922 pa-

2222 3944 2344 3998 tet?
2393 3943 2628 4010 Minime,
2680 3945 2908 4015 inquies.
2959 3945 3096 4014 Quid
3145 3947 3251 4001 ita?
3297 3946 3556 4014 Quoniam
3600 3948 3664 4014 is,
3696 3949 3783 4017 qui

2219 4034 2367 4090 dives
2387 4043 2468 4089 est
2487 4044 2539 4090 et
2558 4036 2607 4089 in
2633 4035 2761 4090 urbe
2788 4035 2948 4090 multa
2975 4045 3128 4090 terra:
3147 4037 3327 4106 jugera
3355 4036 3600 4105 adeptus,
3631 4038 3784 4106 longa
3821 4034 3828 4039 ’

2220 4127 2477 4197 pomoeria
2502 4127 2729 4181 exstruit
2755 4168 2769 4192 ,
2798 4136 2854 4182 et
2883 4128 2932 4181 in
2961 4129 3100 4198 agris
3127 4129 3320 4183 multas
3346 4139 3524 4199 partes
3550 4129 3781 4185 desecat.

2220 4215 2356 4285 Quid
2383 4215 2545 4286 ergo?
2585 4231 2651 4270 an
2680 4217 2801 4286 quia
2829 4217 3040 4272 desecat
3065 4260 3079 4283 ,
3118 4218 3264 4273 solus
3286 4219 3526 4289 proinde"
3555 4221 3617 4275 iis
3661 4220 3788 4274 frui-

2220 4309 2349 4363 tur?
2373 4308 2522 4363 Haud
2549 4321 2697 4373 sane,
2725 4308 3013 4376 quamlibet
3037 4309 3303 4364 adnitatur
3331 4327 3344 4364 :
3371 4308 3578 4366 fructus
3591 4311 3784 4365 etenim

2220 4403 2276 4456 in
2303 4416 2488 4456 omnes
2529 4399 2847 4456 distribuere
2872 4402 3080 4471 cogitur
3100 4441 3118 4469 ,
3146 4417 3210 4456 ac
3235 4403 3489 4470 triticum,
3522 4404 3703 4457 vinum
3737 4411 3790 4458 et

2221 4493 2400 4548 oleum
2449 4491 2541 4546 tibi
2584 4491 2843 4557 elaborat,
2872 4506 2936 4546 ac
2962 4509 3222 4565 nusquam
3269 4509 3372 4550 non
3401 4496 3495 4549 tibi
3543 4496 3787 4550 inservit.

2219 4586 2531 4654 Amplorum
2563 4585 2718 4639 etiam
2768 4595 3041 4654 seplorum
3065 4599 3129 4640 ac
3148 4585 3536 4640 domiciliorum
3564 4595 3690 4654 post
3716 4587 3792 4638 iu-

2219 4677 2500 4732 credibiles
2529 4685 2772 4746 sumptus
2816 4688 2870 4731 et
2921 4676 3132 4732 labores
3158 4686 3316 4746 atque
3341 4693 3613 4732 aerumnas
3639 4692 3790 4732 usum

2222 4767 2314 4822 tibi
2343 4775 2637 4837 comparat,
2667 4766 2872 4837 exiguis
2899 4781 2927 4820 a
2956 4776 3006 4821 te
3035 4782 3130 4835 pro
3165 4767 3465 4838 hujusmodi
3493 4767 3791 4823 ministerio

2220 4859 2452 4914 nummis
2477 4859 2730 4928 acceptis.
2763 4859 2935 4929 Atque
2962 4858 3060 4914 hoc
3101 4868 3156 4915 et
3195 4860 3245 4913 in
3284 4859 3486 4913 balneis
3511 4868 3568 4913 et
3595 4860 3646 4912 in
3674 4857 3791 4912 aliis

2221 4951 2470 5006 Omnibus
2494 4951 2652 5004 rebus
2680 4964 2779 5003 usu
2806 4949 2989 5004 venire
3014 4951 3314 5019 comperias
3337 4991 3350 5014 ,
3396 4959 3452 5003 ut
3482 4951 3572 5018 qui
3603 4949 3792 5004 divites

2221 5053 2366 5108 sunt,
2399 5042 2715 5112 sumptibus,
2737 5041 2880 5096 curis
2904 5048 2958 5096 et
2983 5040 3254 5097 laboribus
3279 5039 3633 5095 conﬁciantur
3657 5059 3672 5105 ;
3704 5041 3790 5110 qui

2221 5147 2397 5189 autem
2424 5135 2615 5204 opibus
2633 5143 2838 5196 carent,
2869 5135 3051 5202 paucis
3071 5133 3243 5188 obolis
3269 5131 3372 5187 hoc
3391 5142 3751 5202 assequuntur
3773 5173 3788 5196 ,

2223 5233 2280 5277 ut
2308 5223 2392 5277 his
2417 5224 2662 5279 omnibus
2686 5239 2805 5278 cum
2843 5237 3051 5277 summa
3090 5224 3373 5278 securitate
3399 5223 3663 5278 fruantur.
3687 5221 3792 5276 Nec

2221 5327 2350 5366 vero
2381 5313 2495 5381 plus
2535 5313 2738 5368 fructus
2765 5323 2961 5368 eterra
3012 5312 3078 5367 ad
3130 5312 3346 5367 divitem
3375 5313 3514 5367 redit
3563 5332 3578 5368 :
3625 5327 3792 5382 neque

2223 5404 2363 5458 enim
2397 5404 2485 5458 ille
2526 5405 2710 5460 decem
2742 5416 2955 5461 ventres
2985 5405 3188 5474 implet,
3221 5421 3341 5457 eum
3371 5415 3424 5458 tu
3449 5421 3609 5457 unum
3641 5404 3793 5457 dinu-

2221 5504 2387 5550 taxat.
2437 5497 2506 5548 At
2559 5497 2995 5565 e-xquisitioribus
3042 5495 3174 5549 cibis
3220 5495 3309 5550 ille
3357 5494 3794 5549 vescitur?Sane

2223 5586 2434 5658 quidem
2465 5587 2601 5642 istud
2631 5588 2767 5643 haud
2799 5603 2986 5657 magna
3017 5588 3320 5657 prarstantia
3348 5597 3429 5641 est
3459 5604 3472 5638 :
3504 5595 3679 5639 tamen
3711 5584 3792 5636 hic

2227 5699 2435 5757 quoque
2475 5697 2759 5757 pauperem
2810 5681 2926 5753 plus
2965 5678 3163 5738 habere
3191 5677 3602 5750 comperiemus.
3652 5677 3790 5730 Nam
