4098 6222
402 415 768 490 διακεώμεθαο
811 415 914 468 κάν
955 411 1148 482 πένησι
1183 408 1530 479 παρέχωμεν,
1561 405 1857 476 λαμϐάνειν
1889 418 1967 456 νος

405 513 674 582 μίζωμεν·
717 511 744 560 6
773 506 879 575 7&9
907 504 980 574 μὴ
1005 502 1145 556 οῦτω
1178 501 1373 562 διδοὺς.
1409 499 1526 552 οὐδὲ
1558 497 1716 552 δώσει
1749 496 1964 566 ῥᾳδίως.

403 603 574 656 Ὅταν
598 598 774 653 τοίνυν
812 594 972 665 θέλῃς
998 593 1308 663 σκορπίσαι,
1338 590 1410 660 μὴ
1437 588 1593 641 τοῦτο
1631 587 1743 658 ἴδῃς
1790 587 1968 656 μόνον,

403 694 484 746 ὅτι
515 690 846 749 ἀναλίσκεις,
878 685 994 738 ἀλλ’
1023 685 1104 736 ὅτι
1132 683 1225 737 καὶ
1263 681 1484 734 πλείονα
1526 678 1844 748 κερδαίνεις,
1878 677 1971 730 καὶ

403 782 558 836 τοῦτο
594 778 700 850 πρὸ
727 777 958 830 ἐκείνου.
995 773 1105 826 Καὶ
1136 774 1212 844 μὴ
1261 772 1418 842 μόνον
1462 770 1552 822 ἐπί
1580 767 1967 838 ἐλεημοσύνης,

405 872 539 927 ἀλλά
565 869 661 923 καὶ
686 868 778 921 ἐπὶ
809 866 991 933 πάσης
1009 861 1219 936 ’ἀρετῆς
1246 862 1318 931 μὴ
1343 860 1404 914 τὸ
1432 860 1595 929 δριμὺ
1625 857 1732 911 τῶν
1771 857 1968 921 πόνων,

405 959 541 1016 ἀλλά
572 961 666 1013 κα)⁹
701 957 762 1011 τὸ
799 957 972 1025 γλυκὺ
1009 955 1118 1008 τῶν
1159 951 1408 1005 ἐπάθλων
1459 949 1692 1016 λογίςοΨ
1738 947 1833 999 καὶ
1866 945 1970 1016 πρὸ

407 1052 623 1105 πάντων
648 1049 747 1118 τὴν
773 1045 1031 1100 ὑπόθεσιν
1070 1041 1180 1096 τῶν
1220 1037 1612 1108 παλαισμάτων
1643 1036 1734 1088 τὸν
1768 1033 1971 1104 Κύριον

409 1142 565 1215 ήμῶν
604 1139 831 1212 Ἰησοῦψ
857 1138 952 1191 καὶ
980 1135 1174 1206 ῥᾳδίως
1199 1131 1433 1202 ἐπιϐήσῃ
1462 1129 1571 1182 τῶν
1603 1125 1849 1196 ἀγώνων,
1878 1125 1972 1177 καὶ

408 1236 466 1286 ἐν
491 1233 650 1302 ἡδονῇ
682 1229 771 1284 τὸν
806 1228 1020 1282 ἅπαντα
1056 1224 1227 1297 βιώσῃ
1258 1222 1465 1294 χρόνον.
1498 1219 1663 1273 Οὐδὲν
1692 1217 1796 1288 7&9
1831 1215 1972 1270 οῦτω

409 1325 581 1376 ποιεῖν
603 1320 792 1392 ἡδονὴν
822 1317 1030 1379 εἴωθεν,
1071 1315 1146 1378 ὡς
1172 1313 1405 1374 συνειδὸς
1431 1309 1652 1379 ἀγαθόν.
1696 1308 1793 1360 Διά
1813 1307 1972 1360 τοῦτο

408 1415 618 1477 Παῦλος
664 1413 760 1482 μὲν
803 1409 923 1464 καθ’
957 1408 1194 1477 ἑκάστην
1229 1405 1561 1473 κοπτόμενος
1601 1401 1702 1471 τὴν
1737 1399 1969 1470 ἡμέραν,

410 1507 595 1574 ἔχαιρε
637 1503 732 1556 καὶ
758 1500 1038 1571 ἠγάλλετο·
1066 1500 1115 1551 οί
1141 1497 1196 1550 δὲ
1227 1495 1339 1561 νῦν,
1365 1493 1484 1547 οὐδὲ
1515 1493 1648 1563 δναρ
1677 1491 1972 1560 ὑπομένον-

409 1597 500 1658 τές
518 1610 570 1648 τι
596 1593 819 1655 τούτων,
849 1587 1072 1657 ἀλγοῦσι
1106 1587 1199 1640 καὶ
1229 1583 1536 1656 θρηνοῦσιν,
1569 1579 1862 1651 οὐδαμόθεν
1882 1578 1974 1632 ἀλ-

410 1683 583 1749 λοθεν,
606 1681 720 1735 ἀλλ’
765 1681 798 1751 ἢ
858 1682 922 1732 ἐκ
975 1678 1068 1731 τοῦ
1111 1677 1186 1748 μὴ
1235 1675 1520 1746 φιλόσοφον
1557 1672 1699 1742 ἔχειν
1727 1669 1969 1740 γνώμην.

426 1776 576 1830 Ἐπεὶ
597 1775 740 1835 τίνος
767 1773 973 1834 ἕνεκεν,
1005 1770 1126 1822 είπέ
1152 1787 1262 1839 μοι,
1286 1768 1314 1820 6
1335 1763 1563 1836 θρῆνος;
1589 1765 1671 1816 ὅτι
1701 1762 1868 1830 πένης
1900 1757 1970 1821 εἴ,

410 1871 503 1920 καὶ
536 1867 645 1920 τῶν
686 1863 998 1932 ἀναγκαίων
1041 1862 1299 1932 ἀπορεῖς;
1332 1855 1540 1910 υύκοῦν
1580 1855 1668 1908 διὰ
1711 1853 1867 1907 τοῦτό
1913 1870 1972 1906 σε

414 1957 608 2028 μᾶλλον
658 1955 874 2026 θρηνεῖν
905 1953 1002 2016 δεῖ,
1031 1953 1129 2020 οὐχ
1166 1951 1246 2003 ὅτι
1286 1947 1513 2010 κλαίεις,
1541 1946 1641 2015 οὐχ
1682 1945 1763 1998 ὅτι
1807 1947 1973 2013 πένης

411 2045 481 2110 εἷ,
506 2047 618 2100 ἀλλ’
651 2047 731 2098 ὅτι
779 2043 1129 2115 μικρόψυχος·
1158 2042 1256 2110 οὐχ
1287 2041 1367 2092 ὃτι
1397 2040 1652 2109 χρήματα
1678 2037 1778 2088 οὐκ
1807 2035 1970 2104 ἔχεις,

414 2135 526 2188 ἀλλ’
563 2135 640 2186 δτι
667 2133 919 2186 τοσούτου
959 2131 1027 2183 τά
1056 2130 1315 2200 χρήματα
1343 2128 1526 2196 τιμᾷς.
1564 2124 1702 2177 Καθ’
1739 2123 1972 2192 ἑκάστην

415 2225 626 2297 ⁴ἡμέραν
650 2223 955 2293 ἀπέθνησκε
979 2221 1206 2286 Παῦλος,
1237 2218 1332 2272 καὶ
1355 2218 1453 2270 οὐκ
1473 2216 1702 2279 ἔκλαιεν,
1729 2213 1861 2267 ἀλλά
1881 2216 1974 2267 καὶ

413 2317 618 2386 ἔχαιρε⁸
649 2313 789 2384 λιμῷ
814 2314 1046 2384 ἐμάχετο
1074 2311 1330 2382 διηνεκεῖ,
1373 2308 1464 2361 καὶ
1505 2307 1604 2359 οὐκ
1629 2305 1802 2375 ήλγει,
1838 2303 1972 2357 ἀλλά

413 2405 507 2459 καὶ
535 2401 954 2466 ἐκαλλωπίζετο.

469 2501 529 2547 ε’.
554 2495 626 2547 Σὺ
643 2493 699 2546 δὲ
714 2494 797 2545 ὃτι
818 2491 892 2562 μὴ
907 2492 1081 2543 πάντα
1097 2490 1240 2559 ἔχεις
1255 2488 1325 2541 τά
1343 2487 1438 2540 τοῦ
1457 2485 1701 2540 ἐνιαυτοῦ
1724 2485 1969 2554 κείμενα,

411 2586 593 2652 ἀλγεῖς
620 2584 714 2636 καὶ
738 2582 955 2645 κόπτεις
980 2581 1203 2643 ἐαυτόν;
1243 2580 1367 2643 Ναὶ,
1400 2579 1562 2648 φησίν
1582 2593 1596 2607 ·
1630 2580 1835 2639 ἐκεῖνος
1866 2576 1972 2646 γάρ

408 2676 477 2729 τά
504 2673 696 2729 ἑαυτοῦ
729 2674 887 2744 μόνον
915 2673 1203 2742 ἐμερίμνα,
1229 2670 1344 2736 ἐγὼ
1359 2671 1416 2723 δὲ
1439 2671 1533 2723 καὶ
1559 2670 1696 2739 ὑπὲρ
1723 2667 1968 2730 οίκετῶν,

411 2767 503 2819 καὶ
534 2766 739 2818 παίδων
759 2765 852 2818 καὶ
878 2763 1150 2832 γυναικός.
1198 2763 1432 2824 Ἐκεῖνος
1465 2762 1562 2830 μὲν
1587 2757 1679 2814 οῦν
1701 2758 1848 2832 [527]
1877 2759 1973 2829 μό-

410 2875 499 2921 νος
525 2857 594 2910 τά
621 2857 812 2910 ἐαυτοῦ
837 2857 938 2909 οὐκ
966 2856 1257 2926 ἐμερίμνα,
1280 2855 1414 2908 ἀλλά
1433 2854 1500 2907 τὰ
1529 2855 1626 2924 τῆς
1651 2853 1974 2924 οἰκουμένης

413 2949 647 3019 ἀπάσης·
689 2948 783 3000 καὶ
836 2949 900 3001 σὺ
950 2948 1048 3016 μὲν
1093 2945 1233 3018 ὑπὲρ
1283 2946 1462 3008 οἰκίας
1505 2947 1651 3016 μιᾶς,
1684 2948 1886 3008 ἐκεῖνος
1916 2945 1972 2998 δέ

412 3041 552 3110 ὑπὲρ
578 3038 687 3092 τῶν
720 3039 776 3090 ἐν
807 3037 1070 3108 Ὶεροσολύ
1080 3054 1198 3107 μοις
1221 3040 1468 3108 πενήτων
1494 3036 1760 3090 τοσούτων
1787 3036 1972 3100 όντων,

413 3132 552 3202 ὑπὲρ
589 3131 697 3183 τῶν
731 3133 788 3183 ἐν
821 3130 1146 3201 Μακεδονία,
1185 3131 1322 3199 ὑπὲρ
1365 3130 1472 3182 τῶν
1518 3129 1790 3200 πανταχοῦ
1833 3148 1976 3183 πτω-

412 3223 698 3290 χευόντων,
725 3220 864 3290 ὑπὲρ
890 3219 997 3272 τῶν
1025 3219 1270 3272 διδόντων
1298 3217 1525 3282 ἐκείνοις
1558 3219 1657 3288 οὐχ
1704 3214 1890 3290 ἦττον,
1937 3219 1970 3288 ἢ

415 3311 518 3363 τῶν
545 3311 946 3380 λαμϐανόντων.
978 3311 1086 3363 Καὶ
1110 3309 1216 3380 7&9
1236 3309 1397 3380 διπλῆ
1425 3305 1492 3380 ἦν
1518 3310 1666 3380 αύτῷ
1695 3311 1727 3381 ἡ
1757 3310 1975 3381 φροντὶς

421 3403 556 3473 ὑπὲρ
595 3403 694 3470 τῆς
726 3402 1068 3472 οἰκουμένης,
1099 3403 1192 3454 καὶ
1220 3403 1367 3464 ὅπως
1406 3402 1513 3454 τῶν
1553 3402 1863 3470 ἀναγκαίων
1900 3401 1974 3471 μὴ

418 3491 687 3561 ἀποροίεν,
728 3490 821 3543 καὶ
857 3490 1003 3552 ὅπως
1029 3490 1085 3541 ἐν
1117 3491 1227 3551 τοῖς
1261 3491 1645 3559 πνευματικοῖς
1679 3489 1973 3542 πλουτοῖεν.

419 3581 524 3632 Καὶ
566 3582 662 3648 οὐχ
712 3577 852 3630 οῦτω
891 3595 948 3630 σε
983 3577 1142 3630 λυπεῖ
1175 3590 1201 3619 ι
1242 3579 1308 3630 τά
1347 3578 1534 3631 παιδία
1582 3577 1870 3640 πεινῶντα,
1902 3578 1976 3641 ὼς

417 3674 619 3726 ἐκεῖνον
642 3670 711 3724 τά
737 3670 844 3723 τῶν
868 3669 1072 3723 πιστῶν
1099 3671 1400 3742 πράγματα
1427 3671 1624 3724 πάντα.
1660 3669 1725 3722 Τί
1753 3669 1893 3737 λέγω
1911 3670 1978 3723 τά

417 3760 523 3813 τῶν
554 3758 795 3823 πιστῶν;
825 3758 945 3812 οὐδέ
971 3757 1080 3828 γὰρ
1119 3759 1222 3828 τῆς
1253 3759 1394 3831 ὑπὲρ
1422 3759 1527 3811 τῶν
1556 3759 1798 3812 ἀπίστων
1819 3775 1979 3828 (990v-

417 3851 553 3913 τίδος
583 3849 864 3920 ἐλεύθερος
892 3845 979 3919 ἦν,
1011 3849 1124 3902 ἀλλ’
1157 3849 1330 3912 οῦτως
1364 3849 1468 3902 ὑπὸ
1491 3849 1695 3919 ταύτης
1731 3851 1974 3921 ἐτήκετο,

416 3941 490 4004 ὡς
509 3939 762 4010 εὔχεσθαι
781 3941 874 3993 καὶ
899 3939 1144 4008 ἀνάθεμα
1163 3939 1404 4007 γίνεσθαι
1430 3940 1569 4010 ὑπὲρ
1592 3941 1789 3994 αὐτῶνο
1814 3942 1876 3994 σὺ
1896 3941 1975 4007 δὲ,

421 4032 524 4084 κάν
559 4032 816 4103 μυριάκις
853 4032 1195 4103 ἐπικρατήσῃ
1235 4031 1413 4101 λιμὸς,
1438 4032 1536 4084 οὐκ
1574 4033 1638 4085 ἀν
1669 4032 1808 4086 ἐλοιό
1847 4050 1976 4087 ποτε

422 4123 712 4177 ἀποθανεῖν
743 4123 882 4194 ὑπὲρ
917 4123 1157 4178 ὁτουοῦν.
1193 4125 1302 4178 Καὶ
1329 4123 1393 4176 σὺ
1428 4124 1526 4193 μὲν
1552 4125 1693 4194 ὑπὲρ
1722 4127 1977 4192 γυναικὸς

425 4216 555 4284 μιᾶς
584 4217 866 4286 μεριμνᾷς,
891 4217 1093 4279 ἐκεῖνος
1117 4215 1172 4268 δὲ
1199 4214 1339 4286 ὑπὲρ
1374 4214 1560 4267 πασῶν
1586 4215 1694 4266 τῶν
1719 4216 1860 4269 κατά
1879 4219 1976 4287 τὴν

420 4305 742 4375 οἰκουμένην
769 4305 1125 4376 Ἐκκλησιῶνο
1162 4305 1224 4360 Ἠ
1242 4305 1350 4374 γὰρ
1376 4306 1629 4374 μέριμνὰ
1651 4324 1791 4374 μου,
1823 4310 1973 4377 φησὶ,

420 4397 633 4451 πασῶν
661 4397 781 4450 τῶν
818 4396 1212 4464 Ἐκκλησιῶν.
1251 4397 1427 4465 Μέχρι
1453 4396 1596 4460 τίνος
1625 4393 1719 4450 οῦν
1742 4397 1973 4463 παίζεις,

419 4488 691 4558 ἄνθρωπε,
716 4487 912 4556 Παύλῳ
943 4488 1136 4542 σαυτὸν
1166 4487 1547 4557 παραϐάλλων,
1585 4489 1676 4541 καὶ
1705 4489 1766 4541 ού
1794 4489 1978 4560 παύσῃ

418 4579 513 4646 τῆς
539 4579 740 4648 πολλῆς
763 4578 966 4649 ταύτης
994 4577 1391 4649 μικροψυχίας
1427 4577 1692 4648 Δακρύειν
1725 4579 1853 4652 γάρ,
1881 4580 1976 4650 ούχ

418 4671 545 4723 ὅταν
589 4673 645 4724 ἐν
697 4671 854 4740 πενία
899 4665 1068 4738 ὦμεν,
1115 4671 1228 4724 ἀλλ’
1257 4671 1382 4723 ὅταν
1424 4671 1844 4741 ἀμαρτάνωμεν,
1877 4672 1973 4725 δεῖ·

419 4761 571 4813 τοῦτο
604 4760 709 4830 γάρ
736 4761 946 4830 θρήνων
971 4761 1137 4826 ἀξιον·
1165 4761 1238 4821 ὡς
1266 4761 1334 4813 τά
1362 4777 1422 4827 γε
1451 4760 1582 4814 ἄλλα
1606 4765 1698 4814 καὶ
1719 4761 1971 4828 γέλωτος.

433 4851 568 4903 ’Δλλ’
597 4853 657 4904 ού
695 4850 853 4902 τοῦτό
881 4867 946 4919 με
974 4851 1148 4914 λυπεῖ,
1179 4852 1329 4920 φησὶ,
1369 4851 1550 4920 μόνον,
1582 4852 1696 4904 ἀλλ’
1718 4854 1796 4905 ὃτι
1830 4857 1923 4906 καὶ
1947 4857 1976 4906 6

419 4941 562 4994 δεῖνα
587 4945 644 4994 ἐν
665 4942 972 5013 δυναστείᾳ,
994 4942 1104 5010 ἐγὼ
1133 4942 1188 4994 δὲ
1215 4941 1406 5010 ἄτιμος
1428 4943 1520 4994 καὶ
1545 4943 1972 5013 ἀπερῤιμμένος.

422 5035 530 5086 Καὶ
581 5035 633 5087 τί
670 5035 860 5100 τοῦτο;
893 5036 986 5088 καὶ
1031 5035 1136 5104 γάρ
1179 5037 1206 5088 6
1245 5035 1511 5105 μακάριος
1549 5035 1757 5099 Παῦλος
1788 5039 1976 5106 ἄτιμος

421 5128 512 5177 καὶ
558 5125 966 5196 άπεῤῥιμμένος
1022 5119 1158 5176 εἶναι
1202 5123 1376 5176 ἐδόκει
1415 5125 1525 5186 τοῖς
1559 5124 1793 5188 πολλοῖς.
1839 5126 1975 5178 Ἀλλ’

419 5217 626 5277 ἐκεῖνος
667 5214 876 5277 Παῦλος
913 5209 1003 5284 ἦν,
1045 5211 1226 5281 φησίν.
1260 5210 1466 5263 υύκοῦν
1506 5211 1603 5281 οὐχ
1631 5214 1664 5282 ἡ
1692 5213 1800 5264 τῶν
1838 5229 1978 5283 7:91.-

419 5306 646 5375 γμάτων
675 5305 858 5373 φύσις,
901 5303 1016 5358 ἀλλ’
1058 5304 1092 5373 ή
1144 5301 1242 5370 τῆς
1282 5300 1505 5371 γνώμης
1546 5302 1794 5355 ἀσθένεια
1837 5321 1977 5357 ποιει

421 5411 503 5448 σοι
531 5397 632 5466 τήν
660 5394 917 5464 ἀθυμίαν.
952 5393 1042 5463 Μὴ
1064 5393 1245 5446 τοίνυν
1273 5391 1373 5460 τὴν
1399 5393 1589 5446 πενίαν
1611 5392 1814 5463 θρήνει,
1845 5395 1979 5448 ἀλλά

422 5485 615 5538 σαυτὸν
648 5485 740 5539 τὸν
774 5485 918 5537 οὕτω
953 5483 1319 5553 διακείμενονο
1367 5482 1564 5552 μᾶλλον
1589 5483 1644 5536 δὲ
1672 5485 1746 5554 μὴ
1787 5486 1977 5540 σαυτὸν

482 5658 507 5685 ⁸
547 5655 802 5720 ιθθρὺαίιιν
825 5657 976 5713 οὕτως
1000 5656 1172 5705 ἐλύπει.

1439 283 1501 342 ΙΝ
1544 283 1760 342 EPIST.
1805 283 1846 336 11
1882 283 1974 337 ΑΙ)
2007 279 2162 335 COR.
2207 281 2438 338 HOMIL.
2483 284 2594 338 XII.

3537 288 3634 343 488

2073 401 2282 474 θρήνει,
2326 405 2458 457 ἀλλά
2500 404 2732 474 διόρθου,
2787 403 2918 474 μηδὲ
2957 406 3211 475 χρήματα
3240 403 3412 472 ζήτει,
3453 403 3566 455 ἀλλ’
3609 405 3636 455 δ

2074 496 2281 565 μυρίων
2308 497 2602 568 χρημάτων
2654 495 3034 565 φαιδροτέρους
3067 501 3230 562 ποιεῖ,
3263 496 3419 549 τοῦτο
3449 495 3634 554 δίωκε,

2073 584 2388 653 φιλοσοφίαν
2414 585 2506 638 καὶ
2533 585 2751 655 ἀρετήν.
2777 583 2989 653 Ταύτης
3014 585 3117 654 ,μὲν
3145 586 3250 655 γάρ
3271 585 3456 656 οὔσης,
3486 587 3635 639 οὐδὲν

2072 677 2260 740 πενίας
2295 677 2506 746 βλάϐος·
2559 677 2762 746 ταύτης
2791 677 2847 728 δὲ
2897 678 2996 730 οὑκ
3023 676 3208 746 οὔσης,
3237 679 3388 731 οὐδὲν
3419 679 3636 748 χρημά-

2071 783 2178 818 των
2204 766 2414 834 δφε).ος.
2444 766 2507 818 Τί
2538 766 2646 837 7&9
2677 765 2885 834 ὄφελος,
2911 767 3030 819 είπέ
3065 783 3176 836 μοι,
3210 766 3316 819 τῶν
3344 767 3636 820 πλουτούν-

2071 873 2178 908 των
2218 857 2336 926 μέν,
2373 858 2631 926 πενιχρὰς
2668 857 2722 908 δὲ
2757 855 2986 925 ἐχόντων
3011 855 3222 925 ψυχάς;
3261 855 3542 926 Ούχιοῦτω
3572 858 3634 908 σὺ

2074 947 2268 1000 σαυτὸν
2296 947 2619 1010 ταλανίζεις,
2649 947 2723 1008 ώς
2753 949 2956 1009 ἐκεῖνος
2992 951 3020 1000 6
3051 948 3298 1012 πλούσιος
3327 948 3535 1012 ἑαυτὸν,
3559 949 3639 1002 ὅτι

2075 1035 2149 1106 μὴ
2178 1035 2248 1088 τά
2279 1037 2491 1090 πάντων
2531 1037 2662 1106 ἔχει.
2709 1036 2769 1089 EE
2813 1037 2868 1089 δὲ
2915 1037 2989 1108 μὴ
3027 1038 3224 1104 κλαίει,
3258 1037 3510 1109 καθάπερ
3549 1042 3635 1104 σὺ,

2072 1126 2378 1190 ἀνάπτυξον
2411 1126 2575 1178 αὑτοῦ
2601 1125 2662 1178 τὸ
2696 1127 2952 1191 συνειδὸς,
2986 1129 3078 1181 καὶ
3104 1127 3224 1196 ὕψει
3256 1130 3379 1192 τοὺς
3409 1129 3640 1200 θρήνους

2073 1219 2167 1270 καὶ
2200 1218 2325 1280 τοῦς
2361 1217 2658 1280 κωκυτούς.

2143 1307 2328 1368 Θέλεις
2359 1324 2442 1358 σοι
2479 1307 2636 1370 δείξω
2679 1307 2769 1358 τὸν
2808 1307 3035 1360 πλοῦτον
3075 1309 3165 1362 τὸν
3201 1309 3312 1374 σόν,
3341 1294 3637 1381 ἴναπαύσῃ

2077 1397 2393 1468 μακαρίζων
2445 1398 2570 1460 τοὺς
2615 1400 2672 1450 ἐν
2718 1400 2960 1467 χρήμασι
3013 1399 3414 1463 πλουτοῦνταςς
3479 1401 3640 1472 Ὁρᾷς

2073 1488 2278 1540 τουτονὶ
2303 1486 2394 1539 τὸν
2425 1486 2670 1556 οὐρανὸν,
2706 1487 2824 1551 πῶς
2853 1489 2950 1558 μὲν
2978 1487 3160 1553 καλὸς,
3198 1490 3314 1552 πῶς
3352 1489 3409 1542 δέ
3446 1491 3638 1560 μέγας,

2075 1578 2190 1642 πῶς
2221 1578 2278 1631 δὲ
2305 1579 2388 1646 ἐφ’
2411 1577 2614 1648 ὑψηλοῦ
2638 1581 2813 1631 κεῖται
2840 1597 2854 1644 ;
2896 1579 3099 1632 Τούτου
3141 1580 3232 1633 τοῦ
3259 1581 3487 1644 κάλλους
3519 1583 3641 1652 οὐχὶ

2073 1671 2233 1722 πλέον
2283 1663 2394 1740 μέν’
2425 1670 2687 1723 ἀπολαύει
2733 1673 2957 1735 ἐκεῖνος,
3008 1671 3114 1724 οὐδ’
3166 1673 3232 1725 ἂν
3285 1673 3536 1746 δυνηθείη
3581 1689 3640 1725 σε

2074 1760 2452 1832 παρώσασθαι,
2483 1762 2577 1813 καὶ
2607 1761 2773 1814 αὑτοῦ
2806 1763 3029 1832 ποιῆσαι
3055 1763 3113 1815 τὸ
3139 1766 3265 1818 πᾶν·
3312 1765 3502 1836 ὥσπερ
3531 1765 3640 1834 γάρ

2072 1852 2139 1904 δι’
2164 1853 2369 1905 ἐκεῖνον
2417 1853 2660 1921 γέγονεν,
2702 1854 2845 1907 οὕτω
2873 1855 2968 1907 καὶ
2997 1855 3084 1908 διά
3114 1857 3192 1910 σέ.
3233 1859 3297 1909 Τί
3329 1860 3386 1911 δὲ
3411 1863 3440 1913 ό
3463 1861 3635 1928 ἥλιος,

2072 1944 2132 1998 τὺ
2154 1945 2376 2016 φαιδρὸν
2403 1945 2561 1997 τοῦτο
2584 1945 2782 2017 ἄστρον
2810 1950 2898 2001 καὶ
2928 1949 3216 2018 τηλαυγὲς,
3246 1950 3338 2003 καὶ
3363 1949 3460 2012 τὰς
3489 1951 3638 2019 ὄψεις

2071 2036 2230 2106 ήμῶν
2257 2037 2566 2107 εὐφραῖνον,
2597 2039 2716 2107 οὐχὶ
2759 2041 2936 2105 κοινὸς
2975 2041 3146 2095 άπασι
3191 2042 3284 2094 καὶ
3321 2036 3473 2103 οὗτος
3506 2041 3639 2110 πρό-

2073 2145 2270 2193 κειται,
2307 2131 2401 2182 καὶ
2431 2130 2630 2193 πάντες
2654 2131 3016 2186 ἀπολαύουσιν
3059 2134 3118 2200 ἐξ
3153 2133 3273 2203 ἴσης
3311 2131 3498 2196 αὑτοῦ,
3542 2134 3638 2186 καὶ

2073 2219 2315 2273 πλούσιοι
2357 2222 2450 2273 καὶ
2478 2221 2702 2292 πένητες
2727 2241 2741 2288 ;
2771 2223 2885 2276 ἀλλ’
2917 2227 2944 2278 6
2973 2225 3080 2277 τῶν
3107 2224 3320 2294 ἄστρων
3353 2226 3634 2292 στέφανος,
3710 2277 3727 2291 ,

2073 2311 2166 2365 καὶ
2185 2309 2212 2361 6
2235 2310 2336 2380 τῆς
2355 2311 2581 2383 σελήνης
2604 2312 2820 2378 κύκλος,
2851 2315 2948 2384 ούχ
2976 2316 3177 2384 ὁμοίως
3202 2319 3366 2368 πᾶσιν
3389 2316 3597 2369 ἀνεῖται
3619 2332 3634 2380 ;

2073 2401 2287 2454 Μᾶλλον
2321 2401 2396 2463 δὲ,
2428 2404 2474 2453 εί
2508 2402 2590 2454 δεῖ
2623 2419 2675 2455 τι
2704 2403 3012 2474 θαυμαστὸν
3043 2405 3237 2468 εἰπεῖν,
3275 2405 3436 2458 πλέον
3476 2407 3640 2476 ⁴ἡμεῖς

2072 2493 2118 2544 οί
2151 2493 2380 2562 πένητες
2427 2493 2788 2562 ἀπολαύομεν,
2823 2495 2854 2564 ἢ
2887 2497 3102 2548 ἐκεῖνοι.
3148 2496 3370 2550 Ἐκεῖνοι
3404 2497 3503 2566 μὲν
3529 2497 3639 2568 γάρ

2073 2583 2139 2637 τά
2163 2583 2332 2637 πολλά
2535 2585 2670 2655 μέθῃ
2693 2584 3095 2655 βαπτιζόμενοι,
3125 2587 3219 2638 καὶ
3249 2587 3305 2638 ἐν
3327 2585 3534 2656 κώμοις
3564 2586 3641 2639 δι⁴

2076 2679 2296 2746 άγοντες
2348 2678 2441 2730 καὶ
2479 2677 2632 2747 ὕπνῳ
2673 2677 2845 2742 βαθεῖ,
2891 2677 3012 2730 οὐδὲ
3056 2677 3470 2732 ἐπαισθάνονται
3516 2667 3642 2730 τού-

2072 2787 2200 2832 των,
2227 2769 2526 2839 ύπωρόφιοι
2551 2768 2700 2831 ὄντες
2727 2769 2818 2821 καὶ
2845 2768 3360 2840 σκιατραφούμενοι·
3387 2771 3436 2822 οί
3465 2769 3520 2823 δὲ
3543 2770 3642 2822 πέ-

2073 2875 2230 2928 νητες
2254 2857 2487 2928 μάλιστα
2519 2859 2734 2912 πάντων
2763 2859 2902 2910 είσὶν
2936 2859 2986 2909 οἱ
3011 2859 3120 2920 τοῖς
3145 2857 3427 2927 στοιχείοις
3455 2860 3641 2928 ἐντρυ-

2077 2949 2287 3018 φῶντες
2324 2947 2554 3012 τούτοις.
2588 2946 2704 3001 Κᾶν
2726 2947 2818 3001 τὸν
2853 2947 2991 3018 ἀέρα
3017 2947 3072 3000 δέ
3101 2946 3361 3017 ἐξετάσῃς
3388 2946 3478 2998 τὸν
3507 2963 3642 2999 παν-

2073 3039 2243 3111 ταχοῦ
2301 3039 2618 3110 κεχυμένον,
2683 3039 2775 3090 τδν
2833 3038 3040 3107 πένητα
3108 3037 3494 3108 καθαρωτέρου
3549 3038 3645 3092 καὶ

2075 3133 2316 3195 πλείονος
2357 3130 2698 3185 ἀπολαύοντα
2737 3129 2877 3200 ὕψει.
2934 3131 3043 3185 Καὶ
3085 3129 3192 3201 γάρ
3230 3129 3498 3199 ὁδοιπόροι
3549 3131 3644 3183 καὶ

2073 3221 2312 3292 γεωργοὶ
2336 3221 2444 3274 τῶν
2474 3223 2532 3273 ἐν
2561 3219 2714 3272 ἄστει
2745 3217 2942 3288 μᾶλλον
2961 3217 3263 3288 ἐντρυφῶσι
3295 3218 3523 3280 τούτοις,
3549 3218 3644 3272 καὶ

2074 3316 2252 3370 αὐτῶν
2283 3315 2444 3367 πάλιν
2478 3312 2588 3366 τῶν
2616 3313 2674 3364 ἐν
2713 3310 2864 3364 άστει
2892 3309 3094 3363 τούτων
3126 3310 3284 3363 πλέον
3313 3310 3364 3362 οἱ
3402 3310 3644 3381 χειροτέ-

2074 3424 2198 3476 χναι
2226 3405 2334 3459 τῶν
2356 3405 2420 3457 δι’
2448 3403 2575 3471 ὅλης
2606 3401 2913 3472 μεθυόντων
2941 3402 3037 3471 τῆς
3057 3401 3287 3472 ἡμέρας.
3311 3401 3376 3452 Τί
3403 3401 3459 3453 δέ
3487 3402 3518 3471 η
3549 3401 3641 3470 γῆ,

2075 3495 2194 3565 οὐχὶ
2221 3493 2372 3563 κοινὴ
2399 3493 2561 3545 πᾶσιν
2589 3491 2826 3554 ἀνεῖται;
2858 3490 3012 3559 Οὐχὶ,
3041 3488 3195 3558 φησί.
3227 3490 3351 3551 Πῶς
3374 3489 3531 3542 τοῦτο
3561 3490 3647 3542 λέο

2076 3603 2229 3654 γεις;
2267 3583 2386 3636 είπέ
2421 3600 2532 3652 μοι.
2569 3581 2691 3634 Ὀτι
2717 3582 2745 3633 6
2782 3579 3025 3632 πλουτῶν
3049 3580 3141 3633 καὶ
3175 3581 3232 3633 ὲν
3260 3580 3412 3634 ἄστει
3439 3579 3644 3651 πλέθρα

2075 3673 2364 3728 ἀπολαϐὼν
2417 3672 2662 3734 πλείονα,
2705 3670 2951 3740 μακροὺς
3000 3669 3250 3740 ἀνίστησι
3305 3669 3642 3741 περιϐόλους,

2077 3768 2169 3818 καὶ
2231 3767 2286 3817 ἐν
2343 3765 2530 3835 ἀγροῖς
2581 3761 2750 3814 πολλὰ
2801 3760 3168 3829 ἀποτέμνεται
3224 3744 3384 3831 μέρη.
3432 3759 3495 3813 Τί
3527 3757 3641 3821 οὖν,

2077 3853 2264 3922 ἐπειδὴ
2307 3853 2667 3922 ἀποτέμνεται
2711 3849 2892 3912 αὐτὸς,
2933 3849 3112 3903 αὐτῶν
3153 3850 3412 3902 ἀπολαύει
3449 3851 3641 3920 μόνος;

2078 3944 2359 4014 Οὐδαμῶς,
2385 3943 2488 3996 κᾶν
2515 3943 2685 4013 μυρία
2712 3941 3079 4012 φιλονεικήσῃ·
3111 3941 3205 3993 καὶ
3234 3940 3341 4010 7&9
3369 3943 3494 4004 τοὺς
3516 3961 3644 4012 καρ.

2076 4038 2212 4100 ποῦς
2245 4037 2325 4100 είς
2364 4036 2606 4098 ἅπαντας
2645 4033 3013 4102 ἀναγκάζεται
3050 4033 3346 4104 διανέμειν,
3376 4033 3468 4084 καὶ
3499 4036 3644 4085 σῖτον

2077 4130 2171 4183 καὶ
2196 4123 2337 4181 οἶνον
2369 4126 2463 4180 καὶ
2487 4125 2664 4180 ἔλαιον
2691 4125 2774 4178 σοὶ
2797 4126 3049 4194 γεωργεῖ,
3083 4125 3174 4177 καὶ
3201 4125 3525 4177 διακονεῖται
3562 4125 3643 4176 σοὶ

2079 4219 2371 4289 πανταχοῦ.
2404 4219 2512 4271 Καὶ
2537 4217 2645 4270 τῶν
2676 4215 2974 4288 περιϐόλων
3008 4216 3115 4268 τῶν
3151 4216 3374 4285 μακρῶν
3417 4214 3642 4268 καὶτῶν

2077 4311 2414 4380 οἰκημάτων,
2459 4307 2596 4377 μετά
2620 4308 2717 4378 τὴν
2748 4307 2952 4376 ἄφατον
2979 4307 3222 4374 δαπάνην
3261 4306 3352 4358 καὶ
3389 4308 3514 4369 τοὺς
3544 4307 3642 4358 πό·

2080 4417 2202 4461 νους
2238 4398 2331 4451 καὶ
2378 4397 2476 4460 τάς
2523 4395 2919 4465 ταλαιπωρίας,
2964 4395 3047 4446 σοὶ
3089 4392 3493 4460 παρασκευάζει
3543 4393 3641 4460 τὴν

2081 4490 2291 4560 χρῆσιν,
2322 4488 2502 4555 ὀλίγον
2529 4488 2680 4557 παρά
2714 4485 2809 4538 σοῦ
2839 4487 2936 4553 τῆς
2955 4483 3224 4552 τοσαύτης
3250 4480 3520 4542 διακονίας
3546 4483 3642 4550 ἀρ-

2079 4580 2265 4650 γύριον
2310 4579 2509 4633 λαϐών.
2560 4578 2666 4630 Καὶ
2711 4579 2768 4628 ὲν
2800 4575 3099 4645 βαλανείοις
3146 4574 3239 4626 κα)⁸
3267 4570 3540 4640 πανταχοῦ
3584 4571 3643 4622 το

2080 4673 2209 4728 αὐτὸ
2232 4671 2526 4742 συμϐαῖνον
2552 4671 2648 4724 ῐδοι
2673 4687 2757 4732 τις
2777 4669 2860 4722 ἄν’
2887 4670 3011 4730 τοὺς
3044 4667 3142 4736 μὲν
3166 4664 3523 4726 πλουτοῦντας
3549 4664 3642 4716 καὶ

2079 4763 2324 4833 χρήμασι
2377 4762 2471 4815 καὶ
2524 4760 2768 4831 φροντίσι
2812 4759 2904 4810 καὶ
2957 4757 3136 4817 πόνοις
3201 4753 3639 4823 δαπανωμένους,

2077 4855 2202 4917 τοὺς
2229 4854 2286 4906 δὲ
2312 4853 2550 4921 πένητας
2589 4851 2784 4916 ὀλίγων
2817 4847 3018 4899 ὀϐολῶν
3046 4845 3181 4915 μετά
3215 4845 3396 4907 ἁδείας
3425 4844 3638 4898 ἅπαντα

2079 4943 2491 5016 καρπουμένους
2529 4942 2718 4994 ταῦτα.
2745 4940 2855 4992 Καὶ
2887 4937 3046 4989 πλέον
3073 4935 3224 4988 οὐδὲν
3248 4934 3508 4990 ἀπολαύει
3545 4950 3637 4985 σου

2078 5039 2174 5107 τῆς
2200 5037 2320 5105 γῆς’
2354 5036 2415 5087 οὑ
2445 5034 2552 5106 7&9
2579 5033 2640 5101 δὴ
2665 5033 2870 5093 ἐκεῖνος
2897 5030 2994 5100 μὲν
3013 5029 3145 5082 δέκα
3177 5029 3470 5098 γαστέρας,
3497 5027 3561 5079 σὺ
3584 5027 3640 5078 δὲ

2082 5127 2207 5197 μίαν
2238 5126 2484 5195 πληροῖς.
2527 5122 2684 5175 Ἀλλά
2729 5119 3194 5190 πολυτελεστέρων
3225 5119 3384 5181 αὐτὸς
3425 5117 3638 5187 μετέχει

2080 5218 2292 5281 σιτίων;
2313 5216 2563 5269 Μάλιστα
2593 5214 2689 5283 μὲν
2717 5213 2776 5266 ού
2805 5213 2973 5284 πολλὴ
2993 5211 3150 5264 τοῦτο
3176 5209 3470 5271 πλεονεξία·
3501 5207 3639 5275 πλὴν

2077 5307 2352 5362 κάνταῦθά
2381 5323 2439 5358 σε
2471 5305 2563 5358 τὸν
2597 5304 2756 5357 πλέον
2785 5305 2974 5374 ἔχοντα
3011 5303 3332 5371 εὑρήσομεν.
3377 5297 3439 5348 Ἠ
3480 5296 3587 5366 7&9
3611 5297 3637 5334 ι)

2079 5401 2397 5454 πολυτέλεια
2433 5396 2576 5467 αῦτη
2613 5397 2699 5450 διά
2740 5397 2898 5450 τοῦτό
2936 5412 3016 5448 σοι
3065 5392 3279 5462 ζηλωτὴ
3305 5385 3440 5442 εἶναι
3471 5388 3635 5446 δοκεῖ,

2081 5491 2266 5562 ἐπειδὴ
2298 5491 2515 5544 πλείονα
2550 5489 2662 5558 ἔχει
2691 5490 2790 5558 τὴν
2818 5489 3030 5558 ἡδονήν·
3074 5485 3189 5538 ἀλλ’
3220 5483 3355 5551 αῦτη
3387 5479 3536 5552 παρά
3562 5483 3638 5546 τῷ

2144 5667 2172 5706 b
2209 5665 2485 5728 Legebamr
2511 5666 2548 5713 εἰ
2577 5666 2683 5728 γάρ,
2706 5669 2753 5714 ει
2792 5660 2918 5723 infra
2939 5661 3217 5717 πλεονεκτῇ,
3239 5669 3329 5721 pro
3351 5647 3635 5704 πλεονεκτιιῖ.
