4090 6216
573 273 675 329 ίόθ
1025 277 1054 295 ⁸

573 391 764 458 πένητι
788 384 1007 447 πλείων,
1036 383 1134 451 οὐχ
1164 379 1324 450 ἡδονὴ
1352 380 1408 432 δέ
1461 379 1641 448 μόνον,
1669 377 1801 430 ἀλλά
1833 378 1924 430 καὶ
1955 375 2130 443 ὐγεία·

571 481 670 533 κάν
733 477 905 546 τούτῳ
955 473 1266 526 πλεονεκτεῖ
1315 471 1473 540 μόνον
1527 472 1554 522 δ
1613 469 1889 531 πλούσιος,
1952 466 2030 537 τῷ
2077 465 2137 517 τδ

572 571 731 641 σῶμα
780 566 1166 634 ἀσθενέστερον
1219 560 1678 625 κατασκευάζειν,
1733 560 1828 614 καὶ
1887 557 2135 620 πλείονας

571 661 823 728 συνάγειν
864 657 962 718 τὰς
998 653 1181 726 πηγὰς
1223 653 1332 708 τῶν
1385 654 1853 725 ἀρρωστημάτων.
1914 651 1995 704 Τὰ
2042 650 2135 720 μὲν

568 751 676 820 7&9
705 747 799 800 τοῦ
828 745 1058 814 πένητος
1096 742 1237 796 κατὰ
1266 741 1429 812 φύσιν
1455 743 1817 812 οἰκονομεῖται
1849 741 2045 806 πάντα,
2067 739 2137 792 τά

567 839 620 890 δὲ
651 835 857 888 ἐκείνου
885 833 975 886 διά
1017 833 1114 904 τὴν
1141 831 1406 903 ἀμετρίαν
1432 832 1512 894 εἰς
1546 831 1751 904 φθοράν
1786 831 2010 900 τελευτᾷ
2042 830 2136 882 καὶ

566 927 897 998 ἁρῥωστίαν.

639 1025 710 1082 ς’·
740 1017 874 1071 Εἰδέ
892 1015 1163 1086 βούλεσθε,
1185 1017 1278 1068 καί
1294 1015 1388 1069 ἐπὶ
1410 1014 1804 1083 ύποδείγματος
1824 1011 1955 1066 αὐτὸ
1980 1012 2137 1065 τοῦτο

566 1109 892 1180 κατίδωμεν.
924 1110 986 1161 Εἰ
1019 1107 1128 1178 γάρ
1163 1107 1272 1160 δέοι
1310 1107 1538 1176 κάμινον
1576 1105 1798 1173 ἀνάψαι,
1837 1099 1954 1156 εἶτα
1983 1105 2010 1156 ὁ
2040 1105 2136 1173 μὲν

568 1199 770 1270 σηρικά
807 1197 996 1268 ἱμάτια
1023 1197 1118 1250 καὶ
1147 1195 1338 1258 ὀθόνας
1367 1196 1567 1258 λεπτὰς
1589 1194 1914 1248 καταϐάλλοι
1938 1194 2136 1256 πολλὰς

566 1293 660 1345 καὶ
699 1289 981 1359 ἀπείρους,
1016 1288 1111 1340 καὶ
1143 1288 1315 1351 οὔτως
1346 1287 1512 1357 αὐτὴν
1543 1287 1812 1352 ἀνακαίοι,
1840 1287 1868 1340 ὁ
1908 1287 1964 1340 δέ
2005 1285 2137 1352 ξύλα

565 1381 723 1453 δρυὸς
754 1381 848 1434 καὶ
873 1380 1101 1449 πεύκης·
1131 1380 1185 1432 τί
1215 1379 1375 1432 πλέον
1401 1378 1556 1448 ἔσχεν
1583 1373 1734 1441 οὗτος
1763 1377 2002 1442 ἐκείνου;
2035 1378 2137 1432 Οὐ-

564 1465 671 1520 δέν·
700 1465 836 1519 ἀλλά
863 1466 956 1518 καὶ
985 1465 1223 1519 ἔλαττον.
1259 1465 1324 1517 Τί
1350 1465 1439 1529 δέ;
1471 1465 1644 1536 (οὐδὲν
1672 1465 1780 1536 γὰρ
1802 1465 1999 1519 κωλύει
2044 1467 2138 1519 καὶ

565 1555 766 1626 ἑτέρως
785 1554 845 1607 τὸ
883 1555 1014 1607 αὐτὸ
1041 1555 1365 1626 περιτρέψαι
1399 1542 1722 1625 ὑπόδειγμα)
1751 1556 1799 1607 εί
1827 1557 1857 1607 ὁ
1885 1555 1982 1626 μέν
2007 1555 2138 1621 ξύλα

567 1646 771 1715 βάλλοι,
799 1648 827 1698 δ
858 1646 914 1698 δέ
951 1645 1178 1716 σώματα
1223 1647 1493 1712 ὑποκαίοι,
1530 1647 1658 1717 ποίᾳ
1697 1647 1763 1700 ἂν
1791 1648 1961 1717 ἡδέως
1991 1665 2134 1719 παρ-

566 1738 726 1807 έστης
773 1738 1009 1806 καμίνῳ,
1057 1739 1121 1805 τῇ
1162 1736 1269 1788 τῶν
1294 1737 1489 1802 ξύλων,
1526 1737 1559 1805 ἦ
1592 1741 1657 1807 τῇ
1686 1737 1796 1790 τῶν
1829 1738 2130 1808 σωμάτων;

565 1827 798 1898 Εΰδηλον
831 1828 912 1879 ὅτι
939 1829 1002 1896 τῇ
1029 1826 1138 1880 τῶν
1157 1825 1350 1892 ξύλων·
1385 1827 1566 1897 ἐκείνη
1595 1827 1693 1896 μὲν
1723 1827 1831 1897 γὰρ
1869 1828 2006 1881 κατά
2035 1829 2134 1896 (9'3-

567 1935 651 1972 σιν
679 1917 914 1979 καίεται,
943 1917 1036 1971 καὶ
1065 1917 1162 1986 ἡδὺ
1195 1917 1373 1989 θέαμα
1415 1920 1526 1981 τοῖς
1563 1917 1762 1988 όρῶσίν
1790 1919 1957 1971 ἐστιν·
1995 1918 2132 1990 αὐτη

562 2008 619 2062 δέ
649 2011 714 2078 τῇ
747 2007 940 2079 κνίσσῃ
969 2009 1061 2061 καὶ
1086 2008 1160 2077 τῷ
1189 2008 1343 2078 ίχῶρι
1369 2009 1463 2061 καί
1489 2008 1568 2078 τῷ
1598 2007 1788 2078 καπνῷ
1816 2010 1904 2062 καὶ
1935 2011 1998 2080 τῇ
2027 2010 2132 2062 τῶν

564 2099 765 2151 ὀστέων
830 2097 1062 2167 δυσωδίξι
1113 2097 1320 2158 πάντας
1364 2097 1430 2150 ἂν
1469 2097 1809 2166 ἀπελάσειεν.
1870 2095 2132 2166 Ἐφριξας

563 2187 825 2251 ἀκούσας,
881 2188 977 2240 καὶ
1028 2187 1294 2250 ἐϐδελύξω
1352 2187 1451 2256 τὴν
1491 2187 1747 2257 κάμινον;
1786 2187 2044 2240 Τοιαῦται
2077 2189 2131 2239 αί

565 2275 716 2348 [529]
744 2275 852 2329 τῶν
899 2276 1168 2328 πλουσίων
1203 2275 1468 2344 γαστέρες
1492 2275 1616 2328 εἰσί.
1661 2274 1886 2327 Πλείονα
1929 2274 2038 2344 γάρ
2074 2277 2132 2327 ἐν

563 2370 770 2433 τούτοις
812 2369 1102 2440 σηπεδόνα,
1135 2369 1165 2438 ἦ
1204 2369 1262 2420 ἐν
1297 2371 1364 2438 τῇ
1399 2368 1611 2437 καμίνῳ
1639 2367 1822 2438 ἐκείνῃ
1866 2366 2015 2432 εῦροι
2048 2383 2130 2429 τις

564 2462 651 2526 ἂν,
701 2462 794 2514 καὶ
837 2459 1124 2529 πνεύματα
1154 2457 1363 2528 δυσώδη
1411 2459 1504 2510 καὶ
1547 2458 1791 2527 ῥεύματα
1824 2457 2129 2526 ἀκάθαρτα,

562 2552 640 2622 τῷ
680 2551 956 2621 πανταχοῦ
987 2551 1081 2604 καὶ
1106 2552 1162 2602 ἐν
1187 2551 1400 2618 ἑκάστῳ
1427 2549 1600 2619 μορίῳ
1633 2548 1833 2619 πολλὴν
1871 2542 2132 2618 εἶναιτὴν

563 2643 800 2712 ἀπεψίαν
847 2643 935 2695 διὰ
981 2643 1077 2712 τὴν
1112 2641 1448 2710 πλησμονήν.
1487 2639 1590 2692 Τοῦ
1635 2639 1744 2709 γὰρ
1790 2638 1930 2692 κατὰ
1973 2639 2131 2707 φύσιν

561 2733 768 2806 θερμοῦ
800 2735 901 2787 οὐκ
930 2733 1224 2804 ἀρκοῦντος
1251 2731 1466 2784 ἅπαντα
1489 2729 1959 2802 κατεργάσασθαι,
1993 2730 2130 2784 ἀλλά

563 2821 1072 2891 καταχωννυμένου,
1110 2821 1384 2872 ἐπίκειται
1428 2821 1612 2872 ἐκεῖνα
1637 2819 1841 2873 ἀνωθεν
1870 2818 2128 2882 καπνιζό-

567 2927 722 2980 μενα,
769 2911 861 2964 καὶ¹
905 2910 1105 2979 πολλὴν
1144 2909 1400 2964 ποιοῦντα
1429 2908 1524 2980 τὴν
1552 2910 1761 2980 ἀηδίαν.
1793 2911 1910 2962 Τίνι
1943 2905 2033 2963 οῦν
2064 2910 2128 2963 ἀν

563 3019 644 3064 τις
673 3001 979 3073 παραϐάλοι
1018 3004 1114 3064 τὰς
1142 3001 1364 3055 ἐκείνων
1390 3000 1661 3068 γαστέρας
1686 3018 1700 3067 ;
1735 3001 1870 3053 ἀλλὰ
1899 3001 1972 3072 μὴ
1999 3001 2126 3053 δυσ-

565 3093 826 3164 χεράνητε
852 3094 982 3164 πρὸς
1016 3093 1107 3145 τὸν
1128 3091 1305 3160 λόγον,
1336 3091 1449 3145 ἀλλ’
1473 3094 1522 3144 εἰ
1551 3092 1626 3162 μὴ
1658 3091 1830 3163 ἀληθῆ
1860 3093 2021 3160 λέγω,
2048 3092 2129 3146 δι·

563 3183 837 3252 ελέγξατε·
869 3183 974 3236 τίνι
996 3179 1088 3236 οῦν
1117 3183 1182 3237 ἀν
1212 3201 1292 3246 τις
1320 3184 1484 3247 αὐτὰς
1513 3183 1847 3254 παραϐάλοι;
1880 3186 1999 3238 οὐδέ
2024 3186 2132 3258 γὰρ

563 3276 722 3346 ἀρκεῖ
742 3274 810 3328 τὰ
830 3275 948 3345 είρη
959 3275 1093 3343 μένα
1115 3273 1283 3338 δεῖξαι
1307 3273 1484 3327 αὐτῶν
1505 3274 1603 3344 τὴν
1627 3275 1938 3346 ἀθλιότητα.
1962 3270 2134 3348 Εὗρον

564 3367 658 3422 καὶ
700 3365 892 3438 ἐτέραν
925 3366 1126 3422 εἰκόνα.
1158 3366 1292 3419 Τίνα
1339 3365 1403 3436 δὴ
1448 3366 1683 3436 ταύτην;
1724 3366 1990 3438 Καθάπερ
2039 3368 2131 3420 ἐπὶ

563 3455 672 3510 τῶν
699 3454 928 3526 ἀμαρῶν
955 3454 1082 3507 ἔνθα
1120 3455 1302 3508 πολλοὶ
1335 3457 1381 3508 οἱ
1415 3457 1637 3525 φορυτοὶ
1660 3456 1890 3526 κόπρου,
1912 3457 2127 3527 χόρτου,

1307 269 1364 322 S.
1405 265 1692 320 JOANNIS
1729 260 2219 319 CIIIWSOSTOMI
2259 261 2577 319 ARCHIEP.
2618 263 3164 322 CONSTANTINOP.

3703 271 3800 324 ιεθ

2247 374 2516 444 καλάμης,
2539 374 2719 442 λίθων,
2745 374 2938 447 πηλοῦ,
2966 377 3209 446 συνεχεῖς
3233 377 3532 450 ἐμφράξεις
3554 379 3803 448 γίνονται,

2244 465 2335 517 καὶ
2388 467 2770 536 ὐπερεκχεῖται
2817 481 2842 509 ι
2884 468 3071 520 λοιπὸν
3101 467 3308 522 ἀνωθεν
3351 471 3384 540 ἠ
3425 469 3519 522 τοῦ
3552 471 3806 544 βορϐόρου

2245 555 2412 626 ῥύμη·
2456 555 2597 610 οῦτω
2633 559 2725 609 καὶ
2759 557 2849 611 ἐπὶ
2887 559 2986 629 τῆς
3022 559 3226 612 τούτων
3264 559 3467 625 κοιλίας
3502 563 3801 633 συμϐαίνει·

2243 647 2622 719 φραττομένης
2647 649 2755 720 γὰρ
2792 651 2959 721 αὐτῆς
2991 650 3254 715 κάτωθεν,
3287 653 3492 708 ἄνωθεν
3524 655 3804 718 ἀναϐλύζει

2241 740 2312 790 τά
2355 737 2576 791 πλείονα
2607 737 2716 793 τῶν
2761 739 3015 812 πονηρῶν
3052 739 3258 794 τούτων
3305 744 3615 813 ῥευμάτων.

2241 828 2342 882 οὐκ
2363 829 2454 882 ἐπὶ
2476 829 2582 883 τῶν
2605 831 2849 900 πενήτων
2877 831 3066 896 οὕτως·
3090 832 3201 886 ἀλλ’
3223 832 3411 905 ὥσπερ
3433 836 3489 889 αἰ
3506 835 3575 888 τὰ
3599 835 3807 907 καθαρὰ

2242 919 2570 990 προχέουσαι
2602 923 2793 993 ῥεῖθρα
2832 923 3027 992 πηγαὶ,
3061 925 3156 977 καί⁹
3185 925 3396 996 κήπους
3421 926 3678 994 ἄρδουσαι
3716 930 3806 980 καὶ

2243 1010 2622 1080 παραδείσους,
2653 1011 2794 1066 οὓτω
2831 1013 2925 1066 καὶ
2967 1015 3022 1066 αἱ
3047 1014 3252 1068 τούτων
3283 1015 3549 1086 γαστέρες
3583 1018 3689 1070 εἰσί
3716 1035 3807 1071 κα-

2243 1101 2404 1171 θαραὶ
2425 1099 2534 1154 τῶν
2555 1101 2811 1155 τοιούτων
2835 1105 3304 1175 περιττευμάτων.
3341 1106 3483 1160 Ἀλλ’
3503 1108 3601 1176 οὐχ
3625 1109 3682 1162 αί
3707 1108 3807 1160 τῶν

2243 1188 2634 1253 πλουτούντων,
2667 1191 2865 1262 μᾶλλον
2902 1192 2958 1245 δέ
2995 1193 3346 1265 τρυφώντων,
3376 1195 3641 1260 τοιαῦται,
3679 1196 3807 1249 ἀλλά

2241 1279 2450 1348 χυμῶν,
2479 1279 2821 1350 φλεγματων,
2843 1283 3025 1353 χολῆς,
3049 1284 3277 1353 αἵματος
3305 1285 3667 1356 διεφθορότος,
3694 1286 3805 1355 ῥεύ-

2247 1386 2414 1439 ματος
2455 1371 2772 1441 σεσηπότας,
2806 1373 2902 1426 καὶ
2933 1373 3040 1426 τῶν
3073 1375 3246 1428 ἀλλων
3274 1374 3384 1428 τῶν
3418 1375 3675 1428 τοιούτων
3705 1377 3803 1430 εἰσί

2245 1461 2687 1531 πεπληρωμέναι.
2711 1463 2911 1534 Διόπερ
2931 1464 3105 1529 οὐδεὶς
3130 1465 3231 1519 κᾶν
3254 1466 3389 1537 πρὸς
3419 1465 3623 1537 βραχὺν
3648 1469 3797 1537 ἀρκέο

2245 1567 2329 1604 σει
2362 1551 2552 1622 χρόνον
2581 1553 2870 1618 διαπαντὸς
2913 1556 2971 1608 ἐν
2999 1560 3178 1628 τρυφῇ
3218 1555 3348 1624 ζῶν,
3394 1558 3510 1611 ἀλλ’
3539 1561 3596 1610 ἐν
3623 1561 3802 1630 ἀρῥω·

2243 1643 2419 1708 στίαις
2452 1643 2712 1714 βιώσεται
2738 1645 3028 1715 διηνεκέσι.
3058 1647 3148 1701 Διὸ
3169 1647 3264 1700 καί⁸
3295 1647 3466 1719 ἡδέως
3493 1648 3558 1702 ἂν
3597 1650 3804 1720 ἠρόμην

2240 1735 2454 1801 αὐτοὺς,
2482 1735 2624 1799 τίνος
2651 1736 2836 1789 ἕνεκεν
2865 1737 2933 1790 τά
2963 1737 3107 1791 σιτία
3134 1738 3373 1793 δέδοται·
3401 1739 3488 1792 ινα
3504 1739 3804 1811 φθειρώμε-

2244 1825 2333 1890 θα,
2375 1825 2407 1896 ἢ
2441 1826 2529 1880 ίνα
2557 1825 2915 1897 τρεφώμεθα;
2947 1829 3032 1882 ἵνα
3058 1828 3322 1899 νοσῶμεν,
3352 1829 3385 1900 ἢ
3424 1831 3510 1898 ῖνμ
3558 1830 3803 1898 ὑγιαίνω-

2243 1931 2382 1985 μεν;
2422 1915 2509 1969 ίνα
2542 1915 2880 1986 ἀσθενῶμεν,
2927 1918 2958 1988 ἢ
2995 1918 3082 1972 ἵνα
3115 1918 3426 1989 ἰσχύωμεν;
3463 1919 3700 1988 Εῠδηλον
3729 1920 3800 1972 ὅτι

2239 2003 2327 2057 διά
2355 2005 2560 2076 τροφὴν
2583 2007 2675 2059 καὶ
2699 2006 2884 2074 ὑγείαν
2912 2008 3004 2060 καὶ
3030 2008 3199 2078 ἰσχύν.
3227 2009 3382 2072 Τίνος
3410 2006 3502 2063 οὖν
3521 2010 3708 2062 ἕνεκεν
3730 2011 3802 2071 είς

2239 2096 2544 2149 τούναντίον
2573 2097 2755 2159 αὐτοῖς
2793 2098 3194 2170 ἀποκέχρησθε,
3217 2099 3373 2155 νόσον
3395 2101 3488 2152 καὶ
3519 2100 3800 2152 ἀσθένειαν

2237 2186 2323 2242 διὰ
2359 2189 2563 2242 τούτων
2591 2188 3046 2260 δημιουργοῦντες
3075 2191 3152 2262 τῷ
3182 2191 3432 2262 σώματις
3477 2191 3616 2246 Ἀλλ’
3650 2192 3748 2263 οὐχ
3775 2192 3802 2244 ό

2241 2277 2430 2346 πένης,
2453 2278 2568 2331 ἀλλ’
2593 2279 2778 2347 ὑγείαν
2807 2281 2898 2333 καὶ
2928 2281 3227 2351 εὐρωστίαν
3275 2283 3366 2334 καὶ
3401 2282 3552 2351 ἰσχὺν
3591 2283 3684 2334 διὰ
3711 2283 3800 2350 τῆς

2238 2368 2388 2437 λιτῆς
2434 2370 2652 2424 ὠνεῖται
2687 2371 2910 2441 τροφῆς.
2952 2373 3041 2442 Μὴ
3067 2373 3129 2443 δὴ
3163 2373 3311 2427 κλαῖε
3353 2373 3438 2426 διὰ
3474 2373 3665 2425 πενίαν
3712 2373 3801 2443 τὴν

2239 2459 2426 2527 ὑγείας
2453 2461 2683 2532 μητέρα,
2724 2462 2860 2516 ἀλλά
2912 2463 3006 2517 και
3059 2465 3316 2532 ἀγάλλου·
3363 2465 3478 2529 καὶ,
3530 2466 3578 2517 εἰ
3630 2464 3798 2534 βούλει
3854 2450 3867 2463 “

2238 2551 2504 2617 πλουτεῖν,
2537 2554 2863 2624 καταφρόνει
2914 2555 3164 2608 πλούτου.
3198 2557 3273 2608 Οὐ
3307 2556 3414 2627 γάρ
3453 2557 3514 2609 τὸ
3544 2559 3795 2627 χρήματα

2237 2643 2401 2714 ἔχειν,
2432 2646 2568 2700 ἀλλά
2599 2647 2660 2700 τδ
2693 2648 2767 2719 μὴ
2809 2648 3015 2704 δεῖσθαι
3062 2650 3154 2703 τοῦ
3182 2652 3344 2720 ἔχειν,
3376 2651 3535 2705 τοῦτο
3574 2652 3797 2721 μάλιστα

2235 2739 2483 2810 εὐπορία.
2514 2742 2611 2792 Ἂν
2639 2739 2796 2793 τοῦτο
2824 2741 3274 2812 κατορθώσωμεν,
3307 2747 3400 2798 καὶ
3430 2745 3670 2798 ἐνταῦθα
3701 2748 3797 2799 τῶν

2237 2828 2609 2882 πλουτούντων
2637 2829 2853 2884 πάντων
2877 2831 3240 2902 εὐπορώτεροι
3266 2835 3521 2904 ἐσόμεθα,
3559 2837 3659 2888 καὶ
3693 2836 3795 2888 ἐκεί

2233 2917 2341 2972 τῶν
2394 2918 2696 2990 μελλόντων
2742 2921 3138 2993 ἐπιτευξόμεθα
3193 2925 3432 2992 ἀγαθῶν·
3473 2919 3548 2978 ὧν
3595 2927 3795 2995 γένοιτο

2236 3010 2444 3074 πάντας
2467 3013 2612 3082 ἡμᾶς
2642 3013 2937 3084 ἐπιτυχεῖν,
2974 3013 3156 3086 χάριτι
3185 3017 3279 3069 καὶ
3300 3017 3685 3089 φιλανθρωπίᾳ
3706 3015 3792 3070 τοῦ

2237 3102 2441 3172 Κυρίου
2495 3103 2650 3173 ἡμῶν
2695 3105 2866 3175 Ἰησοῦ
2923 3107 3182 3178 Χριστοῦ,
3226 3109 3350 3176 μεθ’
3393 3102 3454 3161 οῦ
3499 3107 3578 3178 τῷ
3628 3108 3795 3177 Πατρὶ

2237 3189 2353 3259 ἆμα
2375 3189 2451 3260 τῷ
2484 3192 2623 3262 ἀγίῳ
2656 3193 2930 3264 Πνεύματι
2965 3196 3110 3261 δόξα,
3151 3197 3367 3268 κράτος,
3400 3197 3553 3267 τιμὴ,
3589 3197 3684 3250 νῦν
3709 3195 3794 3250 καὶ

2236 3281 2344 3346 ἀεὶ,
2377 3284 2472 3335 καὶ
2502 3285 2582 3346 εἰς
2609 3285 2736 3347 τοὺς
2765 3286 2967 3349 αἰῶνας
2998 3287 3106 3341 τῶν
3128 3287 3357 3345 αἰώνων.
3404 3289 3596 3358 Ἀμήν.

2297 3468 2321 3495 ⁸
2350 3467 2609 3531 legebatur
2629 3469 2972 3532 ὐπερεγχεῖται.

1907 3862 2057 3934 [ὅσοι
2090 3864 2332 3917 οΜιΑιΑ
2375 3865 2468 3917 II".

571 3992 640 4050 Ν
669 3996 862 4066 στόμα
900 3996 1066 4065 ἡμῶν
1096 3997 1317 4066 ἀνέῳγε
1345 3998 1494 4064 πρὸς
1531 3995 1706 4066 ὑμᾶς,
1735 3998 2050 4065 Κορίνθιοι,
2080 3999 2118 4064 ἡ

632 4064 844 4134 καρδία
868 4064 1034 4134 ἡμῶν
1060 4064 1490 4134 πεπλάτυνται.
1523 4064 1605 4119 Οὐ
1651 4064 2121 4134 στενοχωρεῖσθε

633 4134 705 4222 ἐν
724 4133 885 4211 ᾐμῖν,
908 4133 1389 4202 στενοχωρεῖσθε
1411 4134 1479 4185 δὲ
1499 4135 1569 4186 ἐν
1593 4135 1714 4200 τοῖς
1743 4133 2122 4204 σπλάγχνοις

631 4221 818 4270 υμων.

632 4361 703 4407 α’.
735 4355 1143 4425 Διηγησάμενος
1165 4355 1293 4425 περὶ
1322 4355 1429 4408 τῶν
1454 4354 1644 4408 ἐαυτοῦ
1676 4355 1996 4428 πειρασμῶν
2031 4357 2122 4410 καὶ

561 4443 825 4512 θλίψεων·
863 4447 965 4498 Ἐν
989 4444 1264 4514 ὑπομονῇ
1304 4445 1434 4516 7&9,
1473 4446 1656 4529 φησὶν,
1696 4447 1765 4500 ἐν
1806 4448 2124 4515 θλίψεσιν,

557 4533 628 4586 ἐν
659 4534 950 4604 ἀνάγκαις
980 4575 995 4594 ,
1020 4537 1091 4589 ἐν
1130 4537 1563 4604 στενοχωρίαις
1587 4577 1600 4602 ,
1633 4538 1702 4590 ἐν
1736 4537 2021 4606 πληγαῖς,
2055 4537 2126 4590 ἐν

557 4627 876 4692 φυλακαῖς,
945 4627 1015 4679 ἐν
1082 4627 1556 4691 ἀκαταστασίαις
1580 4665 1595 4690 ,
1661 4627 1731 4680 ἐν
1779 4629 1989 4694 κόποις
2014 4670 2028 4692 ,
2054 4628 2123 4681 ἐν

559 4717 953 4784 ἀγρυπνίαις·
991 4717 1084 4770 καὶ
1140 4715 1320 4782 δείξας
1365 4717 1446 4769 ὅτι
1483 4717 1624 4786 μέγα
1653 4716 1855 4785 ἀγαθὸν
1888 4718 1948 4770 τὸ
1982 4719 2120 4790 πρᾶ-

561 4823 676 4875 γμα
708 4821 723 4836 ·
778 4809 876 4873 Ὠς
935 4808 1307 4877 ⁸ιίυπούμενοι
1358 4807 1487 4879 γὰρ,
1527 4808 1707 4876 φησὶν,
1753 4807 1845 4861 ἁεί
1895 4807 1962 4860 δὲ
1990 4809 2119 4875 χαί-

552 4908 772 4959 ροντες
807 4911 820 4925 ·
855 4897 936 4961 ὡς
978 4898 1224 4966 πτωχοὶ,
1254 4897 1526 4962 πολλοὺς
1561 4895 1630 4949 δὲ
1660 4895 2079 4964 πλουτίζοντες
2102 4914 2116 4928 ·

558 4981 641 5046 ὡς
674 4982 872 5048 μηδὲν
916 4989 1188 5052 ἔχοντες,
1232 4987 1335 5042 καὶ
1384 4987 1580 5041 πάντα
1610 4985 1963 5056 κατέχοντες
1989 5003 2000 5015 ·
2027 4989 2121 5042 καὶ

558 5071 697 5126 ὅπλα
730 5072 868 5126 αὐτά
895 5073 1064 5126 εἰπών
1085 5089 1098 5103 ·
1138 5077 1235 5141 Ὠς
1254 5077 1666 5146 παιδευόμενοι
1692 5079 1820 5150 7&9,
1856 5079 2118 5149 φησὶ,καί

551 5159 638 5232 μὴ
685 5161 1117 5229 θανατούμενοι
1144 5179 1158 5192 ·
1193 5165 1402 5218 καὶτοῦ
1432 5167 1568 5220 Θεοῦ
1596 5169 1696 5238 τὴν
1728 5167 1929 5239 πολλὴν
1955 5168 2118 5238 κηδε-

557 5251 749 5321 μονίαν
779 5251 867 5305 διά
909 5250 1115 5306 τούτων
1158 5254 1408 5323 ἐμφήνας
1451 5257 1544 5309 καὶ
1570 5257 1668 5326 τὴν
1699 5257 1928 5328 δύναμιν
1953 5275 1966 5287 ·
1995 5260 2120 5312 Ἵνα

557 5345 662 5414 γὰρ
686 5343 724 5411 ή
758 5343 1058 5412 ὑπερϐολὴ
1085 5343 1194 5414 τῆς
1230 5344 1540 5420 δυνάμεως
1563 5343 1606 5419 ᾖ
1626 5349 1730 5402 τοῦ
1762 5349 1932 5415 Θεοῦ,
1964 5351 2117 5418 φησι,

555 5435 651 5487 καὶ
694 5433 781 5504 μὴ
812 5436 883 5502 ἐξ
926 5432 1092 5506 ἡμῶν
1114 5452 1126 5464 ·
1155 5436 1249 5490 καὶ
1296 5438 1423 5502 τοὺς
1462 5439 1661 5498 ἄθλους
1688 5439 1852 5493 αὐτοῦ
1889 5439 2118 5493 καταλέο

557 5527 648 5589 ξας
667 5542 680 5554 ·
698 5529 955 5582 Πάντοτε
981 5527 1089 5599 7&9
1107 5527 1220 5597 τὴν
1231 5529 1525 5598 νέκρωσιν
1539 5529 1744 5593 αὐτοῦ,
1781 5529 1936 5600 φησι,
1953 5545 2116 5598 περι-

557 5615 833 5685 φόρομεν·
872 5620 966 5674 καὶ
979 5620 1060 5673 ὅτι
1077 5621 1422 5684 ἀναστάσεως
1441 5621 1596 5676 τοῦτο
1620 5620 1892 5686 ἀπόδειξις
1919 5623 2113 5689 σαφής·

2227 3999 2358 4052 Ἵνα
2373 4000 2480 4070 γὰρ
2499 4000 2595 4053 καί
2617 4002 2654 4069 ἠ
2668 4000 2778 4070 ζωὴ
2802 4003 2907 4057 τοῦ
2944 4005 3145 4072 Ἰησοῦ
3165 4005 3470 4076 φανερωθῇ
3487 4006 3557 4058 ἐν
3571 4005 3643 4073 τῇ
3660 4010 3790 4074 0-m-

2222 4089 2296 4158 τῇ
2312 4093 2493 4158 σαρκὶ
2516 4091 2699 4160 ἡμῶν,
2719 4093 2850 4164 φησί
2880 4112 2893 4124 ·
2936 4097 3029 4149 καὶ
3049 4090 3124 4150 ὧν
3173 4097 3365 4166 γέγονε
3403 4098 3675 4162 κοινωνὸς,
3702 4097 3790 4151 καὶ

2222 4178 2346 4232 τίνα
2401 4181 2697 4252 ἐπιστεύθη
2733 4198 2745 4211 ·
2792 4183 2970 4252 ’Υπὲρ
3014 4187 3272 4254 Χριστοῦ
3317 4187 3426 4258 γάρ
3469 4187 3788 4254 πρεσϐεύο-

2217 4285 2352 4336 μεν,
2381 4271 2566 4340 φησὶν,
2586 4274 2665 4339 ὠς
2682 4273 2787 4328 τοῦ
2815 4275 2963 4330 Θεοῦ
2985 4278 3483 4345 παρακαλοῦντος
3507 4279 3582 4332 δι’
3605 4277 3785 4348 ἡμῶν·

2227 4361 2320 4412 καί
2359 4359 2522 4413 τίνων
2560 4362 2678 4415 ἐστί
2717 4364 2985 4429 διάκονος,
3019 4367 3103 4419 ὅτι
3148 4368 3208 4420 οὐ
3261 4368 3627 4439 γράμματος,
3661 4367 3791 4421 ἀλλά

2228 4449 2543 4521 πνεύματος
2569 4470 2584 4484 ·
2619 4457 2713 4506 καὶ
2746 4455 2828 4508 ὅτι
2859 4457 2922 4508 οὐ
2947 4457 3120 4528 τούτῳ
3151 4459 3312 4528 μόνον
3343 4458 3788 4528 αἰδέσιμος-,ἀλλὰ

2225 4538 2456 4600 καὶτοῖς
2479 4547 2804 4612 πειρασμοῖς
2823 4562 2836 4576 ·
2881 4545 2966 4612 Τῷ
2994 4547 3115 4613 Θεῷ
3147 4549 3274 4620 7&9,
3303 4549 3436 4619 φησί
3457 4590 3471 4614 ,
3515 4549 3692 4619 χάρις
3713 4546 3789 4612 τῷ

2229 4629 2490 4683 πάντοτε
2531 4631 2687 4700 ἡμᾶς
2706 4637 3113 4705 θριαμϐεύοντι
3133 4655 3146 4669 ·
3181 4640 3366 4710 μέλλει
3395 4640 3581 4694 λοιπὸν
3608 4641 3787 4700 αὐτοῖς

2225 4722 2317 4774 καὶ
2341 4723 2622 4793 ἐπιτιμᾷν,
2645 4723 2722 4787 ὡς
2743 4727 2804 4778 οὐ
2833 4729 3040 4800 σφόδρα
3057 4731 3184 4802 περὶ⁹
3206 4732 3368 4784 αὐτὸν
3394 4733 3784 4804 διακειμένοις.

2238 4812 2399 4867 Ἀλλά
2432 4816 2640 4886 μέλλων
2667 4859 2682 4884 ,
2711 4820 2810 4873 οὐκ
2837 4820 3038 4885 εὐθέως
3081 4824 3173 4875 ἐπὶ
3205 4822 3786 4895 τοῦτοέρχεται,ἀλλά

2226 4904 2494 4977 πρότερον
2543 4909 2610 4961 τὰ
2669 4913 2798 4981 περὶ
2861 4916 2958 4984 τῆς
3009 4914 3229 4986 ἀγάπης
3296 4915 3487 4981 εἰπὼν,
3539 4918 3609 4985 ἢν
3664 4913 3787 4982 περὶ

2224 4997 2421 5059 αὐτοὺς
2464 4997 2815 5055 ἐπεδείκνυτο
2841 5045 2858 5071 ,
2884 5005 3003 5058 τότε
3029 5006 3278 5078 ἐμϐαίνει
3312 5010 3406 5062 καὶ
3441 5012 3521 5073 εἰς
3548 5011 3640 5062 τὸν
3666 5007 3784 5076 περὶ

2224 5087 2430 5140 τούτων
2485 5088 2662 5158 λόγον.
2694 5092 2758 5146 Εἰ
2785 5094 2894 5165 γὰρ
2926 5098 3020 5149 καί
3058 5099 3166 5152 ἀπὸ
3197 5100 3308 5154 τῶν
3345 5102 3566 5155 οἰκείων
3587 5116 3784 5170 κατορ-

2226 5175 2498 5244 θωμάτων
2523 5179 2802 5252 αιδέσιμος
2833 5187 2861 5238 δ
2884 5187 3154 5258 ἐπιτιμῶν
3181 5190 3269 5260 εἰη
3292 5231 3306 5252 ,
3339 5190 3459 5244 ἀλλ’
3485 5193 3637 5262 ὅμως
3663 5192 3784 5245 ὅταν

2221 5268 2316 5318 καὶ
2342 5267 2440 5338 τὴν
2470 5271 2650 5340 φιλίαν
2669 5314 2684 5339 ,
2711 5275 2778 5345 ῆν
2815 5276 2927 5347 ἔχει
2972 5280 3108 5351 πρὸς
3151 5285 3278 5346 τοὺς
3309 5283 3747 5354 ἐγκαλουμένους
3766 5319 3783 5346 .

2222 5355 2578 5428 ἐπιδείξηται,
2633 5365 3101 5442 ἀνεπαχθέστερον
3150 5375 3297 5428 ποιεῖ
3341 5373 3435 5426 τὸν
3476 5373 3655 5442 λόγον.
3686 5369 3783 5423 Διά

2223 5446 2382 5500 τοῦτο
2420 5451 2514 5504 καὶ
2558 5455 2722 5522 αὐτὸς
2749 5460 2857 5513 ἀπὸ
2883 5461 2992 5516 τῶν
3019 5464 3340 5535 πειρασμῶν
3365 5464 3462 5518 καὶ
3485 5463 3592 5517 τῶν
3625 5461 3782 5532 ἱδρώ-

2221 5554 2327 5590 των
2347 5539 2456 5593 τῶν
2484 5543 2678 5601 ἐαυτοῦ
2716 5552 2809 5604 καὶ
2832 5552 2941 5607 τῶν
2963 5554 3187 5623 ἀγώνων
3219 5555 3409 5622 ἐκϐἀς,
3439 5559 3518 5619 εἰς
3541 5555 3632 5607 τὸν
3655 5549 3781 5622 περὶ

2189 5628 2320 5698 ρτῆς
2338 5630 2556 5705 ἀγάπης
2583 5641 2899 5705 μεταϐαίνει
2925 5645 3102 5712 λόγον,
3133 5647 3227 5703 καὶ
3243 5648 3411 5713 οὕτως
3435 5646 3612 5701 αὐτῶν
3644 5643 3775 5697 καθ-
