4098 6222
357 330 531 386 wa-

357 441 572 514 prohtsa
609 441 696 496 illa
720 448 773 494 et
796 438 1057 508 exquisita
1101 435 1222 491 vitae
1252 432 1390 490 ratio
1418 432 1538 490 ideo
1569 433 1662 489 tibi
1693 433 1846 489 beata
1884 441 1941 488 et

359 533 655 604 expetenda
682 547 802 588 esse
827 529 1036 584 videtur
1055 570 1068 593 ,
1101 526 1242 598 quod
1272 525 1477 596 majore
1513 525 1781 594 voluptate
1813 540 1934 595 per-

360 624 472 680 lusa
499 624 597 688 sit;
622 623 718 688 sed
759 611 988 691 amplior
1023 620 1264 688 voluptas
1293 631 1458 688 penes
1501 631 1786 686 pauperem
1835 625 1936 680 est,

361 732 456 772 nec
481 716 656 770 solum
687 715 950 783 voluptas.
977 712 1071 768 sed
1108 712 1269 767 etiam
1305 711 1540 775 sanitas;
1567 719 1726 780 atque
1753 710 1806 764 in
1839 709 1939 763 hoc

358 810 471 865 solo
495 807 740 878 superior
781 816 864 860 est
907 804 1076 869 dives,
1105 804 1246 874 quod
1273 802 1589 858 imbecillius
1616 801 1716 856 εἰιιι
1743 815 1937 869 corpus

358 901 572 965 efﬁciat,
603 913 667 952 ac
689 897 868 967 plures
889 896 1198 952 morborum
1221 895 1394 950 fontes
1414 894 1646 964 colligat.
1671 891 1937 962 Quidquid

358 993 498 1049 enim
530 1004 734 1062 pauper
758 990 902 1053 edit,
937 990 1096 1044 modo
1137 986 1328 1045 rationi
1371 996 1733 1044 consentanco
1770 985 1938 1040 admi-

358 1086 644 1145 nistratur;
681 1081 935 1154 quidquid
959 1088 1135 1135 autem
1164 1079 1312 1135 dives
1333 1121 1350 1147 ,
1380 1079 1502 1150 quia
1530 1077 1745 1132 modum
1775 1091 1933 1130 exce-

357 1175 454 1241 dit,
488 1175 539 1229 in
567 1173 960 1242 corruptionem
988 1171 1180 1225 desinit
1204 1180 1257 1226 et
1287 1169 1554 1225 morbum.

427 1268 478 1322 6.
511 1265 664 1333 Quod
692 1265 736 1319 si
766 1265 960 1336 placet,
1001 1261 1249 1330 exemplo
1275 1261 1413 1315 istud
1447 1261 1617 1331 ipsum
1649 1258 1936 1328 perspicia-

358 1373 494 1412 mus.
523 1356 580 1412 Si
603 1370 764 1424 rogus
789 1352 1162 1409 accendendus
1189 1352 1277 1414 sit,
1307 1361 1466 1422 atque
1496 1351 1582 1405 ille
1608 1350 1822 1420 quidem
1845 1365 1933 1404 se-

358 1450 491 1503 ricas
533 1457 708 1501 vestes
750 1454 805 1499 et
845 1443 1104 1514 permulta
1149 1443 1299 1498 tenui
1344 1442 1432 1497 lilo
1480 1450 1726 1497 contexta
1772 1442 1934 1496 lintea

357 1539 574 1608 injiciat,
605 1548 765 1607 atque
787 1537 857 1590 ita
895 1550 1024 1590 eum
1056 1534 1336 1601 accendat,
1370 1533 1456 1589 hic
1487 1543 1672 1590 contra
1700 1551 1930 1604 quercea

352 1643 408 1688 et
448 1634 592 1704 picea
643 1633 803 1701 ligna,
834 1629 962 1701 quid
999 1630 1230 1698 amplius
1259 1629 1348 1683 ille
1398 1627 1556 1682 habet
1603 1643 1761 1698 quam
1808 1628 1932 1684 hic?

353 1723 492 1778 Nihil
519 1736 682 1786 sane;
713 1721 821 1775 imo
849 1718 1074 1774 inferius
1098 1718 1259 1774 etiam
1290 1717 1584 1788 quidpiam.
1615 1719 1750 1786 Quid
1782 1719 1931 1773 vero?

351 1815 506 1885 (nihil
536 1817 676 1870 enim
706 1813 952 1882 prohibet
989 1811 1444 1882 quominusidcm
1482 1811 1785 1878 exemplum
1827 1811 1932 1866 alio

351 1907 510 1962 modo
535 1905 886 1973 invertamus)
926 1904 969 1958 si
1012 1905 1148 1956 ειΙιιιι·
1177 1904 1338 1973 ligna,
1372 1903 1508 1957 alter
1545 1918 1768 1972 corpora
1802 1919 1932 1956 exu-

350 1998 511 2053 renda
540 1997 592 2052 in
622 2012 806 2067 rogum
834 1995 1072 2065 injecerit
1094 2035 1110 2056 ,
1140 1994 1242 2048 utri
1273 1993 1484 2048 tandem
1511 2009 1639 2062 rogo
1661 1993 1930 2047 lubentius

351 2087 583 2153 aﬂueris,
614 2087 806 2141 huicne
845 2085 936 2156 qui
967 2085 1140 2154 lignis,
1181 2099 1250 2138 an
1279 2085 1324 2139 ei
1367 2085 1454 2154 qui
1487 2084 1801 2152 corporibus
1850 2083 1930 2137 in-

350 2180 651 2233 ﬂammatus
672 2178 780 2231 sit?
809 2177 999 2246 Liquet
1030 2176 1271 2245 profecto
1299 2175 1437 2244 quod
1463 2176 1511 2229 ei
1542 2175 1628 2244 qui
1660 2175 1815 2244 lignis
1849 2174 1928 2228 itt-

346 2284 542 2323 census
570 2268 638 2322 sit
667 2283 681 2320 :
713 2267 800 2322 ille
822 2268 962 2321 enim
985 2307 1000 2332 ,
1034 2277 1091 2320 ut
1117 2274 1320 2320 natura:
1363 2274 1780 2320 consentaneum
1822 2275 1924 2330 est,

345 2360 517 2425 ardet,
547 2375 609 2413 ac
624 2357 916 2428 jucundum
943 2357 1314 2428 spectaculum
1337 2358 1574 2427 praebet;
1608 2356 1694 2412 hic
1739 2367 1926 2412 contra

344 2449 603 2519 ejusmodi
632 2459 746 2514 est,
777 2449 867 2520 qui
900 2448 1086 2504 nidore
1122 2459 1176 2503 et
1205 2449 1355 2504 sanie
1381 2463 1443 2502 ac
1472 2449 1618 2503 fumo
1645 2458 1701 2504 et
1723 2451 1923 2504 ossium

344 2551 530 2604 latore
548 2561 736 2602 omnes
751 2545 930 2615 procul
951 2545 1146 2615 abigat.
1168 2544 1498 2599 Cohorruisti
1522 2544 1590 2598 ad
1606 2543 1722 2599 bmc
1739 2545 1925 2612 verba,

342 2647 497 2708 atque
519 2652 705 2707 rogum
733 2635 875 2690 hunc
902 2635 1240 2691 exsecraris?
1271 2633 1432 2690 Tales
1464 2635 1646 2704 utique
1673 2645 1800 2690 sont
1835 2635 1921 2691 di-

343 2733 504 2784 vitum
536 2740 752 2784 ventres
779 2747 793 2784 :
823 2728 1080 2798 majorem
1125 2728 1177 2782 in
1219 2728 1323 2781 illis
1346 2768 1366 2793 ,
1406 2743 1565 2797 quam
1599 2729 1650 2782 in
1679 2727 1768 2783 illo
1793 2743 1924 2799 rogo

343 2821 673 2892 putredinem
711 2821 832 2890 quis
870 2819 1142 2889 reperiat;
1184 2827 1242 2872 ut
1279 2819 1491 2872 hetidos
1517 2818 1712 2873 halitus
1737 2829 1791 2874 et
1815 2819 1918 2874 im-

342 2928 497 2982 puras
535 2912 884 2975 deﬂuxiones,
910 2910 1052 2981 quod
1106 2917 1218 2964 toto
1256 2923 1484 2978 corpore
1525 2920 1685 2979 atque
1730 2910 1780 2964 in
1813 2911 1916 2965 sin-

337 3005 467 3074 gulis
495 3003 733 3075 partibus
755 3003 942 3072 ingens
964 3001 1034 3056 ob
1060 3001 1396 3054 saturitatem
1420 2999 1657 3054 eruditas
1672 2997 1913 3054 exsistat.

340 3091 466 3147 Nam
493 3109 613 3148 cum
653 3093 908 3147 naturalis
935 3091 1081 3146 calor
1116 3089 1465 3145 conficiendis
1493 3088 1744 3144 omnibus
1785 3090 1922 3145 cibis

341 3185 476 3238 haud
506 3201 600 3253 par
625 3185 714 3250 sit,
738 3199 922 3238 verum
953 3182 999 3236 is
1025 3183 1284 3237 obruatur
1306 3222 1323 3248 ,
1355 3189 1548 3251 urgent
1573 3179 1681 3247 illi,
1715 3179 1918 3236 fumum

340 3295 544 3332 rursum
575 3277 870 3333 excitantes
891 3315 908 3341 ,
939 3283 1098 3346 atque
1143 3275 1408 3344 ingentem
1449 3273 1746 3328 molestiam
1783 3272 1914 3328 all‘e-

338 3377 538 3423 rentes.
581 3367 803 3422 Cuinam
855 3365 1015 3437 igitur
1067 3365 1144 3420 rei
1182 3379 1371 3420 eorum
1413 3374 1628 3418 ventres
1671 3364 1916 3420 conferre

338 3460 458 3529 quis
513 3459 713 3528 possit?
748 3473 812 3512 ac
832 3457 992 3512 velim
1025 3473 1091 3510 ne
1120 3469 1214 3510 vos
1242 3455 1479 3510 oﬂ'endat
1513 3455 1651 3524 quod
1678 3455 1918 3511 dicturus

336 3565 452 3604 sum
479 3566 493 3614 ;
521 3563 706 3603 verum
735 3551 780 3602 si
815 3547 947 3602 falsa
986 3545 1194 3616 loquar,
1226 3546 1521 3600 orationem
1565 3560 1736 3601 meam
1766 3545 1912 3602 relu-

337 3647 477 3694 tate:
502 3639 740 3704 cuinam,
771 3638 1007 3707 inquam,
1032 3637 1107 3692 rei
1134 3637 1397 3706 ejusmodi
1427 3647 1638 3691 ventres
1665 3636 1912 3692 conferre

336 3729 594 3797 quispiam
625 3727 837 3799 possit?
865 3741 1035 3797 neque
1065 3727 1206 3781 enim
1253 3742 1371 3795 qua:
1417 3726 1668 3794 diximus,
1711 3729 1777 3782 ad
1817 3729 1911 3784 de-

335 3819 640 3874 clarandam
673 3818 860 3874 eorum
889 3817 1158 3872 miseriam
1185 3817 1472 3872 sulticiunt.
1516 3818 1750 3874 Alteram
1787 3836 1909 3874 rur-

1345 317 1411 373 ΙΝ
1448 315 1660 372 εῐιιετ.
1705 316 1744 369 ll
1808 315 1899 368 AD
1937 313 2092 369 COR.
2135 315 2366 373 HOMIL.
2408 317 2544 373 Xlll.

3528 324 3630 378 691)

2042 447 2160 487 sum
2185 432 2466 504 imaginem
2495 432 2688 502 reperi.
2709 432 2876 499 Quam
2903 433 3112 489 tandem
3131 435 3628 503 ?anmadmodnm

2043 519 2097 575 in
2127 523 2345 586 cloacis,
2381 523 2432 577 in
2481 523 2672 594 quibus
2704 539 2892 594 magna
2924 536 3005 580 est
3031 531 3315 592 stercoris,
3348 527 3497 592 feni,
3537 533 3629 584 sti.

2045 613 2203 682 pulte,
2239 613 2470 683 lapidum
2493 629 2556 668 ac
2584 615 2679 667 ltiti
2711 615 2989 678 colluvies.
3011 617 3213 672 crebrae
3231 620 3628 675 ohstructiones

2043 709 2306 770 oriuntur,
2354 721 2419 760 ex
2467 706 2656 776 quibus
2690 707 2745 760 lit
2795 707 3006 762 tandem
3040 717 3096 763 ut
3124 725 3335 764 caenum
3366 712 3432 766 ad
3462 727 3626 784 Supe-

2044 800 2214 855 riores
2257 809 2436 870 partes
2475 814 2595 854 sese
2642 800 2904 855 dill'undat
2933 819 2946 853 :
2979 803 3046 856 ita
3105 803 3266 858 etiam
3327 804 3380 857 in
3436 805 3624 861 horum

2043 899 2231 944 ventre
2282 906 2380 945 usu
2431 891 2575 945 venit
2631 909 2643 944 :
2703 906 2768 946 eo
2819 893 3016 962 quippe
3064 893 3132 946 ab
3189 895 3423 950 inferiori
3479 908 3628 967 parte

2042 982 2338 1051 obstructo,
2371 982 2523 1038 mala:
2565 983 2667 1037 illa:
2697 983 3032 1040 deﬂuxiones
3059 1001 3246 1055 magna
3279 1002 3346 1041 ex
3377 997 3527 1057 parte
3556 990 3623 1044 ad

2041 1076 2347 1143 superiores
2367 1086 2543 1143 partes
2565 1077 2914 1144 regni-gitant.
2942 1079 3008 1129 At
3025 1077 3163 1146 apud
3189 1094 3450 1147 pauperes
3467 1095 3622 1135 secus

2043 1181 2129 1219 res
2153 1165 2328 1220 habet.
2361 1165 2426 1222 Ut
2454 1167 2597 1221 enim
2621 1165 2795 1222 fontes
2818 1209 2832 1233 ,
2861 1169 2948 1238 qui
2980 1183 3142 1236 puros
3163 1170 3344 1224 latices
3372 1169 3620 1238 fundunt,

2040 1268 2198 1328 atque
2248 1257 2432 1314 hertos
2477 1267 2531 1312 et
2581 1269 2729 1326 prata
2784 1260 3024 1328 irrigant,
3070 1261 3137 1314 ita
3185 1261 3373 1316 horum
3410 1279 3626 1336 quoque

2039 1359 2253 1404 ventres
2298 1349 2364 1404 ab
2395 1349 2478 1404 his
2517 1352 2874 1406 excrementis
2919 1352 3037 1420 puri
3072 1363 3192 1406 sunt
3224 1371 3236 1406 :
3267 1368 3387 1408 cum
3436 1365 3620 1414 contra

2039 1442 2257 1496 divitum
2289 1485 2302 1509 ,
2347 1444 2431 1498 vel
2484 1444 2658 1514 potius
2683 1443 2886 1498 deliciis
2915 1445 3240 1500 studentium
3272 1457 3488 1504 ventres
3518 1451 3619 1506 bu-

2039 1534 2276 1588 moribus
2305 1535 2497 1598 noxiis,
2535 1537 2740 1604 pituita,
2773 1536 2898 1603 bile,
2931 1547 3187 1607 corrupto
3212 1541 3492 1610 sanguine,
3527 1560 3624 1612 pu-

2039 1627 2210 1696 trique
2266 1626 2570 1682 dellnxione
2623 1629 2845 1697 aliisque
2897 1628 3200 1698 hujusmodi
3258 1631 3420 1687 rebus
3477 1634 3619 1704 pleni

2036 1717 2161 1769 sint.
2189 1717 2263 1771 Ex
2296 1733 2400 1786 quo
2431 1716 2508 1782 lit,
2534 1727 2590 1772 ut
2615 1733 2681 1773 ne
2702 1718 2766 1772 ad
2796 1719 2958 1774 breve
2985 1721 3198 1789 quidem
3234 1732 3444 1793 tempus
3473 1726 3620 1781 inco-

2037 1807 2197 1862 lumis
2241 1809 2362 1878 quis
2407 1817 2647 1877 perstare
2693 1812 2880 1878 possit,
2927 1811 3017 1880 qui
3057 1827 3271 1881 semper
3315 1814 3367 1868 iu
3412 1815 3618 1872 deliciis

2034 1899 2194 1958 vivat,
2226 1914 2410 1954 verum
2441 1900 2492 1954 in
2523 1902 2792 1968 perpetuis
2835 1901 3035 1955 morbis
3066 1912 3322 1957 versetur.
3358 1905 3616 1973 Quocirca

2033 1989 2220 2044 lubens
2245 2006 2309 2044 ex
2341 1990 2454 2044 istis
2480 1991 2757 2056 scisciter,
2788 2008 2946 2061 quam
2974 1993 3042 2048 ob
3068 2009 3282 2048 causam
3327 1996 3430 2050 cibi
3461 1998 3616 2053 nobis

2031 2081 2272 2136 concessi
2295 2082 2399 2135 sint
2431 2101 2442 2136 :
2471 2091 2528 2136 ut
2559 2082 2886 2139 intereantus
2910 2125 2924 2148 ,
2958 2099 3023 2138 an
3057 2094 3112 2139 ut
3143 2085 3399 2142 alantur?
3439 2091 3612 2146 utad-

2031 2186 2184 2225 versa
2233 2172 2536 2229 valetudine
2565 2174 2867 2230 laboremus
2892 2217 2906 2239 ,
2955 2192 3021 2230 an
3065 2185 3123 2232 ut
3165 2179 3279 2234 sani
3310 2181 3514 2237 simus?
3560 2195 3615 2241 ut

2032 2260 2326 2317 imbecilles
2356 2263 2541 2329 simus,
2566 2280 2632 2319 an
2661 2275 2716 2318 ut
2746 2265 2883 2320 lirtui
2909 2283 2970 2322 ac
2993 2267 3240 2323 robusti?
3266 2261 3611 2344 Perspicuum

2029 2365 2111 2408 est
2133 2355 2274 2425 quod
2309 2355 2577 2412 alimonia:
2601 2399 2615 2422 ,
2649 2360 2890 2414 sanitatis
2911 2402 2924 2424 ,
2954 2361 3253 2433 viriumque
3297 2368 3612 2425 tuendarum

2027 2459 2186 2500 causa
2214 2445 2322 2500 dati
2346 2447 2471 2501 sint.
2497 2447 2604 2504 Cur
2623 2464 2752 2519 ergo
2775 2450 2838 2504 iis
2870 2452 2922 2504 iu
2950 2454 3276 2509 contrarium
3303 2456 3605 2525 abutimiui,

2029 2538 2246 2593 morbos
2273 2547 2434 2610 atque
2464 2539 2882 2597 imbecillitatem
2916 2559 3009 2611 per
3045 2559 3137 2599 eos
3166 2550 3379 2617 corpori
3421 2566 3611 2619 procu—

2028 2629 2241 2683 rantes?
2267 2629 2462 2684 Contra
2488 2645 2692 2700 pauper
2719 2630 2910 2703 frugali
2941 2649 3008 2690 ac
3034 2636 3180 2690 tenui
3205 2639 3325 2693 cibo
3355 2641 3612 2698 valetudi-

2025 2735 2170 2785 nem,
2202 2723 2550 2793 corporisque
2575 2721 2878 2780 lirmitatem
2901 2741 2964 2781 ac
2994 2727 3158 2782 robur
3183 2730 3283 2786 sibi
3300 2748 3604 2804 comparat.

2025 2811 2256 2868 Proinde
2303 2815 2372 2868 ob
2424 2825 2828 2885 paupertatem,
2870 2819 3116 2875 sanitatis
3171 2836 3486 2892 parentem,
3541 2846 3609 2884 ne

2024 2902 2343 2976 lacrytuare,
2374 2905 2468 2960 sed
2495 2907 2669 2975 potius
2690 2910 2936 2976 exsulta;
2966 2919 3020 2966 et
3045 2913 3091 2966 si
3120 2914 3210 2966 tibi
3241 2915 3438 2971 divitia:
3457 2921 3606 2974 cordi

2023 3003 2169 3059 sunt,
2222 2994 2435 3050 divitias
2479 3007 2785 3054 contemne.
2832 2999 2886 3053 lu
2934 3003 3035 3056 hoc
3083 3005 3223 3058 enim
3273 3009 3606 3076 potissimum

2022 3098 2150 3153 opes
2174 3086 2360 3154 posit-.c
2391 3096 2534 3152 sunt,
2570 3102 2674 3142 non
2704 3098 2759 3143 ut
2784 3089 2906 3160 quis
2936 3091 3148 3148 divitias
3176 3094 3388 3162 habeat,
3422 3101 3514 3155 sed
3551 3112 3607 3157 ιιι

2021 3193 2090 3233 ne
2119 3178 2319 3234 habere
2345 3179 2560 3251 quidem
2591 3190 2764 3236 curet.
2793 3181 2847 3237 ld
2880 3184 3020 3252 quod
3050 3186 3092 3239 si
3123 3185 3298 3257 adepti
3327 3189 3602 3261 fuerimus,

2021 3277 2075 3324 et
2102 3268 2188 3324 hic
2215 3269 2466 3326 divitibus
2491 3271 2742 3326 omnibus
2782 3273 3113 3342 capiosiores
3152 3277 3386 3346 erimus,
3417 3291 3470 3336 et
3499 3284 3605 3339 illic

2019 3362 2195 3416 futura
2215 3361 2349 3416 bona
2369 3377 2763 3432 consequemur
2786 3381 2796 3415 :
2823 3379 2942 3432 quae
2967 3365 3165 3420 utinam
3190 3383 3599 3441 consequamur,

2020 3467 2117 3522 per
2158 3453 2383 3523 gratiam
2441 3468 2503 3507 ac
2550 3452 2934 3523 benignitatem
2991 3455 3200 3511 Domini
3253 3463 3420 3515 nostri
3475 3464 3613 3520 Jesu.

2017 3543 2236 3608 Christi,
2265 3544 2349 3598 cui
2378 3559 2498 3598 eum
2529 3543 2685 3598 Patre
2725 3553 2778 3598 et
2822 3543 3022 3613 Spiritu
3053 3559 3239 3604 saneto
3269 3552 3469 3621 gloria,
3502 3555 3601 3609 itit-

2018 3639 2245 3706 perium,
2277 3636 2472 3702 honor,
2507 3651 2648 3690 nunc
2677 3645 2731 3689 et
2755 3650 2970 3706 semper
2993 3680 3006 3703 ,
3035 3649 3090 3694 et
3119 3641 3170 3695 in
3205 3643 3396 3698 szecula
3427 3660 3600 3702 Siccu-

2017 3731 2206 3784 lorum.
2239 3731 2425 3783 Amen.

3179 3934 3592 3959 “ﬁ.

1640 4000 1985 4064 HOMILIA
2027 4001 2203 4062 Xlll.

331 4107 463 4162 Cu.
493 4104 546 4160 6.
575 4119 626 4158 v.
670 4103 758 4160 ll.
792 4102 862 4156 0s
887 4111 1111 4156 nostrum
1149 4111 1285 4172 patet
1315 4102 1382 4154 ad
1421 4116 1504 4155 vos
1528 4143 1544 4167 ,
1571 4118 1601 4154 ο
1635 4100 1904 4168 Corinthii,

404 4214 493 4251 cor
521 4204 746 4250 nostrum
783 4195 1051 4248 dilatatum
1070 4202 1161 4247 est.
1187 4192 1271 4247 12-
1306 4191 1424 4245 Non
1463 4193 1820 4262 angustiamini
1856 4195 1908 4247 in

405 4288 566 4352 nobis,
593 4285 953 4357 ungustiamini
977 4294 1143 4338 autem
1164 4284 1215 4337 in
1240 4284 1509 4337 visceribus
1535 4285 1730 4338 uestris.

410 4381 457 4434 l.
482 4379 769 4448 Postquam
809 4377 1132 4432 tentationes
1156 4390 1283 4430 suas
1324 4387 1377 4431 et
1403 4375 1718 4432 alilietiones
1748 4392 1911 4448 expo-

335 4472 470 4536 suit;
503 4468 570 4522 In
591 4468 832 4538 patientia
856 4469 1020 4534 enim,
1051 4467 1242 4533 inquit,
1273 4468 1327 4521 in
1350 4469 1588 4523 (erumnis
1610 4508 1626 4534 ,
1653 4469 1706 4522 in
1733 4485 1908 4524 ncces-

333 4561 562 4616 sitatibus
581 4601 596 4625 ,
623 4560 677 4614 in
705 4559 1038 4629 angustiis,in
1054 4555 1240 4625 plagis,
1258 4558 1311 4611 in
1322 4555 1628 4619 carceribus,
1645 4557 1696 4610 in
1710 4560 1910 4613 incertis

333 4651 552 4713 sedibus,
579 4649 633 4703 in
658 4647 929 4713 laboribus,
957 4648 1012 4702 in
1035 4648 1216 4718 uigiliis
1232 4665 1254 4714 ;
1278 4656 1437 4718 atque
1471 4648 1658 4719 ingens
1707 4649 1760 4705 id
1810 4651 1909 4706 bo-

335 4755 459 4794 num
485 4753 606 4795 esse
629 4737 897 4804 «tendit;
925 4737 1069 4792 Sicut
1101 4737 1266 4792 tristes
1294 4739 1468 4804 enim,
1499 4739 1691 4810 inquit,
1713 4757 1910 4810 semper

333 4841 498 4886 autem
519 4831 826 4903 gaudentes;
848 4832 978 4884 sicut
1001 4839 1198 4901 egentes
1216 4868 1233 4897 ,
1271 4830 1458 4886 multos
1486 4841 1655 4886 autem
1681 4833 1908 4904 locuple-

336 4931 530 4986 tantes;
552 4931 806 4991 tamquam
833 4921 960 4975 nihil
990 4921 1246 4986 habentes,
1290 4933 1334 4975 et
1360 4922 1528 4976 omnia
1555 4924 1863 4992 possidentes
1889 4941 1909 4978 :

336 5021 447 5067 tum
469 5016 628 5068 etiam
657 5027 808 5067 arma
834 5026 897 5066 ea
931 5025 1052 5066 esse
1075 5011 1243 5079 dixit;
1279 5011 1347 5067 Ut
1371 5013 1604 5084 castigati
1627 5013 1792 5081 enim,
1815 5014 1910 5079 ait,

336 5115 503 5159 etnon
535 5104 827 5172 morti/ictui
858 5121 876 5158 :
898 5112 1058 5172 atque
1108 5104 1328 5174 insuper
1356 5119 1602 5176 magnam
1643 5106 1734 5160 Dei
1785 5121 1912 5178 erga

337 5211 436 5250 nos
462 5211 645 5250 curam
671 5211 734 5250 ac
764 5195 1056 5265 potentiam
1088 5211 1180 5265 per
1204 5212 1266 5252 ea
1285 5197 1611 5262 declaravit;
1648 5195 1716 5255 Ut
1744 5198 1912 5265 enim,

337 5288 526 5356 inquit,
555 5285 840 5341 sublimitas
864 5287 1060 5340 uirtutis
1085 5286 1148 5340 sit
1189 5285 1303 5354 Dei,
1335 5297 1383 5341 et
1410 5304 1512 5344 non
1551 5304 1614 5343 ea:
1640 5289 1782 5344 nobis
1812 5305 1916 5344 :ac

337 5379 596 5447 praeterea
625 5379 915 5434 certamina
941 5393 1154 5449 quoque
1178 5392 1274 5432 sua
1302 5380 1671 5447 enumeravit;
1703 5381 1916 5452 Semper

335 5470 504 5536 enim,
556 5469 745 5539 inquit,
793 5470 953 5538 ipsius
1005 5469 1438 5538 mortificationem
1477 5473 1917 5543 circumfer-intus:

337 5560 579 5632 illudque
609 5563 734 5618 item
761 5563 984 5626 addidit,
1013 5578 1075 5617 ea
1121 5563 1458 5632 perspicuum
1508 5567 1919 5623 resurrectionis

337 5663 717 5724 argumentum.
737 5669 892 5719 esse;
927 5651 994 5709 Ut
1039 5653 1180 5709 enim
1213 5662 1257 5706 et
1285 5654 1383 5707 vita
1412 5653 1559 5719 Jesu,
1591 5657 1777 5728 inquit,
1806 5675 1918 5712 ma-

339 5745 604 5815 nifestetur
648 5745 700 5801 in
754 5762 903 5801 carne
931 5755 1099 5802 nostra
1142 5747 1340 5802 titortali
1371 5762 1390 5800 :
1417 5747 1480 5803 ad
1523 5747 1637 5805 hzec
1691 5766 1913 5821 quantm

2018 4118 2195 4157 rerum
2229 4099 2490 4170 particeps
2519 4094 2780 4150 exstiterit
2803 4133 2819 4161 ,
2851 4110 3074 4166 quaeque
3107 4098 3271 4168 ipsius
3292 4102 3415 4158 ﬁdei
3445 4121 3595 4162 com.

2017 4197 2178 4248 missa
2209 4191 2438 4255 fuerint;
2494 4182 2825 4242 Pro-Christo
2851 4189 2992 4243 enim
3020 4193 3270 4261 legatione
3312 4199 3595 4269 fungimur,
3626 4195 3629 4198 ’

2019 4285 2208 4355 inquit,
2233 4293 2488 4352 tamquam
2505 4279 2612 4334 Deo
2634 4297 2723 4349 per
2743 4296 2833 4335 nos
2851 4281 3150 4338 exhortante
3170 4302 3189 4338 :
3209 4295 3368 4358 atque
3384 4294 3599 4363 insuper

2016 4393 2239 4449 quarum
2268 4389 2447 4431 rerum
2472 4374 2718 4428 minister
2736 4375 2825 4438 sit,
2859 4376 3108 4431 nimirum
3136 4393 3242 4434 non
3270 4381 3438 4438 literae
3457 4426 3473 4452 ,
3501 4389 3597 4442 sed

2015 4472 2232 4540 spiritus
2264 4486 2277 4522 :
2309 4482 2372 4522 ac
2397 4466 2630 4535 denique
2667 4466 2810 4535 quod
2851 4481 2958 4522 non
3008 4483 3074 4522 eo
3128 4478 3330 4528 tantum
3382 4479 3598 4536 nomine

2015 4559 2354 4617 venerandus
2384 4559 2473 4621 sit,
2505 4557 2599 4612 sed
2626 4557 2786 4611 etiam
2811 4557 2882 4612 ob
2914 4561 3269 4630 tentationes;
3295 4564 3402 4621 Deo
3427 4570 3594 4634 enim.

2016 4654 2203 4724 inquit,
2234 4651 2420 4723 gratia,
2453 4649 2535 4720 qui
2564 4665 2656 4703 nos
2694 4664 2890 4718 semper
2913 4650 3193 4721 triumphat
3221 4669 3240 4708 :
3277 4655 3386 4724 jam
3412 4658 3478 4714 ad
3504 4676 3598 4717 eos

2015 4742 2374 4814 objurgandos
2402 4754 2461 4795 se
2485 4740 2745 4810 accingit,
2775 4747 2832 4792 ut
2856 4754 3039 4809 parum
3070 4741 3152 4796 sui
3179 4745 3466 4804 studiosos.
3489 4750 3597 4806 Nec

2015 4835 2081 4890 ad
2111 4835 2212 4890 hoc
2238 4835 2416 4890 statim
2443 4832 2738 4887 orationem
2765 4829 2994 4896 confert,
3018 4847 3202 4887 verum
3227 4835 3277 4889 id
3299 4839 3446 4906 prius
3465 4840 3594 4912 agit,

2017 4937 2074 4982 ut
2099 4941 2249 4982 suam
2278 4939 2406 4994 erga
2431 4937 2525 4978 eos
2558 4921 2897 4976 dilectionem
2927 4924 3192 4989 ostendat,
3223 4937 3382 4998 atque
3407 4931 3477 4986 ita
3504 4932 3598 4992 de-

2016 5035 2160 5074 mum
2185 5019 2238 5072 in
2267 5013 2574 5086 hujusmodi
2601 5025 2905 5067 sermonem
2934 5013 3246 5084 ingreditur.
3274 5019 3406 5074 Nam
3436 5024 3538 5077 etsi
3568 5038 3596 5076 a

2018 5109 2178 5166 rebus
2197 5107 2454 5178 praeclare
2477 5103 2643 5175 gestis
2672 5103 2994 5159 venerabilis
3016 5117 3096 5160 est
3139 5109 3184 5162 is
3204 5110 3291 5178 qui
3318 5111 3558 5184 increpat
3580 5157 3596 5180 ,

2017 5209 2252 5256 attamen
2281 5213 2422 5268 cum_
2442 5194 2730 5250 amicitiam
2759 5194 2976 5250 exhibet
3002 5212 3123 5266 erga
3152 5215 3245 5254 eos
3265 5217 3401 5272 quos
3427 5207 3594 5261 coni.

2019 5293 2116 5362 pit,
2140 5289 2548 5347 tolerabiliorem
2575 5301 2875 5343 sermonem
2899 5289 3088 5344 reddit.
3113 5289 3233 5346 Ideo
3255 5295 3367 5364 ipse
3389 5311 3602 5367 quoque

2020 5383 2218 5439 Paulus
2242 5396 2275 5438 e
2304 5379 2689 5436 tentationibus
2717 5379 2830 5433 suis
2852 5391 2916 5434 ac
2943 5379 3226 5436 sudoribus
3259 5392 3313 5436 et
3341 5387 3601 5441 certami-

2021 5473 2176 5528 nibus
2220 5483 2466 5542 egressus
2485 5509 2502 5534 ,
2532 5467 2599 5522 ad
2628 5481 2933 5522 sermonem
2961 5467 3030 5522 de
3071 5470 3294 5526 caritate
3321 5475 3529 5544 transit,
3549 5485 3605 5532 et

2022 5565 2098 5620 sic
2148 5563 2269 5618 illos
2311 5560 2576 5632 objurgat.
2622 5558 2879 5625 Quaenam
2921 5571 3051 5629 ergo
3089 5574 3199 5612 suze
3227 5574 3321 5615 eos
3367 5563 3604 5622 caritatis

2025 5661 2330 5725 argumenta
2359 5649 2551 5706 affert?
2598 5648 2670 5704 0s
2707 5657 2934 5702 nostrum
2971 5657 3106 5718 patet
3131 5649 3202 5704 ad
3227 5667 3332 5719 vos,
3361 5670 3391 5708 ο
3416 5653 3601 5711 Coriu.

2028 5747 2137 5804 thii.
2171 5747 2236 5804 Et
2261 5744 2526 5816 quodnam
2550 5742 2785 5800 caritatis
2813 5748 3186 5812 argumentum
3235 5743 3336 5801 hoc
3367 5751 3487 5802 est?
3515 5760 3612 5811 aut.
