4090 6216
503 348 596 405 ιοί

501 464 626 537 quid
655 461 875 517 omnino
899 459 1014 512 haec
1040 451 1141 510 sibi
1163 449 1321 506 verba
1349 444 1573 501 volunt?
1595 442 1712 498 Non
1735 441 2080 505 sustinemus,

502 531 693 629 inquit,
716 550 930 607 silentio
953 546 1018 598 ad
1046 558 1141 596 vos
1169 541 1265 601 uti,
1295 537 1389 592 sed
1412 536 1749 591 continenter
1774 546 1868 586 vos
1888 531 2084 600 alloqui

503 623 662 721 atque
689 643 982 698 oralionem
1013 632 1078 688 ad
1109 647 1202 684 vos
1231 628 1428 683 habere
1452 625 1710 696 gestimus
1741 642 1754 678 :
1787 623 1872 693 qui
1902 636 2086 687 aman-

505 719 632 795 tium
673 750 787 789 mos
810 737 913 786 est.
946 724 1081 782 Nam
1123 720 1265 792 quod
1322 719 1372 772 in
1426 730 1654 786 corpore
1680 721 1804 769 sunt
1833 727 2082 767 manuum

501 828 829 898 complexus,
865 825 966 873 hoc
993 816 1044 871 in
1068 813 1246 867 animo
1270 819 1353 867 est
1380 807 1645 863 sermonis
1673 803 2082 860 commercium.

500 923 581 980 Ad
611 894 710 975 hoc
732 916 890 971 etiam
933 907 1075 965 aliud
1105 903 1491 962 subindieatur.
1537 898 1673 967 Quid
1719 896 1882 951 illud?
1931 894 2085 964 Apud

500 1029 616 1075 vos,
645 1008 837 1078 inquit,
884 1016 1019 1074 quos
1044 996 1350 1054 carissimos
1378 992 1655 1053 habemus,
1700 996 1888 1042 cuncta
1921 985 2087 1039 libere

494 1107 767 1177 loquimur
789 1142 804 1165 ,
839 1097 965 1153 nihil
993 1089 1388 1149 dissimulantes
1431 1093 1520 1136 aut
1559 1089 1914 1136 reservantes.
1940 1077 2085 1145 Quo-

502 1168 643 1254 niam
661 1194 803 1250 enim
817 1190 924 1261 jam
946 1185 1325 1255 objurgaturus
1344 1185 1443 1239 est,
1470 1174 1667 1228 idcirco
1688 1171 1895 1225 veniam
1924 1168 2082 1238 petit;

501 1288 629 1344 illud
661 1258 857 1354 ipsum,
907 1276 1047 1349 quod
1088 1286 1183 1328 eus
1222 1269 1389 1324 libere
1413 1264 1694 1334 obiurget,
1750 1259 1988 1354 ingentis.
2006 1258 2086 1311 sui

503 1396 628 1452 erga
659 1348 753 1432 eos
776 1348 975 1427 amoris
994 1367 1374 1422 documentum
1395 1371 1516 1412 esse
1543 1362 1803 1408 statuens.
1831 1349 1948 1405 Jam
1975 1348 2087 1417 ipsa

504 1440 717 1544 quinque
745 1462 975 1521 nominis
1004 1456 1233 1527 adjectio
1260 1465 1462 1521 magna:
1483 1446 1731 1502 amicitiae
1751 1458 1814 1498 ac
1835 1440 2089 1496 ferventis

504 1565 725 1621 allectus
745 1557 1014 1631 specimen
1036 1549 1195 1605 habet
1219 1566 1234 1602 :
1263 1560 1385 1600 nam
1407 1552 1463 1597 et
1481 1555 1665 1597 eorum
1695 1551 1832 1607 quos
1851 1547 2091 1590 amamus

506 1655 645 1712 nuda
691 1626 904 1708 nomina
937 1643 1090 1699 nobis
1119 1636 1408 1695 identidem
1448 1634 1504 1688 in
1527 1646 1623 1686 ore
1650 1628 1850 1684 versari
1895 1626 2087 1681 solent.

505 1746 606 1803 Cor
650 1753 879 1799 nostrum
922 1735 1191 1788 dilatatam
1215 1736 1308 1782 est.
1345 1720 1803 1794 Quemadmodum
1834 1717 1975 1772 enim
2007 1716 2088 1782 id,

506 1835 648 1906 quod
676 1834 909 1890 calorem
933 1825 1107 1889 aﬂ'crt,
1130 1818 1355 1876 dilatare
1392 1814 1528 1870 solet
1560 1831 1573 1865 :
1607 1812 1678 1865 ita
1706 1810 1868 1865 etiam
1896 1807 2091 1861 carita-

508 1900 576 1983 tis
616 1936 809 1980 munus
837 1928 920 1975 est
968 1914 1196 1971 dilatare
1223 1928 1239 1965 :
1264 1906 1432 1963 calida
1464 1904 1659 1974 quippe
1682 1915 1746 1955 ac
1775 1900 1985 1954 fervens
2012 1906 2092 1951 est

506 2022 693 2077 virtus.
723 2016 850 2080 Haec
876 2024 938 2067 os
974 2019 1185 2079 quoque
1212 2000 1360 2058 Pauli
1398 1996 1692 2068 aperiebat,
1715 2000 1770 2048 et
1788 2005 1882 2047 cor
1904 1989 2094 2044 dilata-

507 2119 618 2172 bat.
645 2111 828 2181 Neque
844 2107 987 2161 enim
1005 2116 1099 2156 ore
1120 2104 1324 2152 tantum
1337 2104 1479 2153 amo,
1503 2088 1706 2159 inquit;
1727 2099 1911 2181 verum
1931 2081 2091 2181 etiam

508 2223 603 2263 eor
633 2172 804 2277 ipsum
833 2200 886 2254 in
909 2207 1093 2250 amore
1131 2192 1392 2245 consonat
1428 2199 1441 2234 :
1471 2182 1593 2236 ideo
1618 2193 1739 2233 eum
1786 2174 1974 2230 ﬁducia
2012 2172 2093 2225 Io-

506 2313 661 2371 quor,
692 2303 803 2349 toto
829 2306 946 2356 ore,
973 2301 1036 2342 ac
1063 2291 1169 2339 tota
1196 2286 1396 2335 meute.

584 2356 735 2445 Pauli
766 2400 911 2441 amor
934 2396 1057 2452 erga
1084 2390 1255 2432 omnes
1289 2378 1522 2442 quantus.
1547 2396 1619 2407 -—
1636 2363 1751 2419 Non
1781 2361 1922 2416 enim
1947 2356 2093 2413 Pauli

508 2484 669 2543 corde
694 2448 1164 2553 quidquam‘latius
1179 2472 1316 2530 erat,
1335 2459 1477 2553 quod
1506 2458 1621 2529 pios
1641 2468 1847 2518 omnes,
1872 2448 2096 2553 perinde

509 2539 669 2646 atque
704 2539 941 2624 amasius
966 2559 1227 2634 quispiam
1250 2596 1266 2621 ,
1313 2552 1448 2607 adeo
1476 2557 1626 2602 arcto
1649 2558 1830 2600 amore
1861 2539 2098 2646 comple-

508 2630 776 2727 ctebatur,
804 2672 909 2713 non
937 2630 1057 2709 sese
1076 2645 1357 2706 scindente
1379 2640 1547 2712 ipsius
1570 2635 1805 2692 amicitia
1845 2642 1899 2687 et
1926 2630 2099 2685 imbe-r

509 2757 782 2817 cillitateui
804 2744 1176 2807 contrahente,
1195 2736 1290 2793 sed
1306 2737 1511 2804 integra
1528 2731 1580 2785 in
1600 2741 1812 2798 unoque
1825 2731 2093 2795 manente.

512 2815 578 2904 Et
621 2843 746 2916 quid
797 2840 992 2894 mirum
1034 2833 1194 2889 talem
1237 2827 1409 2898 ipsius
1452 2825 1504 2877 in
1549 2821 1664 2890 pios
1692 2819 1833 2872 viros
1862 2815 2095 2916 animum

512 2907 696 3001 fuisse,
728 2946 849 2987 cum
871 2929 1030 2984 etiam
1059 2926 1110 2978 iu
1143 2916 1451 2977 inﬁdelibus
1469 2928 1565 2968 cor
1595 2911 1759 2982 ipsius
1788 2907 2095 2965 universum

515 2998 775 3087 terrarum
803 3022 988 3079 orbem
1018 3008 1469 3084 amplecteretur?
1495 3004 1622 3060 ideo
1642 3016 1747 3058 non
1777 2999 1929 3064 dixit,
1962 2998 2099 3051 Amo

512 3137 628 3188 vos,
655 3118 770 3183 sed,
800 3112 939 3186 quod
965 3110 1221 3180 majorem
1247 3099 1545 3172 emphasim
1573 3096 1753 3159 habet,
1779 3092 1850 3148 0s
1869 3099 2095 3145 nostrum

514 3180 668 3288 patet,
698 3180 785 3267 cor
809 3180 1034 3262 nostrum
1063 3200 1332 3255 dilatatam
1362 3201 1473 3258 est;
1514 3202 1705 3288 omnes
1743 3186 1909 3286 intus.
1932 3180 2096 3285 habe:

517 3272 675 3361 iuus':
702 3317 767 3357 ac
792 3316 859 3354 ne
887 3296 940 3351 id
979 3293 1195 3365 quidem
1227 3296 1550 3355 utcumque,
1594 3279 1689 3335 sed
1728 3291 1850 3332 cum
1896 3272 2097 3365 ingenti

513 3394 880 3469 amplitudine.
905 3363 1037 3444 Nam
1056 3384 1144 3456 qui
1166 3388 1395 3441 amatur,
1419 3377 1471 3431 in
1492 3371 1678 3427 intimo
1693 3367 1923 3469 amantis
1937 3363 2099 3467 corde

515 3456 632 3547 sine
661 3487 770 3543 ullo
798 3493 940 3539 metu
971 3473 1279 3535 obambulat
1311 3487 1325 3523 :
1357 3467 1557 3523 idcirco
1572 3465 1666 3529 ait,
1693 3459 1814 3514 Non
1837 3456 2100 3528 angustia-

515 3580 639 3634 mini
662 3579 715 3630 in
744 3573 907 3633 nobis,
929 3562 1292 3636 angustiamini
1321 3570 1488 3614 autem
1509 3557 1563 3609 in
1591 3550 1862 3608 visceribus
1901 3546 2093 3602 vestris.

517 3667 948 3740 Ubjurgationem
980 3658 1103 3713 vide
1133 3671 1238 3710 non
1265 3665 1428 3723 parva
1466 3643 2097 3740 indulgentiatempera-

518 3729 628 3816 tam
661 3729 757 3812 ξω
785 3751 924 3825 quod
951 3759 1272 3819 magnopere
1293 3737 1585 3797 amantium
1624 3743 1728 3790 est.
1780 3731 1899 3787 Non
1943 3729 2096 3795 dixit,

522 3852 628 3905 Vos
679 3862 766 3903 me
813 3859 919 3899 non
961 3840 1173 3907 amatis,
1224 3834 1342 3901 sed,
1384 3832 1501 3887 Non
1549 3828 1662 3900 pari
1693 3825 1897 3881 modo:
1927 3837 2100 3892 neque

518 3943 662 3999 enim
691 3936 805 3993 vult
831 3932 1073 4004 asperius
1098 3942 1193 3984 eos
1218 3922 1489 3980 insectari.
1520 3921 1599 3975 Ac
1629 3917 1825 3989 passim
1876 3926 2101 3969 cernere

521 4042 605 4091 est
630 4027 899 4103 quomodo
940 4018 1237 4079 incredibili
1267 4014 1498 4087 quodam
1529 4009 1762 4103 fidelium
1791 4020 1974 4103 amore
2000 4003 2101 4103 lla-

523 4092 662 4197 gret,
680 4122 724 4176 si
746 4119 864 4191 quis
883 4132 946 4170 ex
974 4111 1197 4182 singulis
1216 4105 1457 4177 epistulis
1479 4098 1781 4156 testimonia
1793 4096 2002 4197 seligatt‘.
2021 4092 2103 4149 Ad

527 4185 795 4273 llomanos
817 4208 960 4265 enim
977 4203 1215 4259 scribens
1230 4197 1326 4263 ait,
1345 4194 1509 4263 Cupio
1529 4191 1697 4246 videre
1719 4202 1838 4253 vos;
1858 4194 1933 4251 et,
1954 4185 2105 4254 Saepe

526 4303 765 4380 praposui
808 4299 975 4356 venire
998 4293 1066 4348 ad
1095 4306 1181 4346 vos
1200 4307 1216 4353 ;
1243 4295 1316 4351 et,
1349 4284 1410 4341 Si
1437 4299 1536 4354 quo
1571 4281 1732 4380 modo.
1756 4278 1971 4380 tandem
2010 4277 2106 4380 ali-

526 4369 729 4471 quando
759 4403 1056 4465 prosperum
1094 4386 1190 4438 iter
1232 4378 1442 4434 habeam
1485 4374 1551 4428 ad
1577 4389 1663 4427 vos
1714 4370 1899 4445 (Rom.
1931 4371 1982 4424 1.
2018 4369 2102 4423 11.

529 4463 617 4551 is.
651 4463 766 4562 to)‘
830 4487 911 4544 Ad
943 4483 1155 4540 Galatas
1182 4486 1358 4534 autem
1409 4466 1924 4562 litecrdicitLFilioli
1973 4463 2103 4528 mei,

529 4601 654 4658 riuos
680 4556 863 4637 iterum
899 4573 1134 4648 parturio
1165 4567 1325 4638 (Gal.
1352 4566 1407 4621 4.
1441 4561 1544 4633 19)
1568 4577 1583 4625 ;
1610 4560 1676 4615 ad
1707 4556 1971 4628 Ephesios
1993 4568 2109 4658 ruro

528 4649 659 4744 sus,
705 4671 878 4744 Hujus
903 4643 1003 4720 vrei
1050 4661 1218 4736 gratia
1273 4659 1421 4729 ﬂecto
1465 4668 1630 4725 genua
1672 4665 1786 4704 mea
1834 4663 1926 4744 pro
1973 4643 2111 4744 vobis

533 4772 550 4838 (
577 4737 768 4839 Ephes.
866 4757 968 4829 14)
991 4755 1086 4825 ;ad
1111 4751 1477 4821 Philippenses
1496 4745 1583 4839 (al
1609 4750 1809 4807 autem,
1841 4737 2111 4839 Quatenim

530 4831 603 4913 cst
625 4831 742 4924 apes
775 4869 886 4907 mea
907 4857 993 4903 aut
1024 4845 1266 4920 gaudium
1316 4848 1402 4894 aut
1452 4835 1630 4908 gloria:
1672 4831 1898 4887 corona?
1941 4844 2112 4882 annon

532 4964 616 5002 eos
644 4923 735 5015 (1.
766 4944 941 4999 Thess.
970 4941 1028 5003 2,
1052 4939 1120 4994 19
1140 4939 1205 5009 )‘l
1235 4936 1371 5003 Quin
1404 4948 1462 4987 se
1487 4939 1543 4986 et
1572 4929 1623 4982 in
1650 4925 1817 4982 corde
1844 4933 1897 4980 et
1919 4924 1970 4977 in
1999 4923 2114 4976 vin-

532 5038 668 5098 culis
687 5050 781 5091 eos
804 5031 1149 5089 circumferre
1178 5027 1388 5083 dicebat
1432 5023 1450 5094 (
1475 5022 1705 5091 Philipp.
1739 5019 1790 5074 1.
1823 5016 1915 5090 7).
1947 5015 2115 5071 Porro

530 5146 654 5190 cum
675 5126 744 5184 ad
779 5124 1127 5180 Colossenses
1161 5117 1367 5181 scribit,
1398 5113 1581 5185 Cupio,
1606 5112 1797 5182 inquit,
1828 5111 1994 5164 videre
2030 5123 2116 5162 vos

531 5235 776 5298 quantum
799 5226 1052 5273 certamen
1077 5210 1287 5264 habeam
1317 5223 1408 5277 pro
1436 5206 1594 5271 vobis,
1624 5215 1672 5259 et
1704 5204 2003 5274 quicumque
2028 5205 2111 5271 [a-

533 5294 658 5371 ciem
702 5323 861 5366 meam
911 5320 1012 5358 non
1055 5300 1285 5357 uiderunt
1313 5298 1365 5351 in
1406 5310 1559 5348 carne
1590 5305 1684 5348 :ut
1726 5294 2118 5348 consolationem

536 5407 750 5462 habeant
776 5398 930 5456 corda
956 5402 1128 5451 vestra
1147 5390 1378 5466 (Coloss.
1399 5388 1455 5443 2.
1503 5389 1528 5444 1
1556 5388 1574 5459 )
1599 5404 1615 5455 ;
1654 5396 1709 5444 et
1735 5387 1802 5442 ad
1830 5385 2118 5442 Thessalo-

538 5500 784 5556 nlcenses
802 5534 818 5559 ,
846 5484 1291 5556 Quemadmodum
1315 5482 1360 5539 si
1392 5481 1565 5538 nutrix
1606 5484 1768 5552 foueat
1806 5478 1940 5546 ﬁlios
1965 5492 2083 5531 suos
2101 5515 2116 5540 ,

541 5592 609 5644 ita
643 5587 982 5649 desiderantes
1012 5597 1097 5635 vos
1125 5578 1447 5651 cupiebamus
1474 5576 1614 5630 vobis
1640 5572 1764 5627 dare
1784 5610 1799 5636 ,
1828 5586 1927 5624 nou
1955 5568 2118 5622 solum

606 5729 679 5787 (τι)
699 5724 794 5777 llic
817 5733 952 5787 error
976 5715 1309 5787 ess_e_videtur
1335 5730 1361 5786 ε.
1376 5714 1525 5787 verba
1563 5713 1708 5781 enim
1729 5713 1989 5787 sequentia
2022 5720 2121 5761 non

542 5775 958 5853 Ph‘irlii'pp‘ensibus,
983 5781 1069 5829 sed
1089 5775 1598 5832 'l'hessalomcensibtts
1621 5775 1796 5834 scripta
1818 5781 1947 5822 sunt.

1229 332 1288 389 S.
1325 328 1602 387 JOANNIS
1639 317 2116 383 CHRYSOSTOMl
2153 324 2466 385 ARCHIEP.
2506 322 3029 386 CONS‘TANTINOP.

3674 329 3777 388 ιςσέ

2193 443 2539 513 evangelium,
2588 446 2675 499 sed
2720 448 2869 500 etiam
2915 452 3114 501 animos
3155 457 3351 501 nostras
3392 449 3409 517 (
3442 451 3490 502 l.
3520 444 3695 505 Thess.
3719 452 3770 504 Ξ.

2193 534 2244 587 7.
2274 534 2347 603 8)
2370 550 2385 598 ;
2411 543 2522 589 tum
2549 535 2712 590 etiam
2737 537 2802 590 ad
2830 537 3191 602 Timotheum,
3222 538 3417 593 Mentor
3438 541 3775 611 lacrymarum

2192 633 2411 688 tuarum,
2436 636 2492 677 ut
2519 626 2710 695 gaudio
2736 627 2957 696 implear
2992 628 3013 701 (
3041 629 3097 683 2.
3124 628 3260 683 Tim.
3293 633 3342 685 1.
3389 632 3424 686 4
3445 642 3482 701 ).
3529 632 3598 687 Ει
3653 650 3771 688 cum

2199 713 2265 768 ad
2295 714 2473 768 Titum
2497 717 2721 782 scribit,
2755 717 2953 804 pilecto
2996 720 3105 788 ﬁlio
3138 721 3157 790 (
3185 720 3284 775 Tit.
3336 722 3384 776 l.
3427 722 3534 794 4);
3566 731 3619 777 et
3649 724 3773 778 item

2193 804 2256 859 ad
2281 805 2646 862 Philemonem
2678 809 2927 864 similiter
2952 809 2971 878 (
3000 809 3217 865 Philem.
3244 813 3296 867 1.
3326 814 3351 868 1
3381 813 3420 883 ).

2235 895 2288 949 2.
2311 896 2389 949 Ad
2410 897 2523 953 haec
2540 897 2591 952 in
2609 898 2843 967 Epistola
2865 898 2930 954 ad
2949 900 3201 956 Hebraeos
3219 902 3382 956 multa
3400 904 3500 958 alia
3513 902 3775 973 ejusmodi

2193 987 2401 1053 scribit,
2435 1003 2532 1044 nec
2562 1000 2738 1045 cessat
2762 992 3030 1047 consolari
3067 1008 3130 1048 ac
3158 994 3340 1050 dicere
3364 1013 3379 1048 :
3403 996 3584 1050 Adhuc
3610 997 3775 1050 modi-

2192 1093 2305 1130 cum
2329 1079 2738 1149 aliquantulum,
2776 1092 2824 1137 et
2860 1084 2946 1154 qui
2980 1095 3221 1141 venturus
3261 1096 3362 1154 est,
3405 1089 3560 1143 veniet
3602 1099 3648 1143 et
3677 1106 3775 1144 non

2194 1173 2413 1226 tardabit
2441 1174 2459 1246 (
2481 1173 2639 1229 Hebr.
2670 1177 2755 1231 10.
2784 1177 2887 1243 57)
2920 1177 3183 1247 sperinde
3218 1179 3464 1235 videlicet
3492 1195 3556 1236 ac
3583 1181 3629 1236 si
3660 1188 3775 1237 nta-

2140 1333 2145 1339 ~
2197 1273 2278 1318 ter
2299 1264 2436 1320 filios
2464 1266 2621 1321 taedio
2647 1283 2710 1321 ac
2736 1283 2968 1324 moerere
3011 1269 3320 1325 laborantes
3344 1272 3662 1343 alloquatur.
3690 1272 3776 1329 Sic

2196 1365 2248 1411 et
2279 1356 2404 1421 illis,
2432 1357 2553 1412 Non
2598 1361 2962 1431 angustiamini
2989 1361 3043 1414 in
3063 1361 3238 1427 nobis,
3267 1362 3457 1432 inquit.
3497 1363 3607 1419 Nec
3651 1377 3803 1420 vero;

2194 1464 2254 1502 se
2279 1447 2553 1504 dumtaxat
2585 1465 2679 1506 eos
2714 1466 2895 1507 amare
2924 1452 3014 1519 ait,
3045 1453 3141 1508 sed
3164 1453 3382 1523 ahipsis
3410 1454 3570 1509 etiam
3588 1458 3773 1520 amari,

2195 1554 2303 1608 quo
2323 1541 2573 1595 nimirum
2607 1542 2733 1597 hinc
2755 1558 2970 1613 quoque
2998 1559 3185 1599 eorum
3217 1545 3420 1599 animos
3445 1546 3663 1601 alliciat.
3688 1549 3778 1601 At-

2197 1643 2300 1697 que
2318 1629 2385 1684 de
2410 1630 2493 1684 his
2517 1631 2733 1701 quidem
2760 1632 2862 1689 hoc
2904 1634 3232 1700 testificaris,
3280 1636 3375 1702 ait,
3425 1635 3569 1691 Titus
3613 1639 3776 1705 venit,

2198 1721 2417 1791 referens
2463 1724 2606 1779 nobis
2649 1734 2871 1780 vestrum
2919 1724 3227 1782 desiderium
3248 1770 3261 1791 ,
3308 1738 3526 1783 uestrum
3568 1731 3778 1798 ﬂetum,

2195 1823 2411 1869 vestram
2453 1818 2826 1873 mulationem
2866 1818 2957 1889 (2.
2987 1816 3105 1874 Cor.
3138 1819 3190 1873 7.
3232 1819 3333 1890 7);
3364 1832 3418 1876 et
3445 1820 3512 1876 de
3538 1820 3776 1887 Calatis,

2197 1903 2381 1960 dicens
2402 1947 2416 1971 ,
2450 1907 2510 1961 Si
2537 1907 2649 1975 ﬁeri
2673 1918 2841 1977 posset
2865 1949 2879 1974 ,
2907 1909 3079 1963 oculos
3107 1919 3296 1973 vestros
3325 1910 3598 1976 eraissetis,
3626 1920 3674 1965 et
3699 1911 3780 1965 de-

2198 1998 2396 2054 dissetis
2420 2000 2545 2053 mihi
2565 2001 2585 2070 (
2602 1999 2719 2056 Gal.
2758 2000 2813 2056 4.
2857 2001 2997 2073 15);
3025 2011 3081 2057 et
3104 2001 3172 2057 de
3191 2002 3780 2070 Thessalonicensibus,

2204 2090 2418 2159 Qualem
2443 2093 2703 2147 introitum
2732 2093 3054 2149 habuerimus
3081 2094 3151 2147 ad
3178 2108 3264 2148 vos
3284 2094 3304 2164 (
3324 2095 3376 2150 1.
3402 2093 3582 2149 Thess.
3613 2095 3667 2149 1.
3691 2094 3778 2162 9);

2198 2190 2253 2236 et
2297 2198 2484 2238 rursus
2528 2183 2594 2238 de
2624 2183 2928 2249 Timotheo,
2959 2183 3158 2239 Memor
3187 2185 3529 2256 lacrymta‘um
3557 2194 3780 2249 tuarum,

2198 2282 2254 2325 ut
2277 2272 2465 2343 gaudio
2491 2274 2708 2344 implear
2737 2274 2826 2345 (2.
2855 2273 2990 2328 Tim.
3023 2275 3077 2331 1.
3103 2274 3198 2346 4).
3229 2278 3307 2330 Ac
3333 2275 3560 2345 denique
3587 2277 3779 2344 passim

2201 2363 2252 2416 in
2277 2362 2517 2433 epistolis
2539 2363 2640 2419 hoc
2668 2364 2870 2430 videas,
2892 2365 3065 2434 ipsum
3090 2364 3366 2435 discipulis
3390 2367 3779 2432 testificantcm,

2200 2453 2342 2524 quod
2367 2465 2422 2508 et
2450 2470 2543 2508 eos
2572 2462 2718 2510 amet
2759 2462 2817 2510 et
2859 2456 3094 2512 vicissim
3121 2455 3189 2511 ab
3216 2456 3281 2511 iis
3308 2465 3549 2511 ametur:
3573 2471 3681 2511 non
3709 2466 3782 2510 ta-

2201 2559 2323 2601 men
2368 2544 2633 2601 similiter.
2678 2544 2775 2601 Hic
2811 2560 3022 2618 quoque
3060 2545 3225 2614 dicit,
3258 2546 3397 2601 Licet
3440 2548 3780 2602 abundantius

2199 2652 2287 2691 vos
2311 2636 2546 2709 diligens,
2573 2639 2739 2694 minus
2765 2638 2950 2710 diligor
2972 2639 3062 2710 (2.
3107 2638 3226 2695 Cor.
3274 2640 3362 2696 l2.
3412 2641 3545 2712 15).
3580 2641 3773 2698 Verum

2202 2728 2306 2787 hoc
2332 2730 2547 2801 quidem
2573 2731 2640 2786 ad
2666 2731 2907 2800 epistola:
2954 2731 3154 2787 calcem
3182 2732 3258 2788 ait
3276 2774 3290 2794 ,
3344 2732 3557 2788 interim
3602 2743 3777 2789 autem

2201 2824 2400 2890 aerius,
2417 2823 2535 2877 Non
2551 2825 2939 2894 angustiamini,
2954 2825 3144 2896 inquit,
3160 2827 3215 2880 in
3237 2826 3398 2893 nobis,
3421 2827 3778 2898 angustiamini

2203 2926 2370 2986 autem
2393 2922 2449 2969 in
2476 2915 2709 2970 cordibus
2732 2917 2925 2970 vestris.
2955 2916 3084 2982 Vos,
3117 2918 3320 2988 inquit,
3353 2933 3517 2971 unum
3554 2919 3778 2989 capitis;

2203 3025 2302 3080 ego
2333 3009 2516 3064 urbem
2552 3009 2854 3063 universam
2883 3023 2946 3063 ae
2989 3007 3197 3080 plebem
3245 3020 3466 3064 tantam.
3492 3008 3603 3065 Nec
3630 3010 3779 3073 dixit,

2206 3099 2320 3157 Non
2363 3115 2461 3155 uos
2489 3099 2679 3168 capitis
2701 3138 2716 3163 ,
2757 3093 2851 3154 sed
2874 3140 2890 3165 ,
2918 3099 3289 3169 Angustiamini
3306 3117 3326 3164 ;
3356 3099 3494 3154 idem
3537 3100 3783 3154 nimirum

2203 3190 2564 3253 subindicans.
2595 3189 2690 3246 sed
2722 3187 2955 3244 molliori
2980 3189 3144 3244 verbo
3175 3198 3328 3245 utens
3347 3231 3362 3250 .
3403 3203 3472 3245 ne
3496 3190 3782 3245 acriuseos

2204 3281 2610 3352 peratriugeret.
2634 3281 2722 3336 15.
2749 3278 2992 3334 Eamdem
3029 3288 3200 3334 autem
3234 3280 3473 3336 habentes
3497 3296 3782 3335 remunera-

2203 3376 2410 3440 tionem,
2449 3383 2705 3443 tamquam
2733 3370 2856 3440 ﬁliis
2883 3371 3018 3437 dico,
3066 3369 3354 3425 dilatandni
3399 3379 3447 3425 et
3474 3386 3581 3425 vos.
3626 3371 3783 3439 Atqui

2204 3465 2422 3520 minime
2447 3479 2544 3535 par
2567 3471 2668 3528 est,
2699 3463 2847 3532 prius
2865 3462 3054 3530 amari,
3095 3460 3291 3519 deinde
3311 3476 3508 3517 amare.
3532 3460 3790 3528 Quamvis

2203 3557 2346 3612 enim
2378 3569 2557 3625 parem
2586 3553 2787 3608 amoris
2812 3567 3118 3608 mensuram
3143 3553 3264 3624 quis
3305 3550 3515 3618 all'erat,
3561 3550 3667 3604 hoc
3698 3560 3786 3603 ta-

2205 3663 2329 3702 men
2367 3645 2584 3700 nomine
2626 3644 2879 3712 vincitur,
2910 3643 3051 3714 quod
3092 3642 3352 3714 posterior
3398 3640 3464 3694 ad
3493 3639 3783 3694 amandum

2207 3738 2434 3794 venerit.
2466 3735 2663 3791 Verum
2693 3734 2809 3790 haec
2848 3748 2952 3789 non
2981 3741 3230 3789 accurate
3273 3732 3485 3801 requiro
3507 3769 3526 3798 ,
3574 3729 3786 3799 inquit;

2207 3828 2340 3883 mihi
2363 3829 2491 3883 satis
2513 3827 2693 3889 fuerit,
2726 3826 2770 3880 si
2800 3812 2885 3878 vel
2909 3839 3029 3880 meo
3052 3838 3237 3879 amore
3265 3821 3557 3892 provocati,
3589 3832 3791 3875 mutua:

2207 3934 2333 3992 erga
2354 3933 2440 3974 me
2469 3917 2852 3975 benevolentiae
2879 3915 3320 3986 significationem
3362 3912 3664 3984 pra-beatis,
3705 3910 3789 3965 dio

2210 4013 2315 4085 ligo
2341 4021 2396 4066 et
2442 4011 2760 4080 amplector.
2803 4008 3013 4072 Pauca,
3052 4016 3108 4061 ut
3149 4021 3245 4061 eos
3280 4004 3348 4059 ad
3386 4003 3489 4058 hoc
3532 4002 3791 4073 obstringi

2210 4104 2479 4166 ostendat,
2519 4113 2679 4172 atque
2704 4115 2764 4155 ea
2813 4114 2933 4170 qum
2962 4098 3091 4152 dicit
3115 4096 3186 4153 ab
3213 4095 3363 4151 omni
3413 4095 3793 4151 asscntationis

2212 4195 2516 4266 suspicione
2542 4192 2795 4257 vindicet,
2822 4188 3096 4259 Tamquam
3127 4188 3247 4257 ﬁliis
3269 4188 3404 4254 dico,
3434 4186 3624 4255 inquit.
3654 4183 3789 4252 Quid

2211 4300 2314 4352 est,
2345 4285 2625 4356 Tamquam
2646 4282 2809 4353 ﬁliis?
2832 4280 2915 4336 Nil
2943 4279 3117 4350 magni
3147 4279 3378 4350 postulo,
3402 4278 3469 4346 si,
3494 4291 3617 4333 cum
3644 4285 3792 4347 pater

2214 4361 2390 4437 veﬁer
2408 4379 2530 4444 sim,
2554 4391 2584 4431 a
2616 4376 2765 4430 vobis
2789 4373 2953 4429 amari
2976 4373 3158 4429 velim.

2288 4471 2443 4525 Pauli
2469 4468 2734 4533 prudentia
2759 4477 2807 4522 et
2826 4466 3090 4520 modestia.
3114 4492 3185 4515 -ε-
3210 4464 3289 4518 Ac
3326 4462 3447 4518 vide
3473 4461 3643 4532 ipsius
3670 4473 3797 4531 pru-

2216 4563 2449 4619 dentiam
2477 4568 2532 4616 et
2555 4558 2895 4615 modestiam.
2920 4555 3035 4611 Non
3060 4555 3147 4610 hic
3170 4555 3403 4626 pericula
3429 4564 3525 4623 pro
3544 4552 3679 4622 ipsis
3706 4562 3795 4604 su-

2216 4664 2420 4723 scepta,
2449 4667 2556 4705 non
2583 4650 2797 4705 labores
2824 4663 2889 4703 ac
2918 4657 3118 4703 mortes
3146 4646 3312 4715 ponit,
3343 4644 3586 4715 quamvis
3631 4640 3798 4696 multa

2218 4743 2479 4815 ejusmodi
2524 4752 2947 4797 commemorare
2992 4746 3187 4807 queat;
3214 4735 3350 4790 adeo
3387 4734 3456 4789 ab
3485 4732 3632 4788 omni
3666 4731 3798 4785 fastu

2219 4838 2424 4892 alienus
2451 4841 2568 4897 est;
2614 4847 2800 4887 verum
2850 4844 3014 4884 unum
3042 4828 3167 4894 hoc,
3224 4825 3363 4898 quod
3409 4838 3504 4879 eos
3543 4835 3712 4887 amet,
3742 4832 3806 4875 ac

2222 4926 2444 4999 proinde
2463 4924 2627 4980 amari
2653 4935 2864 4994 quoque
2900 4920 3025 4974 velit
3053 4937 3067 4973 :
3099 4918 3233 4986 Quia
3273 4924 3425 4989 pater
3450 4923 3631 4970 vester
3655 4927 3801 4975 sum,

2222 5020 2423 5090 inquit,
2451 5017 2571 5089 quia
2597 5014 2861 5070 acerrimo
2884 5012 3045 5067 vestri
3072 5023 3259 5064 amore
3286 5005 3564 5062 incendor.
3593 5002 3800 5059 Etenim

2223 5110 2349 5164 illud
2369 5122 2512 5180 saepe
2546 5122 2669 5162 cum
2707 5104 2796 5175 qui
2825 5112 3034 5157 amatur
3054 5098 3294 5164 ollendit,
3321 5112 3441 5153 cum
3471 5096 3592 5167 quis
3612 5095 3804 5149 collata

2224 5203 2276 5257 in
2316 5215 2439 5255 eum
2481 5198 2734 5254 beneﬁcia
2765 5194 2997 5266 profert;
3028 5191 3355 5263 exprobrare
3391 5188 3535 5244 enim
3576 5187 3801 5241 videtur.

2225 5292 2483 5359 Quocirca
2535 5286 2638 5344 hoc
2664 5287 2886 5343 minime
2913 5284 3038 5339 facit
3089 5282 3307 5346 Paulus,
3339 5294 3549 5344 verum,
3601 5277 3671 5333 Et
3716 5273 3809 5330 lilii

2228 5391 2503 5455 parentem
2528 5380 2752 5452 diligite,
2785 5378 2989 5447 inquit:
3012 5372 3155 5445 quod
3175 5370 3391 5442 quidem
3411 5378 3614 5424 natura
3636 5366 3811 5436 potius

2226 5487 2328 5540 est,
2359 5490 2423 5530 ac
2447 5476 2553 5530 tale
2574 5483 2633 5529 ut
2656 5473 2791 5544 patri
2814 5471 2916 5525 hoc
2941 5482 3040 5523 suo
3067 5466 3293 5537 quisque
3315 5473 3573 5534 praestare
3595 5460 3809 5516 debeat.

2229 5567 2441 5630 Postea,
2471 5578 2541 5617 ne
2568 5564 2689 5634 quis
2711 5561 2982 5617 existimet
3006 5571 3129 5613 eum
3158 5570 3253 5610 sua
3280 5569 3437 5609 causa
3464 5553 3581 5607 lucc
3608 5551 3808 5612 dicere,

2228 5660 2559 5715 demonstrat
2601 5672 2661 5711 se
2700 5652 2998 5709 commodis
3023 5664 3209 5706 eorum
3237 5646 3542 5710 consulere,
3570 5658 3690 5697 cum
3719 5654 3811 5694 eo-

2231 5770 2350 5813 rum
2395 5750 2818 5809 benevolentiam
2846 5745 2914 5801 ad
2942 5758 3001 5801 sc
3044 5741 3264 5799 attrahit
3293 5757 3307 5791 :
3335 5737 3478 5794 unde
3506 5736 3663 5792 etiam
3686 5730 3811 5788 sub-
