4066 6214
293 247 406 338 ἤδη

302 386 576 455 legislator
617 398 716 454 per
749 380 1007 455 jejunium
1032 377 1252 455 ellectus
1283 387 1410 455 est__:_
1440 395 1538 434 ncc
1566 394 1754 455 panem
1785 393 1876 434 co-

299 450 486 517 medit,
511 450 814 510 nec'vinu—m
839 453 990 518 bibit;
1013 454 1142 506 satis
1167 453 1309 505 enim
1341 451 1413 504 illi
1439 460 1552 504 erat
1581 450 1642 501 ad
1668 465 1868 511 escam,

299 527 444 597 qvod
495 528 664 595 legem
704 538 734 597 ξ
780 524 1080 597 legislatore
1109 523 1409 576 doceretur.
1441 520 1508 576 Ut
1535 531 1711 597 autem
1737 521 1872 597 scias

294 591 569 665 quantum
587 596 751 665 prosit
771 591 1050 665 jejunium,
1081 601 1136 646 et
1159 603 1413 665 quantum
1437 599 1624 644 noeeat
1644 591 1872 643 ebrietas

301 662 489 734 jejunii
517 662 854 728 adversaria;
883 664 1052 733 cogita
1080 679 1140 734 ea
1167 677 1340 734 quieta
1366 662 1571 734 Moyse,
1585 669 1639 734 et
1665 675 1723 713 ea
1752 673 1871 734 quae

301 730 575 806 a'populo
628 745 774 806 gesta
816 730 972 796 sunt;
1019 745 1073 786 et
1120 732 1314 806 jejunii
1355 730 1465 806 vim
1511 730 1738 806 edisces.
1772 732 1873 784 Su-

377 800 472 862 rne
509 800 714 876 Moyses
754 800 1188 876 legemaccepit,
1225 811 1280 857 et
1306 801 1440 855 infra
1472 800 1672 876 positus
1699 815 1870 876 popu-

302 869 389 931 alus
425 869 618 947 legem
674 869 884 947 evertit.
932 869 1129 928 Dolore
1181 887 1411 947 namque
1460 869 1678 925 allectus
1725 870 1874 947 Moy-

303 961 393 1002 ses
422 940 595 1015 legem
636 944 907 1015 contrivit,
959 959 1063 996 non
1100 940 1418 1015 rationabile
1458 950 1649 1015 putans
1695 952 1752 1015 ut
1792 940 1869 1015 lett

305 1011 926 1071 ebriis—concrederetur.
957 1022 1013 1067 et
1060 1014 1250 1068 animis
1286 1015 1410 1066 vino
1437 1012 1640 1064 omistis
1667 1011 1873 1076 eloquia

307 1087 393 1141 illa
426 1087 778 1141 traderentur.
811 1083 942 1137 Vide
962 1097 1118 1152 quam
1145 1092 1334 1136 noceat
1358 1083 1588 1136 ebrietas
1613 1076 1873 1152 jejnoi'um

305 1171 639 1225 oppugnatis.
690 1153 796 1208 Sed
845 1149 1030 1225 rursus
1085 1151 1368 1225 jejunium,
1420 1161 1622 1225 tantum
1679 1149 1874 1225 malum

300 1219 620 1288 emendatis,
645 1225 862 1278 totidem
890 1222 1075 1277 diebus
1088 1219 1277 1289 usum,
1301 1223 1470 1290 legem
1503 1222 1693 1275 iterum
1715 1219 1879 1273 advo-

306 1298 447 1348 cavit
473 1312 487 1348 :
519 1294 830 1349 memoriale
855 1293 1008 1346 nobis
1025 1293 1330 1362 relinquens
1350 1289 1416 1346 ad
1435 1292 1772 1346 securitatem
1796 1289 1878 1342 vi-

309 1374 374 1419 t:e
404 1374 458 1418 et
476 1364 919 1418 conversationis.
949 1363 1071 1417 Ideo
1102 1363 1236 1416 torte
1261 1364 1338 1416 sic
1367 1362 1591 1429 contigit
1608 1369 1666 1413 ut
1689 1371 1880 1430 myste-

306 1436 445 1488 rium
489 1434 777 1504 quodpiam
823 1433 1082 1504 indicaret
1123 1451 1137 1487 :
1181 1431 1322 1502 quod
1346 1447 1553 1504 nempe
1594 1429 1762 1504 prima
1793 1429 1878 1504 lex

307 1500 582 1557 cessatura
602 1500 700 1570 sit,
727 1505 798 1558 oh
828 1500 1252 1556 incredulitatem
1281 1502 1434 1570 primi
1466 1501 1644 1570 populi
1673 1500 1876 1554 contri-

305 1586 361 1627 ιιι
392 1591 405 1626 :
435 1573 669 1628 secunda
690 1569 693 1570 ⁷
714 1589 842 1627 vero
881 1583 1099 1642 cperata
1148 1582 1250 1642 est,
1285 1569 1484 1640 ubique
1511 1569 1874 1642 disseminata,

307 1645 428 1712 quia
469 1643 758 1698 secundam
785 1640 960 1712 legem
991 1641 1257 1696 secundus
1285 1641 1509 1711 populus
1536 1640 1880 1712 lideliter_ae-

308 1709 451 1783 cepit
478 1727 532 1768 et
551 1709 864 1783 custodivit.‘
895 1711 1041 1766 Elius
1069 1725 1197 1765 vero
1226 1709 1503 1783 postquam
1535 1725 1629 1778 per
1655 1709 1884 1783 quadra-

303 1780 455 1852 ginta
481 1784 598 1838 dies
634 1782 950 1852 jejunasset,
980 1791 1036 1836 et
1065 1797 1174 1836 una
1197 1796 1321 1852 esca
1348 1781 1616 1836 desertmu
1644 1780 1885 1852 trajecis-

313 1850 418 1917 Set,
465 1850 702 1910 laborem
743 1867 847 1906 non
889 1853 1060 1907 sensit
1099 1868 1115 1904 :
1159 1850 1419 1920 jejunium
1469 1866 1696 1919 namque
1733 1850 1882 1904 illum

316 1924 634 1979 sustentavit
687 1931 740 1978 et
788 1921 1024 1976 laborem
1079 1921 1304 1986 minuit;
1355 1935 1418 1975 ac
1463 1929 1583 1990 post
1623 1921 1882 1990 jejunium

322 1993 486 2047 Dcum
515 1993 664 2057 vidit,
699 2003 754 2047 ut
793 2002 1001 2062 poterat
1041 1991 1268 2046 lnnnana
1312 1989 1500 2047 natura
1521 1989 1882 2062 contprelieng

316 2064 466 2116 dere.
513 2064 626 2117 Non
671 2060 943 2132 corporeis
985 2063 1156 2118 oculis
1199 2063 1570 2131 incorporeum
1612 2061 1760 2118 vidit.
1789 2060 1885 2115 sed

313 2133 479 2186 Corde
530 2131 850 2188 invisibilem
898 2135 1177 2202 cogitans,
1219 2148 1312 2202 per
1360 2133 1882 2202 anitmeipuritati-m.

315 2202 448 2255 Nam
491 2202 635 2256 Beati
676 2204 867 2256 mundo
908 2201 1096 2268 corde,
1135 2203 1370 2272 quoniam
1401 2203 1499 2272 ipsi
1542 2201 1708 2255 Deum
1747 2201 1885 2256 vide-

308 2273 436 2356 bunt
459 2272 668 2356 (illattlt.
694 2275 754 2354 .5.
785 2272 985 2354 8)..Sic
1013 2282 1291 2356 postquam
1314 2272 1887 2356 jejunaverathca-lum

310 2341 506 2398 clausit
527 2344 738 2398 lascivis
758 2385 772 2406 ,
797 2342 888 2413 qui
911 2341 1202 2413 perlatam
1225 2341 1384 2397 vitam
1412 2344 1769 2410 voluptatibus
1787 2341 1888 2396 de-

315 2413 410 2467 diti
439 2423 630 2479 erant;
661 2424 716 2467 ut
738 2413 879 2481 quod
913 2430 1018 2468 non
1049 2413 1323 2467 voluntate
1366 2415 1574 2482 propria
1617 2413 1890 2481 elegerant

313 2483 574 2551 jrjttttium
601 2525 616 2549 ,
663 2483 766 2539 hoc
806 2499 900 2552 per
940 2483 1132 2538 famem
1177 2483 1401 2538 instituti
1429 2485 1772 2546 ediscerent,
1836 2492 1890 2537 et

309 2557 518 2608 scirent
561 2569 719 2624 quam
758 2554 886 2608 utile
937 2555 1006 2608 sit
1053 2553 1336 2624 jejunium,
1390 2553 1534 2624 quod
1577 2552 1887 2606 deliciaium

320 2623 588 2694 tempore
618 2639 768 2679 suam
837 2625 944 2677 vim
1004 2623 1333 2680 ostenderet.
1409 2623 1593 2677 Daniel
1679 2638 1891 2692 quoque

312 2707 594 2763 pOSIquam
617 2709 716 2763 per
745 2704 852 2748 tres
875 2694 1240 2749 hebdomadas
1261 2694 1588 2764 jejunasset,
1619 2703 1671 2748 et
1698 2709 1887 2761 panem

317 2765 702 2818 desideriorum
749 2781 853 2818 non
900 2775 1184 2834 gustasset,
1230 2766 1280 2818 in
1330 2766 1500 2818 lacum
1537 2764 1755 2834 leonum
1792 2779 1893 2832 per

319 2835 636 2889 lascivornm
668 2833 921 2888 invidiam
944 2835 1199 2905 dejectns,
1230 2835 1410 2890 leones
1433 2835 1502 2888 ibi
1526 2833 1769 2902 jcjunare
1794 2834 1893 2888 do-

317 2907 446 2959 cuit.
478 2905 835 2974 Jejunatorem
858 2907 997 2960 enim
1030 2907 1270 2960 reverita:
1297 2917 1419 2960 sunt
1448 2905 1706 2958 immanes
1733 2905 1888 2968 let-ac,

320 2976 721 3030 rationabilibns
745 2975 870 3030 feris
897 2977 1170 3040 mitiores;
1202 2987 1256 3031 et
1288 2991 1348 3030 os
1374 2991 1529 3029 suum
1561 2976 1890 3039 clauserunt,

319 3060 528 3100 sacrum
568 3061 762 3116 corpus
803 3058 1020 3115 tangere
1061 3064 1164 3100 non
1205 3061 1370 3100 ausae.
1416 3046 1634 3115 Corpori
1666 3059 1893 3114 namque

317 3131 417 3170 suo
427 3116 687 3197 jejunium
709 3119 858 3197 quasi
878 3127 1519 3197 armaturam__apponens,
1538 3130 1703 3183 seque
1727 3125 1892 3170 totum

319 3202 416 3254 per
437 3185 570 3238 illud
599 3185 860 3246 muniens,
889 3186 1074 3241 fefellit
1094 3185 1276 3241 oculos
1306 3188 1540 3253 leonum,
1569 3201 1673 3240 non
1699 3200 1894 3254 corpus

320 3260 630 3319 lnnnantnn,
667 3255 759 3309 sed
796 3270 991 3324 corpus
1033 3258 1328 3325 angelicum
1369 3257 1646 3311 exhibens.
1683 3257 1747 3309 Et
1785 3266 1894 3311 tres

320 3325 470 3396 pueri
502 3325 570 3396 in
620 3325 927 3396 Babylone,
964 3326 1221 3396 nolentes
1269 3326 1460 3396 iniqua:
1508 3327 1647 3396 regis
1698 3341 1895 3380 mensa:

329 3394 611 3460 participes
641 3407 795 3456 esse,
832 3394 923 3445 sed
963 3394 1131 3460 legale
1153 3395 1411 3460 jejunium
1435 3394 1590 3461 sequi
1614 3403 1893 3461 optantes,

321 3464 376 3515 in
423 3477 607 3529 rogum
655 3461 845 3515 camini
895 3462 1139 3529 ingressi,
1188 3463 1560 3516 exstinxerunt
1604 3462 1893 3526 flammam,

324 3547 420 3600 per
444 3531 700 3600 jejunium
731 3531 900 3602 ignem
943 3535 992 3584 in
1035 3546 1209 3585 rorem
1261 3532 1310 3584 in
1356 3529 1570 3602 fornace
1609 3541 1894 3602 imitantes.

326 3604 497 3670 Atque
545 3618 638 3657 eos
676 3600 766 3670 qui
804 3603 1062 3671 jejunium
1100 3617 1207 3655 non
1232 3601 1439 3669 experti
1465 3611 1614 3654 erant
1638 3600 1778 3667 ignis
1803 3615 1897 3670 ag-

322 3686 537 3741 gressus
583 3683 696 3737 cst;
749 3670 939 3727 omnes
980 3673 1122 3726 enim
1179 3673 1583 3727 circumstantes
1620 3670 1900 3726 Chaldaeos

323 3743 689 3812 consumpsit;
733 3743 800 3796 ab
846 3744 910 3797 iis
955 3759 1080 3796 vero
1123 3743 1214 3812 qui
1253 3742 1461 3810 jejunio
1503 3743 1700 3797 assueti
1747 3751 1902 3796 erant

324 3815 562 3877 recessit,
593 3815 732 3882 quod
761 3828 870 3866 non
907 3821 1088 3881 posset
1116 3828 1302 3867 eorum
1343 3828 1566 3882 corpora
1595 3813 1858 3882 attingere
1883 3829 1897 3865 :

324 3898 497 3952 neque
520 3884 661 3936 enim
686 3883 904 3937 materia
930 3884 1190 3952 quaepiam
1212 3893 1328 3937 erat
1353 3885 1404 3938 in
1435 3898 1684 3951 corpore.
1703 3883 1844 3950 quod
1869 3897 1899 3937 a

320 3951 523 4018 jejunio
547 3952 818 4019 spirituale
848 3951 1112 4006 redditum
1136 3953 1335 4008 fuerat.
1365 3954 1627 4009 Similiter
1655 3954 1901 4008 Ninivitze

321 4021 524 4092 jejunio
561 4035 785 4075 mortem
829 4022 1150 4092 depulerunt
1179 4040 1192 4077 :
1219 4024 1388 4079 tribus
1434 4026 1576 4079 enim
1615 4023 1805 4079 diebus
1848 4027 1923 4078 in.

321 4091 541 4164 jejunio
555 4094 800 4160 peractis,
829 4105 1088 4147 aeternum
1111 4095 1425 4164 supplicium
1446 4111 1543 4164 per
1565 4109 1760 4162 paucos
1781 4095 1903 4150 illos

325 4161 441 4214 dies
466 4161 778 4230 effugientes
795 4201 812 4228 ,
839 4171 1092 4217 attentam
1117 4161 1404 4218 .in'tnundo
1427 4161 1508 4220 sui
1539 4165 1749 4220 laudem
1780 4165 1904 4219 reli-

316 4241 576 4298 querunt.
602 4230 829 4307 ‘Videte,
872 4233 1074 4307 dilecti,
1121 4245 1375 4303 quantum
1419 4236 1586 4307 possit
1613 4235 1900 4307 jejunium,

325 4316 449 4354 eum
480 4303 720 4374 oratione
749 4313 804 4356 et
831 4303 1082 4374 operibus
1113 4303 1719 4374 peractumalejuuiuin
1758 4306 1902 4360 enim

319 4381 380 4424 et
401 4373 645 4439 precatio
671 4387 702 4427 a
731 4383 904 4428 morte
939 4373 1195 4435 liberant;
1240 4372 1333 4429 sed
1349 4372 1564 4444 justitia
1596 4377 1716 4446 plus
1744 4391 1902 4444 quam

1562 264 1627 322 1N
1669 258 1898 322 FlLlUM
1939 261 2194 320 “DUAE.

3447 266 3551 322 790

1981 379 2071 432 illa
2099 379 2225 433 duo.
2255 379 2518 445 chuninm
2551 391 2774 435 mortem
2809 382 2976 448 tollit,
3003 391 3056 437 et
3084 381 3151 436 ab
3187 381 3261 436 ira
3299 398 3337 436 ri
3357 383 3502 434 dium
3528 400 3539 433 :

1977 450 2237 522 jejunium
2266 451 2506 519 purgatio
2534 462 2615 504 est
2642 453 2834 522 tuentis
2859 495 2874 515 ,
2903 468 3123 508 consors
3152 453 3514 522 temperantite
3533 492 3547 512 ,

1976 521 2311 589 gymnasium
2357 523 2600 592 pietatis,
2640 521 2818 591 iugum
2847 524 3083 592 justiticc.
3116 521 3275 578 Solet
3289 521 3551 591 jejunium

1977 605 2262 662 pauperem
2295 589 2518 662 reddere
2547 589 2794 662 divitem;
2838 589 3009 662 neque
3033 594 3174 647 enim
3202 589 3326 647 sinit
3348 589 3554 645 temere

1978 661 2272 729 impensam
2311 659 2505 725 facere,
2546 661 2896 717 sufficientem
2927 659 3171 717 indicans
3199 676 3499 717 mensuram
3537 679 3549 713 :

1976 731 2115 785 solet
2141 731 2298 785 etiam
2329 730 2545 787 divitem
2568 733 2907 800 pecuniarum
2934 747 3269 790 teconomum
3305 731 3552 794 reddere,

1978 815 2076 855 nec
2101 801 2229 855 sinit
2259 817 2379 854 cum
2411 817 2503 855 sua
2532 802 2646 856 sine
2681 804 2839 856 modo
2863 803 3167 858 absumere.
3215 801 3373 856 Novit
3411 802 3553 870 jeju-

1979 872 2122 924 nium
2147 871 2445 940 juventutis
2472 872 2741 940 vigorem,
2779 874 2934 927 docet
2976 874 3109 928 cibis
3149 871 3358 927 frenum
3392 886 3556 940 appo-

1979 956 2127 1005 nerc,
2160 941 2540 995 continentiam
2573 941 2724 1006 indit,
2755 951 2808 997 et
2836 945 3104 1012 sapienter
3123 943 3268 996 ducit
3297 942 3362 1012 ad
3387 943 3550 1012 pieta-

1981 1020 2084 1082 tem
2128 1021 2182 1065 et
2230 1012 2550 1066 castitatem.
2597 1013 2710 1067 Scit
2751 1010 2911 1068 etiam
2957 1015 3174 1068 senibus
3220 1010 3552 1082 prudentiam

1982 1079 2194 1141 indere,
2219 1090 2274 1134 ct
2305 1096 2492 1148 put-mn
2517 1082 2648 1150 ipsis
2679 1084 2870 1137 mentis
2895 1085 3104 1136 oculum
3133 1079 3369 1137 servare.
3403 1080 3554 1148 Jeju-

1982 1151 2126 1222 ninm
2175 1165 2377 1222 corpus»
2416 1166 2601 1204 sanum
2646 1153 2880 1222 custodit
2914 1171 2926 1205 :
2959 1154 3100 1222 quod
3145 1169 3250 1207 non
3304 1160 3553 1222 onustum

1980 1221 2148 1292 cibis,
2191 1220 2471 1292 materiam
2524 1221 2831 1292 morborum
2873 1220 2990 1277 non
3021 1223 3248 1292 accipit;
3300 1221 3393 1276 sed
3439 1221 3556 1274 leve

1981 1291 2178 1344 factum
2208 1305 2236 1342 a
2268 1289 2402 1344 cibis
2423 1331 2437 1355 ,
2465 1289 2737 1344 robustum
2765 1300 2849 1346 est
2875 1293 2938 1346 ad
2967 1289 3186 1346 inlinera
3220 1292 3551 1360 accipienda.

1983 1360 2107 1413 ideo
2123 1360 2445 1428 jejunemus,
2470 1360 2670 1426 dilecti,
2703 1369 2760 1414 ut
2791 1362 3080 1428 spiritualia
3115 1376 3333 1415 munera
3363 1375 3554 1413 conse-

1982 1445 2227 1499 quamur.
2258 1430 2362 1498 Qui
2389 1430 2628 1498 jejunat,
2665 1431 2894 1486 animam
2937 1431 3162 1486 instituit
3186 1431 3250 1484 ad
3280 1431 3554 1500 pietatem,

1985 1501 2267 1570 imaginem
2308 1502 2574 1570 accipiens
2607 1515 2881 1569 corporea:
2906 1502 3248 1557 continentia:
3273 1501 3339 1554 ad
3369 1515 3553 1554 curam

1983 1569 2208 1632 animm;
2240 1580 2293 1623 ut
2320 1569 2764 1640 queniadmodnm
2791 1571 3022 1626 abstinet
3043 1573 3113 1625 ab
3140 1573 3375 1625 externis
3401 1570 3556 1640 cibis,

1985 1641 2063 1712 sic
2078 1638 2349 1712 abstineat
2375 1655 2404 1694 a
2436 1641 2611 1712 pravis
2632 1642 3046 1712 cogitationibus
3075 1641 3461 1712 ingruentibus.
3497 1638 3556 1692 Si

1986 1709 2213 1779 Spiritus
2237 1712 2481 1778 potentis,
2514 1709 3012 1780 inquitfascenderit
3041 1712 3091 1764 in
3118 1709 3198 1773 te,
3229 1710 3401 1780 locant
3416 1720 3560 1761 tuum

1985 1796 2048 1851 ne
2076 1781 2346 1851 relinquas,
2367 1782 2484 1848 quia
2503 1778 2696 1835 medela
2712 1798 2906 1837 cessare
2926 1782 3073 1851 faciet
3101 1790 3302 1849 peccata
3335 1778 3554 1851 (Ecclcs.

1987 1849 2074 1906 ιο.
2103 1849 2181 1921 4).
2206 1849 2353 1906 Sicut
2378 1865 2506 1921 ergo
2533 1851 2772 1907 abstines
2793 1866 2826 1906 a
2852 1849 2986 1906 ciliis
3013 1851 3143 1905 nihil
3173 1850 3455 1921 gestando.
3481 1851 3558 1921 sic

1985 1919 2193 1977 abstine
2218 1936 2247 1975 a
2271 1919 2504 1991 peccatis
2532 1922 2755 1990 teipsum
2780 1922 3054 1976 mutando.
3081 1919 3329 1976 Abstincs
3350 1935 3378 1972 a
3399 1919 3522 1991 vino
3539 1919 3561 1969 ’ἰ

1986 1992 2195 2048 abstine
2229 1989 2388 2046 etiam
2409 2007 2442 2046 a
2477 1989 2705 2061 nequitia
2733 2008 2747 2049 :
2777 1991 2914 2047 solet
2938 1993 3078 2046 enim
3113 1993 3344 2058 nequitia
3389 1989 3551 2061 majo:

1987 2077 2100 2116 rem
2122 2063 2433 2117 ebrietatem
2448 2063 2503 2116 in
2521 2058 2694 2117 anima
2716 2077 2930 2132 parcre.
2956 2063 3203 2118 Abstines
3223 2077 3254 2116 a
3275 2058 3557 2114 carnibus?

1987 2132 2196 2187 abstine
2219 2141 2274 2188 et
2301 2148 2328 2185 a
2355 2131 2706 2200 detractione,
2724 2131 2806 2188 ne
2831 2141 2927 2202 per
2953 2133 3097 2186 illam
3127 2146 3317 2186 carnes
3339 2132 3557 2202 fratrum

1989 2203 2262 2258 comedas.
2303 2203 2500 2257 Verum
2533 2199 2762 2272 namque
2783 2199 3042 2272 jejunium
3071 2213 3153 2256 est
3183 2199 3502 2272 abstinentia
3531 2214 3560 2250 a

1990 2275 2242 2343 peccatis.
2293 2274 2428 2328 Audi
2471 2270 2796 2342 prophetam
2827 2270 3092 2328 dicentem
3120 2313 3135 2337 ,
3168 2271 3285 2325 Non
3316 2273 3409 2324 hoc
3423 2270 3559 2340 jeju-

1989 2344 2131 2414 nium
2149 2344 2297 2414 elegi.
2317 2359 2472 2414 neque
2491 2343 2621 2414 diem
2641 2359 2742 2412 qua
2763 2344 2992 2397 ltumiliat
3013 2345 3159 2396 homo
3179 2343 3400 2414 animam
3420 2357 3561 2414 sua»:

1992 2413 2142 2486 (lsai.
2177 2412 2266 2486 58.
2289 2415 2368 2484 5).
2399 2412 2504 2470 Sed
2527 2414 2690 2486 quid?
2718 2414 2870 2486 Solve
2889 2430 3031 2468 omne
3047 2414 3299 2472 vinculum
3318 2412 3556 2479 iniquita-

1994 2483 2054 2539 tis
2075 2502 2092 2537 :
2109 2483 2331 2539 dissolve
2344 2485 2678 2538 tortuositates
2695 2483 3021 2537 violentorum
3042 2492 3300 2552 pactorum
3323 2490 3521 2539 tuorum
3542 2494 3560 2530 :

1993 2559 2172 2624 frange
2205 2555 2441 2609 esurienti
2480 2571 2658 2624 partem
2700 2565 2840 2608 tuum
2875 2570 2894 2608 :
2933 2571 3048 2609 cum
3085 2554 3171 2624 qui
3211 2553 3318 2606 sine
3343 2559 3467 2624 tecto
3494 2558 3564 2600 est

1993 2622 2144 2679 indu}:
2182 2627 2235 2678 in
2273 2622 2488 2678 domum
2519 2636 2693 2689 ruant;
2721 2626 2766 2678 si
2799 2625 2981 2678 videris
3023 2622 3234 2685 nudum,
3279 2622 3418 2688 operi
3454 2635 3565 2672 eum

1995 2695 2102 2766 (lib.
2125 2713 2172 2749 υ.
2201 2698 2254 2750 6.
2282 2697 2359 2764 7).
2390 2694 2500 2766 Hoc
2525 2704 2627 2757 cst,
2660 2695 2860 2757 dilecti,
2885 2709 3070 2766 verum
3094 2693 3372 2766 jejunium,
3401 2707 3430 2743 a
3455 2690 3565 2766 Deo

1993 2761 2289 2836 acceptum,
2315 2761 2512 2820 homini
2539 2767 2770 2820 salutare
2789 2761 3384 2836 ctmnnibnsplacitum
3414 2776 3430 2815 :
3462 2761 3563 2813 hoc

1994 2833 2235 2906 sequitur
2269 2836 2518 2906 mulorum
2562 2837 2851 2906 possessio,
2892 2845 2945 2889 ct
2993 2833 3196 2906 Ψηιὶιεὶ
3240 2847 3399 2890 verax
3444 2845 3566 2900 pro-

1997 2902 2199 2962 missio.
2245 2905 2374 2961 Vide
2398 2905 2538 2960 enim
2565 2902 2693 2975 quid
2721 2906 2975 2975 adjiciat:
3009 2902 3152 2957 Tunc
3192 2913 3416 2975 erumpet
3457 2917 3567 2975 mrt-

1995 2978 2212 3031 tutinum
2238 2977 2406 3030 lumen
2429 2970 2599 3040 suum,
2633 2985 2751 3028 tunc
2773 2970 3020 3029 clamante
3045 2985 3090 3026 te
3110 2970 3344 3027 exaudiet
3365 2980 3410 3024 te
3433 2986 3450 3023 :
3472 2970 3569 3021 ad-

1997 3049 2093 3101 huc
2109 3057 2162 3100 te
2181 3048 2413 3123 loquente
2425 3046 2562 3123 ilic-et
2583 3087 2597 3110 ,
2635 3044 2768 3099 Ecce
2789 3048 2968 3098 adsum
2993 3045 3097 3123 (Il).
3128 3061 3176 3096 ιν.
3207 3044 3259 3096 8.
3294 3041 3377 3123 9).
3411 3040 3569 3123 Vides

1996 3115 2387 3188 quantajejunii
2405 3116 2566 3188 dona,
2591 3126 2646 3170 et
2663 3131 2783 3170 cum
2805 3125 2995 3185 quanta
3019 3115 3212 3188 pietate
3228 3115 3567 3186 couijtttictttm

1997 3184 2065 3243 sit
2089 3205 2105 3254 ;
2135 3184 2294 3258 itaVut
2321 3188 2485 3258 Deum
2515 3186 2688 3258 ipsum
2716 3184 2903 3240 exuret
2929 3195 2985 3239 ut
3009 3184 3074 3238 ad
3103 3184 3384 3258 humanam
3405 3184 3566 3258 ’natu-
3593 3197 3596 3200 ’

1999 3274 2110 3312 ram
2140 3257 2378 3313 accedat.
2407 3253 2594 3325 Jejuno
2618 3257 2798 3326 igitur,
2828 3266 3107 3326 persevera
3141 3255 3192 3308 in
3221 3253 3569 3326 oratiombus.

1999 3329 2312 3398 synaxibus,
2339 3325 2793 3398 admonitionibus
2816 3325 3155 3398 {numquam
3185 3325 3384 3398 absens
3394 3337 3438 3398 _a
3464 3329 3574 3376 cm-

2001 3392 2081 3462 tu,
2108 3408 2166 3451 ut
2191 3392 2307 3451 mos
2335 3407 2417 3450 est
2442 3396 2778 3465 quibusdam.
2822 3392 3574 3466 Neque)negotiationibuset

2003 3466 2355 3520 tribunalibus
2371 3461 2500 3536 tota
2530 3466 2616 3518 die
2637 3467 2735 3536 des
2759 3461 3014 3533 operam;
3038 3461 3393 3536 tie'pecunias
3421 3461 3572 3518 colli-

2000 3549 2129 3603 gas,
2172 3549 2304 3602 quas
2350 3535 2662 3600 dispergere
2699 3535 2956 3598 deberes;
3009 3549 3075 3587 ne
3119 3535 3324 3588 eontra
3355 3535 3571 3588 fratrem

2006 3615 2150 3658 tuum
2174 3603 2485 3671 obloquaris
2503 3644 2519 3669 ,
2553 3605 2640 3658 cui
2676 3605 2934 3658 inservire
2959 3613 3251 3672 oporteret.
3274 3603 3478 3659 Venisti
3505 3605 3572 3658 ad
3593 3632 3596 3636 -

2004 3689 2280 3744 vesperam
2311 3682 2400 3726 aut
2427 3673 2614 3744 horam
2648 3687 2842 3726 nonam
2864 3713 2888 3744 ,
2903 3689 3008 3726 non
3034 3684 3091 3725 ut
3112 3673 3298 3741 jejunii
3328 3674 3572 3744 proposi-

2005 3741 2116 3800 tum
2150 3745 2459 3812 perliceres,
2493 3742 2588 3797 sed
2628 3753 2689 3797 ut
2721 3743 2924 3812 ventris
2959 3745 3254 3812 appetitum
3301 3741 3573 3812 impletus.

2007 3817 2072 3870 Et
2101 3809 2168 3870 ne
2196 3813 2426 3868 videaris
2453 3828 2483 3866 a
2514 3813 2638 3868 vino
2665 3811 2879 3883 quidem
2923 3809 3192 3883 abstinere
3213 3853 3227 3876 ,
3268 3809 3412 3881 quod
3439 3809 3575 3882 vigi-

2008 3886 2124 3941 lans
2157 3888 2261 3948 sis;
2301 3884 2394 3938 sed
2424 3881 2702 3954 iniquitate
2723 3882 2912 3954 plenus
2937 3881 3453 3954 ebriusesisezneve
3477 3881 3575 3936 au-

2004 3957 2139 4020 dias,
2175 3953 2262 4010 Va:
2279 3955 2451 4021 ebriis,
2475 3951 2573 4009 non
2597 3970 2629 4007 a
2655 3951 2770 4007 vino
2794 3951 3055 4023 (Isai..28.
3083 3952 3155 4023 1).
3186 3953 3430 4023 Ebrietas
3450 3966 3576 4023 vero

2007 4044 2112 4082 non
2155 4027 2316 4082 habet
2352 4040 2475 4079 cum
2507 4024 2708 4094 jejunio
2731 4021 3080 4086 consortium,
3105 4021 3198 4094 sed
3224 4035 3307 4077 est
3334 4022 3450 4090 ejus
3477 4021 3570 4094 ini»

2006 4099 2142 4154 mica
2165 4109 2218 4153 et
2242 4093 2564 4151 adversaria.
2592 4094 2660 4150 Ut
2684 4094 3053 4162 perveniamus
3071 4093 3137 4163 ad
3159 4103 3397 4163 paratam
3423 4093 3576 4144 nobis

2006 4175 2155 4238 spem
2198 4165 2605 4224 resurrectionis
2635 4182 2663 4238 :_
2679 4164 2788 4218 illic
2820 4163 3033 4238 quidem
3059 4162 3301 4218 fruentes
3328 4163 3576 4238 repositis

2006 4228 2197 4324 tle-“.8:
2240 4239 2329 4324 ίείο
2357 4228 3576 4324 veraavratadeieaveereaeui"

2007 4304 2222 4364 Christo
2250 4307 2397 4372 Jesu,
2419 4305 2502 4362 cui
2526 4306 2696 4377 gloria
2724 4307 2778 4360 in
2797 4306 2992 4360 saecula
3020 4304 3356 4360 seculorum.
3385 4304 3575 4357 Amen.

1631 4580 1701 4624 1N
1745 4583 1969 4626 FILICM
2017 4584 2249 4628 VIDUB.

1758 4730 2118 4767 -ελῶεε-σι-

401 4826 461 4880 Et
491 4832 679 4904 [artum
697 4841 769 4886 est
797 4841 988 4901 postea,
1010 4831 1110 4885 ibat
1129 4830 1281 4904 Iesus
1307 4833 1357 4888 in
1385 4833 1653 4900 civitatem,
1678 4850 1789 4904 qua:
1814 4851 1897 4889 vo-

326 4908 472 4972 catur
496 4897 651 4972 Naim
681 4917 698 4955 :
723 4913 770 4953 et
797 4897 946 4955 ibant
971 4919 1085 4956 cum
1115 4918 1174 4956 eo
1201 4903 1436 4972 discipuli
1476 4906 1586 4972 ejus
1608 4946 1620 4964 ,
1640 4897 1647 4900 ⁷
1667 4897 1712 4958 et
1751 4907 1897 4959 turba

326 4969 506 5042 multa.
529 4968 848 5042 Cuntuautem
889 4968 1505 5042 appropinquarethm-tté
1528 4977 1764 5039 civitatis,
1787 4993 1898 5030 ecce

325 5038 590 5110 defunctus
610 5039 903 5110 efferebatur
924 5038 1064 5110 [ilius
1079 5038 1254 5098 unicus
1281 5038 1452 5097 matris
1472 5061 1596 5107 sum,
1620 5054 1663 5098 et
1691 5038 1798 5099 Iiwc
1821 5050 1893 5100 vi-

325 5108 430 5183 dua
457 5120 562 5183 erat
585 5109 731 5183 (Luc.
763 5111 814 5164 7.
848 5108 934 5183 ll.
968 5124 1011 5166 ct
1042 5115 1150 5183 12).
1177 5113 1364 5168 Omnia
1399 5116 1484 5169 hic
1520 5127 1641 5168 sunt
1671 5117 1894 5170 misera-

325 5178 418 5232 bili
458 5177 648 5251 aﬂ'ectu
670 5181 847 5251 plena.
881 5182 1048 5238 Unico
1071 5177 1178 5238 lilio
1215 5185 1318 5237 vita
1347 5183 1529 5238 functo
1549 5225 1564 5248 ,
1588 5185 1895 5239 dulcissima

327 5259 497 5302 mater
521 5250 806 5323 clamabat,
838 5267 896 5306 se
923 5254 1038 5306 solo
1075 5255 1287 5307 nomine
1314 5266 1534 5309 matrem
1563 5269 1683 5310 esse
1703 5296 1719 5319 ,
1746 5256 1896 5323 cujus

327 5328 533 5386 partum
574 5335 720 5374 mors
756 5320 1065 5376 deinessuit.
1109 5323 1275 5384 Unam
1321 5339 1477 5379 uvam
1520 5323 1702 5378 habuit
1748 5320 1892 5391 vitis,

325 5397 378 5442 et
406 5391 541 5443 hanc
583 5392 770 5444 mortis
801 5393 1029 5450 procella
1086 5394 1337 5450 contrivit
1369 5412 1380 5445 :
1431 5410 1595 5448 unum
1629 5395 1892 5450 baculum

326 5459 509 5512 habuit
551 5460 663 5522 illa,
707 5471 760 5515 et
795 5459 938 5515 hunc
965 5464 1264 5516 communis
1294 5478 1438 5517 mors
1481 5464 1718 5518 abstulit.
1765 5465 1893 5522 Sine

323 5529 574 5598 praesidio
604 5530 796 5585 mulier
824 5540 958 5595 erat,
990 5541 1044 5584 et
1070 5533 1278 5584 sublato
1307 5533 1516 5598 baculo,
1547 5549 1654 5588 non
1679 5535 1891 5591 vitalem

321 5599 426 5671 sibi
471 5598 588 5655 fore
624 5601 800 5654 vitam
821 5599 1072 5671 videbat.)
1092 5601 1352 5671 Deinceps
1378 5618 1446 5657 ne
1471 5603 1742 5660 minimam
1769 5609 1892 5671 qui-

322 5669 442 5721 dem
470 5671 890 5725 consolationem
922 5670 1172 5736 habebat,
1215 5669 1372 5726 unico
1395 5673 1592 5730 amisso
1620 5675 1750 5732 lilio.
1787 5669 1890 5734 btt-

323 5739 444 5808 plici
491 5740 677 5794 dolore
702 5739 1086 5806 corripiebatur
1105 5783 1134 5818 _,_
1157 5743 1375 5818 illoqne_
1397 5757 1501 5797 non
1532 5747 1845 5806 consolabili
1871 5767 1885 5818 ;

323 5824 483 5864 nemo
527 5819 734 5880 poterat
758 5824 1043 5864 maerorem
1068 5813 1331 5879 allevare;
1365 5814 1612 5886 lacryma:
1652 5813 1887 5880 rivorum

633 5896 904 5958 ΡΑτιιοι..
951 5895 1068 5958 Gn.
1116 5898 1272 5963 LXI.

2006 4835 2174 4908 instar
2198 4851 2294 4908 per
2313 4852 2478 4908 genas
2508 4839 2807 4896 manabant.
2846 4842 3194 4896 intolerabilis
3229 4854 3339 4898 erat
3368 4846 3577 4900 mulieri

2004 4907 2208 4985 luctus.
2229 4907 2624 4985 C_ogi_t_aba_t_lilii
2656 4908 2900 4985 formam,
2926 4928 3106 4985 amore
3130 4915 3327 4968 viscera
3360 4932 3578 4985 rumpe-

2006 4979 2217 5049 bantur.
2248 4976 2310 5032 Et
2337 4979 2424 5031 illa
2442 4979 2597 5031 vidua
2623 4980 2842 5034 omnino
2874 4983 3141 5049 manebat,
3184 4999 3296 5038 rem
3340 4976 3578 5040 omnium

2003 5048 2425 5112 acerbissimam,
2449 5049 2686 5118 omnium
2714 5051 3101 5118 miserrimam;
3128 5048 3185 5109 et
3205 5057 3319 5108 viro
3348 5067 3402 5110 et
3423 5059 3580 5111 unico

2004 5121 2110 5170 tilio
2131 5118 2441 5189 ornabatur.
2469 5117 2604 5172 Vere
2624 5121 2928 5176 miserabile
2951 5117 3122 5177 vidum
3164 5140 3376 5187 nomen,
3410 5127 3576 5189 lucttt,

2002 5189 2148 5264 lletn,
2178 5188 2478 5264 calamitate
2505 5190 2758 5264 plenum.
2787 5191 3158 5264 Spei-talorum
3189 5211 3346 5249 nemo
3377 5207 3576 5264 tempe-

2002 5258 2150 5330 rabat
2170 5274 2197 5310 a
2228 5259 2474 5330 lacrymis
2494 5258 2514 5324 ;'
2537 5275 2721 5330 manes
2750 5258 3188 5330 ingemiscebant,
3213 5280 3310 5318 nec
3332 5258 3572 5320 invenie-

2002 5326 2130 5403 bant
2149 5342 2304 5403 quem
2335 5326 2850 5403 primumlugereni,
2897 5332 3132 5387 filiumne
3161 5345 3452 5398 mortuum,
3502 5350 3570 5388 an

2003 5397 2218 5448 viduam
2243 5399 2527 5452 viventem.
2569 5397 2674 5455 Sed
2703 5403 2876 5455 erravi
2905 5417 3026 5456 cum
3057 5404 3265 5458 viduam
3305 5397 3568 5460 viventem

1999 5466 2108 5521 dixi
2137 5483 2151 5519 :
2180 5483 2298 5536 qua:
2327 5469 2468 5523 enim
2491 5469 2647 5524 vidua
2668 5472 2838 5525 vivit?
2864 5475 2966 5526 etsi
3005 5474 3147 5528 enim
3186 5475 3364 5530 vivere
3388 5475 3571 5529 videa-

1999 5547 2084 5614 tur
2110 5538 2431 5614 (secundum
2461 5551 2779 5609 praisentem
2813 5543 3207 5614 vitamloquor,
3241 5559 3348 5599 non
3380 5559 3570 5599 secun-

1994 5608 2123 5684 dum
2157 5607 2685 5684 l'tttura_m),’mortua
2715 5623 2817 5666 est.
2865 5612 3030 5684 Vidua
3058 5607 3199 5668 enim
3233 5616 3288 5670 in
3318 5618 3568 5684 praesenti

1997 5677 2430 5754 vita,_siqu_idem
2459 5681 2710 5754 opulenta
2754 5685 2842 5745 sit,
2893 5683 3019 5738 hinc
3061 5677 3566 5754 dolorem-paulum

1997 5750 2208 5810 minuit,
2238 5749 2360 5802 hinc
2386 5763 2480 5818 spe
2505 5751 2735 5820 quadam
2764 5763 3053 5817 recreatur,
3082 5756 3272 5809 vulnus
3292 5749 3447 5811 suum
3472 5771 3571 5807 eu—

1997 5829 2100 5886 rat,
2131 5820 2370 5874 dolorem
2397 5821 2628 5888 allevat,
2661 5823 2905 5880 ubertate
2937 5825 3218 5880 roboratur
3238 5866 3252 5886 ,
3303 5823 3570 5879 interdum

3130 5908 3210 5966 50
