4066 6214
443 319 544 377 79⁸1

444 439 514 493 Et
537 445 757 502 serpens
782 429 1092 502 maledictus
1134 437 1216 484 est
1234 469 1259 502 ,‘
1292 436 1346 482 et
1385 423 1698 502 maledictus
1727 424 1902 502 omnis
1928 421 2016 502 qui

447 494 731 576 pendeiiu
767 503 932 576 ligno.
961 500 1040 556 Ne
1057 498 1326 576 Aat_ten_das
1363 495 1856 576 verborumtseriei
1881 537 1896 560 ,
1924 494 2020 576 sed

447 565 1005 647 iliscedill'ere'ntiam.
1048 569 1180 638 Quia
1210 569 1464 624 Servatur
1491 567 1782 647 repositam
1821 565 2022 621 mundo

448 645 876 701 maledictionem
918 641 968 694 in
1019 656 1079 694 se
1121 649 1236 694 erat
1285 647 1628 706 recepturus;
1679 641 1848 706 prima
1884 649 2024 706 vero

448 713 754 771 maledictio
781 722 914 776 erat,
943 709 1102 764 Terra
1128 726 1200 774 es,
1221 719 1268 763 et
1292 709 1343 761 in
1365 705 1552 761 terram
1577 707 1856 770 reverteris,
1883 705 2022 776 hanc

447 802 578 842 vero
617 774 932 840 sententiam
970 781 1022 834 in
1061 797 1118 834 se
1148 779 1401 834 Servatur
1425 777 1651 843 accepit,
1683 784 1742 830 ut
1769 777 1845 830 ait
1876 774 2025 844 Apo-

448 857 620 911 stolas
649 874 662 909 :
706 853 933 910 Christus
957 867 1048 904 nos
1069 849 1275 904 redemit
1308 849 1370 902 de
1397 848 1661 901 maledicto
1682 847 1826 916 legis,
1860 847 2024 914 {actas

451 943 544 997 pro
573 925 717 980 nobis
753 920 1094 997 maledictum
1119 917 1262 997 (Gal.
1302 919 1356 974 5.
1384 918 1474 986 15)
1515 935 1530 974 :
1561 918 1706 997 prius
1730 916 2022 997 imaginem

451 987 605 1066 ponit
629 1000 679 1050 in
701 1000 970 1066 serpente,
988 1007 1060 1066 _ac
1076 987 1198 1066 jure
1225 990 1277 1044 in
1299 998 1568 1066 serpente.
1594 987 1743 1066 Sicut
1762 987 1903 1042 enim
1936 987 2024 1066 ille

449 1058 674 1135 Berpens
698 1058 878 1119 tenetis
903 1058 1112 1126 faciem,
1133 1060 1358 1114 formam
1381 1058 1737 1135 etintaginem
1759 1058 2024 1135 serpentis

450 1129 680 1208 habebat
704 1176 720 1199 ,
763 1147 1028 1208 venenum
1057 1145 1186 1186 vero
1212 1140 1266 1184 et
1295 1129 1584 1208 nequitiam
1623 1129 1886 1208 serpentis
1917 1141 2021 1208 nan

452 1206 683 1262 habebat
708 1197 728 1258 ἐ
755 1205 834 1258 sic
864 1213 918 1258 et
936 1203 1188 1257 Servatur
1211 1197 1432 1269 apparet
1459 1199 1511 1252 in
1550 1212 1712 1252 carne
1743 1199 1792 1251 in
1813 1197 2025 1269 simili-

453 1277 634 1332 tudine
659 1274 862 1346 peccati
895 1289 908 1326 :
940 1272 1053 1327 haec
1080 1273 1223 1346 enim
1249 1268 1377 1326 caro
1405 1277 1560 1346 antea
1592 1268 1858 1346 peccatrix
1888 1277 2022 1322 erat.

451 1340 692 1402 Assumit
732 1359 862 1414 ergo
906 1344 1256 1412 peccatricem
1311 1342 1526 1414 carnem
1553 1379 1568 1404 ,
1613 1340 1736 1393 licet
1781 1340 1894 1414 ipse
1919 1352 2025 1393 non

449 1414 752 1488 peccaverit
773 1410 922 1488 [sed
965 1421 1237 1488 peccatum
1268 1411 1449 1466 mundi
1475 1410 1824 1488 assumpserit
1855 1425 1868 1462 :
1904 1424 2025 1488 nam

451 1477 586 1558 Ecce
609 1477 921 1558 agnus'Dei,
962 1477 1049 1553 qui
1089 1483 1219 1536 tollit
1259 1492 1518 1558 peccatum
1543 1477 1719 1533 mundi
1745 1477 1928 1558 μοίρῃ.
1971 1481 2025 1534 1.

447 1551 709 1629 29)._Sic
749 1563 804 1610 et
849 1551 1101 1610 Servatur
1130 1551 1416 1629 assumpsit
1456 1565 1672 1606 carnem
1698 1591 1714 1617 ,
1743 1551 2025 1620 imaginem

449 1621 628 1683 carnis
658 1633 714 1680 et
743 1639 923 1679 veram
951 1632 1195 1677 naturam
1240 1621 1524 1677 habentem
1543 1663 1558 1686 ,
1590 1629 1865 1689 peccatum
1897 1635 2028 1675 vero

449 1697 632 1753 carnis
660 1710 766 1750 non
797 1695 1099 1749 habentem.
1135 1691 1412 1745 Peccatum
1438 1691 1582 1745 enim
1622 1707 1723 1747 non
1764 1692 1878 1762 fecit
1899 1731 1916 1756 ,
1940 1691 2030 1762 in-

449 1771 566 1838 quit
594 1767 773 1838 Isaias,
802 1782 892 1838 nec
919 1766 1147 1817 inuentus
1167 1771 1239 1817 est
1263 1762 1412 1838 dolus
1435 1763 1488 1816 in
1513 1778 1600 1815 ore
1623 1763 1732 1832 ejus
1751 1760 1914 1838 (ῥῷ.-
1933 1761 2024 1816 55.

452 1832 536 1907 9).
576 1836 728 1904 Quod
767 1837 906 1890 enim
956 1843 1039 1907 est
1081 1833 1426 1907 venenu_m_in
1453 1841 1748 1907 serpente,
1790 1832 1914 1907 illud
1946 1840 2030 1907 est

455 1901 618 1963 dolus
639 1908 691 1962 itt
723 1907 936 1960 homine
966 1920 982 1958 :
1008 1904 1078 1959 de
1100 1919 1206 1969 quo
1240 1903 1323 1974 ait
1346 1901 1622 1974 Scriptura
1643 1943 1658 1966 ,
1686 1902 1754 1957 de
1784 1903 2029 1974 malignis

456 1993 654 2048 agens,
698 1977 948 2048 Venenum
977 1975 1213 2048 aspidem
1240 1973 1335 2048 sub
1369 1973 1516 2048 labiis
1556 1989 1728 2027 eorum
1766 1990 1785 2028 :
1813 1989 2030 2048 quorum

458 2044 514 2103 os
540 2047 889 2101 malrdictt'one
912 2055 958 2100 et
993 2044 1331 2115 amaritudine
1357 2044 1558 2115 plenam
1584 2053 1690 2115 est;
1712 2052 1786 2115 et,
1816 2044 2030 2115 Linguis

453 2119 561 2173 suis
588 2119 761 2172 dolose
786 2116 1000 2187 agebant
1034 2114 1205 2186 (Psal.
1246 2115 1333 2170 15.
1372 2115 1426 2168 5.
1453 2125 1498 2167 et
1610 2114 1723 2187 29).
1752 2113 2029 2187 Sicutigi-

456 2199 564 2252 tur,
599 2198 656 2242 ut
689 2184 877 2242 iteruin
914 2184 1180 2242 resumam
1211 2225 1226 2248 ,
1269 2200 1491 2252 serpens
1523 2185 1610 2239 ille
1653 2184 1935 2255 imaginem
1977 2193 2032 2238 et

457 2260 686 2314 formam
709 2259 975 2328 serpentis
1000 2255 1277 2328 habebat,
1297 2270 1560 2310 venenum
1586 2267 1762 2328 autem
1791 2265 1860 2328 et,
1880 2257 2032 2328 ntali-

458 2331 587 2384 tiatn
629 2325 896 2399 serpentis
922 2326 1158 2399 minime
1191 2344 1205 2380 :
1237 2326 1316 2399 sic
1343 2339 1554 2399 corpus
1590 2325 1894 2399 servaturis
1925 2325 2032 2380 [υτ-ν

457 2415 598 2454 mam
625 2396 898 2453 hominum
922 2397 1124 2461 habuit,
1156 2396 1444 2465 nequitiam
1474 2410 1602 2450 vero
1629 2397 1898 2450 hominum
1925 2412 2029 2448 non

458 2469 661 2524 habuit.
692 2470 872 2524 Altera
917 2476 1096 2523 autem
1141 2480 1327 2521 rursus
1371 2466 1545 2534 imago
1589 2475 1671 2521 est
1703 2482 1714 2518 :
1742 2468 1876 2520 sicut
1917 2481 2023 2521 ser-

458 2549 646 2611 pentes
670 2539 762 2593 alii
790 2537 1004 2608 quidem
1027 2537 1294 2611 mordent,
1322 2536 1458 2590 alius
1485 2551 1609 2590 vero
1637 2551 1732 2611 pro
1763 2537 1866 2611 illis
1895 2535 2031 2604 pati-

458 2607 578 2674 tur;
605 2626 727 2665 cum
753 2607 896 2664 enim
922 2607 1244 2678 oportuisset
1268 2622 1426 2678 unum
1459 2621 1526 2660 ex
1545 2607 1907 2660 mordentihns
1935 2621 2031 2660 sn-

457 2695 626 2749 mere,
655 2681 934 2750 ipsumque
960 2676 1222 2750 erueiligi,
1256 2676 1560 2730 mordentes
1587 2678 1798 2750 quidem
1825 2678 2031 2750 dimissi

457 2747 621 2816 sunt,
649 2747 736 2821 qui
777 2764 904 2821 vero
951 2747 1084 2804 nihil
1118 2755 1425 2816 peccaverat
1465 2747 1752 2802 crucifixus
1800 2748 2030 2821 est._Qni

460 2836 633 2891 neque
659 2819 939 2874 mordebat
961 2861 976 2885 ,
1005 2833 1178 2887 neque
1207 2832 1426 2891 consors
1448 2827 1568 2891 erat
1592 2819 1949 2891 corruptionis
1977 2827 2033 2872 et

456 2887 604 2946 exiiii
636 2891 862 2946 aliorum
891 2898 1229 2958 serpentum,
1259 2888 1403 2957 ligno
1439 2887 1616 2957 ﬁgitur
1638 2930 1653 2954 ,
1699 2889 1822 2958 quia
1860 2890 2034 2957 imago

457 2972 573 3017 erat
608 2961 912 3017 Servatoris
941 2978 953 3014 :
981 2959 1233 3029 quoniam
1273 2958 1522 3012 omnibus
1561 2959 1906 3028 peccantibus
1933 2960 2031 3012 ho-

457 3033 708 3099 tninibus,
733 3044 889 3086 nemo
905 3039 1240 3101 peccatorum
1265 3044 1362 3098 pro
1383 3038 1664 3101 peccatore
1684 3029 2028 3101 cruciﬁgitur,

458 3103 552 3158 sed
583 3104 672 3159 ille
696 3098 802 3172 qui
836 3098 1349 3172 im’peccabiliscstl
1381 3098 1990 3172 Nosti_spec_ulatianem
2016 3116 2029 3152 :

458 3168 745 3227 recordare
772 3168 926 3225 vocis
948 3171 1146 3226 Christi
1186 3169 1478 3225 Nicodemo
1510 3170 1738 3225 dicentis
1771 3187 1783 3222 :
1811 3168 1877 3222 Et
1903 3171 2033 3224 sicut

461 3242 665 3312 Moyses
685 3243 1226 3312 exultavitserpentem
1245 3240 1299 3312 in
1321 3241 1536 3312 deserto,
1561 3243 1632 3312 sic
1651 3241 1868 3312 exaltari
1883 3257 2035 3310 opor~

462 3323 528 3364 tet
555 3309 766 3367 'Filium
804 3309 1058 3372 hominis,
1086 3320 1139 3364 at
1166 3311 1329 3363 onmis
1353 3309 1438 3377 qui
1461 3311 1620 3363 credit
1649 3312 1699 3362 in
1724 3310 1892 3378 ipsum
1918 3309 2034 3363 non

464 3391 655 3450 pereat,
685 3380 772 3433 sed
803 3380 984 3450 habeat
1009 3381 1173 3450 uitaui
1186 3389 1447 3450 (sternant.
1477 3379 1566 3450 Si_c
1599 3379 1819 3450 exaltari
1841 3389 2034 3447 oportet

465 3446 660 3503 Filium
687 3449 903 3501 hominis
923 3446 1100 3517 (Joan.
1143 3447 1196 3500 5.
1231 3448 1316 3500 14.
1364 3446 1473 3514 15).
1521 3447 1747 3517 Pulchre
1783 3446 1983 3501 dictum
2017 3465 2032 3502 :

463 3521 585 3590 quia
617 3519 822 3589 passio,
854 3516 1148 3590 humiliath)
1169 3530 1288 3570 esse
1315 3516 1898 3590 putabatur,_Servatur
1917 3533 2034 3590 eam

464 3586 839 3644 exaltationem
879 3596 1050 3644 vocat.
1091 3587 1258 3642 Totus
1281 3586 1476 3656 quippe
1525 3586 1670 3640 orbis
1695 3599 1855 3641 cruce
1892 3586 2038 3640 exal-

466 3670 605 3715 tatus
630 3671 713 3716 est
735 3703 750 3726 ,
782 3667 925 3715 totus
964 3659 1109 3714 orbis
1150 3657 1294 3712 humi
1319 3657 1525 3726 jacens,
1562 3671 1658 3726 per
1682 3657 2036 3712 oeconomiam

461 3733 638 3786 crucis
663 3741 934 3785 correctus
960 3739 1061 3784 est.
1096 3728 1220 3783 ldeo
1249 3727 1490 3782 Dominus
1527 3729 1776 3798 regnavit,
1807 3727 2038 3781 decorem

463 3802 670 3868 indutus
695 3812 765 3855 est
792 3801 960 3870 (Psal.
984 3799 1072 3855 92.
1107 3798 1182 3870 1).
1208 3798 1406 3853 Etenim
1434 3799 1650 3870 correxit
1674 3798 2034 3870 orbentterrte.

464 3871 582 3926 Non
609 3867 742 3926 dixit
766 3913 781 3938 ,
802 3867 1042 3925 'Creavit.
1075 3867 1253 3923 Primo
1276 3870 1478 3923 creavit
1500 3911 1514 3933 ,
1544 3869 1638 3923 sed
1664 3867 1899 3924 secundo
1919 3883 2040 3922 cor-

465 3943 622 3996 rexit.
648 3939 731 3994 Ita
757 3950 950 4010 Oportet
982 3941 1198 3995 exaltari
1233 3938 1428 4010 Filium
1471 3939 1688 3993 hominis
1712 3981 1743 4010 ,_
1777 3949 1830 3992 ut
1874 3939 2038 3992 omnis

465 4013 554 4093 qui
577 4012 734 4064 credit
759 4008 812 4093 in
838 4013 1002 4093 ipsum
1031 4027 1131 4064 non
1159 4020 1346 4093 pereat.
1381 4009 1607 4064 Necesse
1655 4008 1783 4093 mihi
1829 4010 2039 4093 videtur

466 4079 624 4151 hujus
649 4079 992 4135 exaltationis
1025 4090 1214 4136 testem
1255 4080 1516 4134 advocare
1544 4079 1856 4150 prophetam
1893 4081 2038 4135 clare

466 4152 844 4221 prredicantem
919 4152 1084 4207 Deum
1154 4151 1395 4207 exaltari.
1453 4151 1588 4204 Audi
1649 4163 1777 4221 ergo
1825 4151 2036 4204 beatum

468 4220 656 4276 Isaiam
703 4221 842 4277 hanc
887 4222 1261 4277 exaltationem
1295 4221 1694 4290 praedicantem.
1743 4220 1851 4274 Etsi
1896 4222 2037 4275 enim

465 4303 651 4362 aperte
687 4296 987 4362 passionem
1034 4292 1339 4360 praadicavit
1375 4293 1601 4346 dicens:
1635 4291 1780 4345 Sicut
1822 4290 1930 4362 ovis
1971 4291 2040 4343 ad

467 4361 765 4417 occisionem
785 4363 964 4416 ductus
989 4371 1080 4428 est,
1104 4372 1150 4417 et
1172 4363 1299 4416 sicut
1325 4378 1484 4428 agnus
1510 4378 1678 4415 caram
1706 4361 1942 4414 tondente
1963 4377 2037 4426 se,

468 4436 576 4487 sine
594 4449 710 4486 voce
735 4435 852 4487 :hic
868 4443 1074 4501 peccata
1099 4443 1270 4486 nostra
1300 4432 1450 4494 tollit,
1481 4443 1525 4486 et
1556 4448 1647 4501 pro
1675 4432 1816 4485 nobis
1839 4432 2039 4501 crucia-

471 4515 551 4557 tur
580 4520 598 4557 :
626 4513 831 4574 prapter
864 4500 1064 4572 peccata
1101 4503 1278 4574 populi
1294 4504 1396 4574 mei
1419 4504 1529 4556 veni
1549 4500 1616 4555 ad
1638 4511 1844 4574 mortem
1871 4500 2036 4572 (Isai.

468 4575 558 4630 55.
589 4576 640 4628 7.
663 4575 716 4628 4.
765 4575 822 4644 8)
857 4593 871 4626 :
904 4583 1136 4644 attamen
1179 4573 1302 4626 alibi
1332 4573 1500 4644 ipsam
1547 4573 1843 4644 passionem
1888 4582 2042 4644 vocat

470 4641 863 4699 exultationem.
896 4643 1033 4708 Quid
1059 4644 1200 4698 enim
1227 4644 1392 4698 dicit?
1415 4643 1624 4696 Cantale
1652 4641 1892 4707 Domino,
1925 4643 2038 4694 lau-

471 4715 586 4768 date
615 4731 792 4768 nomen
823 4731 931 4782 ejus
958 4729 976 4767 :
1002 4714 1298 4784 annuntiate
1317 4714 1367 4766 in
1392 4711 1617 4784 gentibus
1643 4712 1856 4782 gloriam
1889 4712 2037 4784 ejus,

470 4786 706 4848 quoniam
735 4783 934 4838 excelsa
968 4787 1103 4854 fecit.
1141 4783 1400 4836 Ifa‘sultate
1427 4793 1471 4835 et
1499 4783 1737 4854 (tutamini
1768 4783 1853 4854 qui
1893 4783 2038 4854 habi-

473 4856 590 4907 tatis
614 4856 663 4906 in
691 4852 983 4924 Siou,.qnia
1005 4855 1256 4924 cauillatus
1275 4865 1344 4907 est
1366 4863 1568 4924 sanctus
1595 4852 1774 4924 Israel,
1803 4853 1854 4905 in
1877 4853 2041 4905 medio

470 4925 541 4977 tui
569 4927 816 4978 επιειιηιιιε
858 4935 929 4977 cst
973 4927 989 4992 (
1028 4923 1114 4977 Id.
1145 4923 1230 4979 19..
1260 4925 1313 4978 5.
1339 4925 1433 4992 6).
1465 4923 1568 4977 Sed
1598 4923 1717 4976 huic
1739 4925 1852 4976 voci
1893 4923 2040 4976 obsi-

469 4996 561 5048 stit
607 4994 852 5049 haeretica
904 5010 1024 5058 vox,
1078 5005 1127 5048 et
1175 4995 1300 5049 dicit
1354 5013 1365 5047 :
1419 4995 1473 5049 Si
1521 4993 1790 5048 exaltatus
1841 5002 1960 5056 est,
2010 5008 2038 5046 a

471 5065 628 5119 l’atre
675 5075 758 5119 est
800 5065 1097 5125 exaltatns;
1145 5067 1398 5134 scriptum
1449 5074 1528 5118 est
1575 5065 1719 5117 enim
1763 5081 1776 5116 :
1826 5062 2042 5132 Ρνοριιτ

467 5135 606 5207 quod
667 5134 911 5207 et_l)eus
974 5137 1208 5190 exultavit
1260 5136 1445 5200 illaut,
1508 5143 1552 5187 et
1603 5135 1756 5207 ‘dedit
1812 5134 1888 5207 illi
1930 5150 2043 5207 _no-

469 5202 580 5260 men
615 5205 750 5274 quod
787 5217 858 5260 est
897 5223 1047 5275 super
1091 5223 1236 5260 omne
1265 5223 1463 5270 nomen,
1508 5213 1557 5275 ut
1597 5203 1648 5256 in
1691 5205 1888 5275 nomine
1911 5202 2038 5275 Jesu

467 5293 617 5330 omne
630 5273 767 5346 genu
784 5273 1018 5347 ﬂectatur
1041 5277 1333 5342 cwlestiunt,
1357 5287 1462 5332 etc.
1488 5274 1746 5344 (Philipp.
1767 5273 1822 5326 2.
1841 5275 1894 5329 9.
1915 5273 2036 5347 _l_0).

470 5343 695 5425 Semper
741 5343 938 5425 inimici
963 5347 1202 5425 veritatis
1240 5343 1516 5425 insurgunt
1559 5355 1743 5398 contra
1782 5343 2041 5425 praedica-

472 5420 672 5472 tionem
699 5419 958 5473 veritatis.
991 5418 1178 5486 Operte
1217 5421 1443 5486 pretium
1472 5426 1649 5470 autem
1701 5425 1784 5486 est
1828 5418 1891 5486 iis
1933 5427 2040 5468 non

472 5489 664 5543 breves
693 5488 936 5559 proferre
980 5484 1376 5559 responsiones,
1407 5488 1500 5559 sed
1532 5486 1682 5556 prius
1711 5485 1778 5539 ab
1825 5484 1926 5537 illis
1958 5499 2040 5536 ra-

471 5560 670 5614 tionem
694 5557 963 5635 postulare
1006 5557 1655 5635 prajjttdicatzeopiniuniﬂs
1696 5570 1827 5635 Sine,
1861 5564 2041 5635 etpo-

468 5639 582 5700 stea
599 5625 941 5700 qui-sitorum
960 5625 1279 5700 solutionem
1305 5627 1574 5700 inducere.
1599 5628 1862 5694 Quoniam
1884 5625 2037 5700 dicis,

471 5697 631 5754 Pater
673 5701 910 5754 exultavit
954 5700 1120 5762 illum,
1158 5707 1203 5751 et
1247 5698 1383 5750 dedit
1437 5697 1756 5768 illi_nomen,
1798 5697 1932 5768 quod
1970 5705 2040 5748 est

469 5787 620 5840 super
660 5787 807 5826 omne
854 5787 1054 5834 nomen,
1095 5780 1146 5822 ut
1187 5769 1237 5823 in
1282 5769 1482 5823 nomine
1509 5766 1650 5835 λων,
1693 5766 1837 5836 etes;
1868 5770 2038 5839 primo

1220 308 1485 370 CONTRA
1527 305 1830 374 JUDIEOS,
1871 305 1936 363 IN
1976 306 2388 367 SEBPENTEM
2425 309 2707 380 ENEUM,
2749 311 2906 370 ETC.

3606 319 3712 375 798

2130 424 2259 480 mihi
2274 433 2473 500 statue,
2497 426 2638 500 quod
2660 429 2730 500 sit
2751 428 2876 483 illttd
2899 440 3092 484 nomen
3115 441 3276 498 super
3293 441 3453 485 omne
3473 445 3705 500 nomen;
3766 491 3771 495 _

2130 509 2237 568 non
2272 496 2395 551 licet
2422 496 2564 552 enim
2596 498 2725 552 illud
2752 508 2955 554 temere
2993 496 3258 568 proferre,
3298 500 3392 555 sed
3423 501 3474 554 in
3503 504 3578 556 rei
3609 496 3704 559 vc;

2129 566 2288 640 ritate
2336 567 2676 640 statuendum
2719 579 2819 640 est.
2859 566 3005 624 Cum'
3035 570 3298 639 malignus
3345 571 3606 640 quispiam
3653 586 3707 629 to

2131 636 2729 709 interrogaverit,justa
2769 636 3188 709 interrogatione
3233 636 3516 695 absurdam
3547 642 3703 698 solve

2130 706 2625 781 interrogationem.
2651 709 2898 781 Ostendit
2940 706 3080 764 enim
3113 709 3272 781 hodie
3296 709 3540 781 salvator
3565 729 3704 781 quo-

2131 777 2556 852 modo_oporteat
2578 778 2807 852 obliquis
2837 780 3309 852 illis‘t‘espondere.
3339 777 3705 852 lntcrrogave-

2129 855 2254 921 runt
2281 848 2620 921 Servatorcm
2649 849 2899 921 Pharisaei
2925 849 3186 914 dicentes,
3230 849 3294 904 In
3329 867 3429 921 qua
3461 848 3702 921 potéstate

2133 917 2435 991 haecfacis?
2461 920 2574 989 quis
2608 919 2696 973 tibi
2727 920 2862 974 dedit
2893 921 3024 991 hanc
3050 917 3351 990 potestatem
3371 917 3579 991 (Matth.
3609 923 3701 981 2t.

2129 985 2713 1060 25)?'_Serva'torgvero
2751 985 3266 1046 ostendere'volens
3305 985 3409 1045 non
3455 1003 3705 1060 oportere

2133 1058 2382 1126 nequitia:
2426 1058 2758 1132 satisfacere,
2803 1062 2897 1116 sed
2924 1061 3170 1132 absurdis
3203 1058 3704 1132 interrogationibus

2132 1142 2238 1180 non
2289 1129 2723 1197 respondendum
2770 1145 2922 1197 esse,
2960 1130 3242 1185 Pharisazis
3284 1129 3448 1186 dicit':
3482 1132 3705 1188 Interro-

2131 1197 2258 1272 gabo
2289 1199 2466 1272 vosde
2485 1217 2545 1272 re
2569 1201 2760 1272 aliqua,
2785 1218 2934 1272 quam
2961 1203 3006 1255 si
3027 1202 3274 1264 dixeritis,
3307 1211 3351 1255 et
3375 1218 3466 1271 ego
3490 1219 3702 1272 respon-

2131 1267 2256 1321 debo
2280 1268 2417 1322 nobis
2438 1283 2457 1322 :
2478 1267 2740 1337 Baptisnta
2765 1267 2982 1324 Joannis
3010 1273 3144 1324 unde
3178 1281 3284 1324 erat
3301 1273 3328 1324 Ρ
3360 1267 3422 1326 ea?
3446 1267 3592 1337 creto,
3636 1292 3703 1329 an

2133 1338 2507 1412 exhominibus
2528 1338 2640 1412 (Id.
2661 1357 2710 1395 υ.
2742 1341 2833 1395 24.
2871 1340 2998 1412 25)?
3031 1341 3304 1410 Repressit
3341 1343 3610 1412 improbos
3636 1346 3703 1410 is,

2133 1409 2222 1478 qui
2245 1409 2653 1484 comprehendit
2681 1409 3028 1484 sapientesin
3058 1409 3178 1484 astu
3207 1411 3254 1484 ia
3283 1409 3488 1466 eorum.
3513 1413 3579 1466 In
3601 1409 3702 1484 qua

2133 1489 2376 1602 Eolestate
2415 1481 2522 1533 Iure
2553 1481 2716 1548 facis?
2753 1482 2865 1552 quis
2905 1481 2993 1535 tibi
3033 1481 3168 1534 dedit
3213 1482 3343 1535 hanc
3372 1481 3707 1547 potestatein?

2182 1557 2201 1602 t
2231 1550 2585 1602 interrogatus
2617 1568 2720 1602 non
2767 1552 3054 1602 resnondet
3089 1553 3188 1602 eis.
3222 1553 3314 1602 sed
3346 1552 3580 1602 vicissim
3625 1555 3706 1602 in-

2182 1557 2201 1602 t
2231 1550 2585 1620 interrogatus
2617 1568 2720 1606 non
2766 1550 3054 1620 restiondet
3089 1553 3188 1615 eis,
3222 1553 3314 1607 sed
3346 1552 3580 1607 vicissim
3624 1555 3706 1608 in-

2133 1627 2367 1693 terrogat
2395 1637 2410 1674 :
2435 1619 2771 1693 interrogabo
2811 1619 2868 1675 et
2901 1638 2994 1693 ego
3035 1637 3120 1676 vos
3163 1621 3225 1675 de
3263 1639 3318 1676 re
3350 1623 3541 1693 aliqua.
3581 1623 3705 1679 Ideo

2133 1688 2262 1744 dicit
2285 1688 2576 1760 'propltela,
2607 1688 2732 1746 Cum
2765 1688 2949 1746 sancto
2979 1702 3183 1746 sanctus
3212 1693 3331 1757 eris,
3360 1703 3407 1746 et
3434 1688 3559 1746 'cum
3597 1696 3706 1750 viro

2131 1760 2393 1814 innocente
2417 1762 2656 1816 innocens
2693 1763 2812 1827 eris,
2861 1771 2907 1816 et
2940 1779 3053 1816 cum
3092 1763 3248 1816 electo
3274 1764 3459 1817 electus
3501 1765 3619 1829 eris,
3660 1775 3708 1819 ct

2132 1846 2247 1905 cum
2268 1847 2508 1905 perverso
2521 1833 2823 1905 perverteris
2845 1831 3014 1905 (Psal.
3036 1833 3121 1887 17.
3150 1832 3240 1886 26.
3267 1832 3380 1905 2]).
3408 1834 3518 1888 Hoc
3536 1851 3565 1889 a
3597 1837 3707 1890 Deo

2135 1901 2440 1974 hominibus
2477 1903 2680 1974 dictum
2713 1918 2833 1958 esse
2855 1901 3010 1974 multi
3051 1912 3257 1972 putant.
3293 1901 3416 1958 Haec
3442 1906 3704 1974 propheta

2134 1971 2244 2044 Deo
2269 1972 2414 2034 dicit,
2446 1972 2568 2027 Cum
2589 1974 2732 2044 justo
2752 1971 3129 2044 justiﬁcaberis,
3167 1989 3281 2025 cum
3310 1974 3416 2027 viro
3444 1971 3709 2030 innocente

2133 2041 2372 2096 innocens
2399 2041 2713 2115 erisl‘et'cum
2738 2041 2894 2099 electo
2914 2044 3098 2115 electas
3119 2043 3234 2115 eris.
3267 2054 3310 2096 et
3333 2061 3444 2098 cum
3476 2061 3706 2115 perverso

2135 2115 2448 2186 perper-teris.
2496 2112 2564 2168 Ut
2607 2129 2736 2186 vero
2780 2115 2955 2186 discas
3004 2113 3118 2186 haec
3167 2114 3276 2168 Deo
3315 2115 3442 2182 dici,
3476 2112 3704 2186 pergit:

2139 2182 2388 2248 Quoniam
2414 2193 2466 2236 tu
2495 2185 2736 2254 populant
2770 2185 3010 2239 humilem
3037 2185 3230 2238 salvum
3261 2187 3438 2254 facies,
3469 2182 3514 2239 et
3535 2182 3708 2241 oculos

2134 2254 2462 2326 superborum
2483 2253 2771 2326 humiliabis
2790 2254 2904 2325 (Id.
2937 2271 2986 2309 υ.
3017 2253 3134 2324 28).
3166 2253 3390 2326 Semper
3412 2257 3704 2326 nequitiam

2134 2321 2442 2396 Judteorum
2489 2325 2642 2379 torsit
2682 2321 2938 2380 Servatur
2979 2321 3100 2396 per'
3127 2321 3399 2380 silentium
3426 2343 3438 2379 :
3468 2321 3705 2396 nequitia

2136 2393 2279 2446 enim
2310 2395 2394 2448 cui
2419 2410 2522 2448 non
2553 2396 2923 2464 reSpondctur,
2953 2393 3120 2467 magis
3140 2397 3425 2452 cruciatur.
3449 2393 3603 2467 Stepe
3629 2399 3709 2451 in-

2137 2473 2437 2537 terrogatus
2485 2473 2589 2537 est.
2631 2475 2687 2520 et
2727 2481 2831 2537 non
2887 2465 3192 2537 respondit;
3249 2465 3552 2535 percontati
3583 2477 3709 2523 sunt

2134 2532 2326 2600 Judtei,
2361 2550 2459 2607 nec
2486 2535 2591 2590 illis
2620 2536 2889 2605 quidpiam
2917 2532 3175 2605 reposuit.
3203 2532 3279 2590 Eo
3300 2550 3467 2607 usque
3495 2537 3708 2592 Judaeu-

2135 2619 2252 2679 rum
2303 2605 2511 2660 animos
2561 2607 2852 2679 cruciavit,
2887 2617 2958 2679 aut
2999 2607 3237 2679 dicerent
3271 2607 3355 2679 illi
3384 2605 3403 2664 ξ
3441 2607 3709 2679 Usquequo

2135 2676 2358 2728 animam
2396 2685 2619 2730 nostram
2656 2677 2835 2731 tollis?
2872 2677 2933 2732 Si
2976 2687 3029 2730 tu
3064 2695 3114 2731 es
3159 2675 3410 2744 Christus,
3446 2675 3534 2731 die
3568 2675 3711 2734 nobis

2136 2745 2306 2814 palam
2333 2746 2513 2817 (Joan.
2541 2747 2626 2802 10.
2659 2746 2771 2816 24).
2805 2747 2911 2802 Nec
2937 2756 3111 2802 tamen
3144 2749 3435 2817 respondit.
3466 2750 3567 2803 nisi
3595 2759 3709 2804 tan-

2138 2828 2296 2888 tum:
2324 2816 2478 2888 Saepe
2503 2817 2610 2871 dixi
2638 2819 2808 2888 vobis,
2836 2828 2889 2872 et
2915 2834 3018 2871 non
3060 2816 3283 2873 audistis
3313 2836 3326 2872 :
3359 2819 3484 2888 qttid
3512 2821 3704 2874 iterum

2136 2885 2296 2957 vultis
2334 2885 2554 2941 audire?
2583 2887 2713 2942 Vide
2741 2889 3009 2957 quomodo
3050 2890 3240 2942 animm
3277 2885 3389 2942 suai
3417 2892 3708 2944 cruciatum

2135 2955 2524 3029 declaraverint
2538 2975 2550 3010 :
2564 2955 2842 3029 VIquuequo
2862 2959 3084 3012 animant
3101 2969 3322 3012 nostram
3341 2960 3478 3014 tollis
3491 2960 3516 3012 ?
3533 2976 3714 3019 nonne

2139 3036 2193 3099 tu
2219 3027 2437 3081 dixisti?
2463 3026 2639 3092 l’etite,
2662 3026 2716 3082 et
2736 3026 3025 3099 accipietis;
3051 3029 3263 3095 pulsate,
3289 3040 3333 3083 et
3354 3031 3606 3098 aperietur
3626 3049 3712 3085 ro—

2139 3096 2254 3170 bis;
2304 3099 2548 3167 qucerite,
2595 3109 2650 3170 et
2697 3096 2958 3153 invenietis
3009 3099 3224 3170 (Matth.
3255 3101 3306 3154 7.
3339 3096 3438 3168 7)?
3485 3100 3712 3170 Legistis

2135 3166 2482 3237 Scripturam,
2513 3168 2607 3222 sed
2636 3184 2741 3222 non
2772 3170 3106 3224 intellexistis
3127 3166 3392 3224 dicentem
3425 3191 3438 3225 :
3468 3166 3708 3236 Qudzrent

2136 3252 2215 3311 me
2239 3239 2385 3304 mali,
2427 3254 2516 3311 nec
2543 3239 2791 3292 invenient
2816 3239 2992 3311 (Prov.
3025 3242 3075 3294 1.
3103 3239 3231 3311 28).
3261 3240 3328 3296 Ut
3355 3240 3531 3296 discas
3561 3258 3710 3298 eum-

2137 3307 2444 3382 dem__esse_
2471 3307 2835 3382 characterem
2878 3310 3142 3382 loquentis
3189 3307 3283 3380 per
3319 3312 3615 3382 evangelia,
3657 3323 3714 3369 et

2137 3377 2478 3451 prtedicantis
2503 3394 2599 3448 per
2629 3377 2962 3448 prophetasf
2982 3377 3336 3449 ettmdernttue
3365 3377 3482 3451 perv
3502 3377 3625 3437 illos
3654 3397 3710 3438 et

2139 3461 2235 3513 per
2268 3447 2366 3500 hos
2395 3447 2667 3523 loquututn
2699 3447 2820 3523 ease
2855 3467 2868 3504 :
2898 3460 2954 3523 ut
2985 3451 3071 3523 hic
3114 3467 3144 3506 a
3173 3447 3377 3506 inda-is
3422 3452 3715 3523 interroga-

2141 3524 2227 3592 t_us
2254 3530 2361 3592 non
2401 3517 2695 3592 respondit,
2729 3519 2822 3592 {sed
2867 3519 2987 3592 aliis
3018 3522 3526 3592 interrogationibus
3566 3517 3712 3592 ipsos

2142 3585 2368 3638 frenavit
2400 3603 2414 3641 :
2443 3586 2522 3640 sic
2563 3597 2616 3646 et
2648 3589 2701 3640 in
2730 3588 2907 3642 Veteri
2939 3589 3065 3643 dicit
3096 3585 3242 3645 Deus
3266 3591 3528 3647 Ezecltieli
3560 3585 3652 3646 :'F
3654 3597 3710 3649 ili

2140 3654 2378 3731 hominis,
2405 3671 2516 3709 ecce
2541 3657 2636 3724 filii
2646 3657 2842 3731 papuli
2866 3661 3068 3731 veniunt
3094 3661 3163 3731 ad
3188 3677 3264 3714 me
3289 3664 3358 3715 ad
3385 3664 3706 3731 interrogan-

2141 3725 2554 3798 duntaermonem
2575 3743 2591 3798 ς
2612 3727 2718 3780 vivo
2742 3744 2851 3798 ego,
2868 3729 2911 3782 si
2935 3730 3244 3798 respondebo
3261 3732 3364 3785 illis
3386 3725 3599 3798 (Ezeclt'.
3621 3734 3712 3789 20.

2140 3795 2220 3863 5).
2250 3795 2410 3872 Vides
2431 3797 2676 3872 eumdem
2705 3795 3110 3872 characterem:
3133 3800 3252 3855 vide
3273 3795 3400 3870 quot
3427 3814 3713 3872 tormenta,

2139 3875 2270 3991 quot
2299 3868 2764 3937 interrogationes,
2794 3877 2922 3938 quot
2941 3869 3245 3939 petitiones,
3275 3868 3329 3924 et
3354 3887 3458 3925 non
3484 3868 3712 3944 responL

2183 3938 2239 3990 it.
2281 3937 2378 3991 Ubi
2427 3949 2604 3991 autem
2644 3939 2842 3991 invenit
2883 3941 3113 3991 animant
3154 3941 3472 3991 simniicem-
3506 3954 3559 3991 ct
3589 3946 3712 3991 ἢιιρ.

2183 3938 2239 3990 it.
2281 3937 2378 4010 Ubi
2427 3949 2604 3992 autem
2644 3937 2842 3994 invertit
2883 3937 3113 3992 animant
3154 3941 3472 4010 simplicem,
3506 3937 3718 4001 ct'lide-

2143 4008 2269 4070 lem,
2305 4007 2420 4062 luce
2443 4015 2500 4062 et
2528 4010 2866 4079 simplicitate
2895 4010 3127 4078 plenam,
3158 4007 3274 4066 non'
3291 4007 3463 4067 modo
3483 4014 3717 4070 interro-

2139 4087 2294 4204 gatus
2335 4079 2642 4149 respondet,
2687 4080 2779 4135 sed
2808 4082 2966 4136 etiam
3010 4096 3114 4135 non
3144 4083 3497 4152 interrogatus
3535 4085 3716 4144 docet.

2190 4150 2285 4204 biit
2305 4150 2587 4204 aliquando
2613 4151 2752 4204 circa
2778 4151 3070 4204 Samariam
3099 4153 3274 4204 Jesns.
3307 4155 3503 4204 invenit
3529 4157 3716 4204 mulie-

2190 4150 2587 4220 biitialiqnando
2613 4151 2752 4206 circa
2778 4151 3070 4208 Samariam
3099 4153 3274 4220 Jcsns,
3307 4150 3503 4208 invenit
3529 4157 3717 4210 mulie-

2142 4235 2264 4294 rem
2281 4219 2664 4294 Samaritanam
2690 4223 3019 4294 haurientem
3038 4219 3334 4294 aquam,et
3360 4224 3488 4280 dicit
3513 4225 3608 4292 illi,
3638 4227 3716 4281 Da

2142 4291 2264 4362 mihi
2293 4291 2456 4362 bibere
2485 4289 2665 4360 (Joan.
2693 4292 2748 4346 t.
2780 4294 2859 4362 7).
2888 4293 2986 4361 Qui
3018 4289 3176 4349 vitam
3207 4305 3317 4360 ual,
3343 4295 3475 4350 dicit
3510 4289 3605 4362 illi,
3636 4297 3717 4352 Da

2142 4361 2266 4432 mihi
2293 4361 2499 4432 biberes
2521 4361 2754 4416 Sedebat
2782 4361 2848 4417 ad
2879 4362 3266 4432 puteuzn,'lons
3301 4380 3462 4432 supra
3492 4361 3715 4422 fontem.

2145 4429 2365 4505 Deinde,
2407 4440 2464 4505 ut
2489 4431 2721 4486 breviter
2752 4429 2922 4505 dicain
2955 4429 3454 4505 (natn'propositum
3486 4448 3566 4490 est
3610 4453 3715 4492 non

2145 4499 2282 4554 hanc
2302 4502 2890 4580 explicareltistoriam,
2914 4499 3016 4580 sed
3039 4504 3104 4580 ad
3131 4499 3442 4580 institutum
3471 4509 3713 4580 reverti),

2143 4573 2348 4645 rogavit
2388 4588 2509 4645 eum
2540 4574 2679 4645 illa“
2727 4584 2780 4626 ut
2807 4575 3033 4629 veniret.
3065 4575 3213 4629 lltnm
3245 4576 3333 4645 qui
3366 4592 3486 4630 cum
3525 4573 3718 4632 ludatis

2144 4651 2198 4695 et
2238 4641 2587 4714 Samaritanis
2622 4645 2935 4699 versabatur
2978 4641 3345 4714 interrogavit.
3398 4648 3719 4704 Samaritani

2145 4726 2273 4764 vero
2307 4713 2470 4785 circa
2494 4715 2698 4776 urbem,
2728 4730 2846 4784 quae
2886 4730 3026 4770 nunc
3046 4713 3270 4770 vocatur
3299 4716 3566 4785 Neapolis,
3603 4721 3717 4773 cul-

2146 4790 2257 4856 t_um
2283 4797 2433 4856 suum
2459 4782 2688 4856 habent;
2712 4782 2881 4839 Judaei
2908 4795 3088 4840 autem
3113 4782 3477 4856 lerusolyntis.
3511 4789 3648 4843 Dicit
3669 4792 3718 4844 ei

2143 4852 2473 4906 Samaritana
2506 4873 2520 4909 :
2552 4852 2786 4919 Domine,
2821 4866 2988 4924 patres
3013 4857 3173 4911 nostri
3197 4857 3250 4910 in
3278 4852 3372 4909 hoc
3394 4871 3560 4912 monte
3595 4861 3721 4913 ado-

2144 4933 2378 4975 raverunt
2424 4939 2443 5000 ς
2486 4925 3163 5000 quomododtcuatt[udaai
3213 4929 3334 5000 quia
3383 4928 3720 5000 Jerosolgmis

2145 5003 2339 5066 oportet
2372 4995 2588 5047 adorare
2620 4995 2776 5065 (Ibid.
2807 5012 2853 5048 υ.
2885 4995 3018 5066 20)?
3045 4995 3176 5052 Vide
3215 4999 3448 5052 animant
3479 4995 3718 5054 discendi

2143 5063 2430 5132 enpidam,
2481 5063 2754 5120 mulierem
2815 5063 3107 5130 miseram,
3169 5067 3366 5123 virtute
3432 5071 3718 5124 exce'sant.

2136 5132 2370 5209 .Egressa
2393 5143 2476 5209 est
2495 5134 2559 5188 ad
2592 5135 2938 5209 hauriendam
2963 5152 3173 5209 aquam,
3201 5148 3256 5193 et
3281 5140 3452 5192 haurit
3479 5156 3542 5194 ex
3575 5139 3722 5196 fonte

2147 5202 2364 5280 ﬂuenta.
2397 5203 2716 5280 Samaritani
2740 5202 3100 5280 lticiadora'ut,
3131 5207 3300 5263 Judaei
3324 5209 3676 5280 Jerusulytnis
3700 5231 3716 5264 :

2144 5272 2292 5344 solve
2321 5277 2691 5344 quaestionem.
2737 5277 2874 5332 Dicit
2910 5278 3166 5332 Servatur
3197 5297 3212 5332 :
3245 5280 3403 5332 Amen
3451 5272 3564 5332 dico
3611 5283 3721 5342 tibi.

2146 5342 2350 5418 mulier,
2372 5345 2490 5413 quia
2519 5342 2676 5400 ueniet
2706 5348 2996 5418 Itoratcum
3023 5363 3181 5418 neque
3205 5350 3257 5402 in
3300 5359 3465 5402 monte
3490 5355 3599 5413 hoc,
3633 5367 3723 5403 nec

2143 5411 2478 5488 Jerosolyntis
2519 5417 2802 5470 adorabunt
2837 5411 3058 5470 'Patrem
3097 5411 3272 5488 (Ibid.
3326 5435 3375 5473 υ.
3428 5420 3541 5488 2|).
3587 5411 3726 5476 Deus

2146 5486 2295 5556 enim
2318 5485 2540 5556 Spiritus
2557 5495 2648 5552 est,
2680 5488 2727 5540 id
2751 5497 2853 5551 est,
2880 5489 3074 5556 ubique
3096 5485 3209 5555 est;
3233 5500 3278 5543 et
3299 5485 3566 5543 adorantes
3589 5507 3721 5555 eum,

2144 5567 2196 5632 tn
2218 5554 2399 5632 spiritu
2429 5566 2476 5609 et
2502 5558 2708 5632 veritate
2735 5568 2930 5627 oportet
2954 5554 3168 5632 adorare
3197 5554 3356 5632 (Ibid.
3382 5577 3428 5613 υ.
3453 5562 3544 5630 24)
3571 5579 3582 5614 :
3617 5554 3723 5615 non

2147 5623 2264 5701 loco
2298 5623 2797 5701 circumscribentes
2835 5629 3153 5701 orationem,
3203 5623 3296 5685 sed
3341 5623 3536 5701 ubique
3580 5636 3728 5686 cele-

2146 5693 2655 5772 bran_tcs.'Ut‘\_'cru
2694 5699 2838 5772 clare
2885 5700 3182 5772 intelligere
3236 5718 3341 5756 non
3374 5693 3562 5772 pultat,
3609 5719 3727 5770 quae

2151 5762 2362 5821 dicebat
2401 5767 2662 5838 (mulieris
2700 5771 2840 5826 enim
2885 5762 3117 5828 ntentein
3144 5762 3470 5846 superabat),
3509 5762 3640 5826 tiicit'
3679 5776 3727 5826 ci
