2033 3116
254 178 282 205 η
623 171 651 199 s.
672 171 810 199 JOANNIS
827 169 1066 199 Cttuvsosrom
1084 171 1240 200 AR'CIIIEP.
1263 167 1529 204 CONSTA'NTINOP.
1794 188 1797 197 ι
1847 179 1878 208 t2

253 238 293 260 tes
315 230 493 262 vocabantur,
517 228 625 264 quidam
650 228 805 257 Corinthius
827 233 884 256 erat
906 227 956 265 (ιι).
979 228 1042 255 Ha-c

251 286 331 314 porro
342 286 357 305 a
372 278 448 305 nobis
468 284 520 303 non
534 275 721 303 ostentationis
743 282 823 302 causa
835 295 842 307 ,
858 281 908 301 nec
930 273 962 301 ad
977 281 1040 300 eru-

250 326 378 353 ditionem
394 323 572 352 exhibendam
598 322 668 349 dicta
692 326 772 348 sunt:
793 321 857 355 quid
873 321 943 347 enim
965 320 1041 355 juvat

251 373 308 399 haec
321 372 422 398 nosse?
437 369 483 396 sed
500 369 556 395 luce
568 367 601 395 ad
623 367 742 402 epistolae
763 371 947 402 argumentum
964 366 1041 393 nobis

249 418 401 446 cenferunt.
417 417 495 443 Multa
510 420 599 442 autem
620 415 646 441 in
660 414 711 441 hac
725 414 790 441 urbe
808 420 903 448 passus
918 417 959 439 est
973 412 1041 439 Pau-

250 465 302 496 lus,
316 469 343 491 et
355 462 478 490 Christus
494 462 520 488 in
534 461 576 488 illa
590 466 723 495 apparens
734 459 770 492 ei,
785 458 852 485 dixit
868 467 875 485 :
891 457 933 484 Ne
944 462 1039 490 taceas,

250 511 294 538 sed
307 511 406 545 loquere
426 517 435 535 :
449 508 509 543 quia
522 506 617 534 multus
628 511 663 534 est
679 506 740 532 mihi
754 505 862 540 populus
882 505 908 531 in
922 504 970 530 hac
981 504 1041 530 civi-

251 562 301 584 tate
315 556 384 590 (Act.
400 554 444 582 18.
469 554 496 581 9.
519 553 574 588 10).
591 552 625 580 Et
644 551 742 578 mansit
765 551 800 578 ibi
820 550 888 577 duos
901 556 996 576 atinas.
1012 548 1041 575 In

250 603 299 630 hac
309 608 414 637 quoque
424 600 530 627 daemon
541 599 615 630 exiit,
628 604 707 632 quem
719 596 803 624 Judaei
816 595 971 630 adjurantes
982 601 1041 628 gra-

250 650 290 677 via
304 648 338 676 ab
354 648 400 675 illo
416 647 486 681 passi
501 649 563 673 sunt
576 653 583 670 :
596 645 622 671 in
637 643 688 670 hac
708 643 771 670 item
785 641 893 677 quidam
910 641 1041 676 patuiten-

250 696 285 723 tia
306 694 378 722 ducti
398 693 480 720 libros
502 691 619 726 magicos
639 689 857 721 combusserunt;
873 692 899 715 et
913 687 967 714 visa
980 691 1042 713 sunt

249 741 439 777 quinquaginta
455 739 536 766 millia
552 749 558 766 :
577 737 603 765 in
626 737 676 764 hac
699 736 810 763 demum
823 734 964 768 ,Gallione
981 741 1042 768 pro-

249 787 361 815 consule
373 786 399 813 in
419 784 544 812 tribunali
559 783 670 811 sedente
680 803 688 815 ,
705 781 803 809 Paulus
817 779 975 808 verberatus
988 783 1039 806 est.

251 833 351 861 Videns
364 839 429 866 ergo
443 830 567 858 diabolus
588 829 723 856 civitatem
743 834 866 862 magnam
882 831 908 853 et
930 825 1042 860 populo-

250 887 307 907 sam
323 879 463 906 veritatem
477 876 631 911 accepisse;
649 874 738 907 illam,
760 874 887 908 inquam,
903 871 1002 899 divitiis
1015 875 1043 898 et

249 925 381 962 sapientia
406 923 576 954 mirabilem,
600 921 764 954 Gracchoque
787 919 968 954 praecipuam;
998 924 1042 944 res

250 972 320 999 enim
347 969 550 999 Atheniensium
576 971 604 993 et
630 964 914 995 Lacedaemoniorum,
937 962 1042 990 sublato

246 1018 302 1052 jam
316 1017 378 1044 olim
393 1016 457 1051 ipsis
469 1013 591 1049 imperio,
607 1013 706 1040 misere
717 1011 842 1046 iacebant
854 1019 860 1036 :
873 1009 966 1036 videns
978 1009 1041 1036 item

248 1063 404 1091 Corinthios
418 1061 499 1088 alacri
513 1060 606 1087 animo
617 1059 729 1086 verbum
742 1057 788 1084 Dei
803 1055 964 1090 suscepisse;
978 1054 1042 1090 quid

250 1109 330 1138 facit?
344 1108 474 1136 ﬂotnines
496 1106 610 1134 dividit:
625 1104 728 1132 sciebat
752 1103 823 1131 enim
850 1110 961 1137 regnum
981 1109 1042 1129 om-

251 1156 323 1183 nium
340 1153 556 1190 potentissimum
569 1152 596 1178 in
617 1151 735 1185 seipsum
759 1149 873 1176 divisum
898 1153 969 1175 stare
989 1155 1041 1174 non

252 1210 338 1237 posse.
354 1200 529 1228 Occasionem
550 1203 638 1225 autem
656 1197 748 1224 habuit
770 1195 802 1222 ad
818 1195 930 1222 insidias
946 1202 1041 1229 paran-

250 1250 307 1280 das,
324 1247 499 1274 habitantium
513 1244 623 1272 divitias
634 1249 714 1278 atque
728 1241 897 1276 sapientiant.
911 1240 978 1267 llinc
989 1240 1043 1267 illis

250 1297 277 1322 in
292 1294 420 1321 factiones
433 1292 576 1319 adversum
592 1298 622 1317 se
635 1295 728 1316 mutuo
741 1287 833 1315 divisis
843 1308 850 1321 ,
863 1294 923 1314 cum
935 1285 1043 1321 quidam

249 1349 342 1369 eorum
363 1348 393 1367 se
418 1343 513 1374 suopte
537 1337 648 1364 arbitrio
674 1335 854 1370 delegissent,
881 1333 1042 1360 multitudini

251 1387 424 1423 praefuerunt;
439 1389 467 1412 et
481 1384 525 1411 alii
540 1383 647 1418 quidem
662 1382 703 1409 his
713 1403 720 1415 ,
734 1381 780 1408 alii
794 1381 845 1408 illis
859 1388 919 1408 sese
931 1379 1042 1406 dedide-

252 1437 314 1460 runt
325 1453 333 1464 ,
350 1432 403 1459 illis
417 1435 445 1458 ut
463 1430 590 1457 divitibus
603 1449 609 1460 ,
634 1428 676 1455 his
699 1432 726 1454 ut
741 1426 908 1461 sapientibus
922 1426 967 1460 qui
983 1425 1042 1460 plus

251 1483 360 1513 possent
372 1477 469 1504 docere
484 1484 490 1502 :
505 1475 562 1511 qui,
571 1473 704 1508 adjunctis
714 1473 766 1500 sibi
780 1473 844 1504 illis.
858 1472 1042 1507 gloriabantur

250 1533 279 1552 se
296 1525 368 1559 plura
386 1524 485 1554 dicere,
506 1527 589 1555 quam
599 1519 741 1554 Apostolus
755 1527 762 1551 ;
775 1519 799 1545 id
811 1518 882 1553 quod
903 1517 982 1544 etiam
998 1517 1043 1544 ille

250 1570 420 1598 subindicans
435 1567 559 1595 dicebat:
576 1566 637 1592 Non
650 1565 720 1600 potui
733 1564 800 1591 vobis
824 1564 892 1599 loqui
916 1569 1043 1597 tamquam

249 1616 423 1651 spiritualibus
440 1615 450 1650 (
465 1615 490 1641 1.
504 1613 564 1641 Cur.
579 1613 605 1640 5.
624 1612 636 1639 1
655 1610 674 1647 ).
689 1611 769 1638 Certe
791 1618 843 1637 non
859 1618 891 1637 ex
907 1609 979 1636 Pauli
995 1617 1042 1643 pc-

251 1662 337 1694 nuria,
351 1661 398 1689 sed
413 1669 445 1688 ex
461 1660 566 1686 illorum
582 1657 735 1685 infirmitate
751 1655 849 1683 factum
863 1660 904 1682 est
916 1676 923 1688 ,
940 1659 968 1681 ut
989 1662 1042 1682 non

250 1709 332 1736 multa
361 1707 484 1734 audirent
506 1712 514 1732 :
539 1709 566 1732 et
589 1703 641 1730 hoc
665 1701 763 1730 indicat
784 1701 860 1734 illud,
884 1701 947 1728 Sine
972 1700 1043 1727 nobis

249 1755 335 1781 divites
358 1752 419 1788 facti
444 1751 502 1778 estis
525 1749 572 1786 (l.
589 1749 647 1776 Cor.
661 1749 688 1775 4.
704 1747 752 1783 8).
771 1744 836 1780 Qua:
859 1754 901 1773 res
916 1753 969 1773 non
983 1753 1043 1780 par—

250 1809 292 1833 va,
309 1799 356 1826 sed
369 1798 489 1826 omnium
505 1794 731 1831 perniciosissima
750 1797 827 1826 erat,
841 1792 911 1827 quod
923 1792 1042 1819 Ecclesia

249 1845 454 1874 discinderctur.
471 1842 511 1870 Ad
525 1843 583 1869 hate
595 1846 683 1869 autem
695 1839 768 1869 aliud
780 1838 869 1867 scelus
878 1837 1041 1865 admitteba-

250 1897 302 1924 tur,
317 1889 388 1926 quod
403 1888 511 1924 quidam
524 1908 531 1921 ,
546 1887 591 1922 qui
604 1893 663 1913 cum
678 1892 794 1912 noverca
809 1891 857 1911 sua
872 1883 974 1916 coiret,
991 1890 1041 1910 nec

250 1937 329 1964 modo
337 1943 388 1963 non
397 1934 587 1969 corriperetur,
597 1931 644 1959 sed
654 1931 737 1958 etiam
743 1934 829 1958 coetus
836 1933 953 1964 cogeret,
963 1933 990 1956 et
995 1936 1039 1956 se—

249 1983 379 2019 quacibus
392 1982 448 2009 suis
462 1979 588 2008 suaderet
604 1982 632 2005 ut
653 1977 736 2004 altum
751 1980 889 2011 saperent.
903 1975 966 2003 ldeo
980 1975 1017 2002 ait
1031 1983 1038 2002 :

251 2030 283 2057 Et
297 2038 340 2057 vos
361 2029 446 2063 inﬂati
460 2027 518 2054 estis
531 2048 538 2060 ,
553 2030 576 2053 et
598 2033 650 2052 non
662 2024 742 2059 magis
757 2023 856 2050 luxistis
872 2022 918 2058 (1.
934 2021 994 2051 Cor.
1011 2022 1037 2048 5.

247 2077 287 2114 9.).
303 2076 344 2104 Ad
360 2076 417 2102 hzec
431 2079 519 2102 autem
535 2072 644 2107 quidam
654 2078 688 2097 ex
703 2070 735 2097 iis
747 2069 792 2104 qui
807 2068 978 2103 perfectiores
991 2068 1039 2095 ha-

250 2124 391 2154 bebantur,
406 2128 467 2147 cum
482 2119 516 2146 ob
531 2117 674 2152 ingluviem
687 2123 719 2143 ea
737 2122 797 2150 qua:
809 2114 887 2142 idolis
903 2114 1039 2141 immolata

251 2169 357 2196 fuerant
365 2166 549 2202 degustarent,
562 2167 590 2191 et
604 2163 633 2190 in
646 2161 753 2196 templis
765 2160 965 2193 accumberent,
980 2167 1039 2187 om-

248 2216 289 2241 nia
302 2213 521 2249 pessumdabant.
539 2211 590 2238 Alii
614 2217 721 2238 rursum
735 2209 797 2236 lites
811 2213 840 2236 et
851 2206 1037 2235 contentiones

249 2260 378 2288 habentes
391 2265 441 2294 pro
452 2257 574 2293 pecuniis
584 2277 593 2290 ,
607 2255 727 2284 extentis
740 2253 917 2282 tribunalibus
932 2251 1036 2287 negotia

282 2391 320 2423 (ιι)
330 2391 459 2416 Periander
468 2387 605 2423 σλφγίοιιριιιε
613 2387 714 2423 septe?!
721 2382 1039 2423 ‘.“E§EE‘?'~“E.S?P‘99EE‘1‘E

251 2417 423 2448 annameratur
434 2427 448 2444 a
459 2418 608 2452 quibusdam.
620 2420 671 2452 Non
686 2421 732 2439 una
742 2417 833 2446 quippe
853 2417 926 2438 estin
939 2418 1036 2445 septem

252 2453 397 2486 sapientium
408 2450 553 2476 recensione
561 2450 691 2473 sententia.

1094 228 1143 248 sua
1163 223 1362 257 permittebant.
1387 224 1461 251 Itum
1485 231 1595 261 quoque
1610 226 1710 253 eomatt
1733 227 1800 261 apud
1818 227 1873 256 tiles

1095 267 1253 301 circuibantI
1268 276 1335 303 quos
1348 270 1427 297 etiam
1450 270 1556 298 tonderi
1579 271 1666 306 jubet.
1687 272 1765 300 Aliud
1777 281 1873 308 quoque

1095 314 1221 341 delictum
1235 321 1292 342 erat
1303 323 1355 342 non
1370 324 1490 351 parvum,
1505 317 1577 352 quod
1593 318 1619 345 in
1636 319 1757 346 ecclesiis
1770 321 1875 347 seorsim

1094 360 1278 394 eomederent,
1296 369 1382 397 neque
1397 362 1489 397 egenis
1502 363 1682 397 impertirent.
1696 364 1724 391 ln
1739 365 1788 392 alia
1800 366 1877 393 etiam

1095 414 1123 434 re
1136 408 1292 442 peccabant,
1308 408 1377 443 quod
1388 409 1421 436 de
1431 409 1635 438 charismatibus
1649 411 1730 438 altum
1746 417 1875 447 saperent,

1094 452 1208 487 indeque
1231 454 1300 481 inter
1322 455 1384 482 illos
1405 455 1541 483 temulatio
1555 457 1672 484 oriretur
1689 458 1777 493 :quod
1793 459 1874 493 ipsum

1093 507 1198 534 quoque
1214 500 1359 528 Ecclesiam
1379 501 1527 529 scindebat.
1548 502 1763 531 Resurrectionis
1777 512 1880 539 quoque

1094 544 1213 572 doctrina
1228 547 1297 580 apud
1314 547 1373 575 illos
1387 548 1554 575 claudicabat
1568 558 1575 575 :
1591 549 1699 584 quidam
1715 551 1785 576 enim
1810 551 1876 585 apud

1094 590 1155 618 illos
1170 591 1284 619 futuram
1300 600 1443 627 corporum
1464 595 1690 623 resurrectionem
1715 603 1768 623 non
1792 596 1880 623 admo-

1095 637 1158 664 dum
1178 637 1340 672 credebant,
1355 639 1455 667 Grmca‘.
1470 639 1557 668 adhuc
1571 641 1691 668 stultitiae
1703 642 1796 669 morbo
1810 641 1879 669 labo-

1094 687 1197 710 rantes.
1214 683 1277 710 Harc
1290 684 1388 719 quippe
1400 685 1487 712 omnia
1501 690 1589 713 ortum
1605 685 1739 714 habebant
1753 694 1785 713 ex
1799 686 1877 722 philo-

1093 727 1196 762 sophia:
1218 734 1336 756 externae
1361 729 1474 758 stultitia
1499 739 1506 757 :
1530 735 1558 759 et
1582 731 1639 758 hate
1668 737 1728 759 erat
1752 732 1879 760 malorum

1095 778 1180 801 mater
1194 781 1200 798 ί
1212 774 1274 802 hinc
1287 775 1513 810 discindcbantur,
1523 777 1594 812 quod
1602 777 1687 812 ipsum
1697 785 1710 803 a
1720 777 1885 813 philosophis

1094 818 1252 847 didicerant.
1276 820 1344 847 Nam
1366 826 1394 848 et
1415 821 1455 849 illi
1477 822 1528 849 sibi
1551 826 1644 850 mutuo
1657 823 1883 856 adversabantur,

1095 866 1197 900 imperii
1208 871 1316 894 etvanze
1328 868 1420 902 gloriae
1434 875 1515 896 causa
1530 869 1644 896 aliorum
1658 876 1766 904 semper
1778 874 1886 897 senten~

1096 913 1157 939 tiam
1169 913 1369 949 impugnantes,
1384 919 1411 942 et
1425 922 1493 942 nova
1507 915 1643 950 prioribus
1655 915 1757 943 addere
1771 915 1885 943 studen-

1095 963 1145 986 tes.
1160 958 1204 987 Sic
1216 966 1304 987 autem
1318 959 1405 988 alfecti
1419 965 1497 988 erant
1510 982 1517 994 ,
1532 962 1594 996 quia
1608 962 1756 989 ratiociniis
1767 970 1814 990 sua
1829 970 1891 997 per-

1094 1004 1244 1031 mittebant.
1260 1005 1299 1032 llli
1313 1010 1404 1032 autem
1418 1007 1584 1041 scripserunt
1597 1007 1620 1034 ei
1634 1014 1682 1041 per
1696 1007 1884 1040 Fortunatum,

1094 1050 1257 1085 Stephanam
1281 1056 1308 1079 et
1320 1051 1464 1079 Achaicum
1481 1052 1628 1085 mittentes,
1641 1060 1756 1087 quorum
1768 1052 1850 1088 opera
1862 1059 1889 1080 et

1095 1098 1152 1133 ipse
1171 1098 1317 1133 Epistulam
1338 1097 1420 1125 misit.
1444 1098 1478 1126 Et
1497 1098 1549 1126 hoc
1564 1098 1690 1126 indicavit
1706 1100 1732 1126 in
1757 1100 1811 1129 fine
1826 1099 1889 1134 Epi-

1094 1144 1169 1171 stolte
1182 1164 1189 1176 ,
1204 1151 1256 1170 non
1270 1144 1303 1171 de
1317 1145 1441 1171 omnibus
1454 1145 1567 1179 loquens
1580 1165 1587 1176 ,
1602 1144 1651 1172 sed
1666 1145 1700 1172 de
1713 1145 1851 1172 connubio
1863 1150 1892 1172 et

1095 1189 1128 1217 de
1137 1190 1295 1225 virginitate.
1305 1189 1366 1217 Ideo
1376 1190 1481 1218 dicebat
1493 1199 1500 1217 :
1514 1190 1551 1217 De
1559 1189 1648 1225 quibus
1658 1195 1742 1217 autent
1754 1190 1897 1224 scripsistis

1095 1237 1155 1263 mihi
1169 1236 1208 1272 (1.
1221 1236 1280 1264 Cor.
1297 1237 1323 1263 7.
1338 1235 1393 1272 H).
1407 1235 1456 1264 ille
1469 1244 1550 1271 porro
1573 1241 1601 1264 et
1613 1236 1648 1264 dc
1661 1237 1761 1272 quibus
1775 1237 1895 1272 scripse-

1095 1287 1166 1316 runt,
1181 1287 1208 1310 et
1222 1283 1255 1311 de
1269 1283 1367 1318 quibus
1383 1291 1436 1310 non
1452 1284 1620 1318 scripserunt
1631 1304 1638 1315 ,
1653 1283 1799 1318 epistolam
1816 1283 1892 1314 texit.

1094 1336 1154 1356 cum
1171 1329 1261 1356 omnia
1286 1329 1392 1356 illorum
1412 1329 1474 1356 vitia
1488 1328 1652 1356 edidicisset.
1676 1329 1708 1355 Et
1727 1336 1792 1355 cum
1807 1328 1897 1356 literis

1093 1375 1262 1402 Timotheum
1270 1374 1362 1407 mittit,
1373 1381 1471 1409 gnarus
1482 1374 1533 1401 vim
1546 1382 1667 1409 magnam
1678 1374 1821 1401 habituras
1834 1374 1896 1400 lite-

1095 1429 1137 1448 ras
1146 1428 1222 1454 esse,
1236 1429 1286 1448 nec
1296 1428 1405 1455 parvam
1418 1421 1601 1447 accessionem
1613 1420 1756 1447 allaturum
1769 1420 1896 1455 discipuli

1095 1467 1275 1501 praesentiam.
1295 1467 1362 1500 Quia
1375 1474 1440 1494 vero
1459 1466 1488 1499 ii,
1505 1466 1550 1501 qui
1564 1465 1714 1493 Ecclesiam
1729 1466 1898 1500 diviserant,

1094 1517 1217 1540 verentes
1232 1520 1266 1539 ne
1281 1512 1439 1539 ambitionis
1453 1518 1533 1539 causa
1557 1510 1582 1538 id
1604 1511 1700 1538 fecisse
1714 1511 1880 1539 viderentur
1890 1531 1900 1544 ,

1096 1558 1223 1594 propositi
1236 1559 1276 1586 sui
1288 1559 1413 1586 obtentus
1426 1558 1656 1593 excogitaverunt,
1671 1558 1744 1593 quod
1762 1558 1905 1587 nimirum,

1096 1604 1253 1639 perfectiora
1268 1603 1396 1631 docerent
1408 1609 1434 1630 et
1447 1603 1624 1638 sapientiores
1635 1603 1694 1630 aliis
1706 1608 1821 1636 essent;
1833 1611 1902 1631 con-

1096 1655 1135 1677 tra
1157 1650 1226 1676 hunc
1242 1649 1364 1676 morbum
1386 1649 1473 1683 primo
1493 1648 1606 1683 insurgit
1628 1647 1749 1681 Paulus,
1773 1649 1902 1676 radicem

1095 1696 1228 1724 malorum
1242 1695 1407 1730 deprimens,
1420 1703 1526 1723 necnon
1539 1694 1740 1722 dissensionem
1755 1695 1823 1723 inde
1839 1695 1904 1722 sub-

1095 1748 1180 1771 ortam
1195 1751 1202 1769 :
1217 1742 1354 1776 multaque
1378 1741 1503 1776 loquendi
1527 1741 1623 1768 ﬁducia
1647 1740 1744 1767 utitur.
1772 1741 1808 1769 Hi
1826 1741 1904 1769 enim

1094 1789 1209 1816 maxime
1221 1788 1341 1815 omnium
1356 1787 1479 1822 discipuli
1497 1787 1538 1814 sui
1552 1791 1647 1817 erant;
1669 1786 1776 1815 idcirco
1792 1788 1834 1814 ait.
1851 1787 1905 1815 :Si

1094 1836 1151 1863 aliis
1164 1843 1214 1862 non
1224 1843 1280 1861 sunt
1288 1834 1428 1868 apostolus,
1439 1833 1508 1860 vobis
1521 1839 1587 1860 certe
1602 1841 1658 1859 sum
1670 1840 1679 1859 :
1691 1841 1738 1860 vos
1754 1834 1828 1861 enim
1842 1834 1907 1861 estis

1094 1880 1252 1917 signaculum
1268 1879 1425 1914 apostolatus
1440 1880 1488 1906 mei
1500 1881 1539 1914 (1.
1552 1879 1611 1906 Cor.
1626 1879 1652 1906 9.
1662 1879 1691 1914 ’2)
1709 1888 1716 1905 :
1732 1884 1762 1906 et
1779 1880 1844 1907 aliis
1859 1880 1906 1907 in-

1094 1928 1225 1955 firmiores
1239 1930 1334 1958 erant;
1356 1926 1416 1953 ideo
1436 1926 1501 1954 dicit
1516 1935 1521 1952 :
1538 1925 1599 1952 Non
1614 1926 1679 1952 enim
1700 1931 1729 1952 ut
1745 1927 1907 1961 spirituali-

1093 1977 1138 2003 [ηαδ
1158 1976 1276 2011 loquutus
1299 1983 1355 2002 sum
1369 1974 1501 2001 :nondum
1524 1972 1590 1999 enim
1611 1972 1749 2007 poteratis,
1779 1976 1829 2000 sed
1856 1981 1909 2002 nec

1093 2031 1159 2049 nunc
1173 2022 1274 2056 potestis
1290 2023 1299 2057 (
1312 2022 1336 2049 l.
1353 2019 1414 2047 Cor.
1429 2020 1455 2046 5.
1468 2018 1509 2054 2).
1526 2018 1581 2045 lloc
1593 2023 1683 2045 autem
1697 2017 1781 2051 dicit,
1800 2027 1838 2047 ne
1856 2027 1911 2054 pu—

1093 2073 1179 2095 tarent
1192 2076 1254 2095 eum
1269 2068 1304 2096 ita
1316 2065 1389 2102 loqui
1402 2065 1436 2093 de
1447 2070 1568 2099 tempore
1589 2064 1737 2099 prmterito.
1755 2064 1912 2094 Caeterum

1092 2114 1235 2142 verisimile
1244 2118 1287 2141 est
1298 2119 1350 2140 non
1366 2115 1506 2145 corruptos
1519 2117 1613 2137 omnes
1625 2108 1709 2137 fuisse
1722 2131 1730 2141 ,
1746 2111 1801 2138 sed
1817 2120 1912 2147 quos-

1091 2160 1152 2188 dam
1175 2160 1244 2187 inter
1266 2159 1327 2186 illos
1342 2158 1423 2186 fuisse
1442 2156 1585 2184 admodum
1600 2160 1717 2183 sanctos.
1734 2156 1777 2184 Et
1805 2159 1865 2186 hoc
1883 2160 1918 2186 in.

1092 2206 1178 2234 medio
1192 2205 1319 2241 Epistolre
1334 2203 1494 2239 significavit
1515 2202 1608 2229 dicens
1622 2210 1629 2229 :
1643 2201 1709 2228 Mihi
1733 2208 1834 2231 autem
1861 2214 1917 2241 pro

1090 2251 1194 2278 miniata
1208 2256 1243 2278 est
1256 2255 1283 2277 ut
1296 2259 1311 2276 a
1323 2249 1391 2277 uobis
1399 2249 1511 2285 judicer:
1525 2252 1551 2274 et
1561 2247 1690 2281 adjiciens
1705 2255 1711 2273 :
1727 2247 1804 2275 Ηιιτ
1816 2257 1915 2278 autent

1092 2297 1270 2332 trans/iguravi
1280 2296 1307 2323 in
1320 2303 1358 2322 me
1371 2299 1394 2322 et
1404 2294 1496 2330 Apollo
1510 2292 1615 2329 (LCor.
1630 2293 1656 2319 5.
1667 2292 1706 2327 6).
1721 2293 1804 2326 Quia
1822 2296 1915 2331 igitur

1090 2351 1121 2370 ex
1135 2342 1285 2377 arrogantia
1299 2341 1389 2368 omnia
1409 2339 1585 2375 gignebantur
1598 2338 1667 2365 mala
1678 2358 1685 2370 ,
1701 2341 1730 2365 et
1746 2341 1833 2374 quod
1852 2343 1920 2370 exi-

1091 2388 1230 2416 stimarent
1243 2395 1273 2414 se
1289 2386 1351 2421 quid
1365 2385 1479 2420 amplius
1491 2384 1572 2418 scire,
1591 2384 1660 2411 hunc
1681 2384 1823 2415 morbum
1845 2393 1922 2417 anu;

1090 2434 1158 2462 alios
1171 2433 1248 2466 tollit,
1260 2437 1287 2460 et
1297 2431 1428 2467 incipiens
1442 2430 1506 2458 dicit
1519 2438 1527 2456 :

966 2620 1138 2651 HOMlLlA
1161 2620 1188 2651 Ι.

245 2709 307 2738 Car.
326 2709 351 2735 Ι.
366 2716 390 2734 v.
417 2709 441 2735 l.
468 2707 564 2735 Paulus
585 2712 688 2734 uocatus
709 2708 838 2741 apostolus
856 2707 951 2734 Christi
973 2707 1035 2735 Jesn

279 2763 324 2790 per
337 2755 489 2781 voluntatem
501 2753 566 2786 Dei,
578 2759 600 2780 et
615 2753 751 2780 Sest/tenes
766 2754 856 2788 frater.
872 2753 899 2780 ‘2.
914 2753 1033 2780 Ecclesia:

277 2801 343 2834 Dei,
357 2808 412 2835 qua:
423 2807 458 2828 est
471 2800 585 2827 (ierint/ti
596 2821 603 2832 ,
620 2799 784 2834 sanctiﬁcata":
797 2799 823 2826 in
836 2799 937 2826 Christo
950 2799 968 2826 J
970 2807 1014 2826 ent
1023 2821 1030 2833 ,

278 2847 371 2875 uocatis
383 2847 475 2874 sanctis
487 2854 544 2874 cum
559 2845 673 2873 omnibus
685 2845 857 2873 invocantibus
871 2853 962 2872 nomen
978 2845 1032 2872 Do~

277 2894 337 2920 nu'ui
350 2892 429 2919 nostri
451 2892 512 2919 .lcsu
528 2891 621 2919 Christi
640 2893 666 2918 in
686 2892 754 2919 ουιηί
768 2891 822 2918 loco
836 2898 857 2918 ct
871 2892 986 2926 ipsorum
1006 2897 1029 2918 et

1125 2714 1210 2735 nostra
1226 2717 1235 2735 :
1250 2709 1276 2736 3.
1294 2710 1377 2743 gratia
1389 2709 1456 2735 vobis
1469 2714 1493 2735 at
1506 2718 1558 2743 pax
1572 2718 1587 2736 tv
1602 2709 1654 2737 Deo
1665 2710 1752 2738 Patre
1769 2720 1886 2744 muro
1899 2723 1931 2746 α

1124 2754 1234 2780 Domino
1247 2754 1309 2781 Iesu
1323 2754 1432 2781 Christo.

1123 2800 1148 2825 1.
1167 2799 1234 2827 Vide
1256 2800 1391 2835 quomodo
1412 2800 1502 2827 statim
1519 2808 1533 2827 a
1549 2801 1680 2835 principio
1697 2809 1931 2840 arrogamlam

1086 2845 1199 2879 θυμω,
1214 2851 1241 2872 ct
1255 2845 1327 2872 lnnni
1342 2846 1435 2872 stravit
1446 2853 1554 2874 omnem
1578 2847 1684 2874 illortlm
1698 2849 1927 2882 existimatio-

1086 2899 1162 2923 nem,
1180 2896 1301 2918 vocatum
1318 2898 1346 2919 se
1360 2890 1460 2919 dicens.
1477 2891 1568 2927 Neque
1580 2893 1651 2920 enim
1668 2893 1786 2929 iuveni,
1805 2899 1930 2936 inquit,
