2060 3111
167 150 198 179 '5
280 164 290 175 -
701 160 734 188 IN
754 160 861 189 EPIST.
881 161 902 189 ι.
922 162 940 188 Α

994 162 1066 191 ΞΟΚ,
1088 162 1200 192 HOMIL.
1222 164 1242 192 Ι.
1772 172 1804 199 Η

169 219 194 246 id
205 219 278 255 quod
292 218 393 252 didici,
410 227 497 256 neque
507 227 540 247 es
555 225 613 247 mea
628 219 757 254 sapientia
772 218 935 254 apprehendi
949 240 956 252 ,

168 267 218 294 sed
225 274 285 294 cunt
298 265 451 294 Ecclesium
464 273 639 302 persequerer
651 271 679 301 et
690 265 868 298 devastarem,
880 273 960 292 voca-

168 317 212 338 tus
223 320 293 340 sum.
306 312 355 340 llic
368 318 461 340 autem
472 317 555 340 totum
571 312 691 340 vocantis
702 316 753 344 est,
769 311 856 338 vocali
870 311 937 338 nihil
949 331 957 343 ,

168 365 198 387 ut
208 359 245 388 ita
258 359 354 393 dicam,
369 359 420 387 nisi
433 359 505 394 quod
515 358 633 386 obediat.
646 357 740 386 Christi
750 357 821 384 λεια.
833 357 959 392 Magister

168 410 257 433 vester
269 405 393 433 Christus
406 410 448 432 est
462 414 470 431 :
485 410 513 432 ct
531 411 578 431 vos
599 403 745 431 inscribitis
767 402 894 430 homines
907 401 956 429 do-

168 457 261 479 ctrinae
272 451 428 488 prmlectos?
439 450 492 478 Per
501 451 653 478 voluntatem
662 449 719 477 Dei.
738 449 807 476 Deus
820 448 890 476 enim
906 447 957 475 hoc

166 497 251 525 volui:
264 502 294 526 ut
300 505 348 525 vos
359 498 398 524 sic
407 497 475 524 salvi
484 495 589 524 essetis.
598 495 652 523 Nos
664 495 736 522 cnim
753 494 817 521 nihil
828 495 956 528 praeclare

165 545 284 580 egimus,
296 543 343 571 sed
355 551 405 579 per
418 544 583 571 voluntatem
598 540 644 568 Dei
657 542 768 569 salutem
785 540 934 567 invenimus
946 547 953 572 ;

164 595 193 618 et
205 590 267 625 quia
277 589 305 617 id
317 589 366 626 ipsi
379 589 492 625 placuit,
506 588 592 616 vocati
605 595 698 615 sumus
709 607 717 619 ,
733 594 785 614 non
800 585 870 621 quod
882 585 953 620 digni

198 681 278 709 Pauli
289 681 425 709 modestia.
437 696 474 702 -—
485 679 519 707 Et
533 679 669 708 Sest/tenes
677 679 767 713 frater.
779 678 882 705 Rursus
897 685 954 703 mo-

161 727 310 763 desteagit,
320 727 451 756 minorem
463 727 490 755 in
503 726 597 754 eodem
610 732 700 753 secum
713 724 807 752 ordine
827 731 928 758 ponens
942 731 949 748 :

160 782 223 802 nam
237 774 349 802 multum
364 774 443 809 spatii
454 777 512 800 erat
524 772 633 800 Paulum
655 771 725 798 inter
738 774 766 798 et
779 769 949 797 Sosthenetn.

160 819 237 854 Quod
250 819 272 847 si
287 826 347 846 cum
363 822 465 846 tantum
488 818 630 845 interesset
651 816 823 849 discriminis,
842 814 949 842 inferio-

158 872 217 892 rem
237 864 286 892 sibi
302 863 432 899 adjunxit,
443 863 506 898 quid
527 863 617 891 dicere
639 862 742 898 possint
760 862 814 895 illi,
831 861 876 896 qui
899 861 948 888 ho-

158 917 226 938 nore
233 910 280 938 sibi
290 918 368 945 pares
376 910 541 945 despiciunt?
550 909 671 937 Ecclesia:
679 909 737 936 Dei.
747 909 805 936 Non
814 909 892 943 hujus
902 913 949 936 aut

156 956 239 989 illius,
252 956 299 984 sed
321 956 377 983 Dei.
394 957 458 989 Qute
476 961 513 982 est
527 956 651 983 Corinthi.
667 955 758 983 Viden'
770 954 905 990 quomodo
921 955 947 982 in

154 1002 266 1037 singulis
278 1002 439 1030 dictionibus
452 1002 559 1030 illorunt
569 1002 663 1028 fastum
673 1001 791 1035 dejiciat,
802 1008 849 1035 per
857 1001 945 1028 omnia

154 1053 271 1075 mentem
284 1048 351 1075 caelo
365 1048 556 1075 assuefaciens.
576 1047 722 1075 Ecclesium
737 1052 825 1074 autem
840 1046 886 1073 Dei
898 1054 943 1073 vo-

153 1099 205 1128 cat,
221 1095 366 1122 ostendens
374 1102 432 1122 eam
449 1099 574 1130 oportere
583 1101 642 1122 esse
655 1093 804 1120 unitam.Si
813 1092 884 1120 enim
897 1092 942 1119 Dei

151 1145 202 1173 est,
218 1140 290 1167 unita
306 1144 333 1167 et
349 1148 401 1167 una
415 1144 465 1173 est,
479 1147 531 1166 non
543 1139 665 1167 Corinthi
679 1138 765 1166 solum
777 1159 785 1171 ,
801 1138 848 1165 sed
863 1138 942 1165 etiam

152 1186 178 1213 in
192 1191 248 1214 toto
261 1186 338 1213 orbe.
351 1185 482 1214 Ecclesiae
494 1185 593 1220 quippe
613 1192 710 1212 nomen
727 1192 779 1212 non
793 1184 943 1218 separatio-

149 1232 192 1259 nis
202 1252 210 1265 ,
226 1232 274 1259 sed
298 1231 404 1259 unionis
417 1236 445 1259 et
460 1230 611 1258 concordia:
632 1238 729 1257 nomen
753 1235 805 1257 est.
820 1230 942 1263 Sancti/i-

148 1279 211 1306 catis
221 1279 248 1305 in
258 1278 358 1305 Christo
367 1277 441 1304 Iesu.
453 1277 556 1304 Rursus
571 1284 667 1304 nomen
682 1276 757 1309 .lesu,
771 1280 798 1303 et
812 1283 940 1310 nusquam

147 1324 286 1351 hominum
300 1331 399 1351 nomen
416 1323 501 1358 ponit.
512 1322 581 1356 Quid
596 1327 635 1349 est
650 1327 740 1349 autem
755 1321 941 1348 sanctiﬁcatio?

147 1370 296 1398 Lavacrum
309 1391 316 1403 ,
333 1370 467 1406 purgatio.
484 1370 512 1397 In
528 1369 685 1396 memoriam
704 1368 775 1395 enim
791 1368 843 1395 illis
863 1375 940 1394 revo-

146 1421 190 1444 cat
202 1416 401 1444 immunditiam
424 1423 500 1443 suam
513 1435 521 1448 ,
536 1423 551 1442 a
565 1423 615 1450 qua
631 1415 754 1442 liberavit
766 1422 823 1448 eos,
837 1420 864 1442 et
876 1422 939 1441 sua—

145 1461 190 1490 det
201 1467 229 1489 ut
242 1461 380 1489 humiliter
390 1461 508 1489 sentiant
522 1469 528 1488 :
545 1468 596 1487 non
608 1460 679 1488 enim
693 1468 726 1487 ex
738 1460 872 1495 praeclaris
882 1460 939 1487 suis

143 1508 244 1543 gestis,
261 1507 309 1535 sed
323 1516 356 1535 ex
372 1507 420 1535 Dei
443 1507 587 1535 clementia
607 1506 767 1534 sanctiﬁcati
792 1511 864 1533 sunt.
886 1505 937 1532 Vo-

143 1555 207 1581 cati:
221 1554 324 1581 sanctis.
342 1553 449 1581 Etenim
462 1553 514 1580 hoc
526 1553 623 1587 ipsum,
638 1552 741 1588 inquit,
757 1559 789 1579 ex
803 1551 853 1579 lide
866 1552 938 1578 salu-

143 1604 197 1627 tem
212 1599 353 1634 consequi,
368 1607 422 1626 non
437 1607 469 1627 ex
482 1598 558 1626 vobis
572 1602 614 1625 est
628 1606 634 1624 :
652 1606 704 1625 non
719 1597 790 1625 enim
806 1598 883 1632 primi
896 1605 936 1624 ac-

141 1645 276 1678 cessistis,
288 1644 336 1672 sed
346 1644 433 1672 vocati
445 1644 520 1671 estis.
531 1643 622 1679 Itaque
635 1651 721 1678 neque
733 1643 796 1670 illud
811 1643 935 1677 exiguum

142 1697 157 1717 a
168 1690 247 1717 vobis
261 1695 345 1717 totum
358 1695 410 1717 est.
421 1689 586 1724 Quamquam
598 1688 703 1715 etiamsi
714 1688 882 1715 accesseritis
896 1690 937 1714 ln-

143 1736 266 1763 numeris
289 1735 399 1763 obnoxii
425 1735 519 1768 malis,
536 1742 623 1770 neque
647 1734 687 1761 sic
699 1734 775 1761 vobis
788 1734 872 1769 gratia
888 1734 935 1760 ha-

143 1782 230 1810 benda
246 1787 303 1816 est,
316 1783 363 1810 sed
378 1783 444 1810 Deo.

176 1829 300 1856 Ecclesia
315 1829 408 1856 unitas.
421 1828 636 1864 —Quapropter
657 1827 690 1855 ad
714 1827 843 1862 Ephesios
868 1827 935 1854 scri-

140 1875 208 1903 bens
222 1875 329 1903 diccbat
340 1884 347 1903 :
359 1875 449 1902 Gratia
461 1876 524 1902 salvi
537 1875 599 1910 {acti
613 1875 684 1908 estis,
696 1883 739 1909 per
753 1875 840 1909 ﬁdem,
856 1879 877 1901 ιιι
889 1875 935 1900 hoc

139 1930 193 1948 non
205 1922 314 1948 exuobis
333 1921 448 1958 (Ep/tes.
470 1921 498 1948 2.
513 1921 560 1957 8).
581 1921 674 1956 Neque
696 1920 760 1948 fides
779 1925 866 1948 vestra
881 1925 933 1947 tota

139 1975 173 1996 es
188 1967 265 1995 vobis
280 1977 287 1995 :
302 1975 389 2003 neque
401 1967 472 1995 enim
487 1975 535 1995 vos
547 1967 682 1995 credendo
695 1967 872 2002 praevenistis,
888 1967 933 1994 sed

140 2014 228 2041 vocati
239 2014 380 2042 obedistis.
392 2014 456 2042 Cum
469 2015 584 2042 omnibus
594 2014 766 2041 invocantibus
782 2021 872 2042 nomen
887 2013 934 2040 Do-

139 2060 203 2087 mini
218 2061 299 2087 nostri
309 2060 373 2087 Iesu
385 2060 488 2088 Christi.
498 2060 556 2087 Non
573 2060 651 2095 hujus
661 2065 707 2087 aut
717 2060 800 2094 illius,
814 2060 861 2087 sed
876 2060 934 2088 No-

140 2115 198 2134 men
212 2107 327 2134 Domini.
341 2107 376 2134 1η
386 2107 455 2133 omni
466 2107 520 2134 loco
532 2111 555 2134 et
566 2107 678 2142 ipsorum
689 2111 711 2133 et
722 2111 818 2134 nostra.
833 2107 932 2134 Etiam-

139 2155 162 2182 si
177 2154 250 2181 enim
267 2153 352 2181 litera:
373 2153 407 2181 ad
421 2153 575 2181 Corinthios
591 2153 677 2180 solum
691 2153 798 2188 scriptae
819 2153 891 2186 sint;
907 2158 934 2180 at

140 2207 235 2227 omnes
246 2200 272 2226 in
287 2199 415 2227 universa
429 2203 498 2226 terra
513 2199 607 2226 ﬁdeles
625 2203 774 2231 memorat,
789 2199 933 2226 ostendens

141 2253 219 2274 unam
230 2253 291 2274 esse
298 2245 397 2274 debere
406 2246 432 2272 in
441 2245 506 2273 orbe
518 2245 676 2277 Ecclesium,
687 2245 751 2273 licet
759 2245 849 2273 multis
859 2246 884 2273 in
896 2246 934 2273 lo-

139 2292 178 2319 cis
187 2296 340 2326 separatam
348 2312 356 2324 ,
366 2291 503 2326 multoque
517 2291 600 2327 magis
609 2299 667 2319 eam
682 2300 740 2326 qum
749 2297 789 2319 est
800 2292 932 2320 Corinthi.

139 2337 214 2371 Quod
233 2338 256 2365 si
276 2338 352 2365 locus
371 2343 488 2372 separat,
510 2343 536 2364 at
558 2337 686 2364 Dominus
710 2337 770 2364 illos
785 2339 932 2372 conjungit,

138 2384 293 2411 communis
305 2391 367 2411 cum
382 2384 435 2410 sit:
452 2383 513 2410 ideo
525 2383 689 2418 conjungens
710 2383 769 2411 illos
784 2384 932 2418 subiunxit,

138 2428 173 2457 Et
187 2430 270 2457 nostri
281 2435 305 2457 et
324 2430 448 2465 ipsorum.
469 2429 516 2457 Est
529 2435 617 2457 autem
634 2429 683 2456 hoc
704 2429 750 2456 illo
766 2431 849 2465 magis
872 2438 933 2464 prn-

137 2476 237 2511 prium.
251 2475 329 2504 Sicut
342 2476 412 2503 enim
429 2475 463 2507 ii,
481 2476 523 2510 qui
539 2483 590 2503 uno
605 2475 630 2502 in
646 2475 705 2502 loco
719 2480 790 2508 sunt,
804 2484 864 2503 cum
876 2476 934 2510 pln-

138 2523 223 2550 rimos
236 2522 337 2550 habent
350 2522 476 2550 dominos
488 2522 647 2554 contrarios,
664 2522 739 2549 divisi
756 2527 817 2549 sunt
830 2527 855 2549 et
868 2522 933 2549 nihil

137 2568 175 2595 ad
190 2568 360 2596 concordiam
376 2576 391 2595 a
414 2568 474 2595 loco
487 2568 621 2603 juvantur,
638 2567 753 2594 dontinis
774 2568 877 2595 diversa
892 2568 934 2602 jn-

137 2613 264 2642 bentibus
278 2619 304 2642 et
321 2614 356 2642 ad
370 2622 399 2642 se
414 2614 581 2642 trahentibus
595 2623 602 2641 :
618 2613 678 2640 Non
692 2615 794 2649 potestis
805 2615 881 2645 enim,
895 2614 934 2640 in-

137 2660 207 2696 quit,
221 2661 312 2688 servire
323 2660 379 2688 Deo
393 2664 417 2688 et
432 2659 577 2694 ηιαηιοηω(
595 2659 688 2686 Matth.
704 2660 729 2686 6.
743 2659 778 2686 24
795 2660 803 2694 )
818 2669 824 2686 :
839 2659 877 2686 sic
888 2659 931 2694 qni

137 2705 167 2733 in
180 2706 294 2734 diversis
310 2707 379 2734 locis
393 2710 467 2736 sunt,
493 2706 514 2732 si
531 2713 583 2733 non
599 2705 720 2732 diversos
736 2704 871 2732 habebant
883 2705 931 2732 do-

136 2751 236 2785 minos,
254 2752 302 2780 sed
319 2760 402 2780 unum
426 2756 539 2783 tantum,
556 2751 621 2777 nihil
638 2750 670 2777 ad
690 2751 859 2777 concordiam
877 2758 934 2777 scr.

137 2797 250 2825 vandam
261 2806 277 2826 a
289 2798 356 2826 locis
370 2797 512 2828 lmduntur,
525 2804 577 2823 uno
590 2797 697 2823 domino
709 2796 768 2823 illos
779 2797 932 2831 etipulantc.

136 2842 195 2870 Non
211 2843 270 2872 dico
286 2845 379 2880 igitur,
393 2843 488 2878 inquit,
504 2851 561 2875 vos,
573 2841 701 2870 Corinthii
713 2849 774 2869 cum
790 2842 858 2875 sitis,
871 2850 931 2869 cum

136 2888 282 2919 Corinthiis
303 2895 410 2920 tantum
431 2888 578 2918 concordes
592 2896 652 2917 esse
673 2888 783 2923 debere,
805 2889 852 2917 Sed
869 2896 930 2917 cum

1015 220 1137 248 omnibus
1150 222 1194 257 qui
1210 222 1236 249 in
1250 222 1315 250 orbe
1328 228 1389 251 sunt
1402 244 1409 256 ,
1426 232 1487 252 cum
1503 233 1670 255 communem
1684 228 1804 258 habeatis

1014 265 1166 295 Domimtm.
1183 268 1245 296 ideo
1263 270 1381 297 secundo
1399 270 1507 305 adjecit,
1524 272 1623 301 Nostri.
1646 274 1714 308 Quia
1731 276 1802 303 enim

1012 311 1088 345 dixit,
1105 313 1205 340 Nomen
1219 313 1323 341 Domini
1341 316 1420 343 nostri
1433 316 1494 343 Jesu
1505 317 1618 350 Christi;
1633 327 1666 346 tte
1676 320 1746 356 apud
1762 321 1802 348 itt-

1011 357 1139 392 sipientes
1156 366 1280 394 separare
1298 361 1442 393 videretur,
1463 370 1556 390 rursus
1577 364 1678 398 adjicit,
1699 365 1802 393 Domini

1010 404 1089 431 nostri
1098 410 1123 432 et
1136 405 1259 440 ipsorum.
1281 407 1312 434 Et
1326 413 1352 434 ut
1371 409 1469 435 clarius
1482 410 1576 436 evadat
1598 410 1623 437 id
1638 412 1707 444 quod
1726 411 1799 444 dico,

1009 449 1049 476 sic
1064 449 1149 484 legam
1164 456 1192 478 ut
1214 459 1308 479 sensus
1328 454 1442 488 postulat
1462 463 1468 481 :
1489 454 1587 482 Paulus
1607 460 1634 482 et
1653 457 1799 485 Sosthenes

1008 495 1135 523 Ecclesia:
1151 497 1207 526 Dei.
1223 505 1282 532 quae
1295 503 1336 525 est
1349 500 1478 534 Corinthi,
1496 506 1523 528 et
1535 503 1659 530 omnibus
1673 505 1800 531 invocan~

1008 540 1078 567 tibus
1091 549 1187 569 nomen
1204 543 1308 571 Domini
1324 546 1407 572 nostri
1426 551 1452 573 et
1468 546 1585 581 ipsorum
1600 549 1626 575 in
1640 549 1713 576 onmi
1726 549 1797 582 loco,

1005 586 1062 613 sive
1075 587 1178 621 Ronan,
1197 589 1253 616 sive
1274 590 1434 626 ubicumque
1455 592 1552 620 fuerint
1567 600 1574 623 :
1591 594 1679 621 Gratia
1693 597 1762 623 vobis
1774 601 1797 623 et

1006 640 1085 666 passa
1098 632 1153 660 Deo
1170 633 1248 662 Patre
1267 641 1352 663 nostra
1369 642 1392 662 et
1410 636 1520 665 Domino
1533 639 1596 667 Iesu
1614 640 1724 668 Christo.
1748 642 1794 670 Vel

1004 678 1044 705 sic
1058 686 1175 713 rursum,
1190 685 1218 707 ut
1228 681 1308 708 etiarn
1320 682 1414 709 melius
1428 691 1488 710 esse
1501 685 1625 713 existimo
1637 696 1644 713 :
1659 687 1756 715 Paulus
1768 694 1795 716 et

1003 722 1150 753 Sosthenes
1171 726 1202 753 iis
1221 727 1264 762 qui
1280 728 1399 756 Corinthi
1421 735 1483 757 sunt
1496 732 1678 767 sanctificatis,
1693 736 1794 763 vocatis

1002 771 1102 798 sanctis
1115 779 1175 798 cum
1184 773 1309 800 omnibtts
1322 776 1366 809 qni
1381 775 1504 804 invocant
1514 785 1612 806 nomen
1627 779 1730 807 Domini
1744 789 1792 807 n0<

1002 817 1049 844 stri
1062 818 1124 846 Jcsu
1139 818 1239 846 Christi
1261 820 1286 847 in
1302 822 1373 849 omtti
1395 822 1455 850 loco
1468 823 1587 858 ipsorum
1607 829 1635 852 et
1653 827 1747 853 nostri.
1763 827 1791 854 ld

1001 867 1051 896 est,
1064 863 1153 892 Gratia
1168 865 1244 893 vobis
1258 871 1285 893 ct
1299 874 1348 900 pax
1363 868 1449 901 vobis,
1463 869 1507 903 qui
1518 869 1637 897 Corinthi
1652 871 1718 898 estis
1731 879 1792 899 san-

999 909 1107 937 ctiﬁcati
1121 915 1147 937 et
1160 911 1263 944 vocati;
1278 920 1329 940 non
1345 914 1419 947 solis,
1435 915 1482 941 sed
1496 923 1556 942 cum
1568 917 1691 944 omnibus
1704 918 1748 952 qui
1764 918 1790 945 in

999 955 1071 982 omni
1085 955 1145 983 loco
1159 956 1280 984 invocant
1291 966 1387 985 nomen
1405 960 1507 987 Dotnini
1521 962 1605 989 nostri
1616 962 1679 990 Jesu
1691 962 1789 991 Christi

998 1005 1025 1027 ct
1036 1001 1164 1036 ipsorum.
1178 1001 1206 1029 Si
1220 1007 1309 1030 autem
1323 1012 1355 1031 ex
1367 1006 1451 1039 gratia
1471 1013 1521 1040 pas
1536 1012 1587 1040 est,
1602 1015 1650 1035 cur
1663 1016 1787 1044 magnum

997 1047 1087 1081 sapis?
1102 1055 1149 1075 cur
1163 1053 1265 1076 tantum
1280 1050 1391 1085 inﬂaris,
1407 1059 1467 1079 cuin
1479 1060 1527 1087 per
1540 1054 1652 1088 gratiam
1667 1061 1788 1083 servatus

997 1093 1053 1120 sis?
1067 1093 1094 1122 Si
1107 1102 1172 1122 vero
1193 1103 1284 1130 pacein
1311 1097 1394 1125 habes
1414 1099 1483 1133 apud
1505 1099 1600 1133 Deum,
1622 1109 1670 1128 cur
1689 1107 1714 1129 te
1728 1103 1787 1130 aliis

995 1139 1142 1168 adscribis?
1155 1142 1205 1169 hoc
1215 1143 1285 1170 enim
1302 1148 1343 1170 est
1356 1144 1495 1172 dissidere.
1508 1146 1574 1179 Quid
1590 1148 1672 1181 cnitn,
1688 1149 1709 1174 si
1725 1156 1785 1175 cum
1824 1179 1828 1182 ,

995 1185 1047 1213 hoc
1056 1191 1083 1213 et
1097 1194 1158 1214 cum
1175 1187 1220 1214 illo
1232 1189 1343 1223 gratiam
1357 1189 1481 1217 habetis?
1497 1191 1552 1226 Ego
1567 1197 1655 1219 autem
1674 1198 1744 1227 peto,
1758 1199 1786 1221 ut

993 1239 1008 1265 a
1024 1232 1078 1260 Deo
1092 1234 1150 1261 hate
1161 1233 1236 1261 vobis
1251 1240 1362 1272 utraque
1378 1235 1452 1269 ﬁant,
1469 1242 1494 1264 et
1507 1237 1599 1264 abillo
1613 1243 1639 1265 et
1651 1238 1683 1266 ad
1699 1239 1783 1266 illum.

994 1277 1085 1312 Neque
1105 1278 1176 1306 enim
1200 1279 1277 1307 firma
1299 1281 1463 1314 manserint,
1485 1282 1537 1310 ttisi
1561 1291 1674 1316 superna
1699 1286 1783 1319 gratia

993 1323 1114 1351 fruantur
1128 1333 1134 1351 :
1147 1332 1233 1360 neque
1245 1325 1268 1353 si
1281 1334 1334 1354 non
1347 1327 1440 1354 sintad
1449 1328 1546 1363 ipsum,
1556 1329 1782 1365 nobisquidqnam

992 1370 1147 1404 proderunt,
1157 1373 1246 1399 sicttm
1257 1373 1380 1400 omnibus
1394 1381 1484 1408 pacem
1496 1375 1634 1408 habentes,
1654 1385 1715 1404 cum
1728 1377 1783 1404 Deo

991 1416 1089 1444 bellum
1105 1417 1250 1446 habeamus
1261 1428 1267 1452 ;
1277 1424 1306 1446 ut
1319 1419 1544 1448 nihilnoeutncnti
1556 1422 1631 1450 nobis
1642 1424 1703 1456 erit,
1716 1424 1738 1451 si
1748 1425 1782 1452 ab

991 1463 1115 1491 omnibus
1127 1465 1321 1500 impugnemur,
1334 1470 1360 1493 et
1369 1474 1429 1494 etim
1445 1468 1498 1494 Deo
1511 1475 1602 1502 pacem
1618 1469 1780 1499 habeamus:

990 1516 1022 1536 ac
1037 1517 1143 1536 rursum
1158 1511 1230 1537 nulla
1248 1511 1350 1539 utilitas
1364 1513 1386 1539 si
1404 1512 1438 1540 ab
1457 1514 1580 1541 omnibtts
1600 1515 1780 1549 celebrenmr,

989 1560 1016 1582 et
1032 1555 1171 1583 Dominttm
1186 1556 1369 1590 oﬂ‘endamus;
1383 1563 1411 1585 ut
1421 1559 1499 1585 etiam
1514 1559 1612 1587 nullum
1624 1561 1777 1594 periculum,

989 1602 1011 1628 si
1024 1609 1117 1629 omnes
1126 1610 1174 1629 nos
1183 1608 1341 1630 aversentur
1349 1609 1375 1631 et
1385 1603 1446 1631 odio
1459 1605 1584 1638 habeant,
1597 1605 1719 1640 Deusque
1730 1615 1778 1634 nos

988 1648 1118 1682 approbet
1134 1653 1162 1675 et
1179 1648 1290 1684 diligat:
1306 1657 1367 1676 vcra
1387 1650 1458 1676 enim
1474 1650 1556 1683 gratia
1574 1655 1600 1677 ct
1616 1658 1676 1677 vera
1691 1640 1746 1686 ‘pas
1764 1660 1779 1677 ει

988 1692 1044 1720 Deo
1053 1697 1104 1720 est.
1118 1693 1183 1720 Nam
1198 1694 1241 1728 qui
1251 1694 1363 1729 gratiam
1375 1702 1434 1729 qua:
1444 1703 1458 1720 a
1474 1695 1527 1721 Deo
1541 1700 1583 1722 est
1593 1695 1681 1727 habet,
1695 1696 1779 1723 nemi-

989 1747 1050 1766 netn
1061 1741 1144 1773 timet,
1156 1740 1260 1767 etiamsi
1271 1741 1407 1768 innutnera
1415 1742 1505 1776 gravia
1519 1742 1648 1775 patiatur;
1659 1750 1707 1769 nec
1716 1740 1777 1770 diro

989 1783 1134 1817 hominem,
1149 1785 1196 1812 scd
1209 1792 1295 1820 neque
1305 1786 1384 1812 etiam
1398 1785 1542 1813 diabolum.
1554 1785 1603 1820 Qui
1618 1794 1682 1814 vero
1693 1787 1775 1814 Deum

988 1830 1106 1862 ollendit,
1123 1838 1217 1858 onmes
1229 1837 1369 1865 suspectos
1387 1831 1474 1864 habet,
1493 1833 1596 1859 etiamsi
1609 1833 1634 1859 in
1649 1837 1705 1859 tuto
1715 1840 1776 1860 esse

988 1876 1116 1903 videatur.
1143 1877 1267 1904 lnstabile
1288 1885 1402 1911 namque
1418 1882 1459 1904 est
1474 1885 1557 1912 genus
1579 1878 1733 1911 hominum;
1749 1883 1777 1906 et

988 1929 1040 1949 non
1054 1922 1140 1949 solum
1154 1923 1231 1950 amici
1251 1928 1278 1949 et
1298 1923 1404 1955 fratres,
1422 1923 1468 1950 sed
1483 1923 1562 1961 etiam
1583 1929 1683 1958 patres,
1695 1932 1773 1960 parra

987 1976 1059 2004 saepe
1071 1969 1104 1996 de
1116 1977 1195 1996 causa
1218 1971 1321 2003 mutati,
1344 1977 1422 2004 quem
1444 1976 1603 2004 genueruttt,
1619 1979 1697 2005 quem
1716 1978 1778 2005 pri.—

986 2019 1123 2048 crearunt,
1145 2014 1229 2049 magis
1242 2022 1322 2050 quam
1336 2022 1429 2042 onmes
1450 2015 1540 2043 hostes
1559 2016 1730 2051 abjeccrunt;
1748 2022 1774 2043 et

987 2061 1034 2087 lilii
1049 2065 1138 2095 patres
1153 2061 1320 2088 extulerunt.
1336 2061 1462 2088 Animum
1476 2061 1581 2089 adhibe.

1021 2108 1048 2134 2.
1064 2107 1153 2134 Gratia
1168 2107 1213 2134 Dei
1225 2108 1369 2142 querenda,
1390 2116 1439 2134 non
1459 2108 1598 2134 hominum.
1609 2122 1646 2130 -—
1656 2107 1773 2136 Gratiam

987 2153 1078 2181 habuit
1099 2153 1181 2180 David
1202 2153 1271 2188 apud
1290 2153 1393 2185 Deum;
1415 2153 1527 2188 gratiam
1544 2153 1635 2181 habuit
1647 2153 1774 2180 Absalont

985 2200 1056 2235 apud
1079 2199 1200 2227 homines
1213 2209 1219 2227 :
1231 2208 1311 2235 quem
1331 2200 1411 2227 ﬁnem
1425 2204 1537 2235 uterque
1556 2200 1657 2234 habuit,
1676 2205 1703 2227 et
1716 2205 1775 2227 uter

986 2246 1070 2281 magis
1081 2246 1207 2281 probatus
1215 2251 1242 2273 ct
1251 2245 1338 2273 clarus
1351 2246 1440 2279 fuerit,
1451 2247 1545 2274 nostis.
1556 2246 1673 2273 Gratiam
1683 2246 1771 2273 habuit

985 2291 1120 2319 Abraham
1135 2291 1206 2327 apud
1222 2291 1317 2324 Deum,
1335 2291 1437 2318 Pharao
1452 2296 1540 2319 autem
1552 2291 1620 2326 apud
1635 2291 1775 2320 homines:

986 2337 1013 2364 lii
1028 2345 1142 2372 namque
1155 2336 1266 2372 gratiam
1278 2336 1336 2372 ejus
1350 2342 1512 2371 aucupantes
1527 2344 1636 2364 uxorem
1648 2336 1711 2371 justi
1723 2337 1773 2370 ipsi

986 2383 1159 2418 prodiderunt
1171 2393 1178 2410 :
1195 2388 1254 2410 uter
1267 2383 1347 2418 igitur
1357 2382 1529 2417 splendidior,
1543 2387 1600 2409 uter
1613 2383 1706 2409 heattts
1716 2382 1770 2410 fue-

985 2429 1030 2462 rit,
1046 2429 1130 2456 cuivis
1145 2428 1314 2464 perspicuum
1335 2433 1385 2455 est.
1407 2428 1508 2463 Ecquid
1523 2427 1557 2455 de
1570 2427 1648 2462 jnstis
1662 2428 1774 2462 loquor?

986 2475 1102 2503 Gratiam
1117 2475 1186 2510 apud
1199 2475 1282 2502 Deum
1296 2474 1412 2501 habuere
1424 2474 1559 2507 Israelilae,
1573 2478 1600 2501 et
1612 2474 1673 2501 odio
1689 2474 1773 2501 habe-

986 2521 1083 2548 bantur
1102 2521 1135 2547 ab
1154 2520 1307 2547 hominibus
1329 2519 1462 2554 Egyptiis
1478 2529 1485 2546 :
1501 2524 1528 2546 et
1549 2527 1596 2547 eos
1611 2519 1654 2554 qui
1671 2527 1700 2546 se
1714 2519 1775 2546 odio

986 2566 1118 2595 habebant
1129 2569 1298 2601 superarunt,
1315 2565 1394 2600 idque
1408 2565 1552 2600 conspicuo
1564 2573 1616 2600 quo
1629 2564 1702 2592 scitis
1717 2573 1774 2591 ont-

985 2621 1033 2641 nes
1048 2612 1136 2640 modo.
1149 2613 1206 2640 lloc
1219 2619 1282 2647 ergo
1294 2619 1417 2640 curemus
1426 2619 1537 2639 omnes:
1551 2611 1671 2646 quamvis
1680 2619 1775 2639 servus

985 2661 1047 2695 quis
1058 2660 1102 2693 sit,
1114 2660 1166 2686 hoc
1179 2663 1302 2694 precetur
1312 2663 1341 2685 ιιι
1350 2658 1418 2693 apud
1430 2658 1514 2685 Deum
1523 2659 1606 2693 magis
1617 2666 1694 2693 quam
1706 2658 1773 2692 apttd

986 2706 1078 2734 lterum
1093 2713 1169 2733 suum
1184 2705 1297 2740 gratiam
1314 2704 1448 2738 inveniat;
1465 2706 1586 2739 quamvis
1602 2713 1669 2732 uxor
1684 2703 1774 2736 fuerit,

986 2752 1044 2785 plus
1058 2759 1136 2786 quam
1148 2750 1268 2785 conjugis
1289 2750 1439 2777 Scrvatoris
1454 2750 1494 2777 sui
1516 2750 1564 2777 Dei
1578 2750 1688 2785 gratiam
1701 2757 1774 2784 qua:-

985 2801 1044 2830 rat;
1070 2797 1191 2832 quamvis
1211 2797 1306 2828 miles,
1329 2796 1413 2831 magis
1435 2804 1514 2831 quam
1540 2796 1711 2832 Imperatoris
1731 2800 1776 2822 aut

985 2842 1113 2878 principis
1125 2863 1132 2875 ,
1147 2850 1290 2877 supernam
1305 2842 1518 2870 benevolentiam
1528 2847 1633 2877 expetat
1643 2850 1649 2869 :
1661 2841 1699 2869 sic
1706 2840 1776 2868 enim

987 2888 1068 2917 etiam
1081 2887 1151 2924 apud
1167 2887 1289 2916 homines
1312 2887 1439 2916 amabilis
1449 2886 1513 2915 eris.
1529 2886 1667 2920 Quomodo
1689 2890 1776 2914 autem
