2060 3111
249 177 281 206 I5
641 174 669 201 S.
690 172 828 201 JOANNIS
846 167 1079 198 CHRYSOSTOMI
1101 166 1257 195 ARCHIEP.
1277 167 1544 196 CONSTANTINOP.
1845 170 1878 197 υ]

246 235 307 271 quis
323 233 436 270 gratiam
452 232 569 260 inveniat
585 232 655 267 apud
671 230 772 258 Deum?
793 229 852 263 Quo
873 227 926 254 alio
945 224 1034 256 modo,

246 289 324 316 quant
336 281 370 308 ab
385 279 554 308 humilitate?
569 278 639 306 Deut
660 278 737 309 enim,
755 275 853 310 inquit,
868 272 981 308 superbis
996 278 1037 296 re-

245 329 320 359 sistit,
337 326 474 354 humilibus
484 331 568 352 autent
581 325 623 350 dat
642 323 750 359 gratiam
762 320 853 356 (Prov.
873 320 899 346 3.
921 316 983 352 54);
998 320 1036 347 et,

246 375 408 408 Sacriﬁcium
435 372 483 399 Deo
490 371 587 404 spiritus
598 368 774 398 contribulatns,
780 371 814 399 et,
823 366 1034 393 Humiliatumcor

247 420 314 447 Deus
329 428 379 446 non
390 418 509 449 despiciet
521 415 605 450 (Psal.
619 414 662 442 50.
680 414 735 447 l9).
752 412 816 439 Nam
831 412 852 438 si
867 410 935 445 apttd
950 409 1038 436 homi-

246 475 295 494 nes
304 471 357 493 tant
369 462 556 491 desiderabilis
569 465 610 488 est
622 460 771 489 humilitas.
785 458 867 484 tuulto
878 456 961 491 magis
970 455 1038 489 apud

249 513 341 539 Deum.
356 511 391 537 lla
405 514 431 536 et
442 508 554 543 gentiles
566 506 677 541 gratiant
692 505 860 535 invenerunt,
873 503 907 530 ita
921 500 1039 529 etJuda-i

248 558 330 593 gratia
346 556 501 584 exciderunt
518 562 524 580 :
547 553 659 580 Justitite
676 549 850 586 nmnqne‘Dei
867 557 917 576 non
936 547 1039 582 subjecti

249 605 350 639 fuerunt
362 601 449 637 (Rom.
465 601 508 628 10.
523 600 561 635 5).
575 599 689 626 llumilis
702 597 835 633 gratiosus
846 601 872 622 et
881 595 970 622 suavis
982 601 1040 620 om—

248 649 326 676 nibus
347 653 397 681 est,
421 651 550 682 perpetuo
573 645 600 672 in
623 652 687 680 pace
700 644 802 674 vivens,
826 642 978 676 nullamque
993 640 1039 667 ha-

248 697 312 722 bens
324 694 386 722 belli
396 693 574 720 occasionem.
585 691 697 718 Etiamsi
706 690 777 717 enim
792 689 866 716 illunt
878 686 1039 715 contumelia

247 747 275 769 et
288 741 417 769 conviciis
432 740 542 772 afficias,
563 737 668 766 etiamsi
692 736 797 771 quidvis
816 735 925 765 dixeris,
943 732 1040 761 tacebit

249 788 293 815 ille
307 793 333 815 et
348 786 535 815 leniter-feret;
561 789 588 811 et
604 788 702 810 tantam
724 782 841 810 servabit
862 780 929 815 apud
946 785 1039 806 omnes

249 841 351 869 pacem,
366 836 490 867 quautam
510 838 542 863 ne
564 830 654 857 dicere
673 829 781 863 quidem
796 827 892 863 possis,
907 825 1040 859 etiamque

248 878 317 913 apud
333 878 427 905 Deunt.
444 876 565 903 Mandata
579 875 677 910 quippe
691 874 737 901 Dei
753 881 786 901 eo
802 872 921 903 tendunt,
936 876 963 897 ut
978 878 1038 898 cutn

249 924 401 952 hominibus
416 931 465 958 pax
479 922 626 949 habeatur:
646 926 673 948 et
686 920 765 947 vitam
786 923 903 946 nostram
917 917 953 944 ita
963 920 1040 960 recte

250 972 430 1006 transigimus,
445 970 468 996 si
483 974 572 996 mutua
584 976 643 995 cum
659 967 721 994 aliis
733 974 797 1002 pace
812 965 939 992 fruamur.
956 963 1038 990 Deum

249 1018 319 1046 enim
332 1024 412 1044 neuto
427 1015 524 1043 hedere
538 1014 636 1050 poterit
648 1023 654 1040 :
667 1017 760 1040 natura
774 1011 871 1046 quippe
892 1010 935 1037 illa
949 1008 1034 1044 perni-

250 1064 300 1091 cici
312 1062 425 1090 obnoxia
443 1069 495 1088 non
514 1066 556 1088 est
566 1065 593 1088 et
607 1060 678 1087 ontni
690 1058 806 1094 passioni
821 1056 952 1092 superior.
969 1055 1039 1082 Nihil

249 1110 286 1136 ita
301 1108 449 1136 mirabilem
466 1106 646 1134 Christianum
661 1104 748 1132 reddit
763 1108 790 1130 ut
805 1102 951 1130 humilitas.
972 1100 1039 1128 Audi

249 1157 319 1184 cnim
334 1155 514 1182 Abrahamum
527 1153 660 1180 dicentem
677 1161 683 1178 :
699 1150 755 1186 Ego
770 1155 853 1176 autent
868 1157 923 1175 sum
941 1152 1006 1174 terra
1018 1152 1041 1174 et

248 1202 311 1228 cinis
328 1200 402 1236 (Gen.
416 1200 459 1226 l8.
473 1199 518 1233 ‘27)
532 1206 538 1230 ;
555 1203 579 1225 et
605 1198 686 1224 Deum
701 1203 794 1223 rursus
805 1195 839 1222 de
857 1194 958 1228 Moyse,
971 1192 1040 1227 quod

249 1249 329 1277 fuerit
342 1247 460 1275 omttium
481 1245 617 1273 hominum
639 1243 805 1270 mitissimus.
822 1241 891 1269 Nihil
911 1240 982 1268 enim
996 1239 1041 1266 illo

249 1295 376 1322 humilius
393 1294 451 1326 fuit,
477 1293 522 1328 qui
543 1299 603 1319 cunt
618 1290 684 1318 tattti
703 1288 793 1324 populi
808 1288 860 1315 dux
876 1291 956 1319 esset,
979 1293 1041 1313 cum

248 1348 338 1375 regem
354 1345 381 1367 et
394 1339 539 1366 exercitum
559 1337 743 1373 [Egyptiorum
755 1334 874 1361 omnium
888 1333 962 1368 quasi
981 1340 1041 1359 mu-

249 1394 308 1414 scas
323 1387 348 1413 in
362 1394 435 1412 mare
450 1383 633 1415 demersisset,
648 1387 675 1410 et
691 1387 760 1409 tanta
781 1381 808 1408 in
824 1380 950 1416 ngypto,
968 1383 1039 1406 tanta

248 1432 276 1458 itt
288 1431 353 1458 mari
363 1431 456 1457 Rubro
466 1435 492 1456 et
504 1430 529 1456 in
541 1430 648 1456 deserto
657 1432 845 1462 perpetrasset,
857 1430 1042 1460 tantarumque

250 1485 337 1504 rerum
355 1475 516 1503 testimoniis
540 1475 672 1502 frueretur
683 1495 690 1505 ,
707 1473 745 1500 sic
769 1472 879 1500 affectus
894 1476 951 1498 erat
965 1470 1042 1506 quasi

250 1531 317 1550 uttu~
330 1531 362 1549 cx
377 1522 451 1556 plebe
463 1530 470 1554 ;
483 1526 592 1555 eratque
605 1528 697 1547 socero
711 1526 793 1554 gener
809 1517 943 1548 huntiiior,
958 1517 1042 1543 illius-

250 1577 300 1604 que
316 1567 455 1595 consilium
471 1566 583 1601 accepit.
598 1565 655 1593 Non
678 1565 790 1592 moleste
805 1563 874 1595 tulit,
886 1571 938 1589 tton
952 1562 1018 1589 dixit
1033 1572 1040 1589 :

249 1616 318 1649 Quid
335 1615 404 1641 ltoe?
419 1619 479 1648 post
500 1618 537 1640 tot
559 1618 684 1647 tantaque
706 1611 832 1646 praeclare
853 1615 924 1644 gesta
946 1608 1041 1635 venisti

251 1661 329 1688 nobis
347 1660 459 1687 coasilia
484 1659 616 1686 daturus?
629 1657 706 1691 Quod
729 1661 816 1683 tamen
833 1655 909 1682 multi
931 1655 1039 1686 faciunt,

249 1707 353 1735 etiarnsi
365 1707 424 1741 quis
439 1706 568 1740 optimum
585 1704 631 1731 det
649 1703 801 1742 consilium,
820 1709 940 1736 persona.-
955 1701 1042 1727 humi-

237 1755 353 1782 -Ιίιςιιιιιιι
368 1753 503 1788 despectui
526 1751 665 1778 habentes.
682 1751 716 1777 At
729 1757 783 1777 non
801 1749 840 1776 sic
863 1749 915 1780 ille,
936 1748 981 1775 sed
995 1756 1042 1783 per

251 1800 425 1827 humilitatem
441 1799 526 1825 ouutia
542 1802 614 1825 recte
628 1796 733 1831 agebat.
751 1795 818 1823 Hinc
833 1795 907 1822 aulas
921 1794 1042 1828 despexit

251 1846 347 1881 regias,
362 1845 422 1880 quia
438 1852 500 1872 vere
514 1843 622 1870 humilis
634 1847 692 1869 erat
705 1851 711 1867 :
726 1845 843 1868 mentem
857 1841 928 1867 enim
948 1847 1040 1866 sanam

251 1896 277 1918 et
292 1892 427 1918 excelsam
450 1889 513 1917 facit
534 1889 679 1915 humilitas.
693 1887 804 1921 Quanta:
819 1887 890 1914 enint
905 1891 931 1913 et
945 1886 1041 1912 nteutis

251 1942 278 1964 et
293 1937 374 1964 attimi
390 1935 580 1970 magnitudinis
604 1934 683 1961 fuerit
704 1938 731 1961 et
748 1934 856 1960 dontunt
875 1937 902 1959 et
921 1940 1040 1959 mensam

252 1983 350 2018 regiam
370 1981 529 2017 despicere?
545 1981 630 2016 Reges
643 1981 714 2008 enim
730 1980 806 2015 quasi
828 1979 864 2006 dii
887 1978 1041 2006 colt-bantur

251 2031 319 2065 apud
336 2023 486 2065 Egy‘ptios,
513 2036 543 2055 ac
561 2027 658 2054 divitiis
681 2027 867 2060 thesaurisquc
887 2025 1042 2054 fruebantur

253 2076 408 2102 innumeris.
426 2077 549 2102 Attamen
566 2074 610 2100 ille.
625 2073 666 2099 his
690 2072 812 2099 omnibus
826 2072 953 2103 dimissis,
968 2071 1042 2105 abje-

252 2122 354 2156 ctisque
376 2120 482 2155 Egypti
507 2120 630 2154 sceptris,
651 2119 684 2145 ad
708 2118 827 2152 captivos
847 2122 873 2144 et
888 2124 1040 2152 oppressos,

252 2167 297 2202 qui
312 2167 337 2193 in
353 2167 409 2193 luto
421 2169 449 2192 et
461 2166 589 2193 lateribus
602 2164 787 2195 versabantur,
804 2171 872 2198 quos
887 2163 957 2190 servi
973 2163 1042 2198 regis

254 2213 397 2240 horrebant
412 2222 418 2240 τ
432 2220 492 2238 nam
506 2212 565 2238 illos
579 2211 800 2238 abominabantur
816 2210 932 2246 [Egyptii
944 2210 1040 2246 (Exod.

254 2262 280 2287 1.
297 2261 352 2295 15),
369 2259 477 2294 inquit:
500 2258 533 2285 ad
557 2258 606 2284 ltos
628 2257 765 2292 confugit,
793 2257 908 2292 il|05que
927 2257 1042 2285 dominis

254 2307 406 2341 prmposuit.
421 2304 495 2333 Unde
506 2304 594 2340 palam
605 2309 655 2335 est,
669 2304 739 2331 hunc
753 2305 889 2338 humilem,
906 2305 1042 2332 excelsum

254 2352 504 2386 magnanimumque
517 2358 586 2378 esse.
602 2350 758 2384 Arrogatttia
769 2350 840 2376 enint
851 2358 884 2377 ex
897 2350 942 2377 vili
953 2355 1043 2378 mente

253 2403 279 2424 et
291 2397 410 2424 illiberali
433 2397 521 2423 animo
547 2396 680 2427 nascitur;
705 2396 881 2423 mansuetudo
900 2402 988 2424 autent
1009 2404 1042 2424 ex

254 2452 349 2479 magno
361 2448 387 2470 et
402 2444 507 2470 excelso
518 2443 616 2469 animo.

289 2491 315 2518 3.
332 2490 471 2517 Huntilims
486 2489 684 2515 commendatur.
695 2502 730 2508 —-
742 2489 775 2515 Et
787 2489 807 2515 si
824 2489 919 2523 placet,
939 2494 1041 2516 utrum-

254 2545 306 2571 que
321 2536 450 2570 eXemplis
463 2535 646 2562 discutiamus.
664 2534 711 2561 Dic
724 2534 794 2561 enim
810 2534 886 2566 mihi,
901 2535 944 2568 qui
958 2534 1043 2561 Abra-

256 2584 333 2610 hamo
347 2582 477 2609 excelsius
493 2582 558 2608 fuit?
572 2582 650 2615 Atqui
667 2581 711 2608 ille
723 2586 780 2608 erat
792 2581 835 2616 qui
851 2581 965 2613 dicebat,
986 2580 1041 2616 Ego

253 2636 310 2655 sum
323 2633 388 2654 terra
401 2632 424 2655 et
438 2628 500 2654 ciuis
523 2627 606 2662 (Cen.
624 2626 656 2655 18
681 2626 737 2660 9.7)
755 2635 761 2654 :
779 2627 822 2653 ille
837 2631 895 2653 erat
909 2626 954 2661 qui
968 2626 1040 2653 dicc-

255 2674 308 2705 bat,
326 2673 368 2700 Ne
377 2674 409 2700 sit
424 2682 508 2708 pugna
532 2673 596 2699 inter
609 2681 647 2699 me
662 2679 685 2699 et
700 2678 722 2699 le
736 2671 810 2707 (Gen.
829 2673 872 2699 15.
889 2672 928 2703 8).
942 2671 1040 2698 Verum

255 2721 298 2748 hic
315 2720 422 2747 humilis
442 2719 580 2746 manubias
595 2719 715 2753 despexit
731 2719 851 2745 Persicas
863 2739 870 2747 .
895 2724 921 2746 et
946 2717 1041 2744 barba-

257 2767 312 2794 rica
333 2765 492 2800 contempsit
508 2770 618 2800 tropma.
636 2765 690 2792 llue
705 2772 784 2799 porro
799 2772 831 2791 ex
845 2764 926 2790 anittti
943 2763 1042 2798 magni-

254 2813 346 2839 tudine
367 2820 393 2839 et
416 2812 579 2838 sublimitate
595 2810 719 2838 faciebat.
734 2810 780 2837 Ille
794 2817 908 2844 nantquc
922 2817 984 2836 vere
997 2817 1041 2836 su-

254 2855 341 2882 blimis
357 2859 411 2886 est,
428 2853 471 2888 qui
497 2854 600 2880 sincere
620 2857 662 2879 est
686 2852 811 2884 humilis,
827 2860 878 2878 tton
900 2852 1037 2882 adulator.

257 2909 309 2931 non
325 2901 367 2936 qui
382 2899 465 2928 ironia
483 2900 573 2927 utitur.
590 2897 669 2926 Aliud
682 2897 752 2926 cnim
767 2902 808 2925 est
823 2897 1038 2933 magnanimitas,

1090 224 1161 251 aliud
1186 225 1358 259 arrogantia:
1373 225 1423 252 ltoc
1446 231 1534 252 autent
1560 225 1620 252 hinc
1644 225 1813 253 manifestum
1826 232 1877 254 est.

1090 270 1131 296 Sit
1146 269 1205 304 quis
1223 270 1307 297 lutnnt
1322 278 1383 297 esse
1398 271 1482 298 lutum
1499 276 1593 306 putans
1607 276 1634 298 et
1646 271 1711 298 illud
1726 271 1876 306 despiciat;

1090 317 1158 343 alius
1174 323 1261 343 autent
1278 318 1322 351 qui
1348 317 1432 344 lutuut
1457 325 1505 352 pro
1520 326 1586 344 auro
1601 317 1698 344 habent
1710 339 1717 350 ,
1731 317 1879 345 admiretur

1090 367 1118 389 et
1132 363 1219 398 magni
1235 363 1330 390 faciat:
1344 369 1402 390 uter
1413 364 1511 390 excelsi
1523 364 1603 390 animi
1620 364 1673 390 est?
1685 371 1773 391 annon
1788 365 1820 397 is,
1837 366 1879 398 qui

1091 408 1174 435 lutum
1190 416 1242 436 non
1257 409 1418 436 admiratur?
1435 415 1494 436 uter
1508 417 1572 437 vero
1584 410 1680 444 abjeeti
1702 410 1782 436 attimi
1796 415 1825 437 et
1839 411 1879 436 vi-

1091 453 1124 480 lis
1139 454 1192 480 est?
1206 462 1295 482 nonne
1309 455 1354 489 qui
1371 454 1436 481 illud
1449 455 1595 482 admiratur
1605 459 1632 482 et
1646 456 1732 490 magni
1747 455 1827 482 facit?
1841 455 1876 482 ita

1092 501 1135 528 hic
1149 501 1229 528 etiam
1242 505 1334 536 reputa
1350 510 1357 528 :
1371 509 1430 528 eum
1446 509 1553 536 nempe,
1576 502 1620 537 qui
1644 509 1673 529 se
1690 507 1787 529 terram
1800 507 1828 529 et
1837 503 1879 528 ci-

1092 555 1184 574 nerem
1195 547 1269 579 dicit,
1281 547 1416 575 excelsum
1430 555 1499 581 esse,
1511 549 1632 583 quamvis
1643 549 1694 575 hoc
1704 549 1774 575 dicat
1788 557 1820 576 ex
1833 548 1880 574 lut-

1092 593 1222 625 militate;
1239 593 1312 620 illum
1329 601 1405 626 vero,
1419 594 1464 628 qui
1478 601 1507 621 se
1521 602 1570 621 nec
1586 599 1682 622 terram
1697 603 1747 622 nec
1761 595 1879 621 cinerem

1092 647 1152 666 esse
1167 644 1252 673 putat,
1266 639 1312 667 sed
1327 641 1444 675 seipsum
1456 640 1519 667 colit
1532 646 1559 667 et
1569 641 1651 668 altunt
1665 641 1698 668 de
1709 650 1738 668 se
1751 642 1828 676 sapit,
1842 642 1880 669 vi-

1092 685 1143 712 lem
1160 686 1249 721 utique
1264 694 1333 719 esse,
1350 687 1393 721 qui
1407 694 1486 721 parva
1504 688 1590 722 magni
1603 687 1691 714 faciat.
1704 688 1780 715 Unde
1791 687 1878 723 palam

1092 736 1133 759 est
1154 740 1185 759 ex
1208 740 1301 767 magna
1323 733 1404 759 animi
1427 734 1589 761 sublimitate
1610 735 1788 768 patriarcham
1812 735 1880 762 hanc

1091 778 1213 806 emisisse
1237 786 1339 811 vocent,
1369 778 1422 814 Ego
1438 785 1521 806 autent
1540 788 1597 806 sum
1619 785 1684 806 terra
1706 785 1729 806 el
1753 781 1831 811 cinis;
1847 788 1879 808 ex

1091 824 1190 852 metttis
1207 825 1378 856 sublimitate,
1401 834 1452 852 non
1473 834 1505 853 ex
1523 828 1684 861 arrogantia.
1701 827 1879 860 Quemadmo-

1091 871 1154 897 dum
1168 871 1238 898 enim
1255 871 1280 897 in
1301 872 1458 906 corporibus
1473 873 1544 900 aliud
1565 878 1606 900 est
1632 878 1754 908 vegetum
1770 873 1879 901 et'hona

1091 918 1181 944 carnis
1196 916 1350 945 habitudine
1365 926 1434 949 esse,
1450 919 1520 945 aliud
1541 927 1600 946 esse
1621 919 1734 946 ltumore
1748 920 1878 951 inﬂatum,

1093 964 1155 991 licet
1166 964 1192 990 in
1209 969 1322 999 utquue
1335 972 1399 992 caro
1415 966 1582 1000 promineat;
1599 972 1624 992 :ll
1641 966 1666 992 in
1681 966 1731 993 hoc
1742 971 1878 1001 corrupta.

1093 1010 1118 1038 in
1141 1011 1185 1038 illo
1206 1019 1290 1039 sana:
1314 1013 1349 1039 ita
1368 1012 1446 1039 etiam
1467 1013 1536 1039 aliud
1553 1017 1594 1040 e~t
1617 1020 1677 1040 esse
1699 1020 1879 1048 arrogantem,

1092 1057 1162 1092 quod
1177 1063 1216 1085 est
1232 1065 1291 1085 esse
1315 1058 1427 1085 ltuntore
1448 1064 1613 1093 turgentem;
1628 1059 1698 1086 aliud
1714 1067 1774 1086 esse
1795 1060 1880 1086 subli-

1093 1110 1173 1134 mem,
1190 1104 1260 1138 quod
1275 1108 1317 1131 est
1329 1108 1449 1139 vegetum
1462 1111 1530 1132 esse.
1549 1105 1581 1132 Et
1597 1112 1703 1138 rursus,
1720 1110 1761 1132 est
1773 1106 1880 1140 quidam

1092 1150 1213 1184 corporis
1233 1155 1332 1177 statura
1357 1158 1499 1185 procerus;
1523 1151 1592 1179 alius
1613 1156 1700 1178 autem
1715 1152 1804 1178 brevis
1827 1157 1882 1178 sta-

1094 1200 1161 1228 tura,
1175 1197 1292 1231 acceptis
1311 1197 1408 1224 calceis
1431 1198 1460 1225 fit
1473 1198 1571 1225 altior:
1587 1204 1675 1225 utrum
1693 1207 1756 1234 ergo
1772 1200 1880 1227 vocabi-

1092 1250 1151 1269 mus
1167 1250 1306 1277 ptocerum
1321 1248 1347 1270 ct
1366 1237 1500 1279 magnum,
1518 1245 1629 1279 quaeso?
1642 1253 1729 1272 annon
1745 1253 1815 1278 eum,
1833 1246 1880 1280 qui

1093 1295 1124 1314 ex
1139 1293 1231 1315 natura
1243 1297 1289 1316 sua
1304 1297 1428 1323 procerus
1438 1296 1478 1318 est
1487 1291 1498 1318 ?
1507 1290 1552 1318 ille
1565 1292 1636 1318 enim
1648 1291 1763 1319 alienum
1776 1291 1826 1319 hoc
1834 1292 1883 1318 ha-

1094 1333 1148 1366 bet,
1165 1339 1191 1361 et
1202 1343 1282 1369 super
1292 1335 1400 1363 humilia
1412 1337 1569 1369 ascendens,
1582 1338 1620 1364 sic
1634 1345 1759 1372 procerus
1771 1338 1882 1365 effectus

1093 1385 1134 1406 est
1149 1389 1154 1406 :
1171 1381 1195 1407 id
1211 1381 1281 1416 quod
1295 1383 1374 1409 etiam
1395 1384 1468 1410 multi
1483 1383 1603 1411 homines
1618 1385 1728 1417 faciunt,
1745 1386 1789 1420 qui
1803 1393 1882 1420 pecu-

1093 1427 1145 1453 niis
1160 1431 1186 1453 et
1199 1427 1281 1461 gloria
1306 1436 1364 1455 sese
1378 1429 1525 1461 extollunt,
1542 1430 1622 1466 idque
1637 1439 1689 1458 non
1703 1436 1744 1458 est
1757 1431 1881 1459 altitudo.

1094 1473 1221 1500 Excelsus
1237 1474 1307 1500 enim
1321 1480 1361 1501 est
1377 1475 1430 1508 ille,
1445 1476 1489 1510 qui
1503 1476 1597 1503 horum
1610 1477 1683 1504 nullo
1692 1485 1757 1512 opus
1769 1477 1881 1511 habens,

1093 1518 1139 1545 sed
1153 1520 1239 1546 omnia
1255 1520 1421 1554 despiciens,
1443 1521 1468 1548 in
1487 1529 1516 1548 se
1534 1523 1742 1557 magnitudinem
1766 1523 1880 1550 obtinet.

1093 1564 1181 1592 Simus
1195 1572 1258 1600 ergo
1279 1565 1411 1596 humiles,
1431 1571 1458 1593 ut
1481 1567 1609 1594 sublimes
1631 1567 1778 1595 efﬁciantur
1800 1576 1883 1596 :nam

1095 1611 1144 1643 Qui
1165 1610 1336 1642 se'lttmtiliut,
1358 1612 1509 1639 multabitur
1530 1613 1635 1648 (Matt/1.
1652 1615 1697 1641 23.
1716 1615 1770 1649 1‘2),
1787 1616 1881 1648 inquit.

1093 1657 1144 1684 Sed
1160 1665 1212 1684 tton
1229 1658 1273 1685 ille
1288 1666 1416 1694 arrogans
1439 1660 1497 1687 talis
1517 1665 1574 1693 est;
1591 1662 1709 1688 omnium
1728 1662 1826 1696 quippe
1843 1668 1884 1689 est

1093 1703 1237 1730 vilissimus
1252 1713 1258 1731 :
1275 1704 1345 1731 bulla
1359 1706 1429 1732 t'nim
1446 1707 1562 1739 inflatur,
1577 1707 1622 1734 sed
1643 1707 1700 1734 haec
1716 1708 1816 1734 inflatio
1830 1717 1882 1735 ttou

1094 1749 1178 1776 solida
1202 1755 1252 1777 est.
1270 1750 1332 1778 ldeo
1352 1751 1501 1786 hujusntodi
1529 1753 1651 1781 homines
1674 1753 1778 1781 inﬂatos
1803 1761 1882 1782 toea-

1094 1803 1162 1822 mus.
1178 1796 1228 1830 Qui
1252 1797 1322 1824 enim
1349 1798 1484 1826 moderate
1510 1800 1600 1831 sentit,
1616 1808 1649 1826 tte
1665 1800 1690 1826 in
1707 1800 1808 1834 magnis
1822 1801 1882 1835 qui-

1094 1842 1154 1870 dem
1169 1844 1250 1870 altum
1262 1845 1339 1878 sapit,
1357 1845 1483 1871 vilitatem
1500 1853 1574 1872 suam
1596 1851 1685 1873 notant
1701 1846 1801 1873 habens
1817 1855 1823 1873 :
1838 1847 1882 1881 qui

1094 1894 1182 1916 autent
1200 1889 1258 1916 vilis
1273 1894 1326 1922 est,
1339 1891 1418 1918 etiam
1436 1893 1461 1918 in
1476 1892 1566 1926 parvis
1581 1899 1705 1927 maguum
1726 1893 1804 1928 sapit.
1820 1892 1884 1920 Adi-

1094 1935 1228 1970 piscantur
1240 1944 1303 1971 ergo
1326 1944 1357 1964 ex
1375 1937 1523 1966 humilitate
1537 1938 1725 1966 sublimitatem
1741 1947 1747 1965 :
1761 1938 1884 1966 conside-

1095 1990 1183 2009 remus
1196 1983 1370 2010 humanarum
1386 1992 1474 2010 rerum
1490 1989 1621 2018 naturam,
1634 1989 1662 2012 ut
1673 1985 1820 2012 futurorum
1834 1985 1883 2013 de-

1094 2029 1192 2056 siderio
1205 2029 1387 2057 incendantur.
1397 2029 1452 2057 Non
1469 2031 1521 2057 alio
1531 2031 1628 2066 quippe
1640 2031 1719 2058 tnodo
1726 2037 1814 2065 potest
1824 2031 1884 2066 quis

1096 2075 1203 2102 humilis
1218 2075 1285 2109 fieri,
1303 2084 1380 2110 quant
1396 2084 1441 2110 per
1455 2076 1604 2104 divinarum
1621 2085 1708 2104 rerum
1721 2084 1840 2104 amorem
1856 2081 1884 2104 et

1096 2122 1265 2155 pt‘tl‘settliuttt
1282 2121 1449 2156 despectum.
1470 2121 1504 2150 Ut
1526 2123 1597 2149 enint
1613 2122 1635 2149 si
1651 2123 1710 2158 quis
1725 2130 1835 2157 regnum
1850 2122 1884 2148 sit

1095 2173 1297 2202 assequuturus,
1311 2167 1461 2202 deindeque
1482 2176 1531 2204 pro
1551 2168 1595 2194 illa
1618 2176 1734 2202 purpura
1750 2169 1845 2203 aliquis
1855 2169 1883 2195 'ei

1095 2213 1229 2248 vulgarent
1243 2213 1368 2240 exltibeat
1390 2213 1529 2245 honorem,
1547 2214 1619 2241 illuttt
1639 2214 1714 2240 nihili
1738 2213 1814 2241 faciet
1828 2223 1835 2240 :
1849 2214 1884 2240 ita

1095 2265 1121 2286 et
1134 2267 1182 2286 ttos
1199 2260 1338 2293 prmseutia
1353 2260 1440 2286 omnia
1456 2259 1645 2291 deridebimus,
1661 2261 1682 2286 si
1705 2260 1834 2286 h0norcnt
1849 2260 1883 2286 il-

1096 2305 1148 2332 lum
1160 2305 1386 2339 concupiscamus.
1400 2304 1456 2332 Non
1468 2305 1564 2332 videtis
1574 2313 1679 2340 pueros,
1692 2313 1751 2332 Cltllt
1764 2306 1885 2333 ludentes

1095 2352 1179 2378 aciem
1195 2355 1312 2378 statuunt
1325 2357 1352 2378 et
1365 2352 1472 2384 milites,
1488 2352 1700 2386 pratcedentibus
1712 2352 1882 2386 prmcouibus

1095 2403 1123 2426 et
1135 2397 1282 2431 lictoribus,
1297 2402 1323 2425 et
1345 2405 1410 2432 puer
1424 2398 1526 2425 medius
1540 2398 1623 2425 instar
1636 2398 1711 2425 ducis
1733 2397 1843 2429 incedit,
1858 2403 1886 2425 et

1096 2453 1174 2480 quant
1200 2445 1252 2471 sint
1279 2444 1322 2471 illa
1346 2444 1476 2478 puerilia?
1495 2444 1568 2471 Talia
1583 2450 1646 2471 sunt
1660 2444 1786 2476 humana,
1803 2449 1830 2471 et
1843 2443 1885 2471 his

1096 2491 1199 2523 viliora,
1213 2499 1271 2526 quze
1285 2490 1363 2517 hodie
1374 2495 1445 2522 sunt,
1455 2495 1482 2518 et
1491 2497 1551 2517 cras
1561 2497 1614 2517 non
1624 2495 1711 2517 erunt.
1721 2490 1809 2517 Simus
1821 2497 1887 2525 ergo

1096 2537 1138 2565 his
1150 2537 1268 2570 altiores,
1285 2542 1311 2564 et
1330 2544 1381 2564 non
1403 2536 1489 2564 solum
1506 2536 1563 2563 lure
1585 2544 1637 2563 non
1653 2533 1885 2570 concupiscamus.

1096 2584 1143 2612 sed
1156 2585 1235 2612 etiam
1250 2584 1451 2616 erubescamus,
1464 2584 1487 2610 si
1500 2584 1560 2618 quis
1572 2584 1648 2610 nobis
1659 2583 1702 2609 illa
1719 2583 1828 2610 tribuat.
1846 2583 1884 2609 lta

1096 2631 1167 2658 enim
1184 2631 1278 2657 ltorum
1297 2629 1410 2664 depulso
1424 2638 1524 2662 amore,
1547 2629 1666 2657 divinum
1691 2629 1765 2656 illunt
1785 2637 1881 2656 conse-

1096 2684 1218 2711 quetttur,
1235 2681 1260 2702 et
1276 2676 1418 2702 immortali
1433 2675 1552 2702 fruentur
1564 2674 1648 2709 gloria
1661 2683 1668 2700 :
1680 2682 1759 2710 quam
1772 2682 1821 2701 nos
1831 2682 1886 2701 ont-

1097 2731 1144 2750 nes
1155 2722 1259 2757 assequi
1270 2722 1404 2757 contingat
1414 2722 1497 2757 gratia
1507 2726 1532 2748 et
1542 2721 1705 2756 benignitate
1720 2721 1823 2748 Domini
1836 2729 1884 2747 tto-

1096 2769 1143 2795 stri
1156 2767 1218 2796 Iesu
1232 2768 1340 2800 Christi,
1352 2769 1456 2802 quicuut
1471 2768 1541 2794 Patri
1551 2775 1655 2802 unaque
1667 2767 1777 2802 Spiritui
1791 2771 1885 2793 saneto

1095 2816 1189 2851 gloria,
1199 2815 1351 2850 intperiunt,
1364 2817 1459 2847 honor,
1471 2821 1543 2842 nunc
1552 2818 1578 2841 et
1589 2822 1704 2849 semper,
1714 2819 1739 2842 et
1751 2814 1776 2840 in
1786 2814 1884 2841 saecula

1096 2862 1264 2889 saeculorum.
1280 2862 1377 2889 Amen.
1677 2864 1688 2876 ν
