2033 3116
239 128 272 156 Ι¹1
621 126 650 155 S.
668 126 810 155 IOANNIS
829 125 1076 155 CHRYSOSTOMI
1097 126 1259 156 ARCHIEP.
1281 127 1555 158 CONSTANTINOP.
1833 130 1867 158 18

247 191 1846 207 -———————-————————.—_—_

983 234 1104 261 OMIAIA
1123 233 1162 263 B'.

237 281 414 316 εὐχαριστῶ
429 281 469 314 τῷ
482 281 543 314 Θεῷ
558 290 619 316 μου
635 282 764 309 πάντοτε
780 281 848 316 περ),
861 281 946 316 ὑμῶν
955 301 963 313 ,
976 280 1026 307 ἐπὶ

273 322 310 357 τῇ
325 323 420 358 χάριτι
435 323 488 351 τοῦ
505 324 579 351 Θεοῦ
593 323 630 358 τῇ
643 324 765 358 δοθείσῃ
779 324 852 358 ὑμῖν
864 324 899 350 ἐν
912 322 1030 358 Χριστῷ

280 364 377 398 Ἰησοῦ
399 373 406 380 ·
425 364 471 392 ὅτι
491 366 526 392 ἐν
544 365 633 392 παντὶ
655 365 875 399 ἐπλουτίσθητε
889 365 924 392 ἐν
937 363 1028 397 αὐτῷ.

272 409 309 434 α.’
325 407 359 433 '0
373 408 429 439 τοῖς
442 407 531 439 ἄλλοις
545 408 674 443 παραινεῖ
689 408 786 439 ποιεῖν,
797 407 895 441 λέγων,
913 407 965 433 Ἐν
979 407 1028 432 εῠ-

238 449 377 484 χαριστίᾳ
386 451 422 476 τὰ
437 450 582 484 αὶτήματα
598 449 682 485 ὑμῶν
694 449 877 485 γνωριζέσθω
889 448 964 482 πρὸς
977 447 1030 474 τὸν

239 490 324 523 Θεὸν,
341 490 419 517 τοῦτο
435 492 482 518 καὶ
496 492 576 524 αὐτὸς
596 492 725 528 ἔπραττε,
737 492 871 519 διδάσκων
883 492 957 527 ἡμᾶς
976 490 1030 518 ἀπὸ

236 532 340 560 τούτων
351 533 483 568 ἄρχεσθαι
497 535 550 561 τῶν
565 534 653 569 λόγων
664 535 717 567 ἀεὶ,
732 535 779 562 καὶ
791 534 844 570 πρὸ
859 533 969 561 πάντων
984 533 1029 560 εὐ-

237 575 376 610 χαριστεῖν
390 575 429 610 τῷ
440 575 509 610 Θεῷ.
525 576 607 602 Οὐδὲν
619 576 673 611 7&9
684 575 756 602 οὕτω
766 576 804 611 τῷ
815 575 874 611 Θεῷ
890 575 976 610 φίλον.
990 575 1029 606 ὡς

236 615 267 643 τὸ
281 616 462 652 εὐχαρίστους
477 615 557 648 εἶναι,
570 618 617 644 καὶ
634 618 703 653 ὑπὲρ
714 618 820 644 ἑαυτῶν
835 618 883 644 καὶ
897 618 966 653 ὑπὲρ
980 617 1028 644 ἄλ-

235 657 299 686 λων.
311 658 358 686 Διδ
371 659 419 686 καὶ
429 659 520 694 πάσης
530 660 623 695 σχεδὸν
637 659 797 695 Ἐπιστολῆς
810 660 888 686 τοῦτο
901 659 1029 695 προτίθη-

238 708 281 727 σιν
291 709 299 716 ·
313 701 431 728 ἐνταῦθα
444 701 472 728 δὲ
489 701 536 728 καὶ
554 701 767 737 ἀναγκαιότερον
782 702 799 738 ἦ
819 703 848 728 ἐν
862 703 922 733 ταῖς
933 701 1026 732 ἄλλαις

236 741 303 768 αὐτὸ
317 742 443 778 πράττει.
464 743 493 770 '0
509 743 563 779 γὰρ
575 744 756 779 εὐχαριστῶν,
772 745 817 770 καὶ
833 743 870 776 ὡς
887 742 916 770 εὖ
933 742 1027 771 παθὼν

235 782 402 818 εὐχαριστεῖ,
420 783 468 811 καὶ
492 785 538 811 ἐπὶ
561 785 652 821 χάριτι
670 785 826 820 εὐχαριστεῖ
842 794 847 799 ’
867 786 884 820 ἡ
900 785 927 811 δὲ
947 785 1027 819 χάρις

234 824 285 851 οὐκ
300 825 394 860 ὀφειλὴ
409 826 470 853 οὐδὲ
489 827 590 863 ἀμοιϐὴ
613 827 674 854 οὐδὲ
694 827 826 858 ἀντίδοσις
836 836 842 842 ·
860 827 874 853 ὃ
889 825 1026 861 πανταχοῦ

235 866 286 901 μὲν
301 866 448 901 αναγκαῖον
463 867 564 902 λέγειν,
580 868 670 903 πολλῷ
679 868 706 894 δὲ
720 868 800 894 πλέον
815 869 862 894 ἐπὶ
876 868 1027 903 Κορινθίων

233 908 288 935 τῶν
302 909 457 944 κεχηνότων
472 910 539 945 πρὸς
559 911 622 942 τοὺς
642 910 820 944 διατεμόντας
841 910 891 945 τὴν
909 910 1026 945 Ἐκκλη-

234 950 304 978 σίαν.
325 950 367 984 Τῷ
381 951 441 984 Θεῷ
457 961 528 986 μου.
554 952 622 979 Ἀπὸ
643 952 744 987 πολλῆς
759 954 808 988 τῆς
830 952 975 983 διαθέσεως
995 952 1025 979 τὸ

232 991 322 1018 κοινὸν
343 993 460 1027 ἁρπάζει
484 994 532 1020 καὶ
557 994 742 1025 ίδιοποιεῖται,
767 994 782 1021 ὃ
804 994 850 1021 καὶ
871 995 1024 1029 προφήταις

231 1033 292 1065 εθος
308 1034 352 1060 ἀεὶ
362 1034 451 1069 λέγειν
465 1043 472 1050 ’
496 1036 522 1061 Ὀ
539 1035 620 1068 Θεὸς,
638 1037 655 1063 ό
672 1037 744 1069 Θεός
757 1045 825 1070 μου.
842 1037 896 1062 Καὶ
912 1037 951 1067 εἰς
962 1045 1025 1071 προα

231 1076 334 1111 τροπὴν
346 1077 444 1108 αὐτοὺς
461 1077 553 1111 ἐνάγει
564 1084 576 1097 ιι
590 1077 637 1104 τοῦ
653 1078 700 1104 καὶ
716 1078 814 1108 αὐτοὺς
830 1077 908 1104 τοῦτο
924 1078 1022 1111 λέγειν.

236 1117 266 1144 Ὁ
289 1117 343 1153 γὰρ
365 1117 437 1145 οὓτω
460 1118 556 1153 λέγων,
575 1119 628 1145 ἀπὸ
644 1119 752 1146 πάντων
774 1119 828 1146 τῶν
846 1119 1024 1155 ἀνθρωπίνων

230 1160 378 1196 ἀναχωρεῖ,
395 1160 443 1187 καὶ
464 1161 548 1195 χωρεῖ
563 1160 630 1195 πρὸς
644 1159 758 1190 ἐκεῖνον.
780 1161 808 1187 ὃν
830 1161 899 1196 μετὰ
923 1161 1024 1196 πολλῆς

230 1200 309 1228 καλεῖ
324 1201 375 1237 τῆς
390 1201 547 1233 διαθέσεως.
561 1202 646 1228 Τοῦτο
662 1201 716 1237 γὰρ
731 1201 843 1229 δύναται
856 1202 945 1236 λέγειν
957 1211 1024 1238 γνη-

231 1243 297 1275 σίως
315 1245 329 1271 ὁ
352 1244 406 1271 ἀπὸ
421 1243 475 1271 τῶν
497 1244 632 1279 βιωτικῶν
655 1244 808 1271 ἀναϐαίνων
829 1244 873 1270 ἀεὶ.
892 1245 958 1279 πρὸς
979 1245 1024 1271 τὸν

230 1285 306 1319 Θεὸν,
321 1286 367 1313 καὶ
379 1286 506 1314 ἁπάντων
521 1287 601 1313 αὑτὸν
617 1287 755 1321 προτιθεὶς
768 1287 894 1320 πάντοτε,
913 1287 960 1314 καὶ
977 1287 1023 1314 εὑ-

230 1328 368 1363 χαριστῶν
377 1328 519 1364 διηνεκῶς,
533 1328 581 1362 οὐχ
594 1328 663 1363 ὑπὲρ
677 1328 726 1363 τῆς
742 1328 792 1364 ἤδη
807 1328 931 1364 δοθείσης
946 1329 1024 1365 χάρι-

230 1377 287 1402 τος,
301 1369 358 1397 ἀλλ’
371 1369 399 1396 εί
412 1371 478 1396 ποτέ
496 1366 521 1397 τι
536 1370 583 1396 καὶ
607 1370 676 1405 μετὰ
698 1370 785 1397 ταῦτα
797 1370 901 1405 ἀγαθὸν
917 1372 1022 1406 γέγονε,

230 1412 278 1438 καὶ
293 1412 362 1447 ὑπὲρ
371 1412 468 1439 τούτου
481 1412 530 1447 τὴν
544 1412 629 1448 αὐτὴν
643 1413 773 1449 ἀναφέρει
787 1413 926 1449 εὐφημίαν
938 1414 1022 1449 αὐτῷ.

229 1453 280 1480 Διά
291 1453 370 1479 τοῦτο
383 1454 432 1489 οὐχ
446 1454 540 1486 ἁπλῶς
553 1451 639 1487 εἶπεν,
656 1455 831 1490 Εὑχαριστῶ,
845 1455 925 1488 ἀλλὰ,
943 1456 1023 1483 [Idr-

229 1503 298 1521 τοτε
312 1494 387 1528 ὑπὲρ
404 1494 498 1529 ὑμῶν,
523 1495 658 1522 παιδεύων
673 1496 772 1528 αὐτοὺς
794 1496 841 1523 καὶ
863 1497 908 1523 ἀεὶ
923 1497 1022 1525 εἰδέναι

229 1536 319 1572 χάριν,
336 1536 384 1563 καὶ
409 1536 504 1571 μηδενὶ
525 1538 611 1572 ἑτέρῳ
625 1536 674 1573 [9],
695 1538 753 1564 ἀλλ’
770 1538 786 1573 ἢ
800 1537 839 1573 τῷ
853 1538 914 1573 Θεῷ
930 1539 1021 1574 μόνον.

235 1578 303 1605 Ἐπὶ
324 1577 360 1612 τῇ
377 1577 475 1612 χάριτι
496 1579 550 1606 τοῦ
567 1579 650 1606 Θεοῦ.
678 1580 760 1616 Ὁρᾷς
779 1580 838 1612 πῶς
854 1582 1023 1617 πανταχόθεν

228 1620 328 1652 αὐτοὺς
342 1620 495 1656 διορθοῦται
508 1629 515 1654 ;
536 1621 621 1647 Ἔνθα
633 1620 688 1657 γὰρ
702 1623 782 1658 χάρις
797 1623 882 1657 ἐστὶν,
894 1624 962 1659 ἔργα
972 1625 1022 1652 οὐκ

228 1661 303 1688 ἔστιν
315 1669 322 1676 ·
339 1661 404 1688 ἔνθα
417 1661 496 1697 ἔργα,
513 1661 604 1689 οὐκέτι
616 1663 696 1698 χάρις
713 1664 798 1690 ἐστίν.
816 1665 847 1691 El
867 1666 957 1692 τοίνυν
970 1666 1021 1701 χά-

229 1711 282 1738 ρις,
293 1702 321 1729 τί
334 1703 406 1738 μέγα
420 1705 559 1738 φρονεῖτε;
574 1705 656 1731 πόθεν
670 1707 875 1741 πεφυσιωμένοι
889 1708 965 1741 ἐστέ;
982 1708 1022 1743 Τῇ

227 1746 352 1781 δοθείσῃ
374 1746 458 1781 ὑμῖν.
481 1747 536 1773 Καὶ
556 1747 600 1774 διὰ
617 1747 689 1779 τίνος
704 1748 800 1784 ἐδόθη;
822 1747 876 1785 ἄρα
892 1750 926 1777 δι1
941 1751 1020 1786 ἐμοῦ,

227 1789 245 1826 ἢ
263 1791 296 1817 δι’
314 1790 407 1826 ἐτέρου
432 1792 599 1824 ἀποστόλου;
622 1792 765 1828 Οὐδαμῶς,
785 1793 853 1820 ἀλλά
868 1794 911 1821 διὰ
934 1795 1021 1831 Ἰησοῦ

227 1832 347 1867 Χριστοῦ
360 1840 366 1847 ·
381 1832 411 1860 τὸ
429 1832 495 1869 γὰρ,
514 1833 567 1860 Ἔν
580 1833 696 1868 Χριστῷ
714 1835 827 1868 Ἰησοῦ,
843 1836 923 1862 τοῦτό
935 1836 1020 1864 ἐστιν.

229 1875 301 1910 Ὅρα
315 1874 374 1906 πῶς
390 1874 525 1910 πολλαχοῦ
539 1875 569 1902 τὺ
582 1895 589 1907 ,
609 1876 654 1909 ἐν,
672 1876 732 1903 ἀντί¹
747 1877 805 1910 τοῦ,
820 1877 857 1904 δι’
874 1876 922 1911 οὗ,
935 1880 1019 1906 ἐστίν.

228 1916 286 1943 Οὐκ
306 1917 361 1952 ἄρα
385 1917 497 1944 ἔλαττον
523 1918 602 1946 τοῦτο
627 1918 685 1951 τοῦ,
711 1918 770 1946 διά.
788 1920 852 1946 Ὅτι
877 1920 912 1947 ἐν
930 1921 1021 1948 παντὶ

226 1958 458 1993 ἐπλουτίσθητε.
483 1959 567 1986 Πάλιν
587 1959 633 1986 διὰ
652 1960 743 1993 τίνος;
769 1961 813 1988 Ἑν
832 1961 918 1998 αὐτῷ,
944 1963 1019 1999 φησί.

227 2000 283 2027 Καὶ
296 2000 345 2035 οὐχ
359 2000 454 2032 ἁπλῶς
473 2001 679 2037 ἐπλουτίσθητε,
689 2002 758 2029 ἀλλά
776 2003 824 2030 καὶ
850 2004 902 2031 Ἐν
918 2005 1019 2032 παντί.

229 2041 313 2068 Ὅταν
325 2039 372 2069 οὖν
386 2042 434 2069 καὶ¹
453 2042 568 2075 πλοῦτος
583 2041 611 2081 ᾖ,
633 2044 680 2071 καὶ
693 2044 761 2071 Θεοῦ
778 2046 904 2077 πλοῦτος,
924 2047 971 2073 καὶ
992 2048 1021 2073 ἐν

227 2084 320 2116 παντὶ,
335 2084 383 2111 καὶ¹
393 2084 438 2111 διὰ
451 2084 498 2111 τοῦ
517 2085 697 2120 Μονογενοῦς,
715 2087 842 2122 ἐννόησον
857 2087 902 2114 τὸν
917 2089 1021 2123 ἄφατον

227 2125 375 2167 θησαυρόν.
394 2126 446 2152 Ἑν
457 2127 547 2153 παντὶ
559 2127 639 2161 λόγῳ
650 2128 699 2154 καὶ
711 2128 794 2162 πάσῃ
807 2129 925 2164 γνώσει.
940 2131 1020 2167 Λόγῳ

226 2167 258 2194 οὐ
273 2167 313 2202 τῷ
326 2166 434 2200 ἔξωθεν,
448 2168 517 2195 ἀλλὰ
535 2168 575 2204 τῷ
589 2169 636 2195 τοῦ
656 2169 733 2196 Θεοῦ.
755 2171 832 2197 Ἐστι
852 2171 907 2207 γὰρ
920 2166 1020 2206 γνῶσις

227 2209 307 2244 λόγου
326 2209 421 2245 χωρὶς,
439 2210 486 2237 καὶ
507 2210 565 2237 ἔστι
577 2212 677 2245 γνῶσις
696 2211 764 2246 μετὰ
784 2212 875 2247 λόγου.
894 2215 949 2241 Καὶ¹
966 2215 1020 2251 γὰρ

227 2251 282 2291 τίσι
297 2251 390 2278 πολλοὶ
400 2251 502 2286 γνῶσιν
514 2252 564 2287 μὲν
576 2252 694 2287 ἔχοντες,
709 2253 787 2287 λόγον
798 2254 825 2280 δὲ
836 2255 885 2282 οὐκ
899 2255 1018 2291 ἔχοντες,

226 2289 284 2319 οἷον
299 2293 324 2320 οί
336 2292 449 2326 ἰδιῶται,
461 2294 509 2321 καὶ
522 2294 559 2330 μὴ
578 2294 721 2330 δυνάμενοι
739 2289 1020 2334 παραστῆσαι-σαφῶς

227 2335 300 2371 ἅπερ
321 2335 429 2371 ἔχουσιν
446 2337 474 2363 ἐν
488 2337 603 2372 διανοίᾳ.
629 2337 698 2363 Ἀλλ’
718 2338 767 2373 οὐχ
792 2339 872 2373 ὑμεῖς
891 2341 1016 2374 τοιοῦτοι,

227 2377 322 2414 φησὶν,
343 2378 412 2406 ἀλλά
426 2379 473 2406 καὶ
486 2379 580 2415 νοῆσαι
590 2380 636 2406 καὶ
653 2381 740 2406 εἰπεῖν
754 2381 851 2408 ἱκανοί.
867 2383 968 2415 Καθὼς
986 2383 1020 2411 τὸ

225 2420 391 2455 μαρτύριον
411 2421 466 2448 τοῦ
489 2421 617 2455 Χριστοῦ
639 2421 798 2455 ἐϐεϐαιώθη
815 2423 848 2449 ἐν
867 2424 948 2459 ὑμῖν,
975 2425 1019 2452 Ἐν

227 2462 303 2496 τάξει
322 2462 441 2490 ἐπαίνων
456 2463 504 2490 καὶ
518 2464 693 2498 εὐχαριστίας
715 2465 816 2500 σφόδρα
841 2466 932 2493 αὐτῶν
952 2467 1019 2494 καθ-

226 2504 354 2532 άπτεται,
369 2504 407 2531 Οὐ
423 2504 478 2540 γὰρ
496 2504 541 2531 διὰ
553 2505 604 2540 τῆς
623 2505 723 2538 ἔξωθεν
735 2506 904 2542 φιλοσοφίας,
923 2509 1018 2545 φησὶν,

225 2544 287 2571 οὐδὲ
300 2545 345 2587 δια
360 2546 410 2587 τῆς
427 2546 527 2579 ἔξωθεν
540 2546 720 2581 παιδεύσεως,
736 2548 802 2575 ἀλλά
817 2549 860 2576 διὰ
875 2550 924 2585 τῆς
939 2544 1018 2587 χάρι-

226 2594 273 2618 τος
290 2586 338 2612 τοῦ
356 2586 436 2618 Θεοῦ,
454 2588 500 2614 καὶ
517 2588 563 2614 τοῦ
576 2588 691 2616 πλούτου
704 2589 752 2616 καὶ
766 2591 815 2626 τῆς
829 2591 957 2625 γνώσεως
971 2586 1018 2620 καὶ

225 2628 275 2656 τοῦ
291 2628 369 2663 λόγου
384 2629 431 2656 τοῦ
449 2630 514 2665 παρ’
526 2630 609 2657 αὑτοῦ
620 2631 741 2663 δοθέντος
754 2633 904 2669 ἠδυνήθητε
922 2635 1018 2670 μαθεῖν

225 2670 261 2696 τὰ
282 2670 330 2705 τῆς
352 2671 479 2707 ἀληθείας
506 2673 627 2708 δόγματα
658 2674 703 2700 καὶ
727 2673 907 2710 βεϐαιωθῆναι
927 2678 967 2710 είς
987 2679 1017 2705 τὺ

229 2712 380 2747 μαρτύριον
396 2714 443 2740 τοῦ
460 2714 575 2749 Κυρίου,
601 2715 748 2748 τουτέστιν,
770 2717 809 2748 εἰς
826 2717 856 2743 τὸ
874 2719 1016 2754 κήρυγμα.

227 2754 336 2781 Πολλῶν
353 2755 407 2791 γὰρ
433 2756 605 2783 ἀπεὶαύσατε
628 2757 760 2792 σημείων,
782 2759 887 2786 πολλῶν
910 2761 1017 2797 θαυμά·

226 2805 291 2830 των,
312 2798 415 2833 ἀφάτου
427 2799 547 2834 χάριτος,
561 2798 630 2826 ὥστε
642 2799 770 2832 δέξασθαι
786 2801 817 2828 τὸ
830 2802 972 2838 κήρυγμα.
986 2805 1016 2831 Et

226 2839 316 2866 τοίνυν
333 2840 515 2876 ἐϐεϐαιώθητε
532 2841 576 2868 διὰ
593 2842 714 2877 σημείων
730 2843 778 2870 καὶ
796 2844 907 2881 χάριτος
918 2866 926 2878 ,
944 2846 1017 2879 τίνος

226 2881 320 2908 ἕνεκεν
334 2884 557 2918 παρασαλεὺεσθε
571 2893 577 2917 ;
593 2885 684 2912 Ταῦτα
698 2885 726 2913 δὲ
736 2886 804 2922 ὁμοῦ
819 2887 866 2915 καὶ
878 2888 1015 2918 καθαπτο-

258 2957 266 2969 ⁸
279 2958 339 2991 Ᾱίὶἰ,
352 2961 441 2991 ἀνάγει.

1083 281 1173 316 μένου,
1194 282 1241 308 καὶ
1254 281 1564 318 προκαταλαμϐὼοντος
1580 281 1680 314 αὐτούς
1697 283 1755 309 ἐστι
1769 283 1805 309 τὰν
1821 284 1870 319 ῥή-

1081 332 1164 358 ματα.
1181 323 1271 350 Ὥστε
1288 323 1367 358 ὑμᾶς
1377 323 1420 358 μὴ
1437 324 1628 358 ὑστερεῖσθαι
1642 324 1676 350 ἐν
1688 323 1796 358 μηδενί
1814 334 1869 360 χα-

1075 365 1209 400 ρίσματι.
1217 366 1298 400 Μέγα
1311 365 1429 393 ἐνταῦθα
1438 365 1559 401 ζητεῖται
1569 374 1575 381 ·
1587 367 1612 393 εί
1624 366 1650 392 οι
1661 365 1868 398 πλουτισθέντες

1079 407 1108 433 ἐν
1120 407 1202 434 παντὶ
1221 407 1303 442 λόγῳ,
1318 407 1356 439 ὡς
1375 408 1458 443 μηδὲν
1476 407 1649 443 ὑστερεῖσθαι
1663 408 1692 434 ἐν
1709 407 1803 443 μηδενὶ
1819 417 1866 443 χα-

1079 447 1203 484 ρίσματι,
1221 449 1281 481 πῶς
1297 446 1370 476 οὗτοι
1388 449 1515 486 σαρκικοί
1529 450 1608 476 εἰσιν.
1622 450 1652 476 Εί
1665 449 1719 484 γὰρ
1734 449 1809 485 παρὰ
1819 449 1866 485 τὴν

1079 490 1166 525 ἀρχὴν
1175 490 1291 517 τοιοῦτοι
1303 488 1383 527 ἦσαν,
1397 490 1487 526 πολλῷ
1500 491 1600 526 μᾶλλον
1611 490 1669 518 νῦν.
1682 491 1744 523 Πῶς
1760 490 1806 518 οὗν
1816 491 1867 518 αύ-

1078 531 1141 563 τοὺς
1161 532 1308 567 σαρκικοῦς
1323 532 1418 566 καλεῖ;
1438 534 1478 560 οὐ
1493 532 1548 568 τὰρ
1563 532 1721 567 ἠδυνήθην
1733 533 1804 568 ὑμῖν
1815 535 1866 560 Ja-

1082 573 1183 607 λῆσιιι,
1199 574 1291 610 φησὶν,
1315 574 1355 607 ὡς
1373 575 1594 610 πνευματικοῖς,
1609 575 1679 602 ἀλλ’
1701 575 1741 608 ὡς
1763 582 1865 610 σαρκιι-

1078 614 1154 648 κοῖς.
1171 615 1203 642 Τί
1218 613 1264 643 οὖν
1284 615 1358 643 ἔστιν
1374 617 1479 649 είπεῖν;
1492 617 1553 643 Ὅτι
1567 617 1643 652 παρὰ
1654 616 1703 652 τὴν
1722 617 1810 652 ἀρχὴν
1823 625 1866 643 πι-

1079 656 1249 689 στεύσαντες,
1260 658 1309 684 καὶ
1328 658 1462 685 παντοίων
1475 659 1488 678 ι)
1499 659 1673 694 ἐπιτυχόντες
1689 658 1866 694 χαρισμάτων

1079 697 1138 732 (καὶ
1151 699 1205 734 γὰρ
1219 699 1331 735 ἐζήλουν
1347 700 1438 736 αὐτὰ),
1455 699 1568 736 ὕστερον
1590 700 1771 736 ῥᾳθυμότεροι
1788 701 1866 734 γεγό-

1078 748 1154 766 νασιν
1167 749 1174 756 ·
1191 741 1207 777 ἣ
1234 742 1258 768 εἰ
1278 741 1316 777 μὴ
1333 742 1422 774 τοῦτο,
1448 743 1489 769 ὅτι
1514 743 1555 769 οὺ”
1568 743 1638 778 πρὸς
1656 742 1781 774 ἅπαντας
1804 742 1865 769 οὖτα

1077 781 1162 808 ταῦτα
1174 782 1236 809 οὔτε
1257 784 1349 810 ἐκεῖνα
1369 784 1492 818 λέγεται·
1509 784 1577 811 ἀλλὰ
1592 784 1626 811 τὰ
1646 784 1696 819 μὲν
1721 784 1790 819 πρὸς
1803 784 1866 815 τοὺς

1077 823 1245 856 ὑπευθύνους
1258 826 1317 857 ταῖς
1336 825 1527 861 κατηγορίαις,
1550 826 1585 853 τά
1603 825 1631 852 δὲ
1652 826 1721 861 πρὸς
1736 826 1799 857 τοὺς
1819 834 1866 852 κο-

1078 865 1187 900 μῶντας
1199 868 1256 899 τοῖς
1266 867 1398 899 ἐπαίνοις.
1411 868 1472 894 Ὂτι
1489 867 1543 903 γὰρ
1557 866 1629 903 εἶχον
1641 867 1681 894 ἔτι
1696 867 1864 903 χαρίσματα,

1079 909 1204 942 Ψαλμόν
1219 918 1264 942 τις
1278 909 1351 944 ἔχει,
1366 910 1458 945 φησὶν,
1469 910 1666 944 ἀποκάλυψιν
1679 910 1752 944 ἔχει,
1766 908 1864 944 γλῶσ-

1076 960 1136 979 σαν
1147 954 1219 988 ἕχει,
1235 954 1397 988 ἑρμηνείαν
1408 954 1470 989 ἔχει
1481 961 1487 967 ·
1502 953 1601 980 πάντα
1614 953 1690 987 πρὸς
1703 952 1866 986 012506071131-

1075 995 1203 1029 γινέσθω
1216 1003 1222 1010 ·
1235 996 1292 1028 καὶ,
1305 995 1459 1030 Προρῆται
1475 994 1510 1022 δὲ
1528 995 1582 1022 δύο
1600 995 1619 1029 ἢ
1633 995 1710 1028 τρεῖς
1724 994 1866 1021 ,λαλείτωο

1075 1044 1144 1063 σαν.
1165 1037 1242 1064 Ἔστι
1260 1037 1287 1064 δὲ
1309 1038 1356 1064 καὶ
1373 1037 1466 1072 ἕτερον
1482 1046 1508 1064 τι
1527 1037 1625 1069 εἰπεῖν,
1640 1037 1681 1063 ὅτι
1697 1036 1793 1071 ὥσπερ
1806 1035 1866 1067 ἔθος

1074 1080 1140 1114 ἡμῖν
1154 1079 1243 1113 λέγειν
1253 1079 1283 1106 τὸ
1297 1080 1377 1106 πλέον
1388 1080 1470 1109 ἅπαν,
1488 1079 1559 1105 οὕτω
1574 1079 1619 1106 καὶ
1630 1078 1746 1105 ἐνταῦθα
1759 1078 1863 1113 εἴρηκε.

1075 1121 1153 1148 Μετὰ
1171 1122 1199 1148 δὲ
1212 1122 1317 1148 τούτων
1334 1120 1411 1157 οἶμαι
1425 1122 1474 1149 καὶ
1486 1122 1517 1148 τὸ
1529 1121 1627 1148 ἑαυτοῦ
1648 1121 1729 1148 αὑτὸν
1747 1121 1865 1147 αἰνίττε-

1075 1163 1147 1195 σθαι,
1164 1164 1204 1190 ὅτι
1225 1165 1272 1191 καὶ¹
1294 1164 1374 1197 αὐτὸς
1392 1164 1427 1191 τὰ
1445 1165 1545 1200 σημεῖα
1561 1164 1726 1195 ἐπεδείξατο,
1740 1163 1865 1198 καθάπερ

1074 1205 1120 1231 καὶ
1135 1205 1163 1232 ὲν
1181 1207 1212 1241 τῇ
1230 1205 1342 1242 δευτέρα
1358 1205 1425 1241 πρὸς
1444 1206 1542 1237 αὐτοὺς
1555 1205 1698 1240 Ἐπιστολῇ
1715 1205 1788 1238 λέγει
1800 1214 1807 1220 ·
1827 1205 1866 1231 Τὰ

1071 1246 1175 1281 μέντοι
1199 1247 1309 1281 σημεῖα
1333 1248 1385 1275 τοῦ
1412 1248 1588 1275 ἀποστόλου
1610 1246 1808 1281 κατειργάσθη
1831 1246 1865 1273 ὲν

1073 1288 1145 1323 ὑμῖν
1154 1289 1190 1316 ἐν
1201 1289 1285 1323 πάσῃ
1301 1289 1441 1323 ὑπομονῇ
1453 1297 1460 1304 ·
1479 1289 1527 1316 καὶ
1543 1289 1634 1320 πάλιν,
1653 1288 1686 1315 Τί
1704 1288 1759 1322 γάρ
1778 1288 1865 1315 ἐστιν

1074 1329 1089 1357 ὃ
1109 1331 1259 1365 ἠττήθητε
1282 1330 1358 1365 ὑπὲρ
1379 1331 1433 1364 τὰς
1452 1330 1561 1363 λοιπὰς
1587 1330 1789 1363 Ἑκκλησίας;
1817 1329 1863 1362 Ἣ,

1074 1372 1132 1408 [10]
1143 1373 1212 1409 ὅπερ
1224 1372 1302 1409 ἔφην,
1318 1373 1365 1399 καὶ
1378 1373 1432 1400 τῶν
1446 1372 1545 1400 ἑαυτοῦ
1562 1372 1776 1407 ἀναμιμνήσκει,
1788 1371 1805 1407 ἦ
1818 1371 1864 1398 καὶ

1073 1414 1141 1450 πρὸς
1155 1415 1218 1446 τοὺς
1232 1414 1272 1441 ἔτι
1282 1414 1362 1447 ὄντας
1372 1415 1498 1450 δοκίμους
1508 1414 1594 1441 ταῦτα
1606 1414 1691 1448 λέγει.
1706 1411 1797 1440 τΗοάν
1809 1413 1864 1449 γὰρ

1073 1456 1166 1483 πολλοὶ
1185 1456 1257 1491 ἆγιοι
1277 1457 1376 1490 ἐκεῖσε,
1393 1457 1492 1488 οἵτινες
1514 1456 1562 1483 κα)⁸
1579 1455 1676 1489 ἔταξαν
1691 1456 1803 1486 ἑαυτοὺς
1823 1456 1863 1486 εὶς

1072 1498 1209 1525 διακονίαν
1231 1497 1285 1524 τῶν
1310 1497 1406 1532 ἁγίων,
1432 1498 1480 1524 καὶ
1511 1497 1623 1534 ἀπαρχὴ
1655 1497 1783 1532 γεγόνασι
1815 1496 1864 1530 τῆς

1079 1540 1200 1575 Ἀχαΐας,
1223 1539 1347 1575 καθάπερ
1365 1540 1432 1575 πρὸς
1445 1539 1484 1575 τῷ
1504 1539 1576 1566 τέλει
1598 1539 1681 1574 δηλοῖ.
1699 1537 1804 1569 ’Ἄλλως
1823 1537 1863 1569 δὲ,

1072 1581 1125 1608 κᾶν
1142 1581 1180 1616 μὴ
1201 1581 1304 1617 σφόδρα
1325 1582 1375 1617 τῆς
1398 1581 1529 1617 ἀληθείας
1555 1581 1670 1617 ἔχωνται
1694 1581 1719 1608 οἰ
1747 1580 1863 1610 ἔπαινοι,

1072 1623 1130 1649 ἀλλ’
1146 1624 1219 1659 ὅμως
1232 1623 1411 1658 οἰκονομικῶς
1427 1623 1563 1658 ἕγκεινται
1580 1621 1816 1658 προοδοποιοῦντες
1825 1621 1864 1656 τῷ

1071 1664 1153 1701 λόγῳ.
1179 1665 1209 1692 ’0
1236 1665 1285 1701 μὲν
1308 1665 1363 1701 γὰρ
1387 1666 1419 1691 ὲκ
1447 1664 1598 1701 προοιμίων
1623 1664 1722 1695 εὐθέως
1747 1663 1864 1698 φορτικά

1072 1706 1267 1743 φθεγγόμενος,
1285 1706 1430 1733 ἀπέκλεισε
1446 1707 1503 1738 τοῖς
1516 1705 1606 1740 λόγοις
1620 1705 1669 1740 τὴν
1687 1705 1772 1740 ἀκοὴν
1787 1704 1865 1739 παρὰ

1071 1750 1128 1781 τοῖς
1151 1749 1368 1785 ἀσθενεστέροις.
1396 1749 1446 1775 Ἀν
1468 1757 1498 1775 τε
1523 1748 1577 1784 γὰρ
1600 1748 1727 1783 ὁμότιμοι
1746 1744 1813 1774 ὦσιν
1838 1746 1864 1772 οί
1909 1772 1917 1777 χ

1071 1792 1225 1824 ἀκούοντες,
1239 1790 1394 1827 ὀργίζονται
1407 1799 1413 1806 ·
1425 1789 1458 1817 ἄν
1467 1798 1497 1816 τε
1510 1790 1611 1825 σφόδρα
1627 1789 1764 1821 ἐλάττους,
1777 1788 1865 1823 λυπηο

1072 1833 1211 1870 θήσονται.
1227 1833 1277 1860 ”Ιν“
1296 1831 1342 1860 οὖν
1361 1832 1398 1868 μὴ
1419 1832 1497 1859 τοῦτο
1510 1832 1634 1867 γένηται,
1649 1831 1703 1858 ἀπὸ
1718 1830 1864 1865 ἐγκωμίων

1071 1876 1219 1903 δοκούντων
1242 1873 1311 1901 εἷναι
1329 1875 1445 1901 ποιεῖται
1467 1873 1515 1909 τὴν
1538 1874 1635 1909 ἀρχήν,
1654 1873 1720 1900 Οὐδὲ
1740 1872 1793 1907 γὰρ
1819 1872 1865 1906 ἐγ-

1071 1918 1175 1953 κώμιον
1189 1917 1268 1944 τοῦτο
1287 1914 1320 1952 ἦν
1332 1917 1433 1948 αὐτῶν,
1452 1916 1519 1943 ἀλλὰ
1533 1917 1581 1951 τῆς
1595 1916 1641 1942 τοῦ
1656 1914 1723 1942 Θεοῦ
1734 1915 1844 1950 χάριτος
1855 1921 1862 1931 ’

1071 1962 1101 1988 τὸ
1123 1960 1177 1995 γὰρ
1202 1959 1411 1996 ἁμαρτημάτων
1435 1958 1569 1994 ἀφεθῆναι
1593 1958 1640 1984 καὶ
1672 1955 1862 1990 δικαιωθῆναι,

1071 2003 1150 2030 τοῦτο
1163 2003 1213 2038 τῆς
1236 2002 1339 2029 ἄνωθεν
1356 1999 1390 2037 ἦν
1406 2001 1521 2036 δωρεᾶς.
1539 2000 1589 2027 Διά
1600 2009 1641 2026 τοι
1660 1999 1738 2026 τοῦτο
1757 1999 1804 2025 καὶ
1821 1999 1864 2024 ἐν-

1070 2044 1202 2081 διατρίϐει
1216 2044 1332 2075 τούτοις,
1347 2042 1365 2070 ἃ
1377 2042 1424 2069 τοῦ
1444 2042 1512 2069 Θεοῦ
1523 2042 1642 2068 δείκνυσι
1656 2041 1704 2076 τὴν
1714 2040 1864 2076 φιλανθρω·

1071 2086 1147 2118 πίαν,
1169 2086 1213 2112 ἵνα
1236 2085 1376 2112 ἐπιπλεῖον
1400 2084 1491 2112 αὐτῶν
1518 2083 1659 2119 ἐκκαθάρῃ
1687 2082 1717 2109 τὸ
1744 2083 1861 2117 νόσημα.

1077 2126 1346 2162 Ἀπεκδεχομένους
1373 2126 1430 2159 τὴν
1457 2125 1656 2159 ἀποκάλυψιν
1676 2124 1730 2151 τοῦ
1750 2124 1863 2157 Kvplou

1070 2169 1156 2205 ἡμῶν
1181 2169 1282 2203 Ἰησοῦ
1294 2168 1434 2203 Χριστοῦ.
1452 2168 1485 2194 Τί
1501 2167 1670 2202 θορυϐεῖσθε,
1684 2165 1763 2201 φησὶ,
1777 2166 1803 2192 τί
1815 2174 1864 2192 τα-

1072 2212 1215 2247 ράσσεσθε,
1240 2212 1281 2238 ὅτι
1301 2211 1332 2238 οὐ
1360 2211 1477 2246 πάρεστι
1500 2210 1639 2245 Χριστός;
1661 2209 1782 2243 Πάρεστι
1813 2209 1863 2243 μὲν

1070 2251 1127 2286 οὗν,
1141 2253 1188 2280 καὶ
1202 2254 1219 2288 ἡ
1235 2253 1328 2289 ἡμέρα
1339 2252 1431 2279 λοιπὸν
1449 2252 1496 2278 ἐπὶ
1510 2251 1616 2287 θύραις,
1632 2251 1688 2278 Καὶ
1701 2250 1797 2277 σκόπει
1813 2250 1864 2285 τὴν

1071 2294 1177 2330 σοφίαν,
1193 2294 1251 2326 πῶς
1260 2294 1357 2325 αὐτοὺς
1371 2293 1523 2328 ἀπαγαγὼν
1534 2292 1589 2319 τῶν
1600 2291 1789 2328 ἀνθρωπίνων,
1799 2292 1864 2326 ἐφό-

1069 2336 1154 2372 ϐησεν
1164 2336 1324 2371 ἀναμνήσας
1340 2335 1386 2362 τοῦ
1403 2335 1523 2370 βήματος
1540 2334 1587 2362 τοῦ
1608 2333 1735 2369 φοϐεροῦ,
1752 2333 1800 2360 καὶ
1812 2333 1864 2360 δεί-
1910 2340 1914 2342 ·

1070 2379 1129 2413 ξας,
1146 2379 1187 2405 ὃτι
1205 2378 1236 2404 οὐ
1251 2378 1402 2414 προοιμίων
1416 2378 1456 2404 δεῖ
1472 2377 1552 2413 μόνον
1572 2377 1710 2413 χρηστῶν,
1728 2376 1795 2403 ἀλλὰ
1814 2377 1863 2403 καὶ

1069 2420 1173 2452 τέλους.
1194 2421 1240 2447 Δεῖ
1254 2420 1308 2455 γὰρ
1325 2419 1393 2455 μετά
1409 2419 1463 2445 τῶν
1480 2419 1658 2454 χαρισμάτων
1674 2417 1789 2450 τούτων,
1813 2418 1862 2444 καὶ

1069 2463 1119 2498 τῆς
1132 2462 1215 2498 ἄλλης
1236 2462 1348 2498 ἀρετῆς,
1369 2462 1419 2497 τὴν
1431 2461 1540 2497 ἡμέραν
1556 2460 1712 2496 ἀναμνῆσαι
1726 2461 1835 2494 ἐκείνην
1852 2467 1859 2473 ·

1070 2504 1118 2531 κοιλ⁸
1144 2503 1252 2530 πολλῶν
1271 2503 1351 2539 χρεία
1368 2503 1467 2536 πόνων,
1485 2502 1556 2529 ὥστε
1580 2502 1727 2539 δυνηθῆναι
1746 2501 1814 2537 πρὸς
1830 2502 1862 2528 τὸ

1069 2545 1145 2577 τέλος
1161 2545 1258 2572 ἐλθεῖν.

1105 2587 1137 2622 β’.
1165 2587 1347 2623 Ἀποκάλυψιν
1362 2587 1391 2614 δέ
1413 2586 1497 2621 λέγει,
1514 2587 1621 2618 δεικνὺς
1642 2587 1682 2613 ὅτι
1705 2585 1728 2612 εἰ
1753 2586 1801 2612 καὶ
1822 2586 1863 2622 μὴ

1068 2630 1177 2666 ὁρᾶται,
1187 2629 1245 2656 ἀλλ’
1257 2629 1325 2661 ἐστι,
1336 2630 1383 2656 καὶ
1392 2629 1508 2665 πάρεστι
1518 2629 1564 2656 καὶ
1575 2628 1633 2662 νῦν,
1642 2628 1689 2655 καὶ
1701 2629 1761 2655 τότε
1773 2628 1860 2663 φανή-

1070 2681 1157 2699 σεται.
1179 2672 1333 2708 ’Υπομονῆς
1347 2670 1394 2698 οὖν
1411 2671 1507 2706 χρεία·
1523 2671 1568 2698 δια
1582 2670 1660 2697 τοῦτο
1678 2671 1732 2705 γὰρ
1747 2669 1860 2697 ἐλάϐετε

1069 2715 1103 2742 τὰ
1117 2714 1254 2750 θαύματα,
1266 2715 1309 2742 ἵνα
1323 2714 1431 2749 μείνητε
1447 2714 1559 2748 βέϐαιοι.
1578 2715 1628 2746 Ὃς
1640 2713 1689 2739 καὶ
1699 2712 1860 2745 ,βεϐαιώσει

1069 2756 1146 2791 ὑμᾶς
1170 2756 1224 2789 ἕως
1253 2756 1360 2788 τέλους
1386 2755 1601 2789 ἀνεγκλήτους.
1630 2754 1762 2781 Ἐνταῦθα
1786 2754 1862 2781 δοκεῖ

1071 2799 1120 2833 μὲν
1134 2798 1233 2829 αὐτοὺς
1248 2797 1422 2833 θεραπεύειν,
1447 2796 1538 2831 πάσης
1556 2796 1584 2823 δὲ
1604 2796 1749 2827 κολακείας
1768 2796 1857 2828 ἀπήλ-

1067 2840 1164 2867 λακται
1176 2840 1206 2866 τὸ
1217 2840 1374 2874 λεγόμενον.
1395 2838 1450 2864 Καὶ
1465 2838 1518 2874 γὰρ
1529 2836 1598 2865 οἶδεν
1612 2838 1703 2865 αὐτῶν
1716 2839 1856 2866 καθάπτε-

1068 2881 1139 2913 σθαι,
1155 2882 1192 2913 ὡς
1203 2882 1266 2908 ὅταν
1281 2881 1348 2917 λέγῃ
1358 2889 1365 2896 ’
1385 2880 1435 2912 Ὠς
1446 2880 1489 2915 μὴ
1498 2880 1661 2915 ἐρχομένου
1673 2880 1707 2906 δέ
1715 2890 1772 2915 (ιου
1782 2881 1857 2915 πρὸς

1099 2968 1114 2988 δ
1127 2967 1268 3000 Legebatur
1281 2968 1384 2999 πάντων,
1408 2970 1433 2991 et
1461 2973 1526 2997 mox,
1541 2966 1578 2990 καὶ
1597 2966 1639 2997 γὰρ
1652 2966 1787 2994 ἑζηλοῦνῑο.
