2060 3111
143 141 169 167 l7
708 142 742 170 IN
760 140 867 170 EPIST.
890 141 910 168 l.
931 141 977 168 AD
996 140 1072 170 COR.
1094 142 1207 171 HOMIL.
1231 143 1262 171 ll.
1749 149 1782 177 18

933 192 1663 205 Ἣ

850 219 1022 251 HOMILIA
1043 222 1084 252 Π.

142 299 200 326 (ῖιιι.
217 299 243 325 l.
262 306 290 325 v.
309 299 338 326 ΑΙ.
355 298 461 326 Gratias
472 306 520 332 ago
532 299 587 324 Deo
600 304 654 324 meo
668 304 767 331 semper
785 303 831 330 pro
845 295 913 321 tabis
927 314 935 326 ,

175 345 204 371 de
216 345 303 380 gratia
324 344 383 376 Dei,
399 351 457 379 quin
479 344 538 370 data
558 348 593 370 est
611 342 679 370 vobis
692 342 720 369 in
741 341 841 369 Christo
854 340 915 367 Jesu
927 348 937 367 :

177 392 202 419 5.
218 391 279 426 quia
294 392 322 418 in
334 391 404 418 omni
421 391 508 417 divites
521 389 582 425 facti
597 389 656 416 estis
666 389 691 415 in
701 388 757 415 illo.

179 439 204 465 L
224 436 324 464 Gratia:
342 437 399 464 Deo
420 434 666 472 agendae—Quod
680 434 747 461 alios
765 433 886 460 hortatur
909 437 937 460 ut

148 485 240 512 faciant
250 491 313 511 cum
329 483 396 510 dicit
409 492 415 509 :
430 482 462 509 In
476 482 617 518 gratiarum
631 481 729 507 actione
749 480 879 512 petitiones
892 487 935 506 υθ-

146 536 202 557 stne
215 531 376 556 innotescunt
387 529 456 563 apud
466 528 568 560 Deum;
584 527 635 554 hoc
648 526 734 561 ipsum
751 525 795 552 ille
811 525 934 557 faciebat,

146 577 243 604 docens
257 583 307 603 nos
318 575 353 602 ab
367 574 520 609 hujusmodi
536 580 643 608 semper
657 571 746 599 verbis
760 571 879 606 incipere
889 592 896 601 .
909 575 936 598 et

145 628 205 650 ante
224 622 314 650 omnia
333 621 388 648 Deo
403 620 503 656 gratias
517 627 605 655 agere.
621 618 693 646 Nihil
709 619 780 645 enim
796 622 848 645 tam
864 622 937 645 amat

148 670 227 702 Deus,
242 676 322 704 quam
342 672 371 695 ut
385 672 460 702 grato
482 666 577 694 animo’
587 666 688 698 simus,
703 670 730 692 et
748 672 796 699 pro
815 664 893 692 nobis
907 669 935 691 et

146 723 193 750 pro
207 716 277 743 aliis.
292 714 408 749 Ideoque
424 714 450 741 in
464 713 537 740 omni
558 711 615 739 fere
625 711 738 746 epistola
753 711 802 738 hoc
817 711 934 746 praemit-

146 763 189 794 tit;
201 761 247 788 hic
256 769 320 789 vero
330 761 416 795 magis
425 758 577 787 necessario
589 757 639 784 hoc
650 757 723 789 facit,
735 764 813 791 quam
827 756 852 783 in
864 755 932 784 aliis.

146 808 209 835 Nam
223 809 268 843 qui
287 807 386 842 gratias
398 811 463 842 agit,
477 810 507 833 ut
517 804 647 833 beneﬁcio
662 804 774 831 aﬁ'ectus
786 804 809 830 id
824 803 893 838 agit,
908 807 935 830 et

146 854 257 889 gratiam
269 854 354 889 gratia
367 852 501 887 rependit.
515 851 605 879 Gratia
618 857 683 878 vero
696 858 745 877 nec
754 849 871 877 debitum
885 856 934 876 nec

147 908 250 928 merces
262 907 312 927 nec
325 898 466 926 retributio
477 901 527 925 est.
543 896 618 931 Quod
635 896 731 932 ubique
741 895 830 923 dicere
841 902 934 922 neces-

145 955 174 974 se
189 951 261 980 erat,
281 945 397 973 maxime
411 951 476 971 vero
489 942 636 971 Corinthiis
647 963 655 975 ,
679 942 724 977 qui
745 941 881 968 inhiabant
900 940 932 967 ad

145 1000 200 1022 eos,
217 991 262 1026 qui
276 990 434 1018 scindebant
454 988 612 1016 Ecclesiam.
630 987 682 1014 Deo
696 995 760 1014 meo.
778 986 819 1014 Ex
834 986 932 1021 ingenti

145 1040 239 1066 allectu
253 1038 323 1073 quod
340 1044 484 1065 commune
495 1039 552 1063 erat
572 1035 661 1070 rapit,
677 1038 705 1062 et
727 1034 778 1062 sibi
797 1033 932 1069 proprium

145 1086 224 1118 facit;
239 1085 310 1120 quod
323 1085 402 1111 etiam
418 1082 556 1118 prophetae
570 1089 677 1116 semper
690 1080 778 1108 dicere
791 1080 913 1108 solebant
925 1089 931 1106 :

144 1131 224 1164 Deus,
238 1131 308 1158 Deus
317 1138 396 1157 meus.
414 1129 594 1163 Hortaturque
608 1128 669 1155 illos
680 1131 708 1154 ut
721 1126 772 1154 hoc
792 1126 878 1161 ipsum
891 1125 933 1152 di-

143 1183 213 1205 cant.
225 1177 292 1205 Nam
306 1176 350 1212 qui
363 1176 399 1203 ita
413 1175 549 1211 loquitur,
564 1173 598 1202 ab
610 1173 733 1201 humanis
748 1172 873 1200 omnibus
888 1179 932 1199 re-

143 1223 229 1256 cedit,
251 1227 278 1250 et
297 1222 330 1250 ad
350 1222 426 1249 illum
442 1221 541 1253 tendit,
558 1227 638 1255 quem
651 1227 711 1246 cum
734 1218 829 1246 aﬁ‘ectu
850 1217 934 1245 multo

143 1275 230 1297 vocat.
248 1269 304 1297 Hoc
317 1269 388 1296 enim
403 1268 510 1304 proprie
523 1271 550 1295 et
561 1274 626 1295 vere
635 1266 727 1294 dicere
740 1270 827 1300 potest
841 1265 874 1298 is,
888 1264 933 1300 qui

141 1324 154 1343 a
169 1315 346 1343 smcularibus
359 1314 442 1342 rebus
461 1313 494 1341 ad
512 1313 596 1340 Deum
612 1319 720 1347 semper
741 1311 862 1339 ascendit
877 1331 885 1344 ,
907 1315 935 1338 et

145 1363 244 1396 ubique
263 1362 337 1388 illum
365 1360 490 1388 omnibus
509 1358 657 1394 pratponit,
679 1357 783 1392 ipsique
805 1360 934 1392 perpetuo

142 1409 242 1444 gratias
255 1408 320 1442 agit,
335 1415 388 1434 non
407 1406 494 1433 solum
512 1405 546 1433 de
562 1405 646 1440 gratia
667 1404 721 1438 jam
746 1403 826 1435 data;
845 1402 891 1430 sed
911 1402 934 1429 si

141 1454 202 1490 quid
215 1457 309 1489 postea
320 1452 382 1480 boni
398 1451 495 1479 factum
509 1451 553 1482 sit.
566 1457 615 1486 pro
626 1457 659 1477 eo
670 1450 749 1477 etiam
763 1448 870 1476 laudem
884 1448 933 1483 ipsi

142 1501 234 1528 refert.
250 1499 314 1527 Ideo
328 1506 382 1526 non
396 1498 482 1526 solum
496 1495 572 1530 dixit,
589 1496 694 1524 Gratias
707 1503 766 1531 ago.
782 1495 829 1522 sed
840 1494 932 1527 etiam,

141 1547 249 1582 Semper
260 1554 308 1580 pro
321 1545 400 1577 vobis,
416 1551 466 1571 nos
481 1543 623 1570 instituens
635 1563 642 1575 ,
657 1547 687 1569 ut
701 1542 739 1569 illi
753 1548 859 1576 semper
873 1547 934 1575 gra-

140 1595 191 1622 tias
204 1593 354 1621 habeamus
366 1613 374 1624 ,
389 1591 544 1626 neminique
566 1589 643 1617 alteri
656 1610 664 1622 ,
680 1588 727 1616 sed
751 1588 805 1615 Deo
819 1591 931 1615 tantum.

140 1641 180 1667 Dc
193 1641 276 1675 gratia
291 1638 349 1666 Dei.
362 1637 457 1665 Viden'
472 1635 606 1672 quomodo
620 1634 791 1670 illoslubique
806 1633 939 1668 corrigat?

141 1686 191 1713 Uhi
206 1685 278 1713 enim
289 1689 331 1712 est
341 1683 438 1718 gratia,
453 1690 506 1709 non
520 1685 583 1708 sunt
595 1688 676 1716 opera
689 1689 696 1707 :
709 1679 752 1706 ubi
768 1683 829 1707 sunt
839 1685 931 1713 opera,

141 1739 194 1758 non
206 1736 246 1758 est
261 1730 375 1765 amplius
391 1729 487 1765 gratia.
503 1727 532 1755 Si
545 1734 611 1761 ergo
626 1725 710 1761 gratia
724 1746 731 1759 ,
752 1732 836 1760 quare
849 1724 932 1751 altum

141 1776 255 1812 sapitis?
269 1783 318 1803 our
336 1774 420 1802 inﬂati
433 1774 498 1801 estis
511 1773 522 1800 ?
540 1773 604 1806 Quae
616 1772 676 1799 data
695 1776 732 1798 est
750 1771 828 1798 vobis.
840 1770 874 1797 Et
887 1777 933 1804 per

141 1831 218 1858 quem
230 1822 292 1850 data
306 1821 369 1849 est?
381 1828 416 1848 an
429 1827 478 1855 per
488 1827 540 1851 me,
556 1826 589 1845 an
605 1825 652 1852 per
665 1817 746 1844 alium
762 1815 933 1851 apostolum?

139 1869 313 1904 Nequaquam
326 1889 334 1901 ,
350 1867 397 1895 sed
411 1874 458 1902 per
471 1865 564 1893 Jesum
579 1864 717 1892 Christum
734 1872 740 1890 :
758 1863 823 1890 illud
839 1863 910 1890 enim
923 1883 931 1894 ,

140 1915 172 1942 In
187 1914 286 1942 Christo
300 1913 363 1940 Jesu
375 1935 382 1945 ,
397 1913 447 1939 hoc
461 1911 602 1947 signiﬁcat.
627 1910 694 1938 Vide
712 1909 847 1944 quomodo
862 1916 933 1943 szepe

138 1959 217 1992 illud,
232 1960 269 1993 in,
285 1967 333 1994 pro
348 1959 403 1990 illo,
418 1966 462 1993 per
474 1965 557 1993 quem,
574 1961 698 1992 ponatur.
712 1956 769 1983 Non
786 1955 874 1982 minus
887 1962 932 1982 er-

139 2013 173 2040 go
188 2010 229 2032 cst
247 2012 326 2039 quam
348 2012 402 2039 per.
432 2003 506 2037 Quod
529 2003 555 2029 in
579 2002 647 2029 omni
669 2001 757 2029 diuites
781 2001 843 2036 facti
863 2001 931 2028 estis.

139 2052 244 2079 Rursus
258 2059 306 2086 per
316 2051 417 2086 quem?
432 2051 459 2077 ln
474 2049 543 2085 ipso,
558 2049 644 2084 inquit
657 2057 665 2075 :
680 2056 729 2076 nec
743 2048 824 2076 modo
838 2048 933 2075 divites

139 2098 202 2125 facti
217 2097 294 2129 estis,
309 2097 356 2125 sed
367 2097 448 2125 etiam
467 2097 494 2124 in
505 2096 584 2123 omni.
599 2095 666 2122 Cum
680 2101 744 2130 ergo
751 2094 850 2122 divitia:
860 2099 931 2126 sunt,

140 2149 167 2171 et
182 2144 230 2171 Dei
245 2143 355 2175 divitiae,
370 2148 397 2170 et
411 2143 437 2169 in
451 2142 534 2176 omni,
550 2146 577 2169 et
591 2149 638 2177 per
651 2141 834 2176 Unigenitum,
846 2141 932 2175 cogita

138 2197 221 2225 quam
243 2188 385 2216 ineﬁ'a'bilis
402 2188 437 2216 sit
459 2187 608 2215 thesaurus.
622 2187 656 2214 In
675 2187 744 2214 omni
765 2187 837 2213 verba
861 2192 885 2214 et
906 2187 933 2214 in

141 2235 210 2262 omni
223 2235 336 2262 scientia.
351 2233 451 2267 Verbo,
467 2241 520 2260 non
533 2238 656 2264 externo.
671 2231 719 2260 sed
730 2232 788 2259 Dei.
804 2232 852 2259 Est
862 2232 932 2259 enim

140 2281 253 2308 scicntia
266 2280 326 2308 sine
338 2280 421 2308 verbo
432 2300 439 2311 ,
455 2283 482 2307 et
495 2283 537 2307 est
552 2279 663 2306 scientia
677 2286 738 2306 cum
754 2278 846 2305 verbo.
866 2277 935 2305 Sunt

142 2333 258 2361 namque
268 2325 376 2361 plurimi
389 2325 434 2360 qui
449 2325 589 2353 scientiam
603 2325 685 2358 nacti,
698 2324 808 2352 verbum
821 2331 873 2351 non
885 2323 933 2350 ha-

143 2373 214 2403 bent,
227 2377 257 2399 ut
270 2371 372 2403 idiom,
384 2375 411 2398 et
425 2371 469 2405 qui
484 2378 535 2398 non
550 2375 661 2406 possunt
674 2377 716 2402 ea,
730 2378 790 2405 qua:
804 2369 831 2397 in
845 2374 935 2397 mente

141 2418 252 2451 habent,
262 2417 337 2445 clare
347 2417 508 2451 exprimere.
523 2417 558 2443 At
577 2424 630 2444 non
649 2423 697 2443 vos
711 2416 777 2443 tales
790 2416 871 2449 estis,
892 2415 935 2443 in-

140 2464 209 2498 quit,
224 2463 272 2490 sed
288 2468 313 2490 et
329 2462 461 2498 cogitandi
473 2467 500 2490 et
510 2462 635 2497 loquendi
650 2461 803 2489 facultatem
818 2461 932 2490 habetis.

141 2508 168 2534 6.
185 2509 257 2536 Sicut
273 2507 446 2534 testimonium
461 2506 556 2534 Christi
575 2507 752 2540 conﬁrmatum
771 2507 845 2534 estin
855 2508 932 2535 vobis.

142 2553 172 2580 In
188 2553 294 2581 laudum
309 2558 337 2580 et
351 2553 498 2588 gratiarum
513 2553 627 2580 actionis
642 2553 737 2580 ordine
749 2558 776 2580 et
789 2553 869 2580 modo
879 2554 935 2580 val.

141 2599 178 2626 de
192 2599 250 2626 illos
260 2599 353 2634 tangit.
365 2598 425 2626 Non
438 2599 509 2626 enim
523 2606 571 2634 per
581 2604 717 2626 externam
729 2598 934 2634 philosophiam,

141 2645 246 2680 inquit,
266 2653 353 2680 neque
374 2652 423 2680 per
435 2649 574 2672 externam
593 2645 770 2672 eruditionem
783 2665 790 2677 ,
816 2645 864 2672 sed
889 2653 936 2680 per

139 2692 254 2726 gratiam
271 2692 316 2718 Dei
330 2695 358 2718 et
379 2691 486 2718 divitias
506 2695 533 2718 ct
557 2691 698 2718 scientiam
722 2695 749 2718 ct
771 2691 882 2718 verbum
902 2691 937 2719 ab

141 2738 203 2772 ipso
210 2738 301 2765 datttm
316 2737 441 2773 potuistis
452 2738 571 2765 veritatis
584 2737 707 2772 dogmata
718 2737 823 2765 discere
833 2742 860 2764 ct
871 2745 936 2765 con-

143 2784 243 2812 ﬁrmari
260 2784 287 2811 in
307 2784 493 2812 testimonium
510 2784 635 2815 Domini,
650 2783 677 2810 id
695 2787 747 2816 est,
765 2783 792 2810 in
809 2783 936 2818 prtedica-

143 2831 256 2859 tionem.
271 2831 354 2858 Multa
369 2831 443 2858 enim
458 2831 588 2858 habuistis
602 2830 687 2865 signa,
703 2830 785 2857 multa
799 2831 933 2863 miracula,

144 2876 306 2906 ineﬂabilem
319 2877 436 2914 gratiam
449 2897 455 2911 ,
471 2879 506 2905 ita
521 2881 547 2905 ut
563 2876 777 2912 prmdicationem
799 2877 935 2912 acceperi-

993 298 1035 324 tis.
1052 297 1080 326 Si
1092 307 1156 334 ergo
1167 301 1316 329 conﬁrmati
1332 303 1396 330 estis
1411 311 1459 338 per
1473 303 1547 339 signa
1562 309 1589 332 et
1600 306 1722 340 gratiam,
1734 313 1784 334 cur

991 345 1142 373 vacillatis?
1156 347 1218 375 Hazc
1233 356 1313 383 porro
1336 349 1415 376 simul
1438 354 1500 377 sunt
1522 355 1550 378 et
1571 351 1733 386 increpantis
1755 357 1784 379 et

992 391 1177 424 prmvcuicntis
1190 393 1270 421 dicta.
1287 395 1313 422 7.
1336 394 1377 422 Ita
1395 401 1423 422 ut
1441 397 1506 424 nihil
1519 397 1588 424 vobis
1601 398 1664 425 desit
1678 399 1706 425 in
1725 398 1781 425 ulla

990 437 1081 470 gratia.
1098 437 1220 473 Magnum
1230 440 1366 475 quidpiam
1379 442 1422 469 hic
1435 443 1562 477 quaeritur
1574 452 1581 470 :
1595 443 1616 470 si
1630 445 1674 479 qui
1686 444 1783 472 divites

990 488 1052 509 sunt
1066 484 1091 510 in
1103 485 1175 512 omni
1187 485 1279 519 verbo,
1295 486 1330 513 ita
1345 492 1372 514 ut
1385 488 1449 515 nihil
1465 488 1536 517 desit
1549 489 1603 517 illis
1617 490 1642 517 in
1655 491 1707 518 ulla
1718 498 1781 526 gra-

991 528 1036 561 tia,
1051 529 1076 556 hi
1090 531 1211 558 carnales
1224 536 1296 559 sunt.
1316 532 1381 560 Nam
1401 534 1424 560 si
1438 535 1503 562 tales
1517 535 1624 563 fuerunt
1639 536 1665 563 in
1682 537 1782 571 princi-

990 575 1045 609 pio,
1061 576 1144 603 multo
1159 578 1242 612 magis
1264 586 1344 606 nunc.
1359 579 1500 612 Quomodo
1512 589 1575 617 ergo
1588 582 1648 610 illos
1658 584 1781 611 carnales

989 621 1085 648 vocat?
1100 621 1160 649 Non
1173 623 1238 650 enim
1252 625 1322 659 potui
1331 625 1400 652 vobis
1415 626 1493 661 loqui,
1509 627 1604 662 inquit,
1620 634 1647 656 ut
1660 629 1780 664 spiritua-

989 667 1071 700 libus,
1099 668 1143 695 sed
1166 674 1192 696 ut
1213 671 1357 698 carnalibus
1371 672 1415 706 (1.
1432 673 1490 700 Cor.
1504 674 1529 701 5.
1556 675 1600 709 ‘1).
1623 675 1691 708 Quid
1715 683 1780 711 ergo

989 712 1130 741 dicendum
1139 717 1200 742 est?
1213 716 1290 750 Quod
1305 724 1364 744 cum
1385 718 1419 746 ab
1440 719 1515 746 initio
1535 720 1729 755 credidissent,
1753 727 1781 750 et

988 759 1148 788 charismata
1174 763 1262 790 omnia
1282 765 1439 799 consequuti
1461 770 1552 792 essent
1565 775 1571 798 ;
1586 774 1648 794 nam
1666 767 1725 794 zelo
1740 767 1780 794 in-

988 805 1060 832 censi
1084 811 1168 839 erant,
1187 808 1391 843 negligentiores
1413 815 1506 845 postea
1522 812 1665 840 evaserint.
1682 814 1734 840 Aut
1756 814 1780 840 si

988 850 1039 878 hoc
1055 859 1106 879 non
1121 852 1156 879 ita
1177 860 1206 881 se
1221 854 1318 882 habeat
1331 876 1338 887 ,
1353 856 1423 890 quod
1448 865 1500 884 non
1516 857 1640 886 omnibus
1665 859 1722 886 haec
1738 859 1779 887 vel

987 897 1031 924 illa
1046 898 1178 933 dicantur,
1195 900 1241 927 sed
1257 901 1307 928 alia
1323 901 1354 929 iis
1369 902 1413 937 qui
1436 903 1461 929 in
1477 903 1553 938 culpa
1567 910 1662 938 erant,
1682 904 1732 932 alia
1748 905 1780 933 iis

987 943 1032 977 qui
1048 943 1169 971 laudibus
1185 946 1302 981 insignes
1314 952 1400 974 erant.
1417 942 1481 975 Nam
1497 949 1567 983 quod
1581 949 1669 977 adhuc
1683 950 1781 978 charis-

988 993 1058 1015 tuata
1075 989 1203 1017 haberent
1218 991 1351 1018 Psalmum
1367 993 1440 1020 habet
1454 994 1553 1029 aliquis,
1571 995 1666 1030 inquit,
1681 997 1779 1023 revela-

987 1034 1079 1061 tiouem
1090 1035 1163 1063 habet
1174 1057 1181 1068 ,
1205 1036 1318 1072 linguam
1332 1038 1421 1072 habet,
1438 1039 1668 1074 interpretationem
1682 1041 1754 1068 habet
1768 1050 1779 1069 .-

987 1081 1072 1108 onmia
1082 1082 1116 1108 ad
1128 1082 1320 1116 aediﬁcationem
1333 1084 1397 1118 ﬁant
1408 1094 1417 1117 ,'
1431 1089 1468 1117 et,
1482 1085 1619 1120 Propheta:
1631 1091 1716 1113 autem
1727 1087 1779 1115 duo

986 1127 1026 1153 vel
1051 1132 1101 1154 tres
1122 1128 1257 1163 loquantur
1272 1129 1353 1165 (Ibid.
1370 1131 1413 1157 l4.
1438 1130 1483 1158 26.
1512 1131 1570 1167 29).
1594 1132 1673 1159 Aliud
1699 1133 1778 1168 quid-

987 1172 1057 1207 piam
1071 1172 1123 1201 dici
1138 1179 1224 1208 potest
1236 1185 1242 1202 :
1257 1180 1286 1203 ut
1299 1176 1382 1204 moris
1395 1182 1437 1205 est
1451 1178 1521 1212 apud
1535 1186 1584 1206 nos
1597 1179 1621 1206 id
1633 1180 1703 1215 quod
1717 1180 1778 1215 plus

987 1222 1049 1250 est,
1067 1223 1150 1246 totum
1166 1219 1256 1248 dicere
1268 1241 1276 1253 ,
1293 1221 1327 1248 ita
1345 1222 1425 1249 etiam
1449 1223 1491 1250 hic
1506 1223 1550 1251 ille
1562 1223 1641 1252 dixit.
1663 1224 1703 1252 Ad
1722 1225 1780 1253 hsce

988 1269 1075 1291 autem
1093 1270 1157 1299 puto
1179 1266 1253 1293 illurn
1269 1267 1350 1294 etiam
1364 1276 1423 1303 qua:
1437 1277 1485 1296 sua
1501 1274 1564 1297 sunt
1587 1271 1757 1299 subindicare
1769 1293 1778 1306 ,

989 1314 1056 1337 utet
1081 1311 1106 1337 in
1129 1312 1244 1339 secunda
1271 1313 1304 1340 ad
1327 1314 1435 1342 eosdem
1456 1315 1574 1350 Epistola
1598 1317 1681 1345 dicit:
1698 1317 1779 1353 Signa

989 1356 1089 1390 quidem
1110 1358 1220 1392 apostoli
1234 1360 1302 1393 facta
1316 1364 1373 1386 sunt
1388 1360 1414 1386 in
1427 1361 1495 1388 vobis
1515 1362 1542 1388 in
1556 1362 1625 1388 anuli
1636 1363 1779 1396 patientia;

987 1406 1014 1428 ct
1025 1409 1129 1429 rursum
1145 1411 1151 1428 :
1168 1403 1235 1436 Quid
1250 1405 1315 1431 enim
1329 1410 1374 1436 est,
1391 1407 1458 1441 quod
1471 1407 1553 1434 minus
1567 1407 1688 1435 habuistis
1702 1417 1778 1443 quant

986 1453 1084 1476 mter-te
1099 1449 1220 1477 Ecclesia:
1233 1450 1270 1486 (2.
1286 1450 1344 1478 Cor.
1363 1452 1406 1479 l2.
1421 1452 1464 1480 12.
1482 1458 1503 1480 et
1520 1453 1577 1489 15)?
1592 1454 1638 1482 Vel
1651 1474 1659 1487 ,
1674 1459 1704 1482 ut
1721 1455 1777 1490 jam

986 1494 1055 1526 dixi.
1068 1503 1126 1530 quae
1139 1496 1172 1523 ab
1185 1504 1215 1524 se
1231 1497 1296 1524 facta
1310 1502 1372 1524 sunt
1383 1504 1592 1531 commemorat;
1608 1500 1647 1527 vel
1664 1500 1720 1527 haec
1733 1501 1776 1534 iis,

986 1541 1031 1575 qui
1043 1541 1130 1568 adhuc
1142 1542 1244 1576 probati
1255 1547 1342 1576 erant,
1352 1543 1426 1571 dicit.
1441 1544 1522 1571 Erant
1533 1545 1634 1580 quippe
1646 1546 1680 1572 ibi
1692 1547 1777 1573 sancti

986 1586 1073 1618 multi,
1089 1586 1132 1622 qui
1147 1587 1179 1614 ad
1193 1593 1347 1615 sanctorum
1362 1590 1537 1617 ministerium
1556 1599 1586 1618 se
1598 1591 1776 1624 dediderant,

986 1638 1012 1660 ct
1027 1633 1152 1667 primitia:
1175 1633 1283 1660 Achaia:
1308 1634 1370 1661 facti
1387 1641 1448 1662 sunt
1461 1655 1468 1668 ,
1491 1641 1518 1662 ut
1534 1635 1559 1663 in
1577 1636 1629 1664 ﬁne
1647 1636 1776 1664 declarat.

986 1678 1110 1713 Alioquin
1122 1686 1186 1706 vero
1199 1679 1304 1707 etiamsi
1315 1679 1408 1707 laudes
1422 1689 1474 1708 non
1488 1681 1597 1709 omnino
1608 1682 1702 1710 afﬁnes
1714 1687 1777 1710 sunt

986 1724 1091 1752 veritati
1104 1745 1111 1758 ,
1129 1730 1246 1753 attamen
1263 1725 1409 1760 prudenter
1423 1726 1595 1760 adhibentur,
1610 1733 1637 1755 ut
1649 1728 1716 1755 viam
1731 1736 1777 1764 pa-

985 1775 1046 1798 rcnt
1061 1771 1093 1798 iis
1103 1779 1162 1806 quae
1172 1771 1284 1799 dicenda
1297 1776 1369 1799 sunt.
1381 1772 1446 1799 Nam
1458 1773 1503 1808 qui
1514 1774 1604 1800 statim
1617 1782 1630 1800 a
1646 1775 1778 1810 principio

986 1817 1137 1852 importuna
1152 1818 1279 1853 loquitur,
1295 1818 1486 1846 inﬁrmioribus
1499 1819 1617 1848 auditum
1631 1820 1731 1848 claudit
1742 1821 1776 1849 ad

986 1869 1081 1891 cmtera
1099 1865 1177 1891 verba
1195 1874 1200 1891 :
1218 1866 1238 1892 si
1256 1865 1327 1892 enim
1343 1865 1481 1893 auditores
1501 1865 1603 1894 benore
1617 1874 1697 1902 pares
1711 1867 1775 1900 sint,

986 1911 1158 1942 irascuntur;
1175 1911 1196 1938 si
1213 1910 1355 1937 admodum
1370 1911 1529 1945 inferiores,
1545 1911 1638 1940 dolore
1655 1912 1775 1940 afficien-

987 1961 1038 1984 tur.
1053 1957 1091 1984 Ne
1106 1957 1183 1991 igitur
1199 1959 1249 1984 hoc
1262 1957 1377 1990 eveniat,
1385 1958 1418 1985 ab
1434 1959 1466 1985 iis
1479 1966 1538 1993 qua:
1548 1959 1669 1986 encomia
1680 1959 1775 1987 viden-

987 2007 1030 2030 tur
1044 2011 1103 2030 esse
1127 2003 1231 2030 initium
1254 2003 1337 2031 ducit.
1362 2003 1452 2039 Neque
1473 2005 1543 2031 enirn
1559 2004 1610 2032 hoc
1624 2005 1774 2032 encomium

987 2048 1093 2075 illorum
1109 2054 1184 2080 erat,
1200 2049 1247 2076 sed
1260 2049 1353 2084 gratiae
1372 2049 1429 2076 Dei.
1444 2049 1510 2076 Nam
1525 2050 1595 2084 quod
1606 2055 1715 2084 peccata
1733 2058 1778 2078 re-

987 2095 1068 2122 missa
1086 2096 1149 2131 ipsis
1163 2100 1264 2125 essent.
1277 2100 1304 2122 et
1318 2095 1389 2130 quod
1398 2095 1537 2130 justilicati
1552 2101 1652 2128 essent,
1664 2096 1716 2124 hoc
1729 2104 1777 2124 su-

988 2142 1060 2176 perni
1074 2141 1138 2168 doni
1149 2145 1216 2169 erat.
1229 2141 1372 2176 Propterea
1387 2141 1415 2168 in
1427 2142 1459 2169 iis
1472 2142 1638 2175 immoratur,
1655 2151 1714 2178 quae
1728 2143 1778 2171 Dei

987 2187 1176 2222 benignitatem
1202 2187 1365 2219 ostendunt,
1382 2192 1411 2214 ut
1434 2187 1555 2214 morbum
1577 2195 1669 2215 eorum
1692 2188 1778 2224 magis

987 2237 1072 2260 curet.
1090 2232 1299 2267 Exspectantibus
1313 2233 1488 2260 reuelationem
1505 2233 1608 2260 Domini
1622 2235 1701 2261 nostri
1714 2234 1777 2262 Jetu

988 2277 1090 2306 Christi.
1112 2277 1180 2311 Quid
1197 2278 1410 2311 tumultuamini,
1427 2279 1522 2313 inquit,
1538 2279 1601 2314 quid
1617 2280 1777 2314 turbamini,

988 2323 1058 2358 quod
1075 2331 1126 2350 non
1142 2323 1211 2351 adsit
1223 2323 1365 2351 Christus?
1381 2324 1464 2351 Adest
1475 2325 1596 2359 quidem,
1611 2330 1638 2352 et
1650 2325 1707 2353 dics
1722 2325 1779 2360 jam

987 2377 1036 2404 pro
1052 2369 1155 2396 foribus
1169 2373 1221 2396 est.
1239 2369 1272 2396 Et
1291 2369 1432 2397 considera
1445 2370 1622 2404 sapientiam,
1644 2370 1779 2405 quomodo

989 2415 1059 2446 illos,
1075 2422 1134 2441 cum
1148 2415 1181 2453 ab
1194 2414 1317 2442 humanis
1332 2414 1501 2448 abduxisset,
1515 2416 1646 2443 exterruit
1659 2421 1779 2444 tremen-

988 2461 1052 2489 dum
1066 2461 1181 2488 tribunal
1197 2468 1412 2488 commemorans
1422 2482 1429 2493 ,
1445 2466 1471 2488 et
1485 2462 1630 2489 ostendens
1643 2470 1695 2490 non
1708 2463 1778 2491 bona

991 2511 1092 2534 tantum
1107 2506 1181 2533 initia
1203 2506 1315 2541 requiri,
1331 2506 1379 2533 sed
1400 2507 1478 2534 linem
1497 2515 1611 2543 quoque.
1635 2508 1700 2536 Nam
1715 2517 1777 2536 cum

990 2552 1031 2580 his
1051 2551 1257 2580 charismatibus
1276 2555 1303 2579 et
1321 2552 1379 2579 aliis
1396 2552 1536 2579 virtutibus
1548 2574 1556 2586 ,
1576 2558 1681 2588 oportet
1697 2554 1778 2582 etiam

989 2597 1042 2625 diei
1058 2598 1128 2624 illius
1145 2597 1281 2625 reminisci
1296 2605 1302 2623 :
1319 2597 1462 2632 multisque
1483 2598 1617 2626 laboribus
1628 2604 1669 2627 est
1687 2607 1754 2635 opus
1769 2620 1778 2634 ,

991 2648 1019 2670 ut
1034 2644 1117 2678 possit
1129 2643 1188 2678 quis
1204 2642 1237 2670 ad
1259 2642 1338 2670 ﬁnem
1352 2644 1500 2678 pervenire.
1779 2679 1782 2682 ι

1025 2691 1052 2718 2.
1081 2690 1285 2717 Rcvclationem
1307 2695 1395 2717 autem
1421 2696 1612 2718 commemorat
1637 2692 1781 2719 ostendens

992 2737 1074 2770 illam,
1089 2737 1193 2764 etiamsi
1209 2744 1260 2763 non
1275 2735 1407 2767 videatur,
1419 2735 1467 2763 sed
1481 2743 1541 2763 esse
1553 2741 1651 2769 tamen,
1668 2742 1694 2764 ct
1708 2745 1777 2764 nune

991 2783 1097 2815 adesse,
1112 2788 1139 2809 ct
1151 2787 1213 2809 tunc
1227 2781 1408 2816 appariturum
1424 2789 1494 2809 esse.
1510 2782 1638 2809 Patientia
1648 2783 1725 2817 igitur
1739 2787 1780 2809 est

992 2838 1059 2865 opus
1074 2839 1081 2856 :
1099 2829 1160 2856 ideo
1179 2829 1250 2856 cuitu
1273 2828 1401 2855 miracula
1415 2828 1555 2863 accepistis
1570 2849 1578 2861 ,
1594 2833 1622 2855 ut
1636 2827 1705 2855 ﬁrmi
1725 2835 1782 2854 ma-

992 2876 1086 2904 neatis.
1103 2875 1129 2902 8.
1145 2874 1195 2908 Qui
1209 2879 1232 2902 ct
1247 2874 1405 2909 conﬁrmabit
1425 2881 1468 2901 vos
1491 2881 1569 2909 usque
1585 2874 1612 2901 in
1629 2873 1707 2908 ﬁnem
1726 2873 1782 2900 sine
