2033 3116
215 138 248 166 ω
431 150 434 154 ~
547 154 549 156 ›
585 138 613 165 S.
633 135 772 165 JOANNIS
788 134 1022 164 CIIRYSOSTOMI
1041 132 1198 163 ARCHIEP.
1218 135 1483 165 CONSTANTINOP.‘

214 201 326 226 crimine.
356 197 405 225 Hie
428 196 533 225 videtur
551 196 657 231 quidem
678 194 740 222 illos
762 194 934 225 demulcere;
957 192 1004 220 sed

1820 140 1856 166 20

1063 192 1128 220 dare
1148 192 1255 221 volebat
1271 203 1278 227 ;
1296 195 1333 221 illi
1358 203 1423 222 vero
1444 195 1568 224 nolentes
1591 196 1712 232 accipere
1727 218 1735 230 .
1751 199 1852 232 seipsos

214 246 286 280 quod
302 244 400 272 dicitur
412 243 485 270 omni
501 242 653 270 adulatione
670 245 756 268 vacat.
776 240 852 267 Solet
864 239 935 266 enim
946 238 1006 266 illos
1031 252 1044 266 θ
1061 238 1209 273 ejeceruut.
1226 240 1290 268 Nam
1313 242 1417 269 etiamsi
1433 243 1466 270 ad
1487 251 1543 269 rem
1559 243 1718 271 laboriosam
1735 249 1761 271 et
1774 252 1852 279 aspc-

215 299 333 328 tangere.
349 296 379 319 ut
390 299 451 319 eum
467 290 530 317 dicit
543 299 549 316 :
566 289 704 323 Tamquam
717 296 766 314 non
780 291 898 313 venturus
912 285 960 312 sim
974 285 1007 311 ad

214 347 269 371 eos,
279 338 361 373 iit/lati
372 342 431 364 sunt
439 336 711 371 quidam;etrursum,
720 332 787 366 Quid
796 332 887 358 vultis?
896 331 923 358 in
939 331 1007 366 virga

214 385 313 412 veniam
321 384 355 410 ml
361 391 403 410 vos
413 402 420 414 ,
436 390 469 408 an
478 381 617 408 iit-caritate
625 384 646 406 et
656 378 747 413 spiritu
760 377 959 404 mansuetudinis
966 377 975 412 (
982 376 990 403 l
998 396 1004 402 .

215 431 274 457 Cor.
284 431 310 457 4.
326 430 369 457 18.
379 433 403 456 et
412 428 513 463 ‘21)?et,
525 427 563 453 Au
572 425 771 460 experimentum
779 423 890 458 quivi-itis
897 423 952 457 ejus
964 422 1007 457 qui

217 479 243 503 in
266 485 307 503 me
321 476 434 511 loquitur
447 473 540 501 Christi
563 473 600 508 (2.
615 472 675 499 Cor.
691 468 734 499 13.
750 470 779 505 5)
795 471 806 497 ?
819 471 947 498 Latenter
960 476 1008 496 au-

217 528 269 549 tem
284 523 356 556 ipsos
367 524 474 548 accusat
486 529 492 546 :
506 527 567 547 cum
582 519 645 546 dicit
659 518 741 549 enim,
755 516 923 550 'Conﬁrmabit
934 537 940 546 ,
956 520 983 542 et
997 535 1005 548 ,

217 568 279 595 Sine
289 568 403 599 crimine,
418 565 536 593 ostendit
550 565 610 592 illos
622 564 708 591 adhuc
720 563 859 595 ﬂuctuare,
875 567 901 590 et
917 562 1008 590 crimi-

215 614 241 640 ni
253 621 313 641 esse
327 612 469 639 obnoxios.
491 611 530 638 Tn
542 618 607 638 vero
622 609 777 637 consideres
786 609 878 640 velim,
894 615 1007 643 quomo—

215 660 250 687 do
276 659 336 687 illos
360 666 467 693 semper
493 657 594 684 nomini
615 655 715 684 Christi
737 654 837 690 aﬂigat,
861 659 888 681 et
909 654 1007 681 nullius

215 705 341 737 hominis,
355 711 443 738 neque
453 703 578 738 apostoli,
589 709 676 737 neque
687 702 818 736 magistri,
828 700 874 728 sed
887 699 1008 735 frequen-

212 756 256 778 ter
269 750 358 777 dilecti
373 750 443 777 illius
456 749 618 776 mentionem
632 747 710 775 iaciat
722 768 729 780 ,
743 747 818 782 quasi
831 746 864 774 ab
877 747 1007 774 ebrietate

215 796 329 831 quadam
350 796 512 823 temulentos
527 795 643 822 educere
658 801 766 829 parans.
783 793 918 828 Nusquam
934 793 1006 820 enim

215 843 243 869 in
255 843 306 869 alia
320 841 431 877 epistola
448 846 499 868 tam
515 840 668 875 frequenter
682 847 779 866 nomen
791 838 890 866 Christi
911 839 984 873 jacet
999 847 1006 866 :

215 889 260 916 hic
272 896 336 915 vero
351 888 376 915 in
390 888 479 922 paucis
492 887 616 914 versibus
629 894 700 921 sche
711 908 717 919 ,
728 890 755 913 et
767 885 819 914 hoc
831 885 938 913 nomine
953 885 1007 912 fere

213 939 298 961 totum
310 934 427 962 contexit
438 933 607 968 prooemium.
619 932 763 959 Considera
777 935 864 959 autem
873 931 1005 966 superius.

218 991 227 1007 ε
251 981 349 1009 Paulus
364 1002 372 1013 ,
388 985 498 1007 vocatus
513 979 651 1014 apostolus
670 978 732 1006 Jcsu
748 977 850 1005 Christi
864 998 872 1010 ,
889 976 1006 1004 sanctiﬁ-

214 1028 282 1055 catis
304 1028 330 1054 in
352 1027 459 1055 Christo
479 1026 543 1054 .lesu
560 1047 568 1059 ,
586 1025 772 1053 invocantibus
788 1032 884 1052 nomen
902 1024 1006 1054 Domini

215 1074 298 1102 nostri
310 1073 374 1101 Jcsu
387 1073 485 1099 Cbri<ti
503 1081 508 1099 :
529 1072 612 1106 gratia
628 1071 702 1098 vobis
715 1076 739 1099 et
760 1079 810 1106 pax
828 1078 841 1096 a
859 1071 914 1097 Deo
928 1070 1007 1097 Patre

213 1126 242 1147 et
263 1119 378 1148 Do‘mino
401 1119 464 1146 Jcsu
489 1118 607 1145 Christo.
631 1117 737 1145 Gratias
757 1124 807 1152 ago
831 1117 883 1143 Deo
899 1124 960 1143 meo
974 1115 1007 1143 de

216 1165 301 1200 gratia
318 1187 325 1197 ,
341 1173 400 1199 qua:
426 1165 485 1192 data
508 1169 548 1191 est
563 1164 639 1191 vobis
664 1165 689 1190 in
714 1163 822 1190 Christo
836 1162 898 1189 Jcsu
915 1171 922 1189 z
938 1162 1008 1189 sicut

216 1211 398 1240 testimonium
422 1210 520 1238 Christi
543 1210 728 1237 conﬁrmatum
750 1213 792 1235 est
807 1209 832 1235 iu
849 1203 925 1235 vobis
940 1216 946 1233 :
961 1215 1007 1234 ex-

216 1258 398 1293 spectantibus
414 1257 604 1284 rcvelationem
621 1255 726 1283 Domini
741 1256 824 1282 nostri
847 1255 910 1282 Jesu
924 1255 1001 1282 Chri-

215 1305 268 1337 sti,
280 1304 324 1338 qui
336 1308 362 1330 et
374 1302 544 1330 conﬁrmabit
559 1310 606 1329 vos
621 1302 679 1329 sine
691 1302 803 1329 crimine
817 1301 842 1327 iu
858 1300 902 1327 die
913 1301 1004 1327 Domi-

216 1349 242 1376 ni
257 1349 340 1376 nostri
352 1349 416 1376 Jcsu
427 1347 537 1376 Christi.
550 1347 577 1375 9.
592 1346 691 1374 Fidelis
707 1350 746 1374 est
764 1347 833 1373 Deus
843 1367 850 1378 ,
868 1354 915 1380 per
926 1354 1004 1379 quem

217 1395 304 1422 vocati
322 1395 387 1421 estis
406 1394 431 1420 in
446 1394 600 1420 souictatcm
616 1392 675 1420 Filii
691 1393 748 1426 ejus
759 1391 822 1419 Jcsu
838 1391 936 1418 Christi
954 1391 1005 1418 Du-

217 1441 281 1468 niiui
298 1441 390 1467 nostri.
411 1439 454 1467 10.
471 1439 589 1466 Obsecro
602 1443 691 1466 autem
707 1446 753 1464 vos
773 1446 821 1472 per
840 1445 937 1464 nomen
954 1438 1006 1464 Do-

216 1487 374 1514 mininoslri
388 1487 451 1514 Jcsu
466 1486 575 1512 Christi.
596 1494 605 1510 ι
622 1484 716 1512 \‘ideu’
728 1485 902 1519 frequentiam
919 1484 1005 1511 nomi-

216 1534 257 1560 nis
265 1532 383 1559 Christi?
399 1531 474 1559 Unde
488 1531 573 1565 palam
589 1531 717 1557 estetiatn
731 1530 792 1559 illis.
806 1530 849 1564 qui
864 1529 1006 1556 admodum

217 1579 374 1614 insipientes
394 1583 457 1604 sunt
472 1598 479 1609 ,
496 1577 581 1612 ipsum
599 1584 649 1603 non
666 1577 723 1603 sine
738 1583 816 1602 causa
832 1583 881 1602 nec
893 1583 956 1602 casu
973 1575 1006 1602 ita

217 1625 306 1652 facere
319 1632 326 1656 ;
339 1624 384 1650 sed
402 1623 480 1656 hujus
492 1622 592 1656 pulchri
606 1621 722 1648 nominis
737 1621 884 1656 frequentia
900 1621 1006 1647 illorum

219 1676 349 1698 tumorem
364 1669 498 1700 exhaurit,
513 1672 540 1695 et
548 1668 649 1695 saniem
663 1667 747 1694 morbi
761 1672 900 1701 expurgat.
911 1666 1007 1693 Fidelis

220 1717 287 1743 Deus
304 1737 310 1745 .
330 1723 374 1750 per
389 1723 462 1749 quem
483 1714 564 1740 vocati
579 1714 636 1740 estis
658 1713 684 1739 in
700 1713 843 1741 societatem
864 1711 927 1739 Filii
941 1713 1005 1747 ejus.

218 1764 298 1797 Papa)
314 1763 321 1789 !
348 1766 472 1797 quantam
488 1761 532 1787 hic
553 1768 609 1787 rem
625 1759 689 1787 dicit
703 1760 709 1786 !
726 1764 852 1794 quantam
868 1759 929 1785 doni
950 1766 1008 1785 uta-

218 1809 383 1845 gnitudincnt
399 1806 526 1834 exhibet!
544 1807 573 1833 ln
595 1806 751 1833 societatem
771 1805 906 1840 Uuigeniti
919 1804 1007 1832 vocati

218 1856 285 1883 estis
300 1876 307 1886 ,
324 1859 351 1882 et
373 1862 420 1881 vos
435 1852 588 1880 hominibus
600 1852 744 1880 addicitis?
759 1852 821 1887 quid
836 1852 886 1879 hac
901 1852 1008 1879 miseria

219 1900 318 1936 pejus?
333 1900 366 1927 Et
380 1899 514 1935 quomodo
528 1899 614 1926 vocati
636 1899 720 1926 estis?
735 1899 785 1925 Per
800 1898 916 1926 Patrem.
941 1898 1008 1932 Quia

220 1948 292 1975 enim
309 1954 357 1981 per
368 1946 443 1972 illum
458 1949 485 1972 et
500 1945 525 1972 in
539 1945 583 1972 illo
596 1944 748 1979 frequenter
761 1944 866 1972 dicebat
879 1944 911 1972 de
923 1944 990 1971 Filio
1000 1964 1008 1976 ,

220 2002 254 2022 ne
263 1997 385 2028 putarent
392 1992 497 2019 seillmn
507 1996 536 2018 ut
544 1991 673 2018 minorem
680 1990 931 2020 contmcmorareJd
940 1990 1010 2016 Patri

222 2040 356 2067 adscribit.
368 2038 424 2066 Non
437 2046 483 2072 per
495 2040 564 2064 hunc
577 2037 616 2063 vel
628 2037 720 2069 alium,
736 2037 830 2071 inquit.
840 2035 886 2063 sed
900 2043 947 2070 per
959 2035 1010 2062 Pa-

225 2091 290 2113 trem
305 2085 390 2111 vocati
404 2088 468 2111 estis
478 2092 484 2110 :
496 2091 543 2118 per
556 2082 640 2117 ipsum
655 2082 735 2109 etiam
750 2082 845 2108 divites
860 2081 920 2108 facti
934 2082 1009 2108 estis.

202 2117 204 2119 ἓ
224 2133 325 2159 ltursus
338 2130 422 2157 vocati
432 2117 506 2160 estis,
514 2135 566 2156 non
577 2129 626 2163 ipsi
637 2127 797 2155 accessistis.
811 2126 879 2160 Quid
890 2134 952 2154 vero
960 2127 1009 2154 sibi

223 2179 278 2205 vult
288 2177 361 2205 illud.
371 2175 405 2202 In
418 2175 559 2202 sacietatem
569 2174 630 2201 Filii
641 2175 694 2209 ejus
705 2173 793 2200 ?Audi
804 2173 877 2200 illum
889 2173 939 2200 hoc
954 2173 1011 2200 cla-

224 2225 278 2251 tius
291 2223 352 2250 alibi
368 2222 499 2249 dicentem
513 2230 518 2247 :
534 2219 564 2248 Si
574 2221 734 2250 sustinemus.
744 2225 767 2246 et
782 2220 987 2255 conregnabimus
1002 2228 1011 2247 :

223 2272 243 2297 si
256 2268 442 2299 comntorimur,
456 2267 531 2294 sintut
542 2268 649 2294 vivemus
658 2266 697 2302 (2.
716 2266 781 2293 Tim.
793 2266 886 2302 2.12).
898 2266 1009 2298 Deinde,

223 2318 283 2352 quia
300 2324 355 2343 rem
373 2322 494 2349 magnam
516 2313 602 2346 dixit,
620 2312 722 2340 addidit
738 2313 818 2340 etiam
840 2305 1010 2340 ratiocinium

225 2367 325 2390 rcrtuttt
337 2382 343 2392 ,
356 2361 399 2388 cui
411 2368 462 2387 uou
478 2359 563 2395 possit
584 2359 729 2386 contradici
745 2369 752 2387 :
770 2367 829 2386 nam
843 2359 898 2393 ait,
916 2359 1011 2386 Fidelis

225 2408 292 2434 Deus
304 2415 313 2438 ;
324 2406 349 2432 id
366 2410 408 2433 est
418 2426 425 2436 .
441 2412 531 2432 verus.
548 2404 575 2432 Si
590 2411 668 2432 verus
682 2425 688 2436 ,
702 2412 761 2439 qute
775 2405 897 2440 promisit
911 2405 991 2432 l'acict
1003 2414 1009 2431 :

224 2451 347 2488 promisit
360 2457 449 2478 autem
460 2457 488 2477 se
502 2457 551 2477 nos
561 2449 648 2476 socios
660 2449 790 2476 facturum
800 2450 928 2485 unigeniti
940 2450 1011 2481 Filii;

224 2498 257 2525 ad
274 2497 325 2524 hoc
337 2497 433 2532 quippe
449 2502 497 2522 nos
510 2495 615 2523 vocavit
629 2504 635 2522 :
647 2495 715 2522 dona
731 2495 802 2523 enim
813 2499 840 2523 et
852 2495 1012 2524 charismata

224 2544 282 2578 ejus
295 2543 353 2570 sine
365 2541 520 2577 pmnitentia
540 2545 621 2573 sunt,
637 2549 741 2568 necnon
756 2541 802 2568 Dei
818 2542 932 2568 vocatio.
949 2542 1011 2569 llaec

224 2594 313 2616 autem
338 2595 408 2616 nunc
423 2587 495 2623 prius
510 2588 605 2615 ordine
627 2588 707 2622 ponit
729 2588 754 2615 in
777 2595 902 2616 sermone
916 2609 923 2620 .
937 2594 965 2616 ut
980 2597 1013 2617 ne

225 2639 286 2670 post
313 2635 496 2661 vehementem
522 2633 719 2661 accusationem
744 2634 769 2660 in
796 2633 1012 2669 desperationem

223 2681 332 2708 cadant.
348 2680 412 2714 Quae
427 2681 498 2707 enim
509 2687 524 2706 a
536 2680 591 2707 Deo
606 2684 668 2707 sunt
683 2680 813 2715 promissa
822 2682 933 2708 omnino
944 2689 1014 2709 com-

226 2728 380 2761 parebunt,
404 2727 454 2754 nisi
483 2733 531 2754 nos
552 2726 695 2753 admodum
721 2727 835 2755 en‘rencs
859 2727 1011 2756 fuerimus:

222 2772 448 2809 quemadmodum
459 2772 542 2799 ,ιιιᾱωὶ
551 2772 638 2799 vocati
650 2772 793 2800 noluerunt
803 2773 870 2800 bona
879 2773 1012 2808 accipere.

259 2819 314 2846 Dea
323 2819 420 2846 vocanti
433 2818 758 2853 obtemperantium—[loc
768 2826 832 2846 vero
839 2818 894 2854 jam
903 2826 955 2846 non
968 2827 1012 2847 vo-

223 2865 312 2893 cantis
325 2869 394 2898 erat,
408 2863 455 2892 scd
469 2863 565 2899 ingrati
585 2864 690 2891 illorum
710 2864 802 2903 animi.
819 2865 878 2900 ipse
895 2873 1010 2902 namque

1062 293 1117 312 ram
1132 291 1276 320 vocasset,
1293 293 1448 316 recusantes
1468 289 1544 316 venia
1561 289 1632 325 digni
1647 298 1699 318 non
1716 290 1847 323 l'uiSScut,

1061 333 1108 360 sed
1122 335 1272 368 potuissent
1291 336 1385 363 saltem
1408 336 1459 364 hoc
1483 337 1631 364 obtendere
1646 346 1653 363 :
1670 338 1692 364 si
1708 343 1797 365 autem
1819 339 1850 365 ad

1061 380 1264 414 purgationem,
1280 381 1312 408 ad
1323 382 1456 416 justitiatn
1472 403 1480 415 ,
1496 383 1529 410 ad
1545 383 1780 411 sanctiﬁcationem
1797 405 1804 417 ,
1819 385 1852 411 ad

1061 426 1284 461 redemptionem,
1294 429 1406 463 gratiam
1417 449 1424 461 ,
1440 429 1539 456 donmn
1556 435 1583 457 et
1596 436 1745 465 praeparata
1759 431 1831 458 bona
1844 453 1851 463 ,

1061 479 1120 506 qua:
1131 473 1225 500 oculus
1240 481 1294 501 non
1311 474 1386 507 vidit,
1403 483 1453 502 nec
1467 475 1540 502 auris
1555 476 1671 508 audivit,
1686 481 1715 504 ct
1727 477 1797 504 Deus
1809 482 1852 504 est

1061 518 1107 553 qui
1125 524 1203 546 vocat
1218 541 1226 551 ,
1242 524 1271 547 et
1296 529 1344 554 per
1364 521 1482 556 SclpSllm
1504 527 1604 555 vocat;
1618 531 1668 557 qtta
1684 524 1761 551 venia
1780 523 1852 559 digni

1061 563 1160 592 fuerint
1179 565 1223 600 qui
1244 574 1297 593 non
1326 568 1490 595 accurrunt?
1502 567 1541 595 Nc
1555 569 1616 604 quis
1634 576 1698 604 ergo
1718 570 1743 597 in
1770 570 1852 598 Deum

1061 611 1164 646 culpam
1180 612 1288 640 referat.
1304 613 1362 640 Non
1375 615 1448 641 enim
1462 622 1497 641 ex
1518 620 1628 643 vocante
1656 615 1685 643 lit
1705 616 1776 651 quod
1798 624 1851 644 non

1060 657 1193 686 credatur.
1210 659 1255 685 sed
1271 666 1303 686 ex
1317 659 1350 686 iis
1360 660 1403 694 qui
1419 660 1551 687 resiliunt.
1566 661 1619 688 Sed
1634 661 1792 696 oportebat,
1812 662 1854 689 in-

1060 703 1144 737 quies.
1161 703 1201 730 vel
1215 704 1312 730 invitos
1328 705 1462 733 inducere.
1479 707 1568 740 Apage
1579 715 1585 733 :
1595 715 1650 733 non
1662 706 1732 734 enim
1743 707 1796 735 vim
1811 706 1852 735 vel

1060 749 1246 776 necessitatem
1260 750 1349 777 infert.
1363 750 1428 784 Quis
1441 752 1512 779 enim
1526 751 1559 779 ad
1571 752 1687 780 honores
1700 756 1728 780 ct
1739 761 1853 781 coronas

1060 799 1087 821 et
1100 795 1219 822 convivia
1233 801 1261 824 et
1275 796 1446 825 celebritates
1460 806 1560 826 vocans
1573 819 1581 831 ,
1599 799 1696 828 invitos
1711 805 1737 828 ct
1747 801 1852 829 vinctos

1061 841 1142 869 trahit
1155 843 1167 869 ?
1181 842 1265 870 Nemo
1275 848 1348 871 certe
1361 854 1368 871 :
1381 844 1430 871 hoc
1444 845 1514 872 enim
1526 850 1597 873 esset
1611 846 1735 881 injuriam
1752 846 1851 875 facere.

1059 887 1100 914 Ad
1124 887 1274 922 gehennam
1298 891 1394 917 invitos
1419 891 1569 924 mittit;ad
1592 899 1702 927 regnum
1729 893 1852 921 lubeulcs

1058 938 1156 961 vocat:
1173 934 1205 961 ad
1218 935 1305 970 ignem
1322 936 1419 971 ligatos
1432 936 1516 970 ducit,
1531 938 1613 965 etiam
1627 938 1758 973 ejulantes
1774 947 1782 970 ς
1804 939 1851 966 sed

1060 979 1198 1008 ittnumera
1214 981 1282 1009 bona
1297 989 1349 1009 non
1371 983 1420 1010 sic.
1436 982 1502 1010 Nam
1518 983 1570 1012 hoc
1585 984 1641 1020 ipsa
1661 993 1768 1020 quoque
1782 985 1851 1012 bona

1055 1026 1151 1054 odiosa
1170 1027 1275 1060 reddat,
1288 1028 1338 1055 nisi
1353 1029 1412 1056 talis
1421 1029 1456 1056 sit
1471 1029 1577 1057 illorum
1594 1035 1686 1059 natura
1697 1052 1704 1064 ,
1719 1036 1749 1058 ut
1762 1031 1794 1058 ad
1809 1032 1853 1059 illa

1061 1078 1156 1108 sponte
1171 1079 1328 1102 occurratur
1343 1096 1350 1107 ,
1366 1080 1392 1102 et
1406 1076 1519 1110 gratiam
1533 1076 1646 1104 habeant
1661 1078 1815 1105 maximam.

1096 1120 1121 1148 '5.
1138 1120 1170 1147 Et
1184 1121 1229 1155 qui
1241 1121 1281 1153 ﬁt,
1291 1121 1406 1157 inquies,
1417 1123 1488 1157 quod
1502 1130 1555 1150 non
1563 1131 1657 1151 omnes
1671 1124 1726 1159 ipsa
1741 1125 1852 1160 eligant?

1058 1166 1100 1194 Ob
1122 1168 1256 1202 propriam
1272 1168 1465 1196 inﬁrmitatem.
1482 1170 1515 1197 Et
1529 1178 1576 1197 cur
1592 1171 1697 1198 illortun
1713 1172 1852 1199 inﬁrmita-

1060 1217 1112 1240 tem
1127 1221 1179 1240 non
1194 1213 1326 1241 abscindit
1340 1214 1351 1241 ?
1363 1214 1397 1242 Et
1407 1223 1460 1250 quo
1475 1220 1553 1250 pacto
1566 1237 1573 1249 ,
1586 1216 1630 1243 dic
1641 1217 1706 1244 mihi
1722 1238 1729 1249 ,
1745 1219 1852 1245 exscin-

1059 1258 1123 1285 dere
1137 1266 1204 1293 opus
1215 1260 1274 1286 est?
1287 1267 1377 1287 annon
1396 1265 1547 1288 creaturam
1569 1262 1688 1290 condidit
1708 1263 1849 1291 docentem

1059 1303 1117 1338 ejus
1130 1304 1320 1339 benignitatem
1337 1327 1343 1337 ,
1358 1310 1386 1333 et
1397 1307 1542 1341 potentiam
1555 1308 1566 1334 ζ)
1581 1316 1643 1335 nam
1659 1308 1735 1340 Ca‘li,
1750 1310 1850 1345 inquit.

1059 1355 1178 1377 citarrant
1196 1350 1306 1386 gloriam
1320 1351 1366 1378 Dei
1379 1350 1465 1387 (Psal.
1482 1352 1525 1380 18.
1540 1353 1580 1387 2).
1597 1354 1692 1381 Annon
1707 1354 1851 1390 prophetas

1060 1396 1131 1423 misit
1146 1396 1157 1423 ?
1171 1403 1259 1424 annon
1275 1397 1380 1424 vocavit
1393 1402 1420 1425 et
1434 1397 1596 1425 honoravit?
1615 1407 1702 1426 annon
1723 1401 1850 1428 miracula

1058 1441 1121 1468 fecit
1134 1442 1145 1468 ?
1159 1450 1248 1469 annon
1266 1443 1352 1478 legem
1368 1443 1444 1471 dedit
1458 1447 1486 1470 et
1500 1445 1629 1479 scriptam
1643 1450 1670 1473 et
1678 1447 1826 1473 naturalem
1839 1447 1851 1473 ἲ

1058 1495 1146 1515 annon
1157 1488 1252 1515 Filium
1261 1496 1339 1515 suum
1350 1489 1441 1516 misit?
1450 1497 1538 1517 aunon
1550 1491 1630 1518 etiam
1640 1492 1795 1526 apostolos?
1804 1499 1852 1520 an~

1061 1541 1112 1559 non
1129 1534 1204 1568 signa
1219 1533 1301 1561 fecit?
1317 1542 1406 1561 annon
1426 1532 1577 1570 gehennam
1591 1537 1771 1565 comminatus
1786 1539 1851 1566 est?

1059 1586 1148 1606 nonne
1157 1587 1266 1614 regnum
1283 1581 1427 1615 promisit?
1441 1590 1530 1609 nonne
1541 1583 1662 1617 quotidie
1673 1583 1758 1611 Solem
1774 1591 1850 1612 sulm

1059 1625 1123 1651 eriri
1141 1624 1221 1652 facit?
1237 1633 1326 1653 nonne
1348 1634 1408 1661 qua:
1432 1628 1559 1663 prmcepit
1571 1628 1605 1655 ita
1623 1628 1709 1656 facilia
1722 1633 1786 1656 sunt
1798 1650 1806 1663 ,
1821 1634 1851 1657 ut.

1060 1670 1135 1697 multi
1155 1670 1181 1698 vi
1205 1671 1382 1707 philosophia:
1404 1680 1460 1700 sua:
1481 1673 1539 1708 ejus
1554 1674 1678 1702 mandata
1699 1679 1845 1709 superent!

1061 1714 1129 1747 Quid
1143 1716 1273 1750 oportebat
1283 1719 1369 1752 facere
1382 1718 1470 1750 vincar.
1487 1723 1510 1746 et
1522 1727 1573 1746 non
1585 1721 1634 1755 feci
1648 1720 1656 1754 (
1668 1720 1733 1748 Isai.
1750 1721 1777 1749 5.
1793 1719 1852 1757 at)?

1061 1762 1093 1789 Et
1105 1770 1154 1790 cur
1170 1771 1222 1790 non
1235 1763 1298 1791 fecit
1311 1764 1401 1798 nobis,
1412 1765 1672 1800 inquies,scientiam
1688 1772 1716 1794 et
1726 1768 1851 1796 virtutem

1062 1809 1222 1835 naturalem?
1231 1809 1295 1843 Quis
1309 1809 1368 1837 Ιιςεα
1378 1809 1456 1838 dicit?
1466 1810 1615 1839 Graecusne
1625 1819 1658 1838 an
1670 1812 1853 1843 Christianus?

1061 1852 1148 1880 Ambo
1160 1853 1267 1888 quidem
1284 1875 1292 1887 ,
1309 1855 1354 1882 sed
1369 1862 1422 1882 non
1438 1855 1532 1883 eadem
1545 1856 1578 1884 de
1589 1864 1668 1884 causa
1684 1866 1690 1883 :
1707 1866 1799 1886 verum
1814 1860 1852 1886 al-

1061 1904 1102 1926 ter
1114 1899 1148 1926 de
1163 1900 1274 1927 scientia
1285 1921 1292 1933 ,
1309 1900 1377 1928 alter
1387 1901 1421 1929 de
1432 1902 1485 1929 vita
1500 1902 1648 1930 contendit.
1664 1903 1784 1931 Primum
1800 1905 1852 1940 igi-

1063 1949 1105 1972 tur
1116 1950 1208 1973 nostro
1219 1946 1441 1981 respondebimus
1456 1956 1462 1974 :
1480 1955 1532 1975 non
1543 1949 1614 1976 enini
1627 1949 1691 1979 mihi
1705 1954 1775 1976 tanta
1788 1958 1851 1978 cura

1062 1995 1103 2018 cst
1116 1990 1151 2018 de
1165 1993 1285 2025 exteris,
1303 1996 1402 2027 quanta
1423 1992 1458 2020 de
1481 1994 1599 2029 propriis
1621 1995 1760 2022 membris.
1783 1995 1851 2030 Quid

1062 2043 1125 2071 ergo
1139 2036 1201 2064 dicit
1212 2037 1397 2065 Christianus?
1411 2038 1495 2073 ipsam
1508 2039 1586 2066 nobis
1596 2039 1702 2068 virtutis
1712 2041 1852 2068 scientiam

1064 2082 1118 2109 indi
1138 2083 1289 2118 oportebat.
1314 2084 1412 2111 lndidit
1433 2090 1506 2113 certe
1523 2095 1529 2113 :
1545 2085 1595 2112 nisi
1607 2086 1678 2114 enim
1692 2087 1851 2120 indidisset.

1063 2127 1133 2156 unde
1152 2136 1291 2156 nossemus
1303 2137 1336 2158 ea
1356 2138 1416 2166 qua:
1429 2130 1532 2166 agenda
1555 2137 1582 2159 et
1601 2140 1662 2167 qua:
1683 2141 1735 2160 non
1749 2134 1852 2169 agenda

1063 2175 1149 2202 sunt?
1164 2175 1297 2202 undenam
1324 2176 1398 2211 leges
1420 2181 1447 2203 et
1469 2176 1635 2205 tribunalia?
1649 2179 1685 2205 At
1699 2186 1750 2210 non
1763 2179 1850 2207 scien-

1064 2220 1138 2253 tiam,
1150 2221 1196 2248 sed
1210 2222 1294 2256 ipsam
1307 2223 1439 2250 actionem
1451 2222 1515 2250 dare
1526 2224 1654 2258 oportuit.
1668 2225 1700 2252 Et
1713 2225 1852 2260 eujusnam

1063 2267 1100 2293 rei
1115 2267 1266 2294 mercedem
1276 2273 1434 2302 accepturus
1447 2275 1519 2301 cras,
1533 2269 1555 2296 si
1572 2273 1655 2296 tolttttt
1669 2278 1702 2298 ex
1717 2271 1772 2298 Deo
1786 2271 1852 2298 fuis-

1064 2312 1124 2339 set?
1140 2312 1185 2340 Dic
1201 2313 1273 2340 enim
1290 2313 1353 2340 milii
1369 2334 1377 2347 ,
1398 2318 1462 2342 tene
1476 2320 1503 2342 et
1515 2314 1639 2343 Grtecum
1659 2322 1802 2350 peccantes
1814 2318 1850 2345 si-

1066 2358 1164 2385 militer
1189 2358 1265 2393 punit
1290 2359 1381 2386 Deus?
1396 2359 1504 2388 Minime
1521 2369 1528 2387 ξ
1544 2361 1626 2388 habes
1647 2362 1719 2390 cnim
1747 2363 1853 2390 interim

1063 2411 1123 2430 eam
1145 2412 1205 2438 qua:
1224 2412 1256 2432 ex
1282 2405 1392 2433 scientia
1415 2411 1508 2434 manat
1528 2406 1661 2434 ﬁduciam.
1677 2408 1746 2442 Quid
1766 2416 1830 2442 ergo
1845 2429 1852 2440 ,

1065 2450 1087 2476 si
1100 2450 1158 2485 quis
1175 2459 1244 2478 nunc
1257 2451 1357 2479 diceret
1373 2452 1431 2486 tibi,
1445 2457 1472 2480 et
1486 2458 1512 2481 te
1525 2459 1551 2481 ct
1567 2454 1689 2482 Grtccum
1706 2463 1753 2489 pro
1767 2457 1853 2482 scien-

1065 2497 1101 2524 tia
1115 2497 1207 2524 eadem
1222 2503 1435 2533 consequuturos
1449 2506 1519 2532 esse,
1530 2507 1620 2527 annon
1633 2501 1658 2527 id
1673 2508 1744 2536 :egrc
1756 2501 1854 2530 ferres!

1066 2543 1190 2570 Arbitror
1209 2552 1274 2571 sane
1291 2553 1297 2571 :
1313 2544 1419 2572 diceres
1441 2546 1512 2572 cnim
1531 2567 1538 2578 ,
1554 2554 1614 2573 cuttt
1635 2546 1744 2574 Crteeus
1765 2555 1799 2574 ex
1825 2555 1854 2575 so

1067 2593 1155 2623 posset
1169 2589 1306 2617 scientiam
1321 2591 1450 2622 invenire,
1463 2591 1556 2619 noluit.
1568 2592 1594 2619 Si
1606 2599 1670 2626 ergo
1684 2593 1727 2620 ille
1741 2593 1853 2627 diceret,

1066 2637 1205 2670 oportebat
1223 2637 1306 2665 Detun
1322 2637 1399 2665 nobis
1412 2638 1550 2666 scientiam
1563 2639 1721 2667 naturaliter
1736 2639 1829 2668 indere
1845 2661 1853 2672 .

1067 2689 1156 2708 annon
1173 2681 1310 2714 irridercs,
1324 2682 1482 2718 diccresquc
1494 2683 1520 2711 ci
1531 2704 1539 2717 ,
1552 2683 1607 2711 Cur
1620 2691 1672 2711 non
1684 2685 1854 2720 qumsivisti!

1067 2736 1114 2755 cur
1136 2737 1189 2755 non
1204 2735 1316 2757 conatus
1327 2737 1357 2757 es
1371 2735 1399 2757 ut
1412 2738 1462 2766 ego
1477 2731 1489 2757 ?
1502 2737 1533 2757 ac
1545 2738 1607 2758 cum
1628 2731 1712 2759 multa
1724 2737 1811 2760 stares
1822 2734 1854 2759 li—

1066 2774 1142 2802 dttcia
1158 2795 1165 2806 ,
1182 2776 1339 2811 dicercsquc
1354 2781 1479 2804 extrema:
1504 2784 1565 2805 esse
1585 2777 1746 2813 insipientia:
1770 2779 1855 2808 Deum

1038 2825 1050 2838 ι
1067 2821 1190 2848 incusare
1204 2841 1212 2853 ,
1228 2821 1298 2856 quod
1315 2826 1416 2849 natura:
1429 2823 1567 2851 scientiam
1582 2831 1635 2852 non
1646 2824 1781 2852 indidetit.
1799 2825 1853 2853 lloc

1069 2871 1157 2894 autem
1172 2866 1288 2901 diceres,
1304 2867 1364 2903 quia
1378 2867 1431 2901 illa,
1447 2876 1506 2904 qua:
1519 2869 1552 2896 ad
1566 2869 1707 2898 scientiam
1719 2875 1853 2906 spectant.

1026 2942 1066 2951 κη,
