2033 3116
103 167 124 195 Eli
594 157 625 185 ΙΝ
647 156 754 185 EPIST.
777 156 785 182 l
818 155 863 182 AD
882 163 883 175 ι

937 155 960 182 ἰ.
982 153 1098 182 lIOMIL.
1120 153 1164 181 Ill.
1686 152 1722 178 23

102 225 154 251 inte
165 223 237 248 reete
251 226 282 246 se
297 217 408 245 habent.
424 216 473 248 Sie
483 215 563 242 etiam
577 214 598 241 si
613 221 654 245 ea.
669 221 729 248 quae
743 213 776 239 ad
792 213 872 239 vitam

104 267 227 304 pertinent,
238 270 315 292 recte
330 272 360 291 se
373 264 503 290 haberent
517 283 525 295 ,
539 268 591 288 non
607 261 686 287 talem
698 259 872 294 qna-stionem

105 319 221 343 moveres;
239 317 334 338 verum
349 308 410 344 qttia
422 308 492 335 circa
509 307 635 334 virtutem
647 312 739 333 socors
753 309 780 332 et
795 304 870 339 igna~

106 366 141 386 tus
154 365 178 385 es
194 379 201 390 ,
217 356 279 384 ideo
292 356 403 383 insanos
418 354 499 381 hosce
514 352 620 388 profers
634 359 784 380 sermones.
800 351 873 384 Quo-

106 404 166 431 tundo
182 406 272 429 autem
296 400 417 436 oportuit
441 407 472 426 ex
497 398 657 426 necessitate
679 397 738 425 fieri
761 395 873 424 bonum?

105 449 159 483 Ergo
171 447 288 474 futurum
302 450 363 473 erat
379 466 386 477 ,
403 449 431 472 ut
444 445 520 472 bruta
541 443 666 471 animalia
683 442 823 470 nobiscum

106 494 181 521 virtute
203 495 343 519 certarent
359 498 420 518 cum
435 489 557 524 quzrdam
571 495 664 515 eorum
680 487 758 514 nobis
774 491 875 520 tempe-

106 538 204 565 rantiora
219 537 286 564 sint.
311 535 365 563 Sed
380 535 485 562 mallem
502 555 511 568 ,
525 533 629 569 inquies
645 554 652 565 ,
667 540 700 560 ex
714 532 875 560 necessitate

107 584 171 612 bonus
182 586 288 616 esse,et
301 581 378 609 omni
392 580 513 608 mercede
526 578 636 615 privari,
646 585 726 613 quam
741 585 774 605 ex
790 577 874 604 libero

107 629 195 658 arbitrio
210 629 308 661 malus,
324 626 413 662 puniri
428 631 454 653 et
468 625 600 661 supplicio
614 624 694 652 allici.
708 624 761 652 Sed
774 630 826 650 non
836 627 877 650 est

108 682 210 710 umquam
223 674 374 702 necessitas
386 680 447 700 esse
459 672 568 699 bonum.
579 671 607 699 Si
616 678 681 706 ergo
694 671 803 706 ignoras
812 669 876 705 quid

108 722 216 758 agendum
225 721 273 755 sit,
285 719 398 748 ostende
410 740 417 751 ,
433 723 461 747 et
474 723 538 746 tunc
549 718 671 746 dicemus
684 717 711 745 id
724 717 795 753 quod
809 724 877 751 opus

105 771 138 796 est
148 767 230 795 dicere
244 775 253 793 :
269 766 293 794 si
299 773 370 797 ,vero
384 764 523 793 libidinem
538 764 636 791 malam
649 770 710 791 esse
725 762 795 790 nosti
807 782 815 794 ,
829 769 877 789 cur

107 816 184 843 malam
193 822 250 842 rem
266 821 319 841 non
335 813 426 848 fugis?
440 812 497 840 Non
509 819 629 847 possum,
646 811 761 846 inquies.
777 809 877 837 Verum

106 860 153 894 alii,
161 862 201 895 qui
213 859 318 894 majora
330 863 405 886 recte
417 862 569 893 gesserunt,
585 862 611 885 te
625 855 800 889 accusabunt,
816 855 879 882 tibi-

107 914 152 942 que
161 906 183 933 vi
195 913 290 941 magna
305 912 337 933 os
349 904 497 932 obstruent.
520 903 560 931 Tu
580 903 652 931 enim
668 902 781 930 fortasse
796 901 878 929 etiam

106 959 156 980 eum
168 959 244 980 uxore
267 955 313 979 tua
338 959 392 978 non
417 956 492 978 caste
505 950 579 986 agis;
594 950 663 977 alius
687 956 753 977 vero
779 948 880 982 absque

106 1005 174 1026 uxore
187 997 319 1033 integram
333 1001 424 1025 servat
437 997 598 1024 castitatem.
615 995 700 1028 Quam
718 1001 783 1029 ergo
797 993 879 1021 habes

105 1043 284 1077 defensionem,
299 1043 346 1078 qui
360 1043 468 1070 modum
482 1050 537 1070 non
551 1048 654 1075 serves,
666 1041 730 1069 dum
739 1040 807 1068 alius
821 1040 879 1075 ipsa

105 1094 166 1125 septa
179 1088 293 1117 transilit
303 1089 316 1115 Ἰ
328 1089 364 1116 At
375 1096 428 1116 non
439 1095 540 1124 parem,
555 1087 671 1123 inquies,
687 1086 774 1113 habeo
789 1092 881 1120 corpo-

105 1135 135 1162 ris
147 1139 274 1166 naturam,
282 1142 336 1162 non
350 1142 399 1169 par
409 1134 571 1169 propositum
584 1132 737 1160 voluntatis.
748 1132 815 1165 Quia
826 1139 880 1158 non

104 1181 145 1213 vis,
158 1188 205 1208 non
219 1181 284 1216 quia
299 1187 353 1207 non
366 1179 577 1215 potes:ostendo
590 1185 705 1213 namque
718 1185 812 1205 omnes
820 1184 880 1205 csse

104 1227 131 1253 ad
141 1227 258 1254 virtutem
276 1226 400 1254 idoneos.
420 1225 487 1253 Nam
505 1224 576 1260 quod
590 1232 643 1252 non
658 1228 747 1259 potest
762 1223 823 1258 quis
838 1223 879 1249 fa-

102 1279 164 1306 cere,
179 1279 264 1308 neque
276 1271 395 1300 instante
408 1271 567 1299 necessitate
577 1270 676 1305 poterit
689 1278 695 1296 :
711 1269 784 1305 quod
798 1269 821 1296 si
836 1269 880 1296 in-

102 1322 177 1344 stante
188 1317 349 1345 necessitate
365 1316 461 1351 possit,
474 1316 519 1351 qui
534 1323 587 1343 non
599 1315 673 1348 facit,
687 1322 721 1342 ex
743 1312 883 1349 proposito

104 1363 233 1390 voluntatis
246 1371 305 1390 non
317 1362 390 1390 facit.
406 1362 529 1397 Exempli
542 1368 634 1395 causa,
645 1360 738 1388 volare
750 1363 779 1387 et
787 1359 820 1386 ad
830 1366 883 1386 cte-

101 1408 149 1435 lurn
163 1407 222 1436 ferri
241 1408 318 1444 gravi
334 1414 449 1442 corpore
462 1407 617 1442 praeditum,
631 1406 741 1433 omnino
763 1404 821 1432 ﬁeri
837 1411 884 1431 ne-

101 1453 160 1487 quit.
172 1453 237 1487 Quid
250 1460 336 1488 ergo,
353 1452 378 1480 si
399 1459 447 1480 rex
469 1451 581 1486 jusserit
595 1450 647 1478 hoc
659 1450 757 1483 facere,
771 1453 800 1477 et
812 1457 884 1476 mor-

101 1503 148 1526 tem
156 1499 334 1527 comminetur
343 1499 437 1526 dicens
449 1506 456 1526 :
471 1497 598 1526 Homines
611 1504 664 1525 non
677 1497 796 1524 volantes
803 1496 885 1531 jubeo

101 1544 195 1571 concidi
207 1545 249 1572 vel
263 1543 308 1571 uri
324 1564 333 1576 ,
357 1543 400 1571 vel
415 1542 478 1578 quid
492 1542 580 1570 simile
591 1542 647 1578 pati
660 1550 667 1569 ε
682 1550 746 1569 num
759 1542 819 1577 quis
832 1541 885 1576 ipsi

100 1591 212 1618 obedietl
221 1590 400 1626 Nequaquam
414 1611 420 1617 .
437 1589 488 1617 hoc
501 1589 571 1617 enim
586 1593 677 1616 natura
694 1588 766 1616 ferre
781 1589 883 1624 nequit.

101 1635 140 1662 Sin
154 1640 239 1664 autem
253 1636 291 1663 de
302 1635 427 1662 castitate
438 1634 555 1670 itlipsum
570 1637 681 1665 statuat,
696 1633 824 1668 justaque
838 1641 885 1668 po-

102 1685 159 1712 nat.
182 1687 210 1709 ut
224 1681 390 1709 libidinosus
404 1680 530 1715 puniatur
542 1700 551 1713 ,
569 1684 662 1707 uratur
675 1700 683 1713 ,
698 1679 846 1716 ﬂagellatur
860 1683 888 1707 et

102 1727 165 1755 mille
178 1732 314 1756 lamenta
331 1726 458 1762 patiatur,
472 1733 562 1754 annon
573 1725 649 1753 multi
660 1725 750 1754 edicto
763 1726 886 1761 pareant?

104 1772 160 1806 Non,
173 1773 282 1810 inquies
296 1783 302 1800 :
318 1780 380 1801 nam
395 1773 438 1800 lex
449 1777 574 1808 est,qu:e
587 1772 665 1807 jubet
676 1780 729 1799 non
744 1772 884 1806 mtechari,

103 1825 175 1854 neque
185 1827 284 1848 omnes
295 1819 491 1853 obsequuntur.
503 1818 560 1845 Non
572 1817 641 1853 quod
653 1817 776 1845 inﬁrmus
786 1822 814 1845 et
823 1817 887 1845 levis

101 1865 130 1892 sit
142 1867 236 1898 timor,
257 1865 310 1894 sed
334 1864 397 1900 quia
411 1864 489 1892 mttlti
512 1872 542 1891 se
567 1863 652 1891 latere
675 1871 755 1898 posse
767 1869 886 1898 sperent.

98 1911 168 1944 Quod
181 1912 203 1939 si
215 1911 362 1947 legislator
371 1914 400 1938 et
411 1908 494 1944 judex
507 1909 781 1937 adessentlihidinem
794 1909 889 1943 imple-

99 1956 160 1983 taris
171 1977 180 1991 ,
200 1960 298 1992 posset
320 1960 385 1983 tunc
399 1959 486 1983 metus
510 1953 649 1982 libidinem
671 1961 774 1982 arcere.
788 1953 853 1982 Nam
867 1954 889 1982 si

97 2002 170 2029 aliam
181 2003 321 2031 minorem
333 2001 521 2030 necessitatem
534 2001 665 2028 induxero
680 2021 687 2034 ,
699 2005 727 2028 et
749 2001 783 2028 ab
801 2007 888 2029 amata

97 2048 202 2076 muliere
215 2048 388 2076 abstractum
401 2046 549 2079 abduxero,
566 2051 593 2074 et
605 2046 724 2074 vinctum
740 2047 887 2081 inclusere,

97 2094 188 2128 poterit
197 2094 272 2122 ferre
285 2115 293 2128 ,
309 2098 337 2122 et
349 2092 416 2120 nihil
431 2100 511 2128 grave
525 2092 591 2128 pati.

127 2139 209 2167 Nemo
230 2145 332 2167 natura
353 2139 433 2166 bonus
451 2139 490 2166 uel
503 2144 594 2166 natura
607 2139 699 2166 matus.
712 2154 748 2160 —
764 2139 803 2167 Ne
829 2147 892 2175 ergo

95 2185 226 2218 dicamus,
242 2186 323 2213 hunc
338 2190 434 2212 natura
457 2185 556 2212 bonum
568 2206 576 2218 ,
591 2185 664 2212 illum
680 2189 776 2213 natura
791 2186 890 2213 malum

95 2238 160 2259 esse.
186 2232 256 2259 Nam
274 2232 299 2259 si
326 2235 424 2259 natura
446 2230 533 2258 bonus
555 2231 608 2265 sit,
632 2239 776 2266 numquam
793 2232 893 2266 poterit

95 2276 177 2304 malus
199 2277 281 2310 ﬁeri;
298 2280 329 2304 ct
353 2276 375 2303 si
399 2280 494 2303 natura
519 2276 623 2309 malus,
648 2284 790 2311 numquam
807 2276 893 2304 bonus

95 2323 149 2350 erit.
162 2323 242 2351 Nunc
260 2327 356 2350 autem
372 2321 494 2349 videmus
509 2322 611 2349 celeres
623 2322 785 2350 mutationes
795 2344 802 2355 ,
818 2327 845 2350 et
860 2323 892 2351 ah

929 211 969 240 his
982 211 1008 239 in
1020 211 1069 238 alia
1084 211 1180 238 mutari
1194 232 1200 244 ,
1218 215 1245 238 et
1260 210 1294 237 ab
1314 210 1366 238 illis
1380 210 1406 238 in
1420 210 1472 237 alia
1485 210 1594 238 cadere.
1612 210 1646 237 Et
1660 211 1718 237 lure

928 265 980 284 non
1007 258 1033 284 in
1047 256 1192 292 Scripturis
1208 260 1309 283 tantum
1325 256 1416 284 videre
1438 261 1479 283 cst
1493 265 1500 283 :
1525 256 1641 291 exempli
1656 264 1721 284 eau-

927 310 956 330 sa
970 324 977 336 ,
1000 302 1071 338 quod
1093 302 1227 338 publicani
1249 302 1310 329 facti
1333 303 1386 330 sint
1409 302 1543 338 apostoli,
1557 307 1585 330 et
1598 302 1721 338 discipuli

927 349 1076 384 proditores
1094 370 1100 381 ,
1133 354 1161 376 et
1194 349 1351 377 meretrices
1388 353 1470 376 casta:
1505 349 1656 383 mulieres,
1693 353 1722 377 et

929 396 1047 424 latrones
1071 396 1198 430 pra'clare
1224 401 1353 431 agentes,
1369 400 1397 423 et
1419 395 1489 431 magi
1512 395 1673 430 adorantes,
1695 400 1722 424 et

929 442 1002 478 impii
1026 443 1051 470 in
1067 443 1191 477 pietatem
1215 442 1335 470 conversi
1349 463 1356 476 ,
1373 443 1453 478 idque
1476 447 1529 470 tam
1556 444 1584 470 in
1608 443 1721 477 Veteri,

929 495 1007 523 quam
1035 488 1060 515 in
1087 488 1162 515 Novo
1182 488 1355 515 Testamento
1377 489 1457 516 :imo
1481 489 1600 523 qttotidie
1625 490 1722 517 similia

929 533 1051 560 accidere
1076 533 1208 561 videmus.
1233 533 1260 561 Si
1285 541 1349 560 vero
1376 534 1506 561 naturalia
1528 533 1586 562 btec
1610 539 1722 568 essent,

929 587 982 606 non
998 583 1173 607 mutarentur.
1197 579 1262 607 Nam
1278 587 1339 608 cum
1353 580 1436 608 simus
1451 585 1545 608 natura
1566 581 1721 616 passibiles,

930 625 1003 652 nullo
1027 634 1154 661 ttmqttam
1179 626 1269 653 studio
1300 627 1481 662 impassibiles
1505 627 1616 655 erimus.
1646 628 1723 661 Quod

930 671 1001 698 enim
1024 676 1117 699 natura
1141 671 1193 700 tale
1215 677 1256 699 est
1268 693 1276 703 .
1292 681 1436 708 numquam
1449 673 1554 701 excidet
1567 681 1583 702 a
1597 675 1726 702 naturali-

931 715 990 743 bus.
1014 716 1106 744 Nullus
1119 725 1134 744 a
1149 716 1308 745 dormienda
1327 718 1455 746 abstinuit
1467 739 1474 752 ,
1492 719 1581 747 nullus
1600 727 1614 746 a
1628 727 1723 747 corru-

931 763 1022 797 ptione
1036 763 1069 790 ad
1092 764 1317 799 incorruptionem
1333 765 1446 792 transire
1470 766 1572 801 potuit,
1589 766 1677 794 nullus
1689 767 1724 793 ab

931 810 1019 837 esurie
1032 809 1159 837 liberatus
1171 815 1223 844 est,
1234 810 1268 837 ita
1282 815 1374 838 utnon
1387 811 1455 838 ultra
1468 812 1578 839 esuriat.
1592 812 1655 840 Ideo
1667 813 1725 841 lucc

932 863 984 884 non
1001 857 1026 884 in
1048 857 1149 884 crimen
1165 861 1324 891 vertuntur,
1339 865 1426 893 neque
1441 859 1519 886 nobis
1533 867 1563 886 ea
1579 859 1724 894 exprobra-

932 909 1001 929 mtts.
1026 901 1118 937 Neque
1132 903 1247 937 aliquem
1261 908 1438 931 accusaturus
1450 904 1582 939 quispiatn
1597 904 1666 932 dixit
1680 914 1687 932 :
1702 905 1725 932 Ο

933 946 1038 982 impure
1048 967 1056 980 ,
1071 951 1095 975 et
1113 947 1281 982 passionibus
1296 948 1429 982 obnoxie;
1443 949 1490 976 sed
1504 953 1550 976 aut
1563 949 1724 977 adulterium

932 998 978 1020 aut
990 997 1110 1028 stuprum
1122 998 1167 1020 aut
1181 993 1244 1027 quid
1258 993 1345 1021 simile
1355 1001 1462 1029 semper
1473 995 1597 1022 obnoxiis
1611 994 1726 1030 proferi-

933 1045 1010 1071 mus,
1034 1042 1060 1065 et
1087 1037 1121 1065 ad
1143 1038 1250 1073 judices
1265 1038 1424 1066 adducimus
1437 1040 1482 1074 qui
1508 1041 1685 1068 criminentur
1699 1045 1726 1068 et

933 1083 1054 1118 puniant,
1073 1088 1100 1111 ct
1113 1091 1161 1118 pro
1171 1085 1313 1112 contrariis
1326 1085 1429 1113 honore
1441 1085 1568 1113 alliciant.
1584 1086 1651 1114 Cum
1662 1095 1726 1122 ergo

937 1135 991 1156 tum
1005 1137 1037 1157 ex
1049 1129 1082 1156 iis
1097 1137 1156 1164 quas
1171 1130 1240 1157 inter
1253 1138 1301 1157 nos
1314 1135 1407 1158 mutuo
1422 1130 1534 1159 facimus
1545 1152 1552 1164 ,
1569 1136 1625 1159 tum
1647 1141 1680 1160 ex
1694 1133 1727 1160 iis

934 1183 993 1210 qum
1009 1175 1034 1202 in
1052 1175 1153 1210 judicio
1169 1176 1285 1210 patimur
1296 1195 1303 1209 ,
1319 1176 1385 1204 etin
1399 1176 1502 1212 legibus
1516 1177 1707 1212 descripsimus
1718 1199 1725 1210 ,

936 1225 990 1247 tum
1003 1228 1036 1248 ex
1053 1221 1084 1248 iis
1098 1221 1132 1248 de
1144 1221 1240 1255 quibus
1253 1229 1302 1248 nos
1317 1221 1390 1256 ipsos
1404 1221 1573 1254 damnamus,
1590 1222 1652 1250 licet
1670 1224 1728 1250 ttul-

936 1267 976 1294 lus
988 1271 1096 1294 accuset
1108 1275 1115 1299 ;
1136 1274 1170 1294 ex
1181 1274 1213 1294 eo
1225 1266 1295 1301 quod
1309 1267 1388 1295 etiam
1401 1275 1448 1302 per
1459 1268 1589 1303 ignaviam
1611 1269 1727 1304 pejores,

936 1320 983 1348 per
1004 1313 1126 1341 timorem
1141 1313 1266 1340 meliores
1281 1313 1432 1341 efficiamur
1443 1335 1451 1348 ,
1467 1314 1629 1350 demumque
1645 1323 1680 1342 ex
1695 1323 1729 1343 eo

935 1358 1006 1393 quod
1029 1358 1097 1386 alios
1121 1358 1258 1386 videamus
1282 1358 1411 1394 prmclare
1437 1364 1547 1394 agentes
1561 1360 1593 1387 ad
1608 1360 1728 1395 philoso-

938 1404 1006 1439 phizc
1025 1404 1129 1431 culmen
1152 1404 1258 1431 venisse
1271 1425 1278 1436 ,
1295 1404 1381 1437 palam
1403 1405 1437 1432 sit
1459 1413 1541 1440 penes
1564 1414 1612 1433 nos
1627 1414 1686 1434 esse
1702 1412 1731 1434 ut

938 1454 1009 1477 recte
1023 1457 1150 1484 agamus;
1165 1457 1214 1476 cur
1235 1457 1284 1476 nos
1300 1449 1397 1477 frustra
1419 1450 1522 1485 frigidis
1535 1451 1688 1479 obtentibus
1703 1458 1731 1480 et

937 1494 1153 1522 excusationibus
1166 1494 1314 1530 decipimus
1325 1515 1332 1527 ,
1348 1503 1408 1530 qua:
1421 1504 1474 1522 non
1497 1496 1578 1524 modo
1592 1497 1671 1524 nobis
1685 1506 1731 1525 vc-

938 1541 1008 1568 niam
1021 1548 1075 1568 non
1087 1541 1251 1574 concilient,
1273 1541 1320 1568 sed
1341 1542 1430 1576 potius
1446 1542 1616 1570 intolerabile
1630 1544 1730 1578 suppli-

938 1587 1027 1620 cium;
1041 1595 1101 1614 cum
1117 1592 1254 1622 oporteret
1266 1587 1337 1614 diem
1351 1587 1423 1614 illum
1439 1587 1586 1615 terribilem
1603 1596 1657 1624 pra:
1672 1597 1732 1616 ocu-

940 1634 972 1660 lis
991 1633 1131 1666 habentes,
1145 1633 1251 1660 virtutis
1270 1641 1361 1661 curam
1375 1641 1468 1669 gerere
1482 1638 1509 1661 et
1521 1639 1583 1670 post
1596 1634 1731 1662 modicum

939 1679 1057 1707 laborem
1071 1679 1285 1714 incorruptibiles
1297 1687 1412 1708 coronas
1426 1680 1568 1715 accipere?
1578 1680 1649 1709 Nihil
1659 1684 1732 1709 enim

940 1725 1017 1752 nobis
1026 1726 1171 1761 proderunt
1179 1725 1236 1752 lucc
1246 1725 1325 1753 verba
1334 1735 1341 1759 ;
1349 1726 1535 1761 sedeonservi,
1546 1727 1590 1763 qui
1598 1728 1733 1756 contraria

941 1775 1013 1799 recte
1037 1776 1164 1806 egerunt,
1190 1776 1345 1806 peccatores
1359 1779 1453 1800 omnes
1466 1772 1647 1805 damnabunt,
1669 1781 1734 1801 cru-

940 1819 1027 1846 delem
1041 1818 1204 1850 misericors,
1223 1808 1321 1845 malinn
1334 1818 1429 1851 bonus,
1443 1819 1570 1847 audacem
1585 1820 1733 1854 modestus,

943 1864 1060 1891 invidum
1076 1864 1239 1897 benevolus,
1256 1872 1330 1892 vana:
1353 1864 1446 1900 gloria:
1465 1865 1591 1900 cupidum
1615 1865 1734 1900 philoso-

943 1909 1011 1945 phus
1023 1931 1031 1943 ,
1047 1917 1156 1945 segnem
1170 1910 1305 1937 studiosus
1318 1931 1325 1943 ,
1343 1910 1472 1938 lascivum
1486 1916 1584 1939 castus.
1602 1911 1646 1939 Sic
1659 1912 1736 1939 nobis

941 1955 1070 1989 judicium
1087 1955 1157 1983 Deus
1173 1955 1250 1988 feret,
1267 1961 1410 1991 utrumque
1423 1961 1522 1984 statuet
1534 1957 1668 1990 ordinem,
1686 1957 1736 1985 hos

944 2001 1054 2029 laudans
1067 2022 1075 2034 ,
1091 2001 1150 2029 illos
1163 2002 1287 2037 puniens.
1306 2001 1403 2029 Verum
1418 2002 1506 2035 absit,
1520 2007 1549 2029 ut
1564 2003 1736 2037 pra‘scntium

943 2047 1075 2082 quispiam
1100 2055 1135 2074 ex
1161 2054 1273 2074 numero
1300 2054 1392 2074 eorum
1408 2047 1444 2074 sit
1468 2047 1513 2082 qui
1541 2047 1684 2083 punientur
1709 2054 1738 2076 et

945 2093 1090 2128 ignominia
1103 2092 1270 2125 afﬁcientur;
1287 2093 1332 2120 sed
1349 2094 1402 2120 sint
1416 2094 1505 2128 potius
1519 2101 1551 2121 ex
1566 2102 1679 2123 numero
1691 2103 1738 2124 eo-

945 2147 1003 2166 rum
1025 2140 1069 2174 qui
1084 2143 1247 2166 coronautur
1257 2160 1264 2171 ,
1279 2143 1306 2166 et
1327 2139 1446 2167 divinum
1460 2147 1572 2175 regnum
1594 2140 1714 2169 obtinent
1728 2150 1736 2175 ;

945 2186 1015 2221 quod
1036 2193 1085 2212 nos
1098 2192 1192 2212 omnes
1204 2185 1310 2220 assequi
1334 2186 1474 2220 contingat
1487 2207 1494 2214 .
1519 2187 1604 2221 gratia
1618 2191 1646 2214 et
1659 2187 1738 2216 beni-

945 2232 1046 2268 gnilatc
1071 2231 1174 2259 Domini
1199 2232 1285 2258 nostri
1309 2231 1373 2258 Jesu
1396 2232 1511 2266 Christi,
1536 2233 1643 2267 quicum
1665 2234 1738 2262 Patri

947 2285 1052 2313 unaque
1063 2277 1171 2313 Spiritui
1182 2282 1274 2305 sancto
1287 2278 1380 2313 gloria,
1393 2278 1544 2313 imperium,
1558 2279 1654 2313 honor,
1667 2288 1738 2307 nunc

948 2329 976 2352 et
985 2332 1105 2359 semper,
1122 2327 1149 2352 el
1165 2325 1190 2352 in
1203 2326 1301 2353 sarcula
1316 2326 1485 2353 saeculorum.
1501 2327 1597 2354 Amen.

97 2381 1702 2394 —________—__..____—_—____

850 2414 1021 2445 HOMILIA
1045 2415 1098 2446 Ill.

92 2484 153 2514 Car.
168 2488 193 2515 t.
213 2496 242 2514 ν.
262 2488 311 2515 to.
331 2486 442 2521 Obsecro
456 2491 538 2513 autent
552 2495 605 2519 eos,
623 2488 724 2521 fratrea,
742 2494 786 2521 per
805 2495 895 2514 nomen

126 2532 230 2561 Domini
246 2533 339 2561 nostri
354 2533 417 2559 Iesu
432 2531 543 2565 Christi,
558 2537 585 2559 ut
600 2532 666 2559 idem
680 2533 771 2559 dicatis
785 2541 871 2560 omnes
885 2554 892 2565 ,

124 2585 149 2606 et
170 2588 221 2608 non
233 2581 288 2608 sint
312 2580 343 2606 in
365 2579 434 2607 vobis
447 2579 600 2611 schismata;
615 2579 669 2606 sitis
687 2583 770 2606 autem
793 2580 896 2615 perfecti

124 2626 150 2653 in
165 2627 254 2654 eadem
266 2631 359 2654 mente
372 2630 395 2653 et
409 2626 436 2653 in
448 2625 534 2652 eadem
554 2626 685 2652 sententia.

127 2673 154 2700 l.
169 2672 380 2708 lncrepatiouea
391 2671 484 2698 saltim
497 2675 519 2698 et
534 2671 662 2698 moderate
675 2671 730 2705 ﬁeri
744 2676 852 2706 oportet.
861 2686 896 2691 —

92 2716 164 2751 Quod
179 2726 294 2753 semper
309 2717 438 2745 dicebam
451 2737 458 2748 .
473 2717 572 2744 sensim
587 2721 614 2744 et
627 2717 754 2752 paulatim
771 2717 894 2752 increpa-

93 2764 176 2792 tiones
198 2765 259 2792 ﬁeri
286 2767 431 2799 oportere,
453 2763 504 2791 hoc
516 2767 543 2790 et
565 2763 663 2791 Paulus
677 2763 720 2791 hie
734 2763 806 2791 facit.
830 2763 896 2791 nem

93 2811 159 2838 enim
173 2818 306 2847 magnam
325 2811 500 2844 ingressurus
521 2810 612 2837 multis
625 2810 731 2845 plenam
746 2810 873 2845 periculis
886 2830 894 2842 ,

97 2859 121 2884 et
132 2864 191 2892 qua-
207 2861 304 2892 posset
330 2854 611 2883 Ecclesiamlunditus
633 2861 773 2890 evertere,
790 2856 896 2883 mitiore

255 2917 404 2945 Pa'rImL.
426 2915 484 2945 Gn.
508 2916 587 2946 LXI.

949 2489 1032 2515 utitur
1053 2495 1189 2515 sermone.
1204 2488 1249 2515 Ait
1263 2488 1333 2516 enim
1349 2496 1378 2516 se
1403 2489 1546 2517 obsecrare
1560 2489 1634 2522 illos;
1658 2491 1738 2518 obse-

948 2540 1025 2561 crare
1038 2537 1126 2560 autem
1141 2540 1190 2568 per
1204 2532 1357 2566 Christum,
1372 2535 1446 2569 quasi
1460 2534 1517 2569 ipse
1533 2535 1606 2562 solus
1620 2543 1672 2563 non
1684 2536 1739 2564 suf-

949 2580 1040 2607 ﬁceret
1052 2579 1084 2606 ad
1094 2579 1173 2607 talem
1185 2579 1417 2614 supplicationem,
1429 2585 1456 2608 et
1467 2581 1499 2608 ad
1513 2581 1738 2616 persuadendum.

948 2625 1016 2658 Quid
1040 2629 1082 2652 est
1104 2629 1193 2652 autem
1204 2646 1211 2659 ,
1227 2625 1346 2653 Obsecro
1361 2633 1408 2660 per
1422 2626 1576 2654 Christum?
1600 2628 1740 2656 Christum

949 2672 1063 2700 adhibeo
1084 2672 1185 2699 socium
1196 2693 1204 2705 ,
1220 2676 1247 2700 et
1261 2672 1287 2699 in
1312 2673 1438 2700 auxilium
1453 2673 1511 2708 ejus
1533 2681 1629 2702 nomen
1645 2675 1741 2710 injuria

950 2722 978 2745 et
998 2718 1158 2746 contumelia
1174 2717 1308 2746 alfectum.
1335 2719 1486 2747 Admodum
1511 2721 1648 2756 apposite,
1664 2726 1692 2748 ut
1706 2730 1738 2750 ne

952 2764 990 2791 illi
1017 2763 1188 2799 impudenter
1212 2766 1526 2800 agereutzimpudentes
1548 2767 1619 2794 enim
1643 2774 1740 2802 pecca-

928 2845 930 2847 τ
952 2814 1006 2836 ιυιη
1032 2809 1103 2837 facit.
1122 2809 1186 2837 Ideo
1197 2810 1219 2838 si
1233 2811 1322 2838 statim
1338 2811 1445 2845 quidem
1461 2811 1635 2840 vehementer
1653 2813 1741 2840 incre-

951 2856 1066 2890 paveris,
1090 2856 1219 2884 immitem
1241 2861 1268 2884 et
1291 2857 1471 2892 impudentem
1496 2856 1598 2885 efﬁcis:
1615 2858 1637 2885 si
1653 2858 1739 2886 incre-

1537 2906 1555 2936 2
