2060 3111
276 146 311 173 2'3
638 143 666 171 S.
685 142 822 170 JOANNIS
832 140 1065 170 CllltYSOSTOMI
1086 142 1242 171 AIKCIIIEP.
1263 143 1524 171 CONSTANTINOP.
1878 148 1914 175 Ἦ,

279 204 392 239 paveris,
408 204 538 231 cervicem
563 202 658 230 ﬂexisti
669 223 676 236 ,
694 202 819 237 loquendi
842 201 989 228 libertatem
1004 200 1064 226 abs—

278 250 398 282 traxisti,
416 254 443 277 ut
456 250 578 277 deorsum
595 249 724 283 aspiceret
738 247 833 274 fecisti.
854 246 929 280 Quod
951 244 1067 272 efﬁciens

277 297 374 323 Paulus
387 297 493 323 interitu
509 296 632 323 obsecrat
648 303 694 329 per
710 301 805 321 nomen
821 293 930 319 Christi.
946 292 980 319 Et
993 292 1067 326 quid—

278 350 338 370 nam
353 342 496 370 obsecrat?
515 342 547 369 Ut
569 341 634 366 idem
650 340 740 366 dicatis
756 347 859 371 omnes,
876 342 898 365 et
913 346 963 364 non
978 338 1027 365 sint
1043 338 1067 364 in

277 388 345 415 vobis
361 375 510 415 schismata.
535 386 693 414 Schismatis
708 384 857 418 etnphatica
873 384 912 411 vis
929 384 1068 418 ipsumque

277 435 453 462 accusationis
469 441 565 461 nomen
581 433 645 459 satis
660 436 753 464 erant,
771 437 796 458 ut
820 430 878 458 illos
894 431 990 458 acriter
1006 438 1066 464 per—

276 480 446 514 stringerent.
460 479 517 506 Non
534 478 603 505 enim
621 478 725 504 fuerunt
743 478 832 504 multae
844 482 932 512 partes
944 477 1064 511 intcgrm,

277 525 323 552 scd
337 525 416 552 etiam
431 532 481 551 una
498 524 623 558 perierat.
639 523 704 550 Nam
717 523 738 550 si
753 524 880 550 Ecclesia:
890 526 982 550 essent
997 523 1064 549 inte

276 578 346 604 (ξι-ιι).
365 570 438 596 ιιιυίιὶ
453 575 542 597 essent
554 574 640 596 curtus
654 578 660 596 :
677 569 699 595 si
715 573 802 596 autem
816 568 969 600 schismata,
985 574 1065 594 unum

276 615 407 650 periisset.
424 616 489 642 Nam
506 615 574 650 quod
591 616 722 651 integrum
738 619 795 648 est,
811 622 871 641 cum
888 615 913 641 in
929 614 1010 641 multa
1026 612 1066 640 di-

276 661 392 693 viditur,
409 669 460 687 non
485 661 564 688 modo
590 668 641 687 non
667 661 750 687 multa
774 659 905 692 efﬁcitur,
928 658 974 686 sed
996 658 1066 693 quod

275 715 357 733 unum
372 711 428 734 erat
445 707 523 741 perit.
540 706 611 733 Talis
627 711 667 732 est
679 706 853 733 schismatum
870 710 972 732 natura.
992 704 1065 730 Dein-

277 753 310 779 de
322 752 382 787 quia
397 752 540 778 admodum
557 752 749 785 perstrinxerat
768 750 920 778 schismatis
935 750 1042 777 nomine
1058 770 1063 781 ,

276 805 368 824 rursus
382 798 447 824 lenit
469 803 494 824 et
512 797 613 831 mitigat
629 796 669 823 his
685 796 772 824 verbis
788 805 793 823 :
810 795 872 823 Sitis
887 800 971 822 autem
984 795 1065 829 perfe-

275 845 308 870 rtt‘
322 844 348 870 in
371 843 457 870 eadem
472 848 553 869 mente
576 847 599 868 et
620 843 645 868 in
662 842 748 868 cadent
762 841 895 868 sententia.
911 840 977 875 Quia
993 840 1063 867 enim

274 890 394 923 dixerat,
412 889 445 916 Ut
461 889 525 915 idem
539 888 629 914 dicatis
642 896 650 919 ;
662 888 699 914 Νε
715 887 824 922 putetis,
839 886 935 922 inquit,
949 894 992 913 me
1005 893 1065 913 cou-

276 936 394 962 cordiam
421 935 520 961 dixisse
544 934 569 960 in
586 934 675 961 verbis
697 933 782 960 solum
798 933 896 959 sitam:
918 939 977 959 eam
993 931 1064 959 enim

274 988 333 1015 qua:
348 981 373 1007 in
387 984 477 1007 mente
493 984 533 1006 est
548 979 718 1006 concordiam
733 978 851 1013 requiro.
865 977 918 1005 Sed
933 978 992 1012 quia
1009 977 1064 1004 ﬁeri

274 1031 378 1060 potest,
397 1031 425 1053 ut
440 1026 554 1061 idipsum
570 1030 660 1052 mente
675 1024 766 1052 diezint
780 1045 787 1057 ,
810 1024 857 1051 sed
872 1032 923 1051 non
946 1024 971 1050 in
986 1024 1065 1051 rebus

277 1073 401 1100 omnibus
413 1094 421 1106 ,
438 1072 498 1100 ideo
512 1071 576 1100 illud
592 1071 670 1099 etiam
686 1070 796 1102 addidit,
811 1070 874 1098 Sitis
887 1075 969 1097 autem
981 1071 1064 1106 pet-fc»

275 1121 317 1147 rti.
334 1120 383 1154 Qui
397 1120 467 1147 enim
483 1120 508 1146 in
524 1119 732 1154 aliquojunctus
747 1124 803 1150 est,
819 1118 844 1145 in
867 1119 955 1154 aliquo
977 1123 1064 1145 autem

276 1166 404 1198 dissidet,
426 1173 478 1193 non
504 1165 595 1200 tttiquc
621 1164 755 1200 perfectus
770 1169 828 1199 est,
849 1172 936 1199 neque
962 1166 987 1191 in
1011 1168 1066 1191 toto

276 1212 419 1239 consentit.
444 1211 516 1239 Fieri
540 1216 628 1238 autem
648 1214 756 1244 potest,
777 1215 805 1237 ut
826 1210 886 1245 quis
906 1210 1065 1244 cogitatione

277 1257 437 1290 i-mteordet,
461 1265 548 1291 neque
569 1261 656 1283 tuneo
680 1256 811 1284 sententia
832 1265 837 1282 :
864 1261 891 1283 ιιι
914 1264 973 1283 cum
994 1264 1066 1283 eam-

275 1306 337 1332 dem
364 1304 493 1331 babenlcs
516 1303 609 1333 ﬁdem,
637 1304 746 1330 caritate
769 1302 853 1337 juncti
884 1310 937 1329 non
962 1310 1064 1329 sumus.

275 1351 320 1378 Sic
350 1350 420 1378 enim
448 1350 593 1376 sreundnm
622 1349 737 1383 cogitata
759 1348 845 1383 junCIi
877 1355 969 1376 sumus
997 1348 1064 1379 (ea-

276 1397 336 1423 dem
360 1396 458 1431 quippe
481 1395 642 1429 engitanms)
657 1416 662 1427 ,
679 1394 811 1421 sententia
828 1402 890 1420 vero
906 1401 957 1420 non
979 1394 1043 1420 item
1059 1403 1064 1419 :

275 1443 345 1477 qttod
361 1443 441 1470 etiam
457 1447 519 1468 tune
535 1442 631 1467 factum
649 1447 686 1467 est
700 1461 707 1473 ,
722 1448 782 1467 cum
800 1440 842 1466 hic
859 1440 965 1474 quidem
981 1439 1063 1470 illum,

277 1489 322 1515 ille
344 1488 425 1515 alium
441 1488 563 1521 eligeret.
589 1487 651 1513 Ideo
675 1486 709 1512 ait
733 1489 759 1512 et
782 1491 871 1512 tuente
885 1490 912 1511 et
935 1484 1065 1512 sententia

274 1533 348 1568 jungi
363 1532 471 1559 debere.
487 1531 578 1565 Neque
600 1531 671 1558 enim
685 1530 755 1564 qttod
771 1530 796 1557 in
812 1530 864 1557 ﬁdc
888 1529 1065 1561 dissidereut,

277 1578 422 1605 schismata
449 1580 545 1608 erant;
571 1575 618 1602 scd
640 1575 711 1609 quod
727 1574 858 1602 sententia
875 1574 1066 1601 dirimerentur

278 1624 423 1651 secundum
436 1623 579 1650 humanam
595 1621 806 1650 contentionem.
819 1620 871 1648 Sed
884 1621 1008 1655 quoniam
1023 1620 1045 1648 is
1057 1641 1066 1654 ,

278 1671 322 1706 qui
337 1674 494 1701 accusatur,
510 1668 597 1695 donec
618 1672 700 1694 testes
714 1674 766 1693 non
787 1666 885 1698 habet,
899 1666 1067 1700 impudenter

278 1717 348 1752 agit;
365 1715 425 1743 vide
440 1714 574 1750 quomodo
589 1721 641 1741 nou
657 1712 807 1740 concedens
820 1717 849 1739 ut
864 1717 971 1747 negent,
987 1716 1067 1738 testes

279 1762 400 1789 adducat.
428 1761 470 1788 Η.
494 1760 671 1795 Signi/iculum
693 1758 759 1785 enim
786 1763 820 1785 est
844 1758 906 1784 mihi
927 1758 958 1783 de
977 1757 1065 1790 vobis,

280 1810 369 1843 fratres
383 1829 389 1840 ,
406 1808 437 1833 ab
460 1807 489 1832 iis
502 1806 543 1837 qui
557 1810 615 1832 sunt
630 1804 731 1832 Cltloes.
747 1803 839 1838 Neque
857 1803 947 1830 statim
963 1803 1012 1829 hoc
1027 1802 1067 1829 di-

279 1859 365 1886 xerat,
381 1853 427 1880 sed
440 1853 525 1887 primo
536 1851 735 1878 accusationem
747 1854 883 1885 posuerat,
900 1849 969 1884 quod
982 1849 1066 1883 ipsum

280 1899 491 1934 signiﬁcantibus
504 1898 652 1925 credidisse
667 1897 777 1932 probat:
794 1895 844 1922 nisi
859 1895 930 1923 enim
943 1895 993 1922 hoc
1007 1894 1069 1921 fuis-

279 1952 316 1972 ιιι-ι
328 1967 335 1978 ,
351 1953 402 1972 ιιοιι
418 1948 588 1972 accusasset:
603 1952 656 1971 non
679 1948 780 1970 temere
796 1942 866 1969 enim
890 1941 987 1969 Paulus
1008 1948 1069 1968 cre-

279 1991 399 2018 didisset.
424 1990 516 2025 Neque
536 1989 625 2016 statim
647 1988 710 2016 diin
727 1988 777 2015 sibi
798 1986 975 2021 signiﬁcatum
991 1993 1066 2017 esse,

281 2045 313 2063 ne
329 2036 463 2063 videretur
477 2034 552 2069 quasi
567 2034 601 2061 ab
616 2034 667 2061 illis
680 2033 804 2060 inductus
817 2039 944 2059 accusare
959 2041 964 2057 :
983 2038 1069 2065 neque

281 2083 360 2110 tacuit
375 2089 467 2109 eorinn
484 2088 593 2113 nomen,
609 2087 642 2106 ne
655 2079 791 2106 videretur
805 2086 838 2106 ex
855 2085 883 2104 se
898 2077 956 2104 solo
969 2076 1067 2104 dicere.

282 2129 383 2156 Rursus
409 2127 470 2154 illos
484 2126 581 2153 fratres
602 2125 732 2153 nominat.
750 2124 825 2152 Licet
846 2123 917 2150 enim
933 2126 1069 2158 peccatum

282 2173 450 2201 manifestum
474 2176 560 2204 esset,
577 2170 642 2198 nihil
658 2169 821 2205 impediebat
845 2169 987 2204 quominus
1010 2168 1070 2195 illos

281 2219 367 2246 adlmc
383 2218 479 2246 fratres
492 2220 612 2244 vocaret.
626 2215 770 2243 Considera
787 2219 875 2242 autem
891 2213 1070 2249 prudentiam,

283 2263 417 2300 quomodo
432 2271 484 2290 non
499 2267 649 2298 separatam
662 2268 804 2296 personam
825 2260 951 2295 posuerit,
965 2259 1011 2287 sed
1025 2260 1072 2288 do-

282 2318 355 2338 mum
369 2314 463 2342 totam,
480 2316 513 2335 ne
525 2307 576 2342 ipsi
590 2308 749 2342 impcterent
762 2314 823 2333 eum
839 2305 884 2341 qui
898 2305 925 2333 id
940 2305 1069 2334 dixisset:

282 2357 317 2383 ita
333 2355 404 2382 enim
419 2359 446 2381 et
461 2354 535 2381 illum
554 2353 635 2384 texit,
653 2357 679 2380 et
698 2351 895 2379 accusationem
918 2352 977 2379 sine
1000 2356 1072 2379 metu

282 2401 396 2435 aperuit.
410 2399 467 2427 Non
488 2399 552 2426 vidit
572 2398 644 2425 enim
666 2398 752 2425 solum
766 2399 836 2433 quod
851 2399 914 2430 illis,
927 2398 973 2425 sed
990 2398 1070 2425 etiam

283 2447 352 2482 quod
367 2447 407 2473 his
422 2444 568 2480 expediret.
585 2444 646 2472 Ideo
657 2452 710 2471 non
725 2444 809 2476 dixit,
822 2444 1006 2479 Signiﬁcatutn
1023 2444 1073 2471 mi-

284 2493 313 2521 hi
326 2497 367 2520 est
381 2500 396 2518 a
410 2490 586 2526 quihusdam;
602 2489 648 2517 sed
663 2490 743 2517 etiam
763 2489 871 2517 domum
887 2489 1015 2517 indicavit
1025 2511 1032 2522 ,
1046 2494 1074 2516 ut

285 2547 320 2567 no
329 2538 464 2567 videretur
473 2536 649 2565 comminisci.
660 2537 728 2570 Quid
739 2537 916 2572 signiﬁcatum
925 2537 986 2564 est?
999 2537 1073 2570 Quod

286 2584 455 2612 contentiones
469 2583 518 2610 sint
533 2583 560 2610 in
573 2582 651 2610 vobis.
668 2582 779 2617 Quando
794 2582 855 2610 illos
869 2582 1009 2617 increpat,
1032 2583 1073 2609 di-

287 2631 322 2657 cit
334 2639 341 2658 ;
357 2628 398 2656 Ne
407 2629 455 2656 sint
469 2629 495 2655 in
508 2628 577 2656 vobis
589 2628 740 2661 schismata;
753 2635 813 2655 cum
828 2633 918 2655 autem
932 2635 992 2663 qua;
1005 2627 1073 2655 alio-

288 2685 346 2704 rum
363 2681 424 2703 sunt
437 2675 577 2702 anniuntiat
587 2694 594 2706 ,
609 2673 700 2702 mitius
713 2673 790 2701 eﬂ‘ert
802 2673 845 2701 his
865 2674 972 2701 verbis:
986 2674 1076 2710 Signi-

288 2724 391 2757 ficatum
409 2722 474 2748 enim
489 2725 524 2747 est
535 2720 607 2752 mihi.
622 2719 690 2755 quod
702 2720 870 2747 contentione:
882 2721 977 2747 suntin
990 2721 1076 2753 vobis;

289 2774 318 2795 ut
332 2776 366 2795 ne
378 2775 425 2795 eos
437 2767 482 2803 qui
494 2766 632 2799 dixerant,
649 2773 701 2792 una
717 2765 869 2800 impeteret.
881 2766 983 2795 Deinde
992 2774 1077 2802 genus

288 2813 468 2843 contentionis
482 2812 565 2840 dicit:
583 2811 625 2840 f2.
643 2811 716 2844 Quod
736 2812 903 2848 unusquisque
916 2818 1024 2841 oestrum
1037 2814 1078 2841 di-

289 2861 322 2890 cit
335 2880 342 2893 ,
369 2858 424 2895 E90
438 2857 538 2894 quidem
553 2866 610 2886 sum
626 2857 703 2885 Pauli
719 2879 725 2891 ,
743 2866 787 2893 ego
802 2863 885 2887 autent
900 2859 993 2894 Apollo
1007 2881 1013 2895 ,
1030 2869 1075 2896 ego

1126 209 1182 228 vero
1192 201 1294 237 Cap/iw.
1308 202 1498 232 Contentiones
1508 204 1578 231 enim
1589 204 1649 232 dico
1658 226 1665 238 ,
1683 206 1766 241 inquit
1778 227 1785 239 ,
1799 214 1850 233 nou
1864 215 1910 235 eas

1122 254 1181 281 qum
1196 246 1228 273 de
1255 247 1334 274 rebus
1362 248 1472 282 privatis
1487 244 1568 282 sunt,
1595 251 1642 277 sed
1657 251 1805 285 graviores.
1834 252 1908 285 Quod

1121 293 1290 327 unusquisque
1304 298 1412 321 vestrum
1427 295 1497 322 dicit.
1514 295 1571 322 Non
1585 297 1655 323 enitn
1672 301 1773 331 partem
1783 319 1791 330 ,
1807 298 1855 325 sed
1871 303 1910 326 to-

1123 341 1176 363 tam
1200 338 1347 365 Ecclesiam
1371 341 1507 374 corruptio
1521 341 1687 369 devastabat.
1704 343 1784 378 Atqui
1806 351 1856 371 nec
1876 344 1910 372 de

1121 383 1226 418 scipso,
1245 391 1294 412 nec
1314 385 1347 413 de
1366 386 1462 419 Petro,
1476 394 1525 414 nec
1540 387 1573 414 de
1588 389 1683 422 Apollo
1704 389 1845 422 dicebant;
1862 391 1910 418 sed

1120 429 1256 461 ostendit,
1281 431 1351 464 quod
1375 432 1397 458 si
1419 431 1461 459 his
1480 432 1645 460 innitendum
1666 442 1719 461 non
1741 439 1800 468 est,
1823 436 1908 463 multo

1121 475 1209 501 minus
1222 475 1292 502 aliis.
1309 476 1385 509 Quod
1406 482 1494 504 autem
1513 486 1565 505 non
1586 479 1619 506 de
1635 479 1676 506 his
1686 479 1824 513 dicerent,
1841 481 1910 509 infra

1120 520 1186 547 dicit
1198 529 1203 546 :
1222 520 1284 548 llazc
1298 527 1380 549 autem
1394 524 1573 559 transﬁguraoi
1587 525 1613 551 in
1633 533 1673 552 me
1686 531 1710 552 et
1722 526 1826 561 Apot'lo,
1842 532 1870 554 ut
1883 528 1910 554 in

1120 567 1191 593 nobis
1213 567 1317 594 discuti:
1338 577 1388 595 non
1410 577 1488 604 supra
1506 570 1536 596 id
1549 571 1617 605 quod
1632 572 1753 606 scriptum
1771 578 1807 600 eu
1822 578 1911 608 supera

1122 613 1159 648 (Ι.
1176 613 1236 641 Cor.
1252 615 1279 641 4.
1295 614 1334 650 2).
1349 615 1426 649 Quod
1444 616 1467 643 si
1481 617 1556 644 Pauli
1569 638 1577 651 ,
1591 618 1687 652 ΛροΙΙο
1704 623 1729 645 et
1743 618 1841 653 Cepha:
1854 627 1909 647 non

1119 660 1258 695 oportebat
1273 661 1323 688 sibi
1335 662 1443 689 nomina
1457 662 1624 696 adscribere,
1639 664 1724 691 multo
1739 665 1826 692 minus
1838 665 1908 692 alio-

1120 714 1188 733 rum.
1205 706 1230 733 Si
1247 707 1385 734 dnctorctn
1401 714 1427 735 et
1443 708 1556 742 primutn
1570 710 1752 743 apostolorum
1763 731 1769 742 ,
1786 710 1830 744 qui
1845 716 1903 737 tan-

1120 758 1175 779 tutn
1195 753 1344 780 instituerat
1360 755 1485 788 populum
1497 775 1505 787 ,
1521 763 1573 782 non
1589 756 1728 790 oportebat
1744 756 1792 783 sibi
1805 756 1909 783 adscri-

1119 798 1192 829 bere,
1206 799 1288 825 tnulto
1300 799 1387 825 minus
1397 807 1443 826 eos
1453 800 1497 834 qui
1509 800 1574 827 nihil
1587 805 1673 827 erant.
1686 800 1751 828 Cum
1762 800 1908 836 hyperbole

1119 843 1207 878 itaque
1223 844 1282 871 illos
1305 851 1319 870 a
1340 845 1434 872 morbo
1448 845 1581 873 abducere
1596 846 1707 873 studens
1731 846 1787 874 haec
1800 848 1908 874 nomina

1119 890 1203 923 ponit.
1227 890 1350 926 Alioquin
1368 899 1432 918 vero
1455 892 1535 918 etiam
1551 892 1638 919 minus
1654 893 1793 921 molestam
1809 894 1908 921 oratio-

1119 937 1179 962 nem
1196 936 1302 970 reddit,
1318 944 1370 963 non
1391 937 1547 965 nominatim
1562 946 1705 966 recensens
1718 946 1765 966 eos
1777 939 1821 974 qui
1834 940 1907 967 scin-

1118 982 1216 1009 debant
1230 982 1376 1010 Ecclesiam
1390 1004 1397 1015 ,
1413 983 1459 1011 sed
1475 985 1549 1019 quasi
1572 984 1652 1012 larvis
1664 985 1822 1019 quibusdam
1841 992 1908 1020 apo-

1119 1028 1247 1056 stolorum
1258 1029 1410 1057 nominibus
1421 1030 1493 1065 ipsos
1506 1030 1634 1065 obtegens
1648 1040 1654 1057 :
1669 1030 1725 1066 Ego
1739 1031 1840 1065 quidem
1851 1039 1908 1058 sum

1120 1074 1197 1101 Pauli
1209 1095 1216 1106 ,
1232 1083 1277 1110 ego
1292 1080 1375 1102 autem
1390 1075 1483 1111 Apollo
1494 1096 1501 1108 ,
1518 1084 1563 1112 ego
1577 1084 1634 1103 vero
1646 1076 1747 1112 Cephw.

1153 1121 1183 1147 9.:
1199 1121 1297 1149 Paulus
1309 1129 1360 1148 non
1375 1123 1476 1157 pra:ch
1490 1130 1516 1149 se
1532 1121 1617 1150 Petro.
1629 1137 1664 1143 -—
1678 1122 1736 1150 Non
1755 1123 1899 1158 prazfercns

1119 1174 1148 1194 se
1164 1167 1252 1200 Petro,
1269 1168 1357 1202 posuit
1379 1167 1454 1194 illum
1486 1167 1626 1201 ultimum;
1642 1168 1694 1195 into
1715 1176 1780 1195 vero
1800 1169 1908 1196 Petrum

1119 1212 1169 1239 sibi
1185 1212 1260 1239 valde
1276 1219 1442 1247 praeponens,
1459 1220 1507 1246 per
1531 1212 1767 1247 ampliﬁcationem
1782 1213 1908 1248 loquutus

1119 1262 1170 1290 est,
1186 1265 1219 1284 ne
1241 1262 1377 1291 putaretur
1399 1259 1450 1285 ltoc
1465 1266 1514 1293 per
1539 1259 1668 1286 invidiam
1693 1259 1791 1294 facere,
1813 1264 1840 1287 et
1855 1268 1909 1295 pra:

1120 1304 1203 1331 livore
1214 1304 1279 1338 ipsis
1302 1304 1431 1332 honorem
1448 1303 1563 1331 auferre.
1580 1304 1642 1331 ideo
1657 1305 1775 1339 seipsum
1790 1306 1905 1340 primum

1120 1351 1217 1384 posuit.
1234 1349 1300 1377 Nam
1313 1351 1357 1385 qui
1372 1357 1401 1377 se
1421 1350 1534 1384 pritnutn
1552 1352 1688 1384 reprobat,
1702 1359 1755 1378 non
1771 1352 1841 1386 quod
1856 1352 1908 1379 ho-

1120 1404 1213 1423 norem
1239 1401 1310 1423 amet
1330 1396 1381 1423 hoc
1394 1396 1466 1428 facit,
1483 1396 1529 1424 sed
1545 1396 1615 1431 quod
1642 1397 1720 1424 talem
1736 1398 1848 1433 gloriam
1862 1398 1910 1426 ad-

1120 1441 1227 1468 modum
1242 1440 1381 1475 despiciat.
1394 1440 1489 1468 Totum
1504 1449 1568 1476 ergo
1584 1442 1711 1477 impetum
1726 1444 1827 1477 primtts
1842 1444 1909 1471 exci-

1121 1486 1167 1520 pit,
1184 1489 1298 1520 tnncque
1311 1485 1386 1520 ponit
1396 1485 1501 1520 Apollo,
1514 1490 1607 1520 postea
1621 1486 1752 1522 Cepham.
1769 1488 1827 1516 Non
1845 1496 1909 1524 ergo

1119 1538 1180 1558 sese
1193 1531 1324 1558 extollens
1340 1531 1365 1557 id
1378 1530 1456 1563 fecit;
1472 1531 1518 1558 sed
1529 1532 1554 1558 in
1570 1532 1612 1565 iis,
1626 1540 1685 1567 qua:
1698 1533 1754 1560 ﬁeri
1766 1542 1819 1561 nou
1830 1541 1909 1569 opor-

1120 1576 1191 1604 tebat
1204 1596 1210 1606 .
1229 1584 1276 1610 per
1290 1576 1423 1611 propriam
1441 1584 1582 1611 personam
1608 1578 1695 1612 primo
1714 1580 1909 1607 correctionetn

1120 1621 1191 1649 facit.
1208 1621 1260 1649 Sed
1273 1622 1343 1657 quod
1358 1622 1375 1649 ii
1386 1622 1504 1657 quidem,
1519 1623 1564 1658 qui
1578 1622 1638 1650 huic
1652 1624 1693 1651 vel
1706 1624 1751 1651 alii
1769 1632 1799 1652 se
1809 1624 1911 1652 adscri-

1121 1669 1226 1701 berent,
1241 1673 1394 1703 peccarent,
1410 1668 1498 1703 palam
1517 1673 1558 1696 est
1573 1677 1580 1696 :
1597 1677 1628 1696 ac
1641 1674 1715 1697 recte
1731 1670 1791 1697 illos
1801 1671 1911 1706 corrigit

1120 1714 1211 1742 dicens
1229 1713 1306 1741 :Non
1319 1714 1387 1741 bene
1409 1714 1495 1741 facitis
1514 1714 1651 1747 dicentes,
1673 1715 1728 1750 Ego
1742 1716 1911 1749 quidemtum

1121 1760 1209 1793 Pauli,
1221 1769 1266 1795 ego
1283 1766 1366 1786 autem
1381 1761 1484 1794 Apollo,
1497 1769 1542 1795 ego
1556 1769 1612 1788 vero
1635 1760 1735 1795 Cap/ue.
1753 1761 1807 1789 Cur
1819 1768 1910 1790 autem

1120 1806 1231 1838 addidit,
1249 1807 1303 1842 Ego
1314 1815 1371 1834 t'ero
1383 1807 1497 1834 Christi?
1506 1807 1571 1834 Nam
1586 1807 1609 1835 si
1625 1807 1641 1834 ii
1654 1808 1698 1842 qui
1714 1816 1743 1835 se
1756 1808 1909 1836 hominibus

1122 1852 1322 1887 adscripserunt
1337 1860 1493 1886 peccavere,
1512 1860 1564 1879 non
1581 1857 1656 1880 certe
1673 1853 1690 1880 ii
1705 1854 1748 1888 qui
1761 1862 1790 1881 sc
1801 1853 1908 1882 Christo

1122 1897 1292 1924 addicebanl.
1304 1897 1358 1925 Sed
1385 1905 1436 1925 non
1451 1905 1497 1924 eos
1509 1897 1560 1925 hac
1573 1898 1607 1925 de
1623 1905 1652 1925 re
1667 1899 1819 1930 accusabat,
1838 1899 1910 1934 quod

1122 1950 1151 1969 se
1162 1941 1268 1969 Christo
1281 1942 1476 1975 adscribi-rent,
1489 1942 1537 1969 sed
1550 1943 1636 1970 solutn
1653 1943 1723 1978 quod
1738 1951 1790 1971 non
1804 1952 1909 1972 omnes.

1123 1986 1191 2014 Puto
1202 1992 1290 2013 autem
1308 1987 1393 2021 ipsum
1410 1986 1460 2014 hoc
1473 1994 1506 2014 ex
1521 1995 1550 2014 se
1562 1987 1704 2022 adjecisse,
1720 1993 1749 2015 ut
1759 1989 1912 2023 graviorem

1124 2032 1223 2059 faceret
1243 2032 1459 2065 accusationem,
1488 2037 1517 2060 et
1541 2033 1696 2061 ostenderet
1708 2033 1843 2062 Christum
1866 2035 1913 2062 uni

1124 2078 1215 2104 datum
1231 2085 1292 2105 esse
1307 2077 1386 2112 parti,
1411 2077 1515 2104 etiamsi
1536 2078 1574 2104 illi
1591 2078 1641 2105 hoc
1660 2086 1711 2105 non
1726 2079 1765 2107 sic
1782 2079 1911 2107 facerent.

1124 2124 1200 2157 Quod
1212 2125 1283 2152 enitn
1309 2125 1359 2151 hoc
1374 2124 1594 2156 subiudicaverit,
1610 2132 1657 2159 per
1670 2133 1701 2152 ea
1717 2133 1776 2161 qua:
1791 2133 1911 2160 sequun-

1126 2175 1167 2197 tur
1181 2170 1298 2198 ostendit
1309 2169 1400 2197 dicens
1417 2179 1423 2197 :
1439 2170 1482 2197 15.
1499 2169 1602 2198 Divisa:
1613 2176 1649 2198 est
1664 2171 1780 2199 Christus
1792 2172 1805 2198 .’
1819 2172 1846 2199 Id
1861 2177 1912 2205 est,

1124 2216 1259 2243 Christum
1271 2215 1438 2249 concidistis,
1449 2221 1475 2243 et
1486 2223 1583 2251 corpus
1596 2217 1654 2251 ejus
1670 2217 1810 2245 divisistis.
1832 2218 1914 2247 Vides

1126 2263 1203 2295 iram,
1220 2261 1294 2289 vides
1305 2261 1529 2296 increpationem,
1542 2262 1614 2290 vides
1629 2270 1781 2290 sermonem
1794 2264 1916 2299 indigna-

1126 2309 1198 2336 tione
1214 2308 1339 2343 plenum?
1350 2308 1415 2335 Cum
1429 2309 1501 2336 enim
1515 2317 1568 2335 non
1583 2309 1739 2343 probatione
1753 2315 1854 2343 utatur,
1867 2310 1915 2339 sed

1127 2356 1274 2390 interroget
1293 2359 1395 2381 tantum
1407 2375 1413 2386 ,
1431 2354 1483 2382 hoc
1498 2354 1559 2382 facit
1573 2357 1648 2389 quasi
1664 2356 1816 2383 absurditas
1831 2356 1875 2383 illa
1889 2356 1915 2383 in

1126 2400 1250 2427 confesso
1266 2400 1310 2427 sit.
1325 2399 1439 2433 Quidam
1451 2407 1514 2427 vero
1528 2399 1600 2427 aliud
1612 2400 1783 2428 subindicare
1798 2406 1892 2435 putant
1906 2422 1914 2434 ,

1126 2453 1185 2473 cum
1206 2446 1259 2472 ait:
1273 2445 1376 2472 Divisa;
1396 2450 1431 2472 est
1445 2444 1691 2481 Christua;nempe
1702 2445 1835 2481 dispertiit
1848 2446 1918 2481 apud

1128 2492 1248 2519 homines
1262 2496 1288 2519 et
1302 2491 1390 2518 divisit
1408 2491 1566 2523 Eeclesiam,
1581 2496 1609 2519 et
1620 2497 1722 2527 partem
1736 2492 1844 2527 quidem
1861 2493 1918 2527 ipse

1127 2538 1208 2572 cepit,
1221 2538 1353 2572 aliamque
1366 2537 1419 2565 illis
1432 2537 1514 2565 dedit.
1533 2537 1634 2565 Deinde
1644 2537 1836 2565 absurditatem
1845 2538 1918 2566 illam

1129 2584 1197 2612 tollit
1208 2584 1300 2611 dicens
1313 2592 1319 2610 :
1341 2583 1472 2618 Numquid
1488 2583 1587 2611 Paulus
1608 2584 1746 2618 cruciﬁxus
1756 2589 1792 2611 est
1808 2592 1855 2618 pro
1869 2592 1916 2611 uo-

1128 2631 1175 2664 bis,
1190 2631 1273 2657 autin
1289 2630 1389 2657 nomine
1405 2630 1481 2657 Pauli
1496 2630 1617 2665 baptizati
1627 2630 1708 2657 estin?
1723 2631 1788 2658 Vide
1801 2636 1920 2658 mentem

1129 2677 1227 2704 Christi
1243 2683 1395 2707 amanlcm,
1412 2677 1548 2711 quomodo
1576 2678 1602 2703 in
1627 2683 1724 2704 nomen
1749 2684 1826 2704 suum
1844 2676 1920 2704 deiu—

1130 2731 1194 2759 ceps
1210 2728 1295 2752 totutn
1315 2724 1429 2751 adducat
1443 2744 1451 2756 ,
1463 2723 1576 2751 ubertim
1591 2723 1737 2750 ostendens
1750 2723 1821 2750 hunc
1834 2723 1920 2750 hono-

1131 2776 1188 2797 rem
1199 2770 1299 2797 nemini
1307 2774 1473 2804 competere.
1488 2770 1524 2796 Ac
1537 2776 1571 2795 ne
1586 2768 1706 2796 videatur
1720 2768 1819 2795 invidia
1833 2773 1921 2796 motus

1132 2815 1190 2842 lucc
1215 2814 1324 2848 dicere,
1345 2815 1406 2842 ideo
1430 2822 1459 2841 se
1486 2815 1639 2849 freqttenter
1664 2814 1854 2842 circumversat
1872 2823 1879 2840 :
1896 2819 1921 2841 et

1134 2861 1302 2896 prudentiam
1318 2861 1468 2890 considera.
1483 2861 1541 2889 Non
1554 2861 1625 2890 coitu
1640 2861 1717 2897 dixit,
1734 2861 1802 2889 Nam
1820 2861 1919 2889 Paulus
