2060 3111
307 153 344 179 25
646 148 675 177 S.
697 146 839 176 JOANNIS
854 139 1099 172 CIIRYSOSTOMI
1118 137 1278 167 ARCHIEP.
1298 135 1573 165 CONS'I‘ANTINOP.
1909 139 1942 167 ει,

307 217 358 235 στα
382 207 410 234 δὲ
429 208 446 243 ἡ
470 207 514 234 διὰ
534 206 581 233 τοῦ
598 206 716 240 σταυροῦ
743 203 959 239 συγκατάϐασις.
979 201 1034 243 Καὶ
1048 199 1098 243 οὐκ

306 247 379 282 εἷπε,
405 241 451 284 Μή
473 248 578 280 Παῦλος
593 248 730 275 ἀπέθανεν
745 247 816 281 ὑπὲρ
835 244 927 280 ὑμῶν;
955 242 1034 272 ἀλλά,
1049 241 1097 275 Μὴ

306 291 427 323 Παῦλος
439 289 630 324 ἐσταυρώθη;
657 288 704 316 καὶ
723 288 753 314 τὸ
779 285 848 318 εἶδος
864 286 911 313 τοῦ
926 285 1042 311 θανάτου
1056 292 1096 310 τι-

306 332 380 364 θείς·
405 332 425 366 ἢ
450 333 491 364 εἰς
511 333 543 358 τὸ
558 332 652 366 ὄνομα
668 329 791 357 Παύλου
807 327 1024 360 ἐϐαπτίσθητε;
1042 325 1097 352 Καὶ

304 374 356 400 οὐκ
380 370 451 405 εἷπε,
479 372 525 408 Μὴ
544 372 650 403 Παῦλος
675 370 823 397 ἐϐάπτισεν
846 369 935 404 ὑμᾶς
966 367 1097 408 ἐξάπτισε

305 415 361 450 7&9
387 414 502 445 πολλούς
511 406 524 429 ’Ἴ
543 412 601 439 ἀλλ’
616 412 646 439 οὐ
663 412 694 438 τὸ
708 411 875 447 ζητούμενον
891 409 970 436 τοῦτο
983 406 1029 450 ἦν,
1045 407 1098 450 ὑπὸ

304 448 377 487 τίνος
392 454 605 489 ἐϐαπτίσθησαν,
621 453 690 480 ἀλλά
703 453 733 480 τὸ
749 454 789 484 είς
801 453 875 483 τίνος
889 451 974 486 δνομα
985 448 1097 477 ἐϐαπτί-

306 497 421 532 σθησαν.
439 497 467 522 Ἐ
474 495 549 530 πειδὴ
557 495 612 531 γὰρ
623 495 756 522 καὶτοῦτο
768 495 853 522 αἴτιον
861 492 970 527 ἐγένετο
981 490 1097 527 σχισμά-

305 548 369 570 των,
385 539 415 565 τὸ
430 537 483 565 ἀπὸ
494 537 548 564 τῶν
572 537 764 572 βαπτισάντων
777 535 930 567 καλεῖσθαι,
951 534 1000 561 καὶ
1016 535 1097 561 τοῦτο

304 578 458 615 διορθοῦται
485 579 583 613 λέγων,
599 578 648 613 Μὴ
665 580 709 612 εἰς
723 578 757 605 τὸ
773 578 867 612 bram
893 577 1017 604 Παύλου
1030 575 1097 601 ἐσα-

305 622 468 655 πτίσθητες
485 621 540 648 Καὶ
555 621 591 656 μὴ
606 621 660 657 γὰρ
677 621 768 656 εἴπῃς,
781 619 859 655 φησὶ,
874 619 923 650 Τίς
938 618 1095 649 ἐϐάπτισεν,

305 663 362 690 ἀλλ’
372 683 380 696 ,
395 663 443 696 Είς
456 663 487 690 τὸ
497 664 570 695 τίνος
585 663 686 698 δνομας
702 663 739 690 Οὺ
755 662 810 697 7&9
824 663 838 688 6
854 661 999 696 βαπτίσας,
1010 659 1068 686 ἀλλ’
1082 660 1096 685 6

304 704 474 740 καλούμενος
496 705 536 737 είς
563 705 594 731 τδ
621 704 763 739 βάπτισμα
789 703 925 738 ζητεῖται·
943 700 1020 733 οὗτος
1042 701 1096 735 γὰρ

304 746 402 781 ἀφίησι
419 745 453 773 τὰ
468 747 667 782 ἁμαρτήματα.
681 746 735 772 Καὶ
747 745 811 781 ἄχρι
824 744 920 772 τούτου
935 743 1037 779 στήσας
1050 743 1096 770 τὸν

304 788 393 822 λόγον,
407 788 500 815 οὐκέτι
522 789 578 820 τοῖς
601 787 663 823 ἑξῆς
676 787 863 822 ἐπεξέρχεται.
889 786 928 812 Ού
942 785 997 821 7&9
1009 784 1096 819 λέγει,

304 830 351 866 Μὴ
368 829 474 862 Παῦλος
490 831 555 865 ὑμῖν
579 829 761 864 ἐπηγγείλατο
781 828 816 855 τὰ
833 828 964 862 μέλλοντα
987 826 1095 861 ἀγαθάς

306 872 343 907 μὴ
359 871 467 903 Παῦλος
491 872 557 907 ὑμῖν
583 871 717 906 ὑπέσχετο
737 870 878 904 βασιλείαν
901 868 1043 904 οὐρανῶνς
1063 867 1096 894 Τί

303 913 403 948 δήποτε
423 912 471 940 οὖν
491 913 553 948 οὐχὶ
572 914 621 939 καὶ
635 912 722 939 ταῦτα
741 911 941 947 προστίθησιν;
964 911 1028 937 ὀτι
1044 910 1096 937 οὐκ

303 954 378 982 ἔστιν
391 955 447 981 ῖσον
460 954 598 990 βασιλείαν
616 953 844 988 ἐπαγγείλασθαι,
862 953 912 980 καὶ
930 952 1093 988 παυρωθῆο

303 1005 357 1023 ναι.
372 997 476 1024 Ἐκεῖνο
493 997 543 1033 μὲν
566 996 621 1032 γὰρ
637 995 699 1023 οὔτε
715 996 838 1023 κίνδυνον
864 993 948 1031 εἶχεν,
975 995 1038 1022 οὔτε
1053 995 1096 1021 al-

303 1037 404 1074 σχύνην
419 1037 511 1074 ἔφερε·
529 1037 610 1064 τοῦτο
624 1037 653 1064 δὲ
669 1037 777 1064 ἅπαντα
790 1037 888 1064 ταῦτα·
907 1037 993 1068 ἄλλως
1005 1036 1033 1064 δὲ
1048 1036 1095 1063 καὶ

302 1081 395 1107 ἐκεῖνα
410 1081 464 1106 ἀπὸ
486 1080 590 1107 τούτων
610 1080 820 1112 κατασκευάζει.
847 1078 940 1106 Εἰπὼν
963 1080 1028 1114 7&9,
1046 1080 1095 1112 Ὃς

301 1131 336 1156 γε
350 1122 403 1148 τοῦ
428 1122 506 1149 ἰδίου
525 1122 594 1149 Υίοῦ
613 1123 668 1149 οὐκ
691 1122 846 1156 ἐφείσατο,
872 1122 1011 1157 ἐπήγαγε,
1028 1120 1095 1153 Πῶς

302 1163 369 1197 οὐχὶ
393 1163 441 1189 καί
473 1163 535 1190 σὺν
557 1162 638 1196 αὐτῷ
666 1163 701 1189 τὰ
720 1162 819 1190 πάντα
836 1162 910 1198 ἡμῖν
924 1163 1094 1197 χαρίσεται;

302 1205 350 1231 καὶ
371 1204 461 1237 πάλιν,
475 1205 510 1232 El
521 1204 576 1239 γὰρ
590 1205 689 1238 ἐχθροὶ
707 1204 793 1238 ὄντες
807 1204 1039 1239 κατηλλάγημεν
1055 1203 1095 1236 τῷ

302 1244 363 1278 Θεῷ
392 1245 441 1273 διὰ
466 1246 520 1273 τοῦ
549 1246 679 1273 θανάτου
701 1246 756 1273 τοῦ
781 1246 850 1273 Υίοῦ
871 1245 976 1277 αὐτοῦ,
989 1244 1095 1278 πολλῷ

299 1287 419 1321 μᾶλλον
433 1288 675 1322 καταλλαγέντες
690 1289 899 1322 σωθησόμεθα.
916 1287 1019 1314 Τούτου
1035 1287 1094 1313 ἐνε-

301 1337 349 1355 κεν
374 1329 423 1356 οὐκ
440 1329 582 1364 ἐπήγαγεν
599 1330 702 1357 ἐκεῖνα·
723 1330 771 1357 καὶ
797 1330 837 1356 ὅτι
860 1329 896 1356 τὰ
917 1329 966 1365 μέν
986 1329 1094 1356 οὐδέπω

300 1368 446 1405 εἷχον,τῶν
460 1371 489 1398 δέ
502 1371 552 1407 ήδη
567 1373 665 1407 πεῖραν
676 1371 834 1407 εἰλήφεσαν,
850 1371 898 1398 καὶ
909 1372 943 1398 τὰ
957 1371 1006 1406 μὲν
1018 1369 1052 1407 ἦν
1065 1372 1093 1397 ἐν

300 1412 490 1446 ἐπαγγελίαις,
509 1413 544 1440 τὰ
568 1413 597 1440 δὲ
624 1413 674 1448 ἢδη
702 1413 844 1448 γεγένητο.
858 1413 1035 1448 Εὐχαριστῶ
1052 1412 1093 1446 τῷ

300 1454 372 1486 Θεῷ,
389 1455 434 1481 ὅτι
448 1454 559 1482 οὐδένα
576 1455 662 1490 ὑμῶν
681 1454 838 1486 ἐϐάπτισα,
855 1455 882 1481 εἰ
896 1454 940 1489 μὴ
955 1455 1093 1489 Κρίσπον

299 1496 349 1522 καὶ
363 1496 466 1524 Κὰϊον.
486 1496 543 1533 [18]
559 1497 591 1524 Τί
609 1496 682 1532 μέγα
696 1498 820 1531 φρονεῖτε
835 1497 882 1523 ἐπὶ
896 1496 936 1531 τῷ
950 1496 1091 1531 βαπτίσαι,

299 1538 367 1564 ὅπου
383 1546 415 1572 γε
430 1537 486 1572 ἐγὼ
499 1538 547 1564 καὶ
559 1538 726 1574 εὐχαριστῶ,
741 1538 782 1564 ὅτι
800 1538 851 1565 οὐκ
866 1538 983 1573 ἐποίησα
997 1537 1090 1570 toﬁ-ro;

300 1579 395 1607 Ταῦτα
420 1580 449 1606 δὲ
479 1580 577 1614 λέγων,
598 1580 726 1615 καθαιρεῖ
741 1580 771 1606 τὸ
796 1580 844 1606 ἐπὶ
860 1579 949 1615 τούτῳ
978 1579 1093 1615 φύσημα

299 1621 490 1657 οἰκονομικῶς,
507 1622 568 1657 οὐχὶ
580 1621 629 1658 τὴν
645 1622 760 1656 δύναμιν
773 1621 819 1648 τοῦ
835 1621 1034 1656 βαπτίσματος,
1055 1621 1092 1656 μὴ

299 1664 418 1697 γένοιτο,
431 1663 501 1690 ἀλλὰ
513 1664 563 1700 τὴν
573 1664 704 1691 ἀπόνοιαν
719 1663 773 1690 τῶν
788 1663 860 1698 μέγα
875 1663 922 1689 ἐπὶ
936 1662 975 1698 τῷ
993 1662 1093 1698 βαπτί-

300 1714 346 1732 σαι
363 1705 547 1741 φρονούντων,
561 1705 671 1741 πρῶτον
691 1705 741 1741 μὲν
756 1705 796 1741 τῷ
821 1704 972 1738 δεικνύναι,
988 1705 1028 1733 ὅτι
1042 1706 1093 1733 οὐκ

299 1748 390 1774 αὐτῶν
408 1749 466 1775 ἐστι
491 1748 521 1775 τδ
551 1747 649 1784 δῶρον,
664 1747 792 1783 δεύτερον
813 1747 843 1775 δέ
867 1747 907 1783 τῷ
920 1748 1093 1784 εὐχαριστεῖν

299 1789 337 1825 τῷ
353 1788 414 1825 Θεῷ
429 1789 474 1816 διὰ
485 1789 574 1817 τοῦτο.
590 1790 670 1824 Μέγα
684 1789 734 1825 μέν
746 1789 799 1825 γὰρ
813 1788 844 1815 τδ
859 1788 1012 1825 βάπτισμα,
1023 1790 1092 1818 άλλά

301 1831 372 1866 μέγα
385 1831 451 1858 αὐτὸ
462 1831 511 1866 οὐχ
523 1832 537 1858 6
555 1831 694 1866 βαπτίζων
709 1832 791 1863 ποιεῖ,
810 1830 869 1858 ἀλλ’
884 1831 898 1857 ὁ
921 1831 1092 1867 καλούμενος

299 1874 339 1905 είς
350 1873 380 1900 τδ
394 1873 552 1909 βάπτισμα·
579 1873 641 1900 ἐπεὶ
656 1873 686 1899 τὸ
698 1872 829 1908 βαπτίσαι
845 1873 922 1900 οὐδέν
935 1873 1010 1900 ἐστιν
1028 1874 1092 1900 ὅσον

299 1916 339 1947 εἰς
353 1914 524 1951 ἀνθρώπινον
540 1915 631 1947 πόνον,
650 1914 719 1942 ἀλλὰ
734 1914 824 1950 πολλῷ
848 1915 958 1942 ἔλαττον
978 1915 1024 1942 τοῦ
1044 1915 1091 1941 εὺ-

299 1957 508 1992 αγγελίσασθαι.
524 1957 605 1990 Μέγα
620 1956 670 1992 μὲν
691 1957 746 1991 γάρ
762 1956 832 1989 ἐστι,
856 1956 938 1983 πάλιν
959 1957 1043 1992 φημὶ,
1061 1957 1092 1984 τὸ

300 1999 453 2034 βάπτισμα,
475 1999 522 2026 καὶ
550 1999 615 2026 ἄνευ
636 1997 825 2033 βαπτίσματος
848 1999 991 2034 ἀμήχανον
1012 1998 1090 2033 βασι-

298 2041 373 2073 λείας
403 2041 562 2076 ἐπιτυχεῖν·
591 2039 661 2067 ἀλλὰ
687 2040 798 2067 δύναται
824 2039 890 2067 αὺτδ
909 2040 956 2067 καὶ
973 2040 1043 2076 ἀνὴρ
1060 2041 1090 2067 οὐ

300 2083 404 2118 σφόδρα
420 2084 543 2118 γενναῖος
558 2082 682 2118 ποιῆσαι,
696 2082 727 2109 τὸ
740 2082 768 2109 δέ
783 2082 1012 2117 εὐαγγελίσασθαι
1025 2083 1090 2110 πολ-

299 2126 345 2152 λοῦ
357 2127 443 2153 δεῖται
461 2127 556 2153 πόνου.

334 2167 368 2201 7'.
385 2168 467 2201 Λέγει
480 2167 508 2194 δὲ
524 2167 572 2194 καὶ
583 2167 633 2202 τὴν
649 2166 751 2200 αἰτίαν,
763 2166 797 2193 δι’
810 2167 843 2202 ἢν
858 2167 1032 2202 εὐχαριστεῖ,
1045 2168 1090 2195 ὅτε

299 2210 393 2236 οὐδένα
416 2209 559 2236 ἐὸάπτισε.
574 2209 621 2241 Τίς
638 2207 686 2236 οὖν
704 2209 780 2236 ἐστιν
801 2207 892 2244 αὖτη;
908 2209 970 2236 Ἵνα
985 2209 1028 2244 μή
1046 2219 1091 2243 τις

299 2253 380 2285 smn.
400 2251 478 2286 φησὶ,
503 2251 548 2278 ὅτι
564 2252 607 2284 εἰς
624 2251 658 2278 τὸ
674 2251 748 2286 ἐμὸν
765 2251 860 2285 ὄνομα
880 2250 1089 2286 ἐϐαπτίσθητε.

300 2294 332 2321 Τί
350 2293 395 2320 δαί
405 2302 413 2327 ;
429 2293 494 2329 περὶ
506 2294 561 2328 γὰρ
576 2293 688 2320 ἐκείνων
698 2293 778 2320 τοῦτο
790 2292 882 2327 ελεγον
895 2298 909 2313 Α
921 2302 928 2325 ;
947 2293 1089 2330 Οὐδαμῶς·

299 2336 368 2362 ἀλλά
379 2336 496 2368 δέδοικα1
509 2335 585 2370 φησὶ,
597 2335 634 2370 μὴ
649 2335 696 2362 καὶ
711 2336 751 2367 εἰς
765 2334 845 2362 τοῦτο
868 2335 956 2371 προϐῇ
969 2335 999 2362 τὺ
1012 2336 1091 2372 νόση-

302 2386 348 2412 μα.
360 2377 391 2404 EE
401 2377 454 2413 7&9
463 2376 579 2404 εὐτελῶν
586 2376 739 2412 ἀνθρώπων
747 2376 794 2404 καὶ
800 2376 907 2408 οὐδενὸς
916 2376 1000 2410 ἀξίων
1010 2377 1090 2412 λόγου

301 2417 497 2454 βαπτιζδντων,
520 2418 626 2454 αἵρεσις
637 2417 760 2452 γέγονεν,
772 2419 796 2445 εί
812 2418 868 2453 ἐγὼ
881 2419 895 2445 6
907 2419 1092 2453 καταγγείλας

299 2462 330 2488 τὸ
347 2461 489 2496 βάπτισμα
503 2459 618 2491 πολλοὺς
633 2460 781 2493 ἐὸάπτισα,
798 2461 871 2492 εἰκὸς
885 2458 919 2496 ἦν
937 2461 1090 2494 συστάντας

301 2503 339 2537 μὴ
357 2502 436 2537 μόνον
452 2502 498 2528 ἐπὶ
513 2501 551 2537 τῷ
563 2501 676 2536 ὀνόματί
692 2510 744 2538 μου
755 2501 907 2534 καλεῖσθαι,
923 2502 991 2530 ἀλλὰ
1003 2503 1050 2530 καὶ
1061 2503 1092 2531 τὸ

301 2545 442 2579 βάπτισμα
456 2543 519 2578 ἐμοὶ
531 2543 719 2579 ἐπιφημίζειν.
733 2544 765 2570 Εί
778 2543 832 2579 γὰρ
849 2544 902 2571 ἀπὸ
913 2544 967 2571 τῶν
981 2544 1091 2572 ἐλαττό-

300 2595 353 2612 νων
367 2585 494 2612 τοσοῦτον
508 2585 617 2619 ἐγένετο
631 2585 715 2612 κακὸν
725 2606 732 2618 ,
750 2585 816 2617 ἴσως
830 2585 863 2613 ἂν
880 2586 928 2612 καὶ
944 2585 986 2613 ἐτι
1001 2586 1092 2623 πολλῷ

300 2627 490 2664 χαλεπώτερον
506 2627 562 2654 ἀπὸ
580 2627 635 2654 τῶν
653 2627 784 2663 μειζόνων
802 2627 920 2663 προῦὀη.
942 2629 1091 2664 Ἐντρέψας

299 2669 389 2697 τοίνυν
409 2670 472 2701 τοὺς
492 2668 709 2704 διεφθαρμένους
736 2668 833 2704 ταύτῃ,
851 2670 899 2696 καὶ
922 2670 1089 2704 προσειπὼν,

306 2711 471 2739 Ἐ’ϐἀπτισα
486 2711 520 2738 δὲ
535 2711 586 2738 καὶ
607 2711 660 2738 τὸν
677 2711 816 2745 Στεφανᾶ
830 2709 926 2743 οἷκον,
944 2712 1025 2739 πάλιν
1041 2714 1091 2740 αὑ-

299 2753 354 2780 τῶν
366 2753 498 2789 ὑποσύρει
512 2753 557 2780 τὸν
574 2751 658 2787 τῦφον
673 2752 771 2786 λέγων·
786 2753 901 2780 Λοιπὸν
915 2754 971 2780 οὐκ
985 2752 1051 2782 οἶδα
1065 2756 1093 2782 εἴ

300 2803 367 2822 τινα
378 2795 477 2822 ἄλλον
490 2793 647 2821 ἐϐάπτισα.
668 2793 809 2820 Ἐντεῦθεν
823 2794 877 2830 γὰρ
890 2795 1037 2829 δείκνυσιν,
1051 2797 1091 2824 ὅτι

299 2837 361 2864 οὐδέ
376 2837 608 2873 περισπούδαστον
621 2833 656 2871 ἦν
667 2835 741 2871 αύτῷ
756 2836 806 2871 τῆς
823 2836 877 2863 ἀπὸ
895 2837 991 2864 τούτου
1008 2841 1091 2875 τιμῆς

301 2879 450 2907 ἀπολαύειν
466 2878 541 2914 παρὰ
560 2878 615 2904 τῶν
630 2877 746 2909 πολλῶν,
764 2878 825 2904 οὐδέ
844 2878 924 2915 δόξης
938 2879 1032 2907 ἕνεκεν
1047 2882 1092 2909 ἐπὶ

328 2967 341 2982 ⁸
352 2965 393 2991 Sic
404 2966 466 2997 Reg.
482 2965 546 2990 Edm
560 2965 649 2996 ἔλεγεν.
662 2964 738 2990 Paulo
751 2971 808 2990 ante
822 2965 908 2991 deerat
920 2967 941 2991 τί
952 2968 1000 2993 δαί.

1150 196 1230 223 τοῦτο
1250 197 1361 233 ἤρχετο.
1379 195 1417 222 ού
1433 194 1539 226 τούτοις
1556 194 1584 220 δέ
1600 194 1690 228 μόνον,
1718 193 1786 220 ἀλλά
1811 193 1859 220 καὶ
1889 192 1944 224 τοῖς

1151 237 1216 273 ἑξῆς
1231 237 1336 271 σφόδρα
1355 236 1447 263 αὐτῶν
1462 235 1640 262 καταστέλλει
1656 235 1706 270 τὴν
1723 234 1890 271 φλεγμονὴν,
1903 234 1946 260 λέ-

1149 287 1221 313 γων·
1244 280 1285 305 οὐ
1309 278 1365 312 τὰρ
1390 277 1554 305 ἀπέστειλέ
1573 285 1612 311 με
1634 276 1762 311 Χριστὸς
1777 275 1944 308 βαπτίζειν,

1149 320 1230 348 ἀλλὰ
1245 319 1538 355 εὐαγγελίζεσθαιπὸ
1550 319 1605 354 7&9
1613 317 1818 353 ἐπιπονώτερον
1825 318 1874 344 καὶ¹
1883 318 1945 344 πολ-

1149 361 1196 388 λοῦ
1208 361 1334 396 δεόμενον
1350 361 1451 396 μόχθου
1469 360 1517 387 καὶ
1532 359 1622 395 ψυχῆς
1634 359 1755 395 σιδηρᾶς,
1766 359 1815 386 καὶ
1826 358 1842 385 ὃ
1857 358 1944 386 πάντα

1151 404 1256 437 συνεῖχε
1267 422 1274 434 ,
1284 402 1364 429 τοῦτο
1374 400 1417 437 ἦν.
1430 402 1476 428 Διὸ
1491 402 1539 428 καὶ
1557 400 1662 432 Παῦλος
1677 400 1743 427 αὐτὸ
1753 399 1942 435 ἐνεχειρίζετο.

1150 444 1206 470 Καὶ
1221 444 1294 476 τίνος
1313 444 1407 470 ἕνεκεν
1425 443 1463 479 μὴ
1479 442 1644 474 ἀποσταλεὶς
1661 442 1813 477 βαπτίζειν,
1831 441 1945 468 ἐϐάπτι-

1150 484 1196 516 ζεν
1207 494 1214 518 ;
1228 485 1265 512 Οὐ
1284 486 1442 520 μαχόμενος
1455 484 1494 520 τῷ
1505 484 1708 516 ἀποστείλαντι,
1719 483 1777 510 ἀλλ’
1790 484 1822 510 ἐκ
1834 491 1945 519 περιου-

1151 527 1212 558 σίας
1225 527 1306 554 τοῦτο
1316 527 1413 554 ποιῶν.
1427 528 1464 554 υὺ
1479 526 1535 562 γὰρ
1546 525 1633 559 εἶπεν,
1645 526 1686 553 ὅτι
1705 526 1871 561 Ἐκωλύθην,
1886 526 1944 553 ἀλλ’

1148 569 1190 596 ὅτι
1204 569 1261 596 Οὐκ
1277 569 1436 605 ἀπεστάλην
1449 569 1496 596 ἐπὶ
1507 568 1605 604 τούτῳ,
1622 568 1680 595 ἀλλ’
1691 568 1737 594 ἐπὶ
1745 568 1785 603 τῷ
1795 569 1943 602 ἀναγκαιο-

1149 611 1232 647 τάτῳ.
1255 611 1292 638 Τὸ
1315 611 1365 646 μέν
1395 611 1450 647 7&9
1479 610 1706 646 εὐαγγελίζεσθαι
1735 610 1794 642 ἐνός
1821 618 1873 636 που
1898 610 1944 636 καὶ

1148 652 1291 688 δευτέρου,
1311 653 1343 680 τὺ
1365 653 1394 680 δέ
1412 652 1555 688 βαπτίζειν
1572 651 1671 684 παντὸς
1700 652 1734 678 ἂν
1755 651 1798 686 εἴη
1824 650 1872 677 τοῦ
1895 651 1944 686 τὴν

1150 693 1302 729 ἱερωσύνην
1318 693 1436 729 ἔχοντος.
1456 694 1618 729 ΙἌνθρωπον
1635 693 1685 728 μέν
1699 692 1756 728 γὰρ
1771 691 1944 727 κατηχούμε-

1149 743 1195 762 νον
1223 734 1356 767 λαὸόντας
1379 735 1427 762 καὶ
1454 734 1636 770 πεπεισμένον
1665 733 1815 769 βαπτίσαι,
1844 733 1944 764 παντὸς

1149 776 1306 803 οὑτινοσοῦν
1322 777 1408 804 ἐστιν·
1425 777 1443 812 ή
1465 776 1520 812 γὰρ
1537 775 1698 812 προαίρεσις
1718 774 1766 801 τοῦ
1785 774 1944 810 προσιόντος

1149 817 1243 845 λοιπὸν
1259 817 1408 854 ἐργάζεται
1424 818 1455 845 τὺ
1468 818 1534 851 πᾶν,
1548 817 1596 844 καὶ
1605 818 1622 851 ὴ
1636 816 1684 843 τοῦ
1697 815 1766 843 Θεοῦ
1777 817 1867 851 χάρις·
1879 816 1943 843 ὅταν

1148 859 1177 886 δέ
1190 859 1321 891 ἀπίστους
1333 859 1383 896 δέῃ
1395 859 1559 895 ητηχῆσαι,
1571 858 1672 885 πολλοῦ
1684 858 1724 885 δεῖ
1737 858 1831 889 πόνου,
1843 857 1943 893 πολλῆς

1148 901 1201 937 τῆς
1215 901 1322 936 σοφίας·
1334 901 1396 928 τότε
1409 900 1438 928 δέ
1452 901 1500 928 καὶ
1511 901 1544 927 τὸ
1557 899 1724 927 κινδυνεύειν
1735 899 1851 935 προσῆν.
1871 899 1945 926 Ἐκεῖ

1150 942 1201 978 μὲν
1215 942 1270 978 γὰρ
1285 943 1316 969 τδ
1336 943 1391 969 πᾶν
1407 942 1515 977 γέγονε,
1531 942 1579 969 καὶ
1600 941 1749 969 πέπεισται
1763 943 1777 968 6
1794 949 1942 976 μυσταγωο

1148 984 1256 1018 γεῖσθαι
1268 984 1384 1019 μέλλων,
1399 983 1448 1010 καὶ
1457 983 1535 1010 οὐδὲν
1549 984 1632 1019 μέγα,
1644 983 1792 1010 πεισθέντα
1801 981 1940 1018 βαπτίσαι·

1149 1025 1266 1052 ἐνταῦθα
1278 1026 1307 1052 δὲ
1321 1025 1406 1056 πολὺς
1421 1026 1436 1052 6
1449 1026 1530 1056 πόνος
1544 1025 1615 1052 ὥστε
1630 1025 1795 1059 μεταπεῖσαι
1816 1024 1944 1059 προαίρε-

1149 1075 1202 1100 σιν,
1215 1067 1263 1094 καὶ
1283 1067 1441 1103 μεταθεῖναι
1456 1066 1581 1102 γνώμην,
1597 1066 1644 1093 καὶ
1657 1064 1860 1101 ἀναμοχλεῦσσι
1875 1065 1943 1092 πλά-

1149 1118 1208 1145 νην,
1226 1110 1273 1136 καί.
1294 1109 1500 1144 καταφυτεῦσαι
1514 1108 1565 1144 τὴν
1589 1108 1729 1143 ἀλήθειαν.
1748 1107 1804 1144 [l9]
1825 1107 1894 1134 Ἀλλ’
1910 1107 1942 1134 ού

1147 1150 1222 1184 λέγει
1234 1150 1320 1177 ταῦτα
1333 1150 1431 1182 οὕτως,
1446 1150 1508 1177 οὐδὲ
1522 1149 1723 1182 κατασκευάζει
1734 1148 1781 1175 καί
1793 1157 1887 1184 φησιν,
1902 1149 1943 1175 ὃτι

1147 1193 1242 1220 οὐδένα
1258 1193 1340 1220 πόνον
1355 1193 1412 1228 ἔχει
1426 1192 1457 1218 τὸ
1472 1192 1614 1228 βαπτίσαι,
1633 1191 1701 1218 ἀλλά
1717 1191 1748 1218 τὸ
1765 1190 1943 1224 εὐαγγελίσα-

1148 1234 1221 1261 σθαι·
1240 1232 1294 1261 οῖδε
1310 1234 1364 1270 γὰρ
1380 1234 1424 1262 ἀεὶ
1445 1233 1613 1269 μετριάζειν·
1629 1232 1687 1259 ἀλλ’
1707 1232 1737 1259 ἐν
1753 1234 1786 1268 τῇ
1801 1231 1943 1266 συγκρίσει

1146 1277 1197 1312 τῆς
1212 1276 1313 1309 ἔξωθεν
1332 1276 1430 1311 σοφίας
1449 1275 1552 1311 σφόδρα
1567 1274 1755 1306 ἀποτείνεται,
1771 1273 1836 1300 ἐνθα
1857 1282 1942 1300 κατα-

1147 1319 1328 1354 φορικωτέρῳ
1355 1318 1473 1353 ἠδύνατο
1495 1316 1653 1353 χρήσασθαι
1677 1316 1759 1352 λόγῳ.
1787 1316 1824 1342 Οὐ
1850 1315 1943 1342 τοίνυν

1147 1359 1354 1394 ἐναντιούμενος
1367 1359 1407 1394 τῷ
1431 1359 1568 1394 πέμποντι
1587 1358 1746 1390 ἐϐάπτιζεν·
1769 1357 1827 1384 ἀλλ’
1848 1357 1943 1392 ὥσπερ

1146 1401 1193 1426 ἐπὶ
1204 1400 1259 1426 τῶν
1270 1399 1374 1435 χηρῶν,
1388 1401 1519 1426 εἰπόντων
1532 1400 1588 1426 τῶν
1601 1400 1771 1431 ἀποστόλων,
1785 1399 1847 1426 οὐκ
1857 1398 1944 1425 ἐστιν

1146 1441 1277 1475 ἀρεστὸν
1293 1442 1516 1474 καταλιπόντας
1528 1440 1608 1476 ἡμᾶς
1620 1441 1675 1468 τὸν
1689 1441 1784 1476 λόγον
1796 1440 1851 1467 τοῦ
1867 1441 1943 1468 Θεοῦ

1146 1482 1298 1509 διακονεῖν
1313 1482 1479 1517 τραπέζαις,
1497 1483 1688 1518 διηκονήσατο,
1704 1482 1755 1509 οὐκ
1768 1481 1943 1517 ἐναντιούμε-

1146 1533 1190 1555 νος
1205 1524 1332 1556 ἐκείνοις,
1348 1524 1405 1550 ἀλλ’
1419 1525 1452 1551 ἐκ
1465 1524 1626 1560 περιουσίας
1641 1523 1726 1551 ποιῶν
1736 1531 1743 1538 '
1758 1523 1830 1551 οὕτω
1843 1523 1890 1550 καὶ
1900 1524 1943 1549 ἐν·

1145 1566 1245 1593 ταῠθα.
1275 1566 1353 1593 Ἐπεὶ
1374 1566 1422 1592 καὶ
1442 1566 1491 1593 νῦν
1514 1567 1571 1597 τοῖς
1596 1566 1648 1601 μέν
1671 1565 1865 1601 ἀφελεστέροις
1887 1565 1943 1592 τῶν

1148 1608 1342 1643 πρεσϐυτέρων
1361 1608 1441 1634 τοῦτο
1455 1607 1646 1644 ἐγχειρίζομεν
1658 1628 1666 1640 ,
1679 1607 1725 1634 τὸν
1742 1607 1771 1634 δὲ
1785 1607 1941 1634 διδασκαλι-

1146 1650 1194 1677 κὸν
1208 1650 1288 1683 λόγον
1308 1651 1365 1681 τοῖς
1387 1650 1567 1686 σοφωτέροις·
1582 1650 1642 1676 ἐκεῖ
1658 1649 1713 1685 γάρ
1731 1650 1806 1676 ἐστιν
1824 1649 1839 1676 6
1861 1649 1943 1680 πόντος

1146 1692 1193 1718 καὶ
1210 1692 1224 1718 6
1245 1691 1337 1726 ἱδρώς.
1361 1691 1408 1718 Διδ
1426 1693 1475 1718 καὶ
1491 1691 1573 1723 αὐτός
1594 1699 1688 1726 φησιν·
1707 1692 1739 1717 οι
1755 1690 1857 1723 καλῶς
1871 1698 1941 1725 προ-

1145 1733 1273 1765 εστῶτες
1280 1733 1476 1767 πρεσϐύτεροι
1491 1732 1604 1767 διπλῆς
1614 1732 1704 1768 τιμῆς
1715 1732 1941 1766 ἀξιούσθωσαν,

1142 1774 1278 1809 μάλιστα
1294 1776 1321 1801 oi
1339 1774 1505 1808 κοπιῶντες
1526 1775 1562 1802 ἐν
1575 1775 1656 1809 λόγῳ
1679 1774 1729 1802 καί
1745 1774 1941 1808 διδασκαλΙςι.

1147 1817 1253 1851 Ὠσπερ
1267 1816 1322 1852 γὰρ
1337 1816 1368 1843 τδ
1385 1817 1434 1852 μὲν
1448 1816 1553 1849 διδάξαι
1569 1816 1633 1848 τοὺς
1649 1816 1825 1851 παλαίοντας,
1843 1815 1942 1851 ἀνδρός

1144 1859 1204 1885 ἐστι
1219 1859 1342 1897 γενναίου
1359 1859 1407 1886 καὶ
1423 1858 1598 1894 παιδοτρίϐου
1613 1858 1708 1893 σοφοῦ,
1722 1858 1752 1885 τὸ
1766 1858 1794 1885 δὲ
1806 1858 1941 1886 ἐπιθεῖναι

1145 1900 1191 1927 τὸν
1209 1901 1342 1934 στέφανον
1362 1900 1403 1935 τῷ
1418 1900 1563 1936 νικήσαντι
1587 1900 1636 1927 καὶ
1654 1900 1703 1926 τοῦ
1729 1900 1767 1936 μὴ
1790 1900 1942 1934 δυναμένου

1145 1942 1271 1970 παλαίειν
1293 1943 1362 1973 ἐστὶ,
1383 1943 1472 1969 καίτοι
1497 1951 1527 1976 γε
1555 1944 1568 1969 ὁ
1596 1943 1727 1977 στέφανος
1751 1942 1943 1978 λαμπρότερον

1145 1986 1217 2011 ποιεῖ
1232 1984 1277 2011 τὸν
1292 1985 1453 2019 νικήσαντα·
1466 1984 1538 2011 οὕτω
1552 1985 1598 2011 καὶ
1615 1984 1661 2010 ἐπὶ
1675 1983 1721 2010 τοῦ
1738 1983 1940 2019 βαπτίσματος·

1145 2026 1276 2053 ἀδύνατον
1297 2026 1347 2061 μὲν
1369 2029 1424 2061 γάρ
1442 2025 1528 2062 χωρὶς
1544 2025 1628 2052 αὑτοῦ
1651 2025 1793 2060 σωθῆναι,
1815 2025 1890 2052 οὐδὲν
1911 2026 1940 2052 δὲ

1145 2067 1219 2104 μέγα
1228 2069 1241 2094 6
1255 2067 1396 2103 βαπτίζων
1409 2068 1492 2100 ποιεῖ,
1504 2067 1665 2102 προαίρεσιν
1676 2067 1940 2104 παρεσκευασμένην

1144 2109 1243 2137 λαὸών.
1260 2110 1321 2136 Οὐκ
1340 2109 1376 2136 ὲν
1399 2109 1495 2143 σοφίᾳ
1518 2110 1625 2143 λόγου,
1651 2109 1701 2136 ἵνα
1717 2108 1762 2144 μὴ
1786 2108 1903 2143 κενωθῇ
1925 2111 1941 2136 ὁ

1144 2151 1276 2185 σταυρὸς
1294 2150 1348 2177 τοῦ
1367 2150 1509 2184 Χριστοῦ.
1538 2149 1670 2177 Καθελῶν
1695 2150 1726 2177 τὸ
1752 2150 1866 2186 φύσημα
1885 2151 1942 2177 τῶν

1144 2193 1188 2220 διὰ
1203 2193 1234 2219 τὺ
1247 2192 1389 2228 βαπτίζειν
1399 2192 1470 2227 μέγα
1480 2192 1662 2227 φρονούντων,
1677 2192 1838 2228 μεθίσταται
1848 2193 1943 2220 λοιπὸν

1145 2234 1215 2270 πρὸς
1237 2235 1301 2265 τοὺς
1322 2234 1368 2260 ἐπὶ
1389 2234 1470 2269 σοφία
1492 2235 1524 2269 τῇ
1549 2233 1649 2266 ἔξωθεν
1669 2234 1874 2269 κομπάζοντος,
1893 2235 1942 2261 καὶ

1144 2277 1205 2303 κατ’
1228 2275 1319 2303 αὐτῶν
1344 2275 1486 2307 ὀπλίζεται
1504 2275 1695 2311 σφοδρότερον.
1717 2277 1789 2312 Πρὸς
1813 2276 1863 2311 μὲν
1885 2277 1942 2312 γὰρ

1143 2318 1207 2350 τοὺς
1225 2318 1272 2344 ἐπὶ
1287 2317 1326 2352 τῷ
1344 2317 1485 2352 βαπτίζειν
1504 2317 1732 2352 πεφυσιωμένους
1752 2318 1861 2353 ἔλεγεν,
1880 2320 1941 2345 Εὐ-

1144 2358 1286 2395 καριστῶ,
1305 2359 1349 2385 ὅτι
1368 2359 1480 2386 οὐδένα
1501 2358 1664 2392 ἐϐάπτισα,
1683 2360 1730 2387 καὶ
1751 2361 1792 2387 ὅτι
1816 2361 1867 2387 ούκ
1883 2361 1939 2387 άπ-

1145 2401 1249 2429 έστειλέ
1272 2409 1305 2436 με
1325 2401 1339 2427 ὁ
1358 2401 1475 2436 Χριστὸς
1496 2400 1656 2436 βαπτίζειν·
1674 2402 1721 2429 καὶ
1738 2401 1801 2429 οὔτε
1816 2402 1941 2438 σφοδρῶς

1145 2443 1206 2470 οῦτε
1223 2442 1483 2474 κατασκευαστικῶς
1494 2443 1627 2478 κέχρηται
1644 2443 1683 2479 τῷ
1699 2443 1781 2479 λόγῳ,
1794 2443 1853 2470 ἀλλ’
1867 2445 1940 2470 αἰνι-

1145 2485 1262 2520 ξάμενος
1280 2484 1313 2511 δι*
1331 2484 1429 2519 ὀλίγων
1442 2484 1513 2520 άπερ
1531 2484 1668 2518 ἐϐούλετο,
1684 2485 1880 2521 παρέδραμεν·
1897 2487 1941 2512 ἐν-

1144 2526 1233 2553 ταῦθα
1249 2527 1278 2553 δέ
1295 2527 1328 2554 ἐκ
1342 2526 1496 2561 προοιμίων
1513 2526 1638 2562 χαλεπὴν
1654 2526 1747 2554 δίδωσι
1765 2527 1815 2562 τὴν
1831 2527 1943 2563 πληγὴν

1145 2569 1242 2604 λέγων·
1254 2569 1321 2596 Ἵνα
1333 2568 1375 2603 μὴ
1389 2567 1504 2602 κενωθῇ
1517 2569 1533 2595 ὀ
1544 2568 1677 2602 σταυρὸς
1685 2568 1738 2595 τοῦ
1750 2569 1891 2602 Χριστοῦ.
1907 2569 1942 2596 Τί

1145 2611 1234 2638 τοίνυν
1250 2611 1322 2644 μέγα
1335 2611 1455 2645 φρονεῖς,
1472 2610 1515 2644 ἐφ’
1529 2607 1551 2644 ᾧ
1566 2609 1787 2644 ἐγκαλύπτεσθαι
1801 2610 1816 2630 1³
1831 2610 1896 2643 ἔδεις
1909 2611 1941 2638 Εἰ

1145 2653 1199 2689 7&9
1213 2653 1327 2687 πολεμεῖ
1334 2652 1372 2687 τῷ
1383 2652 1494 2688 σταυρῷ
1504 2653 1552 2678 καὶ
1565 2651 1684 2687 μάχεται
1692 2653 1748 2684 τοῖς
1760 2652 1940 2686 Εὑαγγελίοις

1145 2696 1161 2730 ἡ
1181 2694 1262 2728 σοφία
1277 2694 1358 2729 αῦτη,
1373 2694 1424 2720 οὐκ
1439 2694 1533 2728 αὐχεῖν
1549 2693 1593 2719 ἐπ’
1611 2693 1690 2729 αὐτῇ,
1705 2693 1773 2720 ἀλλά
1787 2695 1834 2720 καὶ
1853 2702 1940 2722 κατα-

1145 2736 1256 2763 δύεσθαι
1272 2735 1321 2762 δεῖ.
1337 2735 1423 2762 Τοῦτο
1440 2735 1495 2770 γὰρ
1512 2735 1598 2762 αῐτιον
1614 2734 1662 2761 τοῦ
1682 2735 1719 2770 μὴ
1733 2735 1861 2769 γενέσθαι
1875 2736 1941 2768 τοὺς

1145 2778 1311 2809 ἀποστόλους
1329 2778 1445 2812 σοφοὺς,
1462 2778 1513 2804 οὐκ
1529 2777 1658 2813 ἀσθενείᾳ
1679 2777 1728 2804 τοῦ
1749 2777 1920 2813 χαρίσματος
1931 2797 1939 2809 ,

1145 2820 1203 2847 ἀλλ’
1219 2820 1262 2846 ἵνα
1277 2820 1314 2855 μὴ
1327 2819 1412 2855 βλαὸᾔ
1423 2819 1455 2845 τὸ
1467 2820 1609 2854 κήρυγμα.
1626 2819 1683 2846 Οὐκ
1693 2818 1746 2853 ἄρα
1757 2820 1857 2846 ἐκεῖνοι
1868 2817 1941 2855 ἦσαν

1146 2862 1171 2888 οἱ
1188 2861 1367 2893 συνιστῶντες
1379 2861 1425 2887 τὸν
1438 2860 1528 2895 λόγον,
1541 2860 1609 2888 ἀλλὰ
1622 2860 1670 2887 καὶ
1681 2860 1894 2896 λυμαινόμενοι·
1914 2861 1940 2889 οι

1179 2969 1193 2988 ι»
1204 2968 1244 2993 Sic
1255 2968 1315 2999 Reg.
1329 2967 1393 2992 Ιίᾱὶιὶ
1413 2973 1472 2992 vero
1483 2967 1654 2996 καλύπτεσθαι,
1673 2950 1748 2992 mile.
