2033 3116
109 175 132 203 ρε
592 165 623 192 IN
643 164 751 193 EPIST.
769 164 777 192 |
810 164 854 191 AD
874 162 951 190 COR.
973 162 1087 191 HOMIL.
1108 164 1152 191 Ill.
1662 168 1696 195 26

114 228 207 258 mundum
222 223 357 254 condidit?
371 231 434 251 num
460 222 557 250 Paulus
571 229 618 249 vos
642 229 676 249 ex
690 220 776 248 nihilo
791 227 853 254 pro-

110 275 179 304 duxit?
189 273 227 301 sed
239 279 298 306 qua:
318 271 345 298 in
358 269 480 298 ﬁdelibus
493 272 569 296 erant
582 268 690 299 exrmia,
712 271 740 294 et
752 273 854 301 magna:

109 319 251 356 providentiae.
264 324 296 344 ea
307 316 392 351 ponit,
405 322 511 343 crucem
527 319 554 342 et
563 314 737 349 baptismum,
747 317 775 340 et
785 313 854 339 bona

109 365 153 393 inde
163 368 230 399 parta.
243 362 311 390 Nam
330 361 376 389 Dei
392 368 454 396 erga
468 360 591 387 homines
603 366 722 386 amorem
735 357 855 385 ostemlit

108 410 174 439 nmmli
185 409 283 441 creatio,
298 408 416 436 maxime
435 414 498 434 vero
512 406 556 434 illa
573 413 620 439 per
631 411 740 432 crucem
755 403 853 431 demis-

107 457 143 485 sio.
154 457 178 484 Et
187 463 230 482 non
239 455 316 488 dixit,
327 453 394 482 Num
407 453 504 481 Paulus
515 456 637 480 mortttus
648 456 689 479 est
701 457 751 486 pro
760 448 855 477 vobis?

106 502 148 534 sed,
159 500 216 528 Num
227 499 324 527 Paulus
333 498 468 532 cruciﬁxus
479 502 515 525 ut
525 498 538 525 .9
550 496 645 525 morlis
657 503 763 531 quoque
772 502 856 530 genus

107 547 210 575 iudicans?
221 550 241 573 et
253 546 280 572 in
292 545 392 572 nomine
400 544 478 571 Pauli
488 543 610 579 baptizati
619 543 678 570 estis
685 542 698 569 ?
709 541 764 569 Nec
773 541 851 574 dixit,

104 594 153 621 Nunt
160 594 240 621 Paulus
251 599 299 619 vos
312 591 473 627 baptizavit?
483 590 581 618 multos
593 589 666 617 enim
678 588 722 616 ille
735 587 855 623 baptiza-

106 639 133 666 vit
143 648 148 665 :
157 646 233 666 verum
243 637 268 665 id
278 644 332 664 non
346 637 523 671 qumrebatur,
537 642 552 662 a
563 642 616 670 quo
624 642 720 669 nempe
730 633 855 669 baptizati

104 686 197 716 inissent,
207 684 248 712 sed
262 683 290 711 in
313 683 391 718 cujus
413 682 520 709 nomine
533 680 660 716 haptizati
673 684 774 708 essent.
789 679 855 712 Quia

103 730 156 757 cuitu
166 730 207 757 hoc
226 729 398 756 schismatum
423 734 502 754 causa
521 727 618 758 luerat,
633 725 705 760 quod
725 733 758 752 ex
769 723 855 759 bapti-

101 776 196 803 nntiltus
207 782 299 802 nomen
309 774 473 808 acciperent,
486 772 536 799 hoc
544 772 624 799 etiam
632 770 742 805 corrigit
752 769 855 802 dicens,

100 822 161 848 Anio
182 821 270 848 nomine
294 819 374 846 I’auli
388 818 505 854 baptizati
533 817 592 844 estis
605 817 618 843 .9
632 817 665 844 Et
691 823 725 843 ne
738 815 854 847 dixeris,

101 868 175 901 inquit.
187 866 243 900 Quis
264 865 433 901 baptizavit,
454 863 515 896 sed,
533 863 561 890 In
575 863 651 897 cujus
663 862 780 889 nomine.
796 860 856 888 Non

99 914 156 941 enim
175 913 291 948 quaeritur
308 912 371 948 quis
383 911 509 946 baptizet,
524 909 572 937 sed
585 909 644 945 quis
655 909 681 936 itt
697 908 856 943 baptismate

98 964 185 986 vocetur
197 968 203 986 :
216 959 255 987 hic
268 959 344 986 enim
367 961 474 992 peccata
486 955 606 986 dimittit.
631 955 680 983 ilic
690 955 801 991 gradum
818 954 856 982 si-

95 1006 137 1038 stit,
150 1014 192 1033 nec
202 1013 257 1040 qua:
269 1009 422 1040 sequuntur
436 1003 617 1039 persequitur.
629 1002 686 1029 Non
697 1002 769 1030 enim
779 1001 853 1034 dicit,

96 1049 147 1076 b‘um
160 1051 245 1078 Paulus
253 1050 331 1078 vobis
343 1049 432 1077 futura
449 1048 517 1076 bona
526 1047 650 1084 promisit
661 1048 672 1074 ’ξ
683 1056 745 1075 num
758 1047 855 1075 Paulus

94 1096 153 1123 vultis
166 1096 278 1130 promisit
296 1103 412 1131 regnum
424 1096 551 1123 actorum
561 1095 573 1122 τ
585 1095 639 1122 Cur
648 1102 712 1130 ergo
728 1095 786 1122 haec
800 1102 855 1122 non

93 1142 181 1175 adjicit?
191 1142 252 1175 Quia
276 1149 334 1169 non
349 1148 397 1176 par
414 1148 460 1169 res
474 1145 516 1168 est
529 1148 640 1175 regnum
657 1140 814 1175 promittere
829 1145 856 1167 et

91 1187 195 1222 cruciﬁgi.
208 1187 274 1216 Illud
284 1187 360 1216 ettim
372 1194 421 1215 nec
432 1186 576 1222 periculum
588 1186 713 1220 habebat,
729 1193 778 1213 nec
793 1186 858 1213 alle-

91 1233 149 1260 rebat
159 1234 350 1269 ignominiam:
367 1233 417 1261 hoc
435 1240 499 1261 vero
520 1232 577 1260 haec
603 1232 704 1259 omnia.
732 1232 856 1266 AliOquin

89 1283 160 1305 autem
180 1279 212 1306 ab
226 1279 268 1306 his
284 1279 331 1306 illa
355 1278 460 1314 probat.
476 1278 545 1305 Cum
561 1277 672 1305 dixisset
696 1277 788 1309 enim,
806 1268 867 1310 Qui“

87 1324 170 1357 proprio
184 1324 251 1351 Filio
266 1332 316 1352 suc
335 1332 387 1350 non
405 1324 525 1358 pepercit,
539 1322 642 1357 adjicit,
660 1323 791 1356 Quomodo
806 1331 857 1349 non

88 1368 148 1394 etiam
157 1377 210 1396 cum
224 1370 269 1396 illo
289 1369 381 1396 omnia
393 1368 464 1396 nobis
476 1367 579 1396 donabit
593 1368 681 1402 (Rom.
693 1369 720 1395 8.
737 1368 805 1403 52)?
830 1373 857 1396 et

85 1420 181 1446 vulsum.
194 1414 224 1442 Si
237 1415 306 1441 enim
321 1414 422 1441 inimici
432 1421 489 1440 cum
503 1421 623 1445 essetnus,
637 1413 792 1439 reconciliati
811 1421 856 1439 su-

85 1466 128 1485 m
139 1459 185 1486 Deo
198 1469 242 1495 per
256 1465 367 1487 mortem
380 1458 442 1486 Filii
455 1459 522 1494 ejus,
540 1458 618 1485 multo
639 1455 731 1493 magis'
741 1458 856 1484 reconci-

83 1502 126 1530 liati
141 1505 289 1532 salvabimur
316 1503 388 1541 (1d.
411 1504 438 1531 5.
466 1503 532 1539 10).
557 1502 620 1531 [deo
643 1511 696 1530 nou
722 1503 766 1530 illa
792 1503 856 1531 sub-

82 1547 164 1583 junxit,
179 1555 206 1578 et
217 1550 290 1586 quod
303 1550 351 1578 illa
362 1549 470 1585 quidem
481 1549 601 1577 nondum
613 1549 753 1582 haberent,
762 1548 856 1576 horum

81 1600 152 1623 autem
168 1596 222 1631 jam
237 1597 439 1632 experientiam
458 1588 642 1631 accepissent;
671 1601 699 1623 et
720 1595 790 1630 quod
810 1595 855 1623 illa

79 1639 167 1673 quitieut
182 1642 209 1669 in
224 1642 458 1678 promissionibus
471 1662 479 1675 ,
494 1641 552 1670 hazc
576 1649 642 1669 vero
653 1641 709 1676 jam
734 1642 802 1668 facta
813 1648 858 1669 es-

79 1691 133 1713 sent.
147 1687 187 1714 14.
203 1687 312 1716 Gratias
326 1696 377 1724 ago
389 1687 444 1715 Deo
454 1696 509 1715 ineo
520 1709 527 1721 ,
541 1688 600 1723 quia
613 1688 737 1715 neminem
750 1692 858 1714 vestrum

78 1730 193 1765 iaptiaari,
212 1735 265 1761 nisi
275 1734 403 1769 Crispum
413 1738 437 1761 et
451 1733 555 1761 Gaium.
577 1733 633 1761 Cur
647 1733 730 1760 altttnt
744 1733 839 1767 sapitis
848 1753 855 1764 ,

83 1777 135 1809 Quod
148 1779 307 1813 baptizetis,
334 1779 445 1815 quando
457 1787 509 1814 ego
523 1779 623 1814 gratias
643 1786 705 1814 ago,
724 1777 795 1813 quod
808 1778 859 1805 hoc

82 1828 122 1848 nou
133 1823 257 1852 fecerim?
271 1825 344 1854 Cum
356 1825 414 1853 haec
421 1830 509 1852 autem
523 1824 597 1857 dicit,
610 1824 716 1851 illorum
727 1827 860 1851 tumorem

78 1868 201 1900 Prudenter
215 1871 289 1898 tollit
302 1880 310 1902 ;
327 1878 384 1899 non
394 1870 447 1897 vim
463 1870 642 1905 baptismatis,
656 1869 737 1901 absit,
752 1869 798 1896 sed
810 1876 857 1896 ar-

76 1915 205 1947 rogantiam
221 1924 337 1948 eorum,
355 1915 402 1951 qui
415 1915 450 1943 de
461 1915 525 1944 dato
539 1915 699 1950 baptismate
711 1914 861 1949 gloriaban-

78 1962 126 1992 lﬂr;
137 1961 223 1995 primo
235 1962 396 1989 ostendens
407 1969 460 1988 non
471 1961 591 1996 ipsorum
608 1968 669 1988 esse
678 1960 779 1987 donum
792 1968 800 1992 ;
816 1968 859 1987 se-

72 2006 145 2033 cundo
154 2007 257 2042 gratias
274 2015 367 2043 agens
382 2007 437 2035 Deo
451 2014 482 2034 ea
498 2006 532 2034 de
547 2013 637 2033 causa.
653 2006 720 2033 Nam
735 2013 859 2040 magnum

70 2050 161 2084 quidem
175 2058 218 2081 est
230 2053 388 2089 baptisma,
400 2052 448 2080 sed
462 2060 514 2080 non
526 2052 601 2080 illum
621 2060 746 2088 magnum
762 2052 823 2080 facit
839 2052 861 2079 is

73 2097 108 2129 qui
119 2098 244 2134 baptizat,
256 2100 311 2128 sed
326 2100 375 2136 qui
389 2099 416 2126 itt
429 2099 589 2134 baptismate
604 2099 756 2126 invocatur.
770 2099 861 2133 Bapti-

71 2150 119 2172 ιιι-ε
131 2146 201 2174 enim
217 2147 291 2174 nihil
309 2151 368 2179 est,
382 2145 453 2181 quod
467 2145 500 2173 ad
516 2145 663 2172 humanum
678 2144 775 2172 attinet
788 2145 862 2172 labo—

71 2196 116 2217 rem
128 2199 135 2224 ;
147 2193 195 2220 sed
209 2194 303 2221 multo
317 2193 412 2220 mintts
421 2197 472 2225 est,
486 2200 566 2227 quam
580 2192 775 2228 evangelizare.
797 2191 862 2219 Nam

71 2244 148 2272 magna
159 2241 274 2274 quidem
296 2247 347 2268 res
363 2243 406 2267 est
419 2238 560 2274 baptisma,
582 2239 676 2266 iterum
690 2239 760 2269 dico,
772 2239 864 2266 etsine

71 2281 214 2317 baptismate
227 2294 289 2313 non
307 2292 456 2320 possumus
469 2292 580 2320 regnum
595 2285 722 2320 consequi
738 2293 744 2311 :
758 2285 804 2312 sed
817 2292 864 2319 po.

71 2332 110 2355 trst
120 2330 168 2358 hoc
179 2331 277 2359 facere
292 2330 340 2358 vir
351 2338 406 2357 non
420 2329 563 2357 admodum
573 2330 731 2365 prmclarus;
747 2337 864 2365 cvange—

71 2373 136 2402 lizare
150 2381 244 2404 autem
261 2376 352 2404 multi
368 2375 469 2403 laboris
481 2380 533 2403 est.

96 2420 118 2446 3.
130 2421 247 2450 Causam
267 2429 344 2449 vero
371 2420 437 2447 dicit
449 2427 496 2448 cur
515 2420 614 2456 gratias
629 2425 699 2455 agat,
715 2420 785 2455 quod
808 2420 864 2448 nul-

69 2462 111 2491 lum
121 2466 314 2502 baptizauerit.
329 2466 461 2500 Quaenam
474 2466 518 2493 illa
533 2466 593 2494 cst?
605 2466 648 2494 15.
664 2465 705 2493 Ne
718 2466 774 2501 quis
786 2466 863 2500 dicat,

69 2507 149 2545 inquit,
158 2513 228 2547 quod
237 2514 268 2540 in
279 2512 395 2539 nomine
408 2519 462 2538 meo
476 2512 596 2546 baptizati
610 2511 680 2539 estis.
696 2511 764 2545 Quid
779 2513 865 2539 vero?

70 2553 188 2586 deillisue
206 2559 262 2587 hoc
279 2556 438 2586 dicebant?
452 2556 560 2584 Minime
577 2557 645 2585 :sed
662 2558 753 2591 timeo,
768 2557 865 2592 inquit,

70 2608 95 2628 Ite
106 2611 136 2630 eo
148 2604 267 2633 morbus
282 2602 434 2632 deveniat.
450 2602 515 2630 Nam
531 2603 554 2631 si
572 2610 633 2631 cum
648 2603 714 2631 viles
727 2608 753 2631 et
766 2604 867 2631 nullius

71 2649 132 2679 μ’ώί
144 2650 277 2679 homines
291 2649 473 2685 baptitarent
483 2670 490 2682 ,
506 2649 617 2677 htcresis
630 2653 692 2677 nata
704 2655 763 2683 est;
779 2651 800 2677 si
814 2658 864 2685 ego

73 2693 104 2726 qui
116 2694 284 2731 baptismum
300 2694 472 2723 annuntiavi
485 2695 584 2723 multos
600 2694 779 2730 baptizassem
792 2715 800 2729 ,
816 2703 866 2724 ve—

74 2739 162 2769 risimile
173 2747 236 2770 erat
246 2750 303 2771 eos
317 2740 371 2777 qui
384 2745 576 2774 convenerant,
592 2749 649 2769 non
665 2741 745 2769 modo
758 2741 867 2769 nomine

76 2790 116 2813 meo
127 2788 268 2817 vocandas
282 2788 366 2820 fore,
381 2785 429 2814 sed
444 2786 522 2814 etiatu
537 2786 669 2822 baptisma
680 2786 746 2814 mihi
766 2786 867 2814 adseri-

78 2835 148 2863 i‘Itos
166 2834 267 2864 luisse.
294 2834 328 2862 Si
347 2832 424 2860 enim
438 2840 455 2860 a
477 2832 594 2860 minimis
606 2837 708 2860 tantum
720 2837 808 2860 ortum
822 2837 864 2860 est

81 2879 162 2916 hilum,
175 2883 251 2912 forte
264 2882 361 2917 longe
376 2880 483 2916 gravius
499 2887 514 2908 a
527 2879 673 2916 majoribus
686 2881 866 2917 provenisset.

909 218 976 246 Cum
1000 219 1079 255 igitur
1096 228 1143 248 eos
1156 221 1201 256 qui
1217 221 1336 256 corrupti
1354 227 1431 250 erant
1454 223 1506 250 hoc
1518 223 1598 251 modo
1609 223 1696 252 inore--

909 269 998 298 passet
1008 285 1015 297 ,
1026 272 1058 293 ac
1069 265 1191 299 dixisset,
1207 266 1251 294 t6.
1272 266 1406 302 Baptizati
1418 271 1504 296 autent
1516 274 1540 296 et
1555 268 1698 304 Stephants

907 309 1026 343 domum;
1050 311 1156 338 illorum
1178 311 1273 340 fastum
1299 321 1393 341 rursus
1417 313 1565 349 deprimit,
1591 315 1695 347 dicens,

908 354 1030 383 Caeterum
1043 356 1127 383 nescio
1148 365 1181 384 an
1194 357 1304 393 aliquem
1317 359 1398 386 alium
1413 359 1604 396 baptizaverim.
1629 361 1697 388 Hinc

907 403 978 429 enim
993 403 1110 431 05tendit
1124 411 1178 431 non
1192 411 1265 432 curse
1278 404 1315 432 illi
1331 404 1413 433 fuisse
1423 405 1475 433 hoc
1488 406 1541 433 frui
1552 406 1621 442 apud
1637 407 1698 434 vul-

907 455 956 482 gus
971 448 1089 482 honore,
1117 457 1167 477 nec
1182 449 1277 484 glorias
1291 457 1372 478 causa
1396 451 1429 479 ad
1443 451 1494 479 hoc
1509 453 1626 480 venisse.
1639 452 1698 480 Non

909 493 950 521 Itis
966 497 1068 522 tantum
1079 514 1087 528 ,
1103 495 1151 523 sed
1165 495 1245 523 etiam
1256 496 1282 524 itt
1296 498 1471 532 sequentibus
1479 498 1586 526 illorum
1601 498 1698 526 laetum

907 540 1055 575 deprimit,
1079 541 1189 570 dicens:
1205 543 1249 570 t7.
1267 542 1328 570 Non
1353 544 1420 571 enim
1442 544 1510 572 misit
1532 544 1699 572 meChrism

909 587 1049 620 baptizare,
1065 587 1110 614 sed
1133 588 1319 624 euangelizare.
1333 588 1401 616 Nam
1423 589 1475 617 hoc
1489 595 1516 618 et
1539 590 1700 618 laboriosius

908 636 966 658 crat
975 651 984 665 ,
997 631 1095 660 sudore
1107 633 1193 661 multo
1205 641 1273 669 opus
1294 634 1409 662 habebat
1433 634 1574 670 ferreoque
1587 636 1679 662 animo
1691 655 1699 668 ,

908 677 1051 712 omniaque
1075 679 1250 706 continebat:
1273 679 1386 714 ideoque
1422 679 1503 708 Paulo
1525 680 1698 707 commissum

909 721 967 748 fuit.
983 722 1017 749 Et
1031 730 1078 749 cur
1093 723 1125 750 ad
1141 723 1328 758 baptizandum
1342 732 1396 751 non
1409 724 1518 758 missus,
1530 725 1700 760 baptizabat?

909 767 966 795 Non
987 776 1107 803 pugnans
1120 769 1254 798 adversus
1274 778 1334 798 cum
1349 770 1395 806 qui
1411 778 1441 798 se
1456 771 1583 803 miserat,
1605 771 1652 798 sed
1667 779 1700 798 ex

908 814 1054 842 abundanti
1069 815 1121 843 hoc
1135 815 1259 844 faciebat.
1275 816 1333 844 Non
1350 817 1422 844 enim
1444 817 1520 850 dixit,
1537 817 1700 852 prohibitum

911 860 975 888 mihi
993 861 1053 894 fuit,
1069 861 1128 894 sed.
1143 862 1202 889 Non
1218 870 1276 890 sum
1291 862 1388 891 missus
1401 863 1434 890 ad
1450 863 1512 895 hoc,
1527 863 1574 890 sed
1593 862 1626 890 ad
1643 871 1701 890 rem

909 906 1030 934 maxime
1044 908 1235 935 necessariam.
1264 907 1330 935 Nam
1354 908 1542 943 evangelizare
1556 908 1635 935 unius
1655 913 1702 935 aut

909 952 1023 980 duorum
1041 958 1115 986 erat;
1131 953 1268 988 baptizare
1292 959 1382 982 autem
1411 954 1554 990 cujuslibet
1567 959 1609 982 est
1624 975 1632 988 ,
1652 955 1698 989 qui

911 998 1040 1032 praeditus
1059 999 1095 1026 sit
1108 999 1270 1027 sacerdotio.
1286 999 1427 1027 llominem
1441 1007 1557 1035 namque
1571 1000 1701 1028 catechu-

911 1051 1019 1071 menum
1035 1048 1062 1072 et
1081 1052 1239 1080 persuasum
1264 1045 1402 1080 baptizare
1420 1045 1564 1080 cujuslibet
1574 1049 1616 1072 est
1630 1054 1637 1073 :
1653 1052 1700 1072 vo-

910 1089 998 1118 luntas
1014 1090 1088 1118 enim
1114 1090 1268 1120 accedentis
1278 1090 1406 1126 deinceps
1427 1095 1512 1119 totum
1524 1091 1607 1119 el‘llcit
1616 1113 1624 1125 ,
1638 1099 1699 1119 cum

911 1135 958 1163 Dei
974 1137 1069 1171 gratia.
1083 1136 1149 1164 Cum
1160 1141 1249 1164 autem
1260 1136 1382 1165 infideles
1401 1141 1463 1165 sunt
1477 1137 1512 1165 ad
1524 1137 1603 1165 ﬁdem
1624 1137 1703 1164 insti-

911 1181 1012 1213 tuendi,
1025 1182 1110 1209 multo
1120 1189 1187 1217 opus
1201 1187 1244 1209 est
1253 1182 1355 1215 labore,
1369 1183 1453 1210 multa
1468 1183 1600 1218 sapientia
1619 1193 1626 1211 :
1641 1188 1704 1211 tune

909 1232 999 1255 autem
1011 1228 1092 1255 etiam
1103 1227 1273 1256 subeundum
1286 1233 1344 1256 erat
1355 1228 1514 1263 periculum.
1528 1228 1557 1256 In
1568 1229 1704 1264 baptizan-

909 1272 945 1300 do
959 1273 1030 1300 enim
1042 1278 1125 1300 totum
1142 1272 1239 1300 factum
1255 1277 1306 1306 est,
1321 1277 1349 1301 et
1365 1280 1510 1308 persuasus
1527 1278 1569 1302 est
1579 1274 1602 1301 is
1614 1274 1659 1310 qui
1677 1274 1703 1302 in

913 1320 1068 1355 mysterium
1095 1325 1135 1347 est
1162 1319 1362 1353 admittendus;
1385 1320 1504 1354 nihilque
1518 1328 1643 1355 magnum
1661 1326 1705 1349 est

912 1373 1068 1400 persuasum
1084 1366 1218 1400 baptilare
1231 1375 1238 1392 :
1255 1365 1298 1393 hic
1324 1373 1388 1393 vero
1403 1366 1502 1393 multus
1513 1366 1599 1399 labor,
1615 1371 1644 1394 ut
1656 1374 1705 1393 vo-

912 1411 1000 1439 luntas
1018 1417 1042 1440 et
1060 1412 1225 1447 propositum
1244 1416 1377 1446 mutetur,
1394 1419 1470 1440 error
1483 1413 1661 1446 convellatur,
1677 1419 1706 1442 et

911 1458 1012 1485 veritas
1027 1458 1171 1485 inseratur.
1195 1458 1296 1486 Verum
1311 1458 1370 1486 haec
1383 1458 1428 1486 ille
1444 1466 1500 1486 non
1513 1458 1549 1486 ita
1562 1459 1639 1491 dicit,
1657 1467 1704 1488 tte-

914 1511 965 1537 que
978 1503 1135 1538 probatione
1146 1503 1236 1536 utitur,
1253 1511 1303 1531 nec
1313 1503 1387 1536 dicit,
1403 1503 1504 1532 nullum
1512 1511 1572 1532 esse
1585 1504 1707 1532 laborem

912 1548 1058 1583 baptizare,
1074 1548 1120 1576 sed
1134 1549 1320 1584 evangelizare
1335 1556 1414 1577 secus
1429 1558 1436 1577 :
1453 1550 1505 1578 scit
1516 1551 1588 1578 enim
1598 1557 1706 1585 semper

911 1593 1020 1621 modum
1034 1594 1206 1622 tenerezsed
1229 1594 1255 1622 iu
1281 1595 1483 1630 comparatione
1508 1602 1569 1623 cum
1594 1600 1705 1623 externa

911 1640 1042 1675 sapientia
1060 1640 1136 1668 valde
1155 1640 1304 1672 contendit,
1326 1641 1371 1668 ubi
1384 1640 1586 1669 vehementiore
1600 1642 1637 1668 uti
1657 1649 1706 1677 po-

912 1688 962 1714 tuit
977 1688 1110 1714 oratione.
1124 1687 1182 1714 Non
1206 1694 1272 1723 ergo
1284 1692 1377 1715 contra
1393 1687 1498 1722 jussum
1512 1688 1643 1715 mittentis
1656 1688 1704 1715 ba-

913 1733 1030 1768 ptizabat
1044 1741 1051 1763 ;
1067 1732 1114 1760 sed
1128 1732 1198 1760 sicut
1210 1740 1272 1759 cum
1285 1732 1320 1760 de
1332 1732 1420 1760 viduis
1433 1732 1566 1760 dixissent
1579 1734 1704 1767 apostoli,

915 1778 973 1805 Non
984 1779 1085 1814 expedit
1109 1778 1182 1806 nobis
1194 1778 1283 1806 relicto
1302 1778 1376 1806 verba
1391 1778 1441 1806 Dei
1454 1779 1598 1806 ministrare
1608 1780 1701 1806 mensis

913 1826 981 1860 (Act.
994 1826 1021 1853 ὃ.
1037 1825 1077 1860 2),
1094 1825 1138 1853 ille
1159 1825 1323 1853 ministravit
1345 1832 1398 1852 non
1413 1825 1466 1852 illis
1481 1833 1642 1861 repugnans,
1657 1826 1710 1854 sed

912 1880 944 1899 ex
971 1871 1134 1899 abundantia
1158 1871 1272 1899 fervoris
1287 1871 1314 1898 id
1339 1870 1420 1898 fecit:
1433 1871 1467 1898 ita
1480 1876 1507 1899 et
1523 1871 1566 1899 hic
1579 1880 1700 1908 quoque.

914 1917 990 1945 Nune
1000 1917 1072 1944 enim
1088 1917 1300 1952 simplicioribus
1313 1916 1479 1952 presbyteris
1492 1916 1544 1945 hoc
1559 1919 1706 1945 committi-

913 1973 984 1999 mus,
1000 1969 1028 1992 et
1040 1964 1170 1991 doctrina:
1187 1965 1299 1992 verbum
1312 1964 1522 1999 sapientioribus
1538 1973 1544 1991 :
1561 1965 1618 1992 illic
1632 1964 1703 1992 enim

914 2009 989 2037 labor
1008 2014 1035 2037 et
1051 2009 1134 2036 sudor
1146 2013 1197 2037 est.
1213 2009 1382 2044 Quapmpter
1394 2013 1421 2036 et
1431 2009 1489 2044 ipse
1506 2009 1544 2036 ait
1560 2018 1566 2037 :
1579 2009 1628 2042 Qui
1642 2013 1710 2036 recte

915 2060 1027 2090 primunt
1046 2055 1198 2091 presbyteri,
1211 2054 1308 2090 duplici
1321 2055 1416 2082 honore
1430 2055 1584 2090 dignentur;
1597 2055 1708 2082 manante

914 2106 998 2128 autent
1014 2101 1056 2136 qui
1071 2101 1188 2128 laborant
1202 2102 1228 2128 in
1253 2101 1326 2128 uerbo
1340 2106 1364 2128 et
1387 2100 1520 2137 doctrina(
1536 2102 1561 2129 Ι.
1586 2101 1653 2128 Tim.
1677 2102 1704 2129 5.

916 2147 970 2182 Π).
987 2147 1219 2180 Quemadmodum
1246 2147 1317 2174 enim
1333 2147 1432 2175 docere
1445 2155 1493 2175 eos
1505 2168 1513 2180 ,
1538 2147 1585 2182 qui
1607 2146 1713 2175 ludicra-

915 2193 1064 2221 certamiua
1079 2193 1190 2225 adeunt.
1201 2193 1250 2220 viri
1265 2193 1368 2221 strenui
1381 2199 1460 2221 estet
1474 2194 1603 2229 sapientis
1616 2193 1706 2229 paedo-

917 2239 1011 2271 tribat;
1027 2245 1155 2266 coronam
1169 2242 1259 2266 autem
1275 2239 1369 2266 victori
1384 2239 1539 2274 imponere,
1553 2239 1612 2275 ejus
1624 2239 1706 2267 etiam

917 2290 958 2312 cst
969 2285 1014 2320 qui
1029 2289 1134 2313 certare
1160 2285 1270 2320 nequit,
1287 2285 1339 2313 etsi
1354 2293 1454 2313 corona
1469 2286 1598 2313 victorem
1617 2285 1707 2313 reddit

917 2331 1128 2367 splendidiorem
1142 2340 1149 2358 :
1166 2331 1205 2358 sic
1226 2331 1261 2358 de
1288 2331 1421 2366 baptismo
1436 2331 1580 2359 dicendum
1594 2341 1601 2359 :
1617 2331 1709 2359 nullus

917 2377 990 2404 enim
1004 2380 1094 2411 potest
1108 2376 1168 2404 sine
1180 2376 1226 2405 illo
1247 2377 1361 2404 salutent
1375 2377 1503 2412 consequi
1515 2385 1523 2411 ;
1539 2376 1607 2405 nihil
1619 2381 1710 2405 tatnen

919 2429 1044 2457 magnum
1058 2422 1153 2450 facitis
1168 2422 1214 2457 qui
1228 2423 1356 2457 baptizat,
1373 2429 1434 2450 cum
1450 2423 1595 2452 voluntatis
1605 2431 1705 2459 propo-

919 2467 998 2495 situm
1015 2471 1134 2502 paratum
1151 2467 1263 2495 invertit.
1276 2467 1337 2494 Non
1351 2468 1377 2495 in
1387 2467 1512 2503 sapientia
1522 2468 1599 2502 nubi,
1615 2474 1643 2496 ut
1659 2477 1711 2496 non

920 2519 1054 2541 euacuetur
1067 2522 1131 2541 arua:
1144 2513 1249 2541 Christi.
1264 2513 1331 2541 Cum
1347 2513 1530 2549 depressith
1544 2515 1651 2543 illorum
1665 2519 1710 2543 tu-

921 2567 1033 2591 morem,
1041 2560 1086 2594 qtti
1099 2559 1169 2594 quod
1181 2560 1350 2594 baptizarent
1361 2560 1445 2588 altum
1453 2561 1608 2596 sapiebant;
1621 2566 1694 2589 trans
1702 2576 1711 2581 -

922 2605 940 2632 it
963 2609 1054 2639 postea
1075 2605 1108 2632 ad
1122 2605 1197 2638 illos,
1223 2605 1268 2640 qui
1282 2605 1318 2633 de
1337 2610 1447 2633 externa
1468 2607 1599 2642 sapientia
1613 2608 1713 2643 gloria-

923 2651 1028 2684 bantur,
1044 2657 1072 2679 et
1084 2651 1216 2679 adversus
1228 2651 1289 2679 illos
1304 2651 1493 2680 vehementius
1507 2658 1638 2681 armatur.
1656 2654 1713 2681 Ad-

923 2705 1016 2725 versus
1030 2698 1091 2725 illus
1104 2698 1189 2730 enim,
1206 2698 1252 2733 qui
1266 2698 1338 2733 quod
1360 2699 1529 2734 haptizarent
1542 2699 1713 2733 inflabantur.

923 2743 1041 2777 dicebat,
1056 2743 1159 2772 Gratias
1173 2752 1231 2780 ago,
1254 2744 1328 2780 quod
1343 2745 1442 2772 nullum
1464 2745 1660 2781 baptizauerim,
1687 2750 1714 2773 et

924 2789 994 2824 quod
1006 2790 1127 2817 Christus
1140 2798 1183 2818 tne
1195 2791 1228 2817 ad
1251 2790 1438 2826 baptizaudum
1459 2799 1510 2819 nou
1530 2792 1647 2824 miserit;
1662 2800 1713 2819 nec

926 2835 1130 2863 vehementibus
1144 2844 1207 2863 ustts
1222 2841 1263 2864 est
1276 2838 1452 2872 argumentis,
1469 2837 1518 2865 sed
1533 2845 1592 2873 qua:
1608 2836 1713 2864 volebat

929 2882 1018 2917 paucis
1032 2882 1212 2918 subiudicaus,
1228 2884 1410 2918 prtetcrcurrit
1424 2893 1430 2910 :
1446 2885 1487 2912 hic
1508 2889 1595 2912 autem
1609 2891 1623 2910 a
1639 2883 1712 2918 prin-
