2060 3111
310 174 344 200 27
690 170 719 199 S.
739 170 876 198 JOANNlS
893 166 1127 196 CIIRYSOSTOKH
1148 167 1306 195 ARClllEP.
1327 167 1591 197 CONSTANTINOP.
1913 168 1947 196 28

309 224 385 266 Icipio
394 237 507 266 gravem
522 229 619 265 inﬂigit
633 229 736 264 plagam
750 228 854 260 dicens,
866 232 893 254 ut
906 234 956 253 non
969 230 1101 253 evacuatur

311 285 376 304 erit:
387 276 492 304 Christi.
505 275 558 303 Cur
571 282 636 310 ergo
647 275 730 302 altum
744 274 817 308 sapis
829 273 864 300 de
878 273 922 306 iis,
936 272 972 300 ob
984 279 1044 306 qua:
1055 279 1104 306 pn—

311 322 377 351 dore
391 321 508 350 suﬂuudi
523 320 683 356 oporteret?
695 319 721 346 Si
739 320 810 347 enim
826 319 884 356 inec
897 317 1028 352 sapientia
1042 324 1102 344 cum

311 376 391 396 cruce
408 373 505 403 pugnat
537 355 564 394 et
580 374 640 394 eum
656 365 809 400 Evangeliis
819 355 968 396 concertat,
980 371 1032 391 non
1046 363 1103 398 glo-

313 414 375 442 riari
395 414 430 441 de
445 415 499 447 illa,
524 411 572 440 scd
587 412 689 447 pudore
711 411 783 438 allici
804 415 920 446 oportet.
948 410 1010 437 “me
1032 410 1103 437 enim

313 467 392 488 causa
406 459 464 491 fuit,
480 466 530 486 cur
541 457 653 492 apostoli
668 465 720 484 non
734 457 869 491 sapientes
883 456 939 483 sive
954 454 1104 489 pbiIOSophi

313 506 422 537 iuerint,
439 512 491 532 non
511 511 543 532 ex
559 504 730 531 eharismatis
745 502 938 534 imbecillitate,
953 501 1001 529 sed
1019 505 1048 528 ut
1071 508 1105 527 ne

313 550 469 586 praedicatio
494 549 647 577 hederctur.
663 549 720 576 Non
737 556 802 584 ergo
827 548 863 575 illi
876 547 990 575 verbum
1011 546 1106 574 contir-

313 596 433 629 mabant,
449 596 495 623 sed
510 595 705 623 labefactabant
717 603 724 627 ;
737 599 765 621 at
778 594 867 621 idiota:
883 601 945 621 vere
959 592 1105 620 conﬁrma-

313 643 388 671 bant.
403 642 460 670 Hoc
474 642 593 670 retundit
609 642 715 675 fastum,
731 641 782 668 hoc
793 645 924 668 tumorem
940 639 1103 675 comprimit,

314 689 366 716 hoc
383 688 505 716 modeste
520 695 599 723 agere
613 687 720 714 suadet.
746 687 780 714 At
807 687 830 714 si
854 694 906 713 non
924 687 949 713 in
973 685 1104 720 sapientia

313 734 400 767 verbi,
413 735 528 769 inquies,
545 742 593 761 cur
607 733 706 767 Apollo
720 733 805 760 virum
829 733 936 760 doctum
951 730 1106 759 miserunt?

313 779 372 807 Non
386 779 412 806 vi
425 779 554 807 orationis
566 779 741 811 conﬁdentes,
758 778 807 805 sed
816 778 878 813 quia
891 783 986 812 potens
1001 781 1059 804 erat
1078 777 1104 804 in

314 826 470 862 Seripturis,
487 830 514 853 et
526 825 679 853 confutabat
695 825 814 852 Jndmos.
829 825 953 859 Alioquin
977 829 1065 851 autem
1079 823 1106 850 id

315 873 386 908 quod
410 872 580 908 quzerebatur
593 875 672 904 erat,
692 876 721 898 ut
743 871 787 906 qui
813 871 913 905 prituas
939 869 1065 897 tenebant
1079 872 1106 896 et

314 918 426 946 verbum
441 925 532 945 serere
545 922 694 952 cmpcrunt.
710 924 762 944 non
776 920 866 943 essent
876 915 958 942 docti.
969 915 1000 942 Hi
1012 921 1106 949 magna

317 964 416 991 virtute
429 970 496 998 opus
511 962 654 994 habebant,
666 965 720 988 uta
738 961 867 996 principio
879 968 998 988 errorem
1014 959 1108 994 depel-

316 1009 413 1041 lerent,
429 1014 456 1036 et
477 1014 539 1036 tunc
564 1008 590 1035 in
606 1008 665 1043 ipso
690 1009 812 1042 ingressu
834 1014 929 1042 magna
952 1005 1107 1034 fortitudine

315 1063 382 1089 opus
396 1060 463 1082 erat.

351 1102 378 1129 4.
402 1101 451 1135 Qui
474 1109 537 1137 ergo
558 1101 669 1129 eruditis
687 1101 720 1129 ab
736 1102 811 1129 initio
824 1109 892 1136 opus
905 1108 958 1128 non
975 1100 1066 1127 habuit
1079 1103 1108 1126 nt

316 1155 435 1175 errorem
450 1147 614 1182 depelleret,
631 1149 652 1175 si
673 1153 764 1183 postea
779 1147 898 1175 eruditos
911 1147 1015 1174 admisit
1030 1167 1037 1179 ,
1055 1154 1107 1172 non

315 1194 391 1228 quasi
416 1193 468 1221 illis
487 1193 609 1228 indigens
630 1194 681 1221 hoc
699 1194 770 1226 fecit,
785 1193 832 1221 sed
846 1193 921 1228 quasi
937 1200 990 1219 non
1005 1192 1108 1219 discer-

317 1247 395 1267 nens.
417 1239 493 1267 Sicut
506 1239 576 1266 enim
592 1240 757 1274 sapientibus
779 1239 931 1274 hujusmodi
946 1246 998 1265 non
1014 1237 1108 1273 egebat

317 1285 350 1313 ad
366 1285 392 1312 id
405 1286 476 1320 quod
491 1285 595 1313 volebat
617 1285 807 1320 perliciendum
823 1294 830 1312 :
853 1285 887 1311 ita
903 1285 924 1311 si
942 1289 1032 1319 postea
1049 1284 1109 1312 illos

317 1332 458 1364 inveniret,
468 1340 520 1359 non
535 1332 681 1367 rejiciebat.
697 1331 736 1358 'l‘u
751 1339 816 1358 vero
828 1331 892 1358 mibi
906 1331 971 1358 illud
984 1330 1107 1364 ostende,

316 1385 350 1404 an
365 1377 459 1405 Petrus
473 1382 501 1405 et
512 1377 609 1404 Paulus
623 1377 718 1404 eruditi
735 1381 834 1404 essent.
847 1377 899 1404 Sed
915 1384 967 1403 non
984 1377 1084 1411 poteris
1101 1385 1107 1402 :

317 1429 394 1451 erant
408 1424 480 1451 enim
496 1424 583 1451 idiota:
597 1430 621 1451 et
639 1424 765 1450 illitctati.
788 1422 1015 1456 Quemadmodum
1031 1422 1110 1455 igitur

318 1470 441 1497 Christus
456 1470 562 1505 quando
575 1469 722 1504 discipulos
735 1469 807 1496 misit
821 1469 846 1495 iu
862 1469 970 1499 orbem,
985 1474 1045 1494 cum
1059 1474 1108 1502 po-

319 1517 429 1543 tnntiam
444 1524 519 1543 suam
536 1517 651 1551 primum
666 1516 691 1542 in
708 1515 847 1542 Palmstina
861 1514 1023 1542 ostendisset
1039 1513 1090 1540 illis
1101 1533 1108 1545 ,

319 1566 347 1588 et
365 1561 478 1588 dixisset
493 1571 500 1588 :
516 1561 625 1594 Quando
645 1561 701 1588 misi
720 1569 761 1587 vos
778 1561 832 1587 siue
846 1568 964 1586 crumena
977 1564 1000 1586 et
1013 1567 1074 1593 pera
1087 1563 1110 1584 et

318 1609 419 1640 calceis,
436 1608 558 1643 numquid
575 1608 643 1634 vobis
663 1607 760 1642 aliquid
783 1607 863 1641 defuit
878 1606 961 1641 (Luc.
977 1606 1020 1633 22.
1037 1606 1111 1639 55)?

319 1658 382 1680 tunc
398 1654 517 1688 permisit
531 1658 558 1680 ut
571 1653 697 1688 deinceps
711 1657 738 1680 et
754 1660 843 1687 peram
858 1657 884 1679 et
898 1659 1052 1679 crumenam
1065 1652 1112 1678 ba-

322 1699 416 1726 berent
432 1707 438 1724 :
456 1703 490 1725 Il:l
507 1698 549 1725 hic
563 1705 670 1733 quoque
684 1697 757 1725 fecit.
779 1697 844 1724 Nam
859 1696 884 1724 id
895 1718 902 1730 ,
919 1697 990 1731 quod
1005 1705 1109 1732 qner-

323 1745 411 1777 batur,
426 1749 484 1771 erat
503 1748 531 1770 ut
551 1743 646 1771 Christi
664 1743 779 1778 potentia
796 1742 1000 1771 ostenderetur:
1017 1750 1069 1768 non
1085 1747 1113 1768 nt

324 1794 433 1824 propter
447 1793 583 1816 externam
595 1789 751 1824 sapientiam
766 1796 780 1815 a
797 1788 851 1815 [ide
863 1788 1023 1822 ejicerentnr
1037 1788 1053 1814 ii
1067 1788 1111 1823 qni

319 1835 487 1862 accederent.
511 1834 576 1862 Cum
599 1841 662 1870 ergo
683 1834 768 1862 Grmci
789 1833 935 1868 discipulos
949 1833 1113 1860 accusabunt

321 1887 349 1909 ut
363 1882 469 1915 idiotas,
485 1889 544 1914 nos,
560 1881 620 1916 plus
633 1889 712 1916 quam
726 1880 775 1913 illi,
790 1887 948 1907 accusemus
961 1880 1042 1914 ipsos.
1058 1879 1112 1906 Nec

320 1927 380 1962 quis
395 1927 465 1954 dicat
480 1927 589 1954 Paulum
606 1926 763 1961 sapientem,
779 1925 805 1952 id
819 1930 870 1958 est,
887 1925 994 1952 doctum
1011 1925 1111 1956 fuisse;

321 1971 368 1999 sed
383 1979 440 2004 eos,
457 1972 501 2007 qui
514 1971 584 2007 apud
599 1971 658 1998 illos
671 1971 706 1998 ob
719 1971 876 2006 sapientiam
890 1975 917 1998 et
931 1970 1112 2004 eloquentiam

322 2008 443 2045 celebres
455 2022 527 2051 sunt,
542 2017 703 2044 extollentes
714 2037 721 2049 ,
737 2016 798 2043 illos
811 2023 906 2043 omnes
919 2015 963 2050 qui
977 2015 1047 2050 apud
1064 2023 1112 2042 nos

322 2063 408 2095 Fuere,
424 2062 505 2090 rudes
519 2062 600 2089 fuisse
613 2061 742 2088 dicamus.
757 2061 815 2088 Non
829 2068 922 2096 parum
938 2061 1008 2087 enim
1023 2060 1048 2086 in
1066 2060 1114 2086 hac

322 2115 429 2143 quoque
452 2112 526 2142 parte
546 2107 605 2134 illos
618 2106 774 2141 dejiciemus
790 2115 796 2131 :
813 2106 851 2132 sic
865 2106 964 2140 quippe
977 2105 1114 2140 splendida

323 2155 376 2182 erit
389 2154 510 2181 victoria.

360 2199 506 2234 Disputatio
519 2199 586 2225 circa
597 2198 708 2225 Paulum
719 2203 740 2224 et
756 2197 898 2224 Platonem.
908 2213 943 2217 —
955 2198 1016 2225 ιιως
1026 2202 1114 2224 autent

324 2245 389 2276 dixi,
411 2245 470 2280 quia
494 2244 675 2271 Christianum
699 2244 848 2279 quempiam
870 2244 1012 2279 aliquando
1027 2244 1115 2271 audivi

325 2296 418 2319 contra
433 2291 555 2318 Gratcum
569 2290 680 2318 ridicule
693 2291 872 2325 disputantem
888 2301 894 2317 :
910 2290 989 2317 ambo
1003 2298 1117 2325 namque

327 2338 354 2365 in
373 2337 553 2372 disputatione
569 2343 624 2363 rem
639 2344 715 2363 suam
731 2336 905 2363 confutabant
918 2341 945 2363 et
961 2337 1116 2371 pessumda-

327 2385 400 2412 bant.
423 2382 491 2410 Nam
505 2390 564 2417 qua:
578 2382 758 2409 Christianum
773 2382 863 2410 dicere
877 2383 1057 2417 oportuisset,
1075 2383 1117 2409 illa

326 2430 432 2457 dicebat
441 2428 567 2460 Grazcus;
585 2433 613 2455 et
623 2435 682 2463 qua:
692 2427 813 2455 Graecum
825 2427 915 2456 dicere
926 2436 973 2462 par
983 2433 1050 2461 erat,
1063 2428 1119 2456 hme

327 2474 495 2502 Christianus
508 2473 669 2508 opponebat.
684 2473 748 2500 Nam
761 2481 821 2500 eum
832 2473 864 2500 de
878 2474 961 2500 Paulo
975 2479 1000 2500 et
1014 2474 1047 2500 de
1062 2474 1120 2500 l’la-

329 2527 391 2548 Ione
404 2520 516 2554 qurcstio
530 2524 618 2552 esset,
634 2519 742 2547 Grtecus
755 2520 801 2547 ille
814 2520 958 2547 ostendere
973 2520 1120 2548 conabatur

330 2568 440 2595 Paulum
456 2566 591 2594 indoctum
607 2571 633 2594 et
647 2566 740 2594 rudem
754 2567 836 2594 fuisse
850 2576 855 2593 :
877 2567 1044 2594 Christianus
1057 2575 1121 2594 vero

329 2621 364 2642 ex
378 2613 547 2648 simplicitate
563 2614 674 2648 probare
687 2613 875 2644 contendebat,
893 2613 1004 2640 Platone
1017 2613 1121 2640 doctio-

330 2668 387 2689 rem
400 2665 427 2688 et
438 2660 605 2687 disertiorem
621 2659 703 2687 fuisse
719 2660 839 2686 Paulum.
863 2659 899 2686 lta
919 2666 999 2694 porro
1013 2660 1122 2687 Graweus

330 2708 415 2734 victor
429 2706 531 2737 fuisset,
546 2706 568 2733 si
584 2705 641 2732 hmc
655 2705 761 2732 vicisset
773 2704 927 2740 propositio.
945 2704 1008 2732 Nam
1023 2705 1045 2731 si
1062 2705 1122 2731 Plu-

330 2757 392 2780 tone
405 2752 508 2780 doctior
521 2758 547 2779 et
561 2752 728 2787 eloquentior
740 2751 787 2777 l‘uit
802 2751 899 2778 Paulus
911 2771 919 2784 ,
934 2752 1020 2784 multi,
1035 2756 1062 2778 nt
1076 2759 1122 2779 ve-

330 2799 440 2826 risimile
454 2803 506 2831 est,
518 2802 664 2832 opponent,
678 2797 752 2823 illum
766 2805 818 2823 non
831 2797 926 2831 gratia,
937 2797 983 2824 sed
995 2797 1123 2832 eloquen-

330 2847 366 2873 tia
387 2852 538 2880 superasse.
561 2844 651 2878 Itaque
672 2843 710 2870 sic
735 2843 844 2878 loquens
868 2843 1049 2877 Christianus,
1074 2851 1123 2879 pro

333 2891 427 2920 Graeco
448 2890 533 2918 stabat
556 2899 562 2915 :
587 2889 656 2924 quod
680 2894 768 2917 autem
791 2890 900 2918 Graccus
925 2889 1048 2924 dicebat,
1075 2899 1122 2926 pro

1158 223 1309 252 Christiano
1323 224 1444 254 lac-iebat.
1467 226 1533 254 Nam
1546 227 1585 259 si,
1601 231 1630 254 ut
1641 226 1762 254 dicebam
1773 246 1781 260 ,
1801 227 1947 255 ineruditus

1157 274 1215 297 erat
1241 270 1357 304 Paulus,
1374 275 1401 297 et
1426 276 1516 298 tamen
1539 271 1677 299 Platonem
1702 271 1783 304 vicit,
1807 271 1946 307 splendida

1157 315 1206 343 fuit
1219 315 1329 343 victoria
1344 325 1352 343 :
1368 316 1490 344 indoctus
1503 318 1600 352 quippe
1614 317 1658 345 ille
1670 339 1678 352 ,
1691 325 1786 346 omnes
1800 318 1946 354 discipulos

1157 362 1214 396 ejus
1241 362 1360 396 adortus,
1386 371 1525 398 persuasos
1549 372 1639 392 secum
1665 365 1785 392 abduxit.
1803 365 1880 393 Unde
1900 372 1947 400 pas

1157 408 1208 435 lam
1235 412 1276 435 est
1302 415 1354 436 non
1379 409 1406 436 in
1435 409 1564 444 sapientia
1587 409 1701 437 humana
1729 410 1946 445 praedicatiOnent

1157 454 1329 489 prmvaluisse
1339 473 1347 487 ,
1363 453 1408 482 sed
1421 462 1468 489 per
1480 454 1527 482 Dei
1536 454 1659 490 gratiam.
1672 455 1710 482 Ne
1724 455 1803 490 igitur
1816 455 1842 482 in
1853 456 1946 483 eadem

1158 500 1318 532 incidamus,
1334 508 1400 528 neve
1415 501 1584 534 irrideamur,
1601 509 1661 528 cum
1676 506 1768 528 contra
1784 501 1893 529 Grmcos
1907 502 1948 529 sie

1158 547 1333 582 disputamus,
1346 549 1482 583 apostolos
1496 553 1628 583 tamquam
1640 549 1761 577 indoctos
1776 556 1946 576 accusemus:

1160 594 1220 622 talis
1235 593 1306 621 enim
1321 594 1456 621 accusatio
1470 594 1622 621 encominm
1637 599 1688 621 est.
1710 594 1743 622 Et
1756 602 1816 622 cum
1830 594 1948 622 dixerint

1158 639 1208 673 illi,
1228 644 1346 675 agrestes
1369 639 1451 667 fuisse
1473 641 1626 674 apestolos,
1648 647 1697 668 nos
1716 640 1845 668 addamus
1866 640 1947 668 etiam

1158 685 1241 713 fuisse
1256 685 1389 719 indoctos,
1406 686 1557 718 illiteratos,
1571 694 1700 722 pauperes
1711 709 1718 720 ,
1732 687 1799 715 viles
1815 691 1842 715 et
1853 687 1948 715 obscu-

1158 739 1213 759 ros.
1228 731 1286 759 Non
1300 737 1362 759 sunt
1374 732 1431 760 inec
1446 733 1586 760 maledicta
1602 733 1729 768 apostolis
1743 733 1815 760 illata
1826 754 1834 766 ,
1852 733 1898 761 sed
1913 733 1949 761 ad

1158 778 1264 805 illorum
1285 778 1396 813 gloriam
1417 779 1498 812 cedit,
1517 779 1588 814 quod
1612 780 1677 808 tales
1698 788 1759 807 cum
1779 784 1877 811 essent,
1891 784 1949 808 ιοιο

1158 823 1224 852 orbe
1251 828 1380 851 terrarum
1406 824 1504 852 fuerint
1525 825 1662 854 clariores.
1690 826 1722 853 lli
1743 826 1813 853 enim
1836 826 1948 860 idiotte,

1157 872 1287 904 agrestes.
1304 869 1415 901 indocti,
1431 870 1567 904 sapientes
1580 871 1651 905 illos,
1665 875 1797 906 potentes,
1809 875 1946 907 tyrannos,

1158 914 1204 948 qui
1216 914 1327 946 divitiis,
1341 915 1425 950 gloria
1440 920 1466 942 et
1479 916 1596 943 externis
1609 917 1714 944 exteris
1728 917 1809 944 rebus
1821 917 1949 945 frueban-

1160 964 1203 986 tur
1213 965 1240 987 et
1251 959 1443 994 gloriabantur,
1455 961 1531 996 quasi
1542 970 1590 989 nec
1602 962 1651 989 viri
1663 967 1752 990 essent
1765 963 1947 998 proﬂigarunt.

1160 1004 1235 1032 l'nde
1255 1005 1343 1040 palam
1361 1011 1402 1032 est
1421 1014 1542 1041 magnam
1561 1014 1622 1034 esse
1643 1008 1731 1035 crucis
1752 1008 1906 1042 potentiam,
1922 1012 1950 1036 et

1160 1052 1217 1077 lucc
1235 1058 1288 1077 non
1309 1051 1424 1078 humana
1438 1051 1464 1078 vi
1487 1051 1555 1079 facta
1576 1059 1644 1080 esse.
1666 1051 1724 1080 Non
1739 1053 1810 1080 enini
1826 1053 1950 1081 humana:

1159 1099 1262 1122 naturae
1281 1101 1342 1123 sunt
1362 1096 1416 1128 illa,
1438 1096 1485 1124 sed
1504 1104 1584 1132 supra
1606 1103 1728 1125 naturam
1754 1103 1854 1133 patrata
1876 1103 1948 1126 sunt.

1159 1142 1226 1168 Cum
1238 1147 1326 1170 autem
1337 1150 1416 1177 supra
1428 1147 1548 1170 naturam
1560 1148 1587 1170 et
1595 1143 1738 1172 admodum
1750 1145 1817 1172 ultra
1828 1149 1952 1172 naturam

1160 1188 1281 1223 quaedam
1305 1189 1456 1216 elliciuntnr
1470 1197 1531 1216 cum
1545 1190 1644 1217 decoro
1661 1195 1687 1218 et
1709 1191 1840 1224 utilitate;
1863 1191 1950 1226 palam

1161 1237 1203 1262 est
1216 1233 1259 1261 illa
1272 1241 1303 1261 ex
1317 1234 1408 1262 divina
1428 1235 1542 1270 quadam
1558 1235 1656 1263 virtute
1668 1241 1695 1263 et
1713 1237 1867 1271 operatione
1881 1237 1952 1264 facta

1161 1287 1230 1308 esse.
1245 1280 1435 1308 Animadverte
1449 1286 1536 1308 autem
1551 1290 1557 1307 :
1573 1282 1699 1316 piscator,
1715 1283 1889 1310 tentoriorum
1905 1290 1950 1310 ar-

1161 1326 1236 1359 tifex,
1250 1327 1416 1361 publicanus,
1429 1327 1578 1362 imperitus,
1594 1328 1746 1362 illiteratus,
1761 1336 1793 1356 ex
1811 1329 1953 1356 Palaestino

1161 1372 1272 1407 regione
1287 1372 1429 1407 longinqua
1441 1373 1588 1405 venientes,
1599 1373 1776 1408 philosophis,
1789 1375 1951 1407 oratoribus,

1161 1417 1268 1445 dicendi
1293 1417 1395 1451 peritis,
1419 1425 1451 1445 ex
1475 1418 1558 1452 patria
1578 1419 1697 1454 expulsis
1720 1420 1855 1454 omnibus,
1879 1420 1954 1448 brevi

1163 1462 1291 1497 temporis
1304 1463 1391 1498 spatio
1405 1463 1464 1490 illos
1478 1464 1610 1497 vicerunt,
1627 1471 1686 1491 cum
1703 1465 1829 1500 periculis
1843 1466 1932 1493 multis
1943 1486 1954 1498 ,

1165 1509 1268 1544 populis
1278 1514 1305 1536 et
1316 1509 1422 1544 regibus
1433 1509 1505 1545 ipsos
1515 1511 1741 1546 oppugnantibus,
1752 1511 1808 1546 ipsa
1821 1517 1955 1548 pugnante

1164 1558 1255 1581 natura
1269 1563 1277 1587 ;
1299 1555 1426 1589 temporis
1440 1555 1606 1591 antiquitate,
1621 1556 1767 1584 obsistente
1781 1557 1861 1584 etiam
1876 1557 1955 1592 longa

1163 1599 1366 1633 consuetudine,
1387 1601 1497 1628 armatis
1520 1601 1696 1635 datmonibns,
1717 1602 1824 1629 diabolo
1849 1603 1874 1629 in
1897 1603 1956 1630 acie

1164 1651 1250 1673 stante
1264 1651 1291 1674 et
1305 1647 1393 1674 omnia
1410 1651 1543 1680 movente,
1560 1655 1645 1682 reges,
1661 1648 1805 1683 principes,
1821 1648 1933 1683 populos
1945 1668 1955 1682 ,

1163 1697 1266 1726 gentes,
1281 1692 1360 1720 urbes
1372 1713 1379 1725 ,
1396 1693 1523 1720 barbaros
1535 1713 1543 1726 ,
1558 1693 1677 1727 Graecos,
1692 1694 1875 1728 philosophos,
1892 1701 1956 1721 ora-

1166 1743 1247 1771 tores,
1263 1738 1405 1774 sopbistas,
1419 1739 1574 1774 scriptores,
1591 1740 1674 1774 leges,
1688 1739 1838 1771 tribunalia,
1854 1739 1958 1774 suppli-

1165 1785 1203 1811 cia
1219 1784 1302 1817 varia,
1325 1789 1426 1812 mortes
1449 1785 1601 1812 innumeras
1624 1790 1651 1813 et
1673 1786 1803 1813 diversas.
1831 1787 1956 1813 Attamen

1166 1831 1222 1858 haec
1237 1831 1325 1858 omnia
1341 1831 1374 1858 ita
1391 1831 1497 1866 repulsa
1511 1836 1610 1858 suntet
1623 1837 1773 1864 cesserunt,
1789 1831 1958 1866 loquentibus

1166 1877 1341 1910 piscatoribus
1353 1897 1361 1909 ,
1379 1877 1488 1911 perinde
1500 1881 1529 1903 ut
1543 1878 1628 1904 tenuis
1643 1878 1738 1912 pulvis,
1753 1878 1797 1912 qui
1812 1878 1959 1905 vehemen-

1167 1922 1231 1950 tium
1246 1927 1385 1950 ventorum
1399 1923 1525 1958 impetum
1541 1923 1611 1950 l'erre
1625 1925 1725 1959 nequit.
1742 1924 1880 1952 Discamns
1892 1933 1959 1960 ergo

1166 1969 1204 1995 sic
1216 1976 1276 1996 eum
1291 1968 1393 1996 Graecis
1405 1969 1551 2003 disputare,
1569 1975 1597 1996 ut
1610 1978 1643 1997 ne
1656 1971 1740 1998 simus
1757 1976 1889 2006 tamquam
1907 1972 1956 1998 be-

1168 2016 1225 2042 stia:
1246 2020 1273 2042 et
1295 2023 1406 2051 pecora;
1423 2017 1470 2043 sed
1485 2017 1568 2051 parati
1582 2024 1688 2052 seraper
1703 2017 1735 2044 ad
1751 2025 1825 2053 spem
1838 2024 1958 2046 nostram

1168 2060 1304 2088 tuendam.
1320 2061 1353 2088 Et
1368 2062 1473 2088 interim
1491 2062 1541 2089 hoc
1553 2067 1632 2097 caput
1643 2063 1810 2094 meditemur,
1821 2064 1892 2098 quod
1906 2073 1959 2091 non

1168 2114 1277 2140 parvum
1291 2111 1342 2137 est,
1357 2107 1464 2142 illisque
1476 2107 1596 2135 dicamus
1612 2117 1618 2134 :
1635 2108 1773 2136 Undenam
1790 2109 1887 2135 inlirmi
1904 2109 1960 2136 for-

1169 2156 1208 2179 tes
1222 2153 1280 2180 illos
1294 2153 1423 2186 vicerunt,
1439 2153 1579 2181 duodecim
1595 2155 1746 2181 universum
1761 2155 1873 2182 orbem?
1890 2156 1961 2190 iique

1169 2206 1222 2225 non
1244 2198 1338 2225 iisdem
1354 2203 1458 2226 utentes
1471 2200 1564 2233 armis,
1581 2200 1627 2227 sed
1649 2201 1711 2228 nudi
1734 2206 1825 2228 contra
1843 2206 1962 2228 armatos

1170 2245 1334 2279 pugnantes?

1205 2292 1231 2319 5.
1257 2292 1436 2324 Apostolorum
1458 2293 1561 2320 victoria
1584 2293 1725 2326 mirabilis;
1746 2293 1861 2329 exemplo
1882 2294 1964 2329 magis

1170 2345 1246 2372 quam
1261 2338 1422 2372 philosophia
1436 2339 1636 2373 prtrdicaudum.
1649 2355 1684 2359 —
1696 2339 1742 2366 Dic
1757 2340 1839 2372 enim,
1853 2341 1874 2366 si
1891 2340 1963 2367 duo-

1171 2383 1256 2410 decim
1268 2384 1316 2410 viri
1331 2384 1368 2411 rei
1385 2385 1506 2412 militaris
1518 2385 1633 2419 imperiti
1650 2385 1674 2412 in
1690 2390 1818 2412 armatam
1834 2391 1966 2420 pugnato-

1171 2437 1228 2456 rum
1242 2430 1472 2457 innnmerabilinm
1485 2431 1568 2458 aciem
1581 2432 1770 2466 irrumpentes,
1783 2439 1834 2458 non
1848 2432 1968 2459 inermes

1173 2481 1285 2509 tantum,
1301 2477 1346 2503 scd
1361 2477 1440 2504 etiam
1456 2485 1568 2512 corpore
1581 2478 1689 2511 inﬁrmi,
1702 2479 1736 2506 ab
1750 2478 1801 2505 illis
1815 2478 1880 2505 nihil
1895 2479 1967 2505 male

1175 2527 1340 2557 paterentur,
1354 2531 1439 2557 neque
1453 2523 1690 2552 innumerabilibus
1705 2525 1764 2551 telis
1780 2525 1893 2559 impetiti
1906 2533 1970 2552 sau-

1173 2568 1326 2600 eiarentnr;
1349 2568 1478 2596 habentes
1492 2574 1580 2596 autem
1596 2569 1646 2596 tela
1661 2569 1739 2597 inlisa
1755 2570 1860 2604 corpori
1878 2570 1969 2601 titulo,

1174 2622 1268 2641 tunnes
1283 2620 1485 2649 prosternerent
1498 2636 1505 2649 ,
1522 2624 1574 2643 non
1589 2618 1669 2642 armis
1683 2620 1786 2643 utentes
1799 2637 1806 2649 ,
1823 2617 1868 2643 sed
1887 2625 1972 2644 ntanu

1176 2659 1317 2692 ferientes;
1334 2660 1432 2688 deinde
1444 2661 1511 2688 alios
1527 2661 1689 2694 occiderent,
1706 2661 1772 2689 alios
1786 2661 1908 2696 captivos
1923 2662 1974 2689 ab-

1175 2706 1314 2738 ducerent,
1329 2707 1408 2734 nullis
1422 2708 1538 2742 acceptis
1553 2707 1707 2734 vulneribus
1723 2717 1728 2734 :
1745 2716 1776 2734 an
1793 2708 1853 2742 quis
1866 2708 1974 2735 dlCt‘l‘Cl

1177 2760 1232 2778 rem
1251 2752 1329 2779 talem
1342 2757 1443 2787 gestam
1456 2753 1597 2780 humanam
1608 2754 1687 2781 esse?
1701 2754 1779 2789 Atqui
1792 2754 1975 2788 apostolicum

1178 2803 1307 2833 tropaeum
1320 2799 1397 2834 longe
1414 2799 1458 2826 illo
1472 2799 1618 2826 mirabilius
1635 2804 1685 2826 est.
1703 2800 1791 2833 Lenge
1803 2801 1874 2826 enim
1890 2800 1977 2826 mira-

1179 2844 1255 2870 bilius
1266 2848 1397 2879 estquam
1413 2843 1510 2871 nudum
1526 2852 1577 2870 non
1592 2845 1737 2876 vulnerari,
1749 2845 1818 2879 quod
1831 2845 1978 2879 imperitus

1180 2896 1207 2918 et
1225 2891 1362 2919 illiteratus
1378 2895 1455 2927 atque
1477 2891 1591 2925 piscator
1613 2895 1711 2918 tantam
1734 2895 1842 2926 superet
1864 2890 1978 2918 dicendi
