2033 3116
297 150 331 177 2³
567 164 573 169 ·
662 153 691 180 S.
712 151 857 179 JOANNIS
876 151 1121 181 CHRYSOSTOMI
1141 153 1303 183 ARCHIEP.
1324 150 1602 179 CONSTANTINOP.
1901 149 1931 177 30

297 206 425 242 τίρρητος
439 208 453 233 6
474 207 517 234 διὰ
533 209 586 234 τῶν
609 209 697 244 ἔργων
708 219 714 224 ·
732 211 794 236 ἐπεὶ
814 210 866 236 κᾶν
885 210 970 246 μυρία
986 211 1090 245 φιλοσο-

298 248 430 282 φήσωμεν
451 247 495 274 διά
509 249 565 275 τῶν
589 250 691 284 λόγων,
717 251 773 286 βίον
793 251 822 277 δὲ
846 251 884 286 μὴ
905 252 1092 288 παρεχώμεθα

297 287 408 315 ἐκείνων
426 289 557 323 βελτίονα,
574 291 604 317 τὸ
617 291 712 326 κέρδος
730 292 817 319 οὐδέν.
835 293 873 319 Οὐ
897 293 952 327 γὰρ
967 294 1024 325 τοῖς
1045 293 1090 320 λε-

297 330 422 365 γομένοις
435 331 624 366 προσέχουσιν,
640 333 697 359 ἀλλ’
710 333 729 360 ἃ
741 334 899 369 πράττομεν
920 334 1089 367 ἐξετάζουσι,

297 371 344 397 καί
357 380 440 406 φασι·
464 372 500 399 Σὺ
516 373 649 408 πρότερος
661 376 717 406 τοῖς
733 377 789 406 σοῖς
806 376 910 410 ῥήμασι
922 375 1027 408 πείθου,
1043 377 1090 403 καὶ

298 413 358 438 τότε
374 413 478 448 ἑτέροις
498 415 636 448 παραίνει.
651 417 682 442 El
696 416 725 442 δὲ
746 416 837 450 λέγεις
855 416 906 451 μὲν
926 417 1009 452 μυρία
1021 416 1090 444 εἶναι

297 454 389 487 ἀγαθά
400 456 428 481 ἐν
440 455 479 491 τῷ
494 457 628 491 μέλλοντι,
641 458 679 490 ὡς
692 459 742 485 οὐκ
754 459 839 485 ὄντων
854 459 883 485 δὲ
896 458 968 486 οὕτω
985 459 1091 494 φαίνοιο

295 496 353 527 τοῖς
367 497 484 530 παροῦσι
501 498 724 534 προσηλωμένος,
738 500 773 526 τὰ
785 499 854 535 ἔργα
869 509 916 527 σου
928 500 983 527 τῶν
998 502 1090 536 ῥημά-

296 545 349 563 των
365 538 427 572 ἐμοὶ
448 539 607 575 πιστότερα.
629 541 713 567 Ὅταν
733 541 788 576 γάρ
812 541 858 568 ἴδω
881 550 912 568 σε
931 542 1090 577 ἁρπάζοντα

295 578 329 604 τά
344 579 457 614 ἐτέρων.
478 580 630 615 θρηνοῦντα
649 582 777 617 ἀμέτρως
793 583 840 609 ἐπὶ
860 584 916 615 τοῖς
929 583 1089 618 ἀπελθοῦσι,

295 619 382 646 πολλὰ
397 621 478 656 ἕτερα
495 622 726 657 πλημμελοῦντα,
748 623 806 655 πῶς
827 633 869 650 σοι
887 625 1028 652 πιστεύσω
1048 626 1090 652 ὅτι

295 659 370 687 ἐστιν
384 661 551 695 άνάὰτασις;
572 664 631 690 Κᾶν
648 664 703 700 γὰρ
719 665 756 700 μὴ
771 665 871 700 λέγωσι
888 666 975 693 ταῦτα
986 686 994 699 ,
1015 667 1090 702 ὅμως

294 703 416 729 ἐννοοῦσι
430 703 528 735 ταῦτα,
540 705 588 731 καὶ
599 706 828 741 περιστρέφουσιν
840 707 886 733 ἐπὶ
897 708 947 743 τῆς
960 707 1088 740 διανοίας.

295 743 351 769 Καὶ
377 744 458 772 τοῦτό
485 746 541 773 ἔστι
558 747 588 773 τὸ
611 747 715 774 κωλύον
732 748 795 779 τοὺς
816 749 948 780 ἀπίστους
964 750 1089 784 γενέσθαι

295 786 487 820 Χριστιανούς.
511 789 707 825 Ἑναγάγωμεν
722 795 732 805 ⁸
753 790 843 817 τοίνυν
864 791 964 823 αὐτοὺς
980 791 1023 818 διά
1040 792 1089 826 τῆς

295 827 368 862 ζωῆς
381 828 432 864 τῆς
448 830 597 864 ἡμετέρας.
614 831 710 858 Πολλοὶ
725 832 772 858 καὶ
789 832 893 859 ἰδιῶται
905 832 1002 868 ἄνδρες
1012 833 1088 868 φιλο-

297 869 386 903 σόφων
409 870 481 897 οὕτω
504 872 679 908 κατέπληξαν
700 873 751 908 τὴν
769 873 900 907 διάνοιαν,
922 874 960 906 ὡς
977 875 1024 901 καὶ
1038 875 1090 910 τὴν

294 909 349 936 τῶν
373 910 462 946 ἔργων
488 912 690 949 ἐπιδειξάμενοι
716 914 893 950 φιλοσοφίαν,
921 915 968 942 καὶ
997 915 1089 950 φωνὴν

295 951 446 987 σάλπιγγος
461 954 656 991 λαμπροτέραν
670 956 714 983 διά
729 957 779 992 τῆς
798 957 938 989 πολιτείας
955 958 1003 984 καὶ
1018 958 1090 992 φιλο-

295 994 392 1028 σοφίας
406 995 523 1030 ἀφέντες
533 1005 541 1012 ·
557 997 626 1032 αῦτη
641 997 696 1034 γάρ
709 998 760 1033 τῆς
775 999 899 1035 γλώττης
915 999 1086 1035 ἰσχυροτέρα.

295 1035 380 1062 Ὅταν
396 1037 425 1063 δέ
443 1038 530 1072 εἴπω,
547 1039 589 1066 ὃτι
610 1040 641 1066 οὐ
665 1040 718 1076 χρὴ
744 1042 941 1076 μνησικακεῖν,
962 1039 1023 1069 εἷτα
1042 1041 1088 1069 τὸν

294 1076 414 1112 Ἕλληνα
428 1079 512 1114 μυρία
524 1081 687 1116 ἐργάσωμαι
702 1083 786 1114 κακὰ,
799 1083 858 1114 πῶς
869 1083 1020 1118 δυνήσομαι
1032 1085 1088 1116 τοῖς

293 1118 383 1160 λόγοις
399 1119 481 1146 αὐτὸν
496 1123 654 1156 ἐναγαγεῖν,
666 1123 709 1149 διὰ
721 1123 776 1150 τῶν
790 1123 879 1160 ἔργων
893 1124 978 1151 αὐτὸν
988 1125 1088 1152 ἀποσο-

292 1159 366 1193 6ὦν;
383 1160 569 1197 Θηρεύσωμεν
587 1163 677 1191 τοίνυν
695 1165 794 1196 αὐτοὺς
807 1159 854 1191 νδιά
871 1166 921 1201 τῆς
938 1166 1087 1198 πολιτείας,

293 1201 340 1228 καὶ
352 1201 397 1228 διὰ
409 1203 463 1229 τῶν
477 1204 572 1239 ψυχῶν
588 1205 690 1232 τούτων
703 1206 891 1242 οἱκοδομῶμεν
904 1207 952 1242 τὴν
974 1207 1086 1243 Ἐκκλη-

293 1243 365 1277 σίαν,
393 1245 442 1271 καὶ
468 1246 571 1273 τούτων
595 1248 796 1284 συναγάγωμεν
815 1249 862 1275 τὸν
885 1249 1011 1278 πλοῦτον.
1030 1251 1088 1277 υὺκ

291 1284 350 1311 ἔστι
375 1285 465 1322 ψυχῆς
492 1288 570 1315 οὐδὲν
598 1289 740 1321 ἀντάξιον,
761 1289 823 1316 οὺδέ
842 1290 857 1316 6
881 1291 983 1326 κόσμος
1002 1292 1086 1324 ἅπας.

292 1326 375 1353 Ὥστε
388 1327 438 1354 κᾶν
455 1329 542 1368 μυρία
554 1330 606 1365 δῷς
624 1333 754 1367 χρήματα
769 1332 893 1368 πένησιν,
908 1333 985 1361 οὐδὲν
1000 1334 1087 1361 τοιοῦ-

289 1369 473 1411 τον-ἐργάσῃ,
489 1367 545 1397 οἷον
560 1372 573 1397 6
591 1371 656 1406 μίαν
672 1372 762 1408 ψυχὴν
783 1367 967 1409 ἐπιστρέφων.
989 1375 1015 1401 '0
1033 1376 1087 1411 γὰρ

288 1409 406 1445 ἐξάγων
423 1413 522 1446 τίμιον
535 1413 570 1445 ἐξ
586 1414 724 1447 ἀναξίου,
741 1415 782 1448 ὡς
804 1415 902 1450 στόμα
914 1425 974 1450 μου
988 1409 1086 1451 ἔσται,

290 1451 367 1485 φησί.
395 1452 475 1487 Μέγα
500 1454 549 1489 μὲν
572 1455 628 1490 γὰρ
653 1456 756 1490 ἀγαθον
783 1456 831 1483 καὶ
855 1457 886 1483 τὸ
910 1457 997 1485 ἐλεεῖν
1026 1459 1087 1492 τοὺς

290 1493 466 1528 πενομένους·
476 1495 534 1521 ἀλλ’
546 1496 623 1522 οὐδὲν
633 1497 765 1529 τοιοῦτον,
778 1496 835 1524 οἷον
845 1498 876 1524 τὸ
888 1498 993 1534 πλάνης
1004 1499 1088 1526 ἁπαλ-

291 1533 409 1561 λάττειν·
424 1536 439 1562 6
448 1535 503 1571 γὰρ
514 1537 595 1564 τοῦτο
607 1538 704 1570 ποιῶν,
720 1539 792 1565 κατὰ
805 1539 913 1566 Παῦλον
924 1533 1029 1574 γίνεται
1041 1542 1089 1568 καὶ

291 1575 405 1610 Πέτρον.
443 1577 553 1609 Ἔξεστι
591 1578 647 1613 γὰρ
687 1579 870 1613 ἀναδέξασθαι
910 1582 941 1608 τὸ
975 1583 1089 1609 ἐκείνων

292 1617 432 1660 κήρυγμα,
445 1619 495 1654 οὐχ
506 1619 549 1646 ἴνα
558 1620 761 1656 κινδυνεύωμεν
776 1622 903 1660 καθάπερ
916 1624 1026 1655 ἐκεῖνοι,
1040 1625 1089 1651 καὶ

292 1657 390 1693 λιμοὺς
411 1660 458 1687 καὶ
474 1661 586 1696 λοιμοὺς
608 1662 656 1689 καὶ
674 1662 709 1690 τὰ
732 1663 801 1690 ἄλλα
825 1657 1009 1701 ὐποφέρωμεν
1039 1666 1088 1701 (εί-

326 1721 339 1734 ί³
352 1722 369 1746 Α
375 1720 399 1746 lii
411 1723 575 1754 ἀναγάγωμεν.

1145 213 1230 248 ρήνης
1242 210 1297 246 γὰρ
1310 209 1325 236 ὸ
1340 208 1436 243 παρὼν
1450 207 1570 243 καιρὸς).
1586 206 1643 233 ἀλλ’
1657 206 1701 233 ἶνα
1714 205 1764 240 τὴν
1776 205 1831 233 άπὸ
1840 206 1937 241 προθυ‹

1145 247 1209 290 μίας
1225 251 1344 287 σπουδὴν
1365 248 1575 284 ἐπιδειξώμεθα.
1597 249 1652 275 Καὶ
1670 248 1725 290 γάρ
1746 247 1937 290 ἐξεστιιιρῖκοι

1145 288 1317 329 καθημένους
1334 291 1436 326 ταύτην
1452 291 1503 326 τὴν
1525 291 1617 317 άλείαν
1642 289 1819 325 ἐργάζεσθαι.
1844 288 1877 314 Et
1898 297 1937 320 τις

1143 335 1199 370 ἔχει
1213 334 1290 370 φίλον
1305 334 1353 361 καὶ
1371 333 1491 367 συγγενῆ
1514 332 1562 359 καὶ
1576 332 1686 364 οἰκεῖον,
1706 330 1794 357 ταῦτα
1816 329 1935 362 ποιείτω,

1142 377 1231 405 ταῦτα
1250 377 1365 410 λεγέτω*
1379 375 1426 402 καὶ
1441 375 1519 402 ἐσται
1534 373 1607 401 κατά
1628 374 1732 409 Πέτρον
1749 373 1798 399 καὶ
1821 370 1935 398 Παῦλον.

1143 419 1198 445 Καὶ
1212 419 1238 444 τί
1253 418 1325 452 λέγω
1343 417 1446 452 Πέτρον
1471 417 1518 443 καὶ
1533 415 1656 448 Παῦλον;
1677 415 1770 450 Στὸμα
1791 413 1869 440 ἔσται
1891 412 1936 439 τοῦ

1143 459 1272 495 Χριστοῦ·
1295 459 1327 486 '0
1343 458 1398 494 γὰρ
1412 457 1569 493 ἐξαγαγὼν
1584 457 1683 492 τίμιον
1696 455 1731 487 ἐξ
1745 454 1885 487 ἀναξίου,
1899 454 1937 486 ὡς

1143 501 1241 535 στόμα
1250 509 1311 535 μου
1328 499 1416 526 ἔσται
1427 519 1435 532 ,
1452 499 1529 534 φησι,
1553 498 1613 526 Κᾶν
1633 497 1670 533 μὴ
1687 497 1808 533 σήμερον
1829 495 1935 530 πείσῃς,

1143 541 1238 577 αὔριον
1251 542 1367 573 πείσεις*
1383 541 1435 568 κᾶν
1451 540 1589 576 μηδέποτε
1603 539 1702 575 πείσῃς
1714 559 1722 571 ,
1736 539 1769 565 σὺ
1783 537 1830 564 τὸν
1844 536 1937 572 μισθὸν

1143 583 1215 616 ἕξεις
1232 582 1449 619 ἀπηρτισμένοψ
1466 582 1518 609 κᾶν
1533 583 1570 617 μὴ
1586 582 1691 613 πάντας
1707 579 1817 614 πείσῃς,
1831 578 1937 612 ὀλίγους

1144 625 1198 652 ἀπὸ
1212 625 1319 652 πολλῶν
1330 625 1442 660 δυνήσῃ·
1459 624 1521 650 ἐπεὶ
1535 624 1583 650 καὶ
1598 624 1623 650 οί
1640 622 1785 650 ἀπόστολοι
1799 621 1859 655 οὺχὶ
1871 619 1937 646 πάν-

1142 675 1193 699 τας
1207 666 1271 698 τοὺς
1285 665 1365 697 δντας
1378 663 1539 701 ἀνθρώπους
1558 665 1681 697 ἔπεισαν,
1702 663 1759 690 ἀλλ’
1777 663 1851 698 ὅμως
1871 661 1936 688 πᾶσι

1143 707 1332 743 διελέχθησαν,
1345 706 1445 734 καὶτὸν
1455 706 1502 733 ἐπὶ
1518 707 1586 733 πᾶσι
1597 705 1694 741 μισθὸν
1703 704 1820 740 ἔχουσιν.
1834 703 1871 729 Οὐ
1883 702 1936 736 γὰρ

1144 749 1213 785 πρὸς
1225 748 1256 775 τὸ
1266 749 1343 781 τέλος
1353 748 1408 775 τῶν
1417 747 1653 784 κατορθουμένων,
1661 746 1729 774 ἀλλὰ
1738 745 1806 781 πρὸς
1813 744 1861 780 τὴν
1871 743 1936 778 γνώ-

1145 798 1199 826 μην
1209 790 1264 817 τῶν
1275 790 1480 826 κατορθούντων
1491 790 1505 816 ὁ
1517 789 1584 820 Θεὸς
1598 789 1662 821 τοὺς
1676 787 1825 822 στεφάνους
1835 785 1936 821 ὁρίζειν

1143 831 1234 858 εἴωθε.
1245 831 1304 858 Κᾶν
1314 831 1361 858 δύο
1371 831 1529 867 καταὸάλῃς
1540 830 1661 863 ὀϐολοὺς,
1677 829 1794 865 δέχεται·
1807 827 1855 854 καὶ
1868 827 1936 862 ὅπερ

1143 873 1191 899 ἐπὶ
1203 873 1254 908 τῆς
1272 874 1359 909 χήρας
1374 874 1486 908 ἐποίησε
1495 893 1502 905 ,
1517 873 1598 900 τοῦτο
1611 873 1659 899 καὶ
1672 872 1719 898 ἐπὶ¹
1731 871 1786 898 τῶν
1797 869 1937 897 διδασκόν-

1142 923 1197 942 των
1211 914 1269 951 [ἳὸ]
1283 915 1440 951 ἐργάζεται.
1454 916 1500 952 Μὴ
1517 915 1618 948 τοίνυν,
1631 913 1728 950 ἐπειδὴ
1742 913 1793 948 τὴν
1810 910 1935 947 οἰκουμέ-

1142 965 1192 991 νην
1208 956 1239 983 οὑ
1259 956 1372 984 δύνασαι
1395 957 1481 984 σῶσαι
1499 957 1546 984 καὶ
1562 956 1617 984 τῶν
1641 955 1739 990 ὀλίγων
1760 953 1936 988 καταφρόνει,

1143 998 1211 1033 μηδὲ
1226 999 1258 1034 τῇ
1275 998 1330 1025 τῶν
1352 999 1479 1034 μεγάλων
1494 999 1629 1034 ἐπιθυμίᾳ
1648 996 1704 1025 τῶν
1727 996 1834 1033 μικρῶν
1853 994 1935 1029 ἀφελ-

1141 1039 1229 1076 κύσῃς
1243 1040 1368 1067 σεαυτόν.
1393 1040 1454 1067 Κᾶν
1473 1041 1571 1068 ἑκατὸν
1593 1040 1630 1076 μὴ
1656 1039 1785 1075 δυνηθῇς,
1799 1036 1854 1064 τῶν
1870 1036 1936 1063 δέκα

1141 1079 1325 1116 ἐπιμελήθητι
1335 1089 1342 1096 ·
1358 1080 1409 1107 κᾶν
1419 1081 1486 1108 δέκα
1505 1080 1543 1117 μὴ
1557 1080 1686 1116 δυνηθῇς,
1705 1079 1773 1115 μηδέ
1787 1077 1843 1105 τῶν
1854 1076 1935 1104 πέντε

1142 1123 1365 1158 καταφρονήσῃς·
1385 1121 1436 1149 κᾶν
1452 1122 1535 1149 πέντε
1555 1121 1593 1157 μὴ
1608 1121 1735 1156 δυνηθῇς,
1750 1120 1798 1147 τοῦ
1817 1119 1878 1151 ἐνὸς
1898 1118 1935 1153 μὴ

1142 1163 1289 1199 ὺπερίδῃς”
1315 1163 1365 1190 κᾶν
1390 1164 1435 1191 τον
1460 1164 1508 1190 ἒνα
1533 1164 1571 1199 μὴ
1600 1163 1735 1198 δυνηθῇς,
1755 1162 1823 1198 μηδὲ
1849 1161 1935 1192 οὕτως

1141 1205 1254 1240 ἀθύμει,
1275 1206 1343 1241 μηδέ
1361 1206 1396 1232 τὰ
1415 1206 1491 1241 παρὰ
1508 1205 1608 1233 σαυτοῦ
1628 1205 1764 1241 κωλύσῃς.
1783 1204 1839 1240 Οὐχ
1857 1203 1935 1239 ὁρᾷς,

1140 1247 1182 1274 ὅτι
1196 1247 1244 1274 καὶ
1257 1248 1286 1273 ἐν
1296 1249 1352 1279 τοῖς
1366 1248 1588 1283 συναλλάγμασιν
1601 1247 1632 1274 οὐ
1646 1247 1726 1283 μόνον
1739 1246 1794 1273 άπδ
1809 1246 1934 1281 χρυσίου,

1140 1289 1209 1316 ἀλλὰ
1223 1289 1270 1316 καὶ
1284 1289 1313 1321 ἐξ
1326 1289 1460 1325 ἀργυρίου
1473 1290 1522 1320 τὰς
1536 1289 1671 1325 ἐμπορίας
1683 1288 1859 1315 ποιοῦνταιοὶ
1871 1287 1935 1322 περὶ

1140 1330 1227 1357 ταῦτα
1239 1330 1433 1365 σχολάζοντες;
1447 1331 1496 1357 Ἂν
1507 1331 1557 1367 μὲν
1569 1331 1624 1366 γάρ
1637 1330 1752 1365 μηδέπω
1761 1329 1815 1356 τῶν
1828 1329 1935 1365 μικρῶν

1141 1372 1356 1408 καταφρονῶμεν
1368 1391 1376 1404 ,
1395 1373 1441 1399 καὶ
1456 1372 1511 1399 τῶν
1527 1372 1652 1408 μεγάλων
1665 1370 1844 1406 άνθεξόμεθα·
1859 1370 1893 1397 ἂν
1906 1370 1935 1396 δὲ

1139 1413 1194 1440 τῶν
1211 1415 1317 1450 μικρῶν
1333 1415 1518 1450 ὑπερίδωμεν,
1535 1415 1598 1441 οὐδὲ
1614 1414 1727 1440 ἐκείνων
1744 1412 1934 1448 ἐπιληψόμεθα

1140 1455 1271 1487 εὐκόλως.
1285 1455 1379 1488 Οὕτως
1392 1456 1507 1487 ἕκαστος
1518 1456 1646 1487 πλούσιος
1658 1455 1773 1490 γίνεται,
1785 1455 1834 1482 καὶ
1846 1454 1934 1490 μικρά

1139 1497 1187 1523 καὶ
1203 1497 1309 1533 μεγάλα
1324 1497 1473 1532 συλλέγων·
1489 1497 1562 1524 οὕτω
1576 1498 1624 1524 καὶ
1638 1498 1718 1533 ἡμεῖς
1735 1496 1856 1532 ποιῶμεν
1867 1518 1876 1530 ,
1889 1497 1933 1524 ἵνα

1138 1539 1168 1564 ὲν
1185 1539 1253 1566 πᾶσι
1280 1539 1494 1575 πλουτήσαντες,
1521 1539 1696 1575 ἐπιτύχωμεν
1719 1540 1768 1574 τῆς
1794 1539 1933 1574 βασιλείας

1137 1580 1192 1606 τῶν
1209 1581 1334 1615 οὐρανῶν
1349 1602 1356 1614 ,
1375 1582 1468 1617 χάριτι
1485 1582 1532 1608 καὶ
1552 1581 1743 1617 φιλανθρωπίᾳ
1758 1581 1806 1608 τοῦ
1828 1580 1934 1616 Κυρίου

1140 1622 1219 1656 ἡμῶν
1240 1623 1328 1658 Ἰησοῦ
1346 1623 1481 1657 Χριστοῦ,
1500 1622 1534 1649 δι’
1549 1619 1579 1650 οὗ
1596 1623 1643 1650 καὶ
1665 1623 1725 1658 μεθ’
1740 1619 1770 1650 οὗ
1785 1623 1826 1658 τῷ
1845 1621 1935 1658 Πατρὶ

1141 1665 1199 1699 ἃμα
1215 1664 1255 1699 τῷ
1272 1665 1343 1701 ἁγίῳ
1358 1665 1498 1700 Πνεύματι
1512 1664 1586 1698 δόξα,
1603 1665 1714 1700 κράτος,
1732 1665 1810 1701 τιμὴ,
1825 1664 1874 1692 νῦν
1887 1665 1935 1692 καὶ

1139 1705 1193 1736 ἀεὶ,
1210 1706 1257 1732 καὶ
1270 1707 1310 1738 εἰς
1326 1706 1389 1737 τοὺς
1404 1706 1505 1738 αίῶνας
1522 1706 1576 1733 τῶν
1591 1706 1708 1733 αἰώνων.
1727 1707 1824 1742 Ἀμήν.

1050 1905 1172 1932 ΟΜΙΛΙΛ
1192 1908 1228 1933 .‘.’.

305 1969 327 1995 ο
339 1969 431 2002 λόγος
447 1968 502 2005 γὰρ
517 1969 533 2005 ῤ
549 1967 601 2005 τοῦ
613 1970 746 2005 (uappa)
762 1970 824 2003 τοῖς
835 1970 893 2005 μὲν
912 1969 1084 2004 ἀπολλυμέ-

329 2012 393 2036 νοις
408 2003 506 2040 μωρία
519 2003 595 2040 ἐστὶ,
609 2004 669 2037 τοῖς
686 2005 720 2031 δὲ
741 2003 919 2039 σωζομένοις
942 2004 1015 2040 ἡμῖν
1031 2003 1085 2040 δύ-

327 2047 416 2075 ναμις
437 2038 511 2075 Θεοῦ
528 2039 607 2075 ἐστιἒ
624 2040 793 2074 Γέγραπται
809 2038 873 2075 γάρ·
894 2038 1011 2067 Ἀπολῶ
1029 2039 1086 2074 τὴν

328 2074 443 2107 σοφίαν
457 2073 513 2099 τῶν
527 2073 643 2108 σοφῶν.
659 2075 708 2101 καί
722 2075 780 2108 τὴν
795 2073 926 2102 σύν-εστιν
937 2074 998 2101 τῶν
1012 2073 1086 2102 συκ-

328 2108 404 2145 ετῶν
419 2108 571 2145 ἀθετήσω·
592 2109 651 2145 ποῦ
666 2110 780 2145 σοφός-ἶ
800 2109 860 2136 ποῦ
876 2110 1085 2145 γραμματεύς

329 2142 389 2169 ποῦ
405 2142 576 2177 συζὴτητὴς
593 2143 646 2170 τοῦ
659 2142 768 2175 αίῶνος
781 2142 909 2176 τούτους

329 2201 364 2224 α’.
377 2197 441 2228 Τοῖς
458 2199 592 2232 κάμνουσι
609 2199 655 2224 καὶ
663 2199 868 2234 ψυχορραγοῦσι
882 2201 928 2228 καὶ
942 2201 972 2227 αἱ
986 2201 1086 2238 τροφαὶ

292 2242 320 2267 αἱ
338 2240 426 2273 ὑγιεῖς
442 2239 551 2274 ἀηδεῖς,
564 2240 588 2266 οἱ
607 2241 679 2275 φίλοι
704 2242 751 2268 καὶ
780 2243 804 2269 σί
828 2243 1014 2278 προσήκοντες
1037 2243 1085 2269 ἐπ-

292 2282 405 2318 αχθεῖς,
427 2282 474 2308 καὶ
489 2281 550 2308 οὑδέ
574 2283 755 2319 γνωρίζονται
778 2284 920 2317 πολλάκις,
943 2284 1012 2311 ἀλλά
1039 2285 1085 2311 καὶ

293 2324 412 2360 ἐνοχλεῖν
426 2323 561 2350 δοκοῦσιν.
577 2324 656 2352 Οὕτω
667 2325 700 2361 δὴ
715 2326 830 2358 καὶτοῖς
843 2326 893 2357 τάς
906 2326 995 2362 ψυχὰς
1007 2326 1086 2354 ἀπολ-

293 2366 419 2400 λυμένοις
435 2364 594 2400 συμϐαίνειν
611 2366 700 2393 εῖωθε·
724 2367 759 2394 τά
778 2367 832 2404 γάρ
855 2368 924 2403 πρὸς
949 2367 1086 2403 σωτηρίαν

293 2409 411 2443 φέροντα
425 2407 570 2441 ἀγνοοῦσι,
585 2409 633 2435 καὶ
662 2409 726 2441 τοὺς
750 2410 917 2445 κηδομένους
932 2410 1021 2437 αὐτῶν
1041 2411 1085 2436 ἐν-

292 2450 383 2484 οχλεῖν
393 2449 544 2484 νομίζουσι.
559 2450 665 2477 Γίνεται
686 2451 715 2477 δὲ
731 2450 811 2478 τοῦτο
831 2452 862 2478 οὐ
883 2451 958 2487 παρὰ
971 2452 1020 2487 τὴν
1038 2452 1086 2478 τοῦ

293 2493 457 2527 πράγματος
472 2492 563 2526 φύσιν,
575 2492 644 2519 ἀλλὰ
659 2493 736 2527 παρά
745 2494 794 2528 τὴν
807 2494 919 2520 ἐκείνων
931 2494 1017 2520 νόσον.
1032 2494 1087 2520 Καὶ

293 2534 362 2569 ὅπερ
373 2533 398 2559 οί
414 2533 618 2568 παραπαίοντες
633 2535 766 2566 ποιοῦσιν,
784 2535 1002 2571 ἀπεχθανόμενοι
1019 2536 1087 2570 πρὸς

293 2574 356 2606 τοὺς
369 2575 584 2610 ἐπιμελομένους
596 2576 695 2607 αὐτῶν,
708 2577 755 2603 καὶ
769 2577 862 2604 λοιπὸν
875 2577 1084 2612 λοιδορούμενον

293 2617 375 2642 τοῦτο
397 2616 444 2642 καὶ
458 2617 484 2643 οἱ
509 2617 621 2644 ἄπιστοι
645 2618 807 2653 πάσχουσιν.
837 2619 906 2646 Ἀλλ’
924 2619 1018 2655 ὥσπερ
1042 2619 1085 2645 ἐπ’

294 2657 405 2684 ἐκείνων
424 2659 449 2684 οἱ
462 2658 636 2693 ὺὸριζόμενοι
650 2659 711 2686 τότε
733 2659 851 2694 μάλιστα
866 2661 967 2692 αὐτοὺς
980 2659 1085 2688 ἐλεοῦσι

295 2699 343 2726 κα)⁸
363 2699 529 2734 δακρύουσι,
556 2700 657 2735 δεῖγμα
681 2701 796 2736 ἔσχατον
819 2702 869 2738 τῆς
888 2703 1086 2738 ἐπιτεταμένης

293 2741 449 2778 ἀρρωστίας
471 2741 550 2768 τοῦτο
574 2742 746 2778 ποιούμενοι,
772 2744 836 2772 ὅταν
857 2745 920 2776 τοὺς
941 2745 1086 2779 φιλτάτους

294 2782 439 2817 άγνοιῖισιψ
451 2783 522 2810 οὕτω
535 2784 582 2810 καὶ
593 2785 673 2819 ἡμεῖς
684 2785 796 2812 ἐπὶτῶν
817 2785 952 2820 Ἑλλήνων
966 2787 1087 2820 ποιήσω-

297 2834 364 2860 μεν,
382 2825 429 2853 καὶ
446 2825 546 2862 μᾶλλον
563 2826 618 2853 τῶν
639 2827 779 2861 γυναικῶν
793 2828 963 2864 ὀλολύξωμεν
978 2829 1021 2855 ἐπ’
1039 2829 1087 2855 αὺ-

295 2868 360 2899 τοῖς,
373 2868 415 2894 ὄτι
429 2868 480 2903 τὴν
495 2867 587 2903 κοινὴν
598 2868 727 2901 ἀγνοοῦσι
740 2869 888 2905 σωτηρίαν.
901 2870 938 2896 Οὐ
952 2870 1005 2905 γὰρ
1017 2870 1088 2897 οὕτω

297 2911 413 2943 γυναῖκα
432 2911 516 2946 ἄνδρα
532 2911 571 2938 δεῖ
588 2912 691 2946 φιλεῖν,
707 2912 744 2944 ὡς
762 2913 835 2948 ἡμᾶς
860 2912 962 2944 πάντας
982 2911 1088 2948 ἀνθρώ-

300 2959 377 2983 πους,
395 2952 441 2979 καὶ
458 2953 525 2990 πρὸς
541 2954 676 2990 σωτηρίαν
690 2954 868 2990 ἐφέλκεσθαι,
882 2954 933 2983 κᾶν
947 2954 1046 2990 Ἕλλην
1059 2952 1086 2990 ᾖ,

1137 1973 1188 1999 κᾶν
1203 1973 1337 1999 ὁστισοῦν.
1354 1971 1506 2008 Θρηνὼμεν
1528 1972 1619 2000 τοίνυν
1638 1973 1748 2004 αὐτοὺς,
1765 1973 1805 1999 ὅτι
1825 1973 1839 1998 ὀ
1856 1973 1935 2008 λόγος

1135 2014 1184 2041 τοῦ
1203 2015 1320 2049 σταυροῦ
1338 2014 1429 2050 μωρία
1445 2015 1539 2046 αὐτοῖς
1551 2015 1637 2047 ἐστιν,
1658 2015 1673 2040 ὁ
1686 2015 1768 2046 αὐτὸς
1785 2014 1866 2049 σοφία
1885 2016 1935 2042 καὶ

1136 2056 1251 2091 δύναμις
1264 2056 1300 2082 ῶν
1310 2065 1317 2072 ⁸
1338 2057 1368 2083 '0
1381 2057 1474 2092 λόγος
1485 2056 1541 2091 γὰρ
1554 2058 1571 2084 ό
1586 2057 1639 2084 τοῦ
1654 2057 1788 2091 σταυροῦ
1799 2057 1862 2090 τοῖς
1872 2058 1936 2092 μὲν

1136 2098 1372 2132 ἀπολλυμένοις,
1397 2098 1476 2133 φησι,
1497 2098 1595 2133 μωρία
1621 2098 1718 2125 ἐστίν.
1749 2099 1857 2134 Ἐπειδὴ
1877 2099 1934 2135 γὰρ

1136 2143 1208 2175 είκδς
1223 2141 1258 2178 ἦν
1273 2144 1410 2176 ἐκείνους,
1427 2143 1476 2171 τοῦ
1495 2143 1613 2179 σταυροῦ
1632 2143 1708 2179 παρά
1723 2143 1779 2170 τῶν
1796 2144 1934 2179 Ἑλλήνων

1137 2185 1348 2220 χλευαζομένην,
1367 2187 1400 2221 τῇ
1419 2186 1499 2222 σοφίᾳ
1517 2187 1550 2221 τῇ
1566 2185 1647 2220 δῆθεν
1666 2186 1731 2222 παρ’
1747 2185 1852 2212 ἑαυτῶν
1865 2186 1934 2212 ἀνθ-

1139 2226 1265 2253 ίστασθαι
1297 2228 1345 2253 καὶ
1379 2227 1508 2262 πολεμεῖν
1532 2227 1750 2262 θορυϐουμένους
1772 2229 1829 2259 τοῖς
1854 2227 1936 2263 παρὰ

1137 2268 1191 2294 τῶν
1208 2268 1341 2304 Ἑλλήνων
1353 2269 1522 2304 λεγομένοις,
1539 2268 1787 2304 παραμυθούμενος
1798 2269 1812 2295 6
1826 2268 1935 2301 Παῦλος

1138 2318 1220 2345 φησι·
1242 2310 1286 2346 Μὴ
1303 2311 1432 2346 νομίσητε
1447 2311 1522 2343 ξένον
1535 2310 1593 2346 [24]
1609 2311 1732 2344 γίνεσθαι
1746 2311 1794 2337 καὶ
1813 2311 1936 2347 παράδο-

1138 2350 1192 2383 ξον.
1205 2351 1314 2387 Ταύτην
1324 2352 1379 2387 ἔχει
1394 2353 1444 2388 τὴν
1458 2352 1539 2387 φύσιν
1550 2352 1581 2379 τὸ
1592 2353 1719 2388 πρᾶγμα,
1732 2352 1803 2379 ὥστε
1815 2353 1868 2379 ὑπὸ
1876 2353 1936 2380 τῶν

1137 2393 1330 2428 ἀπολλυμένων
1354 2395 1391 2429 μὴ
1417 2393 1601 2430 γνωρίζεσθαι
1623 2393 1706 2420 αὑτοῦ
1732 2393 1783 2429 τὴν
1804 2393 1934 2429 δύναμιν

1137 2435 1301 2470 ἐξεστήκασι
1315 2435 1371 2471 γὰρ
1385 2435 1433 2462 καὶ
1448 2435 1647 2470 παραπαίουσι.
1660 2435 1710 2463 Διά
1723 2435 1802 2463 τοῦτο
1816 2436 1863 2462 καὶ
1874 2435 1936 2463 λοι-

1137 2476 1277 2511 δοροῦνται
1305 2478 1352 2504 καὶ
1377 2477 1506 2512 ἐπαχθῶς
1530 2477 1623 2512 έχουσι
1649 2478 1720 2513 πρὸς
1745 2477 1780 2504 τά
1808 2478 1939 2514 σωτήρια

1138 2519 1282 2554 φάρμακα.
1300 2519 1332 2545 Τί
1345 2519 1374 2545 δὲ
1389 2519 1491 2553 λέγεις.
1514 2518 1641 2554 ἄνθρωπε
1655 2528 1662 2551 ;
1676 2518 1768 2550 δοῦλος
1785 2520 1800 2545 6
1815 2520 1938 2554 Χριστὸς

1138 2568 1246 2602 ἐγένετο
1262 2567 1306 2594 διὰ
1320 2567 1348 2594 σὲ
1364 2567 1472 2603 μορφὴν
1486 2567 1581 2594 δούλου
1596 2567 1695 2599 λαϐὼν,
1711 2567 1758 2594 κα)⁵
1771 2568 1937 2604 ἐσταυρώθη

1139 2610 1187 2637 καὶ
1210 2609 1328 2645 ἀνέστη·
1347 2610 1396 2636 καὶ
1419 2609 1479 2636 δέον
1502 2609 1656 2636 ἀναστάντα
1677 2610 1867 2645 προσκυνῆσαι
1889 2610 1939 2639 διὰ

1139 2655 1234 2687 τοῦτο,
1255 2656 1303 2683 καὶ
1325 2655 1467 2690 θαυμάσαι
1486 2657 1536 2692 τὴν
1557 2656 1779 2691 φιλανθρωπίαν,
1803 2657 1844 2683 ὅτι
1864 2657 1938 2693 ὅπερ

1138 2701 1200 2729 οὕτε
1220 2701 1311 2737 πατὴρ
1327 2701 1388 2729 οὕτε
1411 2702 1486 2737 φίλος
1502 2701 1563 2728 οὔτε
1578 2702 1634 2734 υἱὸς
1657 2702 1728 2738 ὑπὲρ
1745 2702 1793 2729 σοῦ
1807 2702 1937 2737 ἐποίησε,

1139 2744 1226 2771 ταῦτα
1248 2745 1262 2770 6
1287 2743 1426 2779 Δεσπότης
1451 2744 1540 2771 πάντα
1565 2744 1712 2780 εἰργάσατο
1730 2744 1800 2777 ὑπὲρ
1821 2743 1869 2771 σοῦ
1886 2743 1937 2771 τοῦ

1138 2785 1236 2820 ἐχθροῦ
1251 2786 1298 2812 καὶ
1316 2786 1568 2821 προσκεκρουκότος
1578 2794 1585 2801 ·
1599 2786 1658 2813 δέον
1675 2785 1764 2812 τοίνυν
1782 2785 1937 2821 θαυμάζειν

1139 2827 1208 2862 ὑπὲρ
1227 2827 1329 2854 τούτων
1350 2827 1446 2860 αὑτὸν,
1467 2827 1500 2854 σὺ
1520 2827 1550 2854 δὲ
1573 2827 1679 2863 μωρίαν
1700 2827 1793 2858 καλεῖς
1812 2828 1935 2864 πρᾶγμα

1139 2869 1272 2904 τοσαύτης
1288 2870 1384 2903 σοφίας
1400 2870 1503 2904 γέμον;
1523 2869 1593 2896 Ἀλλ’
1606 2870 1681 2896 οὐδὲν
1695 2869 1865 2904 θαυμαστόν·
1879 2869 1936 2896 τῶν

1139 2911 1192 2946 γὰρ
1208 2911 1402 2945 ἀπολλυμένων
1420 2911 1479 2938 ἐστὶ
1491 2910 1529 2947 μὴ
1539 2910 1731 2946 ἐπιγινώσκειν
1748 2910 1782 2938 τὰ
1796 2910 1864 2947 πρὸς
1885 2919 1942 2938 σω-

1141 2952 1238 2989 τηρίαν
1256 2952 1382 2989 φέροντα.
