2060 3111
174 161 208 188 29
708 156 740 185 IN
760 157 869 185 EPIST.
889 157 898 185 Ι
930 157 976 184 AD
993 156 1071 186 COR.
1092 157 1208 186 HOIIL.
1230 157 1274 185 iV.
1782 165 1817 193 ω

172 218 278 250 vim,ac
287 224 377 252 neque
389 224 405 244 a
418 216 561 252 paucitate,
572 223 658 251 neque
672 223 687 242 a
704 219 868 250 paupertate,
883 221 970 249 neque

174 271 192 290 a
203 262 340 299 periculis,
355 270 445 297 neque
456 270 472 290 a
485 262 582 297 przevia
591 261 793 293 consuetudine,
805 267 855 287 nec
867 268 882 286 ι
895 267 970 286 seve-

174 309 254 336 ritate
267 315 359 335 rerum
376 316 445 343 quas
459 307 667 343 praecipiebant,
684 314 769 340 neque
780 314 796 333 a
808 305 970 340 quotidiauis

174 354 318 386 mortibus,
333 361 420 388 neque
435 353 470 381 ab
481 361 574 387 eorum
587 353 631 386 qui
646 352 749 386 decepti
762 351 869 379 fuerant
879 351 969 378 multi-

176 401 269 428 tudine
280 421 289 434 ,
309 408 397 435 neque
410 399 445 426 ab
457 407 550 427 eortun
563 399 608 434 qui
618 398 780 433 deccperant
791 398 950 424 auctoritate
962 418 969 430 ,

176 445 381 482 impedirentur.
396 446 443 473 Sic
457 453 521 480 ergo
535 445 596 472 illos
612 449 810 479 prosternamus
829 448 857 471 et
876 447 970 470 contra

180 493 251 528 ipsos
264 499 414 527 pugnemus
428 501 435 518 :
456 499 488 518 ac
502 492 555 518 vita
571 489 655 526 prius,
675 497 753 525 quam
769 497 904 522 sermone,
921 490 971 516 im-

176 543 302 571 petamus
315 538 382 564 illos.
398 537 454 565 Hoc
468 537 537 564 enim
551 544 676 571 magnum
690 540 824 564 certamen
837 541 877 563 est
889 556 897 569 ,
913 535 971 563 hazc

175 583 346 610 ratiocinatio
364 587 415 616 est,
436 584 478 610 cui
493 582 638 610 contradici
660 590 712 609 non
735 581 829 617 possit,
843 589 904 616 qum
923 589 971 615 per

175 636 260 663 opera
275 629 405 664 procedit.
424 628 533 656 Etiamsi
548 629 619 656 enim
634 628 772 655 innumera
784 628 874 655 verbis
883 627 973 662 philo-

175 674 342 708 sophcmur,
355 675 377 701 si
392 682 444 701 non
457 673 594 701 meliorem
608 681 687 708 quam
703 673 739 700 illi
749 673 830 700 vitam
842 673 970 701 exhibea-

176 727 250 750 mus,
266 719 368 746 nullum
383 723 424 747 est
438 719 552 747 lucrutn.
568 718 625 746 Non
637 719 708 746 enim
722 719 800 747 dictis
811 719 969 752 attendunt,

176 764 225 791 sed
241 764 311 791 facta
326 770 416 792 nostra
429 765 593 796 examinant,
607 768 634 792 et
646 764 738 792 dicunt
751 774 758 792 :
770 765 810 792 Tu
825 765 899 800 prior
912 773 972 792 vcr-

175 810 220 838 bis
243 809 298 837 tuis
316 810 482 845 obtempera,
504 815 531 837 et
552 815 614 837 tunc
634 809 701 837 alios
720 809 844 838 admone.
858 810 934 844 Quod
948 811 970 838 si

176 862 239 882 cum
254 855 320 882 dicis
331 855 470 883 innumera
480 862 539 883 esse
549 855 619 882 bona
634 855 660 882 in
675 855 764 883 futuro
773 856 884 890 saeculo,
895 857 970 891 quasi

178 900 225 927 illa
237 908 292 927 non
306 900 369 932 sint,
386 900 563 936 praesentibus
576 899 698 928 addictus
712 900 838 933 videaris,
854 901 970 928 credibi—

176 946 245 974 li0ra
258 946 323 973 mihi
335 951 396 973 sunt
410 945 478 973 facta
491 954 570 980 quam
583 946 653 973 dicta
668 951 722 973 tua.
736 946 800 973 Cum
811 946 882 974 enim
894 946 972 973 video

176 996 204 1019 te
219 991 307 1019 aliena
323 991 482 1026 rapientem,
505 991 539 1018 de
560 991 593 1018 iis
613 992 659 1026 qui
679 991 797 1019 defuncti
817 996 880 1019 sunt
901 992 970 1019 ultra

175 1037 286 1069 modum
313 1037 467 1072 lugentem,
493 1037 597 1071 aliaque
619 1036 702 1064 multa
724 1044 805 1072 prave
827 1042 969 1073 agentem,

174 1083 313 1118 quomodo
335 1083 382 1110 tibi
401 1083 510 1111 credam
531 1082 630 1110 dicenti
652 1083 876 1111 resurrectiOnem
891 1084 971 1112 esse?

175 1129 290 1156 Etiamsi
313 1129 385 1157 enim
411 1129 470 1157 haec
489 1136 542 1156 non
567 1129 668 1162 dicant,
682 1129 739 1157 haec
759 1130 878 1165 cogitant
895 1134 923 1158 et
943 1131 969 1157 in

175 1182 268 1203 mente
292 1180 409 1203 versant.
427 1176 459 1203 Et
479 1175 530 1203 hoc
544 1176 663 1211 impedit,
687 1176 829 1211 quominus
848 1177 971 1204 inﬁdeles

174 1221 321 1249 Christiani
337 1222 411 1249 ﬁant.
437 1221 594 1250 lnducamus
609 1229 673 1257 ergo
686 1222 747 1250 illos
761 1230 809 1257 per
822 1224 903 1250 vitam
919 1231 969 1251 no-

175 1272 272 1294 stram.
289 1267 364 1294 Multi
380 1271 407 1294 et
421 1267 537 1294 illiterati
551 1268 600 1294 viri
620 1267 839 1302 philosophorum
852 1273 970 1296 mentem

176 1313 212 1340 ita
223 1314 388 1349 perculsere,
404 1318 494 1348 utpote
507 1314 551 1348 qui
566 1321 676 1348 operum
689 1313 885 1349 philosophiam
896 1315 972 1343 exhi—

175 1359 289 1391 berent,
305 1363 333 1387 et
346 1366 438 1386 vocem
455 1359 516 1386 tuba
529 1359 668 1387 clariorem
684 1367 733 1394 per
746 1360 808 1388 vitat
820 1360 970 1388 institututn

176 1408 204 1431 et
219 1403 416 1438 philosophiam
434 1404 589 1431 emitterent
604 1414 611 1432 :
628 1404 686 1432 huic
699 1404 798 1439 quippe
810 1404 900 1440 lingua
913 1405 970 1433 for-

177 1450 229 1477 tior
240 1454 292 1477 est.
314 1449 380 1477 Cum
393 1449 465 1477 enim
478 1449 565 1477 dicam
575 1470 583 1483 ,
597 1457 652 1477 non
665 1455 792 1485 oportere
812 1451 971 1486 injuriarum

176 1494 348 1529 meminisse,
364 1494 513 1531 deindeque
529 1495 624 1523 Greco
637 1495 775 1524 innumera
790 1496 902 1524 inferam
915 1505 972 1525 ma-

178 1541 214 1574 la,
225 1540 362 1576 quomodo
376 1545 469 1575 potero
479 1541 569 1569 verbis
580 1541 653 1569 illum
664 1542 802 1576 inducere,
814 1551 874 1570 cum
888 1545 971 1578 gestis

178 1587 265 1621 ipsum
285 1586 435 1621 depellam?
454 1586 588 1614 Venemur
600 1594 665 1622 ergo
678 1587 738 1615 illos
753 1596 800 1622 per
814 1589 876 1615 vita:
889 1589 969 1617 iusti-

179 1636 276 1664 tutum,
291 1635 319 1659 et
333 1638 380 1666 per
392 1631 473 1659 hasce
482 1632 586 1659 animas
597 1632 760 1660 aedilicemus
775 1634 934 1668 Ecclesium,
945 1640 973 1663 et

180 1677 228 1704 has
240 1683 418 1711 congeramus
430 1677 546 1704 divitias.
558 1676 629 1704 Nihil
643 1683 685 1705 est
696 1679 792 1706 anima!
802 1680 971 1714 aiquiparan-

180 1722 254 1753 dum.
270 1729 306 1749 ne
321 1726 393 1749 totus
405 1721 512 1756 quidem
525 1722 652 1751 mundus.
672 1723 764 1758 Itaque
775 1725 881 1752 etiamsi
895 1726 972 1753 innu-

181 1774 269 1795 meras
281 1766 441 1802 pauperibus
454 1767 578 1802 pecunias
591 1769 753 1802 erogaveris,
769 1769 834 1795 nihil
850 1769 902 1797 tale
915 1770 974 1797 elli-

180 1813 234 1841 cics
247 1812 326 1847 quale
341 1813 374 1844 is,
393 1812 437 1847 qui
454 1812 495 1839 vel
518 1820 597 1839 unam
619 1813 737 1840 animam
760 1815 899 1842 convertit.
924 1815 974 1848 Qui

180 1860 246 1886 enim
260 1858 342 1886 educit
357 1858 495 1893 pretiosum
509 1866 539 1885 ea:
551 1859 604 1891 vili,
621 1860 694 1894 quasi
708 1868 736 1886 os
749 1868 831 1887 meum
846 1862 891 1888 erit
905 1861 972 1896 (Jcr.

182 1906 223 1932 15.
238 1905 293 1939 l9),
303 1904 398 1939 inquit.
413 1904 533 1938 Magnum
547 1905 653 1939 quidem
665 1905 763 1932 bomtm
777 1910 818 1933 est
827 1914 972 1941 egenorum

1022 214 1159 246 misereri;
1173 215 1219 242 sed
1234 215 1299 242 nihil
1314 220 1414 242 tantum
1427 237 1434 248 ,
1450 221 1577 251 quantum
1590 217 1625 245 ab
1637 225 1731 247 errore
1743 219 1811 248 libe-

1023 266 1083 286 rare
1097 268 1104 286 :
1120 259 1165 293 qui
1180 260 1251 287 enim
1263 259 1314 287 hoc
1328 260 1390 287 facit
1402 281 1410 295 ,
1425 261 1507 289 Paulo
1518 267 1546 290 et
1561 263 1640 290 Petro
1652 264 1748 292 similis
1759 272 1811 293 est.

1022 304 1097 331 Licet
1110 305 1180 332 enim
1195 305 1300 333 illorum
1314 306 1530 341 praedicationem
1547 309 1685 343 suscipere
1697 330 1705 342 ,
1718 318 1772 338 non
1787 317 1816 339 ut

1024 350 1204 384 periclitemur
1218 352 1442 386 quemadmodum
1464 353 1516 386 illi,
1540 359 1567 381 et
1584 354 1698 388 famem,
1712 361 1814 391 pestem

1022 397 1340 430 cmleraqueloleremus;
1363 398 1419 433 jam
1443 400 1513 427 ettim
1537 401 1609 434 pacis
1630 406 1734 436 tempus
1754 407 1812 434 est;

1022 441 1069 467 scd
1078 446 1107 467 ut
1114 441 1237 469 alacriter
1246 443 1362 470 studium
1371 444 1557 473 exhibeamus.
1569 446 1645 474 Licet
1654 447 1727 474 enim
1737 448 1810 475 domi

1022 485 1148 514 sedentes
1168 488 1237 514 hanc
1255 495 1382 516 exercere
1403 490 1588 524 piscationem.
1611 491 1639 520 Si
1661 493 1720 527 quis
1734 493 1814 521 habet

1022 532 1147 564 amicum,
1163 538 1208 560 aut
1222 539 1363 568 cognatum
1375 556 1382 567 ,
1399 540 1445 563 aut
1457 536 1615 566 familiarem
1626 559 1633 571 ,
1648 537 1706 566 haec
1720 539 1810 574 faciat,

1023 577 1081 605 tunc
1094 579 1181 611 dicat;
1197 585 1225 607 et
1237 580 1332 608 similis
1345 582 1397 609 erit
1415 582 1495 610 Petro
1507 587 1535 610 et
1547 583 1641 611 Paulo.
1657 585 1726 618 Quid
1739 586 1811 620 dico,

1023 623 1102 651 Petro
1115 628 1141 651 ct
1155 625 1256 652 Paulo?
1269 625 1306 653 Os
1321 627 1372 654 erit
1382 627 1481 655 Christi
1495 638 1502 655 :
1517 637 1578 656 nam
1593 630 1643 663 Qui
1657 631 1740 658 educit
1754 641 1814 667 pre»

1023 669 1139 696 tiosuma
1151 671 1205 702 vili,
1216 672 1289 704 quasi
1301 679 1329 699 os
1346 680 1428 699 meum
1440 674 1487 700 erit
1499 694 1507 706 ,
1522 674 1616 709 inquit.
1634 676 1744 704 Etiamsi
1760 677 1811 705 ho-

1023 715 1066 742 die
1080 723 1132 743 non
1144 718 1319 750 persuaseris,
1332 726 1392 746 cras
1405 720 1578 753 persuadebis
1593 730 1600 749 :
1616 723 1719 750 etiamsi
1735 731 1813 750 num-

1022 768 1101 795 quam
1116 763 1291 796 persuaseris,
1308 768 1336 790 tu
1350 764 1496 799 perfectam
1512 765 1622 794 habebis
1636 768 1788 796 mercedem
1802 777 1811 796 ε

1022 806 1125 833 etiatnsi
1140 814 1192 834 non
1208 808 1333 835 omnibus
1347 811 1530 844 persuaseris,
1551 819 1583 838 ex
1604 812 1694 839 multis
1712 820 1813 848 paucos

1021 850 1157 879 attrahere
1170 853 1287 886 poteris;
1302 853 1517 889 quandoquidem
1528 857 1641 891 apostoli
1655 865 1708 884 non
1722 859 1811 886 omni-

1022 895 1073 922 bus
1094 896 1246 924 hominibus
1270 905 1439 932 persuasere,
1458 907 1552 928 omnes
1577 905 1664 929 tamen
1685 903 1813 938 alloqqui

1022 946 1094 976 sunt,
1109 946 1136 969 et
1150 943 1183 970 de
1195 944 1318 972 omnibus
1332 946 1484 974 mercedem
1498 947 1608 975 habent.
1620 947 1679 975 Non
1694 949 1766 976 enim
1778 950 1813 977 ab

1022 988 1094 1015 exitu
1106 994 1178 1017 recte
1190 989 1330 1023 factorum,
1347 992 1395 1019 sed
1418 1000 1434 1019 a
1447 998 1537 1021 mente
1553 999 1625 1022 recte
1643 996 1812 1030 operantium

1022 1042 1136 1063 coronas
1150 1035 1295 1064 decernere
1314 1037 1385 1065 Deus
1399 1038 1476 1066 solet.
1500 1039 1608 1068 Etiamsi
1628 1040 1696 1069 duos
1714 1041 1813 1076 jeceris

1022 1079 1127 1111 obolos.
1137 1080 1243 1115 accipit,
1254 1086 1281 1108 et
1290 1081 1361 1116 quod
1371 1090 1433 1118 erga
1445 1083 1550 1111 viduam
1564 1085 1636 1118 fecit,
1650 1086 1700 1114 hoc
1710 1091 1739 1114 et
1748 1095 1812 1123 erga

1022 1125 1147 1154 doctores
1162 1132 1299 1161 operatur.
1315 1128 1353 1156 Ne
1368 1129 1456 1165 itaque
1467 1150 1476 1163 ,
1490 1130 1552 1165 quia
1566 1139 1618 1159 non
1632 1138 1707 1166 potes
1719 1134 1812 1162 orbem

1024 1176 1156 1199 terrarum
1168 1180 1287 1205 servare,
1302 1182 1401 1209 paucos
1412 1175 1555 1210 despicias,
1565 1185 1651 1212 neque
1660 1187 1692 1206 ex
1704 1187 1814 1215 magno-

1024 1224 1082 1244 rum
1096 1217 1239 1252 desiderio,
1253 1227 1268 1246 a
1280 1219 1430 1248 minoribus
1444 1227 1470 1248 te
1483 1223 1634 1251 abstrahas.
1659 1224 1686 1252 Si
1705 1231 1812 1254 centum

1023 1272 1078 1291 non
1091 1265 1219 1299 potueris,
1236 1264 1330 1292 decem
1341 1273 1436 1299 cures;
1451 1267 1473 1294 si
1488 1267 1572 1295 denos
1583 1277 1636 1296 non
1650 1271 1747 1305 possis,
1763 1279 1813 1300 nec

1024 1310 1118 1346 quinos
1131 1318 1259 1346 spernas;
1281 1312 1304 1339 si
1321 1312 1417 1347 quinos
1434 1321 1488 1340 non
1509 1314 1606 1348 possis.
1621 1324 1655 1343 ne
1669 1324 1750 1344 unum
1763 1318 1812 1346 de-

1023 1357 1138 1392 spicias;
1151 1358 1173 1385 si
1189 1366 1270 1385 unum
1281 1366 1334 1386 non
1350 1361 1479 1394 potueris,
1495 1351 1580 1396 neque
1593 1362 1633 1390 sic
1645 1363 1735 1392 animo
1745 1365 1813 1392 deli-

1023 1403 1088 1435 cias.
1115 1411 1165 1431 nec
1185 1412 1246 1439 qua:
1267 1412 1349 1439 penes
1374 1410 1401 1433 te
1421 1411 1484 1434 sunt
1505 1407 1640 1436 cohibeas.
1663 1409 1720 1437 Non
1740 1411 1815 1439 vides

1024 1449 1159 1484 quomodo
1178 1449 1204 1476 in
1219 1450 1421 1485 contractibus,
1443 1459 1497 1479 nou
1519 1453 1605 1480 solum
1625 1461 1658 1481 ex
1677 1462 1754 1488 auro,
1767 1457 1814 1484 sed

1024 1494 1103 1522 etiam
1115 1502 1148 1522 ex
1159 1499 1270 1529 argento
1284 1500 1446 1524 mercatores
1460 1499 1620 1525 commercia
1635 1507 1761 1528 exercere
1771 1508 1815 1528 so-

1025 1541 1115 1568 leant?
1128 1541 1194 1568 Nam
1209 1541 1231 1568 si
1246 1549 1279 1568 ne
1295 1549 1374 1576 parva
1387 1542 1495 1576 quidem
1509 1543 1687 1578 despiciamns
1696 1565 1704 1577 ,
1718 1553 1815 1582 magna

1024 1587 1104 1614 etiam
1117 1586 1348 1620 apprehendemus
1367 1596 1373 1614 :
1388 1587 1410 1614 si
1425 1595 1490 1615 vero
1506 1596 1584 1622 parva
1600 1595 1814 1624 contemnamus,

1025 1641 1112 1668 neque
1127 1633 1170 1659 illa
1185 1633 1241 1667 ipsa
1256 1632 1335 1660 facile
1350 1633 1537 1668 percipiemus.
1560 1635 1605 1663 Sic
1618 1636 1731 1671 quisque
1742 1638 1817 1666 dives

1025 1679 1140 1707 eflicitur
1159 1687 1238 1714 parva
1257 1685 1285 1706 et
1305 1687 1398 1715 magna
1417 1680 1565 1716 colligens:
1581 1682 1619 1710 sic
1631 1687 1659 1710 et
1671 1691 1721 1711 nos
1734 1683 1816 1712 facia~

1025 1733 1095 1756 ntus.
1116 1730 1145 1752 ut
1164 1725 1190 1752 in
1209 1725 1333 1753 omnibus
1351 1726 1447 1753 divites
1469 1726 1542 1760 facti,
1558 1735 1669 1762 regnum
1690 1729 1816 1756 caalorum

1026 1778 1232 1805 consequamur,
1240 1771 1323 1806 gratia
1334 1776 1361 1798 et
1373 1771 1535 1807 benignitate
1547 1773 1649 1800 Domini
1661 1775 1743 1801 nostri
1755 1775 1817 1802 Iesu

1027 1816 1137 1849 Christi,
1152 1825 1199 1851 per
1217 1824 1296 1851 quem
1318 1821 1346 1843 et
1364 1824 1424 1844 cum
1439 1825 1493 1851 quo
1506 1817 1578 1845 Patri
1594 1826 1699 1853 unaque
1708 1819 1817 1854 Spiritui

1027 1867 1122 1889 sancto
1135 1862 1230 1897 gloria,
1245 1862 1398 1897 imperium,
1414 1862 1511 1897 honor,
1527 1870 1598 1890 nunc
1616 1868 1645 1891 et
1660 1872 1778 1900 semper,
1792 1871 1820 1894 et

1029 1906 1055 1933 in
1068 1907 1165 1934 smcula
1178 1907 1346 1934 smculorum.
1359 1907 1456 1934 Amen.

186 1963 1811 1980 Ἦ

893 1999 1063 2030 HOMILIA
1085 1999 1140 2029 IV.

181 2071 246 2098 CAP.
264 2072 289 2098 Ι.
305 2079 332 2098 v.
347 2071 392 2098 18.
412 2070 520 2097 Verbum
530 2070 596 2097 enim
611 2071 691 2097 crucis
703 2071 862 2105 pereuntibus
875 2072 978 2107 quidem

217 2117 325 2145 stultitia
338 2123 374 2145 est
385 2126 395 2150 ,'
407 2117 439 2144 iis
454 2125 512 2144 vero
524 2118 568 2153 qui
577 2118 640 2144 salvi
655 2118 730 2152 ﬁunt,
742 2118 824 2152 nobis,
836 2120 914 2146 virtus
930 2119 977 2147 Dei

217 2167 265 2190 ut.
285 2162 329 2190 19.
345 2162 475 2198 Scriptum
490 2167 526 2189 est
542 2164 623 2194 enim,
640 2162 751 2190 Perdant
764 2164 914 2197 sapientia»:
932 2173 976 2191 sa-

220 2208 359 2243 pientium,
375 2213 398 2235 et
413 2208 574 2243 prudentiam
587 2208 748 2243 prudentium
761 2209 909 2243 reprobabo.
928 2209 977 2236 Ubi

218 2255 321 2289 sapiens
331 2255 344 2281 ?
356 2254 398 2281 ubi
408 2254 510 2282 scriba?
523 2254 567 2282 20.
583 2255 626 2282 ubi
637 2255 770 2290 inquisitor
784 2256 870 2283 διεταιὶ
884 2257 978 2291 hujus?

222 2301 247 2327 Ι.
271 2300 465 2329 Laborantibus
486 2305 514 2329 et
533 2301 622 2329 animo
641 2300 731 2329 fractis
751 2302 833 2329 etiam
855 2302 977 2330 salubres

183 2346 235 2374 cibi
250 2346 374 2374 insuaves
388 2350 462 2380 sunt,
476 2346 554 2374 amici
567 2351 594 2374 et
607 2347 749 2374 necessarii
765 2347 918 2381 importuni,
932 2356 979 2375 nc-

183 2399 236 2426 que
256 2398 330 2426 sape
349 2396 556 2427 cognoscuntur,
575 2399 606 2419 ac
619 2392 742 2420 videntur
766 2392 867 2420 inferre
891 2393 977 2420 mole-

184 2436 274 2463 stiam.
295 2436 339 2464 Sic
356 2444 463 2472 quoque
475 2437 545 2464 solet
556 2437 679 2464 accidere
692 2437 725 2464 iis
738 2437 782 2472 qui
796 2437 899 2465 animas
918 2445 978 2473 per-

185 2480 252 2508 dunt
265 2489 273 2508 :
286 2476 347 2508 nam
362 2489 423 2516 quae
435 2482 468 2509 ad
486 2482 598 2509 salutem
613 2482 713 2510 ducunt
725 2482 865 2517 ignorant,
879 2487 906 2510 et
919 2483 978 2511 illos

185 2529 229 2562 qui
243 2528 363 2564 ipsorum
378 2536 468 2556 curam
480 2533 577 2564 gerunt
589 2529 716 2557 molestos
728 2537 788 2557 esse
802 2535 907 2565 putant.
923 2531 978 2558 lloc

185 2577 273 2600 autem
298 2574 337 2606 ﬁt,
354 2581 408 2601 non
429 2582 462 2601 ex
483 2575 539 2608 ipsa
561 2574 600 2602 rei
622 2580 728 2608 natura,
749 2575 796 2603 sed
819 2583 851 2603 ex
873 2575 978 2603 illorum

186 2618 288 2646 morbo.
305 2619 341 2647 Et
353 2619 424 2654 quod
437 2619 524 2647 insani
539 2619 648 2654 faciunt,
659 2628 720 2648 cum
733 2621 792 2648 illos
804 2621 867 2649 odio
880 2621 980 2649 habent

184 2664 230 2699 qui
250 2664 369 2699 ipson
390 2671 482 2692 curam
502 2670 610 2700 gerunt,
629 2665 741 2701 illosque
755 2666 882 2694 conviciis
895 2667 980 2701 impe-

185 2713 263 2737 tunt:
279 2710 330 2738 hoc
345 2718 454 2745 quoque
472 2710 571 2738 faciunt
583 2711 716 2739 infideles.
732 2711 785 2739 Sed
801 2711 978 2746 quemadmo-

184 2755 246 2782 dum
268 2757 295 2783 in
318 2756 372 2784 illis
392 2756 438 2791 qui
458 2757 584 2784 conviciis
605 2757 767 2792 impetuntur
789 2763 844 2785 tum
865 2758 980 2785 maxime

185 2807 274 2829 corum
288 2801 455 2830 miserentur
467 2806 495 2829 et
508 2803 697 2838 lacrymautur,
711 2808 802 2838 utprue
812 2804 856 2840 qui
870 2803 921 2831 hoc
933 2811 979 2831 cx-

186 2849 297 2875 treanum
312 2854 376 2876 esse
391 2847 556 2884 aegritudinis
578 2849 705 2877 indicium
726 2854 818 2885 putent
829 2870 837 2884 ,
853 2850 924 2886 quod
940 2849 979 2878 illi

1031 2071 1207 2099 amicissimos
1225 2070 1276 2098 sihi
1296 2079 1349 2098 non
1371 2076 1482 2099 noscant
1495 2080 1501 2098 :
1516 2071 1551 2099 ita
1564 2076 1591 2099 et
1604 2080 1653 2100 nos
1665 2072 1735 2100 circa
1746 2073 1821 2101 Grae-

1029 2124 1076 2145 cos
1089 2116 1228 2149 faciamus,
1247 2122 1275 2144 et
1293 2119 1377 2152 magis
1397 2125 1475 2152 quam
1499 2122 1608 2153 propter
1629 2127 1726 2146 uxores
1746 2119 1818 2147 circa

1030 2163 1090 2190 illos
1112 2163 1251 2198 ejulemus,
1273 2163 1333 2198 quia
1358 2171 1527 2191 communem
1549 2163 1673 2199 ignorant
1695 2165 1817 2192 salutem.

1029 2209 1087 2237 Non
1103 2209 1174 2237 enim
1187 2209 1224 2236 ita
1237 2209 1278 2236 vir
1291 2216 1400 2236 uxorem
1410 2209 1490 2236 debet
1501 2217 1592 2237 amare
1602 2230 1610 2242 ,
1625 2215 1653 2236 ut
1667 2217 1716 2238 nos
1732 2210 1819 2238 homi-

1030 2263 1078 2282 nos
1089 2263 1193 2289 omnes,
1210 2255 1323 2290 illosque
1336 2255 1369 2283 ad
1382 2255 1494 2283 salutem
1510 2256 1646 2283 attrahere
1655 2277 1662 2290 ,
1677 2257 1734 2285 sive
1747 2257 1820 2285 Grae-

1029 2309 1077 2330 cus
1089 2302 1134 2336 sit,
1149 2302 1205 2329 sive
1218 2301 1337 2337 quisquis
1349 2301 1584 2336 alius.Lugeamus
1597 2310 1661 2338 ergo
1675 2303 1746 2336 illos,
1759 2304 1820 2338 quia

1030 2349 1140 2377 verbum
1152 2348 1240 2376 crucis
1253 2348 1364 2376 stultitia
1378 2348 1442 2383 ipsis
1458 2353 1508 2382 est,
1522 2356 1583 2376 cum
1595 2349 1680 2383 ipsum
1692 2350 1820 2384 sapientia

1031 2399 1057 2422 et
1071 2395 1155 2422 virtus
1168 2394 1202 2421 sit
1215 2402 1222 2421 :
1233 2401 1294 2420 nam
1314 2392 1420 2420 Verbum
1433 2394 1514 2420 crucis
1529 2394 1689 2428 pereuntibus
1699 2415 1707 2428 ,
1720 2394 1804 2430 inquit
1813 2416 1821 2429 ,

1030 2441 1138 2468 stultitia
1152 2445 1198 2468 est.
1213 2440 1279 2473 Quia
1295 2440 1366 2467 enim
1379 2440 1525 2467 verisimile
1539 2444 1580 2468 est
1594 2441 1665 2474 illos,
1680 2448 1740 2468 cum
1755 2450 1821 2470 crux

1031 2495 1045 2514 a
1059 2487 1160 2515 Graecis
1175 2486 1340 2518 irrideretur,
1352 2486 1376 2513 ei
1391 2494 1448 2520 qum
1459 2486 1529 2520 apud
1544 2486 1603 2513 illos
1617 2486 1764 2515 habebatur
1776 2496 1822 2515 sa-

1031 2532 1129 2568 pientia
1141 2531 1276 2559 obstitisse
1289 2535 1316 2558 et
1330 2531 1483 2558 Graecorum
1495 2530 1584 2564 dictis,
1596 2532 1737 2560 consolans
1749 2532 1822 2567 ipsos

1032 2579 1128 2607 Paulus
1143 2579 1226 2606 dicit:
1240 2578 1279 2607 Ne
1294 2579 1392 2614 putetis
1412 2587 1468 2607 rem
1488 2587 1548 2607 esse
1570 2580 1703 2607 insolitam
1719 2588 1751 2608 ac
1762 2585 1821 2608 stu-

1031 2625 1157 2659 pendam.
1179 2624 1252 2652 Hanc
1273 2631 1316 2652 res
1335 2624 1428 2651 isthzrc
1443 2624 1524 2652 habet
1539 2630 1673 2658 naturam,
1688 2630 1745 2653 uta
1760 2634 1821 2661 pcr-

1032 2670 1156 2697 cuntibus
1169 2669 1253 2696 virtus
1265 2670 1323 2704 ejus
1335 2677 1386 2696 II0ll
1397 2675 1574 2704 cognoscatur
1588 2679 1594 2697 :
1609 2675 1697 2698 mente
1708 2679 1822 2706 namque

1032 2722 1047 2741 c
1056 2715 1100 2749 ενιί
1114 2719 1177 2742 sunt
1188 2722 1221 2742 ac
1233 2714 1379 2750 desipiunt.
1396 2714 1458 2742 ldeo
1470 2716 1592 2742 convicia
1605 2716 1728 2746 etferunt.
1742 2721 1770 2744 et
1779 2725 1822 2744 sa-

1033 2759 1125 2786 lutaria
1141 2759 1283 2795 pharmaca
1297 2760 1410 2787 moleste
1430 2760 1527 2787 ferunt.
1547 2760 1618 2795 Quid
1630 2769 1693 2788 vero
1705 2761 1788 2793 dicis,
1806 2770 1822 2788 o

1034 2805 1130 2832 homo?
1153 2805 1251 2833 Servus
1275 2811 1384 2840 propter
1404 2810 1429 2833 te
1448 2806 1571 2834 Christus
1592 2807 1677 2834 factus
1693 2811 1745 2839 est,
1766 2806 1822 2834 for-
1867 2831 1869 2833 .

1033 2858 1104 2878 mam
1118 2850 1187 2879 scrvi
1202 2850 1347 2886 accipiens,
1361 2851 1504 2880 ct'ucilixus
1517 2857 1559 2880 cst
1572 2857 1598 2880 et
1612 2852 1758 2881 resurrexit
1772 2861 1780 2880 :
1795 2856 1823 2881 et
1873 2857 1877 2860 '
