2033 3116
243 157 275 185 Μ
611 150 639 178 5.
657 148 795 178 JOANNIS
813 145 1048 176 CHRYSOSTOMI
1067 144 1223 173 AllClllEl’.
1244 143 1508 173 CONSTANTINOP.
1839 146 1870 175 δῇ

244 219 305 240 cum
325 214 461 244 oporteret
480 208 554 236 illum
577 207 762 235 resuscitatum
784 205 844 232 ideo
865 203 987 236 adorare,
1008 206 1036 229 et

243 258 303 292 ejus
318 256 507 291 benignitatem
519 253 662 284 admirari;
680 252 741 287 quia
754 258 813 286 qme
831 257 879 277 nec
899 253 974 284 pater
987 256 1037 276 nec

245 305 347 332 amicus
369 310 419 330 nec
438 303 507 330 ﬁlius
524 309 573 336 pro
591 304 617 327 te
637 299 709 332 fecit,
725 298 781 325 haec
800 297 890 324 omnia
909 295 1036 323 Dominus

245 355 372 386 operatus
386 353 428 376 est
440 352 550 383 propter
564 352 589 373 te
604 345 739 372 inimicum
751 366 757 377 ,
773 344 818 378 qui
832 343 906 370 illum
918 340 1038 369 oii‘ende-

245 405 291 425 ras
305 406 312 424 :
325 403 386 424 cum
398 400 534 430 oporteret
545 400 608 427 ergo
622 392 695 419 illum
706 395 847 426 propterea
859 388 994 421 admirari,
1010 392 1038 415 ιιι

246 450 302 470 rem
319 447 390 470 tanta
402 440 532 475 sapientia
546 439 663 474 plenam,
679 437 818 465 stultitiam
830 435 968 471 appellas?
983 434 1036 462 Sed

245 488 312 515 nihil
329 488 425 514 mirum
438 495 444 514 :
460 493 520 513 nam
535 484 703 520 pereuntium
714 488 754 511 est
768 490 820 510 non
833 489 979 518 agnoscere
993 488 1035 514 ea,

244 541 305 568 qua:
317 533 350 559 ad
364 532 477 559 salutem
491 531 603 558 ducunt.

286 579 434 606 Rtttiociniis
449 586 478 604 ea
496 585 553 613 quin
565 576 624 611 ﬁdei
644 579 701 602 sunt
714 582 781 609 saepe
794 573 987 609 labefactentur.
1000 586 1038 591 ~—

245 625 282 653 Nc
298 623 442 652 turhemini
463 623 562 658 igitur:
578 629 631 649 non
647 621 718 648 enim
741 627 838 647 novum
855 625 940 653 neque
961 618 1039 644 inex-

244 675 394 706 spectatum
418 673 458 696 est
482 668 556 700 illud,
581 667 652 702 quod
677 673 774 701 nempe
800 673 815 693 a
842 663 1037 699 desipientibus

242 722 340 751 magna
355 714 537 742 derideantur.
563 712 627 740 Illos
650 718 714 739 vero
728 711 772 746 qui
795 711 835 738 sic
853 709 941 737 affecti
963 714 1035 741 sunt,

246 770 294 796 per
310 762 454 788 humanam
467 759 625 795 sapientiam
641 757 802 793 persuadere
817 763 870 784 non
883 756 948 783 licet
962 764 969 782 :
984 755 1038 782 into

246 807 269 833 si
283 807 318 833 ita
333 805 496 842 persuadere
512 804 638 837 volueris,
661 803 826 831 contrarium
849 801 933 829 efﬁcis
950 809 956 827 :
973 807 1035 826 nam

245 859 288 884 ea,
303 858 363 886 quae
385 851 517 878 rationem
541 853 679 884 superant,
702 848 759 875 sola
777 847 828 875 ﬁde
843 853 911 881 opus
925 845 1034 873 habent.

248 897 352 924 Etenim
361 897 383 923 si
395 895 541 923 ratiociniis
549 893 710 929 persuadere
719 893 890 924 voluerimus,
904 890 1038 926 quomodo

246 943 316 969 Deus
329 941 414 969 factus
437 942 472 969 sit
485 941 576 973 homo,
599 945 628 968 et
652 941 678 967 in
693 940 798 966 vulvam
813 938 972 973 virginalem
995 937 1038 964 itt-

245 995 352 1022 gressus
367 987 418 1019 sit;
443 991 470 1013 et
485 985 508 1013 si
526 993 583 1012 rem
599 985 660 1012 lidei
673 992 726 1011 non
741 983 937 1018 permittamus,
953 982 1038 1017 magis

245 1032 394 1060 irridebunt
414 1031 463 1058 illi.
486 1031 558 1065 Ergo
572 1030 617 1065 qui
635 1029 781 1056 ratiociniis
804 1028 829 1055 id
845 1033 979 1063 quaarunt,
1001 1027 1038 1054 illi

246 1083 308 1106 sunt
322 1079 368 1113 qui
382 1081 505 1112 pereunt.
523 1076 625 1111 Ecquid
636 1075 697 1103 dico
710 1074 744 1102 de
759 1074 831 1101 Deo?
844 1074 911 1101 Nam
931 1074 953 1101 si
966 1073 1038 1100 circa

244 1130 383 1152 creaturas
406 1123 458 1150 hoc
471 1123 609 1154 faciamus,
634 1121 733 1148 multus
748 1124 877 1154 sequetur
898 1119 978 1147 risus.
999 1119 1040 1146 Sit

245 1171 316 1198 enim
332 1170 424 1202 homo,
445 1169 489 1203 qui
506 1168 570 1195 velit
584 1167 674 1195 omnia
693 1167 841 1194 ratiociniis
862 1165 993 1196 ediscere,
1011 1171 1039 1192 et

248 1220 334 1243 tentet
348 1220 392 1241 tua
406 1213 561 1248 persuaderi
577 1212 691 1245 ratione,
711 1211 845 1247 quomodo
859 1211 946 1238 lucem
968 1210 1039 1245 aspi-

246 1262 367 1292 ciamus;
383 1265 411 1286 tu
425 1263 513 1286 autem
537 1258 676 1285 ratiocinio
696 1257 733 1284 illi
748 1256 909 1292 perSuadere
929 1263 1036 1283 conare.

247 1305 301 1333 Sed
313 1313 365 1332 non
383 1304 483 1340 poteris
498 1313 505 1331 :
521 1305 542 1330 si
557 1304 628 1330 enim
643 1303 753 1336 dixeris,
766 1303 836 1337 qttod
850 1302 965 1329 sufficiat
977 1309 1039 1329 ocu-

246 1352 286 1379 los
307 1352 413 1386 aperire
434 1351 468 1378 ad
491 1350 646 1382 videndunt,
669 1357 721 1376 non
743 1349 850 1376 tnodutn
869 1349 971 1382 dixisti,
992 1349 1040 1377 sed

246 1396 317 1432 quod
332 1396 388 1423 ﬁeri
404 1396 482 1423 solet.
497 1396 552 1422 Cur
567 1396 638 1422 enim
654 1402 706 1421 non
721 1394 830 1422 auribus
848 1394 980 1426 videmus,
996 1394 1038 1421 in-

245 1443 330 1477 quiet,
345 1449 396 1469 nec
415 1441 500 1468 oculis
515 1440 656 1468 audimus?
679 1447 727 1466 cur
749 1447 801 1466 non
824 1447 889 1466 naso
904 1439 1038 1472 audimus,

245 1495 297 1514 nec
317 1486 427 1514 auribus
446 1486 607 1512 olfacimus?
621 1485 648 1512 Si
670 1493 735 1519 ergo
754 1485 800 1512 illo
817 1492 847 1512 ea
863 1484 897 1511 de
920 1492 950 1512 re
965 1492 1040 1519 qna:-

246 1537 333 1564 rente,
355 1537 406 1557 non
425 1537 568 1565 possumus
595 1530 689 1556 horum
711 1530 842 1556 rationem
865 1529 990 1562 reddere,
1013 1534 1041 1556 et

247 1577 292 1604 ille
303 1576 399 1608 rideat,
409 1583 496 1602 annon
511 1575 595 1610 magis
607 1582 656 1602 nos
671 1575 838 1602 ridebimus?
849 1575 914 1602 Nam
927 1576 949 1603 si
961 1577 1041 1603 ambo

247 1629 280 1649 ex
310 1621 406 1648 eodem
433 1621 546 1648 cerebro
574 1621 731 1655 principium
762 1620 880 1654 habent,
909 1621 1042 1655 amboque

249 1665 371 1693 membra
392 1666 477 1693 vicina
496 1670 567 1698 sunt,
582 1665 716 1700 quomodo
735 1673 787 1692 non
801 1666 894 1693 eadem
910 1666 966 1701 ipsa
981 1673 1042 1700 pos-

247 1716 311 1738 sunt
321 1711 426 1738 facere?
437 1711 490 1738 Sed
503 1718 556 1738 non
568 1711 714 1745 poterimus
722 1718 830 1738 causam
841 1711 941 1741 dicere.
954 1719 1042 1746 neque

248 1756 356 1783 modum
370 1755 511 1783 ittel‘fabilis
529 1760 554 1784 et
570 1756 651 1783 variae
670 1756 853 1791 operationis;
870 1761 897 1784 et
915 1756 938 1783 si
954 1761 1041 1784 teme-

248 1809 324 1833 utns,
351 1801 530 1829 irridebimur.
555 1801 615 1828 ldco
641 1801 687 1829 Dei
711 1802 836 1836 potentia:
856 1808 883 1829 et
903 1802 1042 1830 immensae

247 1849 386 1883 sapientia:
408 1848 544 1880 cedentes,
562 1853 708 1875 taceamus.
725 1849 763 1876 Ita
786 1856 850 1884 ergo
875 1849 897 1876 si
918 1856 961 1881 ea,
982 1856 1042 1883 quae

250 1894 296 1920 Dei
307 1898 378 1925 sunt,
391 1901 438 1928 per
446 1899 584 1920 externam
598 1893 755 1927 sapientiam
765 1893 899 1927 explicare
914 1893 1040 1926 velimus,

249 1940 350 1967 multus
361 1945 489 1974 sequetur
504 1940 584 1971 risus,
599 1947 650 1965 non
668 1945 776 1973 propter
796 1946 884 1965 rcrutn
900 1939 1043 1966 imbecilli-

248 1990 341 2019 tatem,
363 1985 410 2014 scd
436 1991 544 2020 propter
566 1985 703 2012 hominum
729 1986 881 2012 amentiam.
897 1985 951 2012 Res
970 1985 1042 2012 enim

248 2040 358 2067 magnas
371 2031 461 2059 nttllus
478 2039 567 2058 sermo
586 2036 673 2066 potest
686 2031 835 2066 expliCare.
851 2031 977 2058 Animum
993 2039 1042 2059 au-

249 2083 301 2105 tent
330 2078 445 2105 adhibe:
463 2085 523 2104 eum
547 2078 656 2108 dixero,
679 2077 829 2104 Cruciﬁxus
852 2082 908 2110 est,
933 2077 1043 2105 Graccus

248 2124 313 2150 dicit
328 2132 335 2149 :
352 2123 384 2149 Et
401 2122 537 2157 quomodo
559 2122 609 2148 hoc
631 2123 726 2149 rationi
753 2127 962 2150 consentaneum
983 2123 1042 2150 est?

248 2169 300 2196 sibi
323 2176 375 2196 non
390 2176 468 2203 opem
487 2168 545 2195 tulit
562 2176 621 2195 cum
637 2169 839 2203 cruciﬁgeretur
853 2173 880 2196 et
896 2174 1043 2197 tentaretur

250 2220 371 2249 tempore
392 2214 499 2246 crucis;
520 2218 548 2241 et
561 2214 695 2248 quomodo
717 2218 808 2248 postea
832 2215 994 2248 resurrexit,
1016 2220 1043 2243 et

249 2261 309 2288 aliis
331 2268 410 2295 opetn
436 2260 514 2287 tulit?
537 2268 598 2287 nam
624 2260 647 2286 si
672 2264 793 2294 poterat,
819 2261 958 2295 oportebat
981 2267 1043 2290 ante

249 2311 362 2333 mortem
387 2313 466 2340 agere
490 2305 564 2338 (nam
582 2305 633 2331 hoc
653 2313 759 2340 quoque
784 2305 909 2332 dicebant
923 2305 1041 2342 Jud:ei):

249 2351 295 2386 qui
315 2356 402 2378 autem
426 2350 477 2377 sibi
498 2350 549 2385 ipsi
565 2358 643 2384 opem
671 2358 722 2377 non
740 2351 809 2383 tulit,
831 2351 968 2385 quomodo
982 2352 1043 2380 aliis

251 2396 307 2424 tulit
318 2397 388 2424 ?non
397 2401 439 2423 est
447 2397 507 2427 hoc.
518 2395 614 2431 inquit,
625 2395 720 2422 rationi
732 2399 951 2422 etmsentaneum.
962 2396 1041 2424 Jurc:

250 2446 292 2470 cst
304 2441 376 2469 enim
391 2449 467 2474 crux,
484 2448 501 2468 ο
516 2441 606 2474 homo,
623 2448 702 2475 supra
719 2440 848 2468 rationem
860 2446 886 2468 ct
901 2440 1042 2470 ineﬁ'abilis

250 2487 366 2514 virtutis.
382 2487 447 2514 Nam
461 2487 487 2514 in
503 2486 580 2513 malis
595 2486 720 2521 gravibus
731 2486 917 2520 constitutttm,
938 2487 970 2514 iis
984 2495 1042 2514 ma-

250 2534 284 2561 lis
297 2533 463 2568 superiorem
475 2541 615 2567 apparere,
637 2537 664 2560 et
678 2533 717 2559 sic
737 2540 910 2567 congressum
924 2533 1041 2566 vincere,

251 2579 389 2606 immensrc
409 2578 515 2605 virtutis
533 2582 585 2605 est.
600 2577 636 2605 Ut
649 2579 720 2605 enim
734 2578 760 2605 in
783 2578 867 2605 tribus
884 2578 981 2614 pueris,
1003 2579 1044 2606 in-

251 2631 357 2659 gressos
370 2623 396 2650 iu
410 2623 546 2650 fornacem
562 2624 735 2650 conculcasse
746 2623 880 2650 ﬁatnmam
895 2624 1043 2652 mirabilius

251 2674 319 2698 erat.
334 2676 413 2704 quam
439 2669 462 2696 si
485 2669 600 2704 ingrcssi
615 2677 667 2695 non
683 2668 814 2701 fuissent;
836 2675 863 2697 et
885 2670 910 2697 in
923 2670 999 2703 Jona,
1015 2671 1042 2698 in

251 2721 340 2743 cetum
355 2714 519 2742 incidentem
536 2723 549 2741 a
571 2714 657 2741 bellua
674 2714 739 2741 nihil
755 2722 863 2749 passum
886 2723 946 2743 esse
960 2716 1043 2744 multo

253 2761 338 2795 majus
352 2765 421 2792 erat,
437 2767 517 2795 quam
530 2760 552 2787 si
567 2768 618 2787 non
634 2760 772 2786 incidisset
784 2768 791 2788 :
805 2761 844 2787 sic
857 2766 883 2788 et
897 2761 923 2788 in
935 2762 1043 2790 Christo

254 2806 330 2841 longe
339 2806 487 2834 mirabilius
496 2805 546 2833 fuit
555 2810 688 2832 mortuutn
704 2805 816 2832 solvisse
829 2811 953 2839 mortem,
963 2815 1042 2841 quam

252 2851 277 2879 si
291 2858 411 2881 mortuus
425 2861 478 2882 non
491 2852 596 2882 fuisset.
613 2852 649 2880 Nc
659 2851 734 2880 dicas
745 2859 821 2888 ergo,
837 2853 893 2883 Cur
903 2854 953 2883 sibi
966 2862 1044 2890 opctn

1093 209 1146 229 non
1163 201 1222 229 tulit
1234 201 1260 228 in
1276 202 1374 229 cruce?
1393 202 1459 229 Nam
1474 210 1535 229 cum
1549 207 1635 230 morte
1651 203 1792 240 confligere
1805 207 1871 235 vole-

1088 247 1144 274 bat.
1159 246 1216 273 Non
1232 246 1370 274 descendit
1390 247 1424 275 de
1443 254 1533 281 cruce,
1557 256 1610 275 non
1623 249 1694 284 quod
1711 258 1761 278 non
1775 257 1869 286 posset,

1090 292 1137 319 sed
1150 292 1219 327 quod
1232 292 1323 320 nollet.
1336 293 1404 320 Eum
1415 293 1485 321 enim
1498 301 1575 328 quem
1591 295 1684 325 mortis
1697 297 1814 332 tyrannis
1825 298 1870 326 de-

1091 338 1176 366 tinere
1199 345 1252 365 non
1275 339 1374 373 potuit,
1397 341 1531 375 quomodo
1556 341 1625 368 clavi
1645 342 1733 369 crucis
1754 342 1870 372 detinere

1090 385 1240 419 potuissent
1250 385 1262 412 τ

1124 432 1153 458 2.
1175 431 1229 459 Sed
1247 431 1304 459 haec
1316 432 1392 459 nobis
1406 437 1466 460 uota
1478 438 1550 466 sunt,
1565 434 1718 462 inﬁdelibus
1733 443 1784 463 non
1800 435 1870 463 item.

1092 476 1156 504 Ideo
1174 476 1288 511 dicebat,
1312 478 1421 505 verbum
1443 478 1530 506 crucis
1549 480 1723 514 pereuntibus
1739 480 1872 508 stultitiam

1090 529 1160 555 esse,
1177 522 1255 550 nobis
1270 527 1357 550 autem
1370 523 1482 551 salutem
1495 525 1733 560 consequentibus,
1751 525 1872 553 virtutem

1090 574 1151 595 esse
1164 567 1221 595 Dei.
1239 567 1368 603 Scriptura
1384 573 1421 595 est
1434 569 1499 595 enim
1514 576 1523 596 :
1537 569 1648 596 Perdam
1667 571 1814 605 sapientiam
1832 579 1874 598 sa-

1091 612 1224 648 pientium,
1246 617 1269 639 et
1289 613 1449 648 prudentiam
1464 615 1624 650 prudentium
1639 615 1786 650 reprobabo.
1807 615 1874 644 Nihil

1090 664 1172 692 grave
1185 658 1313 685 hactenus
1327 659 1425 693 posuit,
1440 659 1486 687 sed
1502 660 1588 694 pritnn
1599 660 1632 687 ad
1647 661 1791 695 Scriptum
1804 662 1874 688 testi-

1091 702 1210 730 monium
1225 703 1307 737 venit,
1322 708 1350 731 et
1365 709 1429 732 tunc
1443 704 1538 733 ﬁducia
1553 705 1614 733 inde
1635 712 1781 741 assumpta,
1795 706 1873 734 velte-

1092 749 1222 777 mcntiore
1236 750 1318 777 utitur
1331 758 1466 784 sermone,
1483 756 1510 779 et
1528 752 1565 778 ait
1578 760 1584 778 ι
1602 751 1694 780 Nonne
1706 752 1808 780 stultam
1820 753 1876 782 fecit

1091 794 1159 821 Deus
1174 795 1322 830 sapientiam
1333 796 1408 831 hujus
1423 797 1529 823 mundi?
1540 797 1581 824 ubi
1591 798 1709 832 sapiens?
1723 798 1766 825 ubi
1777 799 1877 826 scriba!

1091 840 1133 866 ubi
1141 841 1294 875 conquisitor
1300 842 1375 877 hujus
1383 842 1470 869 seaculi
1476 843 1488 868 .7
1495 850 1577 869 nonne
1585 843 1687 869 atuftam
1696 845 1754 879 fecit
1762 844 1827 871 Deus
1834 853 1876 871 sa-

1092 885 1211 920 pientiam
1217 887 1293 920 huqu
1300 887 1389 914 mundi
1394 887 1456 914 1’21.
1468 887 1536 914 Nam
1543 889 1601 923 quia
1610 890 1635 915 in
1643 889 1768 924 sapientia
1777 889 1822 916 Dei
1830 898 1878 916 non

1091 932 1205 965 cognovit
1219 931 1329 958 mundus
1341 940 1386 967 per
1395 932 1544 968 sapientiam
1556 933 1647 967 Deum,
1663 935 1758 969 placuit
1770 934 1821 961 Deo
1837 943 1878 970 per

1091 977 1224 1004 stultitiam
1245 978 1432 1012 pradicationis
1455 979 1538 1006 salvos
1550 982 1634 1015 facere
1656 981 1793 1008 credentes.
1813 981 1877 1008 Cum

1091 1021 1212 1055 dixisset,
1228 1022 1356 1058 Scriptum
1368 1029 1416 1057 est,
1431 1024 1540 1050 Perdant
1554 1026 1704 1060 sapientiam
1719 1027 1877 1061 sapientiam,

1094 1074 1126 1093 ex
1143 1067 1223 1094 rebus
1237 1067 1492 1096 demonstrationem
1511 1069 1622 1103 inducit,
1645 1071 1739 1098 dicens
1754 1080 1761 1098 :
1776 1071 1823 1099 Ubi
1837 1079 1878 1098 sa-

1093 1113 1183 1147 piens?
1196 1113 1239 1140 ubi
1261 1114 1364 1141 scriba?
1383 1114 1467 1142 simul
1484 1119 1513 1142 et
1524 1114 1631 1143 Jttdazos
1653 1121 1680 1143 cl
1697 1116 1804 1144 Graecos
1822 1125 1880 1150 γει·-

1092 1158 1236 1193 stringens.
1247 1158 1312 1192 Quis
1326 1159 1398 1186 cnitn
1419 1159 1602 1195 philosophus,
1619 1161 1678 1196 quis
1692 1169 1785 1189 eorum
1797 1163 1841 1197 qui
1855 1163 1881 1189 in

1092 1204 1252 1239 syllogismis
1266 1205 1363 1232 verSaIi
1377 1210 1450 1238 sunt,
1466 1206 1526 1241 quis
1549 1214 1580 1234 ex
1605 1207 1638 1234 iis
1651 1208 1696 1242 qui
1709 1208 1818 1237 .ludaica
1833 1217 1880 1236 no-

1093 1255 1163 1281 runt,
1187 1250 1299 1277 salutem
1313 1250 1387 1277 dedit
1400 1256 1427 1278 et
1440 1251 1579 1279 veritatem
1593 1252 1704 1280 docuit?
1715 1253 1798 1281 Nemo
1810 1263 1817 1286 ;
1837 1254 1881 1281 5rd

1094 1300 1176 1322 totum
1190 1296 1350 1331 piscatormn
1367 1297 1426 1324 fuit.
1441 1297 1507 1324 Cum
1522 1300 1687 1333 propositum
1697 1308 1762 1336 ergo
1777 1302 1883 1329 coactu.-

1092 1342 1181 1375 siSSet,
1205 1342 1363 1377 iHorumque
1386 1343 1482 1371 fastum
1501 1344 1689 1379 depressissct,
1706 1354 1739 1374 ac
1751 1347 1858 1374 dixisset
1874 1355 1881 1374 :

1093 1388 1187 1415 Nonne
1202 1387 1340 1416 infatuavit
1357 1389 1427 1416 Deus
1440 1389 1599 1423 sapientiam
1613 1390 1692 1425 hujus
1706 1391 1817 1419 mundi?
1827 1399 1884 1419 cau-

1092 1440 1150 1460 sam
1162 1434 1242 1461 etiam
1253 1433 1318 1462 dicit
1330 1439 1438 1469 propter
1448 1442 1527 1469 quam
1539 1435 1596 1462 hzec
1606 1436 1640 1462 ita
1652 1436 1722 1464 facta
1734 1442 1805 1465 sunt.
1817 1438 1882 1471 Quia

1093 1479 1165 1506 enim
1180 1479 1206 1506 in
1227 1480 1358 1514 sapientia
1373 1479 1430 1513 Dei,
1445 1480 1541 1515 inquit,
1557 1489 1609 1508 non
1630 1484 1756 1516 cognovit
1772 1484 1884 1511 mundus

1094 1532 1142 1559 per
1153 1525 1311 1560 sapientiam
1329 1525 1429 1557 Deum;
1443 1534 1507 1552 crux
1524 1528 1657 1562 apparuit.
1676 1528 1746 1561 Quid
1766 1529 1816 1556 sibi
1831 1528 1886 1556 vult

1093 1575 1195 1604 autent,
1223 1570 1258 1597 In
1284 1571 1410 1604 sapientia
1432 1570 1499 1598 Dei?
1513 1571 1542 1598 In
1561 1580 1592 1599 ea
1614 1580 1674 1607 qua:
1694 1575 1819 1609 apparuit
1840 1582 1885 1609 per

1094 1623 1186 1650 opera,
1202 1623 1249 1651 per
1262 1624 1322 1651 qua:
1340 1616 1465 1651 cognosci
1486 1617 1577 1644 voluit.
1599 1618 1745 1653 Propterea
1766 1620 1837 1647 enim
1858 1625 1885 1647 et

1095 1662 1152 1689 hare
1166 1667 1193 1690 et
1206 1664 1303 1691 similia
1319 1665 1451 1699 probavit,
1473 1670 1500 1692 ut
1515 1666 1707 1694 convenienter
1731 1676 1765 1694 ex
1780 1667 1812 1694 iis
1826 1675 1884 1702 qua:

1094 1713 1239 1736 cernuntur
1253 1710 1381 1737 Conditor
1404 1711 1430 1737 in
1454 1711 1631 1739 admiratione
1652 1712 1808 1740 inniteretur.
1834 1713 1888 1739 Ma-

1094 1761 1174 1788 gnum
1186 1760 1227 1781 est
1237 1755 1343 1788 ctelum,
1353 1760 1380 1783 et
1392 1756 1521 1784 immensa
1537 1761 1605 1784 terra
1621 1767 1627 1784 :
1642 1758 1814 1785 Conditorem
1824 1766 1887 1794 ergo

1095 1799 1200 1826 mirare.
1224 1799 1289 1827 Nam
1303 1808 1429 1836 magnum
1449 1802 1499 1829 hoc
1518 1803 1611 1829 caelum
1635 1811 1688 1830 non
1712 1805 1793 1832 tnodo
1808 1805 1887 1832 abeo

1095 1845 1204 1878 factum,
1222 1846 1269 1874 sed
1281 1847 1358 1874 facile
1369 1846 1465 1874 factum
1480 1853 1530 1881 est,
1542 1854 1569 1875 et
1582 1849 1712 1877 immensa
1729 1856 1798 1878 terra
1813 1852 1886 1886 quasi

1095 1891 1159 1918 nihil
1175 1892 1300 1927 producta
1318 1892 1377 1920 fuit.
1390 1893 1453 1921 ideo
1474 1894 1507 1921 de
1523 1895 1568 1921 illo
1585 1895 1694 1930 quidem
1710 1896 1786 1928 dicit,
1805 1896 1888 1932 Opera

1095 1938 1231 1972 digitorum
1253 1943 1352 1965 tuorum
1366 1944 1424 1966 sunt
1437 1940 1493 1966 ctcli
1511 1939 1597 1975 (Psal.
1614 1941 1675 1968 101.
1690 1942 1750 1976 26),
1765 1943 1800 1970 de
1820 1948 1888 1970 terra

1095 1988 1196 2015 autem,
1212 1983 1262 2016 Qui
1277 1988 1368 2010 terram
1382 1985 1440 2019 fecit
1453 1989 1580 2020 («utquam
1592 1986 1665 2012 nihil.
1681 1986 1750 2020 Quia
1764 1995 1830 2023 ergo
1842 1995 1888 2022 per

1099 2029 1166 2056 hanc
1179 2030 1337 2064 sapientiam
1351 2030 1436 2058 noluit
1449 2031 1531 2058 Deum
1545 2038 1721 2066 cognoscere,
1737 2041 1785 2069 per
1800 2035 1887 2061 stulti-

1096 2075 1170 2107 tiam,
1185 2083 1244 2110 qua:
1256 2083 1316 2103 esse
1328 2076 1442 2109 videtur,
1458 2076 1655 2110 prtedicationis
1666 2080 1820 2113 persuasit;
1835 2087 1887 2107 non

1096 2129 1144 2156 per
1157 2122 1304 2155 ratiocinia,
1319 2122 1365 2150 sed
1380 2130 1427 2157 per
1437 2122 1527 2150 ﬁdem.
1540 2124 1576 2150 De
1589 2129 1688 2152 cetero
1699 2126 1745 2153 ubi
1759 2127 1890 2161 sapientia

1098 2168 1145 2195 Dei
1158 2173 1208 2201 est,
1222 2168 1336 2195 humana
1350 2176 1404 2195 non
1416 2169 1482 2195 ultra
1495 2173 1536 2196 est
1550 2177 1627 2204 opus.
1636 2170 1702 2198 Nam
1714 2171 1807 2200 dicere
1817 2180 1887 2203 eutn,

1096 2214 1138 2248 qui
1149 2214 1219 2240 hunc
1229 2218 1328 2241 taututn
1340 2214 1470 2242 ntundum
1480 2215 1591 2248 creavit,
1599 2216 1682 2244 Deum
1692 2224 1755 2244 esse
1765 2224 1892 2253 oportere

1097 2259 1224 2286 immensa
1240 2263 1267 2286 et
1277 2259 1401 2286 ineffabili
1416 2260 1514 2288 virtute
1534 2260 1689 2296 prmditum,
1703 2262 1832 2290 humana:
1846 2271 1891 2290 sa-

1097 2305 1203 2339 picntim
1216 2309 1273 2332 erat
1296 2305 1334 2331 sic
1349 2306 1512 2338 ratiocinari,
1534 2310 1561 2333 et
1576 2314 1621 2340 per
1635 2307 1695 2334 haec
1716 2308 1793 2335 illum
1817 2316 1891 2336 com-

1097 2349 1263 2384 prehendere
1277 2359 1283 2376 :
1299 2358 1370 2377 tutnc
1394 2356 1483 2378 autetu
1507 2359 1560 2378 non
1582 2351 1742 2386 ratiociniis,
1768 2354 1816 2382 sed
1839 2354 1891 2381 ﬁde

1096 2396 1153 2422 sola
1173 2402 1242 2430 opus
1263 2399 1314 2423 est.
1335 2395 1402 2423 Nam
1425 2395 1450 2422 in
1471 2396 1628 2424 crucifixum
1651 2403 1678 2425 et
1701 2398 1728 2425 in
1754 2399 1889 2433 sepultum

1097 2440 1217 2473 credere,
1242 2445 1269 2468 et
1293 2444 1395 2468 certum
1422 2441 1520 2468 habere
1544 2442 1666 2470 eumdem
1690 2443 1778 2477 ipsum
1797 2452 1891 2472 resur-

1097 2486 1198 2513 rexisse
1212 2493 1243 2513 ac
1256 2494 1372 2520 superne
1387 2486 1492 2518 sedere,
1510 2486 1536 2513 id
1549 2488 1679 2522 sapientia
1699 2496 1753 2516 non
1766 2495 1830 2524 eget
1844 2498 1890 2517 ne-

1097 2540 1148 2567 que
1170 2533 1331 2565 ratiociniis,
1358 2532 1405 2560 sed
1428 2533 1489 2560 fide.
1511 2534 1633 2568 Apostoli
1657 2535 1730 2563 enim
1753 2543 1808 2563 non
1827 2544 1889 2563 cum

1096 2579 1225 2613 sapientia
1237 2578 1371 2613 prodiere,
1385 2578 1432 2606 sed
1445 2587 1505 2605 cum
1522 2579 1581 2611 fide,
1597 2579 1756 2615 fueruntque
1771 2583 1890 2609 externis

1097 2623 1260 2659 sapientibus
1275 2624 1451 2658 sapientiores
1464 2628 1491 2651 ct
1504 2624 1685 2658 sublimiores,
1702 2630 1730 2652 et
1743 2630 1820 2653 tanto
1833 2635 1890 2654 tua-

1096 2671 1148 2705 gis,
1159 2675 1258 2706 quanto
1271 2670 1357 2705 majus
1371 2676 1453 2698 estea
1464 2678 1524 2705 qua:
1537 2671 1581 2698 Dei
1597 2677 1659 2699 sunt
1674 2671 1727 2699 ﬁde
1737 2673 1887 2707 suscipere,

1097 2724 1176 2752 quam
1194 2717 1332 2744 ratiocinia
1348 2724 1457 2744 movere
1470 2725 1476 2742 :
1492 2717 1543 2744 hoc
1557 2717 1630 2743 enim
1646 2717 1792 2745 humanam
1807 2725 1889 2752 supe-

1097 2767 1138 2790 rat
1159 2768 1286 2790 mentem.
1310 2762 1449 2796 Quomodo
1467 2767 1556 2789 autem
1577 2762 1691 2796 perdidit
1705 2763 1890 2797 sapientiam?

1098 2809 1149 2837 l'er
1163 2809 1272 2836 Paulum
1283 2813 1310 2836 et
1324 2809 1425 2836 similes
1439 2808 1516 2835 nobis
1532 2808 1665 2843 ettgnitus,
1681 2808 1802 2835 ostendit
1814 2809 1888 2836 illam

1101 2854 1219 2883 inutilem
1243 2862 1311 2882 esse.
1338 2853 1377 2881 Ad
1401 2853 1594 2888 suscipiendam
1618 2854 1688 2881 enim
1704 2854 1888 2888 evangelicum
