2060 3111
215 140 249 169 35
561 140 591 168 S.
610 139 752 168 JOANNIS
770 137 1016 168 CHRYSOSTONI
1036 137 1197 168 ARClﬂEP.
1220 141 1495 169 CONSTANTINOP.
1807 140 1843 167 35

218 198 319 234 μᾶλλον
340 198 469 232 ίδιωτεία,
490 198 508 233 ἢ
526 199 607 234 σοφία
622 199 691 235 πρὸς
704 199 755 235 τὴν
775 198 908 234 ὑποδοχήν
930 198 1004 224 ἐστιν

217 240 370 276 ἐπιτήδειον
391 240 438 267 καὶ
467 239 661 275 εὐκολώτερον.
691 240 720 267 '0
740 240 794 275 7&9
830 239 933 275 ποιμὴν
957 238 1004 266 καὶ⁸

216 281 346 318 ἄγροικος
372 281 475 317 ταύτην
501 281 596 309 θᾶττον
618 281 786 315 ὑποδέξεται,
808 281 936 313 καθάπαξ
956 281 1004 307 καὶ

216 323 281 355 τοὺς
291 322 437 359 λογισμοὺς
449 323 648 355 καταστέλλων,
665 323 712 350 καὶ
723 322 763 358 τῷ
772 322 897 359 Δεσπότῃ
909 323 1005 348 ἑαυτὸν

216 365 393 400 παραδιδούς.
422 364 500 392 Οὕτω
531 364 622 392 τοίνυν
648 364 699 400 τὴν
726 364 822 398 σοφίαν
853 364 1003 392 ἀπώλεσεν.

224 406 334 442 Ἐπειδὴ
347 406 402 442 γὰρ
418 405 537 441 προτέρα
558 404 658 440 ἑαυτὴν
676 405 821 438 κατέϐαλε,
840 406 909 442 πρὸς
929 406 1005 432 οὐδὲν

218 448 342 484 χρησίμη
358 447 450 474 λοιπόν
463 447 548 473 ἐστιν.
563 446 628 472 Ὀτε
646 446 702 482 γὰρ
720 447 773 474 ἔδει
791 447 826 474 τὰ
842 447 942 482 ἑαυτῆς
957 447 1006 474 αὑ-

217 489 269 525 ᾐν
285 488 452 521 ἐνδείξασθαι
465 488 569 515 καὶδιά
584 487 638 515 τῶν
654 487 744 524 ἐργων
763 489 827 516 ίδεῐν
841 488 887 515 τὸν
901 488 1005 515 Δεσπό-

217 539 278 566 την,
294 531 344 558 οὐκ
361 530 488 565 ἠθέλησε,
507 530 557 557 Διά
575 529 664 563 τοῦτο,
686 529 737 557 κᾶν
753 530 818 566 θέλῃ
832 530 880 557 νῦν
899 531 1003 557 ἐπεισα-

217 572 312 606 γαγεῖν
324 571 433 606 ἑαυτὴν,
448 571 480 598 οὐ
493 570 605 598 δύναται
619 579 625 586 ’
636 571 667 598 οὺ
677 571 731 607 γὰρ
747 572 859 599 τοιαῦτα
870 571 905 599 τὰ
917 571 1007 607 πράγ-

219 621 309 649 ματα·
325 613 342 649 ἡ
359 613 414 649 γὰρ
428 612 487 645 ὁδὸς
507 614 523 648 ἡ
541 613 591 649 τῆς
613 613 779 648 θεογνωσίας
799 613 890 649 πολλῷ
905 613 1006 649 μείζων

217 655 325 690 ἐκείνης
338 653 419 690 αὕτη.
443 655 493 683 Διά
508 663 550 681 τοι
570 654 650 682 τοῦτο
671 654 789 687 πίστεως
811 655 859 682 καὶ
877 655 1008 690 ἀφελείας

218 697 309 732 χρεία,
326 697 374 724 καὶ
385 696 489 733 ταύτην
500 696 639 732 πανταχοῦ
655 697 746 733 ζητεῖν
761 697 811 730 δεῖ,
825 698 932 733 καὶτῆς
945 697 1008 731 ἐξω-

218 739 265 766 θεν
279 739 414 775 προτιμᾷν
427 738 524 773 σοφίας
534 747 542 754 ι
565 738 715 774 Ἑμώρανε
725 739 780 776 γὰρ
793 741 810 766 ὀ
825 740 910 773 Θεὸς,
925 739 1006 775 φησὶ,

217 780 276 815 τὴν
294 780 416 815 σοφίαν.
432 780 466 807 Τί
479 780 507 808 δέ
529 781 614 813 ἐστιν,
636 779 784 815 Ἐμώρανε
794 789 804 813 ;
818 781 921 816 Μωράν
938 781 1007 808 ἐδει-

219 821 264 855 ξεν
278 819 361 849 οὖσαν
372 822 440 857 πρὸς
453 821 503 858 τὴν
518 821 570 857 τῆς
584 821 702 854 πίστεως
716 822 878 858 κατάληψιν.
899 821 1007 858 Ἐπειδὴ

218 864 273 900 γὰρ
285 863 356 899 μέγα
366 863 497 899 ἐφρόνουν
511 863 555 890 ἐπ’
569 863 648 899 αὐτῇ,
668 863 782 899 ῆλεγξιν
794 863 878 899 αὐτὴν
890 863 1005 899 ταχέως.

219 905 288 932 Ποία
301 905 355 940 γὰρ
370 905 462 939 σοφία,
483 905 548 932 ὅταν
566 905 597 932 τὺ
613 904 759 940 κεφάλαιον
773 905 827 931 τῶν
843 904 954 939 ἀγαθῶν
969 904 1009 940 μὴ

219 943 349 979 εὐρίσκῃς
379 944 505 980 Ἐποίησε
531 944 622 971 τοίνυν
644 944 760 979 φανῆναι
785 944 891 979 μωρὰν,
913 943 1008 979 ἐπειδὴ

219 983 320 1018 ἐαυτὴν
332 984 423 1017 ἐκείνη
435 984 531 1020 πρώτη
550 983 673 1020 ῆλεγξεν.
691 985 723 1011 El
739 984 795 1020 γὰρ
807 984 852 1011 ὅτε
867 983 1008 1019 λογισμοῖς

217 1024 252 1061 ἧν
269 1026 369 1062 εὑρεῖν,
387 1026 463 1053 οὐδὲν
480 1026 575 1059 ἔδειξε,
596 1026 644 1053 νῦν
657 1027 702 1053 ὅτε
719 1026 829 1061 μείζονα
844 1026 958 1062 φέρεται
973 1025 1010 1052 τὰ

219 1065 380 1100 πράγματα,
400 1065 459 1097 πῶς
476 1065 574 1093 ἀνῦσαί
598 1074 624 1092 τι
649 1066 804 1101 δυνήσεται,
827 1065 872 1092 ΰτε
892 1065 1009 1097 πίστεως

218 1107 300 1142 χρεία
317 1106 412 1143 μόνης,
427 1108 474 1134 καὶ
485 1108 546 1144 οὐχὶ
557 1107 723 1142 δεινότητοςς
742 1106 846 1143 Μωράν
859 1107 948 1134 τοίνυν
959 1107 1010 1133 αύ-

218 1148 267 1184 τὴν
287 1147 387 1180 ἐδειξεν
400 1149 414 1175 6
431 1148 512 1180 0e6;-
531 1149 665 1184 ηὑδόκησε
675 1148 704 1174 δέ
718 1147 761 1175 διὰ
774 1148 823 1182 τῆς
839 1148 945 1185 μωρίας
961 1147 1007 1175 τοῦ

219 1186 397 1223 κηρύγματος
412 1186 509 1219 σῶσαι,
525 1187 631 1223 μωρίας
645 1187 673 1214 δέ
692 1187 753 1222 οὐχὶ
767 1187 817 1221 τῆς
831 1186 925 1222 οὔσης,
940 1186 1008 1214 ἀλλὰ

218 1226 269 1262 τῆς
289 1224 360 1253 εἶναι
374 1226 516 1262 δοκούσης.
535 1227 572 1254 Τὸ
589 1226 644 1262 γὰρ
658 1227 749 1262 μεῖζον
767 1226 847 1253 τοῦτό
861 1228 945 1258 ἐστιν,
966 1227 1008 1253 ὃτι

218 1268 268 1303 οὐχ
280 1267 377 1303 ἐτέραν
395 1268 493 1302 σοφίαν
509 1267 638 1303 τοιαύτην
650 1268 758 1303 ἐκείνης
772 1268 882 1295 πλείονα
900 1270 1009 1302 εἰσαγα-

219 1308 286 1343 γὼν,
298 1309 368 1336 ἀλλὰ
384 1310 435 1345 τὴν
450 1309 579 1336 δοκοῦσαν
591 1306 662 1336 εἶναι
678 1309 795 1344 μωρίαν,
813 1308 885 1336 οὕτω
901 1309 1008 1344 περιγέι

218 1358 292 1385 γονε.
312 1351 368 1377 Καὶ
384 1350 438 1386 7&9
464 1351 597 1378 Πλάτωνα
617 1350 757 1382 ἐξέϐαλεν,
778 1350 840 1385 οὐχὶ
861 1350 895 1377 δι’
913 1349 1007 1386 ἐτέρου

219 1391 365 1426 φιλοσόφου
380 1392 548 1427 σοφωτέρου,
562 1391 630 1418 ἀλλά
641 1391 686 1418 διὰ
699 1390 798 1423 ἁλιέως
809 1391 944 1426 ἀμαθοῦς.
957 1391 1008 1418 οῦ-

218 1442 257 1460 τω
273 1433 327 1470 γὰρ
347 1433 440 1468 γέγονε
458 1434 560 1469 μείζων
581 1434 598 1468 ἡ
619 1431 700 1468 ἧττα,
721 1433 770 1460 καὶ
792 1433 970 1469 λαμπροτέρα
988 1434 1005 1468 ἡ

218 1474 291 1510 νίκη.
310 1473 377 1501 Εἶτα
395 1475 503 1506 δεικνὺς
516 1474 563 1501 τοῦ
578 1474 694 1509 σταυροῦ
707 1474 757 1510 τὴν
772 1474 897 1510 δύναμιν,
909 1475 1006 1510 φησίν·

225 1517 345 1551 Ἔπειδὴ
359 1517 408 1544 καὶ
417 1518 445 1544 οι
468 1517 602 1544 Ἰουδαῖοι
616 1516 725 1550 σημεῖα
739 1516 868 1548 αἰτοῦσι,
879 1517 928 1544 καί
943 1517 1010 1544 Ἐλ-

217 1560 311 1593 ληνες
334 1559 447 1593 σοφίαν
469 1558 628 1592 ζητοῦσιν·
646 1559 732 1593 ἡμεῖς
755 1557 789 1585 δὲ
814 1558 1008 1593 κηρύσσομεν

218 1600 349 1634 Χριστὸν
364 1599 601 1634 ὲσταιιρωμένον,
623 1599 777 1633 Ἰουδαίοις
796 1600 855 1634 μὲν
875 1599 1008 1627 σκάνδα-

219 1643 286 1673 λον,
300 1642 430 1675 Ἕλλησι
454 1641 488 1667 δὲ
499 1642 626 1675 μωρίαν,
640 1641 743 1674 αὐτοῖς
756 1641 790 1668 δὲ
803 1641 866 1674 τοῖς
885 1642 1008 1678 κλητοῖς

226 1683 382 1715 Ἰουδαίοις
396 1691 427 1709 τε
438 1683 487 1709 καὶ
500 1682 628 1716 Ἕλλησι
645 1683 774 1717 Χριστὸν
790 1683 864 1710 Θεοῦ
880 1683 1009 1718 δύναμιν

219 1724 269 1751 καί
288 1723 363 1751 Θεοῦ
374 1724 497 1758 σοφίαν.

254 1785 289 1816 γ’.
306 1780 363 1817 [27]
378 1781 465 1816 Πολλὴ
477 1780 530 1807 τῶν
539 1780 692 1816 εἰρημένων
705 1782 721 1817 ἠ
739 1782 854 1813 σύνεσις.
866 1782 943 1809 Θέλει
955 1783 1009 1818 γὰρ

220 1823 319 1855 είπεῐν,
331 1822 390 1854 πῶς
404 1822 448 1849 διὰ
461 1823 515 1849 τῶν
531 1823 661 1850 ἐναντίων
680 1824 831 1860 ἐκράτησεν
844 1825 858 1851 ό
870 1825 946 1857 Θεὸς,
962 1826 1009 1852 καὶ

220 1864 280 1896 πῶς
291 1865 342 1891 οὐκ
356 1864 431 1891 ἐστιν
448 1863 618 1899 ἀνθρώπινον
629 1865 659 1892 τδ
669 1866 703 1900 κή
709 1874 811 1901 ρυγμα.
835 1867 866 1893 '0
877 1866 905 1892 δὲ
924 1866 1008 1900 λέγει,

220 1905 340 1932 τοιοῦτόν
350 1907 437 1932 ἐστιν·
450 1906 536 1933 Ὅταν
551 1905 685 1942 εἴπωμεν,
698 1907 790 1942 φησὶν,
799 1907 946 1939 Ἰουδαίοις.
958 1908 1008 1934 Πι-

221 1947 363 1979 στεύσατε,
389 1947 523 1982 λέγουσιν,
552 1948 733 1984 Ἀναστήσατε
752 1950 875 1985 νεκροὺς,
896 1949 1008 1976 ίάσασθε

219 1989 403 2024 δαιμονῶντας
413 2008 421 2021 .
434 1988 552 2027 ,δείξατε
572 1990 638 2025 ἡμῖν
658 1991 769 2026 σημεῖα.
795 1991 890 2027 Ἡμεῖς
903 1991 932 2018 δὲ
947 1992 1009 2019 ἀντὶ

220 2030 323 2058 τούτων
336 2030 363 2057 τί
385 2030 501 2065 λέγομεν
513 2040 521 2065 ;
537 2032 599 2058 Ὅτι
613 2032 774 2068 ἐσταυρώθη
785 2033 834 2060 καὶ
843 2034 979 2060 ἀπέθανεν
993 2035 1007 2060 ὁ

220 2071 431 2108 κηρυττόμενος.
441 2072 525 2100 Τοῦτο
541 2072 570 2100 δὲ
587 2074 678 2101 ἱκανὸν
688 2074 718 2100 οὐ
732 2074 812 2110 μόνον
822 2075 886 2107 τοὺς
897 2076 935 2110 μὴ
946 2075 1007 2110 βου-

220 2113 350 2150 λομένους
362 2113 400 2149 μὴ
415 2114 588 2148 ἐφέλκεσθαι,
605 2115 673 2142 ἀλλὰ
688 2116 736 2142 καὶ
750 2116 812 2147 τοὺς
827 2115 1007 2151 βουλομένους

219 2154 453 2190 διακρούσασθαι·
480 2155 538 2182 ἀλλ’
563 2156 637 2191 ὅμως
663 2156 693 2182 οὐ
722 2157 913 2193 διακρούεται,
939 2158 1007 2186 ἀλλὰ

219 2196 364 2231 ἐφέλκεται
377 2196 424 2223 καὶ
434 2198 532 2232 κρατεῖ
545 2198 592 2224 καὶ
607 2198 788 2233 περιγίνεται.
804 2199 888 2227 Πάλιν
907 2200 1008 2236 Ἔλλη-

219 2247 264 2270 νες
280 2238 441 2265 ἀπαιτοῦσιν
459 2239 532 2274 ἡμᾶς
547 2240 691 2275 ῥητορείαν
705 2240 791 2276 λόγων
807 2242 854 2268 καὶ
866 2242 1008 2278 δεινότητα

220 2280 396 2314 σοφισμάτων
406 2289 413 2295 ·
429 2281 510 2315 ἡμεῖς
523 2280 551 2307 δὲ
563 2282 610 2307 καὶ
624 2281 728 2314 τούτοις
747 2284 863 2319 σταυρὸν
879 2284 1008 2319 κηρύττο-

221 2329 288 2356 μεν·
304 2321 351 2348 καὶ
370 2321 439 2356 ὅπερ
452 2321 499 2348 ἐπὶ
521 2322 655 2349 Ἰουδαίων
675 2323 750 2350 δοκεί
771 2324 913 2357 ἀσθενείας
925 2325 1005 2359 εἶναι,

219 2362 299 2390 τοῦτο
309 2363 357 2390 ἐπὶ
377 2363 513 2398 Ἑλλήνων
530 2365 629 2400 μωρία.
656 2365 742 2392 Ὅταν
761 2365 806 2394 οὖν
824 2368 861 2403 μὴ
886 2369 966 2403 μόνον
989 2369 1008 2397 ἃ

219 2404 325 2432 αίτοῦσι
338 2405 376 2441 μὴ
393 2405 568 2440 παρέχωμεν,
590 2406 658 2433 ἀλλά
682 2408 728 2434 καὶ
743 2409 852 2436 ἐναντία
866 2407 904 2437 ὧν
919 2411 1008 2438 αἰτοῦ-

220 2454 280 2473 σιν·
294 2447 309 2473 ό
320 2447 375 2482 7&9
389 2447 505 2482 σταυρὸς
522 2448 553 2474 οὐ
568 2447 649 2482 μόνον
663 2449 694 2475 οὺ
713 2449 787 2477 δοκεῖ
803 2453 915 2486 σημεῖον
936 2450 1006 2480 εἶναι

219 2488 291 2515 κατὰ
300 2488 429 2524 λογισμὸν
441 2489 643 2524 ἐξεταζόμενον,
661 2491 728 2518 ἀλλά
741 2493 789 2519 καὶ
801 2494 915 2528 σημείου
927 2495 1004 2522 ἀναί-

219 2539 312 2566 ρεσις’
326 2531 374 2558 καὶ
398 2531 430 2558 οὐ
450 2531 530 2566 μόνον
548 2533 578 2559 ού
600 2532 674 2560 δοκεῖ
693 2534 834 2569 δυνάμεως
857 2536 1005 2569 ἀπόδειξις,

218 2571 287 2598 ἀλλὰ
299 2572 346 2599 καὶ
367 2572 508 2605 ἀσθενείας
523 2573 633 2610 ἐλεγχος
648 2582 655 2589 ·
673 2575 704 2601 οὐ
721 2576 801 2611 μόνον
822 2577 853 2603 οὐ
873 2578 948 2604 δοκεί
967 2587 1006 2604 σο-

218 2613 283 2654 φίας
296 2613 424 2647 ἐπίδειξις
435 2612 515 2648 εῖναι,
527 2615 595 2642 ἀλλά
607 2616 655 2642 καὶ
666 2618 770 2653 μωρίας
781 2618 913 2654 ὑπόληψις
923 2627 929 2633 ·
942 2619 1006 2646 ὅταν

216 2652 264 2697 οὖν
280 2654 310 2697 7on
327 2656 428 2691 σημεῖα
454 2657 502 2683 καὶ
525 2657 621 2692 σοφίαν
645 2652 789 2693 ζητοῦντες
806 2659 844 2695 μὴ
861 2652 947 2695 ’μόνον
967 2661 1005 2697 μὴ

216 2695 390 2732 λαμϐάνωσιν
406 2697 477 2733 ἆπερ
496 2698 628 2729 αίτοῦσιν.
651 2699 720 2726 ἀλλά
735 2701 781 2727 καὶ
797 2701 830 2727 τὰ
847 2702 956 2729 ἐναντία
967 2695 1005 2730 ὧν

216 2737 394 2774 ἐπιθυμοῦσιν
403 2739 548 2772 ἀκούωσιν,
558 2738 617 2768 εἶτα
626 2741 670 2768 διὰ
682 2742 736 2768 τῶν
748 2743 875 2769 ἐναντίων
888 2743 1004 2770 πείθων-

215 2787 272 2811 ται,
289 2779 347 2812 πῶς
359 2779 408 2807 οὐκ
431 2780 533 2816 ἄφατός
556 2783 629 2809 ἐστιν
644 2783 660 2818 ἠ
677 2783 723 2809 τοῦ
741 2784 943 2819 κηρυττομένου
963 2785 1004 2812 δύ-

215 2829 297 2856 ναμις
308 2830 316 2855 ;

251 2894 357 2931 ’Ὠσπερ
370 2895 404 2923 ἂν
422 2896 450 2923 εἴ
468 2905 520 2924 τινι
538 2897 591 2924 τῶν
607 2898 846 2935 κλυδωνιζομένων
865 2902 911 2928 καὶ
925 2901 1004 2937 λιμέ-

214 2945 259 2970 νος
272 2938 477 2973 ἐπιθυμούντων
494 2940 531 2975 μὴ
546 2940 643 2976 λιμένα
659 2941 758 2976 δείξας,
775 2943 832 2971 ἀλλ’
846 2944 940 2980 ἕτερον
955 2946 1002 2980 μέ-

1058 206 1104 234 ρος
1127 199 1176 226 τοῦ
1204 199 1339 234 πελάγους
1360 200 1536 236 ἀγριώτερον,
1562 199 1678 235 δυνηθῇς
1703 199 1812 234 ποιῆσαι
1828 205 1841 221 ι

1057 240 1127 275 μετά
1141 241 1251 276 χάριτος
1262 242 1375 269 ἔπεσθαι
1385 249 1391 256 ·
1417 242 1434 277 ἦ
1451 242 1542 276 ίατρὺς
1555 241 1600 268 τὸν
1613 241 1782 277 τετρωμένον
1796 241 1844 268 καῑ

1056 282 1210 317 φαρμάκων
1227 283 1412 317 ἐπιθυμοῦντα
1428 283 1465 318 μὴ
1480 283 1524 310 διὰ
1537 282 1701 318 φαρμάκων,
1718 281 1787 309 ἀλλά
1799 282 1843 309 διὰ

1053 323 1100 349 τοῦ
1115 324 1205 350 καίειν
1221 324 1303 350 πάλιν
1315 323 1549 359 ἐπαγγελλόμενος
1563 324 1625 359 ὑγιῆ
1646 325 1743 355 ποιεῖν,
1762 324 1842 357 ἐφέλ-

1053 371 1128 390 κοιτο
1143 365 1211 399 πρὸς
1222 365 1316 392 ἐαυτὸν
1324 365 1457 400 (μεγάλης
1469 365 1523 399 γὰρ
1535 364 1615 391 τοῦτο
1623 364 1773 399 δυνάμεως)
1782 372 1788 378 ·
1797 364 1844 391 οὗ·

1053 413 1092 431 τω
1105 406 1151 432 καὶ
1166 407 1190 432 οἱ
1202 406 1346 433 ἀπόστολοι
1357 407 1387 433 οὐ
1405 407 1485 441 μόνον
1500 407 1530 432 οὐ
1549 407 1564 426 ιι
1577 405 1621 432 διὰ
1636 406 1759 441 σημείου,
1775 406 1842 433 ἀλλά

1054 446 1100 473 καὶ
1114 446 1159 473 διὰ
1171 447 1332 483 πράγματος
1344 447 1485 480 δοκοῦντος
1498 447 1622 474 ἐναντίου
1635 445 1705 474 εἶναι
1721 449 1776 479 τοῖς
1793 456 1842 483 ση-

1056 487 1143 522 μείοις
1159 489 1359 523 περιεγένοντο*
1376 489 1445 525 ὅπερ
1459 489 1507 516 καὶ
1529 489 1575 516 ἐπὶ
1599 488 1646 516 τοῦ
1668 488 1769 523 τυφλοῦ
1791 497 1842 515 πε‹

1054 529 1168 564 ποίηκεν
1182 530 1197 556 ό
1213 530 1340 565 Χριστός.
1356 530 1522 565 Βουλόμενος
1539 531 1594 566 γὰρ
1616 530 1697 557 αὑτὸν
1710 529 1845 565 θεραπεῦ-

1055 578 1112 603 σαι,
1124 571 1168 597 διὰ
1179 571 1341 607 πράγματος
1354 573 1533 604 ἐπιτείνοντος
1546 572 1595 607 τὴν
1605 573 1729 607 πήρωσιν
1745 571 1843 598 ἀνείλε·

1055 612 1142 648 πηλὸν
1156 613 1210 649 γὰρ
1227 613 1372 649 ἐπέθηκεν.
1391 614 1497 650 Ὠσπερ
1511 611 1558 641 οὖν
1572 613 1616 640 διὰ
1630 613 1716 649 πηλοῦ
1734 613 1779 640 τὸν
1796 622 1844 640 τυ-

1055 654 1121 689 φλδν
1144 654 1338 690 ἐθεράπευσεν,
1366 654 1438 682 οὕτω
1461 655 1508 682 καὶ
1538 655 1588 690 τὴν
1612 655 1774 690 οἰκουμένην
1801 654 1846 681 διὰ

1056 695 1174 733 σταυροῦ
1190 697 1391 732 προσηγάγετο·
1402 697 1469 732 ὅπερ
1480 697 1624 733 προσθήκη
1637 695 1671 732 ἧν
1686 696 1845 728 σκανδάλου,

1055 737 1105 764 οὐκ
1121 737 1261 772 ἀναίρεσις
1278 738 1436 765 σκανδάλου.
1452 738 1530 765 Οὕτω
1544 738 1592 765 καὶ
1607 738 1653 764 ἐπὶ
1666 738 1717 773 τῆς
1732 737 1846 768 κτίσεως

1055 778 1178 814 ἐποίησε,
1193 778 1227 806 τὰ
1239 780 1348 806 ἐναντία
1359 780 1403 806 διὰ
1415 780 1469 806 τῶν
1483 779 1611 807 ἐναντίων
1623 778 1845 810 κατασκευάζων.

1056 820 1171 855 Ψάμμῳ
1187 820 1253 854 γοῦν
1269 820 1406 848 θάλασσαν
1416 821 1544 857 ἐτείχισε,
1558 821 1598 856 τῷ
1611 821 1720 847 ἀσθενεῖ
1729 821 1758 847 τὸ
1770 822 1846 855 ισχυ-

1057 861 1104 897 ρδν
1126 860 1289 896 χαλινώσας
1306 862 1384 889 ὕδατι
1409 863 1461 898 γῆν
1478 862 1607 898 ἐπέθηκε,
1623 862 1661 897 τῷ
1682 862 1773 898 χαύνῳ
1799 862 1849 889 καὶ

1056 901 1210 939 διαρρέοντι
1232 903 1263 929 τὸ
1277 903 1347 939 βαρὺ
1377 904 1425 931 καὶ
1445 903 1548 931 πυκνὸν
1573 903 1731 939 ἐποχεῖσθαι
1757 911 1848 938 παρα-

1057 943 1204 975 σκευάσας.
1220 943 1270 971 Διὰ
1288 945 1342 972 τῶν
1357 945 1505 981 προφητῶν
1518 945 1601 972 πάλιν
1612 945 1684 980 ξύλῳ
1702 944 1793 980 μικρῷ
1809 943 1851 970 σί-·

1056 984 1138 1020 δηρον
1153 985 1346 1021 ἐμετεώρισεν.
1364 986 1442 1013 Οὓτω
1455 987 1488 1023 δὴ
1503 987 1550 1014 καὶ
1565 986 1675 1022 σταυρῷ
1690 987 1740 1022 τὴν
1756 988 1846 1013 οἰκου-

1059 1027 1144 1063 μένην
1159 1028 1343 1056 ἐπεσπάσατο.
1361 1028 1467 1065 Ὥσπερ
1491 1029 1546 1064 γὰρ
1570 1029 1602 1056 τὸ
1627 1028 1699 1064 ὕδωρ
1719 1027 1847 1063 βαστάζει

1057 1069 1106 1103 τὴν
1116 1070 1178 1104 γῆν,
1194 1068 1267 1096 οὕτω
1281 1070 1328 1096 καὶ
1346 1070 1360 1096 6
1376 1069 1492 1105 σταυρὸς
1506 1070 1636 1105 βαστάζει
1657 1070 1705 1105 τὴν
1718 1070 1847 1104 οίκουμέ-

1056 1119 1116 1146 νην.
1133 1111 1264 1145 Μεγάλης
1279 1111 1368 1138 τοίνυν
1383 1111 1524 1147 δυνάμεως
1537 1112 1583 1139 καὶ
1598 1111 1694 1146 σοφίας
1710 1111 1848 1144 ἀπόδειξις

1056 1151 1086 1178 τὸ
1112 1152 1156 1179 διὰ
1176 1152 1231 1179 τῶν
1255 1153 1384 1180 ἐναντίων
1414 1153 1529 1180 πείθειν.
1553 1153 1609 1180 Καὶ
1630 1153 1685 1188 γὰρ
1699 1152 1848 1179 σκανδάλου

1056 1195 1175 1230 πρᾶγμα
1189 1195 1203 1221 6
1218 1194 1334 1231 σταυρὸς
1346 1192 1416 1222 εἶναι
1430 1195 1514 1229 δοκεῖ,
1528 1195 1586 1222 ἀλλ’
1595 1195 1670 1230 ὅμως
1683 1195 1712 1221 οὗ
1727 1194 1806 1229 μόνον
1817 1194 1847 1220 οὐ

1057 1235 1238 1268 σκανδαλίζει,
1255 1236 1325 1262 ἀλλά
1345 1236 1392 1263 καὶ
1407 1235 1561 1271 ἐφέλκεται.
1574 1236 1657 1263 Ταῦτ’
1675 1233 1721 1263 οὖν
1742 1236 1849 1262 ἅπαντα

1056 1277 1187 1313 ἐννοήσας
1213 1279 1228 1304 ό
1253 1278 1359 1310 Παῦλος
1375 1278 1422 1305 καὶ
1438 1278 1596 1313 ἐκπλαγεὶς,
1620 1278 1724 1312 ἔλεγεν,
1753 1278 1794 1304 ὅτι
1812 1277 1848 1304 Τὸ

1054 1319 1156 1354 μωρὸν
1172 1319 1226 1346 τοῦ
1242 1319 1316 1347 Θεοῦ
1331 1320 1505 1354 σοφώτερον
1519 1319 1579 1347 τῶν
1591 1319 1754 1354 ἀνθρώπων
1771 1318 1847 1352 ἐστὶ,

1057 1360 1116 1397 [28]
1129 1360 1181 1387 καί
1200 1361 1233 1388 τὸ
1256 1362 1385 1395 ἀσθενὲς
1406 1361 1459 1389 τοῦ
1478 1361 1553 1390 Θεοῦ
1576 1362 1771 1396 ἰσχυρότερον
1789 1360 1850 1387 τῶν

1057 1402 1222 1437 ἀνθρώπων
1235 1403 1312 1430 ἐστί’
1327 1404 1392 1439 περὶ
1405 1403 1453 1431 τοῦ
1471 1403 1589 1439 σταυροῦ
1602 1403 1696 1438 ’λέγων
1712 1404 1742 1430 το
1758 1403 1849 1439 μωρὸν

1057 1444 1104 1470 καὶ
1123 1444 1154 1471 τὸ
1170 1444 1295 1477 ἀσθενὲς,
1310 1445 1341 1471 οὐ
1355 1445 1385 1472 τὸ
1399 1445 1441 1477 δν,
1455 1445 1524 1472 ἀλλὰ
1545 1446 1575 1472 τὸ
1587 1444 1692 1472 δοκοῦν·
1710 1445 1779 1480 πρὸς
1795 1444 1849 1480 γὰρ

1056 1484 1105 1520 τὴν
1120 1485 1232 1512 ἐκείνων
1245 1485 1381 1521 ὑπόληψιν
1394 1486 1583 1522 ἀποκρίνεται.
1598 1487 1631 1513 Ὃ
1644 1486 1700 1521 γὰρ
1710 1486 1761 1513 οὐκ
1774 1486 1850 1521 ίσχυ-

1058 1535 1108 1553 σαν
1123 1526 1264 1561 φιλόσοφοι
1286 1527 1329 1554 διά
1347 1527 1401 1554 τῶν
1419 1527 1605 1563 συλλογισμῶν
1630 1527 1751 1563 ποιῆσαι,
1770 1527 1850 1554 τοῦτο

1057 1569 1073 1603 ὴ
1085 1568 1201 1595 δοκοῦσα
1214 1566 1284 1596 εἶναι
1302 1568 1392 1604 μωρία
1411 1568 1575 1605 κατώρθωσε
1588 1577 1595 1602 ;
1611 1569 1660 1601 Τίς
1670 1567 1717 1596 οὖν
1732 1568 1850 1603 σοφώτε-

1057 1619 1153 1646 τερος;
1173 1611 1187 1637 6
1201 1611 1262 1642 τοὺς
1281 1610 1396 1642 πολλοὺς
1419 1610 1531 1643 πείθων,
1545 1611 1562 1646 ἢ
1578 1612 1592 1638 6
1609 1610 1727 1645 όλίγους,
1749 1610 1851 1646 μᾶλλον

1057 1651 1084 1678 δὲ
1109 1651 1221 1683 οὐδένας
1234 1651 1249 1677 ό
1264 1652 1328 1686 περὶ
1342 1651 1396 1678 τῶν
1414 1651 1550 1687 μεγίστων
1572 1652 1684 1684 πείθων,
1709 1652 1725 1688 ἢ
1747 1653 1762 1678 6
1785 1651 1850 1688 περὶ

1057 1692 1111 1718 τῶν
1129 1692 1167 1728 μὴ
1181 1692 1295 1719 δεόντων
1309 1698 1340 1726 ε;
1356 1693 1431 1719 Πόσα
1447 1693 1535 1728 ἐκαμε
1558 1693 1670 1720 Πλάτων
1683 1694 1729 1720 καὶ
1745 1692 1770 1719 οί
1789 1692 1850 1719 κατ’

1058 1734 1139 1760 αὐτον
1164 1734 1229 1769 περὶ
1255 1734 1389 1770 γραμμῆς
1411 1735 1460 1761 καὶ
1479 1735 1580 1769 γωνίας
1601 1735 1650 1761 καὶ
1666 1734 1783 1769 στιγμῆς
1803 1734 1850 1760 καὶ

1058 1775 1185 1810 ἀριθμῶν
1205 1775 1307 1811 ἀρτίων
1337 1776 1384 1802 καὶ
1408 1777 1555 1811 περιττῶν,
1569 1776 1617 1803 καὶ
1636 1776 1702 1803 ἴσων
1724 1775 1850 1810 ἀλλήλοις

1058 1818 1105 1844 κα)⁵
1130 1817 1241 1847 ἀνίσων.
1261 1818 1309 1845 καὶ
1333 1817 1388 1845 τῶν
1412 1818 1543 1845 τοιούτων
1567 1818 1756 1853 διαλεγόμενος
1782 1819 1851 1853 ἡμῖν

1058 1859 1194 1894 ἀραχνίων
1204 1859 1262 1893 (καὶ
1274 1859 1327 1895 γὰρ
1341 1859 1395 1886 τῶν
1408 1859 1577 1895 ὑφασμάτων
1591 1859 1703 1886 ἐκείνων
1714 1859 1850 1895 ἀχρηστό-

1058 1909 1125 1937 τερα
1138 1900 1224 1927 ταῦτα
1235 1901 1274 1936 τῷ
1290 1901 1361 1936 βίῳ),
1375 1902 1423 1928 καὶ
1437 1901 1467 1928 οὐ
1486 1901 1584 1937 μέγαν,
1599 1901 1630 1928 οὑ
1648 1901 1746 1937 μικρὸν
1759 1901 1850 1928 ἐντεῦ-

1059 1943 1104 1970 θεν
1121 1943 1264 1978 ὠφελήσας
1280 1943 1351 1970 οὕτω
1374 1943 1420 1970 τὸν
1436 1943 1493 1978 βίον
1507 1943 1655 1970 κατέλυσεί
1673 1943 1743 1970 πόσα
1762 1943 1849 1978 ἐκαμε

1057 1985 1145 2018 δεῖξαι
1156 1985 1304 2020 ἐπιχειρῶν
1317 1985 1355 2017 ὡς
1369 1984 1529 2020 ἀθάνατοςὴ
1547 1985 1630 2020 ψυχὴ,
1648 1985 1695 2012 καὶ
1708 1984 1783 2011 οὺδέν
1799 1993 1849 2010 σα-

1059 2026 1108 2060 φὲς
1129 2025 1225 2059 είπὼν,
1251 2026 1311 2053 οὐδὲ
1326 2027 1424 2057 πείσας
1444 2026 1505 2053 τινὰ
1521 2026 1575 2053 τῶν
1595 2026 1748 2053 ἀκουόντων
1762 2025 1850 2056 οὕτως

1057 2068 1178 2104 ἀπῆλθεν
1191 2070 1198 2096 ι
1220 2069 1248 2095 '0
1262 2068 1290 2094 δὲ
1304 2069 1420 2104 σταυρὸς
1439 2067 1484 2095 διὰ
1496 2068 1608 2095 ἰδιωτῶν
1619 2068 1722 2100 ἐπεισε,
1740 2068 1787 2094 καὶ
1799 2067 1849 2100 τὴν

1057 2110 1220 2146 οίκουμένην
1231 2111 1340 2137 ἃπασαν
1356 2107 1568 2151 ἐπεσπάσατο),
1581 2110 1628 2137 καὶ
1640 2111 1689 2145 οὺχ
1704 2109 1774 2145 ὑπὲρ
1793 2109 1848 2136 τῶν

1057 2152 1193 2187 τυχόντων
1208 2152 1389 2188 πραγμάτων,
1403 2152 1471 2179 ἀλλά
1486 2153 1549 2188 περὶ
1559 2152 1626 2179 Θεοῦ
1637 2152 1787 2187 διαλεχθεὶς
1800 2152 1848 2178 καὶ

1056 2195 1106 2228 τῆς
1122 2193 1193 2221 κατὰ
1207 2194 1336 2230 ἀλήθειαν
1356 2194 1506 2226 εὐσεϐείας,
1532 2194 1579 2220 καὶ
1597 2194 1647 2229 τῆς
1668 2193 1848 2227 εὐαγγελικῆς

1057 2236 1204 2267 πολιτείας,
1220 2237 1266 2263 καὶ
1282 2236 1332 2271 τῆς
1346 2236 1399 2262 τῶν
1416 2236 1567 2272 μελλόντων
1583 2236 1708 2271 κρίσεως
1721 2236 1768 2262 καὶ
1780 2235 1847 2263 πάν-

1055 2285 1105 2308 τας
1121 2277 1232 2312 ἐποίησε
1253 2276 1424 2312 φιλοσόφους,
1439 2278 1502 2310 τοὺς
1524 2277 1679 2312 ἀγροίκους,
1693 2277 1756 2308 τοὺς
1775 2276 1843 2303 ίδιώ-

1055 2328 1115 2351 τας.
1129 2320 1199 2355 Ὅρα
1217 2320 1275 2351 πῶς
1297 2319 1329 2346 τδ
1352 2319 1443 2356 μωρὸν
1467 2319 1515 2346 τοῦ
1529 2319 1597 2346 Θεοῦ
1619 2319 1772 2354 σοφώτερον
1793 2319 1848 2345 τῶν

1055 2360 1217 2396 ἀνθρώπιον,
1234 2361 1281 2388 καὶ
1292 2361 1322 2388 τὸ
1336 2361 1449 2393 ἀσθενές
1465 2362 1647 2398 ἰσχυρότερον.
1663 2361 1725 2393 Πῶς
1739 2361 1847 2396 ισχυρόα

1055 2411 1133 2437 τερον
1146 2411 1154 2435 ;
1169 2403 1231 2429 Ὅτι
1243 2404 1293 2438 τὴν
1310 2403 1474 2439 οίκουμένην
1492 2404 1646 2439 ἐπέδραμεν
1661 2403 1779 2433 ἅπασαν,
1801 2403 1847 2429 καὶ

1055 2444 1161 2471 πάντας
1173 2445 1244 2471 κατᾶ
1257 2445 1358 2480 κράτος
1371 2442 1437 2478 εἷλε,
1454 2446 1502 2472 καὶ
1518 2445 1623 2481 μυρίων
1637 2444 1847 2480 ἐπιχειρούντων

1056 2486 1151 2513 σϐέσαι
1166 2487 1213 2513 τοῦ
1231 2488 1434 2522 σταυρωθέντος
1444 2489 1475 2515 τὸ
1485 2488 1580 2523 δνομα,
1595 2489 1747 2515 τούναντίον
1760 2487 1846 2520 ἐγένες

1054 2536 1095 2554 το.
1112 2528 1197 2555 Τοῦτο
1212 2524 1327 2564 μὲνγὰρ
1342 2530 1443 2565 ῆνθησε
1462 2530 1508 2557 καὶ
1527 2530 1663 2556 ἐπέδωκεν
1681 2529 1727 2555 ἐπὶ
1743 2527 1846 2563 μεῖζον,

1054 2570 1153 2596 ἐκεῖνοι
1166 2570 1193 2597 δὲ
1209 2570 1349 2598 ἀπώλοντο
1366 2572 1414 2598 καὶ
1429 2571 1628 2607 διεφθάρησαν,
1643 2570 1690 2598 καὶ
1704 2571 1728 2597 οἱ
1744 2570 1847 2603 ζῶντες

1054 2611 1093 2646 τῷ
1117 2612 1280 2648 νεκρωθέντι
1307 2612 1499 2648 πολεμοῦντες,
1523 2613 1598 2640 οὐδὲν
1625 2613 1748 2648 ῐσχυσαν.
1763 2612 1846 2639 ’Ὥστε

1054 2653 1163 2681 ἐπειδὰν
1193 2655 1257 2690 είπῃ
1285 2663 1320 2690 με
1338 2655 1430 2691 μωρὸν
1456 2656 1469 2682 6
1490 2655 1601 2691 Ἕλλην,
1624 2655 1686 2682 τότε
1710 2655 1846 2681 δείκνυσιν

1054 2697 1149 2723 ἑαυτὸν
1165 2697 1224 2732 μεθ’
1241 2697 1395 2734 ὑπερϐολῆς
1411 2698 1512 2734 μωρόν
1527 2698 1591 2725 ὅταν
1602 2697 1657 2733 ἐγὼ
1669 2697 1845 2733 νομιζόμενος

1052 2737 1122 2765 εἶναι
1133 2739 1198 2774 παρ’
1213 2739 1288 2775 αὐτῷ
1301 2740 1403 2775 μωρὸς,
1416 2739 1463 2766 τοῦ
1477 2739 1558 2773 σοφοῦ
1574 2739 1712 2774 φαίνωμαι
1728 2738 1846 2773 σοφώτε-

1054 2788 1109 2812 ρος·
1123 2781 1187 2807 ὅταν
1200 2781 1250 2818 ἐμὲ
1263 2781 1365 2818 καλέσῃ
1379 2782 1492 2818 ἀσθενῆ,
1509 2782 1569 2809 τότε
1580 2781 1676 2809 ἑαυτὸν
1690 2781 1846 2809 ἀσθενέστε-

1083 2893 1096 2906 ι·
1109 2892 1170 2923 Reg.
1182 2893 1279 2924 δυνηθῇς
1288 2893 1377 2918 πεῖσαι.
1410 2894 1424 2915 b
1434 2896 1521 2920 Αιιεηιι
1532 2894 1569 2919 οὐ.
1609 2895 1621 2909 ε
1636 2893 1706 2925 Reg,
1717 2892 1765 2925 τᾶεγ
1783 2892 1842 2925 μηδὲ

1053 2923 1135 2957 ὀςιτῳν,
1149 2930 1196 2948 non
1207 2922 1281 2957 nyal'e.
1315 2925 1327 2945 α
1335 2924 1466 2954 Leqebalur
1476 2926 1556 2951 ἔπεισε
1565 2931 1596 2952 ex
1605 2922 1792 2956 praxedemibus
1804 2924 1842 2950 vi-

1053 2953 1140 2980 delicet
1151 2953 1287 2986 repetitum.
1374 2953 1377 2954 ⁷
1605 2953 1608 2956 ’
1665 2972 1674 2986 ,τ
