  <div class='ocr_page' id='page_1' title='image "/cluster/home/n/w/nwhite01/storage/ocr_20150623/61/njp.32101077772679/043.png"; bbox 0 0 2033 3116; ppageno 0'>
   <div class='ocr_carea' id='block_1_1' title="bbox 240 131 1874 172">
    <p class='ocr_par' dir='ltr' id='par_1_1' title="bbox 240 131 1874 172">
     <span class='ocr_line' id='line_1_1' title="bbox 240 131 1874 172; baseline 0 -7"><span class='ocrx_word' id='word_1_1' title='bbox 240 143 273 170; x_wconf 69' lang='lat'><strong>35</strong></span> <span class='ocrx_word' id='word_1_2' title='bbox 616 137 644 165; x_wconf 90' lang='lat' dir='ltr'><strong>S.</strong></span> <span class='ocrx_word' id='word_1_3' title='bbox 664 135 803 165; x_wconf 75' lang='lat' dir='ltr'><strong>JOANNIS</strong></span> <span class='ocrx_word' id='word_1_4' title='bbox 817 131 1053 162; x_wconf 74' lang='lat' dir='ltr'><strong>CIIBYSOSTOMI</strong></span> <span class='ocrx_word' id='word_1_5' title='bbox 1071 132 1232 162; x_wconf 77' lang='lat' dir='ltr'><strong>ARCHIEP.</strong></span> <span class='ocrx_word' id='word_1_6' title='bbox 1251 133 1519 165; x_wconf 82' lang='lat' dir='ltr'><strong>CONSTANTINOP.</strong></span> <span class='ocrx_word' id='word_1_7' title='bbox 1840 144 1874 172; x_wconf 67' lang='grc' dir='ltr'><strong>δα</strong></span> 
     </span>
    </p>
   </div>
   <div class='ocr_carea' id='block_1_2' title="bbox 239 189 1029 230">
    <p class='ocr_par' dir='ltr' id='par_1_2' title="bbox 239 189 1029 230">
     <span class='ocr_line' id='line_1_2' title="bbox 239 189 1029 230; baseline -0.014 -3"><span class='ocrx_word' id='word_1_8' title='bbox 239 206 337 227; x_wconf 98' lang='lat' dir='ltr'><strong>nomen</strong></span> <span class='ocrx_word' id='word_1_9' title='bbox 358 197 447 225; x_wconf 88' lang='lat' dir='ltr'><strong>ﬁoruit</strong></span> <span class='ocrx_word' id='word_1_10' title='bbox 460 217 467 230; x_wconf 85' lang='lat'><strong>,</strong></span> <span class='ocrx_word' id='word_1_11' title='bbox 483 201 512 224; x_wconf 90' lang='lat' dir='ltr'><strong>et</strong></span> <span class='ocrx_word' id='word_1_12' title='bbox 525 195 655 230; x_wconf 84' lang='lat' dir='ltr'><strong>majorem</strong></span> <span class='ocrx_word' id='word_1_13' title='bbox 675 194 702 221; x_wconf 89' lang='lat' dir='ltr'><strong>in</strong></span> <span class='ocrx_word' id='word_1_14' title='bbox 717 193 825 220; x_wconf 88' lang='lat' dir='ltr'><strong>modum</strong></span> <span class='ocrx_word' id='word_1_15' title='bbox 840 191 975 223; x_wconf 86' lang='lat' dir='ltr'><strong>accrevit;</strong></span> <span class='ocrx_word' id='word_1_16' title='bbox 992 189 1029 217; x_wconf 85' lang='lat' dir='ltr'><strong>illi</strong></span> 
     </span>
    </p>
   </div>
   <div class='ocr_carea' id='block_1_3' title="bbox 238 235 1028 279">
    <p class='ocr_par' dir='ltr' id='par_1_3' title="bbox 238 235 1028 279">
     <span class='ocr_line' id='line_1_3' title="bbox 238 235 1028 279; baseline -0.011 -8"><span class='ocrx_word' id='word_1_17' title='bbox 238 250 304 272; x_wconf 81' lang='lat' dir='ltr'><strong>vero</strong></span> <span class='ocrx_word' id='word_1_18' title='bbox 316 243 452 279; x_wconf 83' lang='lat' dir='ltr'><strong>perierunt</strong></span> <span class='ocrx_word' id='word_1_19' title='bbox 463 247 491 269; x_wconf 92' lang='lat' dir='ltr'><strong>et</strong></span> <span class='ocrx_word' id='word_1_20' title='bbox 503 242 530 268; x_wconf 93' lang='lat' dir='ltr'><strong>in</strong></span> <span class='ocrx_word' id='word_1_21' title='bbox 541 241 651 268; x_wconf 78' lang='lat' dir='ltr'><strong>exitium</strong></span> <span class='ocrx_word' id='word_1_22' title='bbox 663 244 774 267; x_wconf 92' lang='lat' dir='ltr'><strong>ruerunt</strong></span> <span class='ocrx_word' id='word_1_23' title='bbox 785 248 791 265; x_wconf 89' lang='lat'><strong><em>:</em></strong></span> <span class='ocrx_word' id='word_1_24' title='bbox 801 245 832 265; x_wconf 85' lang='lat' dir='ltr'><strong>ac</strong></span> <span class='ocrx_word' id='word_1_25' title='bbox 845 237 964 264; x_wconf 74' lang='lat' dir='ltr'><strong>viventes</strong></span> <span class='ocrx_word' id='word_1_26' title='bbox 979 235 1028 263; x_wconf 86' lang='lat' dir='ltr'><strong>ad-</strong></span> 
     </span>
    </p>
   </div>
   <div class='ocr_carea' id='block_1_4' title="bbox 240 280 1031 320">
    <p class='ocr_par' dir='ltr' id='par_1_4' title="bbox 240 280 1031 320">
     <span class='ocr_line' id='line_1_4' title="bbox 240 280 1031 320; baseline -0.011 -4"><span class='ocrx_word' id='word_1_27' title='bbox 240 296 333 316; x_wconf 80' lang='lat' dir='ltr'><strong>versus</strong></span> <span class='ocrx_word' id='word_1_28' title='bbox 349 292 481 315; x_wconf 90' lang='lat' dir='ltr'><strong>mortuum</strong></span> <span class='ocrx_word' id='word_1_29' title='bbox 497 286 596 313; x_wconf 91' lang='lat' dir='ltr'><strong>bellum</strong></span> <span class='ocrx_word' id='word_1_30' title='bbox 609 289 744 320; x_wconf 78' lang='lat' dir='ltr'><strong>gerentes,</strong></span> <span class='ocrx_word' id='word_1_31' title='bbox 760 283 825 310; x_wconf 86' lang='lat' dir='ltr'><strong>nihil</strong></span> <span class='ocrx_word' id='word_1_32' title='bbox 846 288 967 317; x_wconf 88' lang='lat' dir='ltr'><strong>potuere.</strong></span> <span class='ocrx_word' id='word_1_33' title='bbox 979 280 1031 308; x_wconf 83' lang='lat' dir='ltr'><strong>fta-</strong></span> 
     </span>
    </p>
   </div>
   <div class='ocr_carea' id='block_1_5' title="bbox 239 326 1029 369">
    <p class='ocr_par' dir='ltr' id='par_1_5' title="bbox 239 326 1029 369">
     <span class='ocr_line' id='line_1_5' title="bbox 239 326 1029 369; baseline -0.01 -8"><span class='ocrx_word' id='word_1_34' title='bbox 239 342 291 369; x_wconf 88' lang='lat' dir='ltr'><strong>qtte</strong></span> <span class='ocrx_word' id='word_1_35' title='bbox 301 333 408 368; x_wconf 85' lang='lat' dir='ltr'><strong>quando</strong></span> <span class='ocrx_word' id='word_1_36' title='bbox 422 340 464 360; x_wconf 91' lang='lat' dir='ltr'><strong>me</strong></span> <span class='ocrx_word' id='word_1_37' title='bbox 479 336 615 359; x_wconf 90' lang='lat' dir='ltr'><strong>mortuum</strong></span> <span class='ocrx_word' id='word_1_38' title='bbox 628 331 737 358; x_wconf 58' lang='lat' dir='ltr'><strong>Graccus</strong></span> <span class='ocrx_word' id='word_1_39' title='bbox 749 329 824 362; x_wconf 91' lang='lat' dir='ltr'><strong>dicit,</strong></span> <span class='ocrx_word' id='word_1_40' title='bbox 835 332 898 355; x_wconf 92' lang='lat' dir='ltr'><strong>tunc</strong></span> <span class='ocrx_word' id='word_1_41' title='bbox 912 326 1029 354; x_wconf 76' lang='lat' dir='ltr'><strong>ostendit</strong></span> 
     </span>
    </p>
   </div>
   <div class='ocr_carea' id='block_1_6' title="bbox 239 372 1032 410">
    <p class='ocr_par' dir='ltr' id='par_1_6' title="bbox 239 372 1032 410">
     <span class='ocr_line' id='line_1_6' title="bbox 239 372 1032 410; baseline -0.009 -4"><span class='ocrx_word' id='word_1_42' title='bbox 239 387 269 406; x_wconf 82' lang='lat' dir='ltr'><strong>se</strong></span> <span class='ocrx_word' id='word_1_43' title='bbox 276 378 418 406; x_wconf 87' lang='lat' dir='ltr'><strong>admodum</strong></span> <span class='ocrx_word' id='word_1_44' title='bbox 427 378 538 405; x_wconf 89' lang='lat' dir='ltr'><strong>stultum</strong></span> <span class='ocrx_word' id='word_1_45' title='bbox 548 384 624 408; x_wconf 90' lang='lat' dir='ltr'><strong>esse;</strong></span> <span class='ocrx_word' id='word_1_46' title='bbox 634 375 740 410; x_wconf 85' lang='lat' dir='ltr'><strong>quando</strong></span> <span class='ocrx_word' id='word_1_47' title='bbox 749 382 809 409; x_wconf 84' lang='lat' dir='ltr'><strong>ego,</strong></span> <span class='ocrx_word' id='word_1_48' title='bbox 817 375 862 409; x_wconf 92' lang='lat' dir='ltr'><strong>qui</strong></span> <span class='ocrx_word' id='word_1_49' title='bbox 872 374 905 401; x_wconf 90' lang='lat' dir='ltr'><strong>ab</strong></span> <span class='ocrx_word' id='word_1_50' title='bbox 915 373 959 400; x_wconf 86' lang='lat' dir='ltr'><strong>illo</strong></span> <span class='ocrx_word' id='word_1_51' title='bbox 969 372 1032 400; x_wconf 83' lang='lat' dir='ltr'><strong>stul-</strong></span> 
     </span>
    </p>
   </div>
   <div class='ocr_carea' id='block_1_7' title="bbox 239 421 1031 456">
    <p class='ocr_par' dir='ltr' id='par_1_7' title="bbox 239 421 1031 456">
     <span class='ocr_line' id='line_1_7' title="bbox 239 421 1031 456; baseline -0.009 -4"><span class='ocrx_word' id='word_1_52' title='bbox 239 427 282 452; x_wconf 87' lang='lat' dir='ltr'><strong>tus</strong></span> <span class='ocrx_word' id='word_1_53' title='bbox 291 431 350 451; x_wconf 85' lang='lat' dir='ltr'><strong>esse</strong></span> <span class='ocrx_word' id='word_1_54' title='bbox 360 424 510 454; x_wconf 81' lang='lat' dir='ltr'><strong>existimor,</strong></span> <span class='ocrx_word' id='word_1_55' title='bbox 521 423 642 456; x_wconf 83' lang='lat' dir='ltr'><strong>sapiente</strong></span> <span class='ocrx_word' id='word_1_56' title='bbox 657 421 804 455; x_wconf 78' lang='lat' dir='ltr'><strong>sapientior</strong></span> <span class='ocrx_word' id='word_1_57' title='bbox 815 427 932 455; x_wconf 87' lang='lat' dir='ltr'><strong>appareo</strong></span> <span class='ocrx_word' id='word_1_58' title='bbox 945 427 952 447; x_wconf 91' lang='lat'>:</span> <span class='ocrx_word' id='word_1_59' title='bbox 969 426 1031 446; x_wconf 91' lang='lat' dir='ltr'><strong>cum</strong></span> 
     </span>
    </p>
   </div>
   <div class='ocr_carea' id='block_1_8' title="bbox 239 466 1033 502">
    <p class='ocr_par' dir='ltr' id='par_1_8' title="bbox 239 466 1033 502">
     <span class='ocr_line' id='line_1_8' title="bbox 239 466 1033 502; baseline -0.006 -5"><span class='ocrx_word' id='word_1_60' title='bbox 239 478 283 497; x_wconf 87' lang='lat' dir='ltr'><strong>tne</strong></span> <span class='ocrx_word' id='word_1_61' title='bbox 291 470 396 497; x_wconf 90' lang='lat' dir='ltr'><strong>vocabit</strong></span> <span class='ocrx_word' id='word_1_62' title='bbox 405 469 549 500; x_wconf 92' lang='lat' dir='ltr'><strong>inﬁrmum,</strong></span> <span class='ocrx_word' id='word_1_63' title='bbox 558 473 619 495; x_wconf 89' lang='lat' dir='ltr'><strong>tunc</strong></span> <span class='ocrx_word' id='word_1_64' title='bbox 629 468 746 502; x_wconf 87' lang='lat' dir='ltr'><strong>seipsutn</strong></span> <span class='ocrx_word' id='word_1_65' title='bbox 759 466 933 493; x_wconf 91' lang='lat' dir='ltr'><strong>inﬁrmiorem</strong></span> <span class='ocrx_word' id='word_1_66' title='bbox 946 470 1033 493; x_wconf 89' lang='lat' dir='ltr'><strong>osten-</strong></span> 
     </span>
    </p>
   </div>
   <div class='ocr_carea' id='block_1_9' title="bbox 239 514 1032 550">
    <p class='ocr_par' dir='ltr' id='par_1_9' title="bbox 239 514 1032 550">
     <span class='ocr_line' id='line_1_9' title="bbox 239 514 1032 550; baseline -0.006 -7"><span class='ocrx_word' id='word_1_67' title='bbox 239 517 293 544; x_wconf 88' lang='lat' dir='ltr'><strong>det.</strong></span> <span class='ocrx_word' id='word_1_68' title='bbox 305 517 368 549; x_wconf 63' lang='lat' dir='ltr'><strong>Quae</strong></span> <span class='ocrx_word' id='word_1_69' title='bbox 379 516 449 542; x_wconf 89' lang='lat' dir='ltr'><strong>enitn</strong></span> <span class='ocrx_word' id='word_1_70' title='bbox 460 522 506 550; x_wconf 91' lang='lat' dir='ltr'><strong>per</strong></span> <span class='ocrx_word' id='word_1_71' title='bbox 516 515 561 541; x_wconf 85' lang='lat' dir='ltr'><strong>Dei</strong></span> <span class='ocrx_word' id='word_1_72' title='bbox 576 514 691 549; x_wconf 78' lang='lat' dir='ltr'><strong>gratiam</strong></span> <span class='ocrx_word' id='word_1_73' title='bbox 703 517 775 540; x_wconf 88' lang='lat' dir='ltr'><strong>recte</strong></span> <span class='ocrx_word' id='word_1_74' title='bbox 790 520 870 547; x_wconf 83' lang='lat' dir='ltr'><strong>agere</strong></span> <span class='ocrx_word' id='word_1_75' title='bbox 888 515 1032 547; x_wconf 90' lang='lat' dir='ltr'><strong>potuerunt</strong></span> 
     </span>
    </p>
   </div>
   <div class='ocr_carea' id='block_1_10' title="bbox 239 558 1033 597">
    <p class='ocr_par' dir='ltr' id='par_1_10' title="bbox 239 558 1033 597">
     <span class='ocr_line' id='line_1_10' title="bbox 239 558 1033 597; baseline -0.006 -8"><span class='ocrx_word' id='word_1_76' title='bbox 239 562 372 597; x_wconf 86' lang='lat' dir='ltr'><strong>publicani</strong></span> <span class='ocrx_word' id='word_1_77' title='bbox 395 566 423 588; x_wconf 89' lang='lat' dir='ltr'><strong>et</strong></span> <span class='ocrx_word' id='word_1_78' title='bbox 437 561 598 596; x_wconf 80' lang='lat' dir='ltr'><strong>piscatores,</strong></span> <span class='ocrx_word' id='word_1_79' title='bbox 616 559 674 586; x_wconf 78' lang='lat' dir='ltr'><strong>hzrc</strong></span> <span class='ocrx_word' id='word_1_80' title='bbox 696 559 857 593; x_wconf 79' lang='lat' dir='ltr'><strong>philosophi,</strong></span> <span class='ocrx_word' id='word_1_81' title='bbox 873 558 989 593; x_wconf 80' lang='lat' dir='ltr'><strong>tyranni,</strong></span> <span class='ocrx_word' id='word_1_82' title='bbox 1005 562 1033 584; x_wconf 84' lang='lat' dir='ltr'><strong>et</strong></span> 
     </span>
    </p>
   </div>
   <div class='ocr_carea' id='block_1_11' title="bbox 239 605 1031 638">
    <p class='ocr_par' dir='ltr' id='par_1_11' title="bbox 239 605 1031 638">
     <span class='ocr_line' id='line_1_11' title="bbox 239 605 1031 638; baseline -0.006 -3"><span class='ocrx_word' id='word_1_83' title='bbox 239 612 268 635; x_wconf 89' lang='lat' dir='ltr'><strong>ut</strong></span> <span class='ocrx_word' id='word_1_84' title='bbox 284 609 318 635; x_wconf 86' lang='lat' dir='ltr'><strong>ita</strong></span> <span class='ocrx_word' id='word_1_85' title='bbox 333 607 433 638; x_wconf 87' lang='lat' dir='ltr'><strong>dicam,</strong></span> <span class='ocrx_word' id='word_1_86' title='bbox 459 611 529 633; x_wconf 86' lang='lat' dir='ltr'><strong>totus</strong></span> <span class='ocrx_word' id='word_1_87' title='bbox 551 605 625 633; x_wconf 85' lang='lat' dir='ltr'><strong>orbis</strong></span> <span class='ocrx_word' id='word_1_88' title='bbox 646 605 786 632; x_wconf 91' lang='lat' dir='ltr'><strong>innumera</strong></span> <span class='ocrx_word' id='word_1_89' title='bbox 807 605 1031 636; x_wconf 85' lang='lat' dir='ltr'><strong>circumcurrens,</strong></span> 
     </span>
    </p>
   </div>
   <div class='ocr_carea' id='block_1_12' title="bbox 239 651 1033 688">
    <p class='ocr_par' dir='ltr' id='par_1_12' title="bbox 239 651 1033 688">
     <span class='ocr_line' id='line_1_12' title="bbox 239 651 1033 688; baseline -0.005 -7"><span class='ocrx_word' id='word_1_90' title='bbox 239 661 274 681; x_wconf 88' lang='lat' dir='ltr'><strong>ne</strong></span> <span class='ocrx_word' id='word_1_91' title='bbox 288 654 426 688; x_wconf 68' lang='lat' dir='ltr'><strong>Imaginari</strong></span> <span class='ocrx_word' id='word_1_92' title='bbox 442 653 550 688; x_wconf 86' lang='lat' dir='ltr'><strong>quidem</strong></span> <span class='ocrx_word' id='word_1_93' title='bbox 566 652 663 686; x_wconf 91' lang='lat' dir='ltr'><strong>potuit.</strong></span> <span class='ocrx_word' id='word_1_94' title='bbox 677 651 746 685; x_wconf 84' lang='lat' dir='ltr'><strong>Quid</strong></span> <span class='ocrx_word' id='word_1_95' title='bbox 759 651 830 678; x_wconf 90' lang='lat' dir='ltr'><strong>enim</strong></span> <span class='ocrx_word' id='word_1_96' title='bbox 845 659 911 678; x_wconf 80' lang='lat' dir='ltr'><strong>crux</strong></span> <span class='ocrx_word' id='word_1_97' title='bbox 926 659 978 677; x_wconf 94' lang='lat' dir='ltr'><strong>non</strong></span> <span class='ocrx_word' id='word_1_98' title='bbox 992 651 1033 677; x_wconf 93' lang='lat' dir='ltr'><strong>in-</strong></span> 
     </span>
    </p>
   </div>
   <div class='ocr_carea' id='block_1_13' title="bbox 238 697 1032 730">
    <p class='ocr_par' dir='ltr' id='par_1_13' title="bbox 238 697 1032 730">
     <span class='ocr_line' id='line_1_13' title="bbox 238 697 1032 730; baseline -0.004 -4"><span class='ocrx_word' id='word_1_99' title='bbox 238 699 336 726; x_wconf 82' lang='lat' dir='ltr'><strong>duxit?</strong></span> <span class='ocrx_word' id='word_1_100' title='bbox 351 699 388 726; x_wconf 90' lang='lat' dir='ltr'><strong>De</strong></span> <span class='ocrx_word' id='word_1_101' title='bbox 410 698 613 725; x_wconf 78' lang='lat' dir='ltr'><strong>immortalitate</strong></span> <span class='ocrx_word' id='word_1_102' title='bbox 626 697 724 725; x_wconf 74' lang='lat' dir='ltr'><strong>animze</strong></span> <span class='ocrx_word' id='word_1_103' title='bbox 747 697 919 730; x_wconf 84' lang='lat' dir='ltr'><strong>sententiam,</strong></span> <span class='ocrx_word' id='word_1_104' title='bbox 933 697 967 723; x_wconf 93' lang='lat' dir='ltr'><strong>de</strong></span> <span class='ocrx_word' id='word_1_105' title='bbox 987 704 1032 724; x_wconf 90' lang='lat' dir='ltr'><strong>re-</strong></span> 
     </span>
    </p>
   </div>
   <div class='ocr_carea' id='block_1_14' title="bbox 239 742 1033 777">
    <p class='ocr_par' dir='ltr' id='par_1_14' title="bbox 239 742 1033 777">
     <span class='ocr_line' id='line_1_14' title="bbox 239 742 1033 777; baseline -0.003 -6"><span class='ocrx_word' id='word_1_106' title='bbox 239 744 406 771; x_wconf 85' lang='lat' dir='ltr'><strong>surrectione</strong></span> <span class='ocrx_word' id='word_1_107' title='bbox 424 750 580 777; x_wconf 81' lang='lat' dir='ltr'><strong>corporum,</strong></span> <span class='ocrx_word' id='word_1_108' title='bbox 604 743 638 770; x_wconf 86' lang='lat' dir='ltr'><strong>de</strong></span> <span class='ocrx_word' id='word_1_109' title='bbox 658 743 786 777; x_wconf 88' lang='lat' dir='ltr'><strong>despectu</strong></span> <span class='ocrx_word' id='word_1_110' title='bbox 810 742 983 777; x_wconf 75' lang='lat' dir='ltr'><strong>przesentium</strong></span> <span class='ocrx_word' id='word_1_111' title='bbox 1005 746 1033 769; x_wconf 87' lang='lat' dir='ltr'><strong>et</strong></span> 
     </span>
    </p>
   </div>
   <div class='ocr_carea' id='block_1_15' title="bbox 239 787 1033 823">
    <p class='ocr_par' dir='ltr' id='par_1_15' title="bbox 239 787 1033 823">
     <span class='ocr_line' id='line_1_15' title="bbox 239 787 1033 823; baseline -0.004 -6"><span class='ocrx_word' id='word_1_112' title='bbox 239 789 273 817; x_wconf 90' lang='lat' dir='ltr'><strong>de</strong></span> <span class='ocrx_word' id='word_1_113' title='bbox 293 789 441 817; x_wconf 87' lang='lat' dir='ltr'><strong>futurorum</strong></span> <span class='ocrx_word' id='word_1_114' title='bbox 461 789 606 816; x_wconf 85' lang='lat' dir='ltr'><strong>desiderio.</strong></span> <span class='ocrx_word' id='word_1_115' title='bbox 628 788 757 816; x_wconf 83' lang='lat' dir='ltr'><strong>Homines</strong></span> <span class='ocrx_word' id='word_1_116' title='bbox 776 788 885 823; x_wconf 77' lang='lat' dir='ltr'><strong>angelos</strong></span> <span class='ocrx_word' id='word_1_117' title='bbox 905 787 984 820; x_wconf 85' lang='lat' dir='ltr'><strong>fecit,</strong></span> <span class='ocrx_word' id='word_1_118' title='bbox 1005 791 1033 815; x_wconf 91' lang='lat' dir='ltr'><strong>et</strong></span> 
     </span>
    </p>
   </div>
   <div class='ocr_carea' id='block_1_16' title="bbox 240 834 1031 870">
    <p class='ocr_par' dir='ltr' id='par_1_16' title="bbox 240 834 1031 870">
     <span class='ocr_line' id='line_1_16' title="bbox 240 834 1031 870; baseline -0.003 -8"><span class='ocrx_word' id='word_1_119' title='bbox 240 842 336 862; x_wconf 90' lang='lat' dir='ltr'><strong>omnes</strong></span> <span class='ocrx_word' id='word_1_120' title='bbox 354 835 452 870; x_wconf 91' lang='lat' dir='ltr'><strong>ubique</strong></span> <span class='ocrx_word' id='word_1_121' title='bbox 477 834 711 869; x_wconf 77' lang='lat' dir='ltr'><strong>philosophantur,</strong></span> <span class='ocrx_word' id='word_1_122' title='bbox 732 841 892 868; x_wconf 91' lang='lat' dir='ltr'><strong>omnemque</strong></span> <span class='ocrx_word' id='word_1_123' title='bbox 907 834 1031 861; x_wconf 86' lang='lat' dir='ltr'><strong>virtutem</strong></span> 
     </span>
    </p>
   </div>
   <div class='ocr_carea' id='block_1_17' title="bbox 241 881 379 908">
    <p class='ocr_par' dir='ltr' id='par_1_17' title="bbox 241 881 379 908">
     <span class='ocr_line' id='line_1_17' title="bbox 241 881 379 908; baseline -0.007 0"><span class='ocrx_word' id='word_1_124' title='bbox 241 881 379 908; x_wconf 80' lang='lat' dir='ltr'><strong>exhibent.</strong></span> 
     </span>
    </p>
   </div>
   <div class='ocr_carea' id='block_1_18' title="bbox 275 926 1032 961">
    <p class='ocr_par' dir='ltr' id='par_1_18' title="bbox 275 926 1032 961">
     <span class='ocr_line' id='line_1_18' title="bbox 275 926 1032 961; baseline -0.004 -8"><span class='ocrx_word' id='word_1_125' title='bbox 275 926 303 953; x_wconf 76' lang='grc'><strong>4.</strong></span> <span class='ocrx_word' id='word_1_126' title='bbox 323 926 375 954; x_wconf 89' lang='lat' dir='ltr'><strong>Sed</strong></span> <span class='ocrx_word' id='word_1_127' title='bbox 397 927 476 953; x_wconf 91' lang='lat' dir='ltr'><strong>etiam</strong></span> <span class='ocrx_word' id='word_1_128' title='bbox 500 926 569 961; x_wconf 91' lang='lat' dir='ltr'><strong>apud</strong></span> <span class='ocrx_word' id='word_1_129' title='bbox 592 926 663 959; x_wconf 90' lang='lat' dir='ltr'><strong>illos,</strong></span> <span class='ocrx_word' id='word_1_130' title='bbox 681 926 794 961; x_wconf 86' lang='lat' dir='ltr'><strong>inquies,</strong></span> <span class='ocrx_word' id='word_1_131' title='bbox 818 926 893 953; x_wconf 91' lang='lat' dir='ltr'><strong>multi</strong></span> <span class='ocrx_word' id='word_1_132' title='bbox 920 931 1032 952; x_wconf 83' lang='lat' dir='ltr'><strong>mortem</strong></span> 
     </span>
    </p>
   </div>
   <div class='ocr_carea' id='block_1_19' title="bbox 240 971 1032 1007">
    <p class='ocr_par' dir='ltr' id='par_1_19' title="bbox 240 971 1032 1007">
     <span class='ocr_line' id='line_1_19' title="bbox 240 971 1032 1007; baseline -0.004 -7"><span class='ocrx_word' id='word_1_133' title='bbox 240 976 438 1006; x_wconf 85' lang='lat' dir='ltr'><strong>contempsere.</strong></span> <span class='ocrx_word' id='word_1_134' title='bbox 453 973 581 1006; x_wconf 82' lang='lat' dir='ltr'><strong>Quinam,</strong></span> <span class='ocrx_word' id='word_1_135' title='bbox 598 972 711 1007; x_wconf 66' lang='lat' dir='ltr'><strong>qnteso?</strong></span> <span class='ocrx_word' id='word_1_136' title='bbox 738 980 771 999; x_wconf 89' lang='lat' dir='ltr'><strong>an</strong></span> <span class='ocrx_word' id='word_1_137' title='bbox 794 972 838 999; x_wconf 94' lang='lat' dir='ltr'><strong>ille</strong></span> <span class='ocrx_word' id='word_1_138' title='bbox 851 971 896 1006; x_wconf 89' lang='lat' dir='ltr'><strong>qui</strong></span> <span class='ocrx_word' id='word_1_139' title='bbox 917 971 1032 998; x_wconf 84' lang='lat' dir='ltr'><strong>cicutam</strong></span> 
     </span>
    </p>
   </div>
   <div class='ocr_carea' id='block_1_20' title="bbox 241 1017 1033 1052">
    <p class='ocr_par' dir='ltr' id='par_1_20' title="bbox 241 1017 1033 1052">
     <span class='ocr_line' id='line_1_20' title="bbox 241 1017 1033 1052; baseline -0.001 -7"><span class='ocrx_word' id='word_1_140' title='bbox 241 1018 327 1046; x_wconf 83' lang='lat' dir='ltr'><strong>bibit?</strong></span> <span class='ocrx_word' id='word_1_141' title='bbox 339 1018 391 1046; x_wconf 86' lang='lat' dir='ltr'><strong>Sed</strong></span> <span class='ocrx_word' id='word_1_142' title='bbox 404 1018 427 1046; x_wconf 88' lang='lat' dir='ltr'><strong>si</strong></span> <span class='ocrx_word' id='word_1_143' title='bbox 441 1019 517 1051; x_wconf 82' lang='lat' dir='ltr'><strong>velis,</strong></span> <span class='ocrx_word' id='word_1_144' title='bbox 533 1019 689 1046; x_wconf 88' lang='lat' dir='ltr'><strong>innumeros</strong></span> <span class='ocrx_word' id='word_1_145' title='bbox 704 1018 770 1046; x_wconf 85' lang='lat' dir='ltr'><strong>tales</strong></span> <span class='ocrx_word' id='word_1_146' title='bbox 783 1025 816 1045; x_wconf 90' lang='lat' dir='ltr'><strong>ex</strong></span> <span class='ocrx_word' id='word_1_147' title='bbox 835 1017 954 1045; x_wconf 83' lang='lat' dir='ltr'><strong>Ecclesia</strong></span> <span class='ocrx_word' id='word_1_148' title='bbox 968 1024 1033 1052; x_wconf 90' lang='lat' dir='ltr'><strong>pro-</strong></span> 
     </span>
    </p>
   </div>
   <div class='ocr_carea' id='block_1_21' title="bbox 241 1063 1033 1099">
    <p class='ocr_par' dir='ltr' id='par_1_21' title="bbox 241 1063 1033 1099">
     <span class='ocr_line' id='line_1_21' title="bbox 241 1063 1033 1099; baseline -0.001 -8"><span class='ocrx_word' id='word_1_149' title='bbox 241 1063 336 1092; x_wconf 87' lang='lat' dir='ltr'><strong>feram.</strong></span> <span class='ocrx_word' id='word_1_150' title='bbox 346 1064 374 1092; x_wconf 89' lang='lat' dir='ltr'><strong>Si</strong></span> <span class='ocrx_word' id='word_1_151' title='bbox 389 1065 460 1092; x_wconf 88' lang='lat' dir='ltr'><strong>enim</strong></span> <span class='ocrx_word' id='word_1_152' title='bbox 475 1065 570 1092; x_wconf 85' lang='lat' dir='ltr'><strong>liceret</strong></span> <span class='ocrx_word' id='word_1_153' title='bbox 583 1065 726 1099; x_wconf 79' lang='lat' dir='ltr'><strong>ingruente</strong></span> <span class='ocrx_word' id='word_1_154' title='bbox 737 1065 941 1099; x_wconf 87' lang='lat' dir='ltr'><strong>persequutione</strong></span> <span class='ocrx_word' id='word_1_155' title='bbox 955 1066 1033 1098; x_wconf 81' lang='lat' dir='ltr'><strong>epota</strong></span> 
     </span>
    </p>
   </div>
   <div class='ocr_carea' id='block_1_22' title="bbox 241 1108 934 1142">
    <p class='ocr_par' dir='ltr' id='par_1_22' title="bbox 241 1108 934 1142">
     <span class='ocr_line' id='line_1_22' title="bbox 241 1108 934 1142; baseline -0.001 -6"><span class='ocrx_word' id='word_1_156' title='bbox 241 1110 328 1136; x_wconf 85' lang='lat' dir='ltr'><strong>cicuta</strong></span> <span class='ocrx_word' id='word_1_157' title='bbox 353 1109 495 1142; x_wconf 79' lang='lat' dir='ltr'><strong>excedere,</strong></span> <span class='ocrx_word' id='word_1_158' title='bbox 512 1114 605 1137; x_wconf 80' lang='lat' dir='ltr'><strong>essent</strong></span> <span class='ocrx_word' id='word_1_159' title='bbox 627 1116 721 1136; x_wconf 89' lang='lat' dir='ltr'><strong>omnes</strong></span> <span class='ocrx_word' id='word_1_160' title='bbox 735 1109 782 1136; x_wconf 91' lang='lat' dir='ltr'><strong>illo</strong></span> <span class='ocrx_word' id='word_1_161' title='bbox 796 1108 934 1136; x_wconf 88' lang='lat' dir='ltr'><strong>clariores.</strong></span> 
     </span>
    </p>
   </div>
   <div class='ocr_carea' id='block_1_23' title="bbox 277 1154 1032 1190">
    <p class='ocr_par' dir='ltr' id='par_1_23' title="bbox 277 1154 1032 1190">
     <span class='ocr_line' id='line_1_23' title="bbox 277 1154 1032 1190; baseline -0.001 -8"><span class='ocrx_word' id='word_1_162' title='bbox 277 1155 396 1182; x_wconf 76' lang='lat' dir='ltr'><strong>Socrates</strong></span> <span class='ocrx_word' id='word_1_163' title='bbox 409 1160 510 1182; x_wconf 73' lang='lat' dir='ltr'><strong>coactus</strong></span> <span class='ocrx_word' id='word_1_164' title='bbox 523 1156 632 1182; x_wconf 82' lang='lat' dir='ltr'><strong>cicutam</strong></span> <span class='ocrx_word' id='word_1_165' title='bbox 646 1155 714 1181; x_wconf 80' lang='lat' dir='ltr'><strong>bibit.</strong></span> <span class='ocrx_word' id='word_1_166' title='bbox 737 1154 882 1190; x_wconf 80' lang='lat' dir='ltr'><strong>Martyrum</strong></span> <span class='ocrx_word' id='word_1_167' title='bbox 895 1155 1032 1181; x_wconf 73' lang='lat' dir='ltr'><strong>cruciatus.</strong></span> 
     </span>
    </p>
   </div>
   <div class='ocr_carea' id='block_1_24' title="bbox 241 1200 1034 1235">
    <p class='ocr_par' dir='ltr' id='par_1_24' title="bbox 241 1200 1034 1235">
     <span class='ocr_line' id='line_1_24' title="bbox 241 1200 1034 1235; baseline 0 -8"><span class='ocrx_word' id='word_1_168' title='bbox 241 1215 277 1220; x_wconf 90' lang='lat'>—</span> <span class='ocrx_word' id='word_1_169' title='bbox 292 1201 415 1235; x_wconf 83' lang='lat' dir='ltr'><strong>Alioquin</strong></span> <span class='ocrx_word' id='word_1_170' title='bbox 438 1206 527 1228; x_wconf 89' lang='lat' dir='ltr'><strong>autem</strong></span> <span class='ocrx_word' id='word_1_171' title='bbox 550 1201 617 1228; x_wconf 88' lang='lat' dir='ltr'><strong>bibit</strong></span> <span class='ocrx_word' id='word_1_172' title='bbox 636 1200 698 1234; x_wconf 93' lang='lat' dir='ltr'><strong>ille,</strong></span> <span class='ocrx_word' id='word_1_173' title='bbox 713 1208 773 1227; x_wconf 92' lang='lat' dir='ltr'><strong>eum</strong></span> <span class='ocrx_word' id='word_1_174' title='bbox 797 1207 849 1228; x_wconf 91' lang='lat' dir='ltr'><strong>non</strong></span> <span class='ocrx_word' id='word_1_175' title='bbox 873 1201 965 1228; x_wconf 83' lang='lat' dir='ltr'><strong>liceret</strong></span> <span class='ocrx_word' id='word_1_176' title='bbox 984 1200 1034 1228; x_wconf 89' lang='lat' dir='ltr'><strong>sibi</strong></span> 
     </span>
    </p>
   </div>
   <div class='ocr_carea' id='block_1_25' title="bbox 242 1245 1035 1278">
    <p class='ocr_par' dir='ltr' id='par_1_25' title="bbox 242 1245 1035 1278">
     <span class='ocr_line' id='line_1_25' title="bbox 242 1245 1035 1278; baseline 0 -5"><span class='ocrx_word' id='word_1_177' title='bbox 242 1250 293 1273; x_wconf 79' lang='lat' dir='ltr'><strong>aut</strong></span> <span class='ocrx_word' id='word_1_178' title='bbox 312 1246 403 1273; x_wconf 80' lang='lat' dir='ltr'><strong>bibere</strong></span> <span class='ocrx_word' id='word_1_179' title='bbox 426 1250 472 1272; x_wconf 89' lang='lat' dir='ltr'><strong>aut</strong></span> <span class='ocrx_word' id='word_1_180' title='bbox 494 1253 547 1273; x_wconf 91' lang='lat' dir='ltr'><strong>non</strong></span> <span class='ocrx_word' id='word_1_181' title='bbox 572 1246 682 1278; x_wconf 85' lang='lat' dir='ltr'><strong>bibere;</strong></span> <span class='ocrx_word' id='word_1_182' title='bbox 707 1246 754 1274; x_wconf 88' lang='lat' dir='ltr'><strong>sed</strong></span> <span class='ocrx_word' id='word_1_183' title='bbox 774 1246 854 1274; x_wconf 88' lang='lat' dir='ltr'><strong>vellet</strong></span> <span class='ocrx_word' id='word_1_184' title='bbox 874 1246 958 1273; x_wconf 88' lang='lat' dir='ltr'><strong>nollet</strong></span> <span class='ocrx_word' id='word_1_185' title='bbox 977 1245 1035 1273; x_wconf 71' lang='lat' dir='ltr'><strong>haac</strong></span> 
     </span>
    </p>
   </div>
   <div class='ocr_carea' id='block_1_26' title="bbox 242 1291 1035 1326">
    <p class='ocr_par' dir='ltr' id='par_1_26' title="bbox 242 1291 1035 1326">
     <span class='ocr_line' id='line_1_26' title="bbox 242 1291 1035 1326; baseline 0.001 -9"><span class='ocrx_word' id='word_1_186' title='bbox 242 1292 361 1326; x_wconf 84' lang='lat' dir='ltr'><strong>oportuit</strong></span> <span class='ocrx_word' id='word_1_187' title='bbox 379 1291 466 1319; x_wconf 85' lang='lat' dir='ltr'><strong>facere</strong></span> <span class='ocrx_word' id='word_1_188' title='bbox 479 1300 486 1319; x_wconf 88' lang='lat'>:</span> <span class='ocrx_word' id='word_1_189' title='bbox 499 1291 570 1326; x_wconf 91' lang='lat' dir='ltr'><strong>quod</strong></span> <span class='ocrx_word' id='word_1_190' title='bbox 586 1299 638 1318; x_wconf 92' lang='lat' dir='ltr'><strong>non</strong></span> <span class='ocrx_word' id='word_1_191' title='bbox 654 1291 776 1324; x_wconf 88' lang='lat' dir='ltr'><strong>virtutis,</strong></span> <span class='ocrx_word' id='word_1_192' title='bbox 798 1291 846 1319; x_wconf 85' lang='lat' dir='ltr'><strong>scd</strong></span> <span class='ocrx_word' id='word_1_193' title='bbox 867 1291 1035 1319; x_wconf 71' lang='lat' dir='ltr'><strong>necessitatis</strong></span> 
     </span>
    </p>
   </div>
   <div class='ocr_carea' id='block_1_27' title="bbox 243 1335 1034 1372">
    <p class='ocr_par' dir='ltr' id='par_1_27' title="bbox 243 1335 1034 1372">
     <span class='ocr_line' id='line_1_27' title="bbox 243 1335 1034 1372; baseline 0 -9"><span class='ocrx_word' id='word_1_194' title='bbox 243 1340 311 1364; x_wconf 79' lang='lat' dir='ltr'><strong>erat.</strong></span> <span class='ocrx_word' id='word_1_195' title='bbox 327 1335 393 1364; x_wconf 84' lang='lat' dir='ltr'><strong>Nam</strong></span> <span class='ocrx_word' id='word_1_196' title='bbox 414 1337 532 1364; x_wconf 85' lang='lat' dir='ltr'><strong>latrones</strong></span> <span class='ocrx_word' id='word_1_197' title='bbox 551 1341 579 1364; x_wconf 91' lang='lat' dir='ltr'><strong>et</strong></span> <span class='ocrx_word' id='word_1_198' title='bbox 599 1337 755 1369; x_wconf 72' lang='lat' dir='ltr'><strong>homicidae,</strong></span> <span class='ocrx_word' id='word_1_199' title='bbox 770 1337 901 1364; x_wconf 88' lang='lat' dir='ltr'><strong>sententia</strong></span> <span class='ocrx_word' id='word_1_200' title='bbox 913 1337 1034 1372; x_wconf 87' lang='lat' dir='ltr'><strong>judicum</strong></span> 
     </span>
    </p>
   </div>
   <div class='ocr_carea' id='block_1_28' title="bbox 242 1382 1034 1418">
    <p class='ocr_par' dir='ltr' id='par_1_28' title="bbox 242 1382 1034 1418">
     <span class='ocr_line' id='line_1_28' title="bbox 242 1382 1034 1418; baseline 0.003 -10"><span class='ocrx_word' id='word_1_201' title='bbox 242 1382 378 1415; x_wconf 89' lang='lat' dir='ltr'><strong>damnati,</strong></span> <span class='ocrx_word' id='word_1_202' title='bbox 400 1382 521 1417; x_wconf 81' lang='lat' dir='ltr'><strong>graviora</strong></span> <span class='ocrx_word' id='word_1_203' title='bbox 536 1383 605 1417; x_wconf 90' lang='lat' dir='ltr'><strong>passi</strong></span> <span class='ocrx_word' id='word_1_204' title='bbox 619 1387 692 1410; x_wconf 91' lang='lat' dir='ltr'><strong>sunt.</strong></span> <span class='ocrx_word' id='word_1_205' title='bbox 706 1383 784 1418; x_wconf 82' lang='lat' dir='ltr'><strong>Apud</strong></span> <span class='ocrx_word' id='word_1_206' title='bbox 803 1391 851 1410; x_wconf 89' lang='lat' dir='ltr'><strong>nos</strong></span> <span class='ocrx_word' id='word_1_207' title='bbox 864 1387 952 1410; x_wconf 87' lang='lat' dir='ltr'><strong>autem</strong></span> <span class='ocrx_word' id='word_1_208' title='bbox 968 1391 1034 1410; x_wconf 88' lang='lat' dir='ltr'><strong>con-</strong></span> 
     </span>
    </p>
   </div>
   <div class='ocr_carea' id='block_1_29' title="bbox 243 1427 1035 1463">
    <p class='ocr_par' dir='ltr' id='par_1_29' title="bbox 243 1427 1035 1463">
     <span class='ocr_line' id='line_1_29' title="bbox 243 1427 1035 1463; baseline 0.004 -10"><span class='ocrx_word' id='word_1_209' title='bbox 243 1427 326 1454; x_wconf 86' lang='lat' dir='ltr'><strong>trario</strong></span> <span class='ocrx_word' id='word_1_210' title='bbox 343 1427 423 1454; x_wconf 85' lang='lat' dir='ltr'><strong>modo</strong></span> <span class='ocrx_word' id='word_1_211' title='bbox 441 1435 484 1454; x_wconf 86' lang='lat' dir='ltr'><strong>res</strong></span> <span class='ocrx_word' id='word_1_212' title='bbox 502 1434 532 1454; x_wconf 89' lang='lat' dir='ltr'><strong>se</strong></span> <span class='ocrx_word' id='word_1_213' title='bbox 546 1427 644 1455; x_wconf 84' lang='lat' dir='ltr'><strong>habet:</strong></span> <span class='ocrx_word' id='word_1_214' title='bbox 661 1436 714 1455; x_wconf 92' lang='lat' dir='ltr'><strong>non</strong></span> <span class='ocrx_word' id='word_1_215' title='bbox 727 1428 798 1455; x_wconf 89' lang='lat' dir='ltr'><strong>enim</strong></span> <span class='ocrx_word' id='word_1_216' title='bbox 814 1429 887 1456; x_wconf 79' lang='lat' dir='ltr'><strong>inviti</strong></span> <span class='ocrx_word' id='word_1_217' title='bbox 903 1435 1035 1463; x_wconf 88' lang='lat' dir='ltr'><strong>martyres</strong></span> 
     </span>
    </p>
   </div>
   <div class='ocr_carea' id='block_1_30' title="bbox 245 1473 1036 1508">
    <p class='ocr_par' dir='ltr' id='par_1_30' title="bbox 245 1473 1036 1508">
     <span class='ocr_line' id='line_1_30' title="bbox 245 1473 1036 1508; baseline 0.001 -8"><span class='ocrx_word' id='word_1_218' title='bbox 245 1473 316 1508; x_wconf 86' lang='lat' dir='ltr'><strong>passi</strong></span> <span class='ocrx_word' id='word_1_219' title='bbox 331 1478 409 1506; x_wconf 86' lang='lat' dir='ltr'><strong>sunt,</strong></span> <span class='ocrx_word' id='word_1_220' title='bbox 424 1473 470 1501; x_wconf 90' lang='lat' dir='ltr'><strong>sed</strong></span> <span class='ocrx_word' id='word_1_221' title='bbox 486 1477 598 1508; x_wconf 86' lang='lat' dir='ltr'><strong>sponte,</strong></span> <span class='ocrx_word' id='word_1_222' title='bbox 613 1478 711 1501; x_wconf 92' lang='lat' dir='ltr'><strong>etcum</strong></span> <span class='ocrx_word' id='word_1_223' title='bbox 729 1482 810 1508; x_wconf 86' lang='lat' dir='ltr'><strong>penes</strong></span> <span class='ocrx_word' id='word_1_224' title='bbox 823 1474 883 1501; x_wconf 85' lang='lat' dir='ltr'><strong>illos</strong></span> <span class='ocrx_word' id='word_1_225' title='bbox 898 1479 969 1502; x_wconf 87' lang='lat' dir='ltr'><strong>esset</strong></span> <span class='ocrx_word' id='word_1_226' title='bbox 981 1482 1036 1502; x_wconf 80' lang='lat' dir='ltr'><strong>non</strong></span> 
     </span>
    </p>
   </div>
   <div class='ocr_carea' id='block_1_31' title="bbox 245 1519 1036 1553">
    <p class='ocr_par' dir='ltr' id='par_1_31' title="bbox 245 1519 1036 1553">
     <span class='ocr_line' id='line_1_31' title="bbox 245 1519 1036 1553; baseline 0.001 -8"><span class='ocrx_word' id='word_1_227' title='bbox 245 1519 315 1553; x_wconf 89' lang='lat' dir='ltr'><strong>pati,</strong></span> <span class='ocrx_word' id='word_1_228' title='bbox 332 1519 473 1545; x_wconf 88' lang='lat' dir='ltr'><strong>adamante</strong></span> <span class='ocrx_word' id='word_1_229' title='bbox 486 1519 606 1553; x_wconf 90' lang='lat' dir='ltr'><strong>quolibet</strong></span> <span class='ocrx_word' id='word_1_230' title='bbox 625 1519 770 1547; x_wconf 90' lang='lat' dir='ltr'><strong>ﬁrmiorem</strong></span> <span class='ocrx_word' id='word_1_231' title='bbox 786 1519 931 1547; x_wconf 76' lang='lat' dir='ltr'><strong>exhibuere</strong></span> <span class='ocrx_word' id='word_1_232' title='bbox 951 1519 1036 1546; x_wconf 83' lang='lat' dir='ltr'><strong>virtu-</strong></span> 
     </span>
    </p>
   </div>
   <div class='ocr_carea' id='block_1_32' title="bbox 245 1564 1035 1600">
    <p class='ocr_par' dir='ltr' id='par_1_32' title="bbox 245 1564 1035 1600">
     <span class='ocr_line' id='line_1_32' title="bbox 245 1564 1035 1600; baseline 0.003 -9"><span class='ocrx_word' id='word_1_233' title='bbox 245 1569 308 1591; x_wconf 89' lang='lat' dir='ltr'><strong>tem.</strong></span> <span class='ocrx_word' id='word_1_234' title='bbox 332 1564 389 1591; x_wconf 83' lang='lat' dir='ltr'><strong>Non</strong></span> <span class='ocrx_word' id='word_1_235' title='bbox 413 1565 509 1591; x_wconf 91' lang='lat' dir='ltr'><strong>mirum</strong></span> <span class='ocrx_word' id='word_1_236' title='bbox 527 1572 592 1600; x_wconf 80' lang='lat' dir='ltr'><strong>ergo</strong></span> <span class='ocrx_word' id='word_1_237' title='bbox 612 1570 670 1598; x_wconf 86' lang='lat' dir='ltr'><strong>est,</strong></span> <span class='ocrx_word' id='word_1_238' title='bbox 691 1566 713 1593; x_wconf 90' lang='lat' dir='ltr'><strong>si</strong></span> <span class='ocrx_word' id='word_1_239' title='bbox 729 1565 774 1593; x_wconf 92' lang='lat' dir='ltr'><strong>ille</strong></span> <span class='ocrx_word' id='word_1_240' title='bbox 786 1566 900 1593; x_wconf 82' lang='lat' dir='ltr'><strong>cicutam</strong></span> <span class='ocrx_word' id='word_1_241' title='bbox 921 1566 1035 1598; x_wconf 86' lang='lat' dir='ltr'><strong>biberit,</strong></span> 
     </span>
    </p>
   </div>
   <div class='ocr_carea' id='block_1_33' title="bbox 244 1611 1034 1646">
    <p class='ocr_par' dir='ltr' id='par_1_33' title="bbox 244 1611 1034 1646">
     <span class='ocr_line' id='line_1_33' title="bbox 244 1611 1034 1646; baseline 0.001 -9"><span class='ocrx_word' id='word_1_242' title='bbox 244 1618 304 1637; x_wconf 87' lang='lat' dir='ltr'><strong>cum</strong></span> <span class='ocrx_word' id='word_1_243' title='bbox 317 1619 369 1637; x_wconf 88' lang='lat' dir='ltr'><strong>non</strong></span> <span class='ocrx_word' id='word_1_244' title='bbox 386 1616 476 1645; x_wconf 87' lang='lat' dir='ltr'><strong>posset</strong></span> <span class='ocrx_word' id='word_1_245' title='bbox 489 1619 502 1637; x_wconf 91' lang='lat' dir='ltr'><strong>a</strong></span> <span class='ocrx_word' id='word_1_246' title='bbox 517 1611 561 1638; x_wconf 87' lang='lat' dir='ltr'><strong>tali</strong></span> <span class='ocrx_word' id='word_1_247' title='bbox 573 1616 636 1646; x_wconf 90' lang='lat' dir='ltr'><strong>potu</strong></span> <span class='ocrx_word' id='word_1_248' title='bbox 649 1611 794 1644; x_wconf 84' lang='lat' dir='ltr'><strong>abstinere,</strong></span> <span class='ocrx_word' id='word_1_249' title='bbox 809 1617 836 1639; x_wconf 88' lang='lat' dir='ltr'><strong>et</strong></span> <span class='ocrx_word' id='word_1_250' title='bbox 847 1612 880 1639; x_wconf 91' lang='lat' dir='ltr'><strong>ad</strong></span> <span class='ocrx_word' id='word_1_251' title='bbox 889 1617 1034 1640; x_wconf 80' lang='lat' dir='ltr'><strong>extremam</strong></span> 
     </span>
    </p>
   </div>
   <div class='ocr_carea' id='block_1_34' title="bbox 245 1657 1036 1691">
    <p class='ocr_par' dir='ltr' id='par_1_34' title="bbox 245 1657 1036 1691">
     <span class='ocr_line' id='line_1_34' title="bbox 245 1657 1036 1691; baseline 0 -7"><span class='ocrx_word' id='word_1_252' title='bbox 245 1661 386 1691; x_wconf 83' lang='lat' dir='ltr'><strong>provectus</strong></span> <span class='ocrx_word' id='word_1_253' title='bbox 401 1661 473 1684; x_wconf 87' lang='lat' dir='ltr'><strong>esset</strong></span> <span class='ocrx_word' id='word_1_254' title='bbox 491 1661 656 1684; x_wconf 87' lang='lat' dir='ltr'><strong>senectutem</strong></span> <span class='ocrx_word' id='word_1_255' title='bbox 671 1666 678 1685; x_wconf 92' lang='lat'><strong>:</strong></span> <span class='ocrx_word' id='word_1_256' title='bbox 692 1657 798 1684; x_wconf 90' lang='lat' dir='ltr'><strong>dicebat</strong></span> <span class='ocrx_word' id='word_1_257' title='bbox 811 1658 882 1685; x_wconf 90' lang='lat' dir='ltr'><strong>enim</strong></span> <span class='ocrx_word' id='word_1_258' title='bbox 901 1666 931 1685; x_wconf 86' lang='lat' dir='ltr'><strong>se</strong></span> <span class='ocrx_word' id='word_1_259' title='bbox 951 1665 1036 1685; x_wconf 90' lang='lat' dir='ltr'><strong>annos</strong></span> 
     </span>
    </p>
   </div>
   <div class='ocr_carea' id='block_1_35' title="bbox 244 1701 1035 1737">
    <p class='ocr_par' dir='ltr' id='par_1_35' title="bbox 244 1701 1035 1737">
     <span class='ocr_line' id='line_1_35' title="bbox 244 1701 1035 1737; baseline 0.001 -8"><span class='ocrx_word' id='word_1_260' title='bbox 244 1701 409 1736; x_wconf 73' lang='lat' dir='ltr'><strong>septuaginta</strong></span> <span class='ocrx_word' id='word_1_261' title='bbox 421 1706 510 1728; x_wconf 85' lang='lat' dir='ltr'><strong>natum</strong></span> <span class='ocrx_word' id='word_1_262' title='bbox 521 1702 627 1736; x_wconf 85' lang='lat' dir='ltr'><strong>quando</strong></span> <span class='ocrx_word' id='word_1_263' title='bbox 641 1703 720 1729; x_wconf 87' lang='lat' dir='ltr'><strong>vitam</strong></span> <span class='ocrx_word' id='word_1_264' title='bbox 731 1704 902 1737; x_wconf 87' lang='lat' dir='ltr'><strong>contempsit,</strong></span> <span class='ocrx_word' id='word_1_265' title='bbox 914 1701 936 1729; x_wconf 71' lang='lat' dir='ltr'><strong>si</strong></span> <span class='ocrx_word' id='word_1_266' title='bbox 948 1707 1035 1730; x_wconf 85' lang='lat' dir='ltr'><strong>tamen</strong></span> 
     </span>
    </p>
   </div>
   <div class='ocr_carea' id='block_1_36' title="bbox 245 1749 1034 1784">
    <p class='ocr_par' dir='ltr' id='par_1_36' title="bbox 245 1749 1034 1784">
     <span class='ocr_line' id='line_1_36' title="bbox 245 1749 1034 1784; baseline 0 -8"><span class='ocrx_word' id='word_1_267' title='bbox 245 1749 296 1776; x_wconf 86' lang='lat' dir='ltr'><strong>hoc</strong></span> <span class='ocrx_word' id='word_1_268' title='bbox 317 1749 352 1777; x_wconf 92' lang='lat' dir='ltr'><strong>sit</strong></span> <span class='ocrx_word' id='word_1_269' title='bbox 366 1754 538 1777; x_wconf 87' lang='lat' dir='ltr'><strong>contemnere</strong></span> <span class='ocrx_word' id='word_1_270' title='bbox 555 1759 562 1777; x_wconf 92' lang='lat'><strong>:</strong></span> <span class='ocrx_word' id='word_1_271' title='bbox 579 1758 630 1776; x_wconf 90' lang='lat' dir='ltr'><strong>non</strong></span> <span class='ocrx_word' id='word_1_272' title='bbox 653 1749 724 1776; x_wconf 88' lang='lat' dir='ltr'><strong>enim</strong></span> <span class='ocrx_word' id='word_1_273' title='bbox 744 1757 794 1784; x_wconf 86' lang='lat' dir='ltr'><strong>ego</strong></span> <span class='ocrx_word' id='word_1_274' title='bbox 816 1749 879 1777; x_wconf 93' lang='lat' dir='ltr'><strong>illud</strong></span> <span class='ocrx_word' id='word_1_275' title='bbox 901 1749 1013 1777; x_wconf 80' lang='lat' dir='ltr'><strong>dixerint</strong></span> <span class='ocrx_word' id='word_1_276' title='bbox 1027 1770 1034 1782; x_wconf 80' lang='grc'>,</span> 
     </span>
    </p>
   </div>
   <div class='ocr_carea' id='block_1_37' title="bbox 245 1796 1035 1831">
    <p class='ocr_par' dir='ltr' id='par_1_37' title="bbox 245 1796 1035 1831">
     <span class='ocr_line' id='line_1_37' title="bbox 245 1796 1035 1831; baseline 0.001 -8"><span class='ocrx_word' id='word_1_277' title='bbox 245 1797 299 1823; x_wconf 89' lang='lat' dir='ltr'><strong>imo</strong></span> <span class='ocrx_word' id='word_1_278' title='bbox 319 1804 405 1831; x_wconf 85' lang='lat' dir='ltr'><strong>neque</strong></span> <span class='ocrx_word' id='word_1_279' title='bbox 426 1797 496 1824; x_wconf 88' lang='lat' dir='ltr'><strong>ullus</strong></span> <span class='ocrx_word' id='word_1_280' title='bbox 514 1796 593 1823; x_wconf 87' lang='lat' dir='ltr'><strong>alius.</strong></span> <span class='ocrx_word' id='word_1_281' title='bbox 606 1796 658 1823; x_wconf 89' lang='lat' dir='ltr'><strong>Sed</strong></span> <span class='ocrx_word' id='word_1_282' title='bbox 674 1796 785 1824; x_wconf 89' lang='lat' dir='ltr'><strong>ostende</strong></span> <span class='ocrx_word' id='word_1_283' title='bbox 800 1797 864 1823; x_wconf 89' lang='lat' dir='ltr'><strong>mihi</strong></span> <span class='ocrx_word' id='word_1_284' title='bbox 877 1796 994 1831; x_wconf 86' lang='lat' dir='ltr'><strong>aliquem</strong></span> <span class='ocrx_word' id='word_1_285' title='bbox 1011 1797 1035 1824; x_wconf 90' lang='lat' dir='ltr'><strong>in</strong></span> 
     </span>
    </p>
   </div>
   <div class='ocr_carea' id='block_1_38' title="bbox 245 1843 1036 1878">
    <p class='ocr_par' dir='ltr' id='par_1_38' title="bbox 245 1843 1036 1878">
     <span class='ocr_line' id='line_1_38' title="bbox 245 1843 1036 1878; baseline 0.001 -8"><span class='ocrx_word' id='word_1_286' title='bbox 245 1843 385 1870; x_wconf 87' lang='lat' dir='ltr'><strong>tormentis</strong></span> <span class='ocrx_word' id='word_1_287' title='bbox 401 1850 448 1877; x_wconf 89' lang='lat' dir='ltr'><strong>pro</strong></span> <span class='ocrx_word' id='word_1_288' title='bbox 471 1843 514 1877; x_wconf 91' lang='lat' dir='ltr'><strong>pia</strong></span> <span class='ocrx_word' id='word_1_289' title='bbox 534 1843 665 1878; x_wconf 86' lang='lat' dir='ltr'><strong>religione</strong></span> <span class='ocrx_word' id='word_1_290' title='bbox 680 1848 895 1878; x_wconf 83' lang='lat' dir='ltr'><strong>perseverantem</strong></span> <span class='ocrx_word' id='word_1_291' title='bbox 908 1863 915 1876; x_wconf 92' lang='lat'><strong>,</strong></span> <span class='ocrx_word' id='word_1_292' title='bbox 937 1848 964 1871; x_wconf 92' lang='lat' dir='ltr'><strong>ut</strong></span> <span class='ocrx_word' id='word_1_293' title='bbox 986 1850 1036 1878; x_wconf 80' lang='lat' dir='ltr'><strong>ego</strong></span> 
     </span>
    </p>
   </div>
   <div class='ocr_carea' id='block_1_39' title="bbox 245 1889 1036 1925">
    <p class='ocr_par' dir='ltr' id='par_1_39' title="bbox 245 1889 1036 1925">
     <span class='ocr_line' id='line_1_39' title="bbox 245 1889 1036 1925; baseline 0.001 -9"><span class='ocrx_word' id='word_1_294' title='bbox 245 1890 400 1917; x_wconf 87' lang='lat' dir='ltr'><strong>innumeros</strong></span> <span class='ocrx_word' id='word_1_295' title='bbox 413 1889 510 1924; x_wconf 87' lang='lat' dir='ltr'><strong>ubique</strong></span> <span class='ocrx_word' id='word_1_296' title='bbox 522 1897 570 1925; x_wconf 88' lang='lat' dir='ltr'><strong>per</strong></span> <span class='ocrx_word' id='word_1_297' title='bbox 583 1890 674 1917; x_wconf 90' lang='lat' dir='ltr'><strong>orbem</strong></span> <span class='ocrx_word' id='word_1_298' title='bbox 691 1889 835 1925; x_wconf 88' lang='lat' dir='ltr'><strong>proferam.</strong></span> <span class='ocrx_word' id='word_1_299' title='bbox 851 1890 916 1923; x_wconf 86' lang='lat' dir='ltr'><strong>Quis</strong></span> <span class='ocrx_word' id='word_1_300' title='bbox 931 1890 1036 1918; x_wconf 82' lang='lat' dir='ltr'><strong>effossis</strong></span> 
     </span>
    </p>
   </div>
   <div class='ocr_carea' id='block_1_40' title="bbox 245 1936 1037 1971">
    <p class='ocr_par' dir='ltr' id='par_1_40' title="bbox 245 1936 1037 1971">
     <span class='ocr_line' id='line_1_40' title="bbox 245 1936 1037 1971; baseline 0.001 -8"><span class='ocrx_word' id='word_1_301' title='bbox 245 1936 389 1971; x_wconf 83' lang='lat' dir='ltr'><strong>unguibus,</strong></span> <span class='ocrx_word' id='word_1_302' title='bbox 406 1936 431 1963; x_wconf 90' lang='lat' dir='ltr'><strong>id</strong></span> <span class='ocrx_word' id='word_1_303' title='bbox 447 1936 549 1964; x_wconf 91' lang='lat' dir='ltr'><strong>fortiter</strong></span> <span class='ocrx_word' id='word_1_304' title='bbox 563 1936 622 1964; x_wconf 93' lang='lat' dir='ltr'><strong>tulit</strong></span> <span class='ocrx_word' id='word_1_305' title='bbox 632 1937 644 1963; x_wconf 87' lang='lat'><strong>?</strong></span> <span class='ocrx_word' id='word_1_306' title='bbox 654 1937 713 1971; x_wconf 88' lang='lat' dir='ltr'><strong>quis</strong></span> <span class='ocrx_word' id='word_1_307' title='bbox 723 1957 731 1970; x_wconf 87' lang='lat'><strong>,</strong></span> <span class='ocrx_word' id='word_1_308' title='bbox 745 1945 805 1964; x_wconf 90' lang='lat' dir='ltr'><strong>cum</strong></span> <span class='ocrx_word' id='word_1_309' title='bbox 819 1942 978 1965; x_wconf 89' lang='lat' dir='ltr'><strong>eruereatur</strong></span> <span class='ocrx_word' id='word_1_310' title='bbox 992 1945 1037 1964; x_wconf 79' lang='lat' dir='ltr'><strong>ar-</strong></span> 
     </span>
    </p>
   </div>
   <div class='ocr_carea' id='block_1_41' title="bbox 245 1981 1037 2025">
    <p class='ocr_par' dir='ltr' id='par_1_41' title="bbox 245 1981 1037 2025">
     <span class='ocr_line' id='line_1_41' title="bbox 245 1981 1037 2025; baseline 0.001 -18"><span class='ocrx_word' id='word_1_311' title='bbox 245 1981 318 2025; x_wconf 67' lang='lat' dir='ltr'><strong>ticpli</strong></span> <span class='ocrx_word' id='word_1_312' title='bbox 331 1982 421 2016; x_wconf 77' lang='lat' dir='ltr'><strong>&#39;Iquis,</strong></span> <span class='ocrx_word' id='word_1_313' title='bbox 437 1989 498 2008; x_wconf 92' lang='lat' dir='ltr'><strong>cum</strong></span> <span class='ocrx_word' id='word_1_314' title='bbox 507 1990 605 2016; x_wconf 90' lang='lat' dir='ltr'><strong>corpus</strong></span> <span class='ocrx_word' id='word_1_315' title='bbox 618 1982 676 2016; x_wconf 88' lang='lat' dir='ltr'><strong>ejus</strong></span> <span class='ocrx_word' id='word_1_316' title='bbox 687 1982 885 2017; x_wconf 86' lang='lat' dir='ltr'><strong>discerperetur</strong></span> <span class='ocrx_word' id='word_1_317' title='bbox 892 1986 919 2010; x_wconf 87' lang='lat' dir='ltr'><strong>et</strong></span> <span class='ocrx_word' id='word_1_318' title='bbox 928 1989 1037 2017; x_wconf 85' lang='lat' dir='ltr'><strong>separa-</strong></span> 
     </span>
    </p>
   </div>
   <div class='ocr_carea' id='block_1_42' title="bbox 246 2028 1037 2063">
    <p class='ocr_par' dir='ltr' id='par_1_42' title="bbox 246 2028 1037 2063">
     <span class='ocr_line' id='line_1_42' title="bbox 246 2028 1037 2063; baseline 0.001 -9"><span class='ocrx_word' id='word_1_319' title='bbox 246 2032 289 2054; x_wconf 88' lang='lat' dir='ltr'><strong>tur</strong></span> <span class='ocrx_word' id='word_1_320' title='bbox 295 2036 310 2054; x_wconf 92' lang='lat' dir='ltr'><strong>a</strong></span> <span class='ocrx_word' id='word_1_321' title='bbox 319 2028 567 2062; x_wconf 76' lang='lat' dir='ltr'><strong>capite‘iquis,eum</strong></span> <span class='ocrx_word' id='word_1_322' title='bbox 575 2035 636 2056; x_wconf 87' lang='lat' dir='ltr'><strong>ossa</strong></span> <span class='ocrx_word' id='word_1_323' title='bbox 645 2029 741 2062; x_wconf 88' lang='lat' dir='ltr'><strong>capitis</strong></span> <span class='ocrx_word' id='word_1_324' title='bbox 747 2028 970 2059; x_wconf 76' lang='lat' dir='ltr'><strong>extraherentur?</strong></span> <span class='ocrx_word' id='word_1_325' title='bbox 978 2029 1037 2063; x_wconf 86' lang='lat' dir='ltr'><strong>quis</strong></span> 
     </span>
    </p>
   </div>
   <div class='ocr_carea' id='block_1_43' title="bbox 245 2074 1037 2109">
    <p class='ocr_par' dir='ltr' id='par_1_43' title="bbox 245 2074 1037 2109">
     <span class='ocr_line' id='line_1_43' title="bbox 245 2074 1037 2109; baseline 0 -8"><span class='ocrx_word' id='word_1_326' title='bbox 245 2075 273 2102; x_wconf 92' lang='lat' dir='ltr'><strong>in</strong></span> <span class='ocrx_word' id='word_1_327' title='bbox 287 2075 420 2109; x_wconf 71' lang='lat' dir='ltr'><strong>sartagine</strong></span> <span class='ocrx_word' id='word_1_328' title='bbox 433 2074 586 2108; x_wconf 86' lang='lat' dir='ltr'><strong>frequenter</strong></span> <span class='ocrx_word' id='word_1_329' title='bbox 596 2074 697 2108; x_wconf 87' lang='lat' dir='ltr'><strong>positus</strong></span> <span class='ocrx_word' id='word_1_330' title='bbox 707 2074 720 2100; x_wconf 68' lang='grc' dir='ltr'><em>Ἰ</em></span> <span class='ocrx_word' id='word_1_331' title='bbox 732 2075 792 2109; x_wconf 87' lang='lat' dir='ltr'><strong>quis</strong></span> <span class='ocrx_word' id='word_1_332' title='bbox 806 2075 832 2101; x_wconf 92' lang='lat' dir='ltr'><strong>in</strong></span> <span class='ocrx_word' id='word_1_333' title='bbox 844 2075 957 2102; x_wconf 83' lang='lat' dir='ltr'><strong>lebetetn</strong></span> <span class='ocrx_word' id='word_1_334' title='bbox 970 2074 1037 2108; x_wconf 88' lang='lat' dir='ltr'><strong>inje-</strong></span> 
     </span>
    </p>
   </div>
   <div class='ocr_carea' id='block_1_44' title="bbox 244 2119 1038 2155">
    <p class='ocr_par' dir='ltr' id='par_1_44' title="bbox 244 2119 1038 2155">
     <span class='ocr_line' id='line_1_44' title="bbox 244 2119 1038 2155; baseline 0.001 -8"><span class='ocrx_word' id='word_1_335' title='bbox 244 2120 320 2147; x_wconf 83' lang='lat' dir='ltr'><strong>ctus?</strong></span> <span class='ocrx_word' id='word_1_336' title='bbox 334 2120 396 2147; x_wconf 64' lang='lat' dir='ltr'><strong>Haec</strong></span> <span class='ocrx_word' id='word_1_337' title='bbox 406 2119 470 2146; x_wconf 89' lang='lat' dir='ltr'><strong>mihi</strong></span> <span class='ocrx_word' id='word_1_338' title='bbox 486 2119 607 2147; x_wconf 88' lang='lat' dir='ltr'><strong>ostende.</strong></span> <span class='ocrx_word' id='word_1_339' title='bbox 619 2120 685 2147; x_wconf 85' lang='lat' dir='ltr'><strong>Nam</strong></span> <span class='ocrx_word' id='word_1_340' title='bbox 696 2128 728 2147; x_wconf 84' lang='lat' dir='ltr'><strong>ex</strong></span> <span class='ocrx_word' id='word_1_341' title='bbox 742 2121 827 2147; x_wconf 86' lang='lat' dir='ltr'><strong>cicuta</strong></span> <span class='ocrx_word' id='word_1_342' title='bbox 843 2120 910 2147; x_wconf 92' lang='lat' dir='ltr'><strong>mori</strong></span> <span class='ocrx_word' id='word_1_343' title='bbox 928 2120 1038 2155; x_wconf 87' lang='lat' dir='ltr'><strong>perinde</strong></span> 
     </span>
    </p>
   </div>
   <div class='ocr_carea' id='block_1_45' title="bbox 245 2165 1038 2201">
    <p class='ocr_par' dir='ltr' id='par_1_45' title="bbox 245 2165 1038 2201">
     <span class='ocr_line' id='line_1_45' title="bbox 245 2165 1038 2201; baseline 0.001 -9"><span class='ocrx_word' id='word_1_344' title='bbox 245 2170 288 2193; x_wconf 85' lang='lat' dir='ltr'><strong>est</strong></span> <span class='ocrx_word' id='word_1_345' title='bbox 297 2170 380 2200; x_wconf 87' lang='lat' dir='ltr'><strong>atque</strong></span> <span class='ocrx_word' id='word_1_346' title='bbox 390 2165 567 2193; x_wconf 86' lang='lat' dir='ltr'><strong>dormientem</strong></span> <span class='ocrx_word' id='word_1_347' title='bbox 581 2173 739 2200; x_wconf 88' lang='lat' dir='ltr'><strong>permanere</strong></span> <span class='ocrx_word' id='word_1_348' title='bbox 753 2175 759 2193; x_wconf 91' lang='lat'><strong>:</strong></span> <span class='ocrx_word' id='word_1_349' title='bbox 775 2173 847 2193; x_wconf 85' lang='lat' dir='ltr'><strong>mors</strong></span> <span class='ocrx_word' id='word_1_350' title='bbox 860 2167 931 2193; x_wconf 91' lang='lat' dir='ltr'><strong>enim</strong></span> <span class='ocrx_word' id='word_1_351' title='bbox 943 2166 1038 2201; x_wconf 84' lang='lat' dir='ltr'><strong>hujus-</strong></span> 
     </span>
    </p>
   </div>
   <div class='ocr_carea' id='block_1_46' title="bbox 246 2210 1036 2247">
    <p class='ocr_par' dir='ltr' id='par_1_46' title="bbox 246 2210 1036 2247">
     <span class='ocr_line' id='line_1_46' title="bbox 246 2210 1036 2247; baseline 0.001 -9"><span class='ocrx_word' id='word_1_352' title='bbox 246 2210 318 2238; x_wconf 92' lang='lat' dir='ltr'><strong>modi</strong></span> <span class='ocrx_word' id='word_1_353' title='bbox 337 2217 432 2237; x_wconf 87' lang='lat' dir='ltr'><strong>somno</strong></span> <span class='ocrx_word' id='word_1_354' title='bbox 453 2211 561 2237; x_wconf 85' lang='lat' dir='ltr'><strong>suavior</strong></span> <span class='ocrx_word' id='word_1_355' title='bbox 575 2217 635 2238; x_wconf 80' lang='lat' dir='ltr'><strong>esse</strong></span> <span class='ocrx_word' id='word_1_356' title='bbox 648 2210 754 2238; x_wconf 90' lang='lat' dir='ltr'><strong>dicitur.</strong></span> <span class='ocrx_word' id='word_1_357' title='bbox 771 2211 847 2244; x_wconf 84' lang='lat' dir='ltr'><strong>Quod</strong></span> <span class='ocrx_word' id='word_1_358' title='bbox 860 2212 882 2239; x_wconf 90' lang='lat' dir='ltr'><strong>si</strong></span> <span class='ocrx_word' id='word_1_359' title='bbox 898 2213 942 2247; x_wconf 90' lang='lat' dir='ltr'><strong>qui</strong></span> <span class='ocrx_word' id='word_1_360' title='bbox 956 2213 1036 2239; x_wconf 81' lang='lat' dir='ltr'><strong>etiam</strong></span> 
     </span>
    </p>
   </div>
   <div class='ocr_carea' id='block_1_47' title="bbox 247 2256 1037 2293">
    <p class='ocr_par' dir='ltr' id='par_1_47' title="bbox 247 2256 1037 2293">
     <span class='ocr_line' id='line_1_47' title="bbox 247 2256 1037 2293; baseline 0.003 -10"><span class='ocrx_word' id='word_1_361' title='bbox 247 2261 377 2284; x_wconf 88' lang='lat' dir='ltr'><strong>tormenta</strong></span> <span class='ocrx_word' id='word_1_362' title='bbox 394 2256 577 2291; x_wconf 86' lang='lat' dir='ltr'><strong>pertulerunt,</strong></span> <span class='ocrx_word' id='word_1_363' title='bbox 602 2256 696 2283; x_wconf 93' lang='lat' dir='ltr'><strong>horum</strong></span> <span class='ocrx_word' id='word_1_364' title='bbox 710 2261 782 2284; x_wconf 82' lang='lat' dir='ltr'><strong>certe</strong></span> <span class='ocrx_word' id='word_1_365' title='bbox 801 2257 859 2285; x_wconf 89' lang='lat' dir='ltr'><strong>laus</strong></span> <span class='ocrx_word' id='word_1_366' title='bbox 873 2258 951 2292; x_wconf 90' lang='lat' dir='ltr'><strong>periit</strong></span> <span class='ocrx_word' id='word_1_367' title='bbox 965 2265 972 2284; x_wconf 91' lang='lat'>:</span> <span class='ocrx_word' id='word_1_368' title='bbox 989 2265 1037 2293; x_wconf 93' lang='lat' dir='ltr'><strong>pro</strong></span> 
     </span>
    </p>
   </div>
   <div class='ocr_carea' id='block_1_48' title="bbox 248 2303 1037 2338">
    <p class='ocr_par' dir='ltr' id='par_1_48' title="bbox 248 2303 1037 2338">
     <span class='ocr_line' id='line_1_48' title="bbox 248 2303 1037 2338; baseline 0 -8"><span class='ocrx_word' id='word_1_369' title='bbox 248 2304 316 2338; x_wconf 91' lang='lat' dir='ltr'><strong>turpi</strong></span> <span class='ocrx_word' id='word_1_370' title='bbox 330 2303 400 2330; x_wconf 89' lang='lat' dir='ltr'><strong>enim</strong></span> <span class='ocrx_word' id='word_1_371' title='bbox 417 2310 497 2330; x_wconf 87' lang='lat' dir='ltr'><strong>causa</strong></span> <span class='ocrx_word' id='word_1_372' title='bbox 513 2303 668 2338; x_wconf 83' lang='lat' dir='ltr'><strong>perierunt;</strong></span> <span class='ocrx_word' id='word_1_373' title='bbox 682 2303 726 2330; x_wconf 90' lang='lat' dir='ltr'><strong>alii</strong></span> <span class='ocrx_word' id='word_1_374' title='bbox 742 2307 769 2330; x_wconf 91' lang='lat' dir='ltr'><strong>ut</strong></span> <span class='ocrx_word' id='word_1_375' title='bbox 781 2304 826 2338; x_wconf 89' lang='lat' dir='ltr'><strong>qui</strong></span> <span class='ocrx_word' id='word_1_376' title='bbox 841 2309 944 2331; x_wconf 82' lang='lat' dir='ltr'><strong>secreta</strong></span> <span class='ocrx_word' id='word_1_377' title='bbox 959 2312 1037 2331; x_wconf 86' lang='lat' dir='ltr'><strong>reve-</strong></span> 
     </span>
    </p>
   </div>
   <div class='ocr_carea' id='block_1_49' title="bbox 248 2348 1036 2384">
    <p class='ocr_par' dir='ltr' id='par_1_49' title="bbox 248 2348 1036 2384">
     <span class='ocr_line' id='line_1_49' title="bbox 248 2348 1036 2384; baseline 0.001 -8"><span class='ocrx_word' id='word_1_378' title='bbox 248 2350 358 2381; x_wconf 85' lang='lat' dir='ltr'><strong>lassent,</strong></span> <span class='ocrx_word' id='word_1_379' title='bbox 380 2348 424 2376; x_wconf 89' lang='lat' dir='ltr'><strong>alii</strong></span> <span class='ocrx_word' id='word_1_380' title='bbox 449 2354 477 2376; x_wconf 87' lang='lat' dir='ltr'><strong>ut</strong></span> <span class='ocrx_word' id='word_1_381' title='bbox 497 2349 543 2384; x_wconf 89' lang='lat' dir='ltr'><strong>qui</strong></span> <span class='ocrx_word' id='word_1_382' title='bbox 566 2348 732 2384; x_wconf 88' lang='lat' dir='ltr'><strong>tyrannidem</strong></span> <span class='ocrx_word' id='word_1_383' title='bbox 748 2348 926 2383; x_wconf 80' lang='lat' dir='ltr'><strong>aﬂ‘ectassent,</strong></span> <span class='ocrx_word' id='word_1_384' title='bbox 944 2350 989 2377; x_wconf 90' lang='lat' dir='ltr'><strong>alii</strong></span> <span class='ocrx_word' id='word_1_385' title='bbox 1011 2351 1036 2377; x_wconf 88' lang='lat' dir='ltr'><strong>in</strong></span> 
     </span>
    </p>
   </div>
   <div class='ocr_carea' id='block_1_50' title="bbox 247 2395 1035 2430">
    <p class='ocr_par' dir='ltr' id='par_1_50' title="bbox 247 2395 1035 2430">
     <span class='ocr_line' id='line_1_50' title="bbox 247 2395 1035 2430; baseline 0.003 -8"><span class='ocrx_word' id='word_1_386' title='bbox 247 2396 406 2430; x_wconf 88' lang='lat' dir='ltr'><strong>turpissimis</strong></span> <span class='ocrx_word' id='word_1_387' title='bbox 420 2395 500 2423; x_wconf 90' lang='lat' dir='ltr'><strong>rebus</strong></span> <span class='ocrx_word' id='word_1_388' title='bbox 514 2395 674 2430; x_wconf 86' lang='lat' dir='ltr'><strong>deprehensi</strong></span> <span class='ocrx_word' id='word_1_389' title='bbox 689 2404 696 2422; x_wconf 90' lang='lat'>:</span> <span class='ocrx_word' id='word_1_390' title='bbox 710 2396 753 2422; x_wconf 89' lang='lat' dir='ltr'><strong>alii</strong></span> <span class='ocrx_word' id='word_1_391' title='bbox 768 2396 864 2423; x_wconf 79' lang='lat' dir='ltr'><strong>frustra</strong></span> <span class='ocrx_word' id='word_1_392' title='bbox 878 2401 905 2423; x_wconf 91' lang='lat' dir='ltr'><strong>et</strong></span> <span class='ocrx_word' id='word_1_393' title='bbox 919 2402 1035 2429; x_wconf 88' lang='lat' dir='ltr'><strong>tetnetc,</strong></span> 
     </span>
    </p>
   </div>
   <div class='ocr_carea' id='block_1_51' title="bbox 246 2441 1037 2477">
    <p class='ocr_par' dir='ltr' id='par_1_51' title="bbox 246 2441 1037 2477">
     <span class='ocr_line' id='line_1_51' title="bbox 246 2441 1037 2477; baseline 0.001 -9"><span class='ocrx_word' id='word_1_394' title='bbox 246 2441 316 2468; x_wconf 89' lang='lat' dir='ltr'><strong>nulla</strong></span> <span class='ocrx_word' id='word_1_395' title='bbox 331 2441 365 2468; x_wconf 91' lang='lat' dir='ltr'><strong>de</strong></span> <span class='ocrx_word' id='word_1_396' title='bbox 381 2448 478 2473; x_wconf 88' lang='lat' dir='ltr'><strong>causa,</strong></span> <span class='ocrx_word' id='word_1_397' title='bbox 501 2448 561 2468; x_wconf 87' lang='lat' dir='ltr'><strong>sese</strong></span> <span class='ocrx_word' id='word_1_398' title='bbox 582 2441 746 2468; x_wconf 88' lang='lat' dir='ltr'><strong>detulerunt.</strong></span> <span class='ocrx_word' id='word_1_399' title='bbox 767 2441 818 2469; x_wconf 86' lang='lat' dir='ltr'><strong>Sed</strong></span> <span class='ocrx_word' id='word_1_400' title='bbox 839 2449 891 2469; x_wconf 92' lang='lat' dir='ltr'><strong>non</strong></span> <span class='ocrx_word' id='word_1_401' title='bbox 912 2442 946 2468; x_wconf 91' lang='lat' dir='ltr'><strong>ita</strong></span> <span class='ocrx_word' id='word_1_402' title='bbox 968 2442 1037 2477; x_wconf 85' lang='lat' dir='ltr'><strong>apud</strong></span> 
     </span>
    </p>
   </div>
   <div class='ocr_carea' id='block_1_52' title="bbox 247 2487 1039 2523">
    <p class='ocr_par' dir='ltr' id='par_1_52' title="bbox 247 2487 1039 2523">
     <span class='ocr_line' id='line_1_52' title="bbox 247 2487 1039 2523; baseline 0.001 -9"><span class='ocrx_word' id='word_1_403' title='bbox 247 2495 307 2515; x_wconf 90' lang='lat' dir='ltr'><strong>nos.</strong></span> <span class='ocrx_word' id='word_1_404' title='bbox 322 2487 384 2515; x_wconf 87' lang='lat' dir='ltr'><strong>Ideo</strong></span> <span class='ocrx_word' id='word_1_405' title='bbox 405 2487 511 2514; x_wconf 92' lang='lat' dir='ltr'><strong>illorum</strong></span> <span class='ocrx_word' id='word_1_406' title='bbox 524 2487 630 2522; x_wconf 85' lang='lat' dir='ltr'><strong>quidem</strong></span> <span class='ocrx_word' id='word_1_407' title='bbox 644 2493 717 2523; x_wconf 87' lang='lat' dir='ltr'><strong>gesta</strong></span> <span class='ocrx_word' id='word_1_408' title='bbox 736 2492 873 2521; x_wconf 84' lang='lat' dir='ltr'><strong>tacentur;</strong></span> <span class='ocrx_word' id='word_1_409' title='bbox 896 2488 953 2516; x_wconf 69' lang='lat' dir='ltr'><strong>hmo</strong></span> <span class='ocrx_word' id='word_1_410' title='bbox 975 2496 1039 2516; x_wconf 90' lang='lat' dir='ltr'><strong>vero</strong></span> 
     </span>
    </p>
   </div>
   <div class='ocr_carea' id='block_1_53' title="bbox 246 2533 1038 2569">
    <p class='ocr_par' dir='ltr' id='par_1_53' title="bbox 246 2533 1038 2569">
     <span class='ocr_line' id='line_1_53' title="bbox 246 2533 1038 2569; baseline 0.003 -9"><span class='ocrx_word' id='word_1_411' title='bbox 246 2533 344 2561; x_wconf 79' lang='lat' dir='ltr'><strong>florent</strong></span> <span class='ocrx_word' id='word_1_412' title='bbox 361 2539 388 2560; x_wconf 92' lang='lat' dir='ltr'><strong>et</strong></span> <span class='ocrx_word' id='word_1_413' title='bbox 403 2534 429 2560; x_wconf 93' lang='lat' dir='ltr'><strong>in</strong></span> <span class='ocrx_word' id='word_1_414' title='bbox 449 2533 506 2561; x_wconf 88' lang='lat' dir='ltr'><strong>dies</strong></span> <span class='ocrx_word' id='word_1_415' title='bbox 524 2538 691 2561; x_wconf 86' lang='lat' dir='ltr'><strong>accrescunt.</strong></span> <span class='ocrx_word' id='word_1_416' title='bbox 715 2534 791 2567; x_wconf 87' lang='lat' dir='ltr'><strong>Quod</strong></span> <span class='ocrx_word' id='word_1_417' title='bbox 806 2535 926 2569; x_wconf 81' lang='lat' dir='ltr'><strong>cogitans</strong></span> <span class='ocrx_word' id='word_1_418' title='bbox 940 2534 1038 2562; x_wconf 80' lang='lat' dir='ltr'><strong>Paulus</strong></span> 
     </span>
    </p>
   </div>
   <div class='ocr_carea' id='block_1_54' title="bbox 247 2579 1039 2608">
    <p class='ocr_par' dir='ltr' id='par_1_54' title="bbox 247 2579 1039 2608">
     <span class='ocr_line' id='line_1_54' title="bbox 247 2579 1039 2608; baseline 0 -2"><span class='ocrx_word' id='word_1_419' title='bbox 247 2579 353 2606; x_wconf 87' lang='lat' dir='ltr'><strong>dicebat</strong></span> <span class='ocrx_word' id='word_1_420' title='bbox 369 2588 375 2605; x_wconf 92' lang='lat'><strong>:</strong></span> <span class='ocrx_word' id='word_1_421' title='bbox 392 2579 528 2606; x_wconf 86' lang='lat' dir='ltr'><strong>lnﬁrmum</strong></span> <span class='ocrx_word' id='word_1_422' title='bbox 550 2579 596 2606; x_wconf 87' lang='lat' dir='ltr'><strong>Dei</strong></span> <span class='ocrx_word' id='word_1_423' title='bbox 613 2579 708 2607; x_wconf 80' lang='lat' dir='ltr'><strong>fortius</strong></span> <span class='ocrx_word' id='word_1_424' title='bbox 724 2584 766 2607; x_wconf 89' lang='lat' dir='ltr'><strong>est</strong></span> <span class='ocrx_word' id='word_1_425' title='bbox 782 2581 905 2607; x_wconf 89' lang='lat' dir='ltr'><strong>omnibtts</strong></span> <span class='ocrx_word' id='word_1_426' title='bbox 926 2580 1039 2608; x_wconf 88' lang='lat' dir='ltr'><strong>homini-</strong></span> 
     </span>
    </p>
   </div>
   <div class='ocr_carea' id='block_1_55' title="bbox 249 2625 1038 2660">
    <p class='ocr_par' dir='ltr' id='par_1_55' title="bbox 249 2625 1038 2660">
     <span class='ocr_line' id='line_1_55' title="bbox 249 2625 1038 2660; baseline 0.001 -8"><span class='ocrx_word' id='word_1_427' title='bbox 249 2625 308 2653; x_wconf 86' lang='lat' dir='ltr'><strong>bus.</strong></span> <span class='ocrx_word' id='word_1_428' title='bbox 320 2626 394 2659; x_wconf 83' lang='lat' dir='ltr'><strong>Quod</strong></span> <span class='ocrx_word' id='word_1_429' title='bbox 408 2627 479 2654; x_wconf 87' lang='lat' dir='ltr'><strong>enim</strong></span> <span class='ocrx_word' id='word_1_430' title='bbox 489 2626 579 2654; x_wconf 82' lang='lat' dir='ltr'><strong>divina</strong></span> <span class='ocrx_word' id='word_1_431' title='bbox 593 2626 628 2653; x_wconf 87' lang='lat' dir='ltr'><strong>sit</strong></span> <span class='ocrx_word' id='word_1_432' title='bbox 641 2626 803 2660; x_wconf 68' lang='lat' dir='ltr'><strong>przedicatio,</strong></span> <span class='ocrx_word' id='word_1_433' title='bbox 815 2627 878 2653; x_wconf 89' lang='lat' dir='ltr'><strong>inde</strong></span> <span class='ocrx_word' id='word_1_434' title='bbox 889 2627 969 2653; x_wconf 89' lang='lat' dir='ltr'><strong>etiam</strong></span> <span class='ocrx_word' id='word_1_435' title='bbox 981 2634 1038 2653; x_wconf 82' lang='lat' dir='ltr'><strong>ma-</strong></span> 
     </span>
    </p>
   </div>
   <div class='ocr_carea' id='block_1_56' title="bbox 248 2673 1039 2701">
    <p class='ocr_par' dir='ltr' id='par_1_56' title="bbox 248 2673 1039 2701">
     <span class='ocr_line' id='line_1_56' title="bbox 248 2673 1039 2701; baseline 0.001 -2"><span class='ocrx_word' id='word_1_436' title='bbox 248 2673 371 2700; x_wconf 58' lang='lat' dir='ltr'><strong>nifatum</strong></span> <span class='ocrx_word' id='word_1_437' title='bbox 388 2677 438 2700; x_wconf 88' lang='lat' dir='ltr'><strong>est.</strong></span> <span class='ocrx_word' id='word_1_438' title='bbox 462 2673 599 2701; x_wconf 85' lang='lat' dir='ltr'><strong>Undenam</strong></span> <span class='ocrx_word' id='word_1_439' title='bbox 623 2673 649 2700; x_wconf 92' lang='lat' dir='ltr'><strong>in</strong></span> <span class='ocrx_word' id='word_1_440' title='bbox 671 2678 787 2700; x_wconf 89' lang='lat' dir='ltr'><strong>mentem</strong></span> <span class='ocrx_word' id='word_1_441' title='bbox 805 2674 879 2701; x_wconf 88' lang='lat' dir='ltr'><strong>venit</strong></span> <span class='ocrx_word' id='word_1_442' title='bbox 897 2673 1039 2701; x_wconf 88' lang='lat' dir='ltr'><strong>duodecim</strong></span> 
     </span>
    </p>
   </div>
   <div class='ocr_carea' id='block_1_57' title="bbox 247 2719 1040 2754">
    <p class='ocr_par' dir='ltr' id='par_1_57' title="bbox 247 2719 1040 2754">
     <span class='ocr_line' id='line_1_57' title="bbox 247 2719 1040 2754; baseline 0.001 -8"><span class='ocrx_word' id='word_1_443' title='bbox 247 2719 399 2747; x_wconf 83' lang='lat' dir='ltr'><strong>hominibus</strong></span> <span class='ocrx_word' id='word_1_444' title='bbox 409 2719 494 2754; x_wconf 88' lang='lat' dir='ltr'><strong>iisque</strong></span> <span class='ocrx_word' id='word_1_445' title='bbox 506 2719 616 2754; x_wconf 84' lang='lat' dir='ltr'><strong>ignaris,</strong></span> <span class='ocrx_word' id='word_1_446' title='bbox 628 2719 654 2746; x_wconf 93' lang='lat' dir='ltr'><strong>iu</strong></span> <span class='ocrx_word' id='word_1_447' title='bbox 668 2719 788 2752; x_wconf 88' lang='lat' dir='ltr'><strong>lacubus,</strong></span> <span class='ocrx_word' id='word_1_448' title='bbox 800 2719 887 2746; x_wconf 77' lang='lat' dir='ltr'><strong>fluviis</strong></span> <span class='ocrx_word' id='word_1_449' title='bbox 897 2723 924 2746; x_wconf 91' lang='lat' dir='ltr'><strong>ct</strong></span> <span class='ocrx_word' id='word_1_450' title='bbox 933 2719 1040 2747; x_wconf 82' lang='lat' dir='ltr'><strong>deserto</strong></span> 
     </span>
    </p>
   </div>
   <div class='ocr_carea' id='block_1_58' title="bbox 247 2765 1040 2800">
    <p class='ocr_par' dir='ltr' id='par_1_58' title="bbox 247 2765 1040 2800">
     <span class='ocr_line' id='line_1_58' title="bbox 247 2765 1040 2800; baseline 0 -8"><span class='ocrx_word' id='word_1_451' title='bbox 247 2766 432 2797; x_wconf 89' lang='lat' dir='ltr'><strong>manentibus,</strong></span> <span class='ocrx_word' id='word_1_452' title='bbox 450 2770 479 2792; x_wconf 94' lang='lat' dir='ltr'><strong>ut</strong></span> <span class='ocrx_word' id='word_1_453' title='bbox 496 2772 540 2793; x_wconf 85' lang='lat' dir='ltr'><strong>res</strong></span> <span class='ocrx_word' id='word_1_454' title='bbox 557 2769 646 2792; x_wconf 84' lang='lat' dir='ltr'><strong>tantas</strong></span> <span class='ocrx_word' id='word_1_455' title='bbox 662 2765 887 2800; x_wconf 80' lang='lat' dir='ltr'><strong>aggrederentur;</strong></span> <span class='ocrx_word' id='word_1_456' title='bbox 902 2769 930 2792; x_wconf 92' lang='lat' dir='ltr'><strong>et</strong></span> <span class='ocrx_word' id='word_1_457' title='bbox 944 2766 976 2792; x_wconf 91' lang='lat' dir='ltr'><strong>iis</strong></span> <span class='ocrx_word' id='word_1_458' title='bbox 995 2765 1040 2800; x_wconf 87' lang='lat' dir='ltr'><strong>qui</strong></span> 
     </span>
    </p>
   </div>
   <div class='ocr_carea' id='block_1_59' title="bbox 248 2811 1040 2846">
    <p class='ocr_par' dir='ltr' id='par_1_59' title="bbox 248 2811 1040 2846">
     <span class='ocr_line' id='line_1_59' title="bbox 248 2811 1040 2846; baseline -0.001 -7"><span class='ocrx_word' id='word_1_459' title='bbox 248 2819 393 2846; x_wconf 88' lang='lat' dir='ltr'><strong>numquam</strong></span> <span class='ocrx_word' id='word_1_460' title='bbox 406 2811 519 2839; x_wconf 87' lang='lat' dir='ltr'><strong>fortasse</strong></span> <span class='ocrx_word' id='word_1_461' title='bbox 533 2812 558 2838; x_wconf 91' lang='lat' dir='ltr'><strong>in</strong></span> <span class='ocrx_word' id='word_1_462' title='bbox 574 2811 666 2839; x_wconf 86' lang='lat' dir='ltr'><strong>urbem</strong></span> <span class='ocrx_word' id='word_1_463' title='bbox 679 2815 705 2838; x_wconf 88' lang='lat' dir='ltr'><strong>et</strong></span> <span class='ocrx_word' id='word_1_464' title='bbox 719 2811 745 2837; x_wconf 91' lang='lat' dir='ltr'><strong>in</strong></span> <span class='ocrx_word' id='word_1_465' title='bbox 760 2811 843 2837; x_wconf 89' lang='lat' dir='ltr'><strong>forum</strong></span> <span class='ocrx_word' id='word_1_466' title='bbox 855 2816 1000 2844; x_wconf 84' lang='lat' dir='ltr'><strong>venerant,</strong></span> <span class='ocrx_word' id='word_1_467' title='bbox 1012 2815 1040 2838; x_wconf 90' lang='lat' dir='ltr'><strong>ut</strong></span> 
     </span>
    </p>
   </div>
   <div class='ocr_carea' id='block_1_60' title="bbox 251 2855 1037 2891">
    <p class='ocr_par' dir='ltr' id='par_1_60' title="bbox 251 2855 1037 2891">
     <span class='ocr_line' id='line_1_60' title="bbox 251 2855 1037 2891; baseline -0.003 -5"><span class='ocrx_word' id='word_1_468' title='bbox 251 2863 342 2887; x_wconf 81' lang='lat' dir='ltr'><strong>contra</strong></span> <span class='ocrx_word' id='word_1_469' title='bbox 362 2864 446 2888; x_wconf 89' lang='lat' dir='ltr'><strong>totum</strong></span> <span class='ocrx_word' id='word_1_470' title='bbox 466 2858 558 2887; x_wconf 87' lang='lat' dir='ltr'><strong>orbem</strong></span> <span class='ocrx_word' id='word_1_471' title='bbox 576 2859 660 2886; x_wconf 89' lang='lat' dir='ltr'><strong>aciem</strong></span> <span class='ocrx_word' id='word_1_472' title='bbox 676 2857 860 2886; x_wconf 86' lang='lat' dir='ltr'><strong>instruerent?</strong></span> <span class='ocrx_word' id='word_1_473' title='bbox 875 2855 950 2891; x_wconf 83' lang='lat' dir='ltr'><strong>Quod</strong></span> <span class='ocrx_word' id='word_1_474' title='bbox 966 2858 1037 2886; x_wconf 88' lang='lat' dir='ltr'><strong>enim</strong></span> 
     </span>
    </p>
   </div>
   <div class='ocr_carea' id='block_1_61' title="bbox 1086 190 1874 238">
    <p class='ocr_par' dir='ltr' id='par_1_61' title="bbox 1086 190 1874 238">
     <span class='ocr_line' id='line_1_61' title="bbox 1086 190 1874 238; baseline 0.016 -21"><span class='ocrx_word' id='word_1_475' title='bbox 1086 190 1250 238; x_wconf 74' lang='lat' dir='ltr'><strong>formidolosi</strong></span> <span class='ocrx_word' id='word_1_476' title='bbox 1263 198 1354 220; x_wconf 84' lang='lat' dir='ltr'><strong>essent</strong></span> <span class='ocrx_word' id='word_1_477' title='bbox 1371 198 1398 221; x_wconf 85' lang='lat' dir='ltr'><strong>et</strong></span> <span class='ocrx_word' id='word_1_478' title='bbox 1411 194 1499 229; x_wconf 85' lang='lat' dir='ltr'><strong>pusilli</strong></span> <span class='ocrx_word' id='word_1_479' title='bbox 1514 195 1611 231; x_wconf 87' lang='lat' dir='ltr'><strong>animi,</strong></span> <span class='ocrx_word' id='word_1_480' title='bbox 1626 199 1743 227; x_wconf 88' lang='lat' dir='ltr'><strong>ostendit</strong></span> <span class='ocrx_word' id='word_1_481' title='bbox 1756 200 1816 235; x_wconf 87' lang='lat' dir='ltr'><strong>ille,</strong></span> <span class='ocrx_word' id='word_1_482' title='bbox 1830 204 1874 238; x_wconf 88' lang='lat' dir='ltr'><strong>qui</strong></span> 
     </span>
    </p>
   </div>
   <div class='ocr_carea' id='block_1_62' title="bbox 1083 234 1873 280">
    <p class='ocr_par' dir='ltr' id='par_1_62' title="bbox 1083 234 1873 280">
     <span class='ocr_line' id='line_1_62' title="bbox 1083 234 1873 280; baseline 0.018 -18"><span class='ocrx_word' id='word_1_483' title='bbox 1083 234 1117 263; x_wconf 94' lang='lat' dir='ltr'><strong>de</strong></span> <span class='ocrx_word' id='word_1_484' title='bbox 1129 236 1162 264; x_wconf 86' lang='lat' dir='ltr'><strong>iis</strong></span> <span class='ocrx_word' id='word_1_485' title='bbox 1177 237 1295 271; x_wconf 79' lang='lat' dir='ltr'><strong>scripsit,</strong></span> <span class='ocrx_word' id='word_1_486' title='bbox 1312 238 1357 272; x_wconf 94' lang='lat' dir='ltr'><strong>qui</strong></span> <span class='ocrx_word' id='word_1_487' title='bbox 1378 238 1404 266; x_wconf 92' lang='lat' dir='ltr'><strong>id</strong></span> <span class='ocrx_word' id='word_1_488' title='bbox 1423 247 1476 267; x_wconf 91' lang='lat' dir='ltr'><strong>non</strong></span> <span class='ocrx_word' id='word_1_489' title='bbox 1490 243 1633 276; x_wconf 85' lang='lat' dir='ltr'><strong>recusavit,</strong></span> <span class='ocrx_word' id='word_1_490' title='bbox 1659 251 1746 280; x_wconf 88' lang='lat' dir='ltr'><strong>neque</strong></span> <span class='ocrx_word' id='word_1_491' title='bbox 1770 234 1873 275; x_wconf 77' lang='lat' dir='ltr'><strong>illorum</strong></span> 
     </span>
    </p>
   </div>
   <div class='ocr_carea' id='block_1_63' title="bbox 1084 281 1875 322">
    <p class='ocr_par' dir='ltr' id='par_1_63' title="bbox 1084 281 1875 322">
     <span class='ocr_line' id='line_1_63' title="bbox 1084 281 1875 322; baseline 0.019 -15"><span class='ocrx_word' id='word_1_492' title='bbox 1084 281 1210 316; x_wconf 72' lang='lat' dir='ltr'><strong>obtegere</strong></span> <span class='ocrx_word' id='word_1_493' title='bbox 1230 283 1294 310; x_wconf 89' lang='lat' dir='ltr'><strong>vitia</strong></span> <span class='ocrx_word' id='word_1_494' title='bbox 1316 284 1401 312; x_wconf 91' lang='lat' dir='ltr'><strong>voluit</strong></span> <span class='ocrx_word' id='word_1_495' title='bbox 1417 294 1423 312; x_wconf 89' lang='lat'>:</span> <span class='ocrx_word' id='word_1_496' title='bbox 1437 287 1508 321; x_wconf 89' lang='lat' dir='ltr'><strong>quod</strong></span> <span class='ocrx_word' id='word_1_497' title='bbox 1531 289 1675 317; x_wconf 89' lang='lat' dir='ltr'><strong>maximum</strong></span> <span class='ocrx_word' id='word_1_498' title='bbox 1695 296 1736 318; x_wconf 88' lang='lat' dir='ltr'><strong>est</strong></span> <span class='ocrx_word' id='word_1_499' title='bbox 1757 293 1875 322; x_wconf 81' lang='lat' dir='ltr'><strong>veritatis</strong></span> 
     </span>
    </p>
   </div>
   <div class='ocr_carea' id='block_1_64' title="bbox 1084 330 1874 372">
    <p class='ocr_par' dir='ltr' id='par_1_64' title="bbox 1084 330 1874 372">
     <span class='ocr_line' id='line_1_64' title="bbox 1084 330 1874 372; baseline 0.015 -18"><span class='ocrx_word' id='word_1_500' title='bbox 1084 333 1282 362; x_wconf 81' lang='lat' dir='ltr'><strong>argumentum.</strong></span> <span class='ocrx_word' id='word_1_501' title='bbox 1308 330 1378 364; x_wconf 90' lang='lat' dir='ltr'><strong>Quid</strong></span> <span class='ocrx_word' id='word_1_502' title='bbox 1402 330 1483 367; x_wconf 78' lang='lat' dir='ltr'><strong>igitur</strong></span> <span class='ocrx_word' id='word_1_503' title='bbox 1503 333 1549 361; x_wconf 92' lang='lat' dir='ltr'><strong>ille</strong></span> <span class='ocrx_word' id='word_1_504' title='bbox 1569 333 1604 361; x_wconf 89' lang='lat' dir='ltr'><strong>de</strong></span> <span class='ocrx_word' id='word_1_505' title='bbox 1627 335 1680 363; x_wconf 89' lang='lat' dir='ltr'><strong>illis</strong></span> <span class='ocrx_word' id='word_1_506' title='bbox 1699 336 1780 364; x_wconf 70' lang='lat' dir='ltr'><strong>dicit?</strong></span> <span class='ocrx_word' id='word_1_507' title='bbox 1799 338 1874 372; x_wconf 86' lang='lat' dir='ltr'><strong>Quod</strong></span> 
     </span>
    </p>
   </div>
   <div class='ocr_carea' id='block_1_65' title="bbox 1083 373 1875 414">
    <p class='ocr_par' dir='ltr' id='par_1_65' title="bbox 1083 373 1875 414">
     <span class='ocr_line' id='line_1_65' title="bbox 1083 373 1875 414; baseline 0.018 -14"><span class='ocrx_word' id='word_1_508' title='bbox 1083 373 1191 402; x_wconf 89' lang='lat' dir='ltr'><strong>Christo</strong></span> <span class='ocrx_word' id='word_1_509' title='bbox 1206 377 1416 411; x_wconf 84' lang='lat' dir='ltr'><strong>comprehenso,</strong></span> <span class='ocrx_word' id='word_1_510' title='bbox 1431 383 1491 413; x_wconf 89' lang='lat' dir='ltr'><strong>post</strong></span> <span class='ocrx_word' id='word_1_511' title='bbox 1503 379 1642 408; x_wconf 84' lang='lat' dir='ltr'><strong>innumera</strong></span> <span class='ocrx_word' id='word_1_512' title='bbox 1659 383 1729 411; x_wconf 81' lang='lat' dir='ltr'><strong>edita</strong></span> <span class='ocrx_word' id='word_1_513' title='bbox 1748 385 1875 414; x_wconf 86' lang='lat' dir='ltr'><strong>miracula</strong></span> 
     </span>
    </p>
   </div>
   <div class='ocr_carea' id='block_1_66' title="bbox 1083 419 1874 464">
    <p class='ocr_par' dir='ltr' id='par_1_66' title="bbox 1083 419 1874 464">
     <span class='ocr_line' id='line_1_66' title="bbox 1083 419 1874 464; baseline 0.018 -18"><span class='ocrx_word' id='word_1_514' title='bbox 1083 419 1129 447; x_wconf 90' lang='lat' dir='ltr'><strong>alii</strong></span> <span class='ocrx_word' id='word_1_515' title='bbox 1140 419 1274 455; x_wconf 89' lang='lat' dir='ltr'><strong>fugerint,</strong></span> <span class='ocrx_word' id='word_1_516' title='bbox 1288 423 1332 450; x_wconf 90' lang='lat' dir='ltr'><strong>ille</strong></span> <span class='ocrx_word' id='word_1_517' title='bbox 1351 431 1417 451; x_wconf 87' lang='lat' dir='ltr'><strong>vero</strong></span> <span class='ocrx_word' id='word_1_518' title='bbox 1431 425 1544 453; x_wconf 88' lang='lat' dir='ltr'><strong>aliorum</strong></span> <span class='ocrx_word' id='word_1_519' title='bbox 1557 428 1716 463; x_wconf 68' lang='lat' dir='ltr'><strong>coryphmus</strong></span> <span class='ocrx_word' id='word_1_520' title='bbox 1729 430 1814 464; x_wconf 87' lang='lat' dir='ltr'><strong>ipsum</strong></span> <span class='ocrx_word' id='word_1_521' title='bbox 1827 440 1874 460; x_wconf 87' lang='lat' dir='ltr'><strong>ne-</strong></span> 
     </span>
    </p>
   </div>
   <div class='ocr_carea' id='block_1_67' title="bbox 1083 466 1875 504">
    <p class='ocr_par' dir='ltr' id='par_1_67' title="bbox 1083 466 1875 504">
     <span class='ocr_line' id='line_1_67' title="bbox 1083 466 1875 504; baseline 0.018 -13"><span class='ocrx_word' id='word_1_522' title='bbox 1083 466 1196 499; x_wconf 81' lang='lat' dir='ltr'><strong>gaverit.</strong></span> <span class='ocrx_word' id='word_1_523' title='bbox 1214 466 1353 494; x_wconf 86' lang='lat' dir='ltr'><strong>Undenam</strong></span> <span class='ocrx_word' id='word_1_524' title='bbox 1367 476 1431 504; x_wconf 79' lang='lat' dir='ltr'><strong>ergo</strong></span> <span class='ocrx_word' id='word_1_525' title='bbox 1446 469 1482 496; x_wconf 92' lang='lat' dir='ltr'><strong>illi</strong></span> <span class='ocrx_word' id='word_1_526' title='bbox 1496 491 1503 502; x_wconf 87' lang='lat'><strong>,</strong></span> <span class='ocrx_word' id='word_1_527' title='bbox 1517 472 1561 504; x_wconf 88' lang='lat' dir='ltr'><strong>qui</strong></span> <span class='ocrx_word' id='word_1_528' title='bbox 1576 472 1683 501; x_wconf 86' lang='lat' dir='ltr'><strong>vivente</strong></span> <span class='ocrx_word' id='word_1_529' title='bbox 1702 474 1808 504; x_wconf 86' lang='lat' dir='ltr'><strong>Christo</strong></span> <span class='ocrx_word' id='word_1_530' title='bbox 1828 476 1875 504; x_wconf 84' lang='lat' dir='ltr'><strong>Ju-</strong></span> 
     </span>
    </p>
   </div>
   <div class='ocr_carea' id='block_1_68' title="bbox 1084 510 1874 556">
    <p class='ocr_par' dir='ltr' id='par_1_68' title="bbox 1084 510 1874 556">
     <span class='ocr_line' id='line_1_68' title="bbox 1084 510 1874 556; baseline 0.016 -19"><span class='ocrx_word' id='word_1_531' title='bbox 1084 510 1204 538; x_wconf 65' lang='lat' dir='ltr'><strong>dazorum</strong></span> <span class='ocrx_word' id='word_1_532' title='bbox 1212 513 1339 547; x_wconf 89' lang='lat' dir='ltr'><strong>impetum</strong></span> <span class='ocrx_word' id='word_1_533' title='bbox 1350 522 1403 541; x_wconf 92' lang='lat' dir='ltr'><strong>non</strong></span> <span class='ocrx_word' id='word_1_534' title='bbox 1415 516 1539 550; x_wconf 86' lang='lat' dir='ltr'><strong>tulerant,</strong></span> <span class='ocrx_word' id='word_1_535' title='bbox 1549 517 1596 545; x_wconf 91' lang='lat' dir='ltr'><strong>illo</strong></span> <span class='ocrx_word' id='word_1_536' title='bbox 1605 523 1711 547; x_wconf 87' lang='lat' dir='ltr'><strong>mortuo</strong></span> <span class='ocrx_word' id='word_1_537' title='bbox 1723 525 1750 548; x_wconf 90' lang='lat' dir='ltr'><strong>et</strong></span> <span class='ocrx_word' id='word_1_538' title='bbox 1759 522 1874 556; x_wconf 89' lang='lat' dir='ltr'><strong>sepulto.</strong></span> 
     </span>
    </p>
   </div>
   <div class='ocr_carea' id='block_1_69' title="bbox 1083 561 1876 603">
    <p class='ocr_par' dir='ltr' id='par_1_69' title="bbox 1083 561 1876 603">
     <span class='ocr_line' id='line_1_69' title="bbox 1083 561 1876 603; baseline 0.015 -19"><span class='ocrx_word' id='word_1_539' title='bbox 1083 565 1144 585; x_wconf 86' lang='lat' dir='ltr'><strong>eum</strong></span> <span class='ocrx_word' id='word_1_540' title='bbox 1157 566 1209 585; x_wconf 92' lang='lat' dir='ltr'><strong>non</strong></span> <span class='ocrx_word' id='word_1_541' title='bbox 1223 561 1424 595; x_wconf 77' lang='lat' dir='ltr'><strong>resurrexisset,</strong></span> <span class='ocrx_word' id='word_1_542' title='bbox 1441 566 1469 589; x_wconf 89' lang='lat' dir='ltr'><strong>ut</strong></span> <span class='ocrx_word' id='word_1_543' title='bbox 1483 570 1530 590; x_wconf 94' lang='lat' dir='ltr'><strong>vos</strong></span> <span class='ocrx_word' id='word_1_544' title='bbox 1545 564 1644 598; x_wconf 88' lang='lat' dir='ltr'><strong>dicitis,</strong></span> <span class='ocrx_word' id='word_1_545' title='bbox 1660 573 1746 601; x_wconf 87' lang='lat' dir='ltr'><strong>neque</strong></span> <span class='ocrx_word' id='word_1_546' title='bbox 1756 567 1876 603; x_wconf 87' lang='lat' dir='ltr'><strong>alloquu-</strong></span> 
     </span>
    </p>
   </div>
   <div class='ocr_carea' id='block_1_70' title="bbox 1085 604 1875 647">
    <p class='ocr_par' dir='ltr' id='par_1_70' title="bbox 1085 604 1875 647">
     <span class='ocr_line' id='line_1_70' title="bbox 1085 604 1875 647; baseline 0.016 -17"><span class='ocrx_word' id='word_1_547' title='bbox 1085 607 1128 631; x_wconf 90' lang='lat' dir='ltr'><strong>tus</strong></span> <span class='ocrx_word' id='word_1_548' title='bbox 1149 604 1210 632; x_wconf 92' lang='lat' dir='ltr'><strong>illos</strong></span> <span class='ocrx_word' id='word_1_549' title='bbox 1233 605 1336 640; x_wconf 86' lang='lat' dir='ltr'><strong>fuisset,</strong></span> <span class='ocrx_word' id='word_1_550' title='bbox 1360 615 1449 642; x_wconf 88' lang='lat' dir='ltr'><strong>tteque</strong></span> <span class='ocrx_word' id='word_1_551' title='bbox 1469 609 1587 637; x_wconf 88' lang='lat' dir='ltr'><strong>animum</strong></span> <span class='ocrx_word' id='word_1_552' title='bbox 1610 611 1759 647; x_wconf 87' lang='lat' dir='ltr'><strong>indidisset,</strong></span> <span class='ocrx_word' id='word_1_553' title='bbox 1784 621 1875 643; x_wconf 88' lang='lat' dir='ltr'><strong>contra</strong></span> 
     </span>
    </p>
   </div>
   <div class='ocr_carea' id='block_1_71' title="bbox 1084 652 1876 696">
    <p class='ocr_par' dir='ltr' id='par_1_71' title="bbox 1084 652 1876 696">
     <span class='ocr_line' id='line_1_71' title="bbox 1084 652 1876 696; baseline 0.015 -19"><span class='ocrx_word' id='word_1_554' title='bbox 1084 654 1187 678; x_wconf 90' lang='lat' dir='ltr'><strong>tantum</strong></span> <span class='ocrx_word' id='word_1_555' title='bbox 1201 652 1293 680; x_wconf 91' lang='lat' dir='ltr'><strong>orbem</strong></span> <span class='ocrx_word' id='word_1_556' title='bbox 1307 657 1385 680; x_wconf 67' lang='lat' dir='ltr'><strong>terra!</strong></span> <span class='ocrx_word' id='word_1_557' title='bbox 1395 654 1479 682; x_wconf 85' lang='lat' dir='ltr'><strong>aciem</strong></span> <span class='ocrx_word' id='word_1_558' title='bbox 1491 656 1690 685; x_wconf 75' lang='lat' dir='ltr'><strong>instruxerunt?</strong></span> <span class='ocrx_word' id='word_1_559' title='bbox 1699 659 1794 687; x_wconf 84' lang='lat' dir='ltr'><strong>Annon</strong></span> <span class='ocrx_word' id='word_1_560' title='bbox 1806 661 1876 696; x_wconf 85' lang='lat' dir='ltr'><strong>apud</strong></span> 
     </span>
    </p>
   </div>
   <div class='ocr_carea' id='block_1_72' title="bbox 1084 697 1876 740">
    <p class='ocr_par' dir='ltr' id='par_1_72' title="bbox 1084 697 1876 740">
     <span class='ocr_line' id='line_1_72' title="bbox 1084 697 1876 740; baseline 0.016 -17"><span class='ocrx_word' id='word_1_561' title='bbox 1084 704 1113 724; x_wconf 87' lang='lat' dir='ltr'><strong>se</strong></span> <span class='ocrx_word' id='word_1_562' title='bbox 1124 697 1264 731; x_wconf 81' lang='lat' dir='ltr'><strong>dixissent,</strong></span> <span class='ocrx_word' id='word_1_563' title='bbox 1275 698 1344 732; x_wconf 86' lang='lat' dir='ltr'><strong>Quid</strong></span> <span class='ocrx_word' id='word_1_564' title='bbox 1357 699 1407 726; x_wconf 90' lang='lat' dir='ltr'><strong>hoc</strong></span> <span class='ocrx_word' id='word_1_565' title='bbox 1422 702 1484 727; x_wconf 81' lang='lat' dir='ltr'><strong>est?</strong></span> <span class='ocrx_word' id='word_1_566' title='bbox 1497 702 1615 737; x_wconf 87' lang='lat' dir='ltr'><strong>seipsum</strong></span> <span class='ocrx_word' id='word_1_567' title='bbox 1639 711 1692 731; x_wconf 90' lang='lat' dir='ltr'><strong>non</strong></span> <span class='ocrx_word' id='word_1_568' title='bbox 1715 707 1801 740; x_wconf 88' lang='lat' dir='ltr'><strong>potuit</strong></span> <span class='ocrx_word' id='word_1_569' title='bbox 1817 715 1876 736; x_wconf 89' lang='lat' dir='ltr'><strong>ser-</strong></span> 
     </span>
    </p>
   </div>
   <div class='ocr_carea' id='block_1_73' title="bbox 1085 746 1877 785">
    <p class='ocr_par' dir='ltr' id='par_1_73' title="bbox 1085 746 1877 785">
     <span class='ocr_line' id='line_1_73' title="bbox 1085 746 1877 785; baseline 0.018 -17"><span class='ocrx_word' id='word_1_570' title='bbox 1085 749 1148 770; x_wconf 85' lang='lat' dir='ltr'><strong>vare</strong></span> <span class='ocrx_word' id='word_1_571' title='bbox 1160 763 1167 776; x_wconf 93' lang='lat'><strong>,</strong></span> <span class='ocrx_word' id='word_1_572' title='bbox 1184 748 1211 770; x_wconf 92' lang='lat' dir='ltr'><strong>et</strong></span> <span class='ocrx_word' id='word_1_573' title='bbox 1224 751 1273 771; x_wconf 90' lang='lat' dir='ltr'><strong>nos</strong></span> <span class='ocrx_word' id='word_1_574' title='bbox 1289 746 1429 780; x_wconf 80' lang='lat' dir='ltr'><strong>proteget?</strong></span> <span class='ocrx_word' id='word_1_575' title='bbox 1442 747 1493 774; x_wconf 87' lang='lat' dir='ltr'><strong>sibi</strong></span> <span class='ocrx_word' id='word_1_576' title='bbox 1506 756 1584 782; x_wconf 87' lang='lat' dir='ltr'><strong>opem</strong></span> <span class='ocrx_word' id='word_1_577' title='bbox 1602 757 1654 777; x_wconf 86' lang='lat' dir='ltr'><strong>non</strong></span> <span class='ocrx_word' id='word_1_578' title='bbox 1667 751 1727 778; x_wconf 84' lang='lat' dir='ltr'><strong>tulit</strong></span> <span class='ocrx_word' id='word_1_579' title='bbox 1737 753 1813 780; x_wconf 82' lang='lat' dir='ltr'><strong>vivus</strong></span> <span class='ocrx_word' id='word_1_580' title='bbox 1828 775 1835 785; x_wconf 85' lang='lat'><em>.</em></span> <span class='ocrx_word' id='word_1_581' title='bbox 1849 759 1877 783; x_wconf 80' lang='lat' dir='ltr'><strong>et</strong></span> 
     </span>
    </p>
   </div>
   <div class='ocr_carea' id='block_1_74' title="bbox 1085 787 1877 829">
    <p class='ocr_par' dir='ltr' id='par_1_74' title="bbox 1085 787 1877 829">
     <span class='ocr_line' id='line_1_74' title="bbox 1085 787 1877 829; baseline 0.013 -15"><span class='ocrx_word' id='word_1_582' title='bbox 1085 787 1161 815; x_wconf 91' lang='lat' dir='ltr'><strong>nobis</strong></span> <span class='ocrx_word' id='word_1_583' title='bbox 1177 797 1284 816; x_wconf 90' lang='lat' dir='ltr'><strong>manum</strong></span> <span class='ocrx_word' id='word_1_584' title='bbox 1298 791 1390 819; x_wconf 88' lang='lat' dir='ltr'><strong>tendet</strong></span> <span class='ocrx_word' id='word_1_585' title='bbox 1402 794 1546 820; x_wconf 85' lang='lat' dir='ltr'><strong>mortuus?</strong></span> <span class='ocrx_word' id='word_1_586' title='bbox 1560 795 1616 829; x_wconf 89' lang='lat' dir='ltr'><strong>ipse</strong></span> <span class='ocrx_word' id='word_1_587' title='bbox 1624 795 1877 824; x_wconf 86' lang='lat' dir='ltr'><strong>vivttsnullamsub-</strong></span> 
     </span>
    </p>
   </div>
   <div class='ocr_carea' id='block_1_75' title="bbox 1082 835 1874 879">
    <p class='ocr_par' dir='ltr' id='par_1_75' title="bbox 1082 835 1874 879">
     <span class='ocr_line' id='line_1_75' title="bbox 1082 835 1874 879; baseline 0.015 -18"><span class='ocrx_word' id='word_1_588' title='bbox 1082 835 1139 869; x_wconf 87' lang='lat' dir='ltr'><strong>egit</strong></span> <span class='ocrx_word' id='word_1_589' title='bbox 1166 839 1283 869; x_wconf 80' lang='lat' dir='ltr'><strong>gentem,</strong></span> <span class='ocrx_word' id='word_1_590' title='bbox 1299 841 1327 864; x_wconf 90' lang='lat' dir='ltr'><strong>et</strong></span> <span class='ocrx_word' id='word_1_591' title='bbox 1340 845 1388 865; x_wconf 90' lang='lat' dir='ltr'><strong>nos</strong></span> <span class='ocrx_word' id='word_1_592' title='bbox 1402 838 1449 865; x_wconf 90' lang='lat' dir='ltr'><strong>toti</strong></span> <span class='ocrx_word' id='word_1_593' title='bbox 1465 839 1534 873; x_wconf 84' lang='lat' dir='ltr'><strong>orbi,</strong></span> <span class='ocrx_word' id='word_1_594' title='bbox 1551 840 1633 875; x_wconf 85' lang='lat' dir='ltr'><strong>ipsius</strong></span> <span class='ocrx_word' id='word_1_595' title='bbox 1646 843 1747 876; x_wconf 87' lang='lat' dir='ltr'><strong>prolato</strong></span> <span class='ocrx_word' id='word_1_596' title='bbox 1756 845 1874 879; x_wconf 85' lang='lat' dir='ltr'><strong>nomine,</strong></span> 
     </span>
    </p>
   </div>
   <div class='ocr_carea' id='block_1_76' title="bbox 1084 880 1874 918">
    <p class='ocr_par' dir='ltr' id='par_1_76' title="bbox 1084 880 1874 918">
     <span class='ocr_line' id='line_1_76' title="bbox 1084 880 1874 918; baseline 0.016 -13"><span class='ocrx_word' id='word_1_597' title='bbox 1084 880 1327 913; x_wconf 81' lang='lat' dir='ltr'><strong>persuadebimus?</strong></span> <span class='ocrx_word' id='word_1_598' title='bbox 1350 887 1377 909; x_wconf 91' lang='lat' dir='ltr'><strong>et</strong></span> <span class='ocrx_word' id='word_1_599' title='bbox 1397 885 1531 918; x_wconf 90' lang='lat' dir='ltr'><strong>quomodo</strong></span> <span class='ocrx_word' id='word_1_600' title='bbox 1555 893 1607 912; x_wconf 88' lang='lat' dir='ltr'><strong>non</strong></span> <span class='ocrx_word' id='word_1_601' title='bbox 1630 892 1722 915; x_wconf 76' lang='lat' dir='ltr'><strong>contra</strong></span> <span class='ocrx_word' id='word_1_602' title='bbox 1744 891 1874 918; x_wconf 89' lang='lat' dir='ltr'><strong>rationem</strong></span> 
     </span>
    </p>
   </div>
   <div class='ocr_carea' id='block_1_77' title="bbox 1085 923 1876 969">
    <p class='ocr_par' dir='ltr' id='par_1_77' title="bbox 1085 923 1876 969">
     <span class='ocr_line' id='line_1_77' title="bbox 1085 923 1876 969; baseline 0.016 -19"><span class='ocrx_word' id='word_1_603' title='bbox 1085 923 1174 958; x_wconf 87' lang='lat' dir='ltr'><strong>fuerit,</strong></span> <span class='ocrx_word' id='word_1_604' title='bbox 1199 925 1255 953; x_wconf 61' lang='lat' dir='ltr'><strong>haec</strong></span> <span class='ocrx_word' id='word_1_605' title='bbox 1275 934 1328 954; x_wconf 92' lang='lat' dir='ltr'><strong>non</strong></span> <span class='ocrx_word' id='word_1_606' title='bbox 1350 928 1437 956; x_wconf 89' lang='lat' dir='ltr'><strong>solum</strong></span> <span class='ocrx_word' id='word_1_607' title='bbox 1461 929 1558 963; x_wconf 88' lang='lat' dir='ltr'><strong>facere,</strong></span> <span class='ocrx_word' id='word_1_608' title='bbox 1581 931 1627 958; x_wconf 88' lang='lat' dir='ltr'><strong>sed</strong></span> <span class='ocrx_word' id='word_1_609' title='bbox 1644 933 1724 960; x_wconf 90' lang='lat' dir='ltr'><strong>etiam</strong></span> <span class='ocrx_word' id='word_1_610' title='bbox 1738 935 1876 969; x_wconf 78' lang='lat' dir='ltr'><strong>cogitare?</strong></span> 
     </span>
    </p>
   </div>
   <div class='ocr_carea' id='block_1_78' title="bbox 1084 971 1876 1008">
    <p class='ocr_par' dir='ltr' id='par_1_78' title="bbox 1084 971 1876 1008">
     <span class='ocr_line' id='line_1_78' title="bbox 1084 971 1876 1008; baseline 0.015 -12"><span class='ocrx_word' id='word_1_611' title='bbox 1084 971 1262 1003; x_wconf 89' lang='lat' dir='ltr'><strong>Quantobrem</strong></span> <span class='ocrx_word' id='word_1_612' title='bbox 1276 973 1362 1006; x_wconf 90' lang='lat' dir='ltr'><strong>palam</strong></span> <span class='ocrx_word' id='word_1_613' title='bbox 1377 978 1432 1006; x_wconf 87' lang='lat' dir='ltr'><strong>est,</strong></span> <span class='ocrx_word' id='word_1_614' title='bbox 1447 974 1469 1002; x_wconf 82' lang='lat' dir='ltr'><strong>si</strong></span> <span class='ocrx_word' id='word_1_615' title='bbox 1483 982 1535 1002; x_wconf 90' lang='lat' dir='ltr'><strong>non</strong></span> <span class='ocrx_word' id='word_1_616' title='bbox 1552 976 1681 1004; x_wconf 76' lang='lat' dir='ltr'><strong>vidissent</strong></span> <span class='ocrx_word' id='word_1_617' title='bbox 1695 979 1768 1006; x_wconf 73' lang='lat' dir='ltr'><strong>illum</strong></span> <span class='ocrx_word' id='word_1_618' title='bbox 1785 987 1876 1008; x_wconf 86' lang='lat' dir='ltr'><strong>resur-</strong></span> 
     </span>
    </p>
   </div>
   <div class='ocr_carea' id='block_1_79' title="bbox 1085 1016 1878 1061">
    <p class='ocr_par' dir='ltr' id='par_1_79' title="bbox 1085 1016 1878 1061">
     <span class='ocr_line' id='line_1_79' title="bbox 1085 1016 1878 1061; baseline 0.013 -18"><span class='ocrx_word' id='word_1_619' title='bbox 1085 1016 1189 1045; x_wconf 86' lang='lat' dir='ltr'><strong>rexisse</strong></span> <span class='ocrx_word' id='word_1_620' title='bbox 1200 1038 1208 1051; x_wconf 90' lang='lat'><strong>,</strong></span> <span class='ocrx_word' id='word_1_621' title='bbox 1224 1026 1404 1054; x_wconf 84' lang='lat' dir='ltr'><strong>magnumque</strong></span> <span class='ocrx_word' id='word_1_622' title='bbox 1417 1021 1541 1054; x_wconf 64' lang='lat' dir='ltr'><strong>potentia;</strong></span> <span class='ocrx_word' id='word_1_623' title='bbox 1555 1022 1612 1056; x_wconf 88' lang='lat' dir='ltr'><strong>ejus</strong></span> <span class='ocrx_word' id='word_1_624' title='bbox 1632 1023 1786 1052; x_wconf 86' lang='lat' dir='ltr'><strong>habuissent</strong></span> <span class='ocrx_word' id='word_1_625' title='bbox 1799 1033 1878 1061; x_wconf 82' lang='lat' dir='ltr'><strong>argu-</strong></span> 
     </span>
    </p>
   </div>
   <div class='ocr_carea' id='block_1_80' title="bbox 1085 1065 1876 1099">
    <p class='ocr_par' dir='ltr' id='par_1_80' title="bbox 1085 1065 1876 1099">
     <span class='ocr_line' id='line_1_80' title="bbox 1085 1065 1876 1099; baseline 0.011 -11"><span class='ocrx_word' id='word_1_626' title='bbox 1085 1066 1205 1090; x_wconf 81' lang='lat' dir='ltr'><strong>mentum</strong></span> <span class='ocrx_word' id='word_1_627' title='bbox 1216 1083 1223 1094; x_wconf 85' lang='lat'><strong>.</strong></span> <span class='ocrx_word' id='word_1_628' title='bbox 1237 1071 1290 1090; x_wconf 95' lang='lat' dir='ltr'><strong>non</strong></span> <span class='ocrx_word' id='word_1_629' title='bbox 1304 1067 1403 1091; x_wconf 86' lang='lat' dir='ltr'><strong>tantam</strong></span> <span class='ocrx_word' id='word_1_630' title='bbox 1421 1065 1541 1099; x_wconf 87' lang='lat' dir='ltr'><strong>jacturos</strong></span> <span class='ocrx_word' id='word_1_631' title='bbox 1557 1066 1639 1094; x_wconf 90' lang='lat' dir='ltr'><strong>fuisse</strong></span> <span class='ocrx_word' id='word_1_632' title='bbox 1653 1068 1749 1095; x_wconf 87' lang='lat' dir='ltr'><strong>aleam.</strong></span> <span class='ocrx_word' id='word_1_633' title='bbox 1765 1069 1876 1098; x_wconf 84' lang='lat' dir='ltr'><strong>Etiamsi</strong></span> 
     </span>
    </p>
   </div>
   <div class='ocr_carea' id='block_1_81' title="bbox 1084 1106 1875 1144">
    <p class='ocr_par' dir='ltr' id='par_1_81' title="bbox 1084 1106 1875 1144">
     <span class='ocr_line' id='line_1_81' title="bbox 1084 1106 1875 1144; baseline 0.011 -11"><span class='ocrx_word' id='word_1_634' title='bbox 1084 1106 1156 1133; x_wconf 89' lang='lat' dir='ltr'><strong>enim</strong></span> <span class='ocrx_word' id='word_1_635' title='bbox 1172 1108 1273 1135; x_wconf 87' lang='lat' dir='ltr'><strong>amicos</strong></span> <span class='ocrx_word' id='word_1_636' title='bbox 1287 1107 1440 1137; x_wconf 86' lang='lat' dir='ltr'><strong>habuissent</strong></span> <span class='ocrx_word' id='word_1_637' title='bbox 1455 1109 1670 1144; x_wconf 78' lang='lat' dir='ltr'><strong>innumerabiles.</strong></span> <span class='ocrx_word' id='word_1_638' title='bbox 1685 1120 1773 1141; x_wconf 88' lang='lat' dir='ltr'><strong>annon</strong></span> <span class='ocrx_word' id='word_1_639' title='bbox 1787 1115 1875 1142; x_wconf 86' lang='lat' dir='ltr'><strong>statim</strong></span> 
     </span>
    </p>
   </div>
   <div class='ocr_carea' id='block_1_82' title="bbox 1085 1152 1878 1194">
    <p class='ocr_par' dir='ltr' id='par_1_82' title="bbox 1085 1152 1878 1194">
     <span class='ocr_line' id='line_1_82' title="bbox 1085 1152 1878 1194; baseline 0.01 -15"><span class='ocrx_word' id='word_1_640' title='bbox 1085 1152 1204 1180; x_wconf 91' lang='lat' dir='ltr'><strong>omnium</strong></span> <span class='ocrx_word' id='word_1_641' title='bbox 1218 1153 1268 1180; x_wconf 91' lang='lat' dir='ltr'><strong>sibi</strong></span> <span class='ocrx_word' id='word_1_642' title='bbox 1286 1154 1449 1182; x_wconf 87' lang='lat' dir='ltr'><strong>inimicitiam</strong></span> <span class='ocrx_word' id='word_1_643' title='bbox 1465 1157 1638 1184; x_wconf 83' lang='lat' dir='ltr'><strong>attraxisscnt</strong></span> <span class='ocrx_word' id='word_1_644' title='bbox 1650 1178 1658 1191; x_wconf 87' lang='lat'><strong>,</strong></span> <span class='ocrx_word' id='word_1_645' title='bbox 1678 1158 1740 1185; x_wconf 91' lang='lat' dir='ltr'><strong>dum</strong></span> <span class='ocrx_word' id='word_1_646' title='bbox 1756 1160 1878 1194; x_wconf 86' lang='lat' dir='ltr'><strong>antiquos</strong></span> 
     </span>
    </p>
   </div>
   <div class='ocr_carea' id='block_1_83' title="bbox 1086 1201 1878 1235">
    <p class='ocr_par' dir='ltr' id='par_1_83' title="bbox 1086 1201 1878 1235">
     <span class='ocr_line' id='line_1_83' title="bbox 1086 1201 1878 1235; baseline 0.011 -11"><span class='ocrx_word' id='word_1_647' title='bbox 1086 1205 1175 1226; x_wconf 90' lang='lat' dir='ltr'><strong>mores</strong></span> <span class='ocrx_word' id='word_1_648' title='bbox 1189 1203 1365 1232; x_wconf 86' lang='lat' dir='ltr'><strong>amoverent,</strong></span> <span class='ocrx_word' id='word_1_649' title='bbox 1380 1204 1407 1228; x_wconf 91' lang='lat' dir='ltr'><strong>et</strong></span> <span class='ocrx_word' id='word_1_650' title='bbox 1420 1201 1520 1235; x_wconf 88' lang='lat' dir='ltr'><strong>patrios</strong></span> <span class='ocrx_word' id='word_1_651' title='bbox 1534 1203 1661 1230; x_wconf 86' lang='lat' dir='ltr'><strong>terminos</strong></span> <span class='ocrx_word' id='word_1_652' title='bbox 1682 1204 1878 1232; x_wconf 76' lang='lat' dir='ltr'><strong>transferrent?</strong></span> 
     </span>
    </p>
   </div>
   <div class='ocr_carea' id='block_1_84' title="bbox 1086 1247 1879 1285">
    <p class='ocr_par' dir='ltr' id='par_1_84' title="bbox 1086 1247 1879 1285">
     <span class='ocr_line' id='line_1_84' title="bbox 1086 1247 1879 1285; baseline 0.011 -14"><span class='ocrx_word' id='word_1_653' title='bbox 1086 1251 1156 1272; x_wconf 89' lang='lat' dir='ltr'><strong>nunc</strong></span> <span class='ocrx_word' id='word_1_654' title='bbox 1166 1249 1256 1272; x_wconf 89' lang='lat' dir='ltr'><strong>autem</strong></span> <span class='ocrx_word' id='word_1_655' title='bbox 1266 1253 1361 1274; x_wconf 91' lang='lat' dir='ltr'><strong>omnes</strong></span> <span class='ocrx_word' id='word_1_656' title='bbox 1377 1247 1494 1276; x_wconf 85' lang='lat' dir='ltr'><strong>habuere</strong></span> <span class='ocrx_word' id='word_1_657' title='bbox 1506 1248 1555 1275; x_wconf 83' lang='lat' dir='ltr'><strong>sibi</strong></span> <span class='ocrx_word' id='word_1_658' title='bbox 1569 1249 1660 1276; x_wconf 88' lang='lat' dir='ltr'><strong>hostes</strong></span> <span class='ocrx_word' id='word_1_659' title='bbox 1676 1254 1704 1277; x_wconf 90' lang='lat' dir='ltr'><strong>et</strong></span> <span class='ocrx_word' id='word_1_660' title='bbox 1718 1252 1840 1285; x_wconf 88' lang='lat' dir='ltr'><strong>proprios</strong></span> <span class='ocrx_word' id='word_1_661' title='bbox 1850 1258 1879 1280; x_wconf 85' lang='lat' dir='ltr'><strong>et</strong></span> 
     </span>
    </p>
   </div>
   <div class='ocr_carea' id='block_1_85' title="bbox 1086 1290 1879 1328">
    <p class='ocr_par' dir='ltr' id='par_1_85' title="bbox 1086 1290 1879 1328">
     <span class='ocr_line' id='line_1_85' title="bbox 1086 1290 1879 1328; baseline 0.01 -11"><span class='ocrx_word' id='word_1_662' title='bbox 1086 1290 1198 1318; x_wconf 90' lang='lat' dir='ltr'><strong>alienos.</strong></span> <span class='ocrx_word' id='word_1_663' title='bbox 1212 1291 1323 1318; x_wconf 79' lang='lat' dir='ltr'><strong>Etiamsi</strong></span> <span class='ocrx_word' id='word_1_664' title='bbox 1336 1292 1407 1319; x_wconf 90' lang='lat' dir='ltr'><strong>enim</strong></span> <span class='ocrx_word' id='word_1_665' title='bbox 1421 1297 1531 1328; x_wconf 90' lang='lat' dir='ltr'><strong>propter</strong></span> <span class='ocrx_word' id='word_1_666' title='bbox 1544 1298 1653 1321; x_wconf 82' lang='lat' dir='ltr'><strong>externa</strong></span> <span class='ocrx_word' id='word_1_667' title='bbox 1666 1297 1755 1323; x_wconf 90' lang='lat' dir='ltr'><strong>omnia</strong></span> <span class='ocrx_word' id='word_1_668' title='bbox 1768 1304 1879 1324; x_wconf 83' lang='lat' dir='ltr'><strong>venera-</strong></span> 
     </span>
    </p>
   </div>
   <div class='ocr_carea' id='block_1_86' title="bbox 1086 1337 1876 1377">
    <p class='ocr_par' dir='ltr' id='par_1_86' title="bbox 1086 1337 1876 1377">
     <span class='ocr_line' id='line_1_86' title="bbox 1086 1337 1876 1377; baseline 0.008 -13"><span class='ocrx_word' id='word_1_669' title='bbox 1086 1337 1153 1365; x_wconf 87' lang='lat' dir='ltr'><strong>biles</strong></span> <span class='ocrx_word' id='word_1_670' title='bbox 1167 1337 1289 1371; x_wconf 88' lang='lat' dir='ltr'><strong>fuissent,</strong></span> <span class='ocrx_word' id='word_1_671' title='bbox 1300 1346 1390 1366; x_wconf 90' lang='lat' dir='ltr'><strong>annon</strong></span> <span class='ocrx_word' id='word_1_672' title='bbox 1405 1346 1501 1366; x_wconf 92' lang='lat' dir='ltr'><strong>omnes</strong></span> <span class='ocrx_word' id='word_1_673' title='bbox 1514 1340 1587 1374; x_wconf 90' lang='lat' dir='ltr'><strong>ipsos</strong></span> <span class='ocrx_word' id='word_1_674' title='bbox 1599 1343 1730 1369; x_wconf 83' lang='lat' dir='ltr'><strong>exsecrati</strong></span> <span class='ocrx_word' id='word_1_675' title='bbox 1744 1342 1876 1377; x_wconf 85' lang='lat' dir='ltr'><strong>fuissent,</strong></span> 
     </span>
    </p>
   </div>
   <div class='ocr_carea' id='block_1_87' title="bbox 1085 1383 1878 1418">
    <p class='ocr_par' dir='ltr' id='par_1_87' title="bbox 1085 1383 1878 1418">
     <span class='ocr_line' id='line_1_87' title="bbox 1085 1383 1878 1418; baseline 0.01 -9"><span class='ocrx_word' id='word_1_676' title='bbox 1085 1383 1156 1418; x_wconf 89' lang='lat' dir='ltr'><strong>quod</strong></span> <span class='ocrx_word' id='word_1_677' title='bbox 1169 1391 1267 1410; x_wconf 91' lang='lat' dir='ltr'><strong>novum</strong></span> <span class='ocrx_word' id='word_1_678' title='bbox 1282 1384 1343 1412; x_wconf 75' lang='lat' dir='ltr'><strong>vitae</strong></span> <span class='ocrx_word' id='word_1_679' title='bbox 1358 1384 1505 1411; x_wconf 89' lang='lat' dir='ltr'><strong>institutum</strong></span> <span class='ocrx_word' id='word_1_680' title='bbox 1521 1385 1678 1414; x_wconf 88' lang='lat' dir='ltr'><strong>inducerent</strong></span> <span class='ocrx_word' id='word_1_681' title='bbox 1687 1388 1698 1413; x_wconf 87' lang='lat'><strong>?</strong></span> <span class='ocrx_word' id='word_1_682' title='bbox 1708 1395 1778 1415; x_wconf 93' lang='lat' dir='ltr'><strong>nunc</strong></span> <span class='ocrx_word' id='word_1_683' title='bbox 1790 1393 1878 1417; x_wconf 79' lang='lat' dir='ltr'><strong>autem</strong></span> 
     </span>
    </p>
   </div>
   <div class='ocr_carea' id='block_1_88' title="bbox 1086 1429 1879 1470">
    <p class='ocr_par' dir='ltr' id='par_1_88' title="bbox 1086 1429 1879 1470">
     <span class='ocr_line' id='line_1_88' title="bbox 1086 1429 1879 1470; baseline 0.009 -13"><span class='ocrx_word' id='word_1_684' title='bbox 1086 1429 1188 1458; x_wconf 84' lang='lat' dir='ltr'><strong>deserti</strong></span> <span class='ocrx_word' id='word_1_685' title='bbox 1206 1436 1282 1457; x_wconf 90' lang='lat' dir='ltr'><strong>erant</strong></span> <span class='ocrx_word' id='word_1_686' title='bbox 1295 1430 1328 1458; x_wconf 87' lang='lat' dir='ltr'><strong>ab</strong></span> <span class='ocrx_word' id='word_1_687' title='bbox 1341 1431 1482 1463; x_wconf 89' lang='lat' dir='ltr'><strong>omnibus,</strong></span> <span class='ocrx_word' id='word_1_688' title='bbox 1497 1437 1524 1459; x_wconf 90' lang='lat' dir='ltr'><strong>et</strong></span> <span class='ocrx_word' id='word_1_689' title='bbox 1539 1439 1748 1462; x_wconf 84' lang='lat' dir='ltr'><strong>consentaneum</strong></span> <span class='ocrx_word' id='word_1_690' title='bbox 1763 1441 1836 1470; x_wconf 88' lang='lat' dir='ltr'><strong>erat,</strong></span> <span class='ocrx_word' id='word_1_691' title='bbox 1850 1443 1879 1464; x_wconf 83' lang='lat' dir='ltr'><strong>ut</strong></span> 
     </span>
    </p>
   </div>
   <div class='ocr_carea' id='block_1_89' title="bbox 1087 1474 1877 1514">
    <p class='ocr_par' dir='ltr' id='par_1_89' title="bbox 1087 1474 1877 1514">
     <span class='ocr_line' id='line_1_89' title="bbox 1087 1474 1877 1514; baseline 0.011 -13"><span class='ocrx_word' id='word_1_692' title='bbox 1087 1475 1130 1502; x_wconf 89' lang='lat' dir='ltr'><strong>vel</strong></span> <span class='ocrx_word' id='word_1_693' title='bbox 1141 1474 1234 1502; x_wconf 90' lang='lat' dir='ltr'><strong>indein</strong></span> <span class='ocrx_word' id='word_1_694' title='bbox 1245 1476 1365 1503; x_wconf 88' lang='lat' dir='ltr'><strong>omnium</strong></span> <span class='ocrx_word' id='word_1_695' title='bbox 1376 1476 1501 1504; x_wconf 86' lang='lat' dir='ltr'><strong>odiumet</strong></span> <span class='ocrx_word' id='word_1_696' title='bbox 1511 1481 1877 1514; x_wconf 86' lang='lat' dir='ltr'><strong>contemptumincurrerent.</strong></span> 
     </span>
    </p>
   </div>
   <div class='ocr_carea' id='block_1_90' title="bbox 1087 1521 1880 1560">
    <p class='ocr_par' dir='ltr' id='par_1_90' title="bbox 1087 1521 1880 1560">
     <span class='ocr_line' id='line_1_90' title="bbox 1087 1521 1880 1560; baseline 0.01 -13"><span class='ocrx_word' id='word_1_697' title='bbox 1087 1521 1160 1554; x_wconf 89' lang='lat' dir='ltr'><strong>Quos</strong></span> <span class='ocrx_word' id='word_1_698' title='bbox 1175 1521 1245 1548; x_wconf 86' lang='lat' dir='ltr'><strong>enim</strong></span> <span class='ocrx_word' id='word_1_699' title='bbox 1264 1521 1304 1548; x_wconf 88' lang='lat' dir='ltr'><strong>vis</strong></span> <span class='ocrx_word' id='word_1_700' title='bbox 1316 1522 1425 1549; x_wconf 88' lang='lat' dir='ltr'><strong>dicere?</strong></span> <span class='ocrx_word' id='word_1_701' title='bbox 1438 1522 1569 1551; x_wconf 57' lang='lat' dir='ltr'><strong>Juda‘os?</strong></span> <span class='ocrx_word' id='word_1_702' title='bbox 1583 1526 1617 1551; x_wconf 87' lang='lat' dir='ltr'><strong>At</strong></span> <span class='ocrx_word' id='word_1_703' title='bbox 1631 1525 1729 1560; x_wconf 78' lang='lat' dir='ltr'><strong>ingenti</strong></span> <span class='ocrx_word' id='word_1_704' title='bbox 1744 1527 1803 1554; x_wconf 91' lang='lat' dir='ltr'><strong>illos</strong></span> <span class='ocrx_word' id='word_1_705' title='bbox 1817 1528 1880 1555; x_wconf 87' lang='lat' dir='ltr'><strong>odio</strong></span> 
     </span>
    </p>
   </div>
   <div class='ocr_carea' id='block_1_91' title="bbox 1087 1566 1878 1606">
    <p class='ocr_par' dir='ltr' id='par_1_91' title="bbox 1087 1566 1878 1606">
     <span class='ocr_line' id='line_1_91' title="bbox 1087 1566 1878 1606; baseline 0.01 -14"><span class='ocrx_word' id='word_1_706' title='bbox 1087 1566 1318 1601; x_wconf 83' lang='lat' dir='ltr'><strong>prosequebantur</strong></span> <span class='ocrx_word' id='word_1_707' title='bbox 1339 1575 1372 1594; x_wconf 83' lang='lat' dir='ltr'><strong>cx</strong></span> <span class='ocrx_word' id='word_1_708' title='bbox 1396 1568 1438 1601; x_wconf 91' lang='lat' dir='ltr'><strong>iis,</strong></span> <span class='ocrx_word' id='word_1_709' title='bbox 1455 1576 1514 1603; x_wconf 74' lang='lat' dir='ltr'><strong>qua:</strong></span> <span class='ocrx_word' id='word_1_710' title='bbox 1529 1574 1621 1597; x_wconf 90' lang='lat' dir='ltr'><strong>contra</strong></span> <span class='ocrx_word' id='word_1_711' title='bbox 1638 1571 1793 1606; x_wconf 74' lang='lat' dir='ltr'><strong>magistrum</strong></span> <span class='ocrx_word' id='word_1_712' title='bbox 1813 1573 1878 1600; x_wconf 87' lang='lat' dir='ltr'><strong>facta</strong></span> 
     </span>
    </p>
   </div>
   <div class='ocr_carea' id='block_1_92' title="bbox 1087 1611 1879 1652">
    <p class='ocr_par' dir='ltr' id='par_1_92' title="bbox 1087 1611 1879 1652">
     <span class='ocr_line' id='line_1_92' title="bbox 1087 1611 1879 1652; baseline 0.009 -14"><span class='ocrx_word' id='word_1_713' title='bbox 1087 1611 1203 1639; x_wconf 85' lang='lat' dir='ltr'><strong>fuerant.</strong></span> <span class='ocrx_word' id='word_1_714' title='bbox 1218 1613 1258 1639; x_wconf 86' lang='lat' dir='ltr'><strong>An</strong></span> <span class='ocrx_word' id='word_1_715' title='bbox 1273 1612 1381 1640; x_wconf 59' lang='lat' dir='ltr'><strong>Graecos</strong></span> <span class='ocrx_word' id='word_1_716' title='bbox 1391 1613 1402 1640; x_wconf 89' lang='lat'><strong>?</strong></span> <span class='ocrx_word' id='word_1_717' title='bbox 1413 1613 1448 1640; x_wconf 83' lang='lat' dir='ltr'><strong>At</strong></span> <span class='ocrx_word' id='word_1_718' title='bbox 1460 1614 1486 1640; x_wconf 90' lang='lat' dir='ltr'><strong>hi</strong></span> <span class='ocrx_word' id='word_1_719' title='bbox 1499 1622 1551 1642; x_wconf 89' lang='lat' dir='ltr'><strong>non</strong></span> <span class='ocrx_word' id='word_1_720' title='bbox 1564 1615 1652 1642; x_wconf 90' lang='lat' dir='ltr'><strong>minus</strong></span> <span class='ocrx_word' id='word_1_721' title='bbox 1661 1623 1740 1650; x_wconf 90' lang='lat' dir='ltr'><strong>quam</strong></span> <span class='ocrx_word' id='word_1_722' title='bbox 1754 1617 1792 1644; x_wconf 92' lang='lat' dir='ltr'><strong>illi</strong></span> <span class='ocrx_word' id='word_1_723' title='bbox 1807 1618 1879 1652; x_wconf 79' lang='lat' dir='ltr'><strong>ipsas</strong></span> 
     </span>
    </p>
   </div>
   <div class='ocr_carea' id='block_1_93' title="bbox 1087 1659 1878 1694">
    <p class='ocr_par' dir='ltr' id='par_1_93' title="bbox 1087 1659 1878 1694">
     <span class='ocr_line' id='line_1_93' title="bbox 1087 1659 1878 1694; baseline 0.008 -9"><span class='ocrx_word' id='word_1_724' title='bbox 1087 1659 1297 1691; x_wconf 88' lang='lat' dir='ltr'><strong>aversabantur;</strong></span> <span class='ocrx_word' id='word_1_725' title='bbox 1313 1659 1392 1694; x_wconf 90' lang='lat' dir='ltr'><strong>idque</strong></span> <span class='ocrx_word' id='word_1_726' title='bbox 1405 1665 1503 1687; x_wconf 87' lang='lat' dir='ltr'><strong>norunt</strong></span> <span class='ocrx_word' id='word_1_727' title='bbox 1518 1662 1634 1689; x_wconf 85' lang='lat' dir='ltr'><strong>maxime</strong></span> <span class='ocrx_word' id='word_1_728' title='bbox 1647 1663 1767 1690; x_wconf 87' lang='lat' dir='ltr'><strong>omnium</strong></span> <span class='ocrx_word' id='word_1_729' title='bbox 1781 1663 1878 1691; x_wconf 67' lang='lat' dir='ltr'><strong>Gratci.</strong></span> 
     </span>
    </p>
   </div>
   <div class='ocr_carea' id='block_1_94' title="bbox 1089 1705 1878 1744">
    <p class='ocr_par' dir='ltr' id='par_1_94' title="bbox 1089 1705 1878 1744">
     <span class='ocr_line' id='line_1_94' title="bbox 1089 1705 1878 1744; baseline 0.006 -13"><span class='ocrx_word' id='word_1_730' title='bbox 1089 1705 1162 1732; x_wconf 84' lang='lat' dir='ltr'><strong>Plato</strong></span> <span class='ocrx_word' id='word_1_731' title='bbox 1174 1705 1256 1738; x_wconf 86' lang='lat' dir='ltr'><strong>enim,</strong></span> <span class='ocrx_word' id='word_1_732' title='bbox 1269 1706 1312 1738; x_wconf 91' lang='lat' dir='ltr'><strong>qui</strong></span> <span class='ocrx_word' id='word_1_733' title='bbox 1326 1713 1420 1733; x_wconf 78' lang='lat' dir='ltr'><strong>novam</strong></span> <span class='ocrx_word' id='word_1_734' title='bbox 1434 1707 1516 1734; x_wconf 87' lang='lat' dir='ltr'><strong>voluit</strong></span> <span class='ocrx_word' id='word_1_735' title='bbox 1529 1707 1666 1736; x_wconf 84' lang='lat' dir='ltr'><strong>instituere</strong></span> <span class='ocrx_word' id='word_1_736' title='bbox 1678 1709 1878 1744; x_wconf 80' lang='lat' dir='ltr'><strong>rempublicam,</strong></span> 
     </span>
    </p>
   </div>
   <div class='ocr_carea' id='block_1_95' title="bbox 1087 1751 1881 1788">
    <p class='ocr_par' dir='ltr' id='par_1_95' title="bbox 1087 1751 1881 1788">
     <span class='ocr_line' id='line_1_95' title="bbox 1087 1751 1881 1788; baseline 0.008 -10"><span class='ocrx_word' id='word_1_737' title='bbox 1087 1751 1131 1778; x_wconf 82' lang='lat' dir='ltr'><strong>vel</strong></span> <span class='ocrx_word' id='word_1_738' title='bbox 1146 1751 1233 1786; x_wconf 91' lang='lat' dir='ltr'><strong>potius</strong></span> <span class='ocrx_word' id='word_1_739' title='bbox 1249 1757 1349 1786; x_wconf 86' lang='lat' dir='ltr'><strong>partem</strong></span> <span class='ocrx_word' id='word_1_740' title='bbox 1370 1753 1541 1787; x_wconf 70' lang='lat' dir='ltr'><strong>reipublicte,</strong></span> <span class='ocrx_word' id='word_1_741' title='bbox 1563 1754 1606 1788; x_wconf 90' lang='lat' dir='ltr'><strong>qui</strong></span> <span class='ocrx_word' id='word_1_742' title='bbox 1628 1762 1680 1781; x_wconf 93' lang='lat' dir='ltr'><strong>non</strong></span> <span class='ocrx_word' id='word_1_743' title='bbox 1702 1755 1812 1783; x_wconf 87' lang='lat' dir='ltr'><strong>deorum</strong></span> <span class='ocrx_word' id='word_1_744' title='bbox 1833 1764 1881 1784; x_wconf 86' lang='lat' dir='ltr'><strong>uo-</strong></span> 
     </span>
    </p>
   </div>
   <div class='ocr_carea' id='block_1_96' title="bbox 1088 1797 1877 1834">
    <p class='ocr_par' dir='ltr' id='par_1_96' title="bbox 1088 1797 1877 1834">
     <span class='ocr_line' id='line_1_96' title="bbox 1088 1797 1877 1834; baseline 0.006 -11"><span class='ocrx_word' id='word_1_745' title='bbox 1088 1797 1159 1824; x_wconf 87' lang='lat' dir='ltr'><strong>mina</strong></span> <span class='ocrx_word' id='word_1_746' title='bbox 1175 1798 1296 1830; x_wconf 84' lang='lat' dir='ltr'><strong>mutavit,</strong></span> <span class='ocrx_word' id='word_1_747' title='bbox 1312 1798 1358 1825; x_wconf 89' lang='lat' dir='ltr'><strong>scd</strong></span> <span class='ocrx_word' id='word_1_748' title='bbox 1369 1803 1428 1825; x_wconf 82' lang='lat' dir='ltr'><strong>acta</strong></span> <span class='ocrx_word' id='word_1_749' title='bbox 1440 1804 1466 1826; x_wconf 85' lang='lat' dir='ltr'><strong>et</strong></span> <span class='ocrx_word' id='word_1_750' title='bbox 1478 1803 1552 1833; x_wconf 82' lang='lat' dir='ltr'><strong>gesta</strong></span> <span class='ocrx_word' id='word_1_751' title='bbox 1565 1800 1615 1826; x_wconf 85' lang='lat' dir='ltr'><strong>alia</strong></span> <span class='ocrx_word' id='word_1_752' title='bbox 1632 1808 1680 1834; x_wconf 89' lang='lat' dir='ltr'><strong>pro</strong></span> <span class='ocrx_word' id='word_1_753' title='bbox 1692 1801 1751 1828; x_wconf 88' lang='lat' dir='ltr'><strong>aliis</strong></span> <span class='ocrx_word' id='word_1_754' title='bbox 1766 1801 1877 1834; x_wconf 75' lang='lat' dir='ltr'><strong>induxit,</strong></span> 
     </span>
    </p>
   </div>
   <div class='ocr_carea' id='block_1_97' title="bbox 1088 1843 1880 1882">
    <p class='ocr_par' dir='ltr' id='par_1_97' title="bbox 1088 1843 1880 1882">
     <span class='ocr_line' id='line_1_97' title="bbox 1088 1843 1880 1882; baseline 0.005 -12"><span class='ocrx_word' id='word_1_755' title='bbox 1088 1843 1115 1870; x_wconf 91' lang='lat' dir='ltr'><strong>in</strong></span> <span class='ocrx_word' id='word_1_756' title='bbox 1138 1843 1283 1878; x_wconf 87' lang='lat' dir='ltr'><strong>periculum</strong></span> <span class='ocrx_word' id='word_1_757' title='bbox 1301 1844 1382 1875; x_wconf 79' lang='lat' dir='ltr'><strong>venit,</strong></span> <span class='ocrx_word' id='word_1_758' title='bbox 1407 1852 1441 1871; x_wconf 91' lang='lat' dir='ltr'><strong>ne</strong></span> <span class='ocrx_word' id='word_1_759' title='bbox 1462 1852 1495 1871; x_wconf 86' lang='lat' dir='ltr'><strong>ex</strong></span> <span class='ocrx_word' id='word_1_760' title='bbox 1516 1844 1607 1872; x_wconf 85' lang='lat' dir='ltr'><strong>Sicilia</strong></span> <span class='ocrx_word' id='word_1_761' title='bbox 1626 1846 1726 1879; x_wconf 84' lang='lat' dir='ltr'><strong>ejectus</strong></span> <span class='ocrx_word' id='word_1_762' title='bbox 1740 1848 1778 1882; x_wconf 89' lang='lat' dir='ltr'><strong>(a)</strong></span> <span class='ocrx_word' id='word_1_763' title='bbox 1793 1853 1880 1874; x_wconf 80' lang='lat' dir='ltr'><strong>morte</strong></span> 
     </span>
    </p>
   </div>
   <div class='ocr_carea' id='block_1_98' title="bbox 1087 1889 1878 1924">
    <p class='ocr_par' dir='ltr' id='par_1_98' title="bbox 1087 1889 1878 1924">
     <span class='ocr_line' id='line_1_98' title="bbox 1087 1889 1878 1924; baseline 0.004 -8"><span class='ocrx_word' id='word_1_764' title='bbox 1087 1889 1241 1916; x_wconf 88' lang='lat' dir='ltr'><strong>afficeretur</strong></span> <span class='ocrx_word' id='word_1_765' title='bbox 1260 1898 1266 1915; x_wconf 71' lang='grc' dir='ltr'><em>τ</em></span> <span class='ocrx_word' id='word_1_766' title='bbox 1287 1889 1348 1924; x_wconf 90' lang='lat' dir='ltr'><strong>quia</strong></span> <span class='ocrx_word' id='word_1_767' title='bbox 1363 1894 1452 1917; x_wconf 89' lang='lat' dir='ltr'><strong>autem</strong></span> <span class='ocrx_word' id='word_1_768' title='bbox 1467 1890 1517 1917; x_wconf 90' lang='lat' dir='ltr'><strong>hoc</strong></span> <span class='ocrx_word' id='word_1_769' title='bbox 1532 1898 1583 1917; x_wconf 91' lang='lat' dir='ltr'><strong>non</strong></span> <span class='ocrx_word' id='word_1_770' title='bbox 1603 1891 1709 1924; x_wconf 90' lang='lat' dir='ltr'><strong>accidit,</strong></span> <span class='ocrx_word' id='word_1_771' title='bbox 1730 1891 1878 1919; x_wconf 83' lang='lat' dir='ltr'><strong>libertatem</strong></span> 
     </span>
    </p>
   </div>
   <div class='ocr_carea' id='block_1_99' title="bbox 1088 1935 1880 1973">
    <p class='ocr_par' dir='ltr' id='par_1_99' title="bbox 1088 1935 1880 1973">
     <span class='ocr_line' id='line_1_99' title="bbox 1088 1935 1880 1973; baseline 0.003 -11"><span class='ocrx_word' id='word_1_772' title='bbox 1088 1935 1146 1970; x_wconf 88' lang='lat' dir='ltr'><strong>ipse</strong></span> <span class='ocrx_word' id='word_1_773' title='bbox 1160 1935 1258 1962; x_wconf 85' lang='lat' dir='ltr'><strong>amisit.</strong></span> <span class='ocrx_word' id='word_1_774' title='bbox 1276 1936 1307 1961; x_wconf 80' lang='lat' dir='ltr'><strong>Et</strong></span> <span class='ocrx_word' id='word_1_775' title='bbox 1323 1935 1373 1962; x_wconf 93' lang='lat' dir='ltr'><strong>nisi</strong></span> <span class='ocrx_word' id='word_1_776' title='bbox 1389 1935 1516 1963; x_wconf 88' lang='lat' dir='ltr'><strong>barbarus</strong></span> <span class='ocrx_word' id='word_1_777' title='bbox 1534 1935 1641 1970; x_wconf 89' lang='lat' dir='ltr'><strong>quidam</strong></span> <span class='ocrx_word' id='word_1_778' title='bbox 1655 1936 1752 1964; x_wconf 74' lang='lat' dir='ltr'><strong>Sicilia:</strong></span> <span class='ocrx_word' id='word_1_779' title='bbox 1766 1942 1880 1973; x_wconf 80' lang='lat' dir='ltr'><strong>tyranno</strong></span> 
     </span>
    </p>
   </div>
   <div class='ocr_carea' id='block_1_100' title="bbox 1089 1980 1881 2017">
    <p class='ocr_par' dir='ltr' id='par_1_100' title="bbox 1089 1980 1881 2017">
     <span class='ocr_line' id='line_1_100' title="bbox 1089 1980 1881 2017; baseline 0.003 -10"><span class='ocrx_word' id='word_1_780' title='bbox 1089 1981 1179 2008; x_wconf 87' lang='lat' dir='ltr'><strong>mitior</strong></span> <span class='ocrx_word' id='word_1_781' title='bbox 1195 1981 1297 2012; x_wconf 85' lang='lat' dir='ltr'><strong>fuisset,</strong></span> <span class='ocrx_word' id='word_1_782' title='bbox 1321 1980 1384 2007; x_wconf 81' lang='lat' dir='ltr'><strong>nillil</strong></span> <span class='ocrx_word' id='word_1_783' title='bbox 1405 1981 1586 2015; x_wconf 85' lang='lat' dir='ltr'><strong>prohibuisset</strong></span> <span class='ocrx_word' id='word_1_784' title='bbox 1605 1982 1748 2017; x_wconf 88' lang='lat' dir='ltr'><strong>quominus</strong></span> <span class='ocrx_word' id='word_1_785' title='bbox 1762 1983 1881 2017; x_wconf 83' lang='lat' dir='ltr'><strong>philoso-</strong></span> 
     </span>
    </p>
   </div>
   <div class='ocr_carea' id='block_1_101' title="bbox 1089 2025 1879 2063">
    <p class='ocr_par' dir='ltr' id='par_1_101' title="bbox 1089 2025 1879 2063">
     <span class='ocr_line' id='line_1_101' title="bbox 1089 2025 1879 2063; baseline 0.005 -12"><span class='ocrx_word' id='word_1_786' title='bbox 1089 2026 1156 2060; x_wconf 90' lang='lat' dir='ltr'><strong>phus</strong></span> <span class='ocrx_word' id='word_1_787' title='bbox 1178 2025 1204 2052; x_wconf 91' lang='lat' dir='ltr'><strong>in</strong></span> <span class='ocrx_word' id='word_1_788' title='bbox 1228 2025 1314 2052; x_wconf 85' lang='lat' dir='ltr'><strong>aliena</strong></span> <span class='ocrx_word' id='word_1_789' title='bbox 1336 2030 1406 2052; x_wconf 89' lang='lat' dir='ltr'><strong>terra</strong></span> <span class='ocrx_word' id='word_1_790' title='bbox 1425 2026 1548 2053; x_wconf 75' lang='lat' dir='ltr'><strong>servituti</strong></span> <span class='ocrx_word' id='word_1_791' title='bbox 1560 2025 1682 2054; x_wconf 87' lang='lat' dir='ltr'><strong>addictus</strong></span> <span class='ocrx_word' id='word_1_792' title='bbox 1701 2033 1781 2054; x_wconf 83' lang='lat' dir='ltr'><strong>esset.</strong></span> <span class='ocrx_word' id='word_1_793' title='bbox 1798 2028 1879 2063; x_wconf 83' lang='lat' dir='ltr'><strong>Atqui</strong></span> 
     </span>
    </p>
   </div>
   <div class='ocr_carea' id='block_1_102' title="bbox 1089 2071 1881 2107">
    <p class='ocr_par' dir='ltr' id='par_1_102' title="bbox 1089 2071 1881 2107">
     <span class='ocr_line' id='line_1_102' title="bbox 1089 2071 1881 2107; baseline 0.003 -9"><span class='ocrx_word' id='word_1_794' title='bbox 1089 2079 1141 2098; x_wconf 91' lang='lat' dir='ltr'><strong>non</strong></span> <span class='ocrx_word' id='word_1_795' title='bbox 1157 2078 1206 2106; x_wconf 87' lang='lat' dir='ltr'><strong>par</strong></span> <span class='ocrx_word' id='word_1_796' title='bbox 1219 2079 1262 2098; x_wconf 87' lang='lat' dir='ltr'><strong>res</strong></span> <span class='ocrx_word' id='word_1_797' title='bbox 1276 2076 1327 2103; x_wconf 88' lang='lat' dir='ltr'><strong>est,</strong></span> <span class='ocrx_word' id='word_1_798' title='bbox 1343 2079 1373 2098; x_wconf 89' lang='lat' dir='ltr'><strong>ea</strong></span> <span class='ocrx_word' id='word_1_799' title='bbox 1393 2079 1452 2106; x_wconf 79' lang='lat' dir='ltr'><strong>qua:</strong></span> <span class='ocrx_word' id='word_1_800' title='bbox 1473 2071 1506 2099; x_wconf 88' lang='lat' dir='ltr'><strong>ad</strong></span> <span class='ocrx_word' id='word_1_801' title='bbox 1528 2079 1638 2107; x_wconf 85' lang='lat' dir='ltr'><strong>regnum</strong></span> <span class='ocrx_word' id='word_1_802' title='bbox 1654 2073 1786 2107; x_wconf 86' lang='lat' dir='ltr'><strong>pertinent</strong></span> <span class='ocrx_word' id='word_1_803' title='bbox 1800 2074 1881 2101; x_wconf 82' lang='lat' dir='ltr'><strong>inno-</strong></span> 
     </span>
    </p>
   </div>
   <div class='ocr_carea' id='block_1_103' title="bbox 1089 2118 1882 2153">
    <p class='ocr_par' dir='ltr' id='par_1_103' title="bbox 1089 2118 1882 2153">
     <span class='ocr_line' id='line_1_103' title="bbox 1089 2118 1882 2153; baseline 0.006 -10"><span class='ocrx_word' id='word_1_804' title='bbox 1089 2123 1196 2150; x_wconf 88' lang='lat' dir='ltr'><strong>vare,et</strong></span> <span class='ocrx_word' id='word_1_805' title='bbox 1207 2125 1266 2152; x_wconf 69' lang='lat' dir='ltr'><strong>qure</strong></span> <span class='ocrx_word' id='word_1_806' title='bbox 1279 2118 1311 2145; x_wconf 86' lang='lat' dir='ltr'><strong>ad</strong></span> <span class='ocrx_word' id='word_1_807' title='bbox 1326 2118 1482 2153; x_wconf 78' lang='lat' dir='ltr'><strong>religionem</strong></span> <span class='ocrx_word' id='word_1_808' title='bbox 1496 2127 1503 2145; x_wconf 85' lang='lat'><strong>:</strong></span> <span class='ocrx_word' id='word_1_809' title='bbox 1515 2118 1566 2146; x_wconf 93' lang='lat' dir='ltr'><strong>hoc</strong></span> <span class='ocrx_word' id='word_1_810' title='bbox 1580 2119 1651 2146; x_wconf 90' lang='lat' dir='ltr'><strong>enim</strong></span> <span class='ocrx_word' id='word_1_811' title='bbox 1666 2119 1781 2148; x_wconf 79' lang='lat' dir='ltr'><strong>maxime</strong></span> <span class='ocrx_word' id='word_1_812' title='bbox 1794 2120 1882 2148; x_wconf 83' lang='lat' dir='ltr'><strong>homi-</strong></span> 
     </span>
    </p>
   </div>
   <div class='ocr_carea' id='block_1_104' title="bbox 1091 2164 1881 2198">
    <p class='ocr_par' dir='ltr' id='par_1_104' title="bbox 1091 2164 1881 2198">
     <span class='ocr_line' id='line_1_104' title="bbox 1091 2164 1881 2198; baseline 0.006 -8"><span class='ocrx_word' id='word_1_813' title='bbox 1091 2171 1137 2191; x_wconf 89' lang='lat' dir='ltr'><strong>nes</strong></span> <span class='ocrx_word' id='word_1_814' title='bbox 1149 2164 1290 2191; x_wconf 90' lang='lat' dir='ltr'><strong>conturbat</strong></span> <span class='ocrx_word' id='word_1_815' title='bbox 1309 2169 1335 2192; x_wconf 90' lang='lat' dir='ltr'><strong>et</strong></span> <span class='ocrx_word' id='word_1_816' title='bbox 1354 2170 1514 2192; x_wconf 83' lang='lat' dir='ltr'><strong>commovet.</strong></span> <span class='ocrx_word' id='word_1_817' title='bbox 1529 2165 1594 2192; x_wconf 84' lang='lat' dir='ltr'><strong>Nam</strong></span> <span class='ocrx_word' id='word_1_818' title='bbox 1607 2166 1697 2194; x_wconf 82' lang='lat' dir='ltr'><strong>dicere</strong></span> <span class='ocrx_word' id='word_1_819' title='bbox 1707 2187 1713 2198; x_wconf 92' lang='lat'><strong>,</strong></span> <span class='ocrx_word' id='word_1_820' title='bbox 1730 2167 1778 2194; x_wconf 71' lang='lat' dir='ltr'><strong>l-lic</strong></span> <span class='ocrx_word' id='word_1_821' title='bbox 1790 2173 1816 2194; x_wconf 89' lang='lat' dir='ltr'><strong>et</strong></span> <span class='ocrx_word' id='word_1_822' title='bbox 1829 2167 1881 2195; x_wconf 87' lang='lat' dir='ltr'><strong>istc</strong></span> 
     </span>
    </p>
   </div>
   <div class='ocr_carea' id='block_1_105' title="bbox 1090 2209 1881 2242">
    <p class='ocr_par' dir='ltr' id='par_1_105' title="bbox 1090 2209 1881 2242">
     <span class='ocr_line' id='line_1_105' title="bbox 1090 2209 1881 2242; baseline 0.006 -6"><span class='ocrx_word' id='word_1_823' title='bbox 1090 2209 1158 2236; x_wconf 85' lang='lat' dir='ltr'><strong>hanc</strong></span> <span class='ocrx_word' id='word_1_824' title='bbox 1179 2217 1289 2237; x_wconf 80' lang='lat' dir='ltr'><strong>uxorem</strong></span> <span class='ocrx_word' id='word_1_825' title='bbox 1311 2210 1421 2242; x_wconf 86' lang='lat' dir='ltr'><strong>ducant,</strong></span> <span class='ocrx_word' id='word_1_826' title='bbox 1446 2215 1482 2242; x_wconf 88' lang='lat' dir='ltr'><strong>et,</strong></span> <span class='ocrx_word' id='word_1_827' title='bbox 1503 2210 1633 2238; x_wconf 84' lang='lat' dir='ltr'><strong>Custodes</strong></span> <span class='ocrx_word' id='word_1_828' title='bbox 1656 2211 1707 2239; x_wconf 88' lang='lat' dir='ltr'><strong>hoc</strong></span> <span class='ocrx_word' id='word_1_829' title='bbox 1728 2213 1808 2240; x_wconf 91' lang='lat' dir='ltr'><strong>modo</strong></span> <span class='ocrx_word' id='word_1_830' title='bbox 1826 2213 1881 2241; x_wconf 87' lang='lat' dir='ltr'><strong>sint</strong></span> 
     </span>
    </p>
   </div>
   <div class='ocr_carea' id='block_1_106' title="bbox 1089 2254 1882 2290">
    <p class='ocr_par' dir='ltr' id='par_1_106' title="bbox 1089 2254 1882 2290">
     <span class='ocr_line' id='line_1_106' title="bbox 1089 2254 1882 2290; baseline 0.005 -9"><span class='ocrx_word' id='word_1_831' title='bbox 1089 2254 1224 2286; x_wconf 87' lang='lat' dir='ltr'><strong>custodes,</strong></span> <span class='ocrx_word' id='word_1_832' title='bbox 1240 2263 1293 2282; x_wconf 93' lang='lat' dir='ltr'><strong>non</strong></span> <span class='ocrx_word' id='word_1_833' title='bbox 1307 2256 1418 2282; x_wconf 88' lang='lat' dir='ltr'><strong>tnultttm</strong></span> <span class='ocrx_word' id='word_1_834' title='bbox 1433 2255 1539 2284; x_wconf 89' lang='lat' dir='ltr'><strong>turbare</strong></span> <span class='ocrx_word' id='word_1_835' title='bbox 1554 2261 1681 2290; x_wconf 84' lang='lat' dir='ltr'><strong>possunt,</strong></span> <span class='ocrx_word' id='word_1_836' title='bbox 1693 2264 1753 2284; x_wconf 90' lang='lat' dir='ltr'><strong>cum</strong></span> <span class='ocrx_word' id='word_1_837' title='bbox 1764 2258 1882 2286; x_wconf 80' lang='lat' dir='ltr'><strong>maxime</strong></span> 
     </span>
    </p>
   </div>
   <div class='ocr_carea' id='block_1_107' title="bbox 1090 2300 1885 2338">
    <p class='ocr_par' dir='ltr' id='par_1_107' title="bbox 1090 2300 1885 2338">
     <span class='ocr_line' id='line_1_107' title="bbox 1090 2300 1885 2338; baseline 0.004 -11"><span class='ocrx_word' id='word_1_838' title='bbox 1090 2300 1116 2327; x_wconf 95' lang='lat' dir='ltr'><strong>in</strong></span> <span class='ocrx_word' id='word_1_839' title='bbox 1131 2300 1202 2328; x_wconf 91' lang='lat' dir='ltr'><strong>libro</strong></span> <span class='ocrx_word' id='word_1_840' title='bbox 1215 2300 1313 2335; x_wconf 88' lang='lat' dir='ltr'><strong>scripta</strong></span> <span class='ocrx_word' id='word_1_841' title='bbox 1328 2306 1400 2334; x_wconf 82' lang='lat' dir='ltr'><strong>sunt,</strong></span> <span class='ocrx_word' id='word_1_842' title='bbox 1415 2308 1465 2329; x_wconf 90' lang='lat' dir='ltr'><strong>nec</strong></span> <span class='ocrx_word' id='word_1_843' title='bbox 1481 2302 1592 2329; x_wconf 90' lang='lat' dir='ltr'><strong>multum</strong></span> <span class='ocrx_word' id='word_1_844' title='bbox 1607 2307 1682 2330; x_wconf 86' lang='lat' dir='ltr'><strong>curat</strong></span> <span class='ocrx_word' id='word_1_845' title='bbox 1693 2303 1840 2338; x_wconf 80' lang='lat' dir='ltr'><strong>legislator,</strong></span> <span class='ocrx_word' id='word_1_846' title='bbox 1853 2308 1885 2330; x_wconf 85' lang='lat' dir='ltr'><strong>ut</strong></span> 
     </span>
    </p>
   </div>
   <div class='ocr_carea' id='block_1_108' title="bbox 1089 2345 1884 2384">
    <p class='ocr_par' dir='ltr' id='par_1_108' title="bbox 1089 2345 1884 2384">
     <span class='ocr_line' id='line_1_108' title="bbox 1089 2345 1884 2384; baseline 0.006 -12"><span class='ocrx_word' id='word_1_847' title='bbox 1089 2345 1187 2381; x_wconf 88' lang='lat' dir='ltr'><strong>scripta</strong></span> <span class='ocrx_word' id='word_1_848' title='bbox 1203 2346 1230 2373; x_wconf 93' lang='lat' dir='ltr'><strong>in</strong></span> <span class='ocrx_word' id='word_1_849' title='bbox 1253 2354 1320 2382; x_wconf 87' lang='lat' dir='ltr'><strong>opus</strong></span> <span class='ocrx_word' id='word_1_850' title='bbox 1333 2351 1430 2374; x_wconf 86' lang='lat' dir='ltr'><strong>exeant</strong></span> <span class='ocrx_word' id='word_1_851' title='bbox 1444 2356 1451 2374; x_wconf 89' lang='lat'>:</span> <span class='ocrx_word' id='word_1_852' title='bbox 1467 2352 1494 2375; x_wconf 86' lang='lat' dir='ltr'><strong>at</strong></span> <span class='ocrx_word' id='word_1_853' title='bbox 1508 2348 1616 2381; x_wconf 88' lang='lat' dir='ltr'><strong>dicere,</strong></span> <span class='ocrx_word' id='word_1_854' title='bbox 1633 2356 1680 2376; x_wconf 90' lang='lat' dir='ltr'><strong>eos</strong></span> <span class='ocrx_word' id='word_1_855' title='bbox 1692 2349 1736 2384; x_wconf 93' lang='lat' dir='ltr'><strong>qui</strong></span> <span class='ocrx_word' id='word_1_856' title='bbox 1756 2350 1884 2377; x_wconf 82' lang='lat' dir='ltr'><strong>coluntur</strong></span> 
     </span>
    </p>
   </div>
   <div class='ocr_carea' id='block_1_109' title="bbox 1090 2393 1883 2429">
    <p class='ocr_par' dir='ltr' id='par_1_109' title="bbox 1090 2393 1883 2429">
     <span class='ocr_line' id='line_1_109' title="bbox 1090 2393 1883 2429; baseline 0.006 -10"><span class='ocrx_word' id='word_1_857' title='bbox 1090 2400 1142 2420; x_wconf 89' lang='lat' dir='ltr'><strong>non</strong></span> <span class='ocrx_word' id='word_1_858' title='bbox 1156 2399 1217 2420; x_wconf 86' lang='lat' dir='ltr'><strong>esse</strong></span> <span class='ocrx_word' id='word_1_859' title='bbox 1230 2393 1306 2424; x_wconf 88' lang='lat' dir='ltr'><strong>deos,</strong></span> <span class='ocrx_word' id='word_1_860' title='bbox 1322 2393 1370 2420; x_wconf 87' lang='lat' dir='ltr'><strong>sed</strong></span> <span class='ocrx_word' id='word_1_861' title='bbox 1384 2393 1530 2426; x_wconf 62' lang='lat' dir='ltr'><strong>da‘monas,</strong></span> <span class='ocrx_word' id='word_1_862' title='bbox 1545 2401 1607 2421; x_wconf 87' lang='lat' dir='ltr'><strong>cum</strong></span> <span class='ocrx_word' id='word_1_863' title='bbox 1620 2394 1666 2429; x_wconf 89' lang='lat' dir='ltr'><strong>qui</strong></span> <span class='ocrx_word' id='word_1_864' title='bbox 1679 2395 1821 2423; x_wconf 84' lang='lat' dir='ltr'><strong>cruciﬁxus</strong></span> <span class='ocrx_word' id='word_1_865' title='bbox 1832 2396 1883 2424; x_wconf 85' lang='lat' dir='ltr'><strong>fuit</strong></span> 
     </span>
    </p>
   </div>
   <div class='ocr_carea' id='block_1_110' title="bbox 1091 2437 1881 2475">
    <p class='ocr_par' dir='ltr' id='par_1_110' title="bbox 1091 2437 1881 2475">
     <span class='ocr_line' id='line_1_110' title="bbox 1091 2437 1881 2475; baseline 0.005 -11"><span class='ocrx_word' id='word_1_866' title='bbox 1091 2437 1173 2465; x_wconf 89' lang='lat' dir='ltr'><strong>Deum</strong></span> <span class='ocrx_word' id='word_1_867' title='bbox 1188 2445 1258 2471; x_wconf 87' lang='lat' dir='ltr'><strong>esse,</strong></span> <span class='ocrx_word' id='word_1_868' title='bbox 1270 2438 1344 2466; x_wconf 89' lang='lat' dir='ltr'><strong>scitis</strong></span> <span class='ocrx_word' id='word_1_869' title='bbox 1354 2443 1479 2473; x_wconf 77' lang='lat' dir='ltr'><strong>quantum</strong></span> <span class='ocrx_word' id='word_1_870' title='bbox 1493 2439 1646 2467; x_wconf 85' lang='lat' dir='ltr'><strong>accenderit</strong></span> <span class='ocrx_word' id='word_1_871' title='bbox 1656 2440 1738 2473; x_wconf 88' lang='lat' dir='ltr'><strong>iram,</strong></span> <span class='ocrx_word' id='word_1_872' title='bbox 1752 2446 1881 2475; x_wconf 87' lang='lat' dir='ltr'><strong>quantum</strong></span> 
     </span>
    </p>
   </div>
   <div class='ocr_carea' id='block_1_111' title="bbox 1090 2483 1368 2511">
    <p class='ocr_par' dir='ltr' id='par_1_111' title="bbox 1090 2483 1368 2511">
     <span class='ocr_line' id='line_1_111' title="bbox 1090 2483 1368 2511; baseline -0.004 0"><span class='ocrx_word' id='word_1_873' title='bbox 1090 2483 1247 2511; x_wconf 84' lang='lat' dir='ltr'><strong>excitaverit</strong></span> <span class='ocrx_word' id='word_1_874' title='bbox 1258 2484 1368 2511; x_wconf 88' lang='lat' dir='ltr'><strong>bellutn.</strong></span> 
     </span>
    </p>
   </div>
   <div class='ocr_carea' id='block_1_112' title="bbox 1126 2529 1883 2567">
    <p class='ocr_par' dir='ltr' id='par_1_112' title="bbox 1126 2529 1883 2567">
     <span class='ocr_line' id='line_1_112' title="bbox 1126 2529 1883 2567; baseline 0.004 -10"><span class='ocrx_word' id='word_1_875' title='bbox 1126 2530 1153 2557; x_wconf 84' lang='lat'><strong>5.</strong></span> <span class='ocrx_word' id='word_1_876' title='bbox 1169 2529 1326 2565; x_wconf 78' lang='lat' dir='ltr'><strong>Protagoras</strong></span> <span class='ocrx_word' id='word_1_877' title='bbox 1335 2535 1360 2557; x_wconf 83' lang='lat' dir='ltr'><strong>et</strong></span> <span class='ocrx_word' id='word_1_878' title='bbox 1373 2530 1520 2558; x_wconf 75' lang='lat' dir='ltr'><strong>Theodorus</strong></span> <span class='ocrx_word' id='word_1_879' title='bbox 1530 2531 1606 2557; x_wconf 67' lang='lat' dir='ltr'><strong>tit/tri.</strong></span> <span class='ocrx_word' id='word_1_880' title='bbox 1619 2545 1654 2551; x_wconf 89' lang='lat'>—</span> <span class='ocrx_word' id='word_1_881' title='bbox 1663 2531 1729 2559; x_wconf 80' lang='lat' dir='ltr'><strong>Nam</strong></span> <span class='ocrx_word' id='word_1_882' title='bbox 1740 2533 1808 2567; x_wconf 84' lang='lat' dir='ltr'><strong>aput!</strong></span> <span class='ocrx_word' id='word_1_883' title='bbox 1820 2533 1883 2561; x_wconf 78' lang='lat' dir='ltr'><strong>illos</strong></span> 
     </span>
    </p>
   </div>
   <div class='ocr_carea' id='block_1_113' title="bbox 1092 2575 1883 2612">
    <p class='ocr_par' dir='ltr' id='par_1_113' title="bbox 1092 2575 1883 2612">
     <span class='ocr_line' id='line_1_113' title="bbox 1092 2575 1883 2612; baseline 0.005 -10"><span class='ocrx_word' id='word_1_884' title='bbox 1092 2575 1250 2610; x_wconf 75' lang='lat' dir='ltr'><strong>Protagoras</strong></span> <span class='ocrx_word' id='word_1_885' title='bbox 1266 2576 1314 2610; x_wconf 84' lang='lat' dir='ltr'><strong>(b),</strong></span> <span class='ocrx_word' id='word_1_886' title='bbox 1325 2576 1386 2611; x_wconf 83' lang='lat' dir='ltr'><strong>quia</strong></span> <span class='ocrx_word' id='word_1_887' title='bbox 1402 2583 1483 2604; x_wconf 88' lang='lat' dir='ltr'><strong>ausus</strong></span> <span class='ocrx_word' id='word_1_888' title='bbox 1496 2581 1537 2604; x_wconf 89' lang='lat' dir='ltr'><strong>est</strong></span> <span class='ocrx_word' id='word_1_889' title='bbox 1551 2576 1651 2610; x_wconf 87' lang='lat' dir='ltr'><strong>dicere,</strong></span> <span class='ocrx_word' id='word_1_890' title='bbox 1664 2576 1721 2604; x_wconf 90' lang='lat' dir='ltr'><strong>Non</strong></span> <span class='ocrx_word' id='word_1_891' title='bbox 1733 2577 1794 2604; x_wconf 85' lang='lat' dir='ltr'><strong>novi</strong></span> <span class='ocrx_word' id='word_1_892' title='bbox 1804 2578 1883 2612; x_wconf 83' lang='lat' dir='ltr'><strong>deos,</strong></span> 
     </span>
    </p>
   </div>
   <div class='ocr_carea' id='block_1_114' title="bbox 1122 2644 1883 2676">
    <p class='ocr_par' dir='ltr' id='par_1_114' title="bbox 1122 2644 1883 2676">
     <span class='ocr_line' id='line_1_114' title="bbox 1122 2644 1883 2676; baseline 0.005 -8"><span class='ocrx_word' id='word_1_893' title='bbox 1122 2644 1158 2675; x_wconf 86' lang='lat' dir='ltr'><strong>(a)</strong></span> <span class='ocrx_word' id='word_1_894' title='bbox 1172 2644 1208 2669; x_wconf 92' lang='lat' dir='ltr'><strong>De</strong></span> <span class='ocrx_word' id='word_1_895' title='bbox 1219 2644 1322 2669; x_wconf 79' lang='lat' dir='ltr'><strong>Platone</strong></span> <span class='ocrx_word' id='word_1_896' title='bbox 1334 2645 1439 2676; x_wconf 83' lang='lat' dir='ltr'><strong>ejusque</strong></span> <span class='ocrx_word' id='word_1_897' title='bbox 1451 2645 1474 2669; x_wconf 90' lang='lat' dir='ltr'><strong>in</strong></span> <span class='ocrx_word' id='word_1_898' title='bbox 1485 2644 1587 2676; x_wconf 73' lang='lat' dir='ltr'><strong>siciliam</strong></span> <span class='ocrx_word' id='word_1_899' title='bbox 1595 2645 1709 2676; x_wconf 65' lang='lat' dir='ltr'><strong>transitu,</strong></span> <span class='ocrx_word' id='word_1_900' title='bbox 1722 2650 1749 2671; x_wconf 83' lang='lat' dir='ltr'><strong>et</strong></span> <span class='ocrx_word' id='word_1_901' title='bbox 1756 2644 1789 2671; x_wconf 88' lang='lat' dir='ltr'><strong>de</strong></span> <span class='ocrx_word' id='word_1_902' title='bbox 1800 2646 1883 2672; x_wconf 81' lang='lat' dir='ltr'><strong>reditu</strong></span> 
     </span>
    </p>
   </div>
   <div class='ocr_carea' id='block_1_115' title="bbox 1091 2675 1884 2709">
    <p class='ocr_par' dir='ltr' id='par_1_115' title="bbox 1091 2675 1884 2709">
     <span class='ocr_line' id='line_1_115' title="bbox 1091 2675 1884 2709; baseline 0.006 -11"><span class='ocrx_word' id='word_1_903' title='bbox 1091 2681 1121 2699; x_wconf 78' lang='lat' dir='ltr'><strong>ex</strong></span> <span class='ocrx_word' id='word_1_904' title='bbox 1135 2676 1239 2709; x_wconf 85' lang='lat' dir='ltr'><strong>eadem,</strong></span> <span class='ocrx_word' id='word_1_905' title='bbox 1252 2675 1308 2709; x_wconf 85' lang='lat' dir='ltr'><strong>vt_dc</strong></span> <span class='ocrx_word' id='word_1_906' title='bbox 1325 2675 1475 2700; x_wconf 78' lang='lat' dir='ltr'><strong>Plutarchum</strong></span> <span class='ocrx_word' id='word_1_907' title='bbox 1488 2676 1512 2700; x_wconf 90' lang='lat' dir='ltr'><strong>in</strong></span> <span class='ocrx_word' id='word_1_908' title='bbox 1526 2675 1580 2700; x_wconf 88' lang='lat' dir='ltr'><strong>Vita</strong></span> <span class='ocrx_word' id='word_1_909' title='bbox 1595 2675 1692 2708; x_wconf 86' lang='lat' dir='ltr'><strong>Dionis,</strong></span> <span class='ocrx_word' id='word_1_910' title='bbox 1706 2681 1732 2702; x_wconf 89' lang='lat' dir='ltr'><strong>et</strong></span> <span class='ocrx_word' id='word_1_911' title='bbox 1743 2676 1884 2709; x_wconf 73' lang='lat' dir='ltr'><strong>Diogenem</strong></span> 
     </span>
    </p>
   </div>
   <div class='ocr_carea' id='block_1_116' title="bbox 1090 2706 1364 2731">
    <p class='ocr_par' dir='ltr' id='par_1_116' title="bbox 1090 2706 1364 2731">
     <span class='ocr_line' id='line_1_116' title="bbox 1090 2706 1364 2731; baseline 0.004 -1"><span class='ocrx_word' id='word_1_912' title='bbox 1090 2708 1209 2730; x_wconf 82' lang='lat' dir='ltr'><strong>Laerltum</strong></span> <span class='ocrx_word' id='word_1_913' title='bbox 1222 2708 1245 2730; x_wconf 90' lang='lat' dir='ltr'><strong>in</strong></span> <span class='ocrx_word' id='word_1_914' title='bbox 1257 2706 1364 2731; x_wconf 83' lang='lat' dir='ltr'><strong>Platone.</strong></span> 
     </span>
    </p>
   </div>
   <div class='ocr_carea' id='block_1_117' title="bbox 1122 2736 1884 2768">
    <p class='ocr_par' dir='ltr' id='par_1_117' title="bbox 1122 2736 1884 2768">
     <span class='ocr_line' id='line_1_117' title="bbox 1122 2736 1884 2768; baseline 0.003 -7"><span class='ocrx_word' id='word_1_915' title='bbox 1122 2737 1157 2768; x_wconf 71' lang='grc' dir='ltr'><strong>(ιι)</strong></span> <span class='ocrx_word' id='word_1_916' title='bbox 1168 2736 1205 2762; x_wconf 91' lang='lat' dir='ltr'><strong>De</strong></span> <span class='ocrx_word' id='word_1_917' title='bbox 1217 2737 1347 2768; x_wconf 81' lang='lat' dir='ltr'><strong>Protagora</strong></span> <span class='ocrx_word' id='word_1_918' title='bbox 1360 2738 1411 2762; x_wconf 82' lang='lat' dir='ltr'><strong>hrec</strong></span> <span class='ocrx_word' id='word_1_919' title='bbox 1422 2737 1498 2762; x_wconf 82' lang='lat' dir='ltr'><strong>habet</strong></span> <span class='ocrx_word' id='word_1_920' title='bbox 1508 2736 1593 2762; x_wconf 81' lang='lat' dir='ltr'><strong>Cicero</strong></span> <span class='ocrx_word' id='word_1_921' title='bbox 1602 2737 1643 2762; x_wconf 89' lang='lat' dir='ltr'><strong>lib.</strong></span> <span class='ocrx_word' id='word_1_922' title='bbox 1657 2738 1666 2763; x_wconf 88' lang='grc' dir='ltr'><strong>ι</strong></span> <span class='ocrx_word' id='word_1_923' title='bbox 1682 2737 1713 2762; x_wconf 91' lang='lat' dir='ltr'><strong>de</strong></span> <span class='ocrx_word' id='word_1_924' title='bbox 1725 2742 1809 2763; x_wconf 74' lang='lat' dir='ltr'><strong>Natura</strong></span> <span class='ocrx_word' id='word_1_925' title='bbox 1820 2739 1884 2764; x_wconf 89' lang='lat' dir='ltr'><strong>dco-</strong></span> 
     </span>
    </p>
   </div>
   <div class='ocr_carea' id='block_1_118' title="bbox 1090 2768 1884 2804">
    <p class='ocr_par' dir='ltr' id='par_1_118' title="bbox 1090 2768 1884 2804">
     <span class='ocr_line' id='line_1_118' title="bbox 1090 2768 1884 2804; baseline 0.003 -11"><span class='ocrx_word' id='word_1_926' title='bbox 1090 2775 1154 2804; x_wconf 80' lang='lat' dir='ltr'><strong>rum_,</strong></span> <span class='ocrx_word' id='word_1_927' title='bbox 1167 2775 1189 2792; x_wconf 87' lang='lat' dir='ltr'><strong>c.</strong></span> <span class='ocrx_word' id='word_1_928' title='bbox 1203 2769 1234 2804; x_wconf 55' lang='lat'><strong>2;</strong></span> <span class='ocrx_word' id='word_1_929' title='bbox 1241 2775 1247 2803; x_wconf 91' lang='lat'><strong>_:</strong></span> <span class='ocrx_word' id='word_1_930' title='bbox 1262 2772 1321 2804; x_wconf 43' lang='lat' dir='ltr'><strong>.v‘aut</strong></span> <span class='ocrx_word' id='word_1_931' title='bbox 1332 2768 1454 2804; x_wconf 56' lang='lat' dir='ltr'><strong>Abderites</strong></span> <span class='ocrx_word' id='word_1_932' title='bbox 1462 2768 1562 2804; x_wconf 73' lang='lat' dir='ltr'><strong>quidem</strong></span> <span class='ocrx_word' id='word_1_933' title='bbox 1578 2773 1724 2804; x_wconf 60' lang='lat' dir='ltr'><strong>Protagoras</strong></span> <span class='ocrx_word' id='word_1_934' title='bbox 1730 2785 1737 2797; x_wconf 84' lang='grc'>,</span> <span class='ocrx_word' id='word_1_935' title='bbox 1750 2776 1820 2804; x_wconf 72' lang='lat' dir='ltr'><strong>ctqus</strong></span> <span class='ocrx_word' id='word_1_936' title='bbox 1831 2777 1846 2794; x_wconf 77' lang='lat' dir='ltr'><strong>lt</strong></span> <span class='ocrx_word' id='word_1_937' title='bbox 1859 2774 1884 2804; x_wconf 65' lang='lat' dir='ltr'><strong>te</strong></span> 
     </span>
    </p>
   </div>
   <div class='ocr_carea' id='block_1_119' title="bbox 1091 2799 1884 2830">
    <p class='ocr_par' dir='ltr' id='par_1_119' title="bbox 1091 2799 1884 2830">
     <span class='ocr_line' id='line_1_119' title="bbox 1091 2799 1884 2830; baseline 0.003 -7"><span class='ocrx_word' id='word_1_938' title='bbox 1091 2799 1162 2823; x_wconf 86' lang='lat' dir='ltr'><strong>modo</strong></span> <span class='ocrx_word' id='word_1_939' title='bbox 1172 2799 1260 2830; x_wconf 68' lang='lat' dir='ltr'><strong>mentio</strong></span> <span class='ocrx_word' id='word_1_940' title='bbox 1270 2799 1334 2830; x_wconf 77' lang='lat' dir='ltr'><strong>facta</strong></span> <span class='ocrx_word' id='word_1_941' title='bbox 1345 2803 1389 2828; x_wconf 59' lang='lat' dir='ltr'><strong>est,</strong></span> <span class='ocrx_word' id='word_1_942' title='bbox 1401 2799 1518 2830; x_wconf 75' lang='lat' dir='ltr'><strong>sophistes</strong></span> <span class='ocrx_word' id='word_1_943' title='bbox 1529 2799 1674 2827; x_wconf 67' lang='lat' dir='ltr'><strong>tempoﬁbus</strong></span> <span class='ocrx_word' id='word_1_944' title='bbox 1686 2799 1737 2824; x_wconf 79' lang='lat' dir='ltr'><strong>illis</strong></span> <span class='ocrx_word' id='word_1_945' title='bbox 1749 2800 1785 2825; x_wconf 81' lang='lat' dir='ltr'><strong>vel</strong></span> <span class='ocrx_word' id='word_1_946' title='bbox 1800 2800 1884 2825; x_wconf 66' lang='lat' dir='ltr'><strong>maxi-</strong></span> 
     </span>
    </p>
   </div>
   <div class='ocr_carea' id='block_1_120' title="bbox 1091 2829 1884 2862">
    <p class='ocr_par' dir='ltr' id='par_1_120' title="bbox 1091 2829 1884 2862">
     <span class='ocr_line' id='line_1_120' title="bbox 1091 2829 1884 2862; baseline 0.001 -8"><span class='ocrx_word' id='word_1_947' title='bbox 1091 2837 1152 2857; x_wconf 67' lang='lat' dir='ltr'><strong>mus,</strong></span> <span class='ocrx_word' id='word_1_948' title='bbox 1163 2836 1217 2854; x_wconf 82' lang='lat' dir='ltr'><strong>cum</strong></span> <span class='ocrx_word' id='word_1_949' title='bbox 1229 2829 1254 2854; x_wconf 85' lang='lat' dir='ltr'><strong>in</strong></span> <span class='ocrx_word' id='word_1_950' title='bbox 1266 2829 1386 2862; x_wconf 85' lang='lat' dir='ltr'><strong>principio</strong></span> <span class='ocrx_word' id='word_1_951' title='bbox 1397 2829 1453 2856; x_wconf 78' lang='lat' dir='ltr'><strong>libri</strong></span> <span class='ocrx_word' id='word_1_952' title='bbox 1464 2830 1502 2855; x_wconf 83' lang='lat' dir='ltr'><strong>sui</strong></span> <span class='ocrx_word' id='word_1_953' title='bbox 1512 2830 1548 2855; x_wconf 80' lang='lat' dir='ltr'><strong>sic</strong></span> <span class='ocrx_word' id='word_1_954' title='bbox 1560 2830 1676 2862; x_wconf 66' lang='lat' dir='ltr'><strong>posuisset</strong></span> <span class='ocrx_word' id='word_1_955' title='bbox 1688 2830 1718 2855; x_wconf 83' lang='lat' dir='ltr'><strong>de</strong></span> <span class='ocrx_word' id='word_1_956' title='bbox 1731 2829 1788 2862; x_wconf 64' lang='lat' dir='ltr'><strong>diis,</strong></span> <span class='ocrx_word' id='word_1_957' title='bbox 1802 2837 1884 2860; x_wconf 76' lang='lat' dir='ltr'><strong>neque</strong></span> 
     </span>
    </p>
   </div>
   <div class='ocr_carea' id='block_1_121' title="bbox 1092 2861 1884 2893">
    <p class='ocr_par' dir='ltr' id='par_1_121' title="bbox 1092 2861 1884 2893">
     <span class='ocr_line' id='line_1_121' title="bbox 1092 2861 1884 2893; baseline 0 -7"><span class='ocrx_word' id='word_1_958' title='bbox 1092 2864 1116 2886; x_wconf 83' lang='lat' dir='ltr'><strong>ut</strong></span> <span class='ocrx_word' id='word_1_959' title='bbox 1128 2862 1184 2893; x_wconf 84' lang='lat' dir='ltr'><strong>sint,</strong></span> <span class='ocrx_word' id='word_1_960' title='bbox 1195 2866 1270 2892; x_wconf 78' lang='lat' dir='ltr'><strong>neque</strong></span> <span class='ocrx_word' id='word_1_961' title='bbox 1282 2863 1306 2885; x_wconf 82' lang='lat' dir='ltr'><strong>ut</strong></span> <span class='ocrx_word' id='word_1_962' title='bbox 1324 2861 1370 2887; x_wconf 75' lang='lat' dir='ltr'><strong>non</strong></span> <span class='ocrx_word' id='word_1_963' title='bbox 1391 2862 1447 2891; x_wconf 71' lang='lat' dir='ltr'><strong>sint,</strong></span> <span class='ocrx_word' id='word_1_964' title='bbox 1466 2861 1637 2886; x_wconf 76' lang='lat' dir='ltr'><strong>4(hertieusium</strong></span> <span class='ocrx_word' id='word_1_965' title='bbox 1651 2861 1724 2891; x_wconf 78' lang='lat' dir='ltr'><strong>jussu</strong></span> <span class='ocrx_word' id='word_1_966' title='bbox 1737 2861 1796 2887; x_wconf 81' lang='lat' dir='ltr'><strong>urbe</strong></span> <span class='ocrx_word' id='word_1_967' title='bbox 1807 2864 1884 2891; x_wconf 74' lang='lat' dir='ltr'><strong>atque</strong></span> 
     </span>
    </p>
   </div>
  </div>
