2060 3111
242 131 277 159 ετ
601 132 630 159 S.
651 131 796 160 JOANNIS
810 131 1060 160 CHRYSDSTOMI
1080 131 1241 161 ARCHIEP.
1260 127 1538 162 CONSTANTINOP.
1845 142 1878 168 53

240 188 257 216 6
269 188 416 224 λεγόμενος
431 189 538 223 Ἄθως,
554 189 643 217 καίτοι
659 190 753 225 φίλους
772 187 846 225 εῖχον
859 190 906 216 καὶ
918 189 1033 225 δύναμιν

240 234 292 270 τὴν
304 235 361 262 ἀπὸ
372 235 426 262 τῶν
440 235 538 270 λόγων,
552 237 600 263 καὶ
615 236 661 263 ἐπὶ
677 236 821 270 φιλοσοφίᾳ
837 236 1034 271 ἐθαυμάζοντο,

241 280 300 307 ἀλλ’
313 281 389 316 ὅμως
408 282 485 309 οὐδὲν
502 282 605 310 τούτων
620 283 720 313 αὐτοὺς
739 281 838 317 ὤνησε·
857 283 904 309 καὶ
917 282 932 307 ὁ
949 282 1034 316 μέγας

241 326 270 353 δὲ
285 327 433 363 Σωκράτης
447 328 495 355 καὶ
508 329 617 356 πάντων
630 328 685 355 τῶν
700 329 766 363 παρ’
779 329 871 360 αὐτοῖς
890 329 1035 364 φιλοσοφίᾳ.

241 372 351 407 κρατῶν
372 373 417 401 διὰ
430 374 510 401 τοῦτο
530 375 561 401 τὸ
577 373 688 401 κώνειον
708 374 795 405 ἔπιεν,
818 374 912 410 ὲπειδὴ
937 374 965 400 ὲν
979 375 1035 406 τοῖς

240 417 307 453 περὶ
318 418 387 445 θεῶν
407 419 497 454 λόγοις
515 420 613 455 μικρόν
625 428 652 446 τι
667 420 831 455 παρακινεῖν
845 419 1033 446 ὑπωπτεύετο.

240 462 273 489 Et
293 463 322 490 δὲ
337 464 472 500 ὑπόληψις
493 465 560 500 μόνη
576 465 753 500 καινοτομίας
769 464 896 492 τοσοῦτον
911 464 1034 491 κίνδυνον

239 509 341 544 ήνεγκε
373 510 529 545 φιλοσόφοις
552 511 665 547 ἀνδράσι
689 511 737 538 καὶ⁸
755 512 849 546 σοφοῖς
870 511 918 538 καὶ
934 510 1034 546 μυρίας

239 555 438 583 ἀπολελαυκόσι
464 556 623 592 θεραπείας,
640 558 688 584 καὶ
709 558 740 584 οὑ
762 557 841 593 μόνον
857 557 907 584 οὐκ
921 557 1035 592 ἴσχυσαν

239 601 312 637 άπερ
324 601 430 637 ἡθελον,
446 602 515 630 ἀλλὰ
531 603 579 630 καὶ
593 604 671 630 αὐτοὶ
688 603 735 630 καὶ⁴
749 603 822 638 ζωῆς
840 603 888 630 καὶ
904 603 1034 638 πατρίδος

239 646 298 683 [5|]
319 647 457 681 ἰξέπεσον,
475 649 533 681 πῶς
545 649 575 676 οὐ
591 650 741 683 θαυμάζεις
759 649 806 677 καὶ
824 649 973 685 ὲκπλήττῃ,
988 649 1034 676 τὸν

239 693 318 720 ἁλιέα
336 693 408 730 ὀρῶν
429 695 477 721 ἐπὶ
491 695 541 731 τῆς
556 696 720 731 οἰκουμένης
736 695 856 722 τοσαῦτα
878 695 1035 731 ἑργασάμε-

238 746 294 770 νον,
312 738 360 765 καὶ
381 739 594 774 κατορθώσαντα
617 739 689 775 άπερ
710 739 872 773 ἐσπούδασε,
891 739 941 767 καὶ
956 748 1034 776 περι.

238 784 383 820 γενόμενον
413 785 460 812 καὶ
489 785 636 822 βαρσάρων
660 787 708 813 καὶ
730 786 866 822 Ἐλλήνων
882 786 1033 819 ἀπάντων;

244 829 316 856 Ἀλλ’
330 828 412 863 οὗτοι,
429 832 521 866 φησὶν,
533 832 594 867 οὐχὶ
608 832 687 864 θεοὺς
699 832 847 868 εἰσήγαγον
863 831 966 865 ξένους,
977 832 1033 859 ὦσ-

237 885 292 912 περ
308 877 417 905 ἐκεῖνοι.
436 878 508 904 Αὐτὸ
523 877 573 913 μὲν
587 875 633 905 οὖν
648 878 767 913 μάλιστα
779 878 810 905 τδ
820 879 974 914 θαυμαστόν
989 887 1034 914 μοι

237 921 336 956 λέγεις,
358 923 399 949 ὄτι
424 922 504 957 διπλῆ
528 923 545 958 ἡ
568 923 737 958 καινοτομία,
753 923 848 950 καὶτὸ
866 924 929 956 τοὺς
954 924 1033 956 ὄντας

238 967 389 1004 καθαιρεῖν,
403 969 450 995 καὶ
463 969 510 995 τὸν
523 969 732 1005 ἐσταυρωμένον
746 970 934 1004 ἀναγγέλλειν.
947 970 1034 997 Πόθεν

237 1014 292 1048 γὰρ
309 1014 403 1046 αὐτοῖς
423 1014 525 1049 ἐπῆλθε
547 1015 660 1042 τοιαῦτα
676 1015 844 1051 κηρύττειν;
863 1016 946 1043 πόθεν
963 1016 1034 1053 ὑπὲρ

235 1057 284 1085 τοῦ
310 1057 404 1090 τέλους
433 1058 524 1086 αὐτῶν
548 1059 679 1096 θαρῤὲῖν;
700 1059 778 1092 τίνας
798 1060 853 1087 τῶν
875 1060 929 1096 πρὸ
945 1060 1035 1088 αὐτῶν

235 1106 356 1132 τοιοῦτόν
374 1115 401 1133 τι
427 1107 637 1142 κατορθωκότας
664 1105 737 1143 εἶχον
763 1108 846 1141 ἰδεῖν;
871 1108 902 1134 οὐ
932 1108 1034 1140 πάντες

235 1151 366 1186 δαίμονας
379 1151 583 1188 προσεκύνουνς
598 1153 628 1179 οὺ
648 1153 748 1185 πάντες
769 1154 804 1180 τὰ
818 1155 937 1188 στοιχεῖα
959 1153 1034 1181 ὲθεο-

236 1196 346 1230 ποίουν;
360 1198 390 1224 οὐ
404 1197 531 1234 διάφορος
547 1196 581 1234 ἧν
595 1199 644 1233 τῆς
660 1198 788 1231 ἀσεσείας
800 1200 814 1225 ὁ
827 1199 947 1234 τρόπος;
963 1198 1034 1226 Ἀλλ’

235 1242 310 1278 ὅμως
325 1243 361 1270 τὰ
379 1243 467 1270 πάντα
480 1243 609 1279 ἐπῆλθον,
630 1244 678 1270 καὶ
698 1244 852 1270 κατέλυσαν
874 1243 971 1275 ταῦτα,
986 1243 1034 1270 καὶ

235 1289 390 1325 ἐπέδραμον
407 1289 437 1316 iv
454 1289 552 1325 βραχεῖ
563 1289 652 1326 καιρῷ
666 1289 716 1325 τὴν
735 1289 899 1325 οἰκουμένην
912 1288 1032 1323 άπασαν,

235 1334 363 1370 καθάπερ
378 1335 528 1372 ὑπόπτεροι
544 1344 627 1367 τινες,
641 1335 672 1362 οὐ
686 1335 828 1367 κινδύνους
850 1335 1032 1371 λογιζόμενοι,

234 1381 265 1407 οὐ
281 1381 424 1415 θανάτους,
437 1382 468 1409 οὑ
480 1383 530 1417 τὴν
544 1382 590 1409 τοῦ
601 1383 764 1418 πράγματος
774 1383 930 1416 δυσκολίαν,
943 1383 973 1410 οὐ
984 1382 1034 1418 τὴν

234 1426 380 1461 όλιγότητα
396 1427 445 1463 τὴν
458 1427 573 1460 ἑαυτῶν,
590 1429 622 1455 οὐ
633 1428 663 1455 τὸ
676 1428 777 1463 πλῆθος
789 1427 843 1455 τῶν
854 1429 1034 1464 ἐναντιουμέ-

234 1481 298 1505 νων,
309 1473 340 1500 οὗ
350 1473 400 1509 τὴν
408 1473 546 1507 ἐξουσίαν,
559 1474 591 1501 οὐ
599 1473 649 1510 τὴν
661 1473 831 1506 δυναστείαν,
839 1474 870 1501 οὗ
879 1474 928 1509 τὴν
937 1474 1034 1509 σοφίαν

233 1518 289 1545 τῶν
300 1518 502 1555 πολεμούντων.
514 1517 593 1554 Εἶχον
601 1520 656 1555 γὰρ
665 1519 769 1546 τούτων
780 1519 907 1547 ἁπάντων
922 1519 1034 1555 μείζονα

235 1565 404 1600 συμμαχίαν,
433 1565 483 1601 τὴν
506 1564 556 1592 τοῦ
572 1566 778 1601 σταυρωθέντος
799 1565 848 1592 καὶ
868 1565 1035 1598 ἀναστάντος

233 1611 359 1646 δύναμιν.
375 1611 433 1638 οὐκ
446 1608 481 1647 ἦν
495 1611 567 1638 οὕτω
588 1611 756 1646 θαυμαστὸν,
783 1612 806 1637 εί
824 1611 977 1646 πολεμῆσαι
998 1611 1034 1642 εἴ,

234 1655 311 1683 λοντο
322 1657 356 1692 τῇ
369 1656 517 1692 οἰκουμένῃ
528 1656 647 1692 πόλεμον
659 1656 799 1691 αἰσθητὸν,
811 1656 850 1688 ὥς
862 1656 941 1683 τοῦτο
951 1657 981 1684 τὸ
991 1665 1034 1692 γε-

234 1703 384 1737 γενημένον
404 1702 461 1730 νῦν.
482 1702 543 1729 Ἐπὶ
563 1703 612 1736 μὲν
628 1702 683 1737 γὰρ
699 1702 747 1729 τοῦ
769 1702 854 1737 νόμου
872 1701 923 1737 τῆς
942 1702 1034 1738 μάχης

235 1747 300 1782 ἐξῆν
317 1747 482 1779 ἀπεναντίας
502 1747 627 1774 ἵστασθαι
641 1747 696 1774 τῶν
709 1745 859 1782 πολεμίων,
873 1746 922 1773 καὶ
940 1746 1033 1782 χώραν

234 1792 480 1828 ἀπολαμϐάνοντας
499 1792 623 1820 ἐναντίαν
637 1792 710 1820 οὕτω
725 1792 949 1828 παρατάττεσθαι
964 1792 1033 1828 πρὸς

233 1839 296 1871 τοὺς
311 1839 545 1874 ἐναντιουμένους,
563 1838 609 1866 καὶ
622 1839 718 1874 καιρδν
732 1839 804 1874 ἔχειν
817 1838 970 1870 ἐπιθέσεως
985 1838 1033 1866 καὶ

235 1885 383 1921 συμῦολῆς·
401 1885 519 1912 ἐνταῦθα
535 1885 563 1912 δε
581 1885 631 1920 οὐχ
647 1885 746 1917 οὕτως·
764 1885 794 1912 οὺ
806 1884 862 1920 γὰρ
880 1885 1032 1920 στρατόπε-

233 1931 279 1958 δον
301 1931 366 1958 [διον
380 1930 463 1967 εἶχον,
481 1931 550 1959 ἀλλὰ
567 1931 660 1963 αὐτοῖς
672 1931 855 1966 ἀνεμίγνυντο
874 1931 930 1963 τοῖς
953 1931 1033 1958 πολε-

236 1977 318 2012 μίοις,
333 1977 380 2004 καὶ
396 1976 484 2009 οὕτως
497 1977 587 2005 αὐτῶν
601 1977 733 2012 ἐκράτουν
742 1985 750 1994 ·
764 1977 812 2004 καὶ
825 1977 854 2004 ὲν
871 1977 964 2011 μέσοις
977 1978 1033 2008 τοῖς

234 2020 342 2056 ἐχθροῖς
357 2020 601 2057 ἀναστρεφόμενοι,
620 2021 806 2049 διωλίσθαινον
819 2021 909 2048 αὐτῶν
923 2021 973 2053 τὰς
984 2021 1033 2048 λα-

234 2065 285 2097 ϐὰς
297 2071 321 2099 ι,
340 2065 388 2093 καὶ¹
405 2066 592 2102 περιεγίνοντο
608 2067 655 2094 καὶ
676 2067 774 2094 ἐνίκων
796 2067 876 2102 νίκην
902 2066 1033 2103 λαμπρὰν

234 2110 392 2146 πληροῦσαν
412 2111 580 2146 προφητείαν
595 2112 730 2146 λέγουσαν
741 2121 747 2127 ’
770 2111 825 2139 Καὶ
842 2112 1033 2146 κατακυριεύ-

233 2163 300 2189 σεις
316 2156 447 2190 ἐνμέσῳ
468 2156 528 2183 τῶν
540 2156 656 2192 ἐχθρῶν
677 2165 746 2184 σου.
766 2156 853 2183 Τοῦτο
877 2156 932 2192 γὰρ
948 2154 983 2192 ἦν
1002 2157 1032 2184 τὺ

235 2202 338 2237 πολλῆς
353 2202 511 2238 ἐκπλήξεως
525 2202 622 2237 γέμον,
637 2203 679 2230 ὅτι
702 2203 864 2237 κατέχοντες
885 2202 984 2234 αὐτοὺς
1007 2203 1032 2230 οι

235 2248 338 2284 ἐχθροὶ,
365 2248 414 2275 καὶ
440 2248 480 2280 εἰς
506 2248 695 2284 δεσμωτήριον
720 2247 902 2283 ἐμϐάλλοντες
919 2248 968 2275 καὶ
990 2248 1033 2275 δε-

236 2294 332 2329 σμοὺς,
355 2293 385 2320 οὺ
411 2292 491 2329 μόνον
510 2292 600 2320 αὐτῶν
623 2293 654 2319 οὐ
671 2292 879 2329 περιεγένοντο,
895 2293 964 2320 ἀλλὰ
986 2294 1034 2321 καὶ

235 2340 313 2367 αὐτοὶ
334 2339 403 2375 μετὰ
420 2339 505 2366 ταῦτα
519 2338 611 2370 αὐτοῖς
626 2338 795 2371 ὑπέκυπτον,
810 2339 835 2366 οί
854 2339 1033 2374 μαστίζοντες

234 2387 291 2418 τοῖς
307 2385 526 2421 μαστιζομένοις,
544 2385 567 2411 οί
581 2384 744 2420 δεσμοῦντες
760 2387 816 2417 τοῖς
827 2385 988 2420 δεδεμένοις,
1006 2386 1032 2412 οἱ

233 2433 377 2465 διώκοντες
401 2434 457 2464 τοῖς
478 2431 677 2467 ἐλαυνομένοις.
697 2431 791 2458 Ταῦτα
809 2432 842 2467 δὴ
858 2432 947 2459 πάντα
964 2432 1032 2467 πρὸς

235 2479 372 2514 Ἕλληνας
396 2478 523 2513 λέγομεν,
549 2477 649 2513 μᾶλλον
668 2477 697 2504 δὲ
715 2478 762 2504 καὶ
785 2478 889 2505 τούτων
910 2478 1031 2506 πλείονα’

236 2525 321 2560 πολλὴ
349 2524 403 2560 γὰρ
429 2523 479 2559 τῆς
506 2523 636 2559 ἀληθείας
659 2525 676 2559 ἡ
704 2524 859 2559 περιουσία.
893 2524 952 2551 Κᾶν
977 2524 1033 2559 γὰρ

236 2570 459 2606 ταρακολουθῆτε
480 2570 514 2605 τῇ
539 2569 675 2601 ὑποθέσει,
690 2571 780 2596 πᾶσαν
800 2569 873 2604 ὑμᾶς
893 2569 943 2604 τὴν
964 2569 1032 2604 πρὸς

236 2617 334 2649 αὐτοὺς
358 2617 500 2652 διδάξομεν
531 2616 630 2652 μάχην·
657 2616 724 2647 τέως
746 2616 775 2642 δὲ
799 2616 877 2642 ταυτὶ
904 2615 951 2642 δύο
973 2615 1031 2641 δια-

235 2663 365 2700 τηρῶμεν
385 2663 531 2698 κεφάλαια,
547 2661 605 2694 πῶς
627 2662 652 2688 οἱ
677 2662 800 2693 ἀσθενεῖς
818 2662 882 2692 τοὺς
906 2661 1032 2696 ἰσχυροὺς

237 2710 378 2745 ἐνίκησαν,
400 2709 447 2736 καὶ
465 2709 546 2736 πόθεν
570 2709 662 2739 αὺτοῖς
688 2707 791 2742 ἐπῆλθε
817 2706 949 2739 τοιούτοις
972 2704 1032 2733 οὖσι

237 2755 350 2782 τοιαῦτα
366 2754 572 2790 βουλεύσασθαι,
598 2755 622 2781 εἰ
647 2753 686 2789 μὴ
710 2753 785 2784 θείας
805 2752 942 2780 ἀπέλαυον
962 2761 1031 2788 συμ-

239 2801 352 2837 μαχίας.

270 2870 282 2884 ⁸
296 2868 424 2901 leget-amr
435 2869 532 2901 βλάϐας.

1122 194 1159 218 α’.
1171 191 1226 217 Καὶ
1237 191 1271 217 τὰ
1282 191 1348 226 παρ’
1360 191 1437 226 ἡμῶν
1451 188 1512 219 ὦδε.
1529 191 1716 227 Παρεχώμεθα
1727 191 1756 218 δὲ
1767 193 1814 219 ἐπὶ
1826 193 1881 220 τῶν

1085 235 1176 271 ἔργων
1193 236 1208 256 δ
1222 236 1257 263 τὰ
1276 237 1323 263 τοῦ
1346 236 1404 272 βίου
1425 237 1635 273 κατορθώματα.
1652 239 1697 265 καὶ
1719 238 1830 274 δαψιλὲς
1850 240 1881 266 τὸ

1085 281 1142 317 πῦρ
1165 281 1330 317 ἀνάπτωμεν
1357 282 1408 317 τῆς
1438 283 1548 320 ἀρετῆς.
1568 283 1711 319 Φωστῆρες
1731 284 1787 319 γάρ
1806 285 1878 316 ἐστε,

1054 334 1063 337 “
1085 328 1178 362 φησὶν,
1195 329 1224 355 ἒν
1238 328 1313 363 μέσῳ
1335 327 1381 354 τοῦ
1397 329 1500 363 κόσμου
1516 328 1681 364 λάμποντες·
1702 329 1750 356 καὶ
1770 329 1880 364 μείζονα

1084 372 1164 408 ἡμῶν
1181 373 1288 407 ἑκάστῳ
1302 374 1396 408 χρείαν
1411 373 1576 408 ἐνεχείρισεν
1588 375 1603 400 ό
1622 373 1699 406 Θεὸς,
1715 374 1731 409 ἢ
1744 374 1783 409 τῷ
1801 375 1878 410 ἡλίῳ,

1086 418 1197 454 μείζονα
1212 419 1327 454 οὐρανοῦ
1348 419 1395 446 καὶ
1411 419 1463 454 γῆς
1478 419 1526 445 καὶ
1543 419 1689 454 θαλάττης,
1701 420 1747 447 καὶ
1761 420 1880 456 τοσούτῳ

1085 466 1144 502 [32]
1161 467 1283 503 μείζονα,
1296 467 1351 502 ὅσῳ
1369 467 1403 493 τὰ
1416 467 1591 502 πνευματικά
1609 467 1663 494 τῶν
1678 468 1817 504 αἰσθητῶν
1839 469 1879 496 δι-

1084 513 1223 548 ενήνοχεν.
1236 512 1323 539 Ὅταν
1338 510 1384 539 οὗν
1396 512 1465 548 πρὸς
1475 512 1522 540 τὸν
1534 513 1647 548 ἡλιακὸν
1658 513 1758 548 ἴδωμεν
1768 514 1878 546 κύκλον,

1084 558 1131 584 καὶ
1148 557 1334 593 θαυμάσωμεν
1345 558 1376 584 τὺ
1386 558 1485 590 κάλλος
1502 558 1550 585 καὶ
1563 559 1594 585 τὸ
1606 559 1687 594 σῶμα
1699 559 1746 586 καὶ
1757 559 1806 594 τὴν
1816 569 1879 594 φαι-

1084 604 1204 639 δρότητα
1227 604 1275 630 τοῦ
1292 604 1404 639 ἄστρου,
1420 603 1592 639 λογιζώμεθα
1609 604 1704 637 πάλιν,
1722 606 1763 631 ὃτι
1787 605 1879 640 μεῖζον

1084 650 1131 676 καὶ
1144 649 1256 684 ἄμεινον
1272 649 1302 675 τὸ
1317 650 1346 676 ὲν
1360 650 1426 685 ἡμῖν
1442 649 1512 684 φῶς,
1530 649 1656 685 καθάπερ
1671 650 1718 676 κιι)⁸
1731 650 1763 677 τδ
1783 651 1879 683 σκότος

1085 694 1284 731 χαλεπώτερον,
1302 694 1335 722 ἂν
1357 695 1395 731 μὴ
1415 694 1606 731 προσέχωμεν·
1625 695 1673 722 καὶ
1694 695 1748 732 γὰρ
1765 696 1813 730 νὺξ
1828 697 1878 731 βα-

1085 741 1144 769 θεῖα
1158 741 1268 778 κατέχει
1282 741 1332 777 τὴν
1345 741 1509 777 οἰκουμένην
1526 740 1645 768 ἃπασαν.
1661 741 1769 776 Ταύτην
1789 743 1880 769 τοίνυν

1084 786 1282 822 ἀνατρέψωμεν
1298 786 1345 813 καὶ
1375 785 1510 821 λύσωμεν.
1530 785 1589 818 Νὺξ
1607 785 1658 812 οὐκ
1679 786 1708 812 ιν
1729 787 1879 823 αἰρετιχοῖς

1083 834 1144 860 οὐδὲ
1160 834 1189 860 ὲν
1203 834 1316 869 Ἕλλησι
1331 833 1422 868 μόνον,
1444 832 1513 859 ἀλλὰ
1533 832 1581 860 καὶ
1602 832 1710 865 πολλοῖς
1733 835 1790 865 τοῖς
1811 829 1878 869 παρ’

1084 880 1149 914 ἡμῖν
1163 879 1306 914 δογμάτων
1323 879 1417 905 ιἐνεκεν
1431 878 1478 905 καὶ
1493 877 1561 914 βίου.
1576 878 1674 906 Πολλοὶ
1695 879 1749 915 γὰρ
1765 881 1798 915 τῇ
1811 880 1877 906 ἀνα-

1084 925 1179 951 στάσει
1198 924 1379 956 διαπιστοῦσι,
1398 924 1490 950 πολλοὶ
1509 924 1556 951 καὶ
1569 923 1676 958 γένεσιν
1694 925 1800 957 ἑαυτοῖς
1815 925 1877 952 ἐπι-

1082 971 1241 1006 τειχίζουσι,
1255 971 1347 998 πολλοῖ⁸
1358 970 1407 997 καὶ
1423 970 1630 1006 παρατηρήσεις
1641 970 1816 1005 φυλάττουσι,
1831 971 1878 998 καὶ

1083 1016 1284 1052 κληδωνισμοῖς
1300 1017 1347 1043 καὶ
1359 1017 1514 1051 οἰωνισμοῖς
1526 1016 1574 1043 καὶ
1585 1016 1740 1052 συμσόλοις·
1753 1017 1778 1043 al
1790 1016 1818 1043 δὲ
1830 1018 1879 1044 καὶ

1083 1062 1247 1098 περιάπτοις
1262 1063 1310 1089 καὶ
1325 1062 1441 1098 ἐπῳδαῖς
1454 1062 1614 1098 κέχρηνται.
1636 1062 1717 1090 Ἀλλὰ
1738 1063 1785 1090 καὶ
1809 1063 1878 1098 πρὸς

1082 1108 1196 1140 τούτους
1220 1107 1270 1144 μὶν
1285 1107 1400 1144 ὕστερον
1419 1107 1547 1143 ἐροῦμεν,
1569 1108 1633 1134 ὅταν
1649 1107 1685 1134 τὰ
1697 1108 1764 1145 πρὸς
1777 1108 1878 1144 Ἐλλη-

1083 1163 1132 1187 νας
1148 1154 1330 1190 διανύσωμεν·
1350 1154 1419 1186 τέως
1434 1154 1463 1180 δὲ
1477 1154 1513 1181 τὰ
1526 1153 1658 1189 εἰρημένα
1673 1154 1813 1189 κατέχετε,
1831 1155 1878 1182 καὶ

1084 1199 1250 1227 συλλάὸεσθέ
1265 1208 1311 1235 μοι
1330 1199 1380 1235 τῆς
1394 1199 1494 1235 μάχης,
1507 1199 1554 1227 διὰ
1571 1198 1621 1226 τοῦ
1639 1199 1698 1234 βίου
1715 1200 1784 1235 πρὸς
1803 1201 1878 1235 ἡμᾶς

1083 1247 1209 1277 ἕλκοντες
1227 1246 1326 1277 αὐτοὺς
1340 1245 1387 1272 καὶ
1400 1245 1593 1280 μεθιστῶντες.
1608 1245 1697 1281 Ὅπερ
1712 1245 1766 1281 γὰρ
1777 1245 1821 1272 ἀεὶ
1834 1245 1878 1273 λέ-

1083 1300 1136 1326 γω,
1155 1291 1202 1318 τὸν
1223 1291 1290 1327 περὶ
1313 1290 1474 1325 φιλοσοφίας
1495 1290 1666 1323 διδάσκοντα,
1692 1291 1824 1327 πρότερον
1847 1291 1879 1318 ὲν

1084 1337 1174 1374 ἑαυτῷ
1192 1337 1272 1365 τοῦτο
1289 1337 1424 1365 διδάσκειν
1446 1337 1501 1373 χρὴ
1521 1337 1570 1364 καὶ
1588 1336 1712 1365 ποθεινὸν
1731 1335 1802 1365 εῖναι
1822 1338 1878 1370 τοῖς

1082 1383 1225 1411 ἀκούουσι.

1118 1473 1267 1510 Γενώμεθα
1282 1473 1373 1500 τοίνυν
1388 1472 1520 1506 ποθεινοὶ,
1536 1472 1584 1500 καὶ
1597 1471 1727 1504 εὐνοϊκῶς
1741 1471 1879 1508 διαθῶμεν

1083 1520 1153 1556 πρὸς
1167 1520 1242 1555 ἡμᾶς
1256 1519 1320 1550 τοὺς
1335 1518 1480 1554 Ἕλληνας.
1499 1518 1586 1544 Τοῦτο
1609 1510 1637 1544 δὲ
1662 1518 1739 1545 ἔσται
1755 1537 1762 1549 ,
1778 1517 1826 1544 ἐὰν
1841 1518 1878 1553 μὴ

1084 1565 1178 1597 κακῶς
1194 1566 1291 1601 ποιεῖν,
1307 1564 1376 1591 ἀλλὰ
1393 1565 1441 1592 καλ⁵
1469 1564 1563 1596 κακῶς
1579 1564 1695 1599 πάσχειν
1711 1560 1787 1598 ὦμεν
1811 1572 1880 1598 παρ-

1083 1611 1294 1647 εσκευασμένοι.
1310 1611 1366 1647 Οὐχ
1379 1611 1489 1647 ὁρῶμεν
1501 1611 1537 1638 τὰ
1559 1610 1665 1642 παιδία,
1676 1611 1740 1637 ὃταν
1755 1610 1808 1637 ὑπὸ
1824 1610 1880 1637 τῶν

1083 1658 1212 1692 πατέρων
1230 1655 1422 1692 βασταζόμενα
1439 1657 1545 1694 ὲντείνῃ
1560 1656 1668 1692 πληγὰς
1687 1657 1728 1688 είς
1741 1655 1790 1687 τὰς
1812 1656 1878 1690 γνά-
1932 1691 1935 1695 Ι

1083 1704 1147 1735 θους
1160 1701 1206 1729 τοῦ
1219 1702 1359 1738 φέροντος,
1377 1701 1437 1733 πῶς
1449 1703 1463 1728 ὸ
1486 1701 1578 1737 πατὴρ
1601 1701 1687 1737 ἡδέως
1708 1700 1824 1736 παρέχει
1839 1700 1878 1736 τῷ

1083 1747 1160 1775 παιδὶ
1168 1747 1217 1781 τῆς
1228 1745 1314 1781 ὀργῆς
1323 1745 1524 1781 ἐμφορηθῆναι,
1534 1745 1582 1772 καὶ
1591 1745 1655 1771 ὅταν
1668 1745 1710 1781 ῖδῃ
1722 1745 1879 1774 κενώσαγτα

1082 1793 1128 1820 τὸν
1141 1792 1228 1828 θυμὸν
1248 1791 1445 1827 φαιδρύνεται;
1467 1791 1545 1818 Οὕτω
1568 1792 1614 1818 καὶ
1635 1792 1716 1827 ἡμεῖς
1735 1791 1876 1827 ποιῶμεν·

1083 1840 1130 1866 καὶ
1145 1839 1272 1874 καθάπερ
1288 1839 1408 1874 πατέρες
1425 1838 1494 1874 πρὸς
1506 1838 1611 1870 παιδία,
1628 1839 1684 1870 τοῖς
1696 1838 1809 1874 Ἕλλησι
1820 1839 1878 1865 δια-

1082 1885 1238 1921 λεγώμεθα.
1260 1884 1360 1912 Παιδία
1374 1884 1428 1920 γάρ
1445 1885 1514 1911 εἰσιν
1532 1884 1652 1916 ἅπαντες
1663 1883 1809 1919 Ἕλληνες·
1829 1884 1878 1912 καὶ

1081 1931 1169 1958 ταῦτά
1188 1939 1261 1962 τινες
1275 1930 1329 1957 τῶν
1343 1930 1408 1967 παρ’
1421 1930 1513 1962 αὐτοῖς
1528 1930 1683 1965 εἰρήκασιν,
1704 1929 1746 1956 ὅτι
1760 1930 1804 1957 ἀεὶ
1815 1932 1878 1957 παῖ-

1081 1976 1125 2008 δες
1136 1976 1247 2007 ἐκεῖνοι,
1260 1974 1308 2002 καὶ
1322 1975 1411 2010 γέρων
1427 1974 1526 2010 Ἕλλην
1548 1974 1647 2006 οὐδείς.
1670 1974 1712 2001 Τὰ
1734 1975 1763 2001 δὲ
1782 1975 1878 2003 παιδία

1083 2023 1153 2058 ὑπὲρ
1163 2021 1271 2054 οὐδενὸς
1283 2022 1410 2056 ἀνέχεται
1421 2021 1575 2056 φροντίζειν
1585 2021 1723 2057 χρησίμου
1733 2030 1740 2036 ·
1751 2021 1822 2048 οὕτω
1830 2022 1877 2048 καὶ

1082 2069 1107 2095 oi
1128 2068 1258 2103 ’Έλληνες
1273 2066 1382 2099 παίζειν
1392 2067 1436 2094 ἀεὶ
1449 2066 1590 2102 βούλονται
1602 2067 1650 2094 καὶ
1663 2067 1751 2102 χαμαὶ
1762 2062 1877 2101 κεῖνται,

1082 2115 1261 2150 χαμαιπετεῖς
1275 2113 1352 2144 ὅντες
1361 2114 1410 2140 καὶ
1422 2112 1597 2148 χαμαίζηλοι.
1612 2113 1653 2140 Τὰ
1664 2112 1692 2139 δὲ
1707 2112 1801 2139 παιδία
1811 2112 1877 2139 πολ-

1083 2161 1161 2192 λάκις
1186 2159 1252 2196 περὶ
1276 2159 1435 2193 ἀναγκαίων
1454 2158 1533 2194 ἡμῶν
1550 2157 1752 2193 διαλεγομένων
1769 2158 1877 2189 οὐδενὸς

1083 2206 1278 2234 ἐπαισθάνεται
1305 2205 1360 2232 τῶν
1385 2204 1551 2240 λεγομένων.
1572 2204 1629 2231 ἀλλ’
1649 2204 1694 2231 ἀεὶ
1717 2204 1764 2231 καὶ
1788 2204 1876 2239 γελᾷ·

1082 2251 1198 2280 τοιοῦτοι
1216 2252 1263 2278 καὶ⁵
1272 2252 1296 2278 οἰ
1311 2250 1442 2286 Ἕλληνες
1454 2259 1461 2267 ·
1472 2250 1536 2277 ὅταν
1549 2251 1614 2286 περὶ
1631 2249 1770 2285 βασιλείας
1784 2249 1875 2276 διαλε-

1082 2297 1206 2333 γώμεθα,
1220 2296 1332 2331 γελῶσι.
1347 2297 1402 2324 Καὶ
1416 2296 1545 2332 καθάπερ
1556 2296 1588 2323 ὲκ
1603 2295 1730 2322 παιδικοῦ
1742 2295 1876 2330 στόματος

1083 2343 1167 2374 πολὺς
1181 2342 1344 2375 ἀποϐλύζων
1359 2342 1446 2374 σίελος
1461 2342 1592 2374 πολλάκις
1603 2342 1651 2368 καὶ
1669 2341 1754 2367 σιτίον
1769 2341 1815 2367 καὶ
1825 2349 1876 2367 πο-

1082 2389 1128 2416 τὸν
1143 2389 1289 2424 ὲμόλυνεν·
1312 2388 1384 2415 οὕτω
1403 2388 1451 2415 καὶ
1471 2388 1506 2415 τὰ
1527 2387 1581 2415 ἀπὸ
1600 2386 1647 2414 τοῦ
1670 2387 1804 2421 στόματος
1820 2386 1876 2414 τῶν

1088 2434 1221 2469 Ἑλλήνιον
1236 2433 1407 2470 ἀπορρέοντα
1421 2434 1454 2470 ρή
1460 2442 1532 2468 ματα
1547 2433 1650 2468 μάταια
1662 2433 1709 2459 καὶ
1719 2432 1873 2468 ἀκάθαρτα·

1082 2479 1133 2506 κᾶν
1147 2479 1298 2513 ἀναγκαίαν
1306 2479 1359 2514 δῷς
1372 2479 1486 2514 τροφὴν,
1499 2478 1615 2505 λυποῦσι
1625 2478 1688 2511 τοὺς
1703 2479 1876 2514 παρέχοντας

1081 2525 1125 2552 διὰ
1140 2525 1316 2560 βλασφημίας
1331 2525 1385 2557 ἀεὶ,
1400 2525 1448 2551 καὶ
1462 2525 1567 2552 δέονται
1579 2524 1817 2556 διαδαστάζεσθαι.
1833 2524 1874 2552 Τὰ

1082 2570 1177 2598 παιδία
1190 2570 1271 2597 πάλιν
1281 2571 1346 2597 ὅταν
1363 2570 1438 2597 ἴδωσι
1452 2569 1554 2607 λῃστὴν
1562 2570 1682 2596 εἰσιόντα
1693 2569 1741 2596 καὶ
1754 2569 1788 2596 τὰ
1800 2569 1875 2597 ἔνδον

1082 2615 1294 2651 ἀφαιρούμενον,
1309 2615 1339 2643 οὐ
1358 2616 1439 2650 μόνον
1451 2616 1501 2643 οὐκ
1512 2614 1611 2650 ἀμύνει
1623 2635 1630 2648 ,
1643 2614 1712 2641 ἀλλὰ
1727 2615 1774 2641 καὶ
1787 2623 1874 2651 προσ-

1082 2661 1149 2697 γελᾷ
1167 2661 1206 2697 τῷ
1222 2661 1360 2696 ὲπιὸούλῳ
1370 2670 1376 2676 -
1395 2661 1428 2688 ἂν
1445 2660 1474 2688 δὲ
1496 2660 1542 2687 τὸν
1555 2659 1749 2695 καλαθίσκονῆ
1766 2661 1802 2687 τὰ
1817 2661 1875 2686 σεῖ-

1084 2715 1152 2742 στρα
1164 2707 1279 2743 ἀφέλῃς,
1294 2707 1311 2742 ἢ
1327 2706 1390 2734 ἄλλο
1403 2715 1429 2733 τι
1446 2705 1501 2732 τῶν
1525 2705 1703 2741 ἀθυρμάτων,
1721 2704 1876 2732 δεινοπαθεῖ

1083 2754 1130 2780 καὶ
1144 2753 1326 2789 δυσχεραίνει,
1337 2753 1522 2787 σπαράττεται
1531 2752 1578 2779 καὶ
1585 2750 1707 2783 λακτίζει
1721 2751 1752 2777 τὸ
1764 2751 1873 2786 ἔδαφος.

1113 2831 1128 2851 b
1138 2831 1180 2856 Sic
1189 2830 1265 2862 codex
1279 2831 1372 2862 Regius
1389 2831 1492 2861 optime.
1506 2829 1571 2855 Edili
1581 2829 1731 2862 παρεχόμεθα
1742 2829 1767 2854 δὲ
1776 2829 1824 2854 τῶν
1835 2828 1869 2860 ιρ-

1087 2871 1144 2893 γων,
1156 2864 1182 2886 el.
1193 2861 1255 2887 infra
1273 2861 1415 2892 ἀνάπτομεν.
