  <div class='ocr_page' id='page_1' title='image "/cluster/home/n/w/nwhite01/storage/ocr_20150623/61/njp.32101077772679/046.png"; bbox 0 0 2060 3111; ppageno 0'>
   <div class='ocr_carea' id='block_1_1' title="bbox 146 171 1796 214">
    <p class='ocr_par' dir='ltr' id='par_1_1' title="bbox 146 171 1796 214">
     <span class='ocr_line' id='line_1_1' title="bbox 146 171 1796 214; baseline 0.013 -21"><span class='ocrx_word' id='word_1_1' title='bbox 146 171 178 198; x_wconf 75' lang='lat'><strong>5&#39;!</strong></span> <span class='ocrx_word' id='word_1_2' title='bbox 693 172 724 199; x_wconf 84' lang='lat' dir='ltr'><strong>IN</strong></span> <span class='ocrx_word' id='word_1_3' title='bbox 743 173 849 202; x_wconf 81' lang='lat' dir='ltr'><strong>EPIST.</strong></span> <span class='ocrx_word' id='word_1_4' title='bbox 869 173 878 200; x_wconf 81' lang='grc' dir='ltr'>ι</span> <span class='ocrx_word' id='word_1_5' title='bbox 910 174 955 201; x_wconf 80' lang='lat' dir='ltr'><strong>AD</strong></span> <span class='ocrx_word' id='word_1_6' title='bbox 973 173 1055 202; x_wconf 73' lang='lat' dir='ltr'><strong>COR.</strong></span> <span class='ocrx_word' id='word_1_7' title='bbox 1073 174 1186 204; x_wconf 73' lang='lat' dir='ltr'><strong>HOMIL.</strong></span> <span class='ocrx_word' id='word_1_8' title='bbox 1209 176 1251 206; x_wconf 77' lang='lat' dir='ltr'><strong>iV.</strong></span> <span class='ocrx_word' id='word_1_9' title='bbox 1762 187 1796 214; x_wconf 74' lang='lat'><strong>58</strong></span> 
     </span>
    </p>
   </div>
   <div class='ocr_carea' id='block_1_2' title="bbox 148 229 950 265">
    <p class='ocr_par' dir='ltr' id='par_1_2' title="bbox 148 229 950 265">
     <span class='ocr_line' id='line_1_2' title="bbox 148 229 950 265; baseline 0 -7"><span class='ocrx_word' id='word_1_10' title='bbox 148 237 198 258; x_wconf 74' lang='lat' dir='ltr'><strong>non</strong></span> <span class='ocrx_word' id='word_1_11' title='bbox 211 229 308 256; x_wconf 89' lang='lat' dir='ltr'><strong>orbent</strong></span> <span class='ocrx_word' id='word_1_12' title='bbox 322 229 493 258; x_wconf 86' lang='lat' dir='ltr'><strong>circumiens</strong></span> <span class='ocrx_word' id='word_1_13' title='bbox 508 235 535 258; x_wconf 91' lang='lat' dir='ltr'><strong>et</strong></span> <span class='ocrx_word' id='word_1_14' title='bbox 545 230 704 265; x_wconf 73' lang='lat' dir='ltr'><strong>praedicans,</strong></span> <span class='ocrx_word' id='word_1_15' title='bbox 713 231 761 258; x_wconf 86' lang='lat' dir='ltr'><strong>sed</strong></span> <span class='ocrx_word' id='word_1_16' title='bbox 775 231 801 258; x_wconf 90' lang='lat' dir='ltr'><strong>in</strong></span> <span class='ocrx_word' id='word_1_17' title='bbox 815 238 867 259; x_wconf 91' lang='lat' dir='ltr'><strong>una</strong></span> <span class='ocrx_word' id='word_1_18' title='bbox 881 230 950 258; x_wconf 72' lang='lat' dir='ltr'><strong>civi-</strong></span> 
     </span>
    </p>
   </div>
   <div class='ocr_carea' id='block_1_3' title="bbox 149 275 951 313">
    <p class='ocr_par' dir='ltr' id='par_1_3' title="bbox 149 275 951 313">
     <span class='ocr_line' id='line_1_3' title="bbox 149 275 951 313; baseline 0.005 -11"><span class='ocrx_word' id='word_1_19' title='bbox 149 280 222 308; x_wconf 82' lang='lat' dir='ltr'><strong>tate,</strong></span> <span class='ocrx_word' id='word_1_20' title='bbox 246 275 282 303; x_wconf 78' lang='lat' dir='ltr'><strong>de</strong></span> <span class='ocrx_word' id='word_1_21' title='bbox 307 277 443 305; x_wconf 78' lang='lat' dir='ltr'><strong>extremis</strong></span> <span class='ocrx_word' id='word_1_22' title='bbox 466 277 630 312; x_wconf 71' lang='lat' dir='ltr'><strong>periclitatus</strong></span> <span class='ocrx_word' id='word_1_23' title='bbox 657 282 708 305; x_wconf 85' lang='lat' dir='ltr'><strong>est.</strong></span> <span class='ocrx_word' id='word_1_24' title='bbox 733 277 860 313; x_wconf 74' lang='lat' dir='ltr'><strong>Diagoras</strong></span> <span class='ocrx_word' id='word_1_25' title='bbox 887 286 951 306; x_wconf 82' lang='lat' dir='ltr'><strong>vero</strong></span> 
     </span>
    </p>
   </div>
   <div class='ocr_carea' id='block_1_4' title="bbox 151 322 949 359">
    <p class='ocr_par' dir='ltr' id='par_1_4' title="bbox 151 322 949 359">
     <span class='ocr_line' id='line_1_4' title="bbox 151 322 949 359; baseline 0.001 -9"><span class='ocrx_word' id='word_1_26' title='bbox 151 322 268 350; x_wconf 73' lang='lat' dir='ltr'><strong>Milesius</strong></span> <span class='ocrx_word' id='word_1_27' title='bbox 293 324 352 357; x_wconf 78' lang='grc' dir='ltr'><strong>(ιι),</strong></span> <span class='ocrx_word' id='word_1_28' title='bbox 374 331 404 351; x_wconf 82' lang='lat' dir='ltr'><strong>et</strong></span> <span class='ocrx_word' id='word_1_29' title='bbox 430 323 588 351; x_wconf 83' lang='lat' dir='ltr'><strong>Theodorus</strong></span> <span class='ocrx_word' id='word_1_30' title='bbox 606 326 701 351; x_wconf 82' lang='lat' dir='ltr'><strong>attteus</strong></span> <span class='ocrx_word' id='word_1_31' title='bbox 728 323 949 359; x_wconf 84' lang='lat' dir='ltr'><strong>cognominatus,</strong></span> 
     </span>
    </p>
   </div>
   <div class='ocr_carea' id='block_1_5' title="bbox 153 368 949 410">
    <p class='ocr_par' dir='ltr' id='par_1_5' title="bbox 153 368 949 410">
     <span class='ocr_line' id='line_1_5' title="bbox 153 368 949 410; baseline 0.004 -17"><span class='ocrx_word' id='word_1_32' title='bbox 153 368 271 402; x_wconf 77' lang='lat' dir='ltr'><strong>quamvis</strong></span> <span class='ocrx_word' id='word_1_33' title='bbox 287 369 393 396; x_wconf 82' lang='lat' dir='ltr'><strong>amicos</strong></span> <span class='ocrx_word' id='word_1_34' title='bbox 404 369 535 397; x_wconf 84' lang='lat' dir='ltr'><strong>baberent</strong></span> <span class='ocrx_word' id='word_1_35' title='bbox 547 374 573 397; x_wconf 84' lang='lat' dir='ltr'><strong>et</strong></span> <span class='ocrx_word' id='word_1_36' title='bbox 584 369 692 397; x_wconf 82' lang='lat' dir='ltr'><strong>dicendi</strong></span> <span class='ocrx_word' id='word_1_37' title='bbox 703 370 866 410; x_wconf 80' lang='lat' dir='ltr'><strong>facultatem,</strong></span> <span class='ocrx_word' id='word_1_38' title='bbox 879 375 906 397; x_wconf 89' lang='lat' dir='ltr'><strong>et</strong></span> <span class='ocrx_word' id='word_1_39' title='bbox 916 378 949 397; x_wconf 86' lang='lat' dir='ltr'><strong>ex</strong></span> 
     </span>
    </p>
   </div>
   <div class='ocr_carea' id='block_1_6' title="bbox 154 416 948 452">
    <p class='ocr_par' dir='ltr' id='par_1_6' title="bbox 154 416 948 452">
     <span class='ocr_line' id='line_1_6' title="bbox 154 416 948 452; baseline 0.009 -12"><span class='ocrx_word' id='word_1_40' title='bbox 154 416 322 452; x_wconf 84' lang='lat' dir='ltr'><strong>philosophia</strong></span> <span class='ocrx_word' id='word_1_41' title='bbox 344 417 373 444; x_wconf 93' lang='lat' dir='ltr'><strong>in</strong></span> <span class='ocrx_word' id='word_1_42' title='bbox 387 418 564 446; x_wconf 85' lang='lat' dir='ltr'><strong>admiratione</strong></span> <span class='ocrx_word' id='word_1_43' title='bbox 579 419 742 446; x_wconf 70' lang='lat' dir='ltr'><strong>haberentur</strong></span> <span class='ocrx_word' id='word_1_44' title='bbox 754 439 761 451; x_wconf 85' lang='grc'><em>,</em></span> <span class='ocrx_word' id='word_1_45' title='bbox 775 419 842 446; x_wconf 82' lang='lat' dir='ltr'><strong>nihil</strong></span> <span class='ocrx_word' id='word_1_46' title='bbox 859 424 948 447; x_wconf 81' lang='lat' dir='ltr'><strong>tamen</strong></span> 
     </span>
    </p>
   </div>
   <div class='ocr_carea' id='block_1_7' title="bbox 152 462 949 500">
    <p class='ocr_par' dir='ltr' id='par_1_7' title="bbox 152 462 949 500">
     <span class='ocr_line' id='line_1_7' title="bbox 152 462 949 500; baseline 0.005 -12"><span class='ocrx_word' id='word_1_47' title='bbox 152 469 244 488; x_wconf 84' lang='lat' dir='ltr'><strong>eorum</strong></span> <span class='ocrx_word' id='word_1_48' title='bbox 259 462 335 496; x_wconf 87' lang='lat' dir='ltr'><strong>ipsos</strong></span> <span class='ocrx_word' id='word_1_49' title='bbox 346 463 426 497; x_wconf 83' lang='lat' dir='ltr'><strong>juvit.</strong></span> <span class='ocrx_word' id='word_1_50' title='bbox 442 463 476 490; x_wconf 86' lang='lat' dir='ltr'><strong>Et</strong></span> <span class='ocrx_word' id='word_1_51' title='bbox 490 471 601 499; x_wconf 76' lang='lat' dir='ltr'><strong>magnus</strong></span> <span class='ocrx_word' id='word_1_52' title='bbox 614 463 660 491; x_wconf 92' lang='lat' dir='ltr'><strong>ille</strong></span> <span class='ocrx_word' id='word_1_53' title='bbox 670 463 806 496; x_wconf 80' lang='lat' dir='ltr'><strong>Socrates,</strong></span> <span class='ocrx_word' id='word_1_54' title='bbox 823 464 867 500; x_wconf 85' lang='lat' dir='ltr'><strong>qui</strong></span> <span class='ocrx_word' id='word_1_55' title='bbox 879 465 949 499; x_wconf 85' lang='lat' dir='ltr'><strong>apud</strong></span> 
     </span>
    </p>
   </div>
   <div class='ocr_carea' id='block_1_8' title="bbox 153 506 947 544">
    <p class='ocr_par' dir='ltr' id='par_1_8' title="bbox 153 506 947 544">
     <span class='ocr_line' id='line_1_8' title="bbox 153 506 947 544; baseline 0.005 -11"><span class='ocrx_word' id='word_1_56' title='bbox 153 506 211 534; x_wconf 85' lang='lat' dir='ltr'><strong>illos</strong></span> <span class='ocrx_word' id='word_1_57' title='bbox 220 507 392 543; x_wconf 72' lang='lat' dir='ltr'><strong>philosophia</strong></span> <span class='ocrx_word' id='word_1_58' title='bbox 399 509 541 544; x_wconf 84' lang='lat' dir='ltr'><strong>superabat</strong></span> <span class='ocrx_word' id='word_1_59' title='bbox 551 517 655 542; x_wconf 86' lang='lat' dir='ltr'><strong>omnes,</strong></span> <span class='ocrx_word' id='word_1_60' title='bbox 665 509 725 538; x_wconf 89' lang='lat' dir='ltr'><strong>ideo</strong></span> <span class='ocrx_word' id='word_1_61' title='bbox 732 511 848 538; x_wconf 77' lang='lat' dir='ltr'><strong>cicutam</strong></span> <span class='ocrx_word' id='word_1_62' title='bbox 854 510 947 543; x_wconf 82' lang='lat' dir='ltr'><strong>ebibit,</strong></span> 
     </span>
    </p>
   </div>
   <div class='ocr_carea' id='block_1_9' title="bbox 152 554 949 591">
    <p class='ocr_par' dir='ltr' id='par_1_9' title="bbox 152 554 949 591">
     <span class='ocr_line' id='line_1_9' title="bbox 152 554 949 591; baseline 0.006 -12"><span class='ocrx_word' id='word_1_63' title='bbox 152 554 221 588; x_wconf 84' lang='lat' dir='ltr'><strong>quod</strong></span> <span class='ocrx_word' id='word_1_64' title='bbox 236 554 356 589; x_wconf 87' lang='lat' dir='ltr'><strong>suspicio</strong></span> <span class='ocrx_word' id='word_1_65' title='bbox 367 561 450 587; x_wconf 82' lang='lat' dir='ltr'><strong>esset,</strong></span> <span class='ocrx_word' id='word_1_66' title='bbox 463 556 538 584; x_wconf 91' lang='lat' dir='ltr'><strong>illum</strong></span> <span class='ocrx_word' id='word_1_67' title='bbox 553 555 579 583; x_wconf 91' lang='lat' dir='ltr'><strong>in</strong></span> <span class='ocrx_word' id='word_1_68' title='bbox 594 556 637 587; x_wconf 82' lang='lat' dir='ltr'><strong>iis.</strong></span> <span class='ocrx_word' id='word_1_69' title='bbox 647 564 706 591; x_wconf 66' lang='lat' dir='ltr'><strong>quia</strong></span> <span class='ocrx_word' id='word_1_70' title='bbox 718 556 752 584; x_wconf 89' lang='lat' dir='ltr'><strong>de</strong></span> <span class='ocrx_word' id='word_1_71' title='bbox 765 556 817 584; x_wconf 93' lang='lat' dir='ltr'><strong>diis</strong></span> <span class='ocrx_word' id='word_1_72' title='bbox 830 557 949 591; x_wconf 86' lang='lat' dir='ltr'><strong>scripse-</strong></span> 
     </span>
    </p>
   </div>
   <div class='ocr_carea' id='block_1_10' title="bbox 153 600 949 637">
    <p class='ocr_par' dir='ltr' id='par_1_10' title="bbox 153 600 949 637">
     <span class='ocr_line' id='line_1_10' title="bbox 153 600 949 637; baseline 0.006 -12"><span class='ocrx_word' id='word_1_73' title='bbox 153 604 202 631; x_wconf 85' lang='lat' dir='ltr'><strong>rat,</strong></span> <span class='ocrx_word' id='word_1_74' title='bbox 212 600 314 635; x_wconf 86' lang='lat' dir='ltr'><strong>aliquid</strong></span> <span class='ocrx_word' id='word_1_75' title='bbox 330 601 485 629; x_wconf 74' lang='lat' dir='ltr'><strong>mutavisse.</strong></span> <span class='ocrx_word' id='word_1_76' title='bbox 498 601 574 635; x_wconf 84' lang='lat' dir='ltr'><strong>Quod</strong></span> <span class='ocrx_word' id='word_1_77' title='bbox 593 601 615 629; x_wconf 81' lang='lat' dir='ltr'><strong>si</strong></span> <span class='ocrx_word' id='word_1_78' title='bbox 636 602 814 630; x_wconf 78' lang='lat' dir='ltr'><strong>iunorationis</strong></span> <span class='ocrx_word' id='word_1_79' title='bbox 831 603 949 637; x_wconf 80' lang='lat' dir='ltr'><strong>suspicio</strong></span> 
     </span>
    </p>
   </div>
   <div class='ocr_carea' id='block_1_11' title="bbox 151 645 948 683">
    <p class='ocr_par' dir='ltr' id='par_1_11' title="bbox 151 645 948 683">
     <span class='ocr_line' id='line_1_11' title="bbox 151 645 948 683; baseline 0.005 -11"><span class='ocrx_word' id='word_1_80' title='bbox 151 645 207 672; x_wconf 78' lang='lat' dir='ltr'><strong>Sola</strong></span> <span class='ocrx_word' id='word_1_81' title='bbox 219 650 323 673; x_wconf 86' lang='lat' dir='ltr'><strong>tantum</strong></span> <span class='ocrx_word' id='word_1_82' title='bbox 331 647 441 681; x_wconf 80' lang='lat' dir='ltr'><strong>periculi</strong></span> <span class='ocrx_word' id='word_1_83' title='bbox 452 648 553 675; x_wconf 88' lang='lat' dir='ltr'><strong>creavit</strong></span> <span class='ocrx_word' id='word_1_84' title='bbox 563 647 626 674; x_wconf 89' lang='lat' dir='ltr'><strong>viris</strong></span> <span class='ocrx_word' id='word_1_85' title='bbox 636 647 801 683; x_wconf 83' lang='lat' dir='ltr'><strong>philosophis</strong></span> <span class='ocrx_word' id='word_1_86' title='bbox 808 649 948 683; x_wconf 75' lang='lat' dir='ltr'><strong>ets-apicu-</strong></span> 
     </span>
    </p>
   </div>
   <div class='ocr_carea' id='block_1_12' title="bbox 152 691 946 728">
    <p class='ocr_par' dir='ltr' id='par_1_12' title="bbox 152 691 946 728">
     <span class='ocr_line' id='line_1_12' title="bbox 152 691 946 728; baseline 0.008 -12"><span class='ocrx_word' id='word_1_87' title='bbox 152 691 222 718; x_wconf 90' lang='lat' dir='ltr'><strong>tibus</strong></span> <span class='ocrx_word' id='word_1_88' title='bbox 234 711 242 723; x_wconf 91' lang='lat'><strong>,</strong></span> <span class='ocrx_word' id='word_1_89' title='bbox 261 691 306 726; x_wconf 85' lang='lat' dir='ltr'><strong>qui</strong></span> <span class='ocrx_word' id='word_1_90' title='bbox 321 691 457 726; x_wconf 79' lang='lat' dir='ltr'><strong>ingentem</strong></span> <span class='ocrx_word' id='word_1_91' title='bbox 472 692 523 720; x_wconf 86' lang='lat' dir='ltr'><strong>sibi</strong></span> <span class='ocrx_word' id='word_1_92' title='bbox 537 699 696 728; x_wconf 71' lang='lat' dir='ltr'><strong>pepererant</strong></span> <span class='ocrx_word' id='word_1_93' title='bbox 711 693 946 728; x_wconf 64' lang='lat' dir='ltr'><strong>existimationem,</strong></span> 
     </span>
    </p>
   </div>
   <div class='ocr_carea' id='block_1_13' title="bbox 151 739 946 776">
    <p class='ocr_par' dir='ltr' id='par_1_13' title="bbox 151 739 946 776">
     <span class='ocr_line' id='line_1_13' title="bbox 151 739 946 776; baseline 0.008 -13"><span class='ocrx_word' id='word_1_94' title='bbox 151 744 177 764; x_wconf 84' lang='lat' dir='ltr'><strong>et</strong></span> <span class='ocrx_word' id='word_1_95' title='bbox 194 746 247 764; x_wconf 90' lang='lat' dir='ltr'><strong>non</strong></span> <span class='ocrx_word' id='word_1_96' title='bbox 262 739 342 765; x_wconf 85' lang='lat' dir='ltr'><strong>modo</strong></span> <span class='ocrx_word' id='word_1_97' title='bbox 358 746 410 766; x_wconf 87' lang='lat' dir='ltr'><strong>non</strong></span> <span class='ocrx_word' id='word_1_98' title='bbox 430 744 540 774; x_wconf 88' lang='lat' dir='ltr'><strong>potuere</strong></span> <span class='ocrx_word' id='word_1_99' title='bbox 562 739 632 774; x_wconf 90' lang='lat' dir='ltr'><strong>quod</strong></span> <span class='ocrx_word' id='word_1_100' title='bbox 653 740 779 768; x_wconf 68' lang='lat' dir='ltr'><strong>volebant</strong></span> <span class='ocrx_word' id='word_1_101' title='bbox 799 742 946 776; x_wconf 83' lang='lat' dir='ltr'><strong>perlicere,</strong></span> 
     </span>
    </p>
   </div>
   <div class='ocr_carea' id='block_1_14' title="bbox 151 785 947 823">
    <p class='ocr_par' dir='ltr' id='par_1_14' title="bbox 151 785 947 823">
     <span class='ocr_line' id='line_1_14' title="bbox 151 785 947 823; baseline 0.005 -13"><span class='ocrx_word' id='word_1_102' title='bbox 151 785 197 810; x_wconf 67' lang='lat' dir='ltr'><strong>sed</strong></span> <span class='ocrx_word' id='word_1_103' title='bbox 212 785 293 812; x_wconf 86' lang='lat' dir='ltr'><strong>etiam</strong></span> <span class='ocrx_word' id='word_1_104' title='bbox 309 786 358 820; x_wconf 88' lang='lat' dir='ltr'><strong>ipsi</strong></span> <span class='ocrx_word' id='word_1_105' title='bbox 372 790 398 812; x_wconf 90' lang='lat' dir='ltr'><strong>et</strong></span> <span class='ocrx_word' id='word_1_106' title='bbox 413 786 465 813; x_wconf 83' lang='lat' dir='ltr'><strong>vita</strong></span> <span class='ocrx_word' id='word_1_107' title='bbox 481 790 507 813; x_wconf 90' lang='lat' dir='ltr'><strong>et</strong></span> <span class='ocrx_word' id='word_1_108' title='bbox 520 786 605 820; x_wconf 88' lang='lat' dir='ltr'><strong>patria</strong></span> <span class='ocrx_word' id='word_1_109' title='bbox 620 787 779 814; x_wconf 77' lang='lat' dir='ltr'><strong>exciderunt</strong></span> <span class='ocrx_word' id='word_1_110' title='bbox 792 796 799 821; x_wconf 87' lang='lat'><strong>;</strong></span> <span class='ocrx_word' id='word_1_111' title='bbox 814 789 947 823; x_wconf 88' lang='lat' dir='ltr'><strong>quomodo</strong></span> 
     </span>
    </p>
   </div>
   <div class='ocr_carea' id='block_1_15' title="bbox 152 831 946 867">
    <p class='ocr_par' dir='ltr' id='par_1_15' title="bbox 152 831 946 867">
     <span class='ocr_line' id='line_1_15' title="bbox 152 831 946 867; baseline 0.008 -11"><span class='ocrx_word' id='word_1_112' title='bbox 152 838 204 857; x_wconf 89' lang='lat' dir='ltr'><strong>non</strong></span> <span class='ocrx_word' id='word_1_113' title='bbox 228 831 334 858; x_wconf 84' lang='lat' dir='ltr'><strong>miraris</strong></span> <span class='ocrx_word' id='word_1_114' title='bbox 355 836 382 858; x_wconf 91' lang='lat' dir='ltr'><strong>et</strong></span> <span class='ocrx_word' id='word_1_115' title='bbox 404 831 592 867; x_wconf 88' lang='lat' dir='ltr'><strong>obstupescis,</strong></span> <span class='ocrx_word' id='word_1_116' title='bbox 618 833 781 867; x_wconf 73' lang='lat' dir='ltr'><strong>piscatorem</strong></span> <span class='ocrx_word' id='word_1_117' title='bbox 804 834 898 861; x_wconf 89' lang='lat' dir='ltr'><strong>videns</strong></span> <span class='ocrx_word' id='word_1_118' title='bbox 920 835 946 862; x_wconf 90' lang='lat' dir='ltr'><strong>in</strong></span> 
     </span>
    </p>
   </div>
   <div class='ocr_carea' id='block_1_16' title="bbox 152 878 946 917">
    <p class='ocr_par' dir='ltr' id='par_1_16' title="bbox 152 878 946 917">
     <span class='ocr_line' id='line_1_16' title="bbox 152 878 946 917; baseline 0.008 -13"><span class='ocrx_word' id='word_1_119' title='bbox 152 878 218 904; x_wconf 86' lang='lat' dir='ltr'><strong>orbe</strong></span> <span class='ocrx_word' id='word_1_120' title='bbox 230 883 268 905; x_wconf 89' lang='lat' dir='ltr'><strong>tot</strong></span> <span class='ocrx_word' id='word_1_121' title='bbox 279 883 404 913; x_wconf 71' lang='lat' dir='ltr'><strong>undaque</strong></span> <span class='ocrx_word' id='word_1_122' title='bbox 420 884 579 914; x_wconf 88' lang='lat' dir='ltr'><strong>patrantcm,</strong></span> <span class='ocrx_word' id='word_1_123' title='bbox 597 889 656 916; x_wconf 68' lang='lat' dir='ltr'><strong>qua:</strong></span> <span class='ocrx_word' id='word_1_124' title='bbox 670 882 793 910; x_wconf 88' lang='lat' dir='ltr'><strong>studebat</strong></span> <span class='ocrx_word' id='word_1_125' title='bbox 806 883 946 917; x_wconf 80' lang='lat' dir='ltr'><strong>perlicien—</strong></span> 
     </span>
    </p>
   </div>
   <div class='ocr_carea' id='block_1_17' title="bbox 153 926 947 964">
    <p class='ocr_par' dir='ltr' id='par_1_17' title="bbox 153 926 947 964">
     <span class='ocr_line' id='line_1_17' title="bbox 153 926 947 964; baseline 0.008 -13"><span class='ocrx_word' id='word_1_126' title='bbox 153 929 208 952; x_wconf 87' lang='lat' dir='ltr'><strong>tem</strong></span> <span class='ocrx_word' id='word_1_127' title='bbox 227 930 253 952; x_wconf 91' lang='lat' dir='ltr'><strong>et</strong></span> <span class='ocrx_word' id='word_1_128' title='bbox 272 926 401 953; x_wconf 87' lang='lat' dir='ltr'><strong>barbaros</strong></span> <span class='ocrx_word' id='word_1_129' title='bbox 419 926 579 962; x_wconf 63' lang='lat' dir='ltr'><strong>Gnecostpic</strong></span> <span class='ocrx_word' id='word_1_130' title='bbox 593 936 686 956; x_wconf 89' lang='lat' dir='ltr'><strong>ontnes</strong></span> <span class='ocrx_word' id='word_1_131' title='bbox 706 931 899 964; x_wconf 83' lang='lat' dir='ltr'><strong>superantem?</strong></span> <span class='ocrx_word' id='word_1_132' title='bbox 913 932 947 958; x_wconf 74' lang='lat' dir='ltr'><strong>At</strong></span> 
     </span>
    </p>
   </div>
   <div class='ocr_carea' id='block_1_18' title="bbox 153 969 944 1005">
    <p class='ocr_par' dir='ltr' id='par_1_18' title="bbox 153 969 944 1005">
     <span class='ocr_line' id='line_1_18' title="bbox 153 969 944 1005; baseline 0.009 -9"><span class='ocrx_word' id='word_1_133' title='bbox 153 969 189 1002; x_wconf 88' lang='lat' dir='ltr'><strong>hi,</strong></span> <span class='ocrx_word' id='word_1_134' title='bbox 213 970 328 1005; x_wconf 74' lang='lat' dir='ltr'><strong>inquies,</strong></span> <span class='ocrx_word' id='word_1_135' title='bbox 350 980 402 998; x_wconf 89' lang='lat' dir='ltr'><strong>non</strong></span> <span class='ocrx_word' id='word_1_136' title='bbox 423 972 488 1000; x_wconf 89' lang='lat' dir='ltr'><strong>deos</strong></span> <span class='ocrx_word' id='word_1_137' title='bbox 507 973 610 1000; x_wconf 85' lang='lat' dir='ltr'><strong>alienos</strong></span> <span class='ocrx_word' id='word_1_138' title='bbox 626 974 784 1002; x_wconf 79' lang='lat' dir='ltr'><strong>inducebanl</strong></span> <span class='ocrx_word' id='word_1_139' title='bbox 805 976 874 1003; x_wconf 87' lang='lat' dir='ltr'><strong>sicut</strong></span> <span class='ocrx_word' id='word_1_140' title='bbox 895 976 944 1003; x_wconf 91' lang='lat' dir='ltr'><strong>illi.</strong></span> 
     </span>
    </p>
   </div>
   <div class='ocr_carea' id='block_1_19' title="bbox 153 1015 945 1057">
    <p class='ocr_par' dir='ltr' id='par_1_19' title="bbox 153 1015 945 1057">
     <span class='ocr_line' id='line_1_19' title="bbox 153 1015 945 1057; baseline 0.01 -15"><span class='ocrx_word' id='word_1_141' title='bbox 153 1015 208 1042; x_wconf 86' lang='lat' dir='ltr'><strong>Hoc</strong></span> <span class='ocrx_word' id='word_1_142' title='bbox 219 1016 305 1051; x_wconf 89' lang='lat' dir='ltr'><strong>ipsutn</strong></span> <span class='ocrx_word' id='word_1_143' title='bbox 321 1019 437 1045; x_wconf 76' lang='lat' dir='ltr'><strong>maxime</strong></span> <span class='ocrx_word' id='word_1_144' title='bbox 453 1019 574 1047; x_wconf 89' lang='lat' dir='ltr'><strong>tnirabile</strong></span> <span class='ocrx_word' id='word_1_145' title='bbox 588 1020 652 1047; x_wconf 83' lang='lat' dir='ltr'><strong>mihi</strong></span> <span class='ocrx_word' id='word_1_146' title='bbox 665 1020 732 1048; x_wconf 89' lang='lat' dir='ltr'><strong>dicis</strong></span> <span class='ocrx_word' id='word_1_147' title='bbox 743 1042 750 1055; x_wconf 95' lang='lat'><strong>,</strong></span> <span class='ocrx_word' id='word_1_148' title='bbox 769 1022 830 1056; x_wconf 89' lang='lat' dir='ltr'><strong>quia</strong></span> <span class='ocrx_word' id='word_1_149' title='bbox 848 1022 945 1057; x_wconf 77' lang='lat' dir='ltr'><strong>duplex</strong></span> 
     </span>
    </p>
   </div>
   <div class='ocr_carea' id='block_1_20' title="bbox 151 1063 946 1101">
    <p class='ocr_par' dir='ltr' id='par_1_20' title="bbox 151 1063 946 1101">
     <span class='ocr_line' id='line_1_20' title="bbox 151 1063 946 1101; baseline 0.013 -14"><span class='ocrx_word' id='word_1_150' title='bbox 151 1066 209 1088; x_wconf 80' lang='lat' dir='ltr'><strong>erat</strong></span> <span class='ocrx_word' id='word_1_151' title='bbox 223 1063 370 1096; x_wconf 78' lang='lat' dir='ltr'><strong>ittnm‘alio,</strong></span> <span class='ocrx_word' id='word_1_152' title='bbox 386 1069 412 1091; x_wconf 91' lang='lat' dir='ltr'><strong>et</strong></span> <span class='ocrx_word' id='word_1_153' title='bbox 424 1065 494 1100; x_wconf 87' lang='lat' dir='ltr'><strong>quod</strong></span> <span class='ocrx_word' id='word_1_154' title='bbox 505 1073 551 1093; x_wconf 86' lang='lat' dir='ltr'><strong>eos</strong></span> <span class='ocrx_word' id='word_1_155' title='bbox 564 1066 608 1101; x_wconf 87' lang='lat' dir='ltr'><strong>qui</strong></span> <span class='ocrx_word' id='word_1_156' title='bbox 627 1072 687 1094; x_wconf 88' lang='lat' dir='ltr'><strong>tunc</strong></span> <span class='ocrx_word' id='word_1_157' title='bbox 699 1067 855 1096; x_wconf 69' lang='lat' dir='ltr'><strong>colebantur</strong></span> <span class='ocrx_word' id='word_1_158' title='bbox 869 1070 946 1097; x_wconf 86' lang='lat' dir='ltr'><strong>tolle-</strong></span> 
     </span>
    </p>
   </div>
   <div class='ocr_carea' id='block_1_21' title="bbox 151 1108 944 1145">
    <p class='ocr_par' dir='ltr' id='par_1_21' title="bbox 151 1108 944 1145">
     <span class='ocr_line' id='line_1_21' title="bbox 151 1108 944 1145; baseline 0.011 -12"><span class='ocrx_word' id='word_1_159' title='bbox 151 1111 211 1134; x_wconf 88' lang='lat' dir='ltr'><strong>rent</strong></span> <span class='ocrx_word' id='word_1_160' title='bbox 225 1127 232 1139; x_wconf 93' lang='lat'><strong>,</strong></span> <span class='ocrx_word' id='word_1_161' title='bbox 247 1111 276 1134; x_wconf 85' lang='lat' dir='ltr'><strong>et</strong></span> <span class='ocrx_word' id='word_1_162' title='bbox 290 1108 360 1142; x_wconf 78' lang='lat' dir='ltr'><strong>quod</strong></span> <span class='ocrx_word' id='word_1_163' title='bbox 381 1108 541 1137; x_wconf 77' lang='lat' dir='ltr'><strong>Crueilixnm</strong></span> <span class='ocrx_word' id='word_1_164' title='bbox 558 1111 745 1145; x_wconf 71' lang='lat' dir='ltr'><strong>pra-dicarem.</strong></span> <span class='ocrx_word' id='word_1_165' title='bbox 762 1113 898 1142; x_wconf 82' lang='lat' dir='ltr'><strong>Undenam</strong></span> <span class='ocrx_word' id='word_1_166' title='bbox 912 1115 944 1142; x_wconf 90' lang='lat' dir='ltr'><strong>ad</strong></span> 
     </span>
    </p>
   </div>
   <div class='ocr_carea' id='block_1_22' title="bbox 150 1154 945 1190">
    <p class='ocr_par' dir='ltr' id='par_1_22' title="bbox 150 1154 945 1190">
     <span class='ocr_line' id='line_1_22' title="bbox 150 1154 945 1190; baseline 0.01 -10"><span class='ocrx_word' id='word_1_167' title='bbox 150 1161 182 1180; x_wconf 87' lang='lat' dir='ltr'><strong>ea</strong></span> <span class='ocrx_word' id='word_1_168' title='bbox 207 1154 377 1188; x_wconf 71' lang='lat' dir='ltr'><strong>prmdieanda</strong></span> <span class='ocrx_word' id='word_1_169' title='bbox 398 1156 511 1190; x_wconf 86' lang='lat' dir='ltr'><strong>permoti</strong></span> <span class='ocrx_word' id='word_1_170' title='bbox 534 1157 614 1184; x_wconf 86' lang='lat' dir='ltr'><strong>sunt?</strong></span> <span class='ocrx_word' id='word_1_171' title='bbox 636 1157 766 1186; x_wconf 85' lang='lat' dir='ltr'><strong>undenatn</strong></span> <span class='ocrx_word' id='word_1_172' title='bbox 792 1160 890 1188; x_wconf 88' lang='lat' dir='ltr'><strong>audent</strong></span> <span class='ocrx_word' id='word_1_173' title='bbox 912 1162 945 1188; x_wconf 89' lang='lat' dir='ltr'><strong>de</strong></span> 
     </span>
    </p>
   </div>
   <div class='ocr_carea' id='block_1_23' title="bbox 152 1199 944 1237">
    <p class='ocr_par' dir='ltr' id='par_1_23' title="bbox 152 1199 944 1237">
     <span class='ocr_line' id='line_1_23' title="bbox 152 1199 944 1237; baseline 0.01 -11"><span class='ocrx_word' id='word_1_174' title='bbox 152 1199 203 1227; x_wconf 85' lang='lat' dir='ltr'><strong>line</strong></span> <span class='ocrx_word' id='word_1_175' title='bbox 215 1208 266 1227; x_wconf 86' lang='lat' dir='ltr'><strong>suo</strong></span> <span class='ocrx_word' id='word_1_176' title='bbox 281 1201 441 1229; x_wconf 84' lang='lat' dir='ltr'><strong>conlidere?</strong></span> <span class='ocrx_word' id='word_1_177' title='bbox 457 1210 587 1237; x_wconf 87' lang='lat' dir='ltr'><strong>quosnam</strong></span> <span class='ocrx_word' id='word_1_178' title='bbox 602 1210 664 1232; x_wconf 84' lang='lat' dir='ltr'><strong>ante</strong></span> <span class='ocrx_word' id='word_1_179' title='bbox 677 1212 707 1232; x_wconf 87' lang='lat' dir='ltr'><strong>se</strong></span> <span class='ocrx_word' id='word_1_180' title='bbox 727 1205 847 1233; x_wconf 83' lang='lat' dir='ltr'><strong>viderant</strong></span> <span class='ocrx_word' id='word_1_181' title='bbox 867 1206 944 1234; x_wconf 64' lang='lat' dir='ltr'><strong>talem</strong></span> 
     </span>
    </p>
   </div>
   <div class='ocr_carea' id='block_1_24' title="bbox 151 1246 945 1282">
    <p class='ocr_par' dir='ltr' id='par_1_24' title="bbox 151 1246 945 1282">
     <span class='ocr_line' id='line_1_24' title="bbox 151 1246 945 1282; baseline 0.013 -11"><span class='ocrx_word' id='word_1_182' title='bbox 151 1253 206 1272; x_wconf 84' lang='lat' dir='ltr'><strong>rem</strong></span> <span class='ocrx_word' id='word_1_183' title='bbox 229 1246 297 1272; x_wconf 86' lang='lat' dir='ltr'><strong>bene</strong></span> <span class='ocrx_word' id='word_1_184' title='bbox 315 1247 461 1282; x_wconf 79' lang='lat' dir='ltr'><strong>gerentes?</strong></span> <span class='ocrx_word' id='word_1_185' title='bbox 481 1256 568 1276; x_wconf 78' lang='lat' dir='ltr'><strong>mutati</strong></span> <span class='ocrx_word' id='word_1_186' title='bbox 593 1257 685 1277; x_wconf 85' lang='lat' dir='ltr'><strong>omnes</strong></span> <span class='ocrx_word' id='word_1_187' title='bbox 712 1251 777 1278; x_wconf 74' lang='lat' dir='ltr'><strong>deos</strong></span> <span class='ocrx_word' id='word_1_188' title='bbox 800 1252 945 1280; x_wconf 85' lang='lat' dir='ltr'><strong>colebant?</strong></span> 
     </span>
    </p>
   </div>
   <div class='ocr_carea' id='block_1_25' title="bbox 151 1292 946 1325">
    <p class='ocr_par' dir='ltr' id='par_1_25' title="bbox 151 1292 946 1325">
     <span class='ocr_line' id='line_1_25' title="bbox 151 1292 946 1325; baseline 0.011 -9"><span class='ocrx_word' id='word_1_189' title='bbox 151 1298 238 1317; x_wconf 87' lang='lat' dir='ltr'><strong>annon</strong></span> <span class='ocrx_word' id='word_1_190' title='bbox 252 1299 349 1319; x_wconf 83' lang='lat' dir='ltr'><strong>omnes</strong></span> <span class='ocrx_word' id='word_1_191' title='bbox 360 1292 493 1320; x_wconf 86' lang='lat' dir='ltr'><strong>elementa</strong></span> <span class='ocrx_word' id='word_1_192' title='bbox 506 1293 532 1321; x_wconf 88' lang='lat' dir='ltr'><strong>itt</strong></span> <span class='ocrx_word' id='word_1_193' title='bbox 546 1294 612 1321; x_wconf 86' lang='lat' dir='ltr'><strong>deos</strong></span> <span class='ocrx_word' id='word_1_194' title='bbox 625 1294 796 1324; x_wconf 74' lang='lat' dir='ltr'><strong>referebant?</strong></span> <span class='ocrx_word' id='word_1_195' title='bbox 810 1305 898 1325; x_wconf 83' lang='lat' dir='ltr'><strong>annon</strong></span> <span class='ocrx_word' id='word_1_196' title='bbox 909 1298 946 1325; x_wconf 90' lang='lat' dir='ltr'><strong>di-</strong></span> 
     </span>
    </p>
   </div>
   <div class='ocr_carea' id='block_1_26' title="bbox 152 1338 945 1380">
    <p class='ocr_par' dir='ltr' id='par_1_26' title="bbox 152 1338 945 1380">
     <span class='ocr_line' id='line_1_26' title="bbox 152 1338 945 1380; baseline 0.011 -18"><span class='ocrx_word' id='word_1_197' title='bbox 152 1343 245 1363; x_wconf 72' lang='lat' dir='ltr'><strong>rcrsus</strong></span> <span class='ocrx_word' id='word_1_198' title='bbox 266 1342 325 1365; x_wconf 86' lang='lat' dir='ltr'><strong>erat</strong></span> <span class='ocrx_word' id='word_1_199' title='bbox 347 1338 493 1373; x_wconf 83' lang='lat' dir='ltr'><strong>impietatis</strong></span> <span class='ocrx_word' id='word_1_200' title='bbox 516 1340 611 1367; x_wconf 89' lang='lat' dir='ltr'><strong>modus</strong></span> <span class='ocrx_word' id='word_1_201' title='bbox 624 1341 635 1367; x_wconf 85' lang='lat'><strong>?</strong></span> <span class='ocrx_word' id='word_1_202' title='bbox 650 1342 773 1369; x_wconf 79' lang='lat' dir='ltr'><strong>Attamen</strong></span> <span class='ocrx_word' id='word_1_203' title='bbox 791 1344 880 1371; x_wconf 83' lang='lat' dir='ltr'><strong>omnia</strong></span> <span class='ocrx_word' id='word_1_204' title='bbox 899 1352 945 1380; x_wconf 77' lang='lat' dir='ltr'><strong>ag-</strong></span> 
     </span>
    </p>
   </div>
   <div class='ocr_carea' id='block_1_27' title="bbox 151 1383 945 1426">
    <p class='ocr_par' dir='ltr' id='par_1_27' title="bbox 151 1383 945 1426">
     <span class='ocr_line' id='line_1_27' title="bbox 151 1383 945 1426; baseline 0.014 -17"><span class='ocrx_word' id='word_1_205' title='bbox 151 1383 235 1416; x_wconf 63' lang='lat' dir='ltr'><strong>gressi</strong></span> <span class='ocrx_word' id='word_1_206' title='bbox 256 1389 329 1416; x_wconf 92' lang='lat' dir='ltr'><strong>sunt,</strong></span> <span class='ocrx_word' id='word_1_207' title='bbox 355 1389 382 1411; x_wconf 88' lang='lat' dir='ltr'><strong>et</strong></span> <span class='ocrx_word' id='word_1_208' title='bbox 404 1385 461 1413; x_wconf 79' lang='lat' dir='ltr'><strong>lnre</strong></span> <span class='ocrx_word' id='word_1_209' title='bbox 484 1386 660 1420; x_wconf 85' lang='lat' dir='ltr'><strong>sustulerunt,</strong></span> <span class='ocrx_word' id='word_1_210' title='bbox 682 1394 713 1415; x_wconf 87' lang='lat' dir='ltr'><strong>ac</strong></span> <span class='ocrx_word' id='word_1_211' title='bbox 730 1387 803 1416; x_wconf 76' lang='lat' dir='ltr'><strong>brevi</strong></span> <span class='ocrx_word' id='word_1_212' title='bbox 825 1395 945 1426; x_wconf 86' lang='lat' dir='ltr'><strong>tempore</strong></span> 
     </span>
    </p>
   </div>
   <div class='ocr_carea' id='block_1_28' title="bbox 152 1429 943 1472">
    <p class='ocr_par' dir='ltr' id='par_1_28' title="bbox 152 1429 943 1472">
     <span class='ocr_line' id='line_1_28' title="bbox 152 1429 943 1472; baseline 0.013 -18"><span class='ocrx_word' id='word_1_213' title='bbox 152 1432 236 1455; x_wconf 92' lang='lat' dir='ltr'><strong>totum</strong></span> <span class='ocrx_word' id='word_1_214' title='bbox 251 1429 345 1456; x_wconf 82' lang='lat' dir='ltr'><strong>orbem</strong></span> <span class='ocrx_word' id='word_1_215' title='bbox 362 1434 496 1465; x_wconf 81' lang='lat' dir='ltr'><strong>tamquam</strong></span> <span class='ocrx_word' id='word_1_216' title='bbox 514 1431 565 1458; x_wconf 88' lang='lat' dir='ltr'><strong>alis</strong></span> <span class='ocrx_word' id='word_1_217' title='bbox 588 1432 710 1461; x_wconf 88' lang='lat' dir='ltr'><strong>instructi</strong></span> <span class='ocrx_word' id='word_1_218' title='bbox 733 1441 924 1469; x_wconf 79' lang='lat' dir='ltr'><strong>pet-currerunt</strong></span> <span class='ocrx_word' id='word_1_219' title='bbox 936 1459 943 1472; x_wconf 90' lang='lat'><strong>,</strong></span> 
     </span>
    </p>
   </div>
   <div class='ocr_carea' id='block_1_29' title="bbox 151 1475 944 1511">
    <p class='ocr_par' dir='ltr' id='par_1_29' title="bbox 151 1475 944 1511">
     <span class='ocr_line' id='line_1_29' title="bbox 151 1475 944 1511; baseline 0.013 -11"><span class='ocrx_word' id='word_1_220' title='bbox 151 1481 203 1500; x_wconf 88' lang='lat' dir='ltr'><strong>non</strong></span> <span class='ocrx_word' id='word_1_221' title='bbox 218 1475 336 1510; x_wconf 88' lang='lat' dir='ltr'><strong>pericula</strong></span> <span class='ocrx_word' id='word_1_222' title='bbox 349 1482 484 1506; x_wconf 84' lang='lat' dir='ltr'><strong>curantes,</strong></span> <span class='ocrx_word' id='word_1_223' title='bbox 499 1486 551 1505; x_wconf 86' lang='lat' dir='ltr'><strong>non</strong></span> <span class='ocrx_word' id='word_1_224' title='bbox 562 1483 673 1511; x_wconf 79' lang='lat' dir='ltr'><strong>inertes,</strong></span> <span class='ocrx_word' id='word_1_225' title='bbox 686 1487 738 1506; x_wconf 89' lang='lat' dir='ltr'><strong>tton</strong></span> <span class='ocrx_word' id='word_1_226' title='bbox 752 1482 789 1508; x_wconf 86' lang='lat' dir='ltr'><strong>rei</strong></span> <span class='ocrx_word' id='word_1_227' title='bbox 804 1481 944 1510; x_wconf 79' lang='lat' dir='ltr'><strong>difﬁculta-</strong></span> 
     </span>
    </p>
   </div>
   <div class='ocr_carea' id='block_1_30' title="bbox 151 1521 945 1556">
    <p class='ocr_par' dir='ltr' id='par_1_30' title="bbox 151 1521 945 1556">
     <span class='ocr_line' id='line_1_30' title="bbox 151 1521 945 1556; baseline 0.013 -10"><span class='ocrx_word' id='word_1_228' title='bbox 151 1525 222 1552; x_wconf 81' lang='lat' dir='ltr'><strong>tem,</strong></span> <span class='ocrx_word' id='word_1_229' title='bbox 238 1529 290 1547; x_wconf 88' lang='lat' dir='ltr'><strong>non</strong></span> <span class='ocrx_word' id='word_1_230' title='bbox 308 1521 469 1556; x_wconf 82' lang='lat' dir='ltr'><strong>paucitatem</strong></span> <span class='ocrx_word' id='word_1_231' title='bbox 482 1531 602 1556; x_wconf 89' lang='lat' dir='ltr'><strong>suortnn,</strong></span> <span class='ocrx_word' id='word_1_232' title='bbox 619 1532 670 1551; x_wconf 92' lang='lat' dir='ltr'><strong>non</strong></span> <span class='ocrx_word' id='word_1_233' title='bbox 686 1526 882 1555; x_wconf 77' lang='lat' dir='ltr'><strong>multitudinem</strong></span> <span class='ocrx_word' id='word_1_234' title='bbox 899 1529 945 1556; x_wconf 88' lang='lat' dir='ltr'><strong>ad-</strong></span> 
     </span>
    </p>
   </div>
   <div class='ocr_carea' id='block_1_31' title="bbox 151 1568 944 1608">
    <p class='ocr_par' dir='ltr' id='par_1_31' title="bbox 151 1568 944 1608">
     <span class='ocr_line' id='line_1_31' title="bbox 151 1568 944 1608; baseline 0.016 -17"><span class='ocrx_word' id='word_1_235' title='bbox 151 1568 326 1601; x_wconf 82' lang='lat' dir='ltr'><strong>versantium,</strong></span> <span class='ocrx_word' id='word_1_236' title='bbox 351 1577 404 1596; x_wconf 90' lang='lat' dir='ltr'><strong>non</strong></span> <span class='ocrx_word' id='word_1_237' title='bbox 430 1571 584 1604; x_wconf 81' lang='lat' dir='ltr'><strong>potentiam,</strong></span> <span class='ocrx_word' id='word_1_238' title='bbox 608 1580 659 1599; x_wconf 88' lang='lat' dir='ltr'><strong>non</strong></span> <span class='ocrx_word' id='word_1_239' title='bbox 682 1573 839 1608; x_wconf 84' lang='lat' dir='ltr'><strong>sapientiam</strong></span> <span class='ocrx_word' id='word_1_240' title='bbox 855 1576 944 1604; x_wconf 67' lang='lat' dir='ltr'><strong>inimi~</strong></span> 
     </span>
    </p>
   </div>
   <div class='ocr_carea' id='block_1_32' title="bbox 150 1613 945 1653">
    <p class='ocr_par' dir='ltr' id='par_1_32' title="bbox 150 1613 945 1653">
     <span class='ocr_line' id='line_1_32' title="bbox 150 1613 945 1653; baseline 0.016 -16"><span class='ocrx_word' id='word_1_241' title='bbox 150 1618 254 1640; x_wconf 85' lang='lat' dir='ltr'><strong>eorum.</strong></span> <span class='ocrx_word' id='word_1_242' title='bbox 272 1613 318 1640; x_wconf 86' lang='lat' dir='ltr'><strong>llis</strong></span> <span class='ocrx_word' id='word_1_243' title='bbox 333 1614 432 1650; x_wconf 80' lang='lat' dir='ltr'><strong>quippe</strong></span> <span class='ocrx_word' id='word_1_244' title='bbox 455 1617 578 1645; x_wconf 88' lang='lat' dir='ltr'><strong>omnibus</strong></span> <span class='ocrx_word' id='word_1_245' title='bbox 602 1619 701 1653; x_wconf 78' lang='lat' dir='ltr'><strong>majora</strong></span> <span class='ocrx_word' id='word_1_246' title='bbox 725 1620 858 1649; x_wconf 82' lang='lat' dir='ltr'><strong>habebant</strong></span> <span class='ocrx_word' id='word_1_247' title='bbox 870 1623 945 1651; x_wconf 77' lang='lat' dir='ltr'><strong>auxi-</strong></span> 
     </span>
    </p>
   </div>
   <div class='ocr_carea' id='block_1_33' title="bbox 151 1657 944 1700">
    <p class='ocr_par' dir='ltr' id='par_1_33' title="bbox 151 1657 944 1700">
     <span class='ocr_line' id='line_1_33' title="bbox 151 1657 944 1700; baseline 0.016 -16"><span class='ocrx_word' id='word_1_248' title='bbox 151 1657 195 1690; x_wconf 88' lang='lat' dir='ltr'><strong>lia,</strong></span> <span class='ocrx_word' id='word_1_249' title='bbox 209 1658 338 1687; x_wconf 78' lang='lat' dir='ltr'><strong>Crucifixi</strong></span> <span class='ocrx_word' id='word_1_250' title='bbox 352 1669 449 1696; x_wconf 89' lang='lat' dir='ltr'><strong>nempe</strong></span> <span class='ocrx_word' id='word_1_251' title='bbox 464 1663 507 1698; x_wconf 90' lang='lat' dir='ltr'><strong>qui</strong></span> <span class='ocrx_word' id='word_1_252' title='bbox 523 1671 704 1693; x_wconf 75' lang='lat' dir='ltr'><strong>resurrexcrat</strong></span> <span class='ocrx_word' id='word_1_253' title='bbox 719 1668 874 1700; x_wconf 88' lang='lat' dir='ltr'><strong>potentiam.</strong></span> <span class='ocrx_word' id='word_1_254' title='bbox 886 1669 944 1698; x_wconf 84' lang='lat' dir='ltr'><strong>Non</strong></span> 
     </span>
    </p>
   </div>
   <div class='ocr_carea' id='block_1_34' title="bbox 150 1703 945 1743">
    <p class='ocr_par' dir='ltr' id='par_1_34' title="bbox 150 1703 945 1743">
     <span class='ocr_line' id='line_1_34' title="bbox 150 1703 945 1743; baseline 0.018 -14"><span class='ocrx_word' id='word_1_255' title='bbox 150 1703 185 1730; x_wconf 86' lang='lat' dir='ltr'><strong>ita</strong></span> <span class='ocrx_word' id='word_1_256' title='bbox 200 1704 323 1733; x_wconf 88' lang='lat' dir='ltr'><strong>mirabile</strong></span> <span class='ocrx_word' id='word_1_257' title='bbox 339 1705 448 1740; x_wconf 88' lang='lat' dir='ltr'><strong>fuisset,</strong></span> <span class='ocrx_word' id='word_1_258' title='bbox 467 1708 489 1735; x_wconf 88' lang='lat' dir='ltr'><strong>si</strong></span> <span class='ocrx_word' id='word_1_259' title='bbox 510 1709 606 1738; x_wconf 91' lang='lat' dir='ltr'><strong>bellum</strong></span> <span class='ocrx_word' id='word_1_260' title='bbox 621 1712 748 1740; x_wconf 85' lang='lat' dir='ltr'><strong>sensibile</strong></span> <span class='ocrx_word' id='word_1_261' title='bbox 763 1713 788 1740; x_wconf 92' lang='lat' dir='ltr'><strong>in</strong></span> <span class='ocrx_word' id='word_1_262' title='bbox 804 1718 887 1742; x_wconf 88' lang='lat' dir='ltr'><strong>totutn</strong></span> <span class='ocrx_word' id='word_1_263' title='bbox 901 1723 945 1743; x_wconf 91' lang='lat' dir='ltr'><strong>or-</strong></span> 
     </span>
    </p>
   </div>
   <div class='ocr_carea' id='block_1_35' title="bbox 151 1751 945 1794">
    <p class='ocr_par' dir='ltr' id='par_1_35' title="bbox 151 1751 945 1794">
     <span class='ocr_line' id='line_1_35' title="bbox 151 1751 945 1794; baseline 0.018 -18"><span class='ocrx_word' id='word_1_264' title='bbox 151 1751 210 1777; x_wconf 85' lang='lat' dir='ltr'><strong>bent</strong></span> <span class='ocrx_word' id='word_1_265' title='bbox 223 1752 322 1780; x_wconf 86' lang='lat' dir='ltr'><strong>inferre</strong></span> <span class='ocrx_word' id='word_1_266' title='bbox 337 1754 496 1787; x_wconf 79' lang='lat' dir='ltr'><strong>voluissent,</strong></span> <span class='ocrx_word' id='word_1_267' title='bbox 511 1761 538 1783; x_wconf 90' lang='lat' dir='ltr'><strong>ut</strong></span> <span class='ocrx_word' id='word_1_268' title='bbox 550 1757 647 1784; x_wconf 89' lang='lat' dir='ltr'><strong>ntirum</strong></span> <span class='ocrx_word' id='word_1_269' title='bbox 658 1763 700 1785; x_wconf 88' lang='lat' dir='ltr'><strong>est</strong></span> <span class='ocrx_word' id='word_1_270' title='bbox 714 1759 777 1786; x_wconf 91' lang='lat' dir='ltr'><strong>illud</strong></span> <span class='ocrx_word' id='word_1_271' title='bbox 789 1760 859 1794; x_wconf 82' lang='lat' dir='ltr'><strong>quod</strong></span> <span class='ocrx_word' id='word_1_272' title='bbox 875 1769 945 1790; x_wconf 91' lang='lat' dir='ltr'><strong>nunc</strong></span> 
     </span>
    </p>
   </div>
   <div class='ocr_carea' id='block_1_36' title="bbox 151 1796 943 1835">
    <p class='ocr_par' dir='ltr' id='par_1_36' title="bbox 151 1796 943 1835">
     <span class='ocr_line' id='line_1_36' title="bbox 151 1796 943 1835; baseline 0.015 -12"><span class='ocrx_word' id='word_1_273' title='bbox 151 1796 248 1824; x_wconf 83' lang='lat' dir='ltr'><strong>factum</strong></span> <span class='ocrx_word' id='word_1_274' title='bbox 262 1805 315 1825; x_wconf 85' lang='lat' dir='ltr'><strong>est.</strong></span> <span class='ocrx_word' id='word_1_275' title='bbox 329 1799 396 1827; x_wconf 82' lang='lat' dir='ltr'><strong>Nam</strong></span> <span class='ocrx_word' id='word_1_276' title='bbox 413 1800 472 1835; x_wconf 76' lang='lat' dir='ltr'><strong>lege</strong></span> <span class='ocrx_word' id='word_1_277' title='bbox 486 1801 546 1829; x_wconf 88' lang='lat' dir='ltr'><strong>belli</strong></span> <span class='ocrx_word' id='word_1_278' title='bbox 563 1802 662 1830; x_wconf 88' lang='lat' dir='ltr'><strong>licebat</strong></span> <span class='ocrx_word' id='word_1_279' title='bbox 676 1805 804 1833; x_wconf 85' lang='lat' dir='ltr'><strong>adversus</strong></span> <span class='ocrx_word' id='word_1_280' title='bbox 819 1806 943 1835; x_wconf 89' lang='lat' dir='ltr'><strong>initnieos</strong></span> 
     </span>
    </p>
   </div>
   <div class='ocr_carea' id='block_1_37' title="bbox 148 1845 944 1884">
    <p class='ocr_par' dir='ltr' id='par_1_37' title="bbox 148 1845 944 1884">
     <span class='ocr_line' id='line_1_37' title="bbox 148 1845 944 1884; baseline 0.018 -15"><span class='ocrx_word' id='word_1_281' title='bbox 148 1847 230 1877; x_wconf 73' lang='lat' dir='ltr'><strong>stare,</strong></span> <span class='ocrx_word' id='word_1_282' title='bbox 239 1849 267 1871; x_wconf 90' lang='lat' dir='ltr'><strong>et</strong></span> <span class='ocrx_word' id='word_1_283' title='bbox 280 1845 413 1873; x_wconf 88' lang='lat' dir='ltr'><strong>contraria</strong></span> <span class='ocrx_word' id='word_1_284' title='bbox 427 1852 554 1883; x_wconf 85' lang='lat' dir='ltr'><strong>occupata</strong></span> <span class='ocrx_word' id='word_1_285' title='bbox 569 1850 687 1884; x_wconf 79' lang='lat' dir='ltr'><strong>regione,</strong></span> <span class='ocrx_word' id='word_1_286' title='bbox 698 1850 735 1878; x_wconf 90' lang='lat' dir='ltr'><strong>sic</strong></span> <span class='ocrx_word' id='word_1_287' title='bbox 747 1855 838 1879; x_wconf 89' lang='lat' dir='ltr'><strong>contra</strong></span> <span class='ocrx_word' id='word_1_288' title='bbox 854 1853 944 1882; x_wconf 83' lang='lat' dir='ltr'><strong>hostes</strong></span> 
     </span>
    </p>
   </div>
   <div class='ocr_carea' id='block_1_38' title="bbox 148 1890 944 1931">
    <p class='ocr_par' dir='ltr' id='par_1_38' title="bbox 148 1890 944 1931">
     <span class='ocr_line' id='line_1_38' title="bbox 148 1890 944 1931; baseline 0.014 -15"><span class='ocrx_word' id='word_1_289' title='bbox 148 1890 232 1917; x_wconf 87' lang='lat' dir='ltr'><strong>aciem</strong></span> <span class='ocrx_word' id='word_1_290' title='bbox 247 1891 389 1923; x_wconf 73' lang='lat' dir='ltr'><strong>instruere,</strong></span> <span class='ocrx_word' id='word_1_291' title='bbox 402 1897 482 1928; x_wconf 87' lang='lat' dir='ltr'><strong>atque</strong></span> <span class='ocrx_word' id='word_1_292' title='bbox 496 1895 663 1923; x_wconf 83' lang='lat' dir='ltr'><strong>occasionem</strong></span> <span class='ocrx_word' id='word_1_293' title='bbox 679 1897 802 1931; x_wconf 82' lang='lat' dir='ltr'><strong>accipere.</strong></span> <span class='ocrx_word' id='word_1_294' title='bbox 817 1898 944 1926; x_wconf 79' lang='lat' dir='ltr'><strong>invaden-</strong></span> 
     </span>
    </p>
   </div>
   <div class='ocr_carea' id='block_1_39' title="bbox 148 1935 942 1972">
    <p class='ocr_par' dir='ltr' id='par_1_39' title="bbox 148 1935 942 1972">
     <span class='ocr_line' id='line_1_39' title="bbox 148 1935 942 1972; baseline 0.014 -11"><span class='ocrx_word' id='word_1_295' title='bbox 148 1935 174 1962; x_wconf 91' lang='lat' dir='ltr'><strong>di</strong></span> <span class='ocrx_word' id='word_1_296' title='bbox 197 1940 224 1962; x_wconf 92' lang='lat' dir='ltr'><strong>et</strong></span> <span class='ocrx_word' id='word_1_297' title='bbox 245 1944 342 1964; x_wconf 90' lang='lat' dir='ltr'><strong>manus</strong></span> <span class='ocrx_word' id='word_1_298' title='bbox 364 1939 535 1966; x_wconf 88' lang='lat' dir='ltr'><strong>conserendi.</strong></span> <span class='ocrx_word' id='word_1_299' title='bbox 559 1939 607 1967; x_wconf 87' lang='lat' dir='ltr'><strong>llic</strong></span> <span class='ocrx_word' id='word_1_300' title='bbox 629 1945 718 1969; x_wconf 86' lang='lat' dir='ltr'><strong>autent</strong></span> <span class='ocrx_word' id='word_1_301' title='bbox 742 1949 795 1970; x_wconf 89' lang='lat' dir='ltr'><strong>non</strong></span> <span class='ocrx_word' id='word_1_302' title='bbox 817 1943 862 1970; x_wconf 88' lang='lat' dir='ltr'><strong>ita.</strong></span> <span class='ocrx_word' id='word_1_303' title='bbox 884 1944 942 1972; x_wconf 77' lang='lat' dir='ltr'><strong>Non</strong></span> 
     </span>
    </p>
   </div>
   <div class='ocr_carea' id='block_1_40' title="bbox 148 1982 942 2024">
    <p class='ocr_par' dir='ltr' id='par_1_40' title="bbox 148 1982 942 2024">
     <span class='ocr_line' id='line_1_40' title="bbox 148 1982 942 2024; baseline 0.011 -17"><span class='ocrx_word' id='word_1_304' title='bbox 148 1982 220 2008; x_wconf 87' lang='lat' dir='ltr'><strong>enim</strong></span> <span class='ocrx_word' id='word_1_305' title='bbox 236 1982 384 2010; x_wconf 81' lang='lat' dir='ltr'><strong>exercitum</strong></span> <span class='ocrx_word' id='word_1_306' title='bbox 407 1985 542 2018; x_wconf 89' lang='lat' dir='ltr'><strong>proprium</strong></span> <span class='ocrx_word' id='word_1_307' title='bbox 559 1985 709 2020; x_wconf 85' lang='lat' dir='ltr'><strong>habebant,</strong></span> <span class='ocrx_word' id='word_1_308' title='bbox 730 1987 777 2015; x_wconf 89' lang='lat' dir='ltr'><strong>sed</strong></span> <span class='ocrx_word' id='word_1_309' title='bbox 797 1996 856 2016; x_wconf 91' lang='lat' dir='ltr'><strong>cum</strong></span> <span class='ocrx_word' id='word_1_310' title='bbox 878 1989 942 2024; x_wconf 83' lang='lat' dir='ltr'><strong>ipsis</strong></span> 
     </span>
    </p>
   </div>
   <div class='ocr_carea' id='block_1_41' title="bbox 149 2027 943 2070">
    <p class='ocr_par' dir='ltr' id='par_1_41' title="bbox 149 2027 943 2070">
     <span class='ocr_line' id='line_1_41' title="bbox 149 2027 943 2070; baseline 0.014 -18"><span class='ocrx_word' id='word_1_311' title='bbox 149 2027 265 2054; x_wconf 84' lang='lat' dir='ltr'><strong>inimicis</strong></span> <span class='ocrx_word' id='word_1_312' title='bbox 280 2028 411 2062; x_wconf 84' lang='lat' dir='ltr'><strong>permixti</strong></span> <span class='ocrx_word' id='word_1_313' title='bbox 425 2034 510 2062; x_wconf 86' lang='lat' dir='ltr'><strong>erant,</strong></span> <span class='ocrx_word' id='word_1_314' title='bbox 527 2034 555 2057; x_wconf 87' lang='lat' dir='ltr'><strong>et</strong></span> <span class='ocrx_word' id='word_1_315' title='bbox 568 2031 607 2058; x_wconf 92' lang='lat' dir='ltr'><strong>sic</strong></span> <span class='ocrx_word' id='word_1_316' title='bbox 626 2031 685 2060; x_wconf 89' lang='lat' dir='ltr'><strong>illos</strong></span> <span class='ocrx_word' id='word_1_317' title='bbox 698 2032 849 2066; x_wconf 87' lang='lat' dir='ltr'><strong>vincebant,</strong></span> <span class='ocrx_word' id='word_1_318' title='bbox 863 2039 943 2070; x_wconf 84' lang='lat' dir='ltr'><strong>atque</strong></span> 
     </span>
    </p>
   </div>
   <div class='ocr_carea' id='block_1_42' title="bbox 149 2073 942 2118">
    <p class='ocr_par' dir='ltr' id='par_1_42' title="bbox 149 2073 942 2118">
     <span class='ocr_line' id='line_1_42' title="bbox 149 2073 942 2118; baseline 0.013 -18"><span class='ocrx_word' id='word_1_319' title='bbox 149 2073 175 2100; x_wconf 83' lang='lat' dir='ltr'><strong>in</strong></span> <span class='ocrx_word' id='word_1_320' title='bbox 197 2075 291 2101; x_wconf 89' lang='lat' dir='ltr'><strong>mediis</strong></span> <span class='ocrx_word' id='word_1_321' title='bbox 311 2075 428 2105; x_wconf 77' lang='lat' dir='ltr'><strong>inimicis</strong></span> <span class='ocrx_word' id='word_1_322' title='bbox 450 2082 601 2111; x_wconf 81' lang='lat' dir='ltr'><strong>versantes,</strong></span> <span class='ocrx_word' id='word_1_323' title='bbox 623 2079 730 2108; x_wconf 89' lang='lat' dir='ltr'><strong>illorum</strong></span> <span class='ocrx_word' id='word_1_324' title='bbox 746 2081 860 2116; x_wconf 86' lang='lat' dir='ltr'><strong>impetus</strong></span> <span class='ocrx_word' id='word_1_325' title='bbox 881 2091 942 2118; x_wconf 88' lang='lat' dir='ltr'><strong>pro-</strong></span> 
     </span>
    </p>
   </div>
   <div class='ocr_carea' id='block_1_43' title="bbox 149 2121 943 2162">
    <p class='ocr_par' dir='ltr' id='par_1_43' title="bbox 149 2121 943 2162">
     <span class='ocr_line' id='line_1_43' title="bbox 149 2121 943 2162; baseline 0.018 -19"><span class='ocrx_word' id='word_1_326' title='bbox 149 2121 292 2154; x_wconf 80' lang='lat' dir='ltr'><strong>pulsabant</strong></span> <span class='ocrx_word' id='word_1_327' title='bbox 302 2127 329 2148; x_wconf 83' lang='lat' dir='ltr'><strong>et</strong></span> <span class='ocrx_word' id='word_1_328' title='bbox 341 2124 515 2157; x_wconf 86' lang='lat' dir='ltr'><strong>superabant,</strong></span> <span class='ocrx_word' id='word_1_329' title='bbox 530 2130 609 2159; x_wconf 87' lang='lat' dir='ltr'><strong>atque</strong></span> <span class='ocrx_word' id='word_1_330' title='bbox 620 2126 759 2154; x_wconf 86' lang='lat' dir='ltr'><strong>victoriam</strong></span> <span class='ocrx_word' id='word_1_331' title='bbox 772 2129 943 2162; x_wconf 84' lang='lat' dir='ltr'><strong>reportabant</strong></span> 
     </span>
    </p>
   </div>
   <div class='ocr_carea' id='block_1_44' title="bbox 148 2166 941 2206">
    <p class='ocr_par' dir='ltr' id='par_1_44' title="bbox 148 2166 941 2206">
     <span class='ocr_line' id='line_1_44' title="bbox 148 2166 941 2206; baseline 0.014 -15"><span class='ocrx_word' id='word_1_332' title='bbox 148 2166 328 2200; x_wconf 89' lang='lat' dir='ltr'><strong>splendidam,</strong></span> <span class='ocrx_word' id='word_1_333' title='bbox 342 2175 404 2202; x_wconf 79' lang='lat' dir='ltr'><strong>quze</strong></span> <span class='ocrx_word' id='word_1_334' title='bbox 418 2169 586 2203; x_wconf 86' lang='lat' dir='ltr'><strong>prophetiam</strong></span> <span class='ocrx_word' id='word_1_335' title='bbox 601 2171 728 2206; x_wconf 88' lang='lat' dir='ltr'><strong>implebat</strong></span> <span class='ocrx_word' id='word_1_336' title='bbox 738 2172 870 2201; x_wconf 85' lang='lat' dir='ltr'><strong>dicentem</strong></span> <span class='ocrx_word' id='word_1_337' title='bbox 884 2184 890 2201; x_wconf 94' lang='lat'>:</span> <span class='ocrx_word' id='word_1_338' title='bbox 909 2175 941 2202; x_wconf 78' lang='lat' dir='ltr'><strong>Et</strong></span> 
     </span>
    </p>
   </div>
   <div class='ocr_carea' id='block_1_45' title="bbox 148 2212 940 2255">
    <p class='ocr_par' dir='ltr' id='par_1_45' title="bbox 148 2212 940 2255">
     <span class='ocr_line' id='line_1_45' title="bbox 148 2212 940 2255; baseline 0.014 -18"><span class='ocrx_word' id='word_1_339' title='bbox 148 2212 318 2241; x_wconf 70' lang='lat' dir='ltr'><strong>dominaberis</strong></span> <span class='ocrx_word' id='word_1_340' title='bbox 333 2215 359 2241; x_wconf 84' lang='lat' dir='ltr'><strong>in</strong></span> <span class='ocrx_word' id='word_1_341' title='bbox 378 2215 461 2242; x_wconf 85' lang='lat' dir='ltr'><strong>medio</strong></span> <span class='ocrx_word' id='word_1_342' title='bbox 475 2216 635 2244; x_wconf 80' lang='lat' dir='ltr'><strong>inimicorum</strong></span> <span class='ocrx_word' id='word_1_343' title='bbox 655 2222 755 2246; x_wconf 82' lang='lat' dir='ltr'><strong>tuorum</strong></span> <span class='ocrx_word' id='word_1_344' title='bbox 771 2219 856 2255; x_wconf 76' lang='lat' dir='ltr'><strong>(Psol.</strong></span> <span class='ocrx_word' id='word_1_345' title='bbox 881 2221 940 2248; x_wconf 79' lang='grc'><strong>109.</strong></span> 
     </span>
    </p>
   </div>
   <div class='ocr_carea' id='block_1_46' title="bbox 147 2258 940 2300">
    <p class='ocr_par' dir='ltr' id='par_1_46' title="bbox 147 2258 940 2300">
     <span class='ocr_line' id='line_1_46' title="bbox 147 2258 940 2300; baseline 0.011 -16"><span class='ocrx_word' id='word_1_346' title='bbox 147 2258 192 2294; x_wconf 75' lang='lat'><strong>‘2).</strong></span> <span class='ocrx_word' id='word_1_347' title='bbox 206 2259 263 2287; x_wconf 91' lang='lat' dir='ltr'><strong>lloc</strong></span> <span class='ocrx_word' id='word_1_348' title='bbox 275 2260 346 2287; x_wconf 92' lang='lat' dir='ltr'><strong>enim</strong></span> <span class='ocrx_word' id='word_1_349' title='bbox 361 2262 477 2289; x_wconf 80' lang='lat' dir='ltr'><strong>maxime</strong></span> <span class='ocrx_word' id='word_1_350' title='bbox 489 2267 623 2297; x_wconf 87' lang='lat' dir='ltr'><strong>stuporem</strong></span> <span class='ocrx_word' id='word_1_351' title='bbox 635 2264 781 2299; x_wconf 85' lang='lat' dir='ltr'><strong>injiciebat,</strong></span> <span class='ocrx_word' id='word_1_352' title='bbox 796 2267 866 2300; x_wconf 83' lang='lat' dir='ltr'><strong>quod</strong></span> <span class='ocrx_word' id='word_1_353' title='bbox 880 2275 940 2294; x_wconf 90' lang='lat' dir='ltr'><strong>cum</strong></span> 
     </span>
    </p>
   </div>
   <div class='ocr_carea' id='block_1_47' title="bbox 147 2307 940 2343">
    <p class='ocr_par' dir='ltr' id='par_1_47' title="bbox 147 2307 940 2343">
     <span class='ocr_line' id='line_1_47' title="bbox 147 2307 940 2343; baseline 0.013 -13"><span class='ocrx_word' id='word_1_354' title='bbox 147 2312 193 2331; x_wconf 90' lang='lat' dir='ltr'><strong>cos</strong></span> <span class='ocrx_word' id='word_1_355' title='bbox 216 2309 341 2332; x_wconf 80' lang='lat' dir='ltr'><strong>tenerent</strong></span> <span class='ocrx_word' id='word_1_356' title='bbox 365 2307 476 2338; x_wconf 81' lang='lat' dir='ltr'><strong>inimici,</strong></span> <span class='ocrx_word' id='word_1_357' title='bbox 499 2312 578 2343; x_wconf 87' lang='lat' dir='ltr'><strong>atque</strong></span> <span class='ocrx_word' id='word_1_358' title='bbox 592 2309 767 2337; x_wconf 89' lang='lat' dir='ltr'><strong>incarceretn</strong></span> <span class='ocrx_word' id='word_1_359' title='bbox 790 2316 816 2338; x_wconf 90' lang='lat' dir='ltr'><strong>et</strong></span> <span class='ocrx_word' id='word_1_360' title='bbox 837 2314 940 2340; x_wconf 82' lang='lat' dir='ltr'><strong>vincula</strong></span> 
     </span>
    </p>
   </div>
   <div class='ocr_carea' id='block_1_48' title="bbox 147 2351 940 2391">
    <p class='ocr_par' dir='ltr' id='par_1_48' title="bbox 147 2351 940 2391">
     <span class='ocr_line' id='line_1_48' title="bbox 147 2351 940 2391; baseline 0.011 -14"><span class='ocrx_word' id='word_1_361' title='bbox 147 2351 324 2386; x_wconf 89' lang='lat' dir='ltr'><strong>conjicereut,</strong></span> <span class='ocrx_word' id='word_1_362' title='bbox 342 2360 395 2380; x_wconf 90' lang='lat' dir='ltr'><strong>non</strong></span> <span class='ocrx_word' id='word_1_363' title='bbox 419 2353 499 2381; x_wconf 91' lang='lat' dir='ltr'><strong>modo</strong></span> <span class='ocrx_word' id='word_1_364' title='bbox 525 2354 598 2389; x_wconf 81' lang='lat' dir='ltr'><strong>ipsos</strong></span> <span class='ocrx_word' id='word_1_365' title='bbox 622 2363 673 2382; x_wconf 87' lang='lat' dir='ltr'><strong>nett</strong></span> <span class='ocrx_word' id='word_1_366' title='bbox 697 2363 870 2391; x_wconf 85' lang='lat' dir='ltr'><strong>superarent:</strong></span> <span class='ocrx_word' id='word_1_367' title='bbox 893 2360 940 2388; x_wconf 85' lang='lat' dir='ltr'><strong>sed</strong></span> 
     </span>
    </p>
   </div>
   <div class='ocr_carea' id='block_1_49' title="bbox 147 2418 938 2459">
    <p class='ocr_par' dir='ltr' id='par_1_49' title="bbox 147 2418 938 2459">
     <span class='ocr_line' id='line_1_49' title="bbox 147 2418 938 2459; baseline 0.01 -17"><span class='ocrx_word' id='word_1_368' title='bbox 147 2425 206 2449; x_wconf 79' lang='lat' dir='ltr'><strong>agro</strong></span> <span class='ocrx_word' id='word_1_369' title='bbox 219 2421 254 2443; x_wconf 77' lang='grc' dir='ltr'><strong>εει</strong></span> <span class='ocrx_word' id='word_1_370' title='bbox 265 2418 449 2459; x_wconf 49' lang='lat' dir='ltr'><strong>extenuantis,</strong></span> <span class='ocrx_word' id='word_1_371' title='bbox 464 2418 566 2459; x_wconf 56' lang='lat' dir='ltr'><strong>librique</strong></span> <span class='ocrx_word' id='word_1_372' title='bbox 578 2421 631 2451; x_wconf 69' lang='lat' dir='ltr'><strong>ejus</strong></span> <span class='ocrx_word' id='word_1_373' title='bbox 688 2423 800 2459; x_wconf 73' lang='lat' dir='ltr'><strong>concione</strong></span> <span class='ocrx_word' id='word_1_374' title='bbox 816 2425 938 2459; x_wconf 78' lang='lat' dir='ltr'><strong>combusti.</strong></span> 
     </span>
    </p>
   </div>
   <div class='ocr_carea' id='block_1_50' title="bbox 147 2449 940 2491">
    <p class='ocr_par' dir='ltr' id='par_1_50' title="bbox 147 2449 940 2491">
     <span class='ocr_line' id='line_1_50' title="bbox 147 2449 940 2491; baseline 0.01 -18"><span class='ocrx_word' id='word_1_375' title='bbox 147 2453 183 2491; x_wconf 56' lang='grc' dir='ltr'><strong>ζέας</strong></span> <span class='ocrx_word' id='word_1_376' title='bbox 194 2456 241 2491; x_wconf 44' lang='grc' dir='ltr'><strong>ᾳίιο</strong></span> <span class='ocrx_word' id='word_1_377' title='bbox 251 2449 366 2491; x_wconf 61' lang='lat' dir='ltr'><strong>equidem</strong></span> <span class='ocrx_word' id='word_1_378' title='bbox 376 2450 488 2491; x_wconf 54' lang='lat' dir='ltr'><strong>existimo</strong></span> <span class='ocrx_word' id='word_1_379' title='bbox 500 2449 619 2487; x_wconf 70' lang='lat' dir='ltr'><strong>tardiores</strong></span> <span class='ocrx_word' id='word_1_380' title='bbox 625 2453 657 2477; x_wconf 83' lang='lat' dir='ltr'><strong>ad</strong></span> <span class='ocrx_word' id='word_1_381' title='bbox 666 2453 728 2478; x_wconf 82' lang='lat' dir='ltr'><strong>hanc</strong></span> <span class='ocrx_word' id='word_1_382' title='bbox 737 2455 876 2491; x_wconf 74' lang='lat' dir='ltr'><strong>sententiam</strong></span> <span class='ocrx_word' id='word_1_383' title='bbox 883 2449 940 2491; x_wconf 55' lang='lat' dir='ltr'><strong>pro;</strong></span> 
     </span>
    </p>
   </div>
   <div class='ocr_carea' id='block_1_51' title="bbox 148 2479 940 2516">
    <p class='ocr_par' dir='ltr' id='par_1_51' title="bbox 148 2479 940 2516">
     <span class='ocr_line' id='line_1_51' title="bbox 148 2479 940 2516; baseline 0.013 -13"><span class='ocrx_word' id='word_1_384' title='bbox 148 2479 262 2516; x_wconf 58' lang='lat' dir='ltr'><strong>(umidum</strong></span> <span class='ocrx_word' id='word_1_385' title='bbox 274 2480 361 2516; x_wconf 64' lang='lat' dir='ltr'><strong>multos</strong></span> <span class='ocrx_word' id='word_1_386' title='bbox 373 2487 424 2505; x_wconf 68' lang='lat' dir='ltr'><strong>esse</strong></span> <span class='ocrx_word' id='word_1_387' title='bbox 435 2481 519 2516; x_wconf 61' lang='lat' dir='ltr'><strong>furios,</strong></span> <span class='ocrx_word' id='word_1_388' title='bbox 532 2483 620 2514; x_wconf 80' lang='lat' dir='ltr'><strong>quippe</strong></span> <span class='ocrx_word' id='word_1_389' title='bbox 632 2490 687 2508; x_wconf 81' lang='lat' dir='ltr'><strong>cum</strong></span> <span class='ocrx_word' id='word_1_390' title='bbox 696 2491 791 2515; x_wconf 78' lang='lat' dir='ltr'><strong>pomum</strong></span> <span class='ocrx_word' id='word_1_391' title='bbox 801 2492 831 2511; x_wconf 81' lang='lat' dir='ltr'><strong>ne</strong></span> <span class='ocrx_word' id='word_1_392' title='bbox 846 2479 940 2513; x_wconf 59' lang='lat' dir='ltr'><strong>dubita-</strong></span> 
     </span>
    </p>
   </div>
   <div class='ocr_carea' id='block_1_52' title="bbox 148 2510 910 2553">
    <p class='ocr_par' dir='ltr' id='par_1_52' title="bbox 148 2510 910 2553">
     <span class='ocr_line' id='line_1_52' title="bbox 148 2510 910 2553; baseline 0 0"><span class='ocrx_word' id='word_1_393' title='bbox 148 2510 700 2553; x_wconf 60' lang='lat' dir='ltr'><strong>“°,&quot;t“&#39;.’.“’&quot;””7‘f-’le&quot;?</strong></span> <span class='ocrx_word' id='word_1_394' title='bbox 822 2510 825 2511; x_wconf 54' lang='grc'><strong><em>⁷</em></strong></span> 
     </span>
    </p>
   </div>
   <div class='ocr_carea' id='block_1_53' title="bbox 178 2543 938 2576">
    <p class='ocr_par' dir='ltr' id='par_1_53' title="bbox 178 2543 938 2576">
     <span class='ocr_line' id='line_1_53' title="bbox 178 2543 938 2576; baseline 0.008 -10"><span class='ocrx_word' id='word_1_395' title='bbox 178 2543 214 2573; x_wconf 86' lang='lat' dir='ltr'><strong>(a)</strong></span> <span class='ocrx_word' id='word_1_396' title='bbox 225 2543 298 2576; x_wconf 47' lang='lat' dir='ltr'><strong>lirror</strong></span> <span class='ocrx_word' id='word_1_397' title='bbox 311 2547 349 2566; x_wconf 84' lang='lat' dir='ltr'><strong>est</strong></span> <span class='ocrx_word' id='word_1_398' title='bbox 358 2543 382 2576; x_wconf 89' lang='lat' dir='ltr'><strong>_i_n</strong></span> <span class='ocrx_word' id='word_1_399' title='bbox 392 2544 503 2576; x_wconf 78' lang='lat' dir='ltr'><strong>omnibus</strong></span> <span class='ocrx_word' id='word_1_400' title='bbox 513 2544 588 2569; x_wconf 78' lang='lat' dir='ltr'><strong>Editis</strong></span> <span class='ocrx_word' id='word_1_401' title='bbox 601 2549 626 2576; x_wconf 86' lang='lat' dir='ltr'><strong>et</strong></span> <span class='ocrx_word' id='word_1_402' title='bbox 638 2546 811 2576; x_wconf 81' lang='lat' dir='ltr'><strong>Manuseriptis.</strong></span> <span class='ocrx_word' id='word_1_403' title='bbox 823 2553 877 2572; x_wconf 91' lang='lat' dir='ltr'><strong>cum</strong></span> <span class='ocrx_word' id='word_1_404' title='bbox 887 2549 938 2573; x_wconf 80' lang='lat' dir='ltr'><strong>Dia-</strong></span> 
     </span>
    </p>
   </div>
   <div class='ocr_carea' id='block_1_54' title="bbox 147 2573 937 2610">
    <p class='ocr_par' dir='ltr' id='par_1_54' title="bbox 147 2573 937 2610">
     <span class='ocr_line' id='line_1_54' title="bbox 147 2573 937 2610; baseline 0.009 -14"><span class='ocrx_word' id='word_1_405' title='bbox 147 2579 219 2603; x_wconf 82' lang='lat' dir='ltr'><strong>goras</strong></span> <span class='ocrx_word' id='word_1_406' title='bbox 229 2573 317 2610; x_wconf 56' lang='lat' dir='ltr'><strong>dicitur</strong></span> <span class='ocrx_word' id='word_1_407' title='bbox 335 2573 503 2610; x_wconf 36' lang='lat' dir='ltr'><strong>alilrlsiuanui</strong></span> <span class='ocrx_word' id='word_1_408' title='bbox 517 2579 569 2610; x_wconf 69' lang='lat' dir='ltr'><strong>erat</strong></span> <span class='ocrx_word' id='word_1_409' title='bbox 580 2575 663 2610; x_wconf 57' lang='lat' dir='ltr'><strong>Melius</strong></span> <span class='ocrx_word' id='word_1_410' title='bbox 673 2577 726 2610; x_wconf 72' lang='lat' dir='ltr'><strong>sire</strong></span> <span class='ocrx_word' id='word_1_411' title='bbox 738 2573 770 2601; x_wconf 58' lang='lat' dir='ltr'><strong>es</strong></span> <span class='ocrx_word' id='word_1_412' title='bbox 780 2578 857 2610; x_wconf 73' lang='lat' dir='ltr'><strong>insula</strong></span> <span class='ocrx_word' id='word_1_413' title='bbox 869 2579 937 2607; x_wconf 77' lang='lat' dir='ltr'><strong>Melo,</strong></span> 
     </span>
    </p>
   </div>
   <div class='ocr_carea' id='block_1_55' title="bbox 146 2604 938 2634">
    <p class='ocr_par' dir='ltr' id='par_1_55' title="bbox 146 2604 938 2634">
     <span class='ocr_line' id='line_1_55' title="bbox 146 2604 938 2634; baseline 0.009 -7"><span class='ocrx_word' id='word_1_414' title='bbox 146 2607 173 2628; x_wconf 92' lang='lat' dir='ltr'><strong>ut</strong></span> <span class='ocrx_word' id='word_1_415' title='bbox 184 2604 328 2628; x_wconf 65' lang='lat' dir='ltr'><strong>testiﬁcatur</strong></span> <span class='ocrx_word' id='word_1_416' title='bbox 338 2604 428 2628; x_wconf 83' lang='lat' dir='ltr'><strong>Suidas</strong></span> <span class='ocrx_word' id='word_1_417' title='bbox 442 2604 506 2629; x_wconf 76' lang='lat' dir='ltr'><strong>Alite</strong></span> <span class='ocrx_word' id='word_1_418' title='bbox 518 2605 583 2630; x_wconf 88' lang='lat' dir='ltr'><strong>illutn</strong></span> <span class='ocrx_word' id='word_1_419' title='bbox 597 2606 681 2631; x_wconf 87' lang='lat' dir='ltr'><strong>Cicero</strong></span> <span class='ocrx_word' id='word_1_420' title='bbox 692 2607 788 2632; x_wconf 80' lang='lat' dir='ltr'><strong>dixerat</strong></span> <span class='ocrx_word' id='word_1_421' title='bbox 801 2608 816 2631; x_wconf 91' lang='grc' dir='ltr'><strong>Ι.</strong></span> <span class='ocrx_word' id='word_1_422' title='bbox 832 2610 841 2633; x_wconf 83' lang='grc' dir='ltr'>ι</span> <span class='ocrx_word' id='word_1_423' title='bbox 854 2610 886 2634; x_wconf 89' lang='lat' dir='ltr'><strong>de</strong></span> <span class='ocrx_word' id='word_1_424' title='bbox 896 2604 938 2634; x_wconf 43' lang='lat' dir='ltr'><strong>{Nu-</strong></span> 
     </span>
    </p>
   </div>
   <div class='ocr_carea' id='block_1_56' title="bbox 146 2635 937 2670">
    <p class='ocr_par' dir='ltr' id='par_1_56' title="bbox 146 2635 937 2670">
     <span class='ocr_line' id='line_1_56' title="bbox 146 2635 937 2670; baseline 0.01 -13"><span class='ocrx_word' id='word_1_425' title='bbox 146 2637 199 2670; x_wconf 73' lang='lat' dir='ltr'><strong>tura</strong></span> <span class='ocrx_word' id='word_1_426' title='bbox 210 2635 323 2670; x_wconf 63' lang='lat' dir='ltr'><strong>deorum,</strong></span> <span class='ocrx_word' id='word_1_427' title='bbox 337 2641 358 2658; x_wconf 90' lang='lat' dir='ltr'><strong>e.</strong></span> <span class='ocrx_word' id='word_1_428' title='bbox 374 2636 382 2658; x_wconf 90' lang='lat' dir='ltr'><strong>l</strong></span> <span class='ocrx_word' id='word_1_429' title='bbox 402 2642 408 2658; x_wconf 86' lang='lat'><strong><em>:</em></strong></span> <span class='ocrx_word' id='word_1_430' title='bbox 421 2635 501 2670; x_wconf 70' lang='grc' dir='ltr'><strong>Αἠιιᾳδ</strong></span> <span class='ocrx_word' id='word_1_431' title='bbox 512 2643 562 2661; x_wconf 77' lang='lat' dir='ltr'><strong>esse</strong></span> <span class='ocrx_word' id='word_1_432' title='bbox 574 2637 669 2662; x_wconf 67' lang='lat' dir='ltr'><strong>omnino</strong></span> <span class='ocrx_word' id='word_1_433' title='bbox 681 2637 748 2670; x_wconf 70' lang='lat' dir='ltr'><strong>deos,</strong></span> <span class='ocrx_word' id='word_1_434' title='bbox 764 2638 879 2670; x_wconf 77' lang='lat' dir='ltr'><strong>Diagoras</strong></span> <span class='ocrx_word' id='word_1_435' title='bbox 888 2645 937 2665; x_wconf 76' lang='lat' dir='ltr'><strong>Me-</strong></span> 
     </span>
    </p>
   </div>
   <div class='ocr_carea' id='block_1_57' title="bbox 146 2664 937 2700">
    <p class='ocr_par' dir='ltr' id='par_1_57' title="bbox 146 2664 937 2700">
     <span class='ocr_line' id='line_1_57' title="bbox 146 2664 937 2700; baseline 0.009 -12"><span class='ocrx_word' id='word_1_436' title='bbox 146 2664 220 2689; x_wconf 76' lang='lat' dir='ltr'><strong>littsct</strong></span> <span class='ocrx_word' id='word_1_437' title='bbox 235 2665 372 2700; x_wconf 62' lang='grc' dir='ltr'><strong>ῚΙιςρίζιῃτιιε</strong></span> <span class='ocrx_word' id='word_1_438' title='bbox 382 2666 529 2700; x_wconf 32' lang='grc' dir='ltr'><strong>(ῖῃνυιιιιίᾴτιςδ</strong></span> <span class='ocrx_word' id='word_1_439' title='bbox 541 2671 691 2700; x_wconf 78' lang='lat' dir='ltr'><strong>putaverunt.</strong></span> <span class='ocrx_word' id='word_1_440' title='bbox 705 2664 764 2693; x_wconf 87' lang='lat' dir='ltr'><strong>Cum</strong></span> <span class='ocrx_word' id='word_1_441' title='bbox 776 2664 838 2700; x_wconf 67' lang='grc' dir='ltr'><strong>(ΞΓξο</strong></span> <span class='ocrx_word' id='word_1_442' title='bbox 856 2664 937 2695; x_wconf 77' lang='lat' dir='ltr'><strong>Manu-</strong></span> 
     </span>
    </p>
   </div>
   <div class='ocr_carea' id='block_1_58' title="bbox 145 2695 937 2737">
    <p class='ocr_par' dir='ltr' id='par_1_58' title="bbox 145 2695 937 2737">
     <span class='ocr_line' id='line_1_58' title="bbox 145 2695 937 2737; baseline 0.009 -19"><span class='ocrx_word' id='word_1_443' title='bbox 145 2696 227 2727; x_wconf 81' lang='lat' dir='ltr'><strong>scripti</strong></span> <span class='ocrx_word' id='word_1_444' title='bbox 234 2700 262 2737; x_wconf 40' lang='lat' dir='ltr'><strong>ei</strong></span> <span class='ocrx_word' id='word_1_445' title='bbox 267 2695 329 2731; x_wconf 80' lang='lat' dir='ltr'><strong>Etliti</strong></span> <span class='ocrx_word' id='word_1_446' title='bbox 341 2695 432 2737; x_wconf 52' lang='lat' dir='ltr'><strong>qi&#39;nnesl</strong></span> <span class='ocrx_word' id='word_1_447' title='bbox 441 2695 662 2737; x_wconf 49' lang='lat' dir='ltr'><strong>alﬂcsﬁtshab&#39;eant,</strong></span> <span class='ocrx_word' id='word_1_448' title='bbox 670 2706 740 2737; x_wconf 77' lang='lat' dir='ltr'><strong>error</strong></span> <span class='ocrx_word' id='word_1_449' title='bbox 747 2695 850 2735; x_wconf 59' lang='lat' dir='ltr'><strong>fortasse</strong></span> <span class='ocrx_word' id='word_1_450' title='bbox 862 2701 937 2737; x_wconf 59' lang='lat' dir='ltr'><strong>Chry-</strong></span> 
     </span>
    </p>
   </div>
   <div class='ocr_carea' id='block_1_59' title="bbox 146 2726 938 2783">
    <p class='ocr_par' dir='ltr' id='par_1_59' title="bbox 146 2726 938 2783">
     <span class='ocr_line' id='line_1_59' title="bbox 146 2726 938 2783; baseline 0.01 -33"><span class='ocrx_word' id='word_1_451' title='bbox 146 2728 243 2751; x_wconf 79' lang='lat' dir='ltr'><strong>sosmmi</strong></span> <span class='ocrx_word' id='word_1_452' title='bbox 250 2726 334 2751; x_wconf 84' lang='lat' dir='ltr'><strong>fuerit.</strong></span> <span class='ocrx_word' id='word_1_453' title='bbox 347 2727 407 2752; x_wconf 75' lang='lat' dir='ltr'><strong>Haec</strong></span> <span class='ocrx_word' id='word_1_454' title='bbox 417 2727 449 2752; x_wconf 87' lang='lat' dir='ltr'><strong>de</strong></span> <span class='ocrx_word' id='word_1_455' title='bbox 461 2728 576 2783; x_wconf 45' lang='lat' dir='ltr'><strong>Diagora.</strong></span> <span class='ocrx_word' id='word_1_456' title='bbox 588 2729 627 2754; x_wconf 90' lang='lat' dir='ltr'><strong>De</strong></span> <span class='ocrx_word' id='word_1_457' title='bbox 637 2726 753 2761; x_wconf 78' lang='lat' dir='ltr'><strong>sequenti</strong></span> <span class='ocrx_word' id='word_1_458' title='bbox 766 2737 825 2755; x_wconf 88' lang='lat' dir='ltr'><strong>vero</strong></span> <span class='ocrx_word' id='word_1_459' title='bbox 835 2727 938 2762; x_wconf 62' lang='lat' dir='ltr'><strong>qntesi&#39;io</strong></span> 
     </span>
     <span class='ocr_line' id='line_1_60' title="bbox 147 2757 938 2783; baseline 0.001 -2"><span class='ocrx_word' id='word_1_460' title='bbox 147 2761 194 2781; x_wconf 80' lang='lat' dir='ltr'><strong>est.</strong></span> <span class='ocrx_word' id='word_1_461' title='bbox 204 2757 267 2782; x_wconf 83' lang='lat' dir='ltr'><strong>Editi</strong></span> <span class='ocrx_word' id='word_1_462' title='bbox 279 2764 367 2782; x_wconf 80' lang='lat' dir='ltr'><strong>omnes</strong></span> <span class='ocrx_word' id='word_1_463' title='bbox 381 2757 498 2783; x_wconf 80' lang='lat' dir='ltr'><strong>Diodorus</strong></span> <span class='ocrx_word' id='word_1_464' title='bbox 516 2760 606 2783; x_wconf 86' lang='lat' dir='ltr'><strong>tabent.</strong></span> <span class='ocrx_word' id='word_1_465' title='bbox 614 2761 701 2783; x_wconf 66' lang='lat' dir='ltr'><strong>nenias</strong></span> <span class='ocrx_word' id='word_1_466' title='bbox 711 2767 769 2783; x_wconf 74' lang='lat' dir='ltr'><strong>vero</strong></span> <span class='ocrx_word' id='word_1_467' title='bbox 778 2761 858 2783; x_wconf 66' lang='lat' dir='ltr'><strong>Coum</strong></span> <span class='ocrx_word' id='word_1_468' title='bbox 868 2762 938 2783; x_wconf 64' lang='lat' dir='ltr'><strong>111m.</strong></span> 
     </span>
    </p>
   </div>
   <div class='ocr_carea' id='block_1_60' title="bbox 147 2757 938 2798">
    <p class='ocr_par' dir='ltr' id='par_1_60' title="bbox 147 2757 938 2798">
     <span class='ocr_line' id='line_1_61' title="bbox 147 2757 938 2798; baseline 0.01 -18"><span class='ocrx_word' id='word_1_469' title='bbox 147 2761 194 2798; x_wconf 58' lang='lat' dir='ltr'><strong>est.</strong></span> <span class='ocrx_word' id='word_1_470' title='bbox 204 2757 267 2782; x_wconf 83' lang='lat' dir='ltr'><strong>Editi</strong></span> <span class='ocrx_word' id='word_1_471' title='bbox 275 2764 367 2798; x_wconf 48' lang='lat' dir='ltr'><strong>carious</strong></span> <span class='ocrx_word' id='word_1_472' title='bbox 381 2757 498 2798; x_wconf 56' lang='lat' dir='ltr'><strong>piadort&#39;ts</strong></span> <span class='ocrx_word' id='word_1_473' title='bbox 509 2757 606 2798; x_wconf 62' lang='lat' dir='ltr'><strong>habent,</strong></span> <span class='ocrx_word' id='word_1_474' title='bbox 614 2757 701 2795; x_wconf 69' lang='lat' dir='ltr'><strong>[legitis</strong></span> <span class='ocrx_word' id='word_1_475' title='bbox 711 2767 769 2796; x_wconf 73' lang='lat' dir='ltr'><strong>vero</strong></span> <span class='ocrx_word' id='word_1_476' title='bbox 778 2757 860 2798; x_wconf 38' lang='lat' dir='ltr'><strong>Cadmii-</strong></span> <span class='ocrx_word' id='word_1_477' title='bbox 868 2762 938 2788; x_wconf 82' lang='lat' dir='ltr'><strong>Theo-</strong></span> 
     </span>
    </p>
   </div>
   <div class='ocr_carea' id='block_1_61' title="bbox 146 2788 936 2824">
    <p class='ocr_par' dir='ltr' id='par_1_61' title="bbox 146 2788 936 2824">
     <span class='ocr_line' id='line_1_62' title="bbox 146 2788 936 2824; baseline 0.009 -13"><span class='ocrx_word' id='word_1_478' title='bbox 146 2788 229 2824; x_wconf 48' lang='lat' dir='ltr'><strong>illotus,</strong></span> <span class='ocrx_word' id='word_1_479' title='bbox 242 2789 281 2812; x_wconf 78' lang='lat' dir='ltr'><strong>cui</strong></span> <span class='ocrx_word' id='word_1_480' title='bbox 305 2789 370 2824; x_wconf 77' lang='lat' dir='ltr'><strong>taret</strong></span> <span class='ocrx_word' id='word_1_481' title='bbox 382 2789 452 2824; x_wconf 73' lang='lat' dir='ltr'><strong>locus</strong></span> <span class='ocrx_word' id='word_1_482' title='bbox 462 2789 549 2815; x_wconf 85' lang='lat' dir='ltr'><strong>allatus</strong></span> <span class='ocrx_word' id='word_1_483' title='bbox 566 2788 699 2824; x_wconf 68' lang='lat' dir='ltr'><strong>Cicereius,</strong></span> <span class='ocrx_word' id='word_1_484' title='bbox 712 2792 753 2822; x_wconf 90' lang='lat' dir='ltr'><strong>qui</strong></span> <span class='ocrx_word' id='word_1_485' title='bbox 765 2798 819 2816; x_wconf 93' lang='lat' dir='ltr'><strong>cum</strong></span> <span class='ocrx_word' id='word_1_486' title='bbox 831 2793 936 2824; x_wconf 77' lang='lat' dir='ltr'><strong>Diagora</strong></span> 
     </span>
    </p>
   </div>
   <div class='ocr_carea' id='block_1_62' title="bbox 143 2818 935 2855">
    <p class='ocr_par' dir='ltr' id='par_1_62' title="bbox 143 2818 935 2855">
     <span class='ocr_line' id='line_1_63' title="bbox 143 2818 935 2855; baseline 0.009 -13"><span class='ocrx_word' id='word_1_487' title='bbox 143 2818 294 2855; x_wconf 66' lang='lat' dir='ltr'><strong>Theodorum</strong></span> <span class='ocrx_word' id='word_1_488' title='bbox 308 2820 444 2855; x_wconf 77' lang='lat' dir='ltr'><strong>conjunxit,</strong></span> <span class='ocrx_word' id='word_1_489' title='bbox 458 2825 483 2845; x_wconf 86' lang='lat' dir='ltr'><strong>et</strong></span> <span class='ocrx_word' id='word_1_490' title='bbox 492 2825 621 2852; x_wconf 83' lang='lat' dir='ltr'><strong>utrumque</strong></span> <span class='ocrx_word' id='word_1_491' title='bbox 635 2818 854 2855; x_wconf 51' lang='lat' dir='ltr'><strong>nullos-essedeos</strong></span> <span class='ocrx_word' id='word_1_492' title='bbox 865 2818 935 2855; x_wconf 52' lang='lat' dir='ltr'><strong>Inita?</strong></span> 
     </span>
    </p>
   </div>
   <div class='ocr_carea' id='block_1_63' title="bbox 147 2849 935 2880">
    <p class='ocr_par' dir='ltr' id='par_1_63' title="bbox 147 2849 935 2880">
     <span class='ocr_line' id='line_1_64' title="bbox 147 2849 935 2880; baseline 0.009 -8"><span class='ocrx_word' id='word_1_493' title='bbox 147 2849 208 2873; x_wconf 72' lang='lat' dir='ltr'><strong>tisse</strong></span> <span class='ocrx_word' id='word_1_494' title='bbox 220 2849 291 2874; x_wconf 73' lang='lat' dir='ltr'><strong>dixit.</strong></span> <span class='ocrx_word' id='word_1_495' title='bbox 304 2849 444 2875; x_wconf 70' lang='lat' dir='ltr'><strong>Incol/rcus</strong></span> <span class='ocrx_word' id='word_1_496' title='bbox 456 2856 555 2876; x_wconf 83' lang='lat' dir='ltr'><strong>vocatus</strong></span> <span class='ocrx_word' id='word_1_497' title='bbox 568 2849 605 2877; x_wconf 73' lang='lat' dir='ltr'><strong>est</strong></span> <span class='ocrx_word' id='word_1_498' title='bbox 617 2857 683 2876; x_wconf 76' lang='lat' dir='ltr'><strong>teste</strong></span> <span class='ocrx_word' id='word_1_499' title='bbox 695 2853 772 2877; x_wconf 76' lang='lat' dir='ltr'><strong>Suida.</strong></span> <span class='ocrx_word' id='word_1_500' title='bbox 787 2854 825 2878; x_wconf 87' lang='lat' dir='ltr'><strong>De</strong></span> <span class='ocrx_word' id='word_1_501' title='bbox 837 2849 935 2880; x_wconf 56' lang='lat' dir='ltr'><strong>Socrate</strong></span> 
     </span>
    </p>
   </div>
   <div class='ocr_carea' id='block_1_64' title="bbox 148 2881 932 2917">
    <p class='ocr_par' dir='ltr' id='par_1_64' title="bbox 148 2881 932 2917">
     <span class='ocr_line' id='line_1_65' title="bbox 148 2881 932 2917; baseline 0.011 -14"><span class='ocrx_word' id='word_1_502' title='bbox 148 2884 227 2909; x_wconf 69' lang='lat' dir='ltr'><strong>postea</strong></span> <span class='ocrx_word' id='word_1_503' title='bbox 239 2882 290 2911; x_wconf 82' lang='lat' dir='ltr'><strong>agit</strong></span> <span class='ocrx_word' id='word_1_504' title='bbox 306 2881 498 2917; x_wconf 63' lang='lat' dir='ltr'><strong>Qlirymslomus.</strong></span> <span class='ocrx_word' id='word_1_505' title='bbox 519 2883 678 2917; x_wconf 28' lang='lat' dir='ltr'><strong>illeAcicutam</strong></span> <span class='ocrx_word' id='word_1_506' title='bbox 691 2884 776 2909; x_wconf 81' lang='lat' dir='ltr'><strong>bibere</strong></span> <span class='ocrx_word' id='word_1_507' title='bbox 785 2885 866 2916; x_wconf 79' lang='lat' dir='ltr'><strong>jussus</strong></span> <span class='ocrx_word' id='word_1_508' title='bbox 879 2891 932 2917; x_wconf 81' lang='lat' dir='ltr'><strong>cst,</strong></span> 
     </span>
    </p>
   </div>
   <div class='ocr_carea' id='block_1_65' title="bbox 146 2913 576 2940">
    <p class='ocr_par' dir='ltr' id='par_1_65' title="bbox 146 2913 576 2940">
     <span class='ocr_line' id='line_1_66' title="bbox 146 2913 576 2940; baseline 0.009 -6"><span class='ocrx_word' id='word_1_509' title='bbox 146 2916 197 2940; x_wconf 72' lang='lat' dir='ltr'><strong>qua:</strong></span> <span class='ocrx_word' id='word_1_510' title='bbox 207 2917 249 2936; x_wconf 86' lang='lat' dir='ltr'><strong>res</strong></span> <span class='ocrx_word' id='word_1_511' title='bbox 260 2913 368 2936; x_wconf 81' lang='lat' dir='ltr'><strong>omnium</strong></span> <span class='ocrx_word' id='word_1_512' title='bbox 378 2918 422 2936; x_wconf 86' lang='lat' dir='ltr'><strong>ore</strong></span> <span class='ocrx_word' id='word_1_513' title='bbox 433 2913 519 2938; x_wconf 79' lang='lat' dir='ltr'><strong>let-tur.</strong></span> <span class='ocrx_word' id='word_1_514' title='bbox 568 2915 576 2921; x_wconf 85' lang='lat'><em>‘</em></span> 
     </span>
    </p>
   </div>
   <div class='ocr_carea' id='block_1_66' title="bbox 309 2953 633 2986">
    <p class='ocr_par' dir='ltr' id='par_1_66' title="bbox 309 2953 633 2986">
     <span class='ocr_line' id='line_1_67' title="bbox 309 2953 633 2986; baseline 0.009 -4"><span class='ocrx_word' id='word_1_515' title='bbox 309 2953 449 2982; x_wconf 76' lang='grc' dir='ltr'><strong>ΡΑτιιοι..</strong></span> <span class='ocrx_word' id='word_1_516' title='bbox 472 2955 529 2984; x_wconf 74' lang='lat' dir='ltr'><strong>Gtt.</strong></span> <span class='ocrx_word' id='word_1_517' title='bbox 557 2955 633 2986; x_wconf 73' lang='lat' dir='ltr'><strong>LXI.</strong></span> 
     </span>
    </p>
   </div>
   <div class='ocr_carea' id='block_1_67' title="bbox 1007 234 1797 277">
    <p class='ocr_par' dir='ltr' id='par_1_67' title="bbox 1007 234 1797 277">
     <span class='ocr_line' id='line_1_68' title="bbox 1007 234 1797 277; baseline 0.018 -18"><span class='ocrx_word' id='word_1_518' title='bbox 1007 237 1097 266; x_wconf 89' lang='lat' dir='ltr'><strong>postea</strong></span> <span class='ocrx_word' id='word_1_519' title='bbox 1120 238 1182 262; x_wconf 82' lang='lat' dir='ltr'><strong>ante</strong></span> <span class='ocrx_word' id='word_1_520' title='bbox 1207 234 1268 263; x_wconf 87' lang='lat' dir='ltr'><strong>illos</strong></span> <span class='ocrx_word' id='word_1_521' title='bbox 1291 237 1519 273; x_wconf 86' lang='lat' dir='ltr'><strong>procumberent,</strong></span> <span class='ocrx_word' id='word_1_522' title='bbox 1546 240 1709 277; x_wconf 83' lang='lat' dir='ltr'><strong>ﬂagellanles</strong></span> <span class='ocrx_word' id='word_1_523' title='bbox 1733 251 1797 273; x_wconf 84' lang='lat' dir='ltr'><strong>ante</strong></span> 
     </span>
    </p>
   </div>
   <div class='ocr_carea' id='block_1_68' title="bbox 1005 277 1797 323">
    <p class='ocr_par' dir='ltr' id='par_1_68' title="bbox 1005 277 1797 323">
     <span class='ocr_line' id='line_1_69' title="bbox 1005 277 1797 323; baseline 0.019 -19"><span class='ocrx_word' id='word_1_524' title='bbox 1005 277 1173 313; x_wconf 75' lang='lat' dir='ltr'><strong>ﬂagellatos,</strong></span> <span class='ocrx_word' id='word_1_525' title='bbox 1196 281 1344 310; x_wconf 90' lang='lat' dir='ltr'><strong>vincientes</strong></span> <span class='ocrx_word' id='word_1_526' title='bbox 1367 290 1430 311; x_wconf 83' lang='lat' dir='ltr'><strong>ante</strong></span> <span class='ocrx_word' id='word_1_527' title='bbox 1456 285 1580 318; x_wconf 72' lang='lat' dir='ltr'><strong>vinctos,</strong></span> <span class='ocrx_word' id='word_1_528' title='bbox 1606 296 1797 323; x_wconf 78' lang='lat' dir='ltr'><strong>persequentes</strong></span> 
     </span>
    </p>
   </div>
   <div class='ocr_carea' id='block_1_69' title="bbox 1003 325 1797 368">
    <p class='ocr_par' dir='ltr' id='par_1_69' title="bbox 1003 325 1797 368">
     <span class='ocr_line' id='line_1_70' title="bbox 1003 325 1797 368; baseline 0.016 -19"><span class='ocrx_word' id='word_1_529' title='bbox 1003 328 1065 351; x_wconf 89' lang='lat' dir='ltr'><strong>ante</strong></span> <span class='ocrx_word' id='word_1_530' title='bbox 1081 325 1182 358; x_wconf 88' lang='lat' dir='ltr'><strong>pulsos.</strong></span> <span class='ocrx_word' id='word_1_531' title='bbox 1198 326 1260 354; x_wconf 71' lang='lat' dir='ltr'><strong>lltec</strong></span> <span class='ocrx_word' id='word_1_532' title='bbox 1279 335 1360 362; x_wconf 87' lang='lat' dir='ltr'><strong>porro</strong></span> <span class='ocrx_word' id='word_1_533' title='bbox 1380 330 1468 358; x_wconf 87' lang='lat' dir='ltr'><strong>omnia</strong></span> <span class='ocrx_word' id='word_1_534' title='bbox 1491 331 1592 361; x_wconf 61' lang='lat' dir='ltr'><strong>Graacis</strong></span> <span class='ocrx_word' id='word_1_535' title='bbox 1604 334 1727 368; x_wconf 85' lang='lat' dir='ltr'><strong>dicimus,</strong></span> <span class='ocrx_word' id='word_1_536' title='bbox 1742 336 1797 364; x_wconf 81' lang='lat' dir='ltr'><strong>into</strong></span> 
     </span>
    </p>
   </div>
   <div class='ocr_carea' id='block_1_70' title="bbox 1003 368 1795 411">
    <p class='ocr_par' dir='ltr' id='par_1_70' title="bbox 1003 368 1795 411">
     <span class='ocr_line' id='line_1_71' title="bbox 1003 368 1795 411; baseline 0.02 -16"><span class='ocrx_word' id='word_1_537' title='bbox 1003 368 1045 397; x_wconf 89' lang='lat' dir='ltr'><strong>bis</strong></span> <span class='ocrx_word' id='word_1_538' title='bbox 1069 371 1162 405; x_wconf 91' lang='lat' dir='ltr'><strong>plura;</strong></span> <span class='ocrx_word' id='word_1_539' title='bbox 1188 380 1283 408; x_wconf 78' lang='lat' dir='ltr'><strong>magna</strong></span> <span class='ocrx_word' id='word_1_540' title='bbox 1301 375 1400 411; x_wconf 87' lang='lat' dir='ltr'><strong>quippe</strong></span> <span class='ocrx_word' id='word_1_541' title='bbox 1421 381 1462 405; x_wconf 88' lang='lat' dir='ltr'><strong>est</strong></span> <span class='ocrx_word' id='word_1_542' title='bbox 1485 379 1604 408; x_wconf 82' lang='lat' dir='ltr'><strong>veritatis</strong></span> <span class='ocrx_word' id='word_1_543' title='bbox 1625 381 1743 410; x_wconf 82' lang='lat' dir='ltr'><strong>ubertas.</strong></span> <span class='ocrx_word' id='word_1_544' title='bbox 1766 383 1795 411; x_wconf 88' lang='lat' dir='ltr'><strong>Si</strong></span> 
     </span>
    </p>
   </div>
   <div class='ocr_carea' id='block_1_71' title="bbox 1002 414 1796 465">
    <p class='ocr_par' dir='ltr' id='par_1_71' title="bbox 1002 414 1796 465">
     <span class='ocr_line' id='line_1_72' title="bbox 1002 414 1796 465; baseline 0.02 -24"><span class='ocrx_word' id='word_1_545' title='bbox 1002 414 1074 442; x_wconf 88' lang='lat' dir='ltr'><strong>enim</strong></span> <span class='ocrx_word' id='word_1_546' title='bbox 1089 423 1275 452; x_wconf 79' lang='lat' dir='ltr'><strong>argumentum</strong></span> <span class='ocrx_word' id='word_1_547' title='bbox 1287 422 1446 455; x_wconf 86' lang='lat' dir='ltr'><strong>sequamini,</strong></span> <span class='ocrx_word' id='word_1_548' title='bbox 1463 431 1558 452; x_wconf 80' lang='lat' dir='ltr'><strong>omnes</strong></span> <span class='ocrx_word' id='word_1_549' title='bbox 1574 433 1621 454; x_wconf 78' lang='lat' dir='ltr'><strong>ros</strong></span> <span class='ocrx_word' id='word_1_550' title='bbox 1639 427 1796 465; x_wconf 72' lang='lat' dir='ltr'><strong>docebimus</strong></span> 
     </span>
    </p>
   </div>
   <div class='ocr_carea' id='block_1_72' title="bbox 1002 460 1796 504">
    <p class='ocr_par' dir='ltr' id='par_1_72' title="bbox 1002 460 1796 504">
     <span class='ocr_line' id='line_1_73' title="bbox 1002 460 1796 504; baseline 0.021 -17"><span class='ocrx_word' id='word_1_551' title='bbox 1002 460 1130 490; x_wconf 83' lang='lat' dir='ltr'><strong>adversus</strong></span> <span class='ocrx_word' id='word_1_552' title='bbox 1150 463 1211 493; x_wconf 90' lang='lat' dir='ltr'><strong>illos</strong></span> <span class='ocrx_word' id='word_1_553' title='bbox 1225 468 1462 497; x_wconf 86' lang='lat' dir='ltr'><strong>concertationem.</strong></span> <span class='ocrx_word' id='word_1_554' title='bbox 1478 471 1585 499; x_wconf 88' lang='lat' dir='ltr'><strong>Interim</strong></span> <span class='ocrx_word' id='word_1_555' title='bbox 1599 481 1663 501; x_wconf 87' lang='lat' dir='ltr'><strong>vero</strong></span> <span class='ocrx_word' id='word_1_556' title='bbox 1682 474 1726 503; x_wconf 92' lang='lat' dir='ltr'><strong>hic</strong></span> <span class='ocrx_word' id='word_1_557' title='bbox 1742 476 1796 504; x_wconf 89' lang='lat' dir='ltr'><strong>duo</strong></span> 
     </span>
    </p>
   </div>
   <div class='ocr_carea' id='block_1_73' title="bbox 1001 512 1795 557">
    <p class='ocr_par' dir='ltr' id='par_1_73' title="bbox 1001 512 1795 557">
     <span class='ocr_line' id='line_1_74' title="bbox 1001 512 1795 557; baseline 0.023 -24"><span class='ocrx_word' id='word_1_558' title='bbox 1001 514 1193 537; x_wconf 86' lang='lat' dir='ltr'><strong>conservemus</strong></span> <span class='ocrx_word' id='word_1_559' title='bbox 1207 512 1293 545; x_wconf 84' lang='lat' dir='ltr'><strong>capita</strong></span> <span class='ocrx_word' id='word_1_560' title='bbox 1308 521 1315 539; x_wconf 89' lang='lat'><strong>:</strong></span> <span class='ocrx_word' id='word_1_561' title='bbox 1327 515 1461 547; x_wconf 84' lang='lat' dir='ltr'><strong>quomodo</strong></span> <span class='ocrx_word' id='word_1_562' title='bbox 1473 516 1570 546; x_wconf 85' lang='lat' dir='ltr'><strong>inlirmi</strong></span> <span class='ocrx_word' id='word_1_563' title='bbox 1585 518 1669 549; x_wconf 80' lang='lat' dir='ltr'><strong>fortes</strong></span> <span class='ocrx_word' id='word_1_564' title='bbox 1683 528 1795 557; x_wconf 84' lang='lat' dir='ltr'><strong>supcra-</strong></span> 
     </span>
    </p>
   </div>
   <div class='ocr_carea' id='block_1_74' title="bbox 1000 552 1794 597">
    <p class='ocr_par' dir='ltr' id='par_1_74' title="bbox 1000 552 1794 597">
     <span class='ocr_line' id='line_1_75' title="bbox 1000 552 1794 597; baseline 0.021 -19"><span class='ocrx_word' id='word_1_565' title='bbox 1000 552 1073 586; x_wconf 86' lang='lat' dir='ltr'><strong>rint;</strong></span> <span class='ocrx_word' id='word_1_566' title='bbox 1088 558 1114 581; x_wconf 93' lang='lat' dir='ltr'><strong>et</strong></span> <span class='ocrx_word' id='word_1_567' title='bbox 1127 557 1261 589; x_wconf 85' lang='lat' dir='ltr'><strong>quomodo</strong></span> <span class='ocrx_word' id='word_1_568' title='bbox 1277 557 1341 592; x_wconf 88' lang='lat' dir='ltr'><strong>ipsis</strong></span> <span class='ocrx_word' id='word_1_569' title='bbox 1355 560 1472 588; x_wconf 84' lang='lat' dir='ltr'><strong>venisset</strong></span> <span class='ocrx_word' id='word_1_570' title='bbox 1485 562 1510 589; x_wconf 93' lang='lat' dir='ltr'><strong>in</strong></span> <span class='ocrx_word' id='word_1_571' title='bbox 1527 569 1644 592; x_wconf 88' lang='lat' dir='ltr'><strong>mentem</strong></span> <span class='ocrx_word' id='word_1_572' title='bbox 1655 552 1794 597; x_wconf 41' lang='lat' dir='ltr'><strong>cumIIales</strong></span> 
     </span>
    </p>
   </div>
   <div class='ocr_carea' id='block_1_75' title="bbox 1001 601 1793 647">
    <p class='ocr_par' dir='ltr' id='par_1_75' title="bbox 1001 601 1793 647">
     <span class='ocr_line' id='line_1_76' title="bbox 1001 601 1793 647; baseline 0.021 -22"><span class='ocrx_word' id='word_1_573' title='bbox 1001 605 1093 627; x_wconf 83' lang='lat' dir='ltr'><strong>essent</strong></span> <span class='ocrx_word' id='word_1_574' title='bbox 1108 601 1169 629; x_wconf 86' lang='lat' dir='ltr'><strong>talia</strong></span> <span class='ocrx_word' id='word_1_575' title='bbox 1180 603 1292 631; x_wconf 86' lang='lat' dir='ltr'><strong>consilia</strong></span> <span class='ocrx_word' id='word_1_576' title='bbox 1307 606 1458 641; x_wconf 72' lang='lat' dir='ltr'><strong>susdpere,</strong></span> <span class='ocrx_word' id='word_1_577' title='bbox 1473 608 1524 636; x_wconf 82' lang='lat' dir='ltr'><strong>nisi</strong></span> <span class='ocrx_word' id='word_1_578' title='bbox 1534 610 1625 639; x_wconf 87' lang='lat' dir='ltr'><strong>divino</strong></span> <span class='ocrx_word' id='word_1_579' title='bbox 1639 614 1713 647; x_wconf 83' lang='lat' dir='ltr'><strong>potiti</strong></span> <span class='ocrx_word' id='word_1_580' title='bbox 1725 614 1793 642; x_wconf 88' lang='lat' dir='ltr'><strong>fuis-</strong></span> 
     </span>
    </p>
   </div>
   <div class='ocr_carea' id='block_1_76' title="bbox 1000 647 1184 675">
    <p class='ocr_par' dir='ltr' id='par_1_76' title="bbox 1000 647 1184 675">
     <span class='ocr_line' id='line_1_77' title="bbox 1000 647 1184 675; baseline 0.022 -4"><span class='ocrx_word' id='word_1_581' title='bbox 1000 649 1059 672; x_wconf 86' lang='lat' dir='ltr'><strong>sent</strong></span> <span class='ocrx_word' id='word_1_582' title='bbox 1073 647 1184 675; x_wconf 83' lang='lat' dir='ltr'><strong>auxilio.</strong></span> 
     </span>
    </p>
   </div>
   <div class='ocr_carea' id='block_1_77' title="bbox 1035 691 1792 739">
    <p class='ocr_par' dir='ltr' id='par_1_77' title="bbox 1035 691 1792 739">
     <span class='ocr_line' id='line_1_78' title="bbox 1035 691 1792 739; baseline 0.021 -21"><span class='ocrx_word' id='word_1_583' title='bbox 1035 691 1062 718; x_wconf 87' lang='lat'><strong>6.</strong></span> <span class='ocrx_word' id='word_1_584' title='bbox 1075 692 1107 719; x_wconf 84' lang='lat' dir='ltr'><strong>Et</strong></span> <span class='ocrx_word' id='word_1_585' title='bbox 1119 699 1208 722; x_wconf 89' lang='lat' dir='ltr'><strong>nostra</strong></span> <span class='ocrx_word' id='word_1_586' title='bbox 1220 695 1327 730; x_wconf 89' lang='lat' dir='ltr'><strong>quidem</strong></span> <span class='ocrx_word' id='word_1_587' title='bbox 1342 697 1481 726; x_wconf 89' lang='lat' dir='ltr'><strong>hactenus.</strong></span> <span class='ocrx_word' id='word_1_588' title='bbox 1498 700 1551 728; x_wconf 82' lang='lat' dir='ltr'><strong>Nos</strong></span> <span class='ocrx_word' id='word_1_589' title='bbox 1563 708 1652 730; x_wconf 89' lang='lat' dir='ltr'><strong>autem</strong></span> <span class='ocrx_word' id='word_1_590' title='bbox 1665 706 1792 739; x_wconf 84' lang='lat' dir='ltr'><strong>operibus</strong></span> 
     </span>
    </p>
   </div>
   <div class='ocr_carea' id='block_1_78' title="bbox 1000 735 1790 786">
    <p class='ocr_par' dir='ltr' id='par_1_78' title="bbox 1000 735 1790 786">
     <span class='ocr_line' id='line_1_79' title="bbox 1000 735 1790 786; baseline 0.023 -24"><span class='ocrx_word' id='word_1_591' title='bbox 1000 735 1080 764; x_wconf 76' lang='lat' dir='ltr'><strong>vitam</strong></span> <span class='ocrx_word' id='word_1_592' title='bbox 1105 744 1178 766; x_wconf 87' lang='lat' dir='ltr'><strong>recte</strong></span> <span class='ocrx_word' id='word_1_593' title='bbox 1201 748 1337 775; x_wconf 73' lang='lat' dir='ltr'><strong>geramus,</strong></span> <span class='ocrx_word' id='word_1_594' title='bbox 1361 748 1388 771; x_wconf 91' lang='lat' dir='ltr'><strong>et</strong></span> <span class='ocrx_word' id='word_1_595' title='bbox 1412 745 1548 780; x_wconf 77' lang='lat' dir='ltr'><strong>copiosum</strong></span> <span class='ocrx_word' id='word_1_596' title='bbox 1574 748 1678 777; x_wconf 77' lang='lat' dir='ltr'><strong>virtutis</strong></span> <span class='ocrx_word' id='word_1_597' title='bbox 1703 751 1790 786; x_wconf 78' lang='lat' dir='ltr'><strong>ignem</strong></span> 
     </span>
    </p>
   </div>
   <div class='ocr_carea' id='block_1_79' title="bbox 999 783 1793 828">
    <p class='ocr_par' dir='ltr' id='par_1_79' title="bbox 999 783 1793 828">
     <span class='ocr_line' id='line_1_80' title="bbox 999 783 1793 828; baseline 0.02 -20"><span class='ocrx_word' id='word_1_598' title='bbox 999 783 1189 812; x_wconf 87' lang='lat' dir='ltr'><strong>accendamus.</strong></span> <span class='ocrx_word' id='word_1_599' title='bbox 1206 785 1359 816; x_wconf 85' lang='lat' dir='ltr'><strong>Luminaria</strong></span> <span class='ocrx_word' id='word_1_600' title='bbox 1374 790 1445 817; x_wconf 89' lang='lat' dir='ltr'><strong>enim</strong></span> <span class='ocrx_word' id='word_1_601' title='bbox 1460 791 1536 823; x_wconf 86' lang='lat' dir='ltr'><strong>estis.</strong></span> <span class='ocrx_word' id='word_1_602' title='bbox 1554 793 1648 828; x_wconf 83' lang='lat' dir='ltr'><strong>inquit,</strong></span> <span class='ocrx_word' id='word_1_603' title='bbox 1665 795 1690 822; x_wconf 93' lang='lat' dir='ltr'><strong>in</strong></span> <span class='ocrx_word' id='word_1_604' title='bbox 1704 797 1793 824; x_wconf 78' lang='lat' dir='ltr'><strong>meth</strong></span> 
     </span>
    </p>
   </div>
   <div class='ocr_carea' id='block_1_80' title="bbox 999 827 1790 874">
    <p class='ocr_par' dir='ltr' id='par_1_80' title="bbox 999 827 1790 874">
     <span class='ocr_line' id='line_1_81' title="bbox 999 827 1790 874; baseline 0.021 -21"><span class='ocrx_word' id='word_1_605' title='bbox 999 827 1091 855; x_wconf 90' lang='lat' dir='ltr'><strong>mundi</strong></span> <span class='ocrx_word' id='word_1_606' title='bbox 1103 828 1236 865; x_wconf 81' lang='lat' dir='ltr'><strong>fulgentes</strong></span> <span class='ocrx_word' id='word_1_607' title='bbox 1248 832 1375 869; x_wconf 76' lang='lat' dir='ltr'><strong>(Philipp.</strong></span> <span class='ocrx_word' id='word_1_608' title='bbox 1390 835 1418 861; x_wconf 76' lang='lat'><strong>2.</strong></span> <span class='ocrx_word' id='word_1_609' title='bbox 1432 836 1476 872; x_wconf 82' lang='grc'><strong>15)</strong></span> <span class='ocrx_word' id='word_1_610' title='bbox 1491 846 1498 864; x_wconf 90' lang='lat'><strong>:</strong></span> <span class='ocrx_word' id='word_1_611' title='bbox 1512 842 1538 864; x_wconf 90' lang='lat' dir='ltr'><strong>et</strong></span> <span class='ocrx_word' id='word_1_612' title='bbox 1548 827 1658 874; x_wconf 78' lang='lat' dir='ltr'><strong>singulis</strong></span> <span class='ocrx_word' id='word_1_613' title='bbox 1672 847 1790 870; x_wconf 89' lang='lat' dir='ltr'><strong>nostrum</strong></span> 
     </span>
    </p>
   </div>
   <div class='ocr_carea' id='block_1_81' title="bbox 999 873 1790 921">
    <p class='ocr_par' dir='ltr' id='par_1_81' title="bbox 999 873 1790 921">
     <span class='ocr_line' id='line_1_82' title="bbox 999 873 1790 921; baseline 0.023 -23"><span class='ocrx_word' id='word_1_614' title='bbox 999 873 1129 907; x_wconf 86' lang='lat' dir='ltr'><strong>majorem</strong></span> <span class='ocrx_word' id='word_1_615' title='bbox 1154 876 1225 904; x_wconf 86' lang='lat' dir='ltr'><strong>Deus</strong></span> <span class='ocrx_word' id='word_1_616' title='bbox 1248 878 1322 906; x_wconf 87' lang='lat' dir='ltr'><strong>dedit</strong></span> <span class='ocrx_word' id='word_1_617' title='bbox 1344 888 1440 912; x_wconf 87' lang='lat' dir='ltr'><strong>usum,</strong></span> <span class='ocrx_word' id='word_1_618' title='bbox 1462 890 1540 917; x_wconf 88' lang='lat' dir='ltr'><strong>quant</strong></span> <span class='ocrx_word' id='word_1_619' title='bbox 1567 873 1636 918; x_wconf 88' lang='lat' dir='ltr'><strong>soli;</strong></span> <span class='ocrx_word' id='word_1_620' title='bbox 1660 887 1790 921; x_wconf 81' lang='lat' dir='ltr'><strong>majorem</strong></span> 
     </span>
    </p>
   </div>
   <div class='ocr_carea' id='block_1_82' title="bbox 999 922 1789 967">
    <p class='ocr_par' dir='ltr' id='par_1_82' title="bbox 999 922 1789 967">
     <span class='ocr_line' id='line_1_83' title="bbox 999 922 1789 967; baseline 0.022 -22"><span class='ocrx_word' id='word_1_621' title='bbox 999 927 1078 954; x_wconf 88' lang='lat' dir='ltr'><strong>quam</strong></span> <span class='ocrx_word' id='word_1_622' title='bbox 1104 922 1170 949; x_wconf 79' lang='lat' dir='ltr'><strong>etclo</strong></span> <span class='ocrx_word' id='word_1_623' title='bbox 1198 928 1225 951; x_wconf 88' lang='lat' dir='ltr'><strong>et</strong></span> <span class='ocrx_word' id='word_1_624' title='bbox 1249 928 1328 952; x_wconf 76' lang='lat' dir='ltr'><strong>terra:</strong></span> <span class='ocrx_word' id='word_1_625' title='bbox 1349 931 1376 953; x_wconf 92' lang='lat' dir='ltr'><strong>et</strong></span> <span class='ocrx_word' id='word_1_626' title='bbox 1401 928 1479 961; x_wconf 82' lang='lat' dir='ltr'><strong>mari,</strong></span> <span class='ocrx_word' id='word_1_627' title='bbox 1505 934 1531 956; x_wconf 90' lang='lat' dir='ltr'><strong>et</strong></span> <span class='ocrx_word' id='word_1_628' title='bbox 1554 934 1627 958; x_wconf 89' lang='lat' dir='ltr'><strong>tanto</strong></span> <span class='ocrx_word' id='word_1_629' title='bbox 1651 933 1789 967; x_wconf 88' lang='lat' dir='ltr'><strong>majorettt,</strong></span> 
     </span>
    </p>
   </div>
   <div class='ocr_carea' id='block_1_83' title="bbox 999 968 1790 1015">
    <p class='ocr_par' dir='ltr' id='par_1_83' title="bbox 999 968 1790 1015">
     <span class='ocr_line' id='line_1_84' title="bbox 999 968 1790 1015; baseline 0.02 -24"><span class='ocrx_word' id='word_1_630' title='bbox 999 971 1098 999; x_wconf 87' lang='lat' dir='ltr'><strong>quanto</strong></span> <span class='ocrx_word' id='word_1_631' title='bbox 1115 968 1263 1002; x_wconf 88' lang='lat' dir='ltr'><strong>spiritualia</strong></span> <span class='ocrx_word' id='word_1_632' title='bbox 1277 971 1446 1000; x_wconf 90' lang='lat' dir='ltr'><strong>sensibilibus</strong></span> <span class='ocrx_word' id='word_1_633' title='bbox 1463 976 1627 1008; x_wconf 62' lang='lat' dir='ltr'><strong>praecellunt.</strong></span> <span class='ocrx_word' id='word_1_634' title='bbox 1645 976 1712 1005; x_wconf 87' lang='lat' dir='ltr'><strong>Cum</strong></span> <span class='ocrx_word' id='word_1_635' title='bbox 1725 987 1790 1015; x_wconf 78' lang='lat' dir='ltr'><strong>ergo</strong></span> 
     </span>
    </p>
   </div>
   <div class='ocr_carea' id='block_1_84' title="bbox 998 1011 1790 1061">
    <p class='ocr_par' dir='ltr' id='par_1_84' title="bbox 998 1011 1790 1061">
     <span class='ocr_line' id='line_1_85' title="bbox 998 1011 1790 1061; baseline 0.02 -24"><span class='ocrx_word' id='word_1_636' title='bbox 998 1011 1062 1038; x_wconf 87' lang='lat' dir='ltr'><strong>solis</strong></span> <span class='ocrx_word' id='word_1_637' title='bbox 1075 1012 1204 1040; x_wconf 86' lang='lat' dir='ltr'><strong>circulum</strong></span> <span class='ocrx_word' id='word_1_638' title='bbox 1218 1016 1398 1050; x_wconf 72' lang='lat' dir='ltr'><strong>conspicimus</strong></span> <span class='ocrx_word' id='word_1_639' title='bbox 1409 1024 1435 1045; x_wconf 87' lang='lat' dir='ltr'><strong>et</strong></span> <span class='ocrx_word' id='word_1_640' title='bbox 1447 1020 1683 1057; x_wconf 87' lang='lat' dir='ltr'><strong>pttlehritudincm,</strong></span> <span class='ocrx_word' id='word_1_641' title='bbox 1693 1032 1790 1061; x_wconf 89' lang='lat' dir='ltr'><strong>corpus</strong></span> 
     </span>
    </p>
   </div>
   <div class='ocr_carea' id='block_1_85' title="bbox 998 1058 1790 1105">
    <p class='ocr_par' dir='ltr' id='par_1_85' title="bbox 998 1058 1790 1105">
     <span class='ocr_line' id='line_1_86' title="bbox 998 1058 1790 1105; baseline 0.023 -24"><span class='ocrx_word' id='word_1_642' title='bbox 998 1061 1025 1082; x_wconf 90' lang='lat' dir='ltr'><strong>et</strong></span> <span class='ocrx_word' id='word_1_643' title='bbox 1040 1058 1210 1091; x_wconf 85' lang='lat' dir='ltr'><strong>splendorem</strong></span> <span class='ocrx_word' id='word_1_644' title='bbox 1225 1061 1290 1088; x_wconf 86' lang='lat' dir='ltr'><strong>astri</strong></span> <span class='ocrx_word' id='word_1_645' title='bbox 1305 1062 1469 1092; x_wconf 88' lang='lat' dir='ltr'><strong>admiramur</strong></span> <span class='ocrx_word' id='word_1_646' title='bbox 1479 1087 1485 1098; x_wconf 83' lang='lat'><strong>,</strong></span> <span class='ocrx_word' id='word_1_647' title='bbox 1501 1068 1649 1102; x_wconf 77' lang='lat' dir='ltr'><strong>Cogitemus</strong></span> <span class='ocrx_word' id='word_1_648' title='bbox 1663 1071 1790 1105; x_wconf 82' lang='lat' dir='ltr'><strong>majorem</strong></span> 
     </span>
    </p>
   </div>
   <div class='ocr_carea' id='block_1_86' title="bbox 998 1105 1839 1157">
    <p class='ocr_par' dir='ltr' id='par_1_86' title="bbox 998 1105 1839 1157">
     <span class='ocr_line' id='line_1_87' title="bbox 998 1105 1839 1157; baseline 0.021 -28"><span class='ocrx_word' id='word_1_649' title='bbox 998 1109 1026 1130; x_wconf 86' lang='lat' dir='ltr'><strong>et</strong></span> <span class='ocrx_word' id='word_1_650' title='bbox 1039 1105 1177 1132; x_wconf 88' lang='lat' dir='ltr'><strong>meliorem</strong></span> <span class='ocrx_word' id='word_1_651' title='bbox 1191 1107 1215 1134; x_wconf 89' lang='lat' dir='ltr'><strong>in</strong></span> <span class='ocrx_word' id='word_1_652' title='bbox 1228 1108 1305 1135; x_wconf 83' lang='lat' dir='ltr'><strong>nobis</strong></span> <span class='ocrx_word' id='word_1_653' title='bbox 1320 1117 1380 1137; x_wconf 87' lang='lat' dir='ltr'><strong>esse</strong></span> <span class='ocrx_word' id='word_1_654' title='bbox 1396 1111 1498 1145; x_wconf 88' lang='lat' dir='ltr'><strong>lucem;</strong></span> <span class='ocrx_word' id='word_1_655' title='bbox 1514 1119 1541 1140; x_wconf 92' lang='lat' dir='ltr'><strong>ut</strong></span> <span class='ocrx_word' id='word_1_656' title='bbox 1558 1115 1638 1142; x_wconf 91' lang='lat' dir='ltr'><strong>etiam</strong></span> <span class='ocrx_word' id='word_1_657' title='bbox 1653 1118 1791 1151; x_wconf 79' lang='lat' dir='ltr'><strong>graviores</strong></span> <span class='ocrx_word' id='word_1_658' title='bbox 1834 1153 1839 1157; x_wconf 30' lang='grc' dir='ltr'>ι</span> 
     </span>
    </p>
   </div>
   <div class='ocr_carea' id='block_1_87' title="bbox 999 1151 1789 1196">
    <p class='ocr_par' dir='ltr' id='par_1_87' title="bbox 999 1151 1789 1196">
     <span class='ocr_line' id='line_1_88' title="bbox 999 1151 1789 1196; baseline 0.019 -19"><span class='ocrx_word' id='word_1_659' title='bbox 999 1151 1132 1183; x_wconf 82' lang='lat' dir='ltr'><strong>tenebras,</strong></span> <span class='ocrx_word' id='word_1_660' title='bbox 1153 1154 1202 1180; x_wconf 91' lang='lat' dir='ltr'><strong>nisi</strong></span> <span class='ocrx_word' id='word_1_661' title='bbox 1216 1155 1386 1184; x_wconf 84' lang='lat' dir='ltr'><strong>attendamus</strong></span> <span class='ocrx_word' id='word_1_662' title='bbox 1398 1166 1404 1184; x_wconf 89' lang='lat'>:</span> <span class='ocrx_word' id='word_1_663' title='bbox 1418 1166 1477 1185; x_wconf 87' lang='lat' dir='ltr'><strong>natn</strong></span> <span class='ocrx_word' id='word_1_664' title='bbox 1494 1167 1546 1187; x_wconf 81' lang='lat' dir='ltr'><strong>nox</strong></span> <span class='ocrx_word' id='word_1_665' title='bbox 1561 1162 1691 1196; x_wconf 88' lang='lat' dir='ltr'><strong>profunda</strong></span> <span class='ocrx_word' id='word_1_666' title='bbox 1705 1167 1789 1192; x_wconf 83' lang='lat' dir='ltr'><strong>totum</strong></span> 
     </span>
    </p>
   </div>
   <div class='ocr_carea' id='block_1_88' title="bbox 999 1197 1789 1238">
    <p class='ocr_par' dir='ltr' id='par_1_88' title="bbox 999 1197 1789 1238">
     <span class='ocr_line' id='line_1_89' title="bbox 999 1197 1789 1238; baseline 0.019 -15"><span class='ocrx_word' id='word_1_667' title='bbox 999 1197 1090 1224; x_wconf 78' lang='lat' dir='ltr'><strong>urbem</strong></span> <span class='ocrx_word' id='word_1_668' title='bbox 1106 1206 1229 1234; x_wconf 82' lang='lat' dir='ltr'><strong>occupat.</strong></span> <span class='ocrx_word' id='word_1_669' title='bbox 1254 1201 1326 1229; x_wconf 89' lang='lat' dir='ltr'><strong>llanc</strong></span> <span class='ocrx_word' id='word_1_670' title='bbox 1342 1204 1422 1238; x_wconf 77' lang='lat' dir='ltr'><strong>igitur</strong></span> <span class='ocrx_word' id='word_1_671' title='bbox 1436 1211 1589 1234; x_wconf 86' lang='lat' dir='ltr'><strong>evertamus</strong></span> <span class='ocrx_word' id='word_1_672' title='bbox 1601 1213 1629 1235; x_wconf 90' lang='lat' dir='ltr'><strong>et</strong></span> <span class='ocrx_word' id='word_1_673' title='bbox 1642 1210 1789 1238; x_wconf 86' lang='lat' dir='ltr'><strong>solvamus.</strong></span> 
     </span>
    </p>
   </div>
   <div class='ocr_carea' id='block_1_89' title="bbox 997 1242 1790 1286">
    <p class='ocr_par' dir='ltr' id='par_1_89' title="bbox 997 1242 1790 1286">
     <span class='ocr_line' id='line_1_90' title="bbox 997 1242 1790 1286; baseline 0.02 -17"><span class='ocrx_word' id='word_1_674' title='bbox 997 1242 1053 1270; x_wconf 74' lang='lat' dir='ltr'><strong>Nox</strong></span> <span class='ocrx_word' id='word_1_675' title='bbox 1069 1252 1120 1272; x_wconf 90' lang='lat' dir='ltr'><strong>non</strong></span> <span class='ocrx_word' id='word_1_676' title='bbox 1134 1246 1158 1272; x_wconf 94' lang='lat' dir='ltr'><strong>in</strong></span> <span class='ocrx_word' id='word_1_677' title='bbox 1172 1246 1305 1275; x_wconf 69' lang='lat' dir='ltr'><strong>laet-elicis</strong></span> <span class='ocrx_word' id='word_1_678' title='bbox 1320 1254 1345 1276; x_wconf 85' lang='lat' dir='ltr'><strong>et</strong></span> <span class='ocrx_word' id='word_1_679' title='bbox 1362 1249 1462 1278; x_wconf 70' lang='lat' dir='ltr'><strong>Cra-cis</strong></span> <span class='ocrx_word' id='word_1_680' title='bbox 1477 1256 1588 1286; x_wconf 88' lang='lat' dir='ltr'><strong>tantutn,</strong></span> <span class='ocrx_word' id='word_1_681' title='bbox 1605 1255 1651 1282; x_wconf 88' lang='lat' dir='ltr'><strong>sed</strong></span> <span class='ocrx_word' id='word_1_682' title='bbox 1666 1257 1745 1284; x_wconf 88' lang='lat' dir='ltr'><strong>etiam</strong></span> <span class='ocrx_word' id='word_1_683' title='bbox 1764 1258 1790 1285; x_wconf 91' lang='lat' dir='ltr'><strong>in</strong></span> 
     </span>
    </p>
   </div>
   <div class='ocr_carea' id='block_1_90' title="bbox 998 1290 1786 1338">
    <p class='ocr_par' dir='ltr' id='par_1_90' title="bbox 998 1290 1786 1338">
     <span class='ocr_line' id='line_1_91' title="bbox 998 1290 1786 1338; baseline 0.019 -22"><span class='ocrx_word' id='word_1_684' title='bbox 998 1290 1088 1318; x_wconf 86' lang='lat' dir='ltr'><strong>multis</strong></span> <span class='ocrx_word' id='word_1_685' title='bbox 1101 1292 1145 1327; x_wconf 87' lang='lat' dir='ltr'><strong>qtti</strong></span> <span class='ocrx_word' id='word_1_686' title='bbox 1161 1293 1299 1321; x_wconf 87' lang='lat' dir='ltr'><strong>nobiscum</strong></span> <span class='ocrx_word' id='word_1_687' title='bbox 1315 1300 1387 1329; x_wconf 84' lang='lat' dir='ltr'><strong>sunt,</strong></span> <span class='ocrx_word' id='word_1_688' title='bbox 1405 1302 1457 1325; x_wconf 89' lang='lat' dir='ltr'><strong>tam</strong></span> <span class='ocrx_word' id='word_1_689' title='bbox 1473 1298 1498 1325; x_wconf 85' lang='lat' dir='ltr'><strong>in</strong></span> <span class='ocrx_word' id='word_1_690' title='bbox 1514 1299 1693 1335; x_wconf 81' lang='lat' dir='ltr'><strong>dogmatibus,</strong></span> <span class='ocrx_word' id='word_1_691' title='bbox 1706 1311 1786 1338; x_wconf 86' lang='lat' dir='ltr'><strong>quam</strong></span> 
     </span>
    </p>
   </div>
   <div class='ocr_carea' id='block_1_91' title="bbox 999 1335 1789 1380">
    <p class='ocr_par' dir='ltr' id='par_1_91' title="bbox 999 1335 1789 1380">
     <span class='ocr_line' id='line_1_92' title="bbox 999 1335 1789 1380; baseline 0.019 -19"><span class='ocrx_word' id='word_1_692' title='bbox 999 1335 1024 1362; x_wconf 88' lang='lat' dir='ltr'><strong>in</strong></span> <span class='ocrx_word' id='word_1_693' title='bbox 1039 1336 1101 1363; x_wconf 81' lang='lat' dir='ltr'><strong>rita.</strong></span> <span class='ocrx_word' id='word_1_694' title='bbox 1117 1337 1191 1365; x_wconf 86' lang='lat' dir='ltr'><strong>Multi</strong></span> <span class='ocrx_word' id='word_1_695' title='bbox 1205 1339 1275 1366; x_wconf 88' lang='lat' dir='ltr'><strong>enittt</strong></span> <span class='ocrx_word' id='word_1_696' title='bbox 1297 1343 1486 1370; x_wconf 65' lang='lat' dir='ltr'><strong>resurrectiotti</strong></span> <span class='ocrx_word' id='word_1_697' title='bbox 1500 1352 1552 1371; x_wconf 90' lang='lat' dir='ltr'><strong>non</strong></span> <span class='ocrx_word' id='word_1_698' title='bbox 1568 1346 1679 1374; x_wconf 88' lang='lat' dir='ltr'><strong>creduttt</strong></span> <span class='ocrx_word' id='word_1_699' title='bbox 1691 1369 1698 1380; x_wconf 92' lang='lat'><strong>,</strong></span> <span class='ocrx_word' id='word_1_700' title='bbox 1714 1335 1789 1376; x_wconf 74' lang='lat' dir='ltr'><strong>inulti</strong></span> 
     </span>
    </p>
   </div>
   <div class='ocr_carea' id='block_1_92' title="bbox 996 1382 1790 1423">
    <p class='ocr_par' dir='ltr' id='par_1_92' title="bbox 996 1382 1790 1423">
     <span class='ocr_line' id='line_1_93' title="bbox 996 1382 1790 1423; baseline 0.021 -16"><span class='ocrx_word' id='word_1_701' title='bbox 996 1382 1165 1416; x_wconf 74' lang='lat' dir='ltr'><strong>genethliaca</strong></span> <span class='ocrx_word' id='word_1_702' title='bbox 1186 1387 1317 1413; x_wconf 85' lang='lat' dir='ltr'><strong>sententia</strong></span> <span class='ocrx_word' id='word_1_703' title='bbox 1333 1394 1361 1415; x_wconf 89' lang='lat' dir='ltr'><strong>se</strong></span> <span class='ocrx_word' id='word_1_704' title='bbox 1375 1389 1513 1423; x_wconf 89' lang='lat' dir='ltr'><strong>muniunt;</strong></span> <span class='ocrx_word' id='word_1_705' title='bbox 1532 1392 1575 1418; x_wconf 92' lang='lat' dir='ltr'><strong>alii</strong></span> <span class='ocrx_word' id='word_1_706' title='bbox 1596 1392 1790 1423; x_wconf 86' lang='lat' dir='ltr'><strong>observationi-</strong></span> 
     </span>
    </p>
   </div>
   <div class='ocr_carea' id='block_1_93' title="bbox 998 1427 1791 1474">
    <p class='ocr_par' dir='ltr' id='par_1_93' title="bbox 998 1427 1791 1474">
     <span class='ocr_line' id='line_1_94' title="bbox 998 1427 1791 1474; baseline 0.019 -21"><span class='ocrx_word' id='word_1_707' title='bbox 998 1427 1047 1455; x_wconf 89' lang='lat' dir='ltr'><strong>bus</strong></span> <span class='ocrx_word' id='word_1_708' title='bbox 1069 1428 1196 1461; x_wconf 86' lang='lat' dir='ltr'><strong>student,</strong></span> <span class='ocrx_word' id='word_1_709' title='bbox 1223 1438 1325 1459; x_wconf 88' lang='lat' dir='ltr'><strong>necnon</strong></span> <span class='ocrx_word' id='word_1_710' title='bbox 1349 1434 1602 1470; x_wconf 82' lang='lat' dir='ltr'><strong>vaticinationibus,</strong></span> <span class='ocrx_word' id='word_1_711' title='bbox 1626 1441 1743 1474; x_wconf 79' lang='lat' dir='ltr'><strong>auguriis</strong></span> <span class='ocrx_word' id='word_1_712' title='bbox 1764 1448 1791 1468; x_wconf 74' lang='lat' dir='ltr'><strong>et</strong></span> 
     </span>
    </p>
   </div>
   <div class='ocr_carea' id='block_1_94' title="bbox 996 1473 1789 1515">
    <p class='ocr_par' dir='ltr' id='par_1_94' title="bbox 996 1473 1789 1515">
     <span class='ocr_line' id='line_1_95' title="bbox 996 1473 1789 1515; baseline 0.021 -17"><span class='ocrx_word' id='word_1_713' title='bbox 996 1473 1126 1508; x_wconf 78' lang='lat' dir='ltr'><strong>symbolis</strong></span> <span class='ocrx_word' id='word_1_714' title='bbox 1138 1483 1145 1508; x_wconf 90' lang='lat'><strong>;</strong></span> <span class='ocrx_word' id='word_1_715' title='bbox 1157 1475 1202 1502; x_wconf 88' lang='lat' dir='ltr'><strong>alii</strong></span> <span class='ocrx_word' id='word_1_716' title='bbox 1215 1476 1384 1511; x_wconf 77' lang='lat' dir='ltr'><strong>ligaminibus</strong></span> <span class='ocrx_word' id='word_1_717' title='bbox 1395 1485 1421 1506; x_wconf 90' lang='lat' dir='ltr'><strong>et</strong></span> <span class='ocrx_word' id='word_1_718' title='bbox 1434 1481 1655 1512; x_wconf 85' lang='lat' dir='ltr'><strong>incantationibus</strong></span> <span class='ocrx_word' id='word_1_719' title='bbox 1666 1473 1789 1515; x_wconf 79' lang='lat' dir='ltr'><strong>utuntur.</strong></span> 
     </span>
    </p>
   </div>
   <div class='ocr_carea' id='block_1_95' title="bbox 998 1518 1790 1567">
    <p class='ocr_par' dir='ltr' id='par_1_95' title="bbox 998 1518 1790 1567">
     <span class='ocr_line' id='line_1_96' title="bbox 998 1518 1790 1567; baseline 0.021 -23"><span class='ocrx_word' id='word_1_720' title='bbox 998 1520 1031 1545; x_wconf 84' lang='lat' dir='ltr'><strong>At</strong></span> <span class='ocrx_word' id='word_1_721' title='bbox 1046 1518 1175 1547; x_wconf 84' lang='lat' dir='ltr'><strong>adversus</strong></span> <span class='ocrx_word' id='word_1_722' title='bbox 1190 1521 1250 1548; x_wconf 86' lang='lat' dir='ltr'><strong>illos</strong></span> <span class='ocrx_word' id='word_1_723' title='bbox 1265 1523 1344 1550; x_wconf 83' lang='lat' dir='ltr'><strong>etiam</strong></span> <span class='ocrx_word' id='word_1_724' title='bbox 1362 1532 1452 1558; x_wconf 77' lang='lat' dir='ltr'><strong>postea</strong></span> <span class='ocrx_word' id='word_1_725' title='bbox 1466 1526 1561 1555; x_wconf 90' lang='lat' dir='ltr'><strong>dicturi</strong></span> <span class='ocrx_word' id='word_1_726' title='bbox 1577 1536 1670 1558; x_wconf 86' lang='lat' dir='ltr'><strong>sumus</strong></span> <span class='ocrx_word' id='word_1_727' title='bbox 1683 1543 1696 1564; x_wconf 95' lang='lat'><strong>,-</strong></span> <span class='ocrx_word' id='word_1_728' title='bbox 1715 1540 1790 1567; x_wconf 59' lang='lat' dir='ltr'><strong>post-</strong></span> 
     </span>
    </p>
   </div>
   <div class='ocr_carea' id='block_1_96' title="bbox 997 1571 1791 1608">
    <p class='ocr_par' dir='ltr' id='par_1_96' title="bbox 997 1571 1791 1608">
     <span class='ocr_line' id='line_1_97' title="bbox 997 1571 1791 1608; baseline 0.024 -19"><span class='ocrx_word' id='word_1_729' title='bbox 997 1572 1075 1598; x_wconf 89' lang='lat' dir='ltr'><strong>quam</strong></span> <span class='ocrx_word' id='word_1_730' title='bbox 1090 1573 1242 1594; x_wconf 88' lang='lat' dir='ltr'><strong>sermonem</strong></span> <span class='ocrx_word' id='word_1_731' title='bbox 1262 1575 1352 1597; x_wconf 90' lang='lat' dir='ltr'><strong>contra</strong></span> <span class='ocrx_word' id='word_1_732' title='bbox 1367 1571 1476 1600; x_wconf 69' lang='lat' dir='ltr'><strong>Gnaeos</strong></span> <span class='ocrx_word' id='word_1_733' title='bbox 1489 1573 1683 1604; x_wconf 81' lang='lat' dir='ltr'><strong>abSolverimus</strong></span> <span class='ocrx_word' id='word_1_734' title='bbox 1699 1588 1705 1605; x_wconf 93' lang='lat'><strong>:</strong></span> <span class='ocrx_word' id='word_1_735' title='bbox 1722 1579 1791 1608; x_wconf 78' lang='lat' dir='ltr'><strong>inte-</strong></span> 
     </span>
    </p>
   </div>
   <div class='ocr_carea' id='block_1_97' title="bbox 996 1611 1790 1655">
    <p class='ocr_par' dir='ltr' id='par_1_97' title="bbox 996 1611 1790 1655">
     <span class='ocr_line' id='line_1_98' title="bbox 996 1611 1790 1655; baseline 0.021 -18"><span class='ocrx_word' id='word_1_736' title='bbox 996 1611 1046 1638; x_wconf 88' lang='lat' dir='ltr'><strong>rint</strong></span> <span class='ocrx_word' id='word_1_737' title='bbox 1063 1619 1128 1640; x_wconf 88' lang='lat' dir='ltr'><strong>vero</strong></span> <span class='ocrx_word' id='word_1_738' title='bbox 1143 1613 1187 1640; x_wconf 92' lang='lat' dir='ltr'><strong>illa</strong></span> <span class='ocrx_word' id='word_1_739' title='bbox 1202 1622 1261 1650; x_wconf 71' lang='lat' dir='ltr'><strong>qua}</strong></span> <span class='ocrx_word' id='word_1_740' title='bbox 1274 1616 1344 1644; x_wconf 88' lang='lat' dir='ltr'><strong>dicta</strong></span> <span class='ocrx_word' id='word_1_741' title='bbox 1360 1623 1423 1645; x_wconf 82' lang='lat' dir='ltr'><strong>sant</strong></span> <span class='ocrx_word' id='word_1_742' title='bbox 1439 1620 1552 1649; x_wconf 88' lang='lat' dir='ltr'><strong>retinete</strong></span> <span class='ocrx_word' id='word_1_743' title='bbox 1564 1642 1572 1655; x_wconf 93' lang='lat'><strong>,</strong></span> <span class='ocrx_word' id='word_1_744' title='bbox 1589 1627 1616 1650; x_wconf 92' lang='lat' dir='ltr'><strong>ct</strong></span> <span class='ocrx_word' id='word_1_745' title='bbox 1630 1631 1733 1653; x_wconf 90' lang='lat' dir='ltr'><strong>mecum</strong></span> <span class='ocrx_word' id='word_1_746' title='bbox 1757 1628 1790 1655; x_wconf 86' lang='lat' dir='ltr'><strong>ad</strong></span> 
     </span>
    </p>
   </div>
   <div class='ocr_carea' id='block_1_98' title="bbox 997 1658 1790 1700">
    <p class='ocr_par' dir='ltr' id='par_1_98' title="bbox 997 1658 1790 1700">
     <span class='ocr_line' id='line_1_99' title="bbox 997 1658 1790 1700; baseline 0.023 -18"><span class='ocrx_word' id='word_1_747' title='bbox 997 1664 1109 1691; x_wconf 72' lang='lat' dir='ltr'><strong>pugnam</strong></span> <span class='ocrx_word' id='word_1_748' title='bbox 1126 1659 1260 1694; x_wconf 86' lang='lat' dir='ltr'><strong>accedite,</strong></span> <span class='ocrx_word' id='word_1_749' title='bbox 1286 1670 1335 1697; x_wconf 90' lang='lat' dir='ltr'><strong>per</strong></span> <span class='ocrx_word' id='word_1_750' title='bbox 1356 1664 1417 1690; x_wconf 73' lang='lat' dir='ltr'><strong>vitm</strong></span> <span class='ocrx_word' id='word_1_751' title='bbox 1441 1658 1589 1695; x_wconf 73' lang='lat' dir='ltr'><strong>institutum</strong></span> <span class='ocrx_word' id='word_1_752' title='bbox 1611 1669 1670 1697; x_wconf 83' lang='lat' dir='ltr'><strong>illos</strong></span> <span class='ocrx_word' id='word_1_753' title='bbox 1693 1672 1724 1698; x_wconf 90' lang='lat' dir='ltr'><strong>ad</strong></span> <span class='ocrx_word' id='word_1_754' title='bbox 1741 1681 1790 1700; x_wconf 81' lang='lat' dir='ltr'><strong>nos</strong></span> 
     </span>
    </p>
   </div>
   <div class='ocr_carea' id='block_1_99' title="bbox 995 1704 1789 1754">
    <p class='ocr_par' dir='ltr' id='par_1_99' title="bbox 995 1704 1789 1754">
     <span class='ocr_line' id='line_1_100' title="bbox 995 1704 1789 1754; baseline 0.02 -24"><span class='ocrx_word' id='word_1_755' title='bbox 995 1704 1162 1733; x_wconf 85' lang='lat' dir='ltr'><strong>attrahentes</strong></span> <span class='ocrx_word' id='word_1_756' title='bbox 1177 1710 1204 1733; x_wconf 89' lang='lat' dir='ltr'><strong>et</strong></span> <span class='ocrx_word' id='word_1_757' title='bbox 1220 1708 1420 1738; x_wconf 84' lang='lat' dir='ltr'><strong>transferentes.</strong></span> <span class='ocrx_word' id='word_1_758' title='bbox 1440 1711 1545 1740; x_wconf 86' lang='lat' dir='ltr'><strong>Etenim</strong></span> <span class='ocrx_word' id='word_1_759' title='bbox 1559 1735 1566 1747; x_wconf 91' lang='lat'><strong>,</strong></span> <span class='ocrx_word' id='word_1_760' title='bbox 1589 1717 1660 1750; x_wconf 90' lang='lat' dir='ltr'><strong>quod</strong></span> <span class='ocrx_word' id='word_1_761' title='bbox 1682 1725 1789 1754; x_wconf 89' lang='lat' dir='ltr'><strong>semper</strong></span> 
     </span>
    </p>
   </div>
   <div class='ocr_carea' id='block_1_100' title="bbox 995 1748 1791 1799">
    <p class='ocr_par' dir='ltr' id='par_1_100' title="bbox 995 1748 1791 1799">
     <span class='ocr_line' id='line_1_101' title="bbox 995 1748 1791 1799; baseline 0.021 -24"><span class='ocrx_word' id='word_1_762' title='bbox 995 1748 1067 1782; x_wconf 87' lang='lat' dir='ltr'><strong>dico,</strong></span> <span class='ocrx_word' id='word_1_763' title='bbox 1081 1758 1142 1778; x_wconf 88' lang='lat' dir='ltr'><strong>eum</strong></span> <span class='ocrx_word' id='word_1_764' title='bbox 1155 1752 1198 1786; x_wconf 89' lang='lat' dir='ltr'><strong>qui</strong></span> <span class='ocrx_word' id='word_1_765' title='bbox 1214 1753 1409 1789; x_wconf 89' lang='lat' dir='ltr'><strong>philosophiam</strong></span> <span class='ocrx_word' id='word_1_766' title='bbox 1423 1756 1511 1792; x_wconf 72' lang='lat' dir='ltr'><strong>docet,</strong></span> <span class='ocrx_word' id='word_1_767' title='bbox 1526 1748 1631 1794; x_wconf 77' lang='lat' dir='ltr'><strong>oportet</strong></span> <span class='ocrx_word' id='word_1_768' title='bbox 1647 1763 1732 1797; x_wconf 90' lang='lat' dir='ltr'><strong>primo</strong></span> <span class='ocrx_word' id='word_1_769' title='bbox 1742 1748 1791 1799; x_wconf 75' lang='lat' dir='ltr'><strong>per</strong></span> 
     </span>
    </p>
   </div>
   <div class='ocr_carea' id='block_1_101' title="bbox 995 1794 1790 1838">
    <p class='ocr_par' dir='ltr' id='par_1_101' title="bbox 995 1794 1790 1838">
     <span class='ocr_line' id='line_1_102' title="bbox 995 1794 1790 1838; baseline 0.023 -17"><span class='ocrx_word' id='word_1_770' title='bbox 995 1794 1113 1829; x_wconf 88' lang='lat' dir='ltr'><strong>scipsum</strong></span> <span class='ocrx_word' id='word_1_771' title='bbox 1127 1796 1178 1825; x_wconf 85' lang='lat' dir='ltr'><strong>hoc</strong></span> <span class='ocrx_word' id='word_1_772' title='bbox 1192 1798 1290 1827; x_wconf 84' lang='lat' dir='ltr'><strong>ducere</strong></span> <span class='ocrx_word' id='word_1_773' title='bbox 1302 1820 1310 1833; x_wconf 88' lang='lat'><strong>,</strong></span> <span class='ocrx_word' id='word_1_774' title='bbox 1326 1805 1354 1828; x_wconf 90' lang='lat' dir='ltr'><strong>ct</strong></span> <span class='ocrx_word' id='word_1_775' title='bbox 1366 1802 1533 1832; x_wconf 87' lang='lat' dir='ltr'><strong>auditoribus</strong></span> <span class='ocrx_word' id='word_1_776' title='bbox 1546 1813 1606 1834; x_wconf 87' lang='lat' dir='ltr'><strong>esse</strong></span> <span class='ocrx_word' id='word_1_777' title='bbox 1625 1794 1790 1838; x_wconf 76' lang='lat' dir='ltr'><strong>desiderabi-</strong></span> 
     </span>
    </p>
   </div>
   <div class='ocr_carea' id='block_1_102' title="bbox 995 1840 1673 1891">
    <p class='ocr_par' dir='ltr' id='par_1_102' title="bbox 995 1840 1673 1891">
     <span class='ocr_line' id='line_1_103' title="bbox 995 1840 1673 1891; baseline 0.015 -24"><span class='ocrx_word' id='word_1_778' title='bbox 995 1840 1057 1868; x_wconf 85' lang='lat' dir='ltr'><strong>lem.</strong></span> 
     </span>
    </p>
   </div>
   <div class='ocr_carea' id='block_1_103' title="bbox 1032 1887 1783 1930">
    <p class='ocr_par' dir='ltr' id='par_1_103' title="bbox 1032 1887 1783 1930">
     <span class='ocr_line' id='line_1_104' title="bbox 1032 1887 1783 1930; baseline 0.023 -17"><span class='ocrx_word' id='word_1_779' title='bbox 1032 1887 1164 1921; x_wconf 84' lang='lat' dir='ltr'><strong>Quomodo</strong></span> <span class='ocrx_word' id='word_1_780' title='bbox 1189 1890 1272 1918; x_wconf 67' lang='lat' dir='ltr'><strong>Graaci</strong></span> <span class='ocrx_word' id='word_1_781' title='bbox 1293 1893 1324 1919; x_wconf 81' lang='lat' dir='ltr'><strong>de</strong></span> <span class='ocrx_word' id='word_1_782' title='bbox 1350 1893 1401 1927; x_wconf 83' lang='lat' dir='ltr'><strong>ﬁde</strong></span> <span class='ocrx_word' id='word_1_783' title='bbox 1417 1900 1475 1922; x_wconf 77' lang='lat' dir='ltr'><strong>sunt</strong></span> <span class='ocrx_word' id='word_1_784' title='bbox 1495 1897 1633 1926; x_wconf 81' lang='lat' dir='ltr'><strong>intbttendi.</strong></span> <span class='ocrx_word' id='word_1_785' title='bbox 1645 1887 1680 1921; x_wconf 46' lang='grc' dir='ltr'>έ</span> <span class='ocrx_word' id='word_1_786' title='bbox 1693 1901 1783 1930; x_wconf 89' lang='lat' dir='ltr'><strong>Simus</strong></span> 
     </span>
    </p>
   </div>
   <div class='ocr_carea' id='block_1_104' title="bbox 995 1933 1787 1975">
    <p class='ocr_par' dir='ltr' id='par_1_104' title="bbox 995 1933 1787 1975">
     <span class='ocr_line' id='line_1_105' title="bbox 995 1933 1787 1975; baseline 0.02 -16"><span class='ocrx_word' id='word_1_787' title='bbox 995 1940 1058 1968; x_wconf 72' lang='lat' dir='ltr'><strong>ergo</strong></span> <span class='ocrx_word' id='word_1_788' title='bbox 1073 1933 1275 1969; x_wconf 76' lang='lat' dir='ltr'><strong>desiderabiles,</strong></span> <span class='ocrx_word' id='word_1_789' title='bbox 1299 1942 1326 1965; x_wconf 89' lang='lat' dir='ltr'><strong>ct</strong></span> <span class='ocrx_word' id='word_1_790' title='bbox 1347 1938 1501 1968; x_wconf 83' lang='lat' dir='ltr'><strong>Graecorum</strong></span> <span class='ocrx_word' id='word_1_791' title='bbox 1524 1943 1600 1971; x_wconf 88' lang='lat' dir='ltr'><strong>nobis</strong></span> <span class='ocrx_word' id='word_1_792' title='bbox 1623 1945 1787 1975; x_wconf 87' lang='lat' dir='ltr'><strong>benevolen-</strong></span> 
     </span>
    </p>
   </div>
   <div class='ocr_carea' id='block_1_105' title="bbox 997 1979 1788 2024">
    <p class='ocr_par' dir='ltr' id='par_1_105' title="bbox 997 1979 1788 2024">
     <span class='ocr_line' id='line_1_106' title="bbox 997 1979 1788 2024; baseline 0.021 -20"><span class='ocrx_word' id='word_1_793' title='bbox 997 1979 1058 2006; x_wconf 90' lang='lat' dir='ltr'><strong>tiam</strong></span> <span class='ocrx_word' id='word_1_794' title='bbox 1074 1980 1248 2008; x_wconf 83' lang='lat' dir='ltr'><strong>attrahamus.</strong></span> <span class='ocrx_word' id='word_1_795' title='bbox 1275 1983 1331 2010; x_wconf 80' lang='lat' dir='ltr'><strong>Erit</strong></span> <span class='ocrx_word' id='word_1_796' title='bbox 1357 1989 1447 2012; x_wconf 90' lang='lat' dir='ltr'><strong>autem</strong></span> <span class='ocrx_word' id='word_1_797' title='bbox 1467 1987 1533 2015; x_wconf 88' lang='lat' dir='ltr'><strong>illud</strong></span> <span class='ocrx_word' id='word_1_798' title='bbox 1544 2008 1551 2020; x_wconf 95' lang='lat'><strong>,</strong></span> <span class='ocrx_word' id='word_1_799' title='bbox 1568 1989 1590 2016; x_wconf 88' lang='lat' dir='ltr'><strong>si</strong></span> <span class='ocrx_word' id='word_1_800' title='bbox 1605 1992 1689 2024; x_wconf 84' lang='lat' dir='ltr'><strong>parati</strong></span> <span class='ocrx_word' id='word_1_801' title='bbox 1704 1993 1788 2021; x_wconf 90' lang='lat' dir='ltr'><strong>simus</strong></span> 
     </span>
    </p>
   </div>
   <div class='ocr_carea' id='block_1_106' title="bbox 995 2026 1788 2067">
    <p class='ocr_par' dir='ltr' id='par_1_106' title="bbox 995 2026 1788 2067">
     <span class='ocr_line' id='line_1_107' title="bbox 995 2026 1788 2067; baseline 0.02 -17"><span class='ocrx_word' id='word_1_802' title='bbox 995 2032 1048 2051; x_wconf 88' lang='lat' dir='ltr'><strong>non</strong></span> <span class='ocrx_word' id='word_1_803' title='bbox 1069 2026 1155 2053; x_wconf 85' lang='lat' dir='ltr'><strong>solum</strong></span> <span class='ocrx_word' id='word_1_804' title='bbox 1174 2027 1207 2054; x_wconf 81' lang='lat' dir='ltr'><strong>ad</strong></span> <span class='ocrx_word' id='word_1_805' title='bbox 1231 2028 1300 2056; x_wconf 89' lang='lat' dir='ltr'><strong>bene</strong></span> <span class='ocrx_word' id='word_1_806' title='bbox 1324 2029 1475 2058; x_wconf 89' lang='lat' dir='ltr'><strong>faciendum</strong></span> <span class='ocrx_word' id='word_1_807' title='bbox 1487 2053 1494 2066; x_wconf 93' lang='lat'><strong>,</strong></span> <span class='ocrx_word' id='word_1_808' title='bbox 1517 2033 1565 2060; x_wconf 89' lang='lat' dir='ltr'><strong>sed</strong></span> <span class='ocrx_word' id='word_1_809' title='bbox 1579 2035 1657 2063; x_wconf 89' lang='lat' dir='ltr'><strong>etiam</strong></span> <span class='ocrx_word' id='word_1_810' title='bbox 1674 2037 1707 2064; x_wconf 90' lang='lat' dir='ltr'><strong>ad</strong></span> <span class='ocrx_word' id='word_1_811' title='bbox 1719 2039 1788 2067; x_wconf 88' lang='lat' dir='ltr'><strong>male</strong></span> 
     </span>
    </p>
   </div>
   <div class='ocr_carea' id='block_1_107' title="bbox 994 2070 1788 2118">
    <p class='ocr_par' dir='ltr' id='par_1_107' title="bbox 994 2070 1788 2118">
     <span class='ocr_line' id='line_1_108' title="bbox 994 2070 1788 2118; baseline 0.021 -23"><span class='ocrx_word' id='word_1_812' title='bbox 994 2070 1159 2104; x_wconf 86' lang='lat' dir='ltr'><strong>patiendum.</strong></span> <span class='ocrx_word' id='word_1_813' title='bbox 1183 2072 1239 2100; x_wconf 80' lang='lat' dir='ltr'><strong>Non</strong></span> <span class='ocrx_word' id='word_1_814' title='bbox 1257 2074 1378 2102; x_wconf 83' lang='lat' dir='ltr'><strong>ridemus</strong></span> <span class='ocrx_word' id='word_1_815' title='bbox 1392 2076 1522 2109; x_wconf 73' lang='lat' dir='ltr'><strong>infantes.</strong></span> <span class='ocrx_word' id='word_1_816' title='bbox 1545 2081 1652 2114; x_wconf 88' lang='lat' dir='ltr'><strong>quando</strong></span> <span class='ocrx_word' id='word_1_817' title='bbox 1664 2090 1678 2108; x_wconf 81' lang='lat' dir='ltr'><strong>a</strong></span> <span class='ocrx_word' id='word_1_818' title='bbox 1692 2091 1788 2118; x_wconf 85' lang='lat' dir='ltr'><strong>paren-</strong></span> 
     </span>
    </p>
   </div>
   <div class='ocr_carea' id='block_1_108' title="bbox 995 2115 1789 2161">
    <p class='ocr_par' dir='ltr' id='par_1_108' title="bbox 995 2115 1789 2161">
     <span class='ocr_line' id='line_1_109' title="bbox 995 2115 1789 2161; baseline 0.02 -20"><span class='ocrx_word' id='word_1_819' title='bbox 995 2115 1065 2143; x_wconf 92' lang='lat' dir='ltr'><strong>tibus</strong></span> <span class='ocrx_word' id='word_1_820' title='bbox 1081 2117 1186 2151; x_wconf 80' lang='lat' dir='ltr'><strong>gestati,</strong></span> <span class='ocrx_word' id='word_1_821' title='bbox 1199 2119 1334 2153; x_wconf 88' lang='lat' dir='ltr'><strong>quotnodo</strong></span> <span class='ocrx_word' id='word_1_822' title='bbox 1347 2120 1431 2156; x_wconf 77' lang='lat' dir='ltr'><strong>plagis</strong></span> <span class='ocrx_word' id='word_1_823' title='bbox 1444 2125 1574 2157; x_wconf 88' lang='lat' dir='ltr'><strong>portantis</strong></span> <span class='ocrx_word' id='word_1_824' title='bbox 1584 2133 1614 2153; x_wconf 85' lang='lat' dir='ltr'><strong>se</strong></span> <span class='ocrx_word' id='word_1_825' title='bbox 1627 2115 1709 2161; x_wconf 77' lang='lat' dir='ltr'><strong>genas</strong></span> <span class='ocrx_word' id='word_1_826' title='bbox 1726 2138 1789 2157; x_wconf 83' lang='lat' dir='ltr'><strong>rer-</strong></span> 
     </span>
    </p>
   </div>
   <div class='ocr_carea' id='block_1_109' title="bbox 995 2161 1786 2203">
    <p class='ocr_par' dir='ltr' id='par_1_109' title="bbox 995 2161 1786 2203">
     <span class='ocr_line' id='line_1_110' title="bbox 995 2161 1786 2203; baseline 0.019 -16"><span class='ocrx_word' id='word_1_827' title='bbox 995 2161 1099 2196; x_wconf 88' lang='lat' dir='ltr'><strong>berent,</strong></span> <span class='ocrx_word' id='word_1_828' title='bbox 1116 2167 1143 2189; x_wconf 93' lang='lat' dir='ltr'><strong>ct</strong></span> <span class='ocrx_word' id='word_1_829' title='bbox 1156 2171 1235 2197; x_wconf 90' lang='lat' dir='ltr'><strong>quant</strong></span> <span class='ocrx_word' id='word_1_830' title='bbox 1249 2164 1363 2193; x_wconf 90' lang='lat' dir='ltr'><strong>libenter</strong></span> <span class='ocrx_word' id='word_1_831' title='bbox 1377 2168 1507 2195; x_wconf 89' lang='lat' dir='ltr'><strong>concedat</strong></span> <span class='ocrx_word' id='word_1_832' title='bbox 1521 2174 1596 2203; x_wconf 85' lang='lat' dir='ltr'><strong>pater</strong></span> <span class='ocrx_word' id='word_1_833' title='bbox 1609 2170 1663 2199; x_wconf 82' lang='lat' dir='ltr'><strong>filio</strong></span> <span class='ocrx_word' id='word_1_834' title='bbox 1679 2178 1706 2200; x_wconf 92' lang='lat' dir='ltr'><strong>ut</strong></span> <span class='ocrx_word' id='word_1_835' title='bbox 1721 2174 1786 2202; x_wconf 84' lang='lat' dir='ltr'><strong>iram</strong></span> 
     </span>
    </p>
   </div>
   <div class='ocr_carea' id='block_1_110' title="bbox 995 2207 1787 2250">
    <p class='ocr_par' dir='ltr' id='par_1_110' title="bbox 995 2207 1787 2250">
     <span class='ocr_line' id='line_1_111' title="bbox 995 2207 1787 2250; baseline 0.02 -17"><span class='ocrx_word' id='word_1_836' title='bbox 995 2207 1118 2242; x_wconf 76' lang='lat' dir='ltr'><strong>expleat,</strong></span> <span class='ocrx_word' id='word_1_837' title='bbox 1139 2213 1166 2236; x_wconf 86' lang='lat' dir='ltr'><strong>et</strong></span> <span class='ocrx_word' id='word_1_838' title='bbox 1189 2210 1296 2244; x_wconf 89' lang='lat' dir='ltr'><strong>quando</strong></span> <span class='ocrx_word' id='word_1_839' title='bbox 1309 2211 1381 2239; x_wconf 90' lang='lat' dir='ltr'><strong>videt</strong></span> <span class='ocrx_word' id='word_1_840' title='bbox 1397 2213 1462 2240; x_wconf 89' lang='lat' dir='ltr'><strong>iram</strong></span> <span class='ocrx_word' id='word_1_841' title='bbox 1479 2215 1646 2250; x_wconf 81' lang='lat' dir='ltr'><strong>explevisse,</strong></span> <span class='ocrx_word' id='word_1_842' title='bbox 1662 2219 1787 2248; x_wconf 68' lang='lat' dir='ltr'><strong>lauetur?</strong></span> 
     </span>
    </p>
   </div>
   <div class='ocr_carea' id='block_1_111' title="bbox 995 2253 1783 2301">
    <p class='ocr_par' dir='ltr' id='par_1_111' title="bbox 995 2253 1783 2301">
     <span class='ocr_line' id='line_1_112' title="bbox 995 2253 1783 2301; baseline 0.02 -22"><span class='ocrx_word' id='word_1_843' title='bbox 995 2253 1030 2280; x_wconf 89' lang='lat' dir='ltr'><strong>lta</strong></span> <span class='ocrx_word' id='word_1_844' title='bbox 1043 2259 1070 2281; x_wconf 90' lang='lat' dir='ltr'><strong>et</strong></span> <span class='ocrx_word' id='word_1_845' title='bbox 1084 2262 1132 2282; x_wconf 88' lang='lat' dir='ltr'><strong>nos</strong></span> <span class='ocrx_word' id='word_1_846' title='bbox 1151 2255 1290 2290; x_wconf 87' lang='lat' dir='ltr'><strong>faciamus,</strong></span> <span class='ocrx_word' id='word_1_847' title='bbox 1305 2262 1333 2285; x_wconf 92' lang='lat' dir='ltr'><strong>et</strong></span> <span class='ocrx_word' id='word_1_848' title='bbox 1351 2260 1575 2293; x_wconf 87' lang='lat' dir='ltr'><strong>quemadmodum</strong></span> <span class='ocrx_word' id='word_1_849' title='bbox 1593 2269 1681 2298; x_wconf 79' lang='lat' dir='ltr'><strong>patres</strong></span> <span class='ocrx_word' id='word_1_850' title='bbox 1700 2267 1783 2301; x_wconf 84' lang='lat' dir='ltr'><strong>ﬁlios,</strong></span> 
     </span>
    </p>
   </div>
   <div class='ocr_carea' id='block_1_112' title="bbox 994 2300 1785 2344">
    <p class='ocr_par' dir='ltr' id='par_1_112' title="bbox 994 2300 1785 2344">
     <span class='ocr_line' id='line_1_113' title="bbox 994 2300 1785 2344; baseline 0.02 -18"><span class='ocrx_word' id='word_1_851' title='bbox 994 2300 1033 2327; x_wconf 83' lang='lat' dir='ltr'><strong>sic</strong></span> <span class='ocrx_word' id='word_1_852' title='bbox 1054 2300 1161 2329; x_wconf 65' lang='lat' dir='ltr'><strong>Grzecos</strong></span> <span class='ocrx_word' id='word_1_853' title='bbox 1180 2302 1357 2338; x_wconf 88' lang='lat' dir='ltr'><strong>alloquamur.</strong></span> <span class='ocrx_word' id='word_1_854' title='bbox 1380 2305 1497 2334; x_wconf 89' lang='lat' dir='ltr'><strong>Infantes</strong></span> <span class='ocrx_word' id='word_1_855' title='bbox 1511 2309 1609 2344; x_wconf 87' lang='lat' dir='ltr'><strong>quippe</strong></span> <span class='ocrx_word' id='word_1_856' title='bbox 1624 2316 1686 2339; x_wconf 89' lang='lat' dir='ltr'><strong>suttt</strong></span> <span class='ocrx_word' id='word_1_857' title='bbox 1698 2312 1785 2342; x_wconf 64' lang='lat' dir='ltr'><strong>Graeci</strong></span> 
     </span>
    </p>
   </div>
   <div class='ocr_carea' id='block_1_113' title="bbox 993 2348 1785 2394">
    <p class='ocr_par' dir='ltr' id='par_1_113' title="bbox 993 2348 1785 2394">
     <span class='ocr_line' id='line_1_114' title="bbox 993 2348 1785 2394; baseline 0.019 -22"><span class='ocrx_word' id='word_1_858' title='bbox 993 2353 1108 2374; x_wconf 83' lang='lat' dir='ltr'><strong>omnes:</strong></span> <span class='ocrx_word' id='word_1_859' title='bbox 1125 2352 1152 2374; x_wconf 86' lang='lat' dir='ltr'><strong>et</strong></span> <span class='ocrx_word' id='word_1_860' title='bbox 1163 2348 1270 2382; x_wconf 89' lang='lat' dir='ltr'><strong>quidant</strong></span> <span class='ocrx_word' id='word_1_861' title='bbox 1291 2351 1361 2385; x_wconf 89' lang='lat' dir='ltr'><strong>apttd</strong></span> <span class='ocrx_word' id='word_1_862' title='bbox 1383 2352 1443 2379; x_wconf 92' lang='lat' dir='ltr'><strong>illos</strong></span> <span class='ocrx_word' id='word_1_863' title='bbox 1468 2353 1526 2381; x_wconf 64' lang='lat' dir='ltr'><strong>haec</strong></span> <span class='ocrx_word' id='word_1_864' title='bbox 1546 2355 1687 2392; x_wconf 81' lang='lat' dir='ltr'><strong>dixerunt,</strong></span> <span class='ocrx_word' id='word_1_865' title='bbox 1713 2362 1785 2394; x_wconf 87' lang='lat' dir='ltr'><strong>quod</strong></span> 
     </span>
    </p>
   </div>
   <div class='ocr_carea' id='block_1_114' title="bbox 995 2393 1782 2433">
    <p class='ocr_par' dir='ltr' id='par_1_114' title="bbox 995 2393 1782 2433">
     <span class='ocr_line' id='line_1_115' title="bbox 995 2393 1782 2433; baseline 0.018 -14"><span class='ocrx_word' id='word_1_866' title='bbox 995 2399 1098 2426; x_wconf 76' lang='lat' dir='ltr'><strong>Si&#39;mper</strong></span> <span class='ocrx_word' id='word_1_867' title='bbox 1112 2393 1187 2428; x_wconf 88' lang='lat' dir='ltr'><strong>pueri</strong></span> <span class='ocrx_word' id='word_1_868' title='bbox 1200 2394 1264 2426; x_wconf 91' lang='lat' dir='ltr'><strong>sint,</strong></span> <span class='ocrx_word' id='word_1_869' title='bbox 1281 2400 1308 2423; x_wconf 89' lang='lat' dir='ltr'><strong>et</strong></span> <span class='ocrx_word' id='word_1_870' title='bbox 1323 2397 1412 2424; x_wconf 90' lang='lat' dir='ltr'><strong>nullus</strong></span> <span class='ocrx_word' id='word_1_871' title='bbox 1425 2398 1460 2425; x_wconf 90' lang='lat' dir='ltr'><strong>sit</strong></span> <span class='ocrx_word' id='word_1_872' title='bbox 1474 2407 1556 2427; x_wconf 77' lang='lat' dir='ltr'><strong>senex</strong></span> <span class='ocrx_word' id='word_1_873' title='bbox 1569 2401 1687 2431; x_wconf 59' lang='lat' dir='ltr'><strong>Graecus.</strong></span> <span class='ocrx_word' id='word_1_874' title='bbox 1703 2393 1782 2433; x_wconf 84' lang='lat' dir='ltr'><strong>Pueri</strong></span> 
     </span>
    </p>
   </div>
   <div class='ocr_carea' id='block_1_115' title="bbox 993 2439 1791 2479">
    <p class='ocr_par' dir='ltr' id='par_1_115' title="bbox 993 2439 1791 2479">
     <span class='ocr_line' id='line_1_116' title="bbox 993 2439 1791 2479; baseline 0.018 -14"><span class='ocrx_word' id='word_1_875' title='bbox 993 2443 1079 2466; x_wconf 87' lang='lat' dir='ltr'><strong>autem</strong></span> <span class='ocrx_word' id='word_1_876' title='bbox 1095 2439 1128 2466; x_wconf 87' lang='lat' dir='ltr'><strong>de</strong></span> <span class='ocrx_word' id='word_1_877' title='bbox 1143 2447 1172 2467; x_wconf 89' lang='lat' dir='ltr'><strong>re</strong></span> <span class='ocrx_word' id='word_1_878' title='bbox 1188 2440 1245 2467; x_wconf 92' lang='lat' dir='ltr'><strong>utili</strong></span> <span class='ocrx_word' id='word_1_879' title='bbox 1261 2442 1333 2469; x_wconf 78' lang='lat' dir='ltr'><strong>nulla</strong></span> <span class='ocrx_word' id='word_1_880' title='bbox 1347 2449 1451 2471; x_wconf 89' lang='lat' dir='ltr'><strong>curant.</strong></span> <span class='ocrx_word' id='word_1_881' title='bbox 1465 2445 1509 2473; x_wconf 88' lang='lat' dir='ltr'><strong>Sic</strong></span> <span class='ocrx_word' id='word_1_882' title='bbox 1524 2448 1604 2475; x_wconf 85' lang='lat' dir='ltr'><strong>etiam</strong></span> <span class='ocrx_word' id='word_1_883' title='bbox 1619 2448 1703 2477; x_wconf 66' lang='lat' dir='ltr'><strong>Graeci</strong></span> <span class='ocrx_word' id='word_1_884' title='bbox 1717 2457 1791 2479; x_wconf 87' lang='lat' dir='ltr'><strong>sem-</strong></span> 
     </span>
    </p>
   </div>
   <div class='ocr_carea' id='block_1_116' title="bbox 994 2485 1785 2528">
    <p class='ocr_par' dir='ltr' id='par_1_116' title="bbox 994 2485 1785 2528">
     <span class='ocr_line' id='line_1_117' title="bbox 994 2485 1785 2528; baseline 0.019 -18"><span class='ocrx_word' id='word_1_885' title='bbox 994 2492 1041 2518; x_wconf 80' lang='lat' dir='ltr'><strong>per</strong></span> <span class='ocrx_word' id='word_1_886' title='bbox 1055 2485 1146 2513; x_wconf 85' lang='lat' dir='ltr'><strong>ludere</strong></span> <span class='ocrx_word' id='word_1_887' title='bbox 1164 2487 1266 2521; x_wconf 86' lang='lat' dir='ltr'><strong>volunt,</strong></span> <span class='ocrx_word' id='word_1_888' title='bbox 1293 2493 1319 2516; x_wconf 90' lang='lat' dir='ltr'><strong>et</strong></span> <span class='ocrx_word' id='word_1_889' title='bbox 1333 2489 1405 2516; x_wconf 88' lang='lat' dir='ltr'><strong>lmttti</strong></span> <span class='ocrx_word' id='word_1_890' title='bbox 1418 2491 1510 2525; x_wconf 86' lang='lat' dir='ltr'><strong>jaccnt</strong></span> <span class='ocrx_word' id='word_1_891' title='bbox 1527 2498 1553 2520; x_wconf 91' lang='lat' dir='ltr'><strong>et</strong></span> <span class='ocrx_word' id='word_1_892' title='bbox 1567 2502 1627 2528; x_wconf 65' lang='lat' dir='ltr'><strong>qua:</strong></span> <span class='ocrx_word' id='word_1_893' title='bbox 1639 2495 1710 2523; x_wconf 85' lang='lat' dir='ltr'><strong>humi</strong></span> <span class='ocrx_word' id='word_1_894' title='bbox 1722 2503 1785 2525; x_wconf 89' lang='lat' dir='ltr'><strong>sunt</strong></span> 
     </span>
    </p>
   </div>
   <div class='ocr_carea' id='block_1_117' title="bbox 992 2530 1783 2570">
    <p class='ocr_par' dir='ltr' id='par_1_117' title="bbox 992 2530 1783 2570">
     <span class='ocr_line' id='line_1_118' title="bbox 992 2530 1783 2570; baseline 0.016 -13"><span class='ocrx_word' id='word_1_895' title='bbox 992 2530 1125 2558; x_wconf 73' lang='lat' dir='ltr'><strong>affectant.</strong></span> <span class='ocrx_word' id='word_1_896' title='bbox 1151 2532 1228 2560; x_wconf 81' lang='lat' dir='ltr'><strong>Pueri</strong></span> <span class='ocrx_word' id='word_1_897' title='bbox 1243 2538 1332 2561; x_wconf 88' lang='lat' dir='ltr'><strong>autem</strong></span> <span class='ocrx_word' id='word_1_898' title='bbox 1344 2542 1426 2569; x_wconf 72' lang='lat' dir='ltr'><strong>stupe,</strong></span> <span class='ocrx_word' id='word_1_899' title='bbox 1442 2543 1501 2563; x_wconf 93' lang='lat' dir='ltr'><strong>cum</strong></span> <span class='ocrx_word' id='word_1_900' title='bbox 1518 2537 1552 2565; x_wconf 89' lang='lat' dir='ltr'><strong>de</strong></span> <span class='ocrx_word' id='word_1_901' title='bbox 1566 2540 1644 2567; x_wconf 89' lang='lat' dir='ltr'><strong>rebus</strong></span> <span class='ocrx_word' id='word_1_902' title='bbox 1660 2548 1783 2570; x_wconf 84' lang='lat' dir='ltr'><strong>necessa-</strong></span> 
     </span>
    </p>
   </div>
   <div class='ocr_carea' id='block_1_118' title="bbox 992 2577 1783 2623">
    <p class='ocr_par' dir='ltr' id='par_1_118' title="bbox 992 2577 1783 2623">
     <span class='ocr_line' id='line_1_119' title="bbox 992 2577 1783 2623; baseline 0.014 -19"><span class='ocrx_word' id='word_1_903' title='bbox 992 2577 1039 2605; x_wconf 88' lang='lat' dir='ltr'><strong>riis</strong></span> <span class='ocrx_word' id='word_1_904' title='bbox 1061 2577 1203 2612; x_wconf 86' lang='lat' dir='ltr'><strong>loquimur,</strong></span> <span class='ocrx_word' id='word_1_905' title='bbox 1219 2579 1350 2607; x_wconf 79' lang='lat' dir='ltr'><strong>dictorutn</strong></span> <span class='ocrx_word' id='word_1_906' title='bbox 1370 2581 1433 2608; x_wconf 83' lang='lat' dir='ltr'><strong>nihil</strong></span> <span class='ocrx_word' id='word_1_907' title='bbox 1453 2583 1585 2617; x_wconf 84' lang='lat' dir='ltr'><strong>sentiunt,</strong></span> <span class='ocrx_word' id='word_1_908' title='bbox 1608 2585 1655 2613; x_wconf 87' lang='lat' dir='ltr'><strong>sed</strong></span> <span class='ocrx_word' id='word_1_909' title='bbox 1677 2595 1783 2623; x_wconf 87' lang='lat' dir='ltr'><strong>semper</strong></span> 
     </span>
    </p>
   </div>
   <div class='ocr_carea' id='block_1_119' title="bbox 992 2624 1781 2667">
    <p class='ocr_par' dir='ltr' id='par_1_119' title="bbox 992 2624 1781 2667">
     <span class='ocr_line' id='line_1_120' title="bbox 992 2624 1781 2667; baseline 0.016 -18"><span class='ocrx_word' id='word_1_910' title='bbox 992 2624 1089 2651; x_wconf 83' lang='lat' dir='ltr'><strong>rident.</strong></span> <span class='ocrx_word' id='word_1_911' title='bbox 1119 2624 1155 2651; x_wconf 91' lang='lat' dir='ltr'><strong>lla</strong></span> <span class='ocrx_word' id='word_1_912' title='bbox 1176 2625 1254 2652; x_wconf 85' lang='lat' dir='ltr'><strong>etiam</strong></span> <span class='ocrx_word' id='word_1_913' title='bbox 1269 2625 1366 2659; x_wconf 67' lang='lat' dir='ltr'><strong>Grmci,</strong></span> <span class='ocrx_word' id='word_1_914' title='bbox 1386 2635 1446 2654; x_wconf 90' lang='lat' dir='ltr'><strong>cum</strong></span> <span class='ocrx_word' id='word_1_915' title='bbox 1462 2628 1496 2656; x_wconf 88' lang='lat' dir='ltr'><strong>de</strong></span> <span class='ocrx_word' id='word_1_916' title='bbox 1512 2638 1594 2664; x_wconf 75' lang='lat' dir='ltr'><strong>regno</strong></span> <span class='ocrx_word' id='word_1_917' title='bbox 1607 2631 1764 2662; x_wconf 87' lang='lat' dir='ltr'><strong>disserimus</strong></span> <span class='ocrx_word' id='word_1_918' title='bbox 1775 2656 1781 2667; x_wconf 95' lang='lat'><strong>,</strong></span> 
     </span>
    </p>
   </div>
   <div class='ocr_carea' id='block_1_120' title="bbox 992 2669 1781 2712">
    <p class='ocr_par' dir='ltr' id='par_1_120' title="bbox 992 2669 1781 2712">
     <span class='ocr_line' id='line_1_121' title="bbox 992 2669 1781 2712; baseline 0.014 -16"><span class='ocrx_word' id='word_1_919' title='bbox 992 2669 1080 2696; x_wconf 88' lang='lat' dir='ltr'><strong>rident</strong></span> <span class='ocrx_word' id='word_1_920' title='bbox 1094 2678 1101 2696; x_wconf 97' lang='lat'><em>:</em></span> <span class='ocrx_word' id='word_1_921' title='bbox 1117 2675 1143 2697; x_wconf 90' lang='lat' dir='ltr'><strong>et</strong></span> <span class='ocrx_word' id='word_1_922' title='bbox 1156 2670 1223 2697; x_wconf 87' lang='lat' dir='ltr'><strong>sicut</strong></span> <span class='ocrx_word' id='word_1_923' title='bbox 1245 2679 1277 2698; x_wconf 83' lang='lat' dir='ltr'><strong>ex</strong></span> <span class='ocrx_word' id='word_1_924' title='bbox 1302 2679 1348 2700; x_wconf 87' lang='lat' dir='ltr'><strong>ore</strong></span> <span class='ocrx_word' id='word_1_925' title='bbox 1370 2674 1625 2712; x_wconf 67' lang='lat' dir='ltr'><strong>parvulorumsmpe</strong></span> <span class='ocrx_word' id='word_1_926' title='bbox 1641 2679 1723 2706; x_wconf 90' lang='lat' dir='ltr'><strong>multa</strong></span> <span class='ocrx_word' id='word_1_927' title='bbox 1736 2679 1781 2707; x_wconf 65' lang='lat' dir='ltr'><strong>de&lt;</strong></span> 
     </span>
    </p>
   </div>
   <div class='ocr_carea' id='block_1_121' title="bbox 991 2715 1781 2755">
    <p class='ocr_par' dir='ltr' id='par_1_121' title="bbox 991 2715 1781 2755">
     <span class='ocr_line' id='line_1_122' title="bbox 991 2715 1781 2755; baseline 0.015 -13"><span class='ocrx_word' id='word_1_928' title='bbox 991 2715 1095 2742; x_wconf 86' lang='lat' dir='ltr'><strong>cidenlc</strong></span> <span class='ocrx_word' id='word_1_929' title='bbox 1108 2715 1201 2749; x_wconf 88' lang='lat' dir='ltr'><strong>saliva,</strong></span> <span class='ocrx_word' id='word_1_930' title='bbox 1211 2717 1286 2744; x_wconf 89' lang='lat' dir='ltr'><strong>cibus</strong></span> <span class='ocrx_word' id='word_1_931' title='bbox 1296 2722 1323 2745; x_wconf 89' lang='lat' dir='ltr'><strong>et</strong></span> <span class='ocrx_word' id='word_1_932' title='bbox 1337 2723 1414 2753; x_wconf 87' lang='lat' dir='ltr'><strong>potus</strong></span> <span class='ocrx_word' id='word_1_933' title='bbox 1428 2720 1582 2755; x_wconf 90' lang='lat' dir='ltr'><strong>inquinatur</strong></span> <span class='ocrx_word' id='word_1_934' title='bbox 1594 2732 1600 2750; x_wconf 92' lang='lat'>:</span> <span class='ocrx_word' id='word_1_935' title='bbox 1613 2724 1652 2751; x_wconf 87' lang='lat' dir='ltr'><strong>sic</strong></span> <span class='ocrx_word' id='word_1_936' title='bbox 1662 2730 1689 2752; x_wconf 90' lang='lat' dir='ltr'><strong>et</strong></span> <span class='ocrx_word' id='word_1_937' title='bbox 1703 2726 1781 2753; x_wconf 87' lang='lat' dir='ltr'><strong>verba</strong></span> 
     </span>
    </p>
   </div>
   <div class='ocr_carea' id='block_1_122' title="bbox 991 2761 1781 2806">
    <p class='ocr_par' dir='ltr' id='par_1_122' title="bbox 991 2761 1781 2806">
     <span class='ocr_line' id='line_1_123' title="bbox 991 2761 1781 2806; baseline 0.015 -19"><span class='ocrx_word' id='word_1_938' title='bbox 991 2768 1023 2788; x_wconf 76' lang='lat' dir='ltr'><strong>ex</strong></span> <span class='ocrx_word' id='word_1_939' title='bbox 1038 2769 1086 2789; x_wconf 90' lang='lat' dir='ltr'><strong>ore</strong></span> <span class='ocrx_word' id='word_1_940' title='bbox 1099 2761 1254 2790; x_wconf 72' lang='lat' dir='ltr'><strong>Grmcorum</strong></span> <span class='ocrx_word' id='word_1_941' title='bbox 1275 2763 1396 2798; x_wconf 85' lang='lat' dir='ltr'><strong>fluentia,</strong></span> <span class='ocrx_word' id='word_1_942' title='bbox 1421 2774 1487 2794; x_wconf 85' lang='lat' dir='ltr'><strong>vana</strong></span> <span class='ocrx_word' id='word_1_943' title='bbox 1500 2775 1562 2796; x_wconf 90' lang='lat' dir='ltr'><strong>sunt</strong></span> <span class='ocrx_word' id='word_1_944' title='bbox 1575 2775 1602 2797; x_wconf 90' lang='lat' dir='ltr'><strong>et</strong></span> <span class='ocrx_word' id='word_1_945' title='bbox 1618 2772 1738 2806; x_wconf 87' lang='lat' dir='ltr'><strong>impura;</strong></span> <span class='ocrx_word' id='word_1_946' title='bbox 1755 2777 1781 2799; x_wconf 90' lang='lat' dir='ltr'><strong>et</strong></span> 
     </span>
    </p>
   </div>
   <div class='ocr_carea' id='block_1_123' title="bbox 990 2807 1781 2849">
    <p class='ocr_par' dir='ltr' id='par_1_123' title="bbox 990 2807 1781 2849">
     <span class='ocr_line' id='line_1_124' title="bbox 990 2807 1781 2849; baseline 0.016 -16"><span class='ocrx_word' id='word_1_947' title='bbox 990 2807 1013 2834; x_wconf 90' lang='lat' dir='ltr'><strong>si</strong></span> <span class='ocrx_word' id='word_1_948' title='bbox 1031 2808 1209 2836; x_wconf 87' lang='lat' dir='ltr'><strong>neeessarimn</strong></span> <span class='ocrx_word' id='word_1_949' title='bbox 1224 2809 1329 2838; x_wconf 91' lang='lat' dir='ltr'><strong>dcdcris</strong></span> <span class='ocrx_word' id='word_1_950' title='bbox 1344 2812 1432 2840; x_wconf 91' lang='lat' dir='ltr'><strong>cibum</strong></span> <span class='ocrx_word' id='word_1_951' title='bbox 1443 2835 1451 2847; x_wconf 92' lang='lat'><strong>,</strong></span> <span class='ocrx_word' id='word_1_952' title='bbox 1467 2816 1616 2849; x_wconf 75' lang='lat' dir='ltr'><strong>pra-bootes</strong></span> <span class='ocrx_word' id='word_1_953' title='bbox 1633 2817 1781 2846; x_wconf 84' lang='lat' dir='ltr'><strong>maledictis</strong></span> 
     </span>
    </p>
   </div>
   <div class='ocr_carea' id='block_1_124' title="bbox 992 2853 1780 2897">
    <p class='ocr_par' dir='ltr' id='par_1_124' title="bbox 992 2853 1780 2897">
     <span class='ocr_line' id='line_1_125' title="bbox 992 2853 1780 2897; baseline 0.015 -17"><span class='ocrx_word' id='word_1_954' title='bbox 992 2853 1127 2881; x_wconf 76' lang='lat' dir='ltr'><strong>incessunt</strong></span> <span class='ocrx_word' id='word_1_955' title='bbox 1150 2859 1176 2882; x_wconf 92' lang='lat' dir='ltr'><strong>et</strong></span> <span class='ocrx_word' id='word_1_956' title='bbox 1200 2855 1263 2884; x_wconf 80' lang='lat' dir='ltr'><strong>ferri</strong></span> <span class='ocrx_word' id='word_1_957' title='bbox 1282 2857 1389 2886; x_wconf 90' lang='lat' dir='ltr'><strong>debent.</strong></span> <span class='ocrx_word' id='word_1_958' title='bbox 1411 2860 1488 2888; x_wconf 83' lang='lat' dir='ltr'><strong>Pueri</strong></span> <span class='ocrx_word' id='word_1_959' title='bbox 1502 2870 1607 2897; x_wconf 90' lang='lat' dir='ltr'><strong>quoque</strong></span> <span class='ocrx_word' id='word_1_960' title='bbox 1620 2871 1680 2890; x_wconf 90' lang='lat' dir='ltr'><strong>cutn</strong></span> <span class='ocrx_word' id='word_1_961' title='bbox 1696 2863 1780 2892; x_wconf 83' lang='lat' dir='ltr'><strong>furem</strong></span> 
     </span>
    </p>
   </div>
   <div class='ocr_carea' id='block_1_125' title="bbox 991 2901 1780 2945">
    <p class='ocr_par' dir='ltr' id='par_1_125' title="bbox 991 2901 1780 2945">
     <span class='ocr_line' id='line_1_126' title="bbox 991 2901 1780 2945; baseline 0.009 -15"><span class='ocrx_word' id='word_1_962' title='bbox 991 2901 1081 2930; x_wconf 87' lang='lat' dir='ltr'><strong>vident</strong></span> <span class='ocrx_word' id='word_1_963' title='bbox 1105 2902 1268 2938; x_wconf 76' lang='lat' dir='ltr'><strong>ingressum,</strong></span> <span class='ocrx_word' id='word_1_964' title='bbox 1293 2908 1320 2933; x_wconf 81' lang='lat' dir='ltr'><strong>et</strong></span> <span class='ocrx_word' id='word_1_965' title='bbox 1342 2912 1401 2941; x_wconf 74' lang='lat' dir='ltr'><strong>qua:</strong></span> <span class='ocrx_word' id='word_1_966' title='bbox 1422 2910 1494 2936; x_wconf 80' lang='lat' dir='ltr'><strong>imus</strong></span> <span class='ocrx_word' id='word_1_967' title='bbox 1519 2913 1581 2935; x_wconf 85' lang='lat' dir='ltr'><strong>sunt</strong></span> <span class='ocrx_word' id='word_1_968' title='bbox 1603 2909 1780 2945; x_wconf 77' lang='lat' dir='ltr'><strong>auferentem,</strong></span> 
     </span>
    </p>
   </div>
   <div class='ocr_carea' id='block_1_126' title="bbox 1588 2959 1609 2988">
    <p class='ocr_par' dir='ltr' id='par_1_126' title="bbox 1588 2959 1609 2988">
     <span class='ocr_line' id='line_1_127' title="bbox 1588 2959 1609 2988; baseline 0 0"><span class='ocrx_word' id='word_1_969' title='bbox 1588 2959 1609 2988; x_wconf 69' lang='grc' dir='ltr'>ὅ</span> 
     </span>
    </p>
   </div>
  </div>
