2033 3116
225 187 260 213 59
577 180 605 208 S.
625 179 762 208 JOANNlS
781 177 1019 206 CllllYSOSTOMl
1039 177 1195 206 ARCIIIEP.
1211 176 1476 206 CONSTANTINOP.
1827 171 1859 199 ιο

222 249 274 268 nm
291 239 371 267 modo
380 247 432 266 non
445 242 548 268 arcent.
563 237 610 264 sed
624 238 704 264 etiam
718 236 867 264 insidiatori
880 235 1012 262 arrident:

221 287 242 312 si
259 294 323 312 vero
337 286 511 313 calalltisenm
524 289 552 310 et
565 284 643 310 sistra
657 283 775 312 auferas.
792 286 837 309 aut
852 281 924 308 alittd
939 281 1015 316 quid-

223 332 292 366 piatn
308 332 450 362 ludicrum,
470 338 540 365 a‘gre
555 330 659 364 puellus
672 334 700 355 ct
715 328 823 362 indigne
843 328 909 359 fert,
928 335 958 354 se
971 327 1013 354 di-

222 379 332 410 lacerat,
349 377 435 404 solum
451 377 547 412 pulsat.
561 375 605 403 Sic
616 380 641 402 et
654 374 739 401 Gnaei
753 381 868 408 quoque,
879 372 1014 399 diabolum

223 423 344 451 ridentes
360 423 449 450 omnia
465 426 573 457 paterna
589 421 669 452 bona,
685 427 744 454 qua:
757 418 837 446 vitam
850 421 1012 450 sustentant,

222 470 403 504 diripieatem,
424 467 522 499 rident,
542 471 570 493 et
591 471 726 500 tamquam
748 464 781 491 ad
794 465 908 491 amicum
923 469 1016 490 accur-

223 520 286 542 runt
302 515 342 542 :si
356 515 416 550 quis
436 518 524 541 autem
539 513 749 548 possessionem,
770 515 816 538 attt
839 509 945 537 divitias
970 513 1016 535 aut

223 561 323 596 puerile
342 560 478 595 quidpiam
504 558 618 589 auferat,
642 557 833 588 lamentamur,
857 562 887 582 se
912 554 1016 581 discer-

223 612 288 640 ptmt
302 615 309 632 :
324 613 356 632 ac
370 606 441 633 sicut
454 605 529 640 pueri
551 604 610 630 sine
627 610 709 630 sensu
725 601 869 633 nudantur,
891 607 940 626 nec
955 606 1016 626 cru-

222 651 336 678 lieseuut
352 660 359 679 :
375 651 410 678 ita
422 656 449 678 et
465 650 550 678 Gneci
564 657 623 676 cum
638 648 736 675 scortis
749 652 776 674 ct
793 645 922 673 adulteris
937 645 1013 672 volu-

246 719 370 726 ...ν-.-

372 713 998 725 ____._____.__——————

1073 235 1137 267 tati,
1163 239 1265 261 natura:
1279 235 1351 269 leges
1368 234 1515 266 nudantes,
1531 239 1557 260 et
1573 233 1689 261 nefarios
1707 234 1860 262 inducemus

1072 281 1159 308 coitus
1170 302 1177 314 ,
1200 289 1251 307 non
1267 285 1468 308 convertuntur.
1484 281 1624 308 Plausistis
1639 281 1716 308 valde
1731 285 1757 307 et
1771 281 1860 308 lauda-

1068 327 1134 359 stis;
1161 327 1206 354 sed
1229 335 1290 353 etim
1315 327 1408 361 plausu
1427 326 1577 362 prot'idcte,
1595 335 1628 354 tte
1642 326 1676 354 de
1689 327 1766 354 vobis
1780 328 1858 354 etiam

1069 372 1126 399 inec
1144 373 1277 399 dicantur.
1304 373 1473 408 Quapropter
1487 380 1579 399 omnes
1594 380 1660 406 rogo
1670 393 1677 405 ,
1693 372 1741 399 viri
1755 377 1859 400 estote:

1069 425 1130 444 nam
1145 418 1166 444 si
1181 425 1229 444 nos
1244 418 1319 452 pueri
1338 418 1422 445 simus
1433 439 1441 451 ,
1466 417 1600 453 quomodo
1619 418 1679 444 illos
1694 418 1862 445 instituemus

1069 467 1098 489 ut
1111 462 1159 489 \‘iri
1174 463 1246 489 sint?
1268 463 1403 497 quomodo
1416 463 1450 490 ab
1465 462 1579 490 infatttili
1596 463 1748 497 insipientia
1761 463 1862 490 arcebi-

1069 514 1129 534 mus
1144 507 1225 534 illos?
1240 507 1331 535 Simus
1345 516 1409 543 ergo
1423 508 1485 541 viri,
1500 513 1528 534 ut
1539 508 1728 543 perveniamus
1743 509 1774 535 ad
1789 516 1863 536 men-

1070 563 1158 583 suram
1174 556 1260 583 uitatis-
1275 564 1288 582 a
1303 555 1413 583 Christo
1429 556 1567 583 definitam
1586 561 1613 584 et
1627 556 1713 583 futura
1730 556 1862 591 adipisca-

1069 610 1129 629 ntnr
1142 602 1220 636 bona,
1238 602 1322 637 gratia
1336 607 1363 630 et
1378 602 1552 637 benignitate,
1566 606 1621 629 etc.

922 740 1091 770 HOMILIA
1116 738 1153 767 V.

223 822 278 849 (ην
309 821 335 848 l.
356 828 381 847 ν.
401 819 446 847 26.
474 817 559 844 Videte
571 816 636 843 enim
651 814 806 842 vocationem
820 817 938 843 uestram,
965 813 1018 846 fra-

260 873 321 898 tres,
345 866 404 901 quin
428 873 477 891 non
501 862 574 890 nmlti
596 862 721 896 sapientes
744 859 881 886 secundant
903 864 1016 888 content,

260 923 311 941 non
325 913 398 940 multi
411 916 522 947 potentes
531 930 538 942 ,
562 917 612 935 non
628 907 700 934 multi
715 905 809 932 nobile:
822 913 831 931 :
844 904 889 931 27.
906 903 950 930 sed
961 909 1018 937 qua:

259 961 336 987 stulta
355 963 412 986 sunt
440 956 540 988 mundi,
563 954 635 989 elegit
660 952 739 985 Dens,
766 956 793 978 ιιι
817 949 956 985 confundat
977 956 1019 975 stt-

259 1007 362 1042 pientes.

259 1039 285 1079 i.
305 1050 372 1078 Cum
387 1048 510 1080 dixisset,
534 1046 561 1073 id
576 1045 647 1081 quod
664 1044 775 1071 stultum
790 1046 831 1069 est
847 1040 894 1068 Dei
914 1039 1019 1074 sapien-

225 1099 277 1125 tius
296 1104 356 1124 csse
377 1094 541 1124 hominibus,
557 1091 675 1119 ostendit
695 1091 837 1116 lmmanam
860 1086 1019 1121 sapientiam

226 1146 359 1179 abjcctam
375 1142 469 1174 luisse,
483 1145 510 1167 et
523 1147 554 1166 ex
568 1136 722 1165 testimonio
736 1135 935 1168 Scripturarnm
947 1136 974 1159 et
986 1139 1018 1158 ex

224 1177 316 1220 rerum
342 1193 460 1216 eventu:
481 1193 513 1213 ex
534 1182 698 1214 testimonio,
720 1188 781 1208 cum
803 1179 868 1206 dicit
885 1187 891 1205 ε
910 1177 1020 1204 Perdant

225 1235 376 1272 anpieminm
391 1231 542 1267 sapientiam
561 1237 570 1256 :
590 1237 623 1256 ex
636 1232 745 1258 eventu,
769 1233 815 1260 per
829 1223 1020 1257 interrogatio-

227 1267 286 1308 nem
311 1281 423 1314 loquens
445 1284 476 1304 ac
500 1275 615 1303 dicens:
639 1273 688 1300 Ubi
713 1270 834 1306 sapiens?
856 1269 898 1296 ubi
919 1267 1021 1295 scriba?

228 1329 340 1354 tunsum
355 1322 471 1351 ostendit
482 1329 539 1349 rem
551 1328 604 1347 non
617 1326 677 1346 esse
692 1324 799 1350 novatn,
811 1314 857 1342 sed
873 1314 1018 1348 antiquam,

226 1378 254 1399 nt
267 1380 325 1407 qua:
340 1370 395 1406 jam
406 1369 470 1396 olim
485 1366 563 1393 fuerit
576 1364 741 1399 przcligurata
752 1367 777 1389 ct
794 1360 931 1396 praedicta.
948 1359 1018 1386 Scri-

226 1405 296 1453 ptum
311 1421 345 1443 est
363 1414 439 1446 enim,
458 1412 553 1447 inquit,
570 1410 681 1437 Perdunt
692 1407 843 1442 sapientiam
854 1405 1017 1440 sapientium.

225 1450 291 1491 Cum
305 1462 346 1488 his
356 1458 482 1491 ostendit,
497 1458 554 1484 lucc
570 1456 669 1483 utiliter
681 1459 708 1481 et
720 1453 829 1488 provide
840 1452 908 1479 facta
922 1450 1021 1478 fuisse:

227 1509 289 1544 quia
304 1506 376 1534 enim
389 1506 415 1532 in
430 1503 559 1539 sapientia
574 1502 631 1534 Dei,
645 1500 740 1533 inquit,
756 1506 807 1525 non
823 1497 896 1524 novit
906 1495 1021 1523 mundus

229 1542 323 1584 Deum,
333 1550 432 1586 placuit
447 1549 500 1576 Deo
513 1555 558 1582 per
570 1546 708 1574 stultitiam
725 1542 922 1578 praedicationis
933 1542 1021 1567 salvos

228 1600 317 1626 facere
331 1596 474 1624 credentes
491 1602 498 1622 ι
513 1598 539 1620 et
555 1591 624 1626 quod
639 1597 707 1618 crux
722 1589 757 1616 sit
768 1587 910 1615 ineﬂ'abilis
929 1591 1020 1621 poten-

229 1645 248 1671 ti
258 1654 272 1669 ιτ
287 1647 314 1669 (ιι
328 1640 465 1676 sapienthe
481 1641 677 1673 argumentum,
706 1639 732 1662 et
753 1633 824 1669 quod
839 1632 921 1660 multo
937 1631 1022 1666 majus

229 1693 263 1717 sit
277 1689 301 1716 id
317 1687 388 1723 quod
404 1685 512 1713 stulluut
529 1688 570 1711 est
583 1682 640 1714 Dei,
654 1689 732 1716 qttam
752 1680 867 1706 humana
881 1678 1020 1712 sapientia.

229 1737 262 1764 Et
279 1739 328 1763 hoc
339 1741 444 1762 rursum
459 1741 510 1760 non
527 1738 572 1765 per
584 1729 720 1759 doctores,
732 1726 778 1754 sed
792 1725 872 1754 etiam
885 1732 931 1759 per
943 1723 1022 1751 disci~

230 1783 308 1819 pulos
327 1779 463 1808 ostendit:
486 1777 571 1805 Videte
591 1775 674 1806 enim,
696 1774 791 1808 inquit,
811 1772 964 1799 vocationem
979 1777 1022 1796 ve-

229 1815 317 1856 ;tram.
343 1826 399 1854 Non
423 1824 503 1852 modo
527 1822 598 1850 enirn
616 1821 742 1848 doctores
758 1817 863 1850 idiotas,
880 1816 926 1843 sed
941 1815 1021 1843 etiam

231 1873 376 1908 discipulos
391 1871 456 1898 tales
471 1868 550 1903 elegit
564 1876 570 1894 :
585 1865 644 1894 Non
658 1866 723 1893 enim
738 1864 810 1891 multi
822 1863 957 1898 sapientes,
979 1861 1022 1888 iu-

231 1907 450 1956 qnit,’secundum
464 1922 576 1943 carnem.
589 1913 634 1941 Sic
644 1911 794 1940 ostenditur
806 1909 856 1937 hoc
869 1914 897 1937 ct
910 1907 1022 1936 validius

231 1954 258 1995 et
272 1965 429 2000 sapientius,
446 1970 506 1993 cum
530 1965 558 1988 et
572 1960 664 1987 multis
678 1956 839 1993 persuaserit
852 1961 878 1983 et
893 1954 1022 1988 insipiea~

231 2014 301 2041 tibus
315 2009 488 2047 persuaserit.
515 2007 581 2034 Nam
601 2004 787 2033 difﬁcillimum
803 2006 843 2029 est
858 2001 946 2028 idiotas
959 2006 1021 2034 per-

230 2045 353 2091 suadere,
370 2056 485 2085 maxime
498 2061 557 2081 cum
571 2052 606 2080 de
620 2051 701 2079 rebus
711 2048 870 2077 necessariis
881 2053 906 2074 et
921 2045 1022 2080 magnis

232 2114 321 2134 sermo
333 2109 384 2132 est.
402 2103 525 2130 Attamen
537 2101 741 2135 persuaserunt;
756 2100 783 2123 et
798 2095 876 2129 hujus
890 2094 927 2121 rei
943 2098 1023 2120 testes

231 2155 310 2180 vocat
324 2150 383 2177 illos
401 2159 407 2177 :
423 2155 484 2175 nam
499 2146 547 2178 ait,
564 2144 651 2170 Videte
665 2142 819 2170 vocationem
834 2145 950 2170 vestram,
967 2139 1023 2173 {ra-

234 2204 294 2230 tres,
314 2195 492 2224 considerate.
512 2189 678 2219 scrutamini.
705 2187 771 2215 Nam
795 2186 864 2220 quod
885 2185 972 2212 idiotte
998 2188 1024 2210 et

234 2242 319 2278 ignari
331 2242 454 2276 dogmata
468 2238 534 2266 adeo
549 2235 678 2271 sapientia
694 2233 864 2267 oumiumque
884 2230 1024 2265 sapientis-

235 2277 303 2317 sima
319 2285 501 2321 susceperint,
520 2282 546 2310 id
562 2288 665 2316 magna:
677 2279 796 2306 doct0ris
823 2277 961 2312 sapientia:
982 2281 1023 2302 te-

235 2334 389 2364 stimonium
401 2337 453 2359 est.
466 2329 533 2364 Quid
547 2329 596 2356 sibi
611 2327 667 2355 vult
684 2331 772 2353 autem
787 2324 862 2357 illud,
879 2323 1025 2350 Secundum

236 2378 356 2408 carnem?
379 2377 407 2405 Si
431 2379 570 2411 spectetur
594 2372 620 2400 id
637 2371 706 2407 quod
719 2374 838 2406 apparet.
861 2373 889 2395 et
909 2375 1025 2403 pra-scus

237 2428 289 2455 vita
309 2430 390 2460 atque
402 2427 513 2451 externa
526 2419 667 2447 institutio.
685 2416 784 2445 Deinde
798 2424 831 2442 ne
843 2415 963 2442 νὶιΙι-ιιιιιι·
977 2414 1025 2440 sibi

236 2473 286 2507 ipsi
302 2467 437 2497 adversari
459 2469 539 2503 (nam
554 2463 704 2500 proconsuli
720 2460 852 2496 persuasit
869 2465 895 2488 et
910 2460 1027 2494 Areopa-

237 2505 298 2552 gita:
316 2523 365 2543 nec
381 2522 434 2541 non
450 2512 556 2548 Apollo,
570 2511 691 2545 aliosque
707 2508 828 2536 videmus
841 2505 976 2541 sapientes
994 2505 1027 2532 ad

238 2551 457 2596 prxdicationem
481 2554 666 2590 accessisse);
692 2562 744 2581 non
767 2552 843 2584 dixit,
870 2551 961 2578 Nullus
986 2558 1028 2578 sa-

239 2608 330 2642 piens;
352 2604 411 2636 sed,
427 2602 488 2630 Non
511 2602 585 2629 mutii
604 2601 738 2636 sapientes.
755 2599 812 2626 Non
828 2599 899 2626 enim
915 2605 947 2625 ex
962 2604 1028 2624 con—

239 2653 332 2681 stituto
353 2650 474 2678 indoctos
495 2649 616 2680 vocabat,
636 2651 664 2674 et
689 2646 823 2680 sapientes
848 2644 1027 2679 relinquebat;

239 2699 286 2727 sed
309 2698 358 2725 hos
378 2696 458 2724 etiam
482 2694 639 2722 admittebat
649 2713 655 2724 ,
671 2698 699 2720 at
714 2692 792 2727 longe
806 2692 896 2727 plures
911 2691 1027 2718 illortnn.

239 2744 345 2779 Quare?
355 2743 421 2776 Quia
431 2741 476 2777 qui
490 2740 597 2774 sapiens
608 2744 649 2767 est
663 2737 808 2765 secundum
817 2744 936 2768 carnem,
948 2737 1029 2764 multa

240 2791 336 2826 plenus
356 2793 397 2816 est
414 2786 588 2820 insipientia:
604 2789 629 2812 el
652 2784 696 2811 hic
715 2783 830 2810 maxime
855 2783 950 2809 stultus
972 2787 1010 2810 est
1023 2803 1029 2814 ,

242 2836 348 2872 quando
365 2839 519 2868 corruptam
539 2830 688 2858 dictrinam
709 2828 807 2863 ejicere
830 2836 883 2856 non
905 2827 972 2855 vult.
995 2829 1032 2855 Ac

241 2879 463 2915 quemadmodum
479 2875 584 2904 medico
597 2881 682 2904 artem
702 2883 777 2903 suam
794 2875 891 2903 docere
908 2873 1029 2906 volente,

245 2925 290 2962 qui
308 2933 391 2962 pauca
412 2924 501 2952 sciunt
522 2928 550 2952 et
570 2923 639 2952 male
658 2921 850 2958 contrarioqne
868 2920 949 2949 modo
974 2923 1031 2947 arte

1076 813 1197 839 utuntur,
1223 812 1303 842 atque
1327 815 1385 835 eam
1400 807 1516 834 retinere
1529 807 1705 839 contendunt,
1723 815 1774 834 non
1790 807 1868 835 facile

1074 853 1241 889 disciphuam
1255 853 1412 880 admiserint
1423 861 1429 884 :
1442 853 1487 888 qui
1504 861 1567 880 vero
1583 853 1647 880 nihil
1669 853 1774 885 sciunt,
1790 853 1869 880 facile

1073 900 1142 927 dicta
1164 899 1311 934 suseipiunt
1335 907 1341 925 :
1365 899 1405 926 sic
1419 905 1445 926 et
1461 899 1509 926 hac
1523 899 1549 926 in
1563 907 1592 926 re
1605 899 1701 926 factum
1716 904 1774 931 est;
1792 899 1870 926 indo-

1074 946 1109 973 cti
1124 946 1207 980 magis
1227 945 1345 978 persuasi
1368 949 1430 971 sunt
1448 954 1453 971 :
1469 952 1599 971 summam
1618 945 1690 972 enim
1711 953 1762 971 non
1785 945 1872 971 habe-

1074 991 1138 1019 baut
1160 990 1350 1026 arrogantiam,
1374 997 1433 1016 eum
1458 997 1510 1017 non
1531 995 1655 1024 putarent
1677 997 1707 1017 se
1730 989 1872 1025 sapientes

1074 1046 1144 1065 esse.
1163 1038 1201 1065 Illi
1219 1045 1314 1072 nempe
1329 1037 1443 1064 maxime
1465 1036 1539 1064 stulti
1562 1041 1639 1068 sunt,
1658 1036 1703 1072 qui
1719 1036 1874 1064 ratiociniis

1075 1084 1119 1111 illa
1132 1084 1298 1119 permittunt,
1313 1091 1371 1117 qua:
1386 1090 1437 1110 non
1451 1088 1562 1118 possunt
1578 1083 1628 1110 nisi
1645 1091 1691 1118 per
1703 1083 1783 1110 lidem
1796 1083 1875 1110 iu\'e~

1075 1131 1136 1158 niri.
1149 1130 1287 1164 Quomodo
1296 1131 1367 1156 enirn
1377 1129 1410 1160 si,
1419 1137 1479 1156 cum
1493 1129 1567 1156 faber
1575 1129 1685 1156 trrarius
1696 1130 1800 1165 forcipe
1814 1138 1877 1157 can~

1078 1175 1142 1203 tiens
1157 1175 1255 1202 fcrrntn
1268 1174 1401 1207 extrahat,
1414 1173 1464 1201 iste
1477 1182 1557 1201 manu
1572 1174 1595 1200 id
1611 1174 1698 1202 facere
1711 1175 1876 1206 contendat.

1076 1221 1150 1248 illum
1174 1226 1302 1247 extrema:
1322 1219 1509 1246 damuabimns
1522 1219 1646 1246 amentia:
1664 1228 1670 1246 :
1686 1220 1720 1246 ita
1741 1224 1770 1247 ct
1783 1220 1876 1254 philo-

1075 1266 1162 1298 sophi,
1187 1265 1231 1301 qui
1253 1273 1300 1300 per
1319 1272 1349 1292 se
1371 1265 1427 1291 haec
1447 1264 1567 1292 invenire
1586 1265 1674 1291 conati
1695 1269 1769 1298 sunt,
1794 1265 1879 1292 [idem

1076 1312 1176 1348 probro
1201 1311 1357 1338 affecerunt.
1382 1310 1444 1338 ideo
1467 1310 1530 1337 nihil
1547 1317 1640 1337 eorum
1657 1317 1715 1345 qua:
1732 1311 1880 1345 perquire-

1075 1358 1138 1386 bant
1160 1358 1331 1384 invenerunt.
1348 1356 1407 1383 Non
1421 1356 1493 1382 multi
1509 1360 1630 1390 potentes.
1643 1364 1694 1382 non
1711 1356 1788 1382 multi
1805 1356 1882 1382 nobi-

1075 1405 1120 1432 lcs.
1137 1405 1201 1432 Nam
1216 1409 1243 1431 ct
1263 1403 1289 1431 hi
1306 1404 1372 1430 fastu
1392 1403 1463 1437 pleni
1485 1407 1557 1430 sunt.
1581 1401 1651 1429 Nihil
1665 1407 1756 1429 autem
1778 1403 1814 1429 ad
1832 1402 1884 1430 Dei

1075 1451 1255 1486 cognitionem
1270 1450 1309 1477 sic
1325 1449 1419 1476 inutile
1438 1455 1480 1476 est
1491 1469 1498 1480 ,
1511 1453 1541 1476 ut
1560 1448 1712 1482 arrogantia
1727 1453 1755 1475 et
1770 1448 1885 1476 divitia-

1076 1504 1134 1523 rum
1148 1503 1234 1523 amor.
1250 1495 1376 1522 Efficitmt
1398 1494 1469 1522 enim
1492 1494 1547 1525 illa,
1570 1497 1599 1520 ut
1619 1493 1763 1528 prmsentia
1791 1493 1887 1521 adrni-

1075 1547 1167 1570 rentur
1181 1547 1206 1570 et
1228 1541 1375 1568 futurorum
1401 1541 1499 1568 nullant
1525 1540 1656 1567 rationem
1684 1539 1833 1567 habeant:
1857 1544 1887 1567 et

1074 1595 1198 1615 curarum
1219 1586 1387 1614 multilttdine
1401 1593 1481 1613 aures
1494 1585 1646 1613 obstrutntl.
1662 1585 1715 1612 Sed
1725 1594 1789 1621 qnw
1802 1587 1888 1613 stulta

1075 1637 1133 1659 sunt
1149 1632 1246 1664 mundi,
1266 1632 1340 1667 elegit
1353 1630 1433 1658 Deus.
1445 1630 1521 1664 Quod
1535 1630 1682 1657 maximum
1694 1634 1737 1657 est
1752 1630 1888 1659 victoria:

1075 1679 1190 1712 signum,
1203 1686 1262 1705 cum
1278 1685 1325 1712 per
1340 1677 1462 1704 indoctos
1478 1676 1573 1704 vincit.

1110 1723 1137 1751 2.
1154 1723 1210 1751 Non
1229 1723 1300 1750 enim
1316 1727 1389 1750 tanto
1405 1721 1506 1757 pudore
1519 1721 1671 1749 afliciuntur
1679 1721 1789 1754 Grzcci,
1800 1731 1891 1758 quan-

1075 1768 1110 1796 do
1124 1776 1172 1803 pcr
1189 1768 1323 1803 sapientes
1344 1772 1505 1801 supermlur
1521 1776 1527 1794 :
1544 1767 1591 1794 sud
1611 1772 1672 1794 tunc
1692 1768 1822 1796 maxime
1837 1777 1894 1804 pu-

1075 1815 1120 1842 det
1141 1814 1211 1846 illos,
1235 1821 1294 1841 eum
1318 1812 1434 1840 viderint
1457 1811 1586 1839 artificem
1611 1817 1638 1840 et
1659 1811 1805 1841 forensem
1825 1814 1892 1849 plus

1075 1868 1154 1896 quam
1175 1860 1234 1886 illos
1255 1858 1500 1893 philosophantem.
1528 1858 1590 1886 Ideo
1614 1858 1671 1893 ipse
1694 1858 1827 1893 dicebat,
1856 1861 1895 1889 Ut

1075 1905 1214 1940 confundat
1234 1904 1368 1938 sapientes.
1389 1904 1480 1938 Neque
1496 1903 1539 1931 Itic
1553 1904 1640 1931 solum
1654 1904 1718 1931 illttd
1736 1905 1821 1940 fecit,
1840 1907 1895 1934 sed

1075 1950 1155 1978 etiant
1178 1950 1203 1977 iit
1218 1949 1278 1977 aliis
1291 1949 1351 1976 vita:
1368 1949 1525 1976 commodis.
1547 1949 1648 1976 Etenim
1664 1950 1777 1984 inﬁrma
1795 1953 1895 1980 mundi

1075 1996 1159 2031 elegit,
1176 1994 1269 2030 inquit,
1283 1999 1310 2021 ut
1327 1994 1465 2029 confundat
1480 1994 1567 2028 fortia.
1588 1995 1645 2022 Non
1658 1996 1732 2022 enitn
1753 1997 1897 2026 indoctos

1075 2042 1172 2073 Solum,
1197 2041 1244 2068 sed
1267 2041 1346 2068 etiam
1363 2048 1505 2075 pauperes,
1520 2041 1597 2073 viles,
1614 2041 1737 2076 abjectos
1754 2046 1895 2078 voeavit,

1077 2092 1105 2113 ut
1120 2087 1144 2112 in
1161 2085 1278 2121 potentia
1292 2086 1451 2113 cottstitutos
1467 2085 1630 2113 humiliaret.
1643 2086 1689 2114 28.
1706 2086 1743 2114 Et
1757 2089 1900 2123 ignobilia

1075 2133 1164 2159 mundi
1177 2138 1198 2158 et
1211 2131 1416 2166 cautemptibilia,
1435 2135 1457 2158 et
1471 2140 1500 2159 ea
1514 2140 1570 2167 qute
1583 2140 1632 2159 non
1643 2137 1712 2164 sunt,
1737 2139 1770 2161 ut
1786 2143 1821 2162 ea
1833 2145 1898 2171 qua!

1076 2183 1146 2206 erant
1167 2178 1315 2205 destrueret.
1333 2177 1365 2204 Ει
1378 2185 1499 2212 quantam
1520 2184 1615 2211 vocat,
1636 2185 1694 2213 qua:
1718 2187 1784 2207 no"
1807 2183 1901 2210 sum?

1079 2225 1142 2257 Eos,
1160 2224 1203 2259 qui
1220 2224 1284 2251 nihil
1298 2231 1358 2250 esse
1373 2227 1509 2258 putantur,
1524 2223 1595 2259 quod
1612 2224 1638 2250 iu
1654 2223 1730 2251 nullo
1748 2226 1814 2254 sint
1833 2235 1903 2264 pre-

1078 2271 1124 2298 tio.
1143 2270 1178 2297 Ita
1203 2277 1324 2304 magnam
1346 2269 1464 2296 ostendit
1482 2269 1638 2303 potentiam,
1663 2277 1728 2297 cum
1758 2279 1816 2306 per
1833 2281 1902 2307 αις,

1077 2316 1122 2352 qui
1148 2315 1213 2344 nihil
1237 2316 1362 2343 videntur
1386 2322 1456 2347 esse,
1481 2323 1591 2350 magnos
1615 2315 1705 2350 dejicit
1735 2327 1743 2344 :
1763 2318 1794 2346 id
1820 2322 1905 2356 quod

1078 2367 1156 2394 etiam
1173 2366 1236 2392 alibi
1255 2365 1320 2393 dicit
1335 2375 1341 2392 ;
1359 2364 1445 2392 νει-[ιω
1458 2373 1514 2393 utea
1533 2366 1558 2392 in
1573 2366 1725 2400 inﬁrmitate
1745 2370 1907 2404 perﬁcitur

1079 2413 1119 2448 (‘2.
1134 2413 1192 2440 Cor.
1209 2412 1251 2440 12.
1266 2412 1303 2448 9).
1321 2412 1369 2440 Est
1388 2412 1459 2439 enim
1480 2419 1574 2447 magna
1597 2413 1729 2446 polentia,
1751 2415 1908 2451 abjecms.

1080 2458 1126 2493 qui
1150 2459 1250 2485 nullam
1268 2466 1393 2493 umquam
1407 2458 1575 2492 disciplinam
1588 2459 1753 2493 attigerant,
1777 2468 1913 2497 repente

1081 2505 1115 2532 de
1135 2504 1178 2538 iis,
1199 2512 1258 2539 qua:
1281 2512 1361 2539 supra
1379 2504 1460 2531 etelos
1472 2508 1544 2537 sunt,
1565 2503 1663 2532 docere
1678 2504 1911 2543 philosophari.

1081 2551 1146 2579 Nam
1160 2556 1185 2578 el
1200 2551 1330 2578 medicum
1352 2555 1378 2577 et
1396 2554 1530 2577 oratorem
1552 2554 1579 2576 et
1603 2549 1671 2577 alios
1694 2558 1813 2582 omnes
1840 2561 1916 2584 tunc

1081 2597 1197 2624 maxime
1217 2596 1362 2628 miramur,
1394 2602 1456 2622 cum
1481 2594 1603 2622 indoctos
1627 2595 1790 2626 admodum
1824 2601 1917 2629 insti-
1962 2613 1970 2623 .

1083 2648 1159 2670 luunt
1177 2647 1204 2669 et
1223 2641 1358 2668 erudiunt.
1382 2640 1410 2667 Si
1432 2648 1495 2667 vero
1516 2647 1640 2674 magnum
1663 2641 1852 2672 miraculum
1870 2652 1919 2675 est

1083 2689 1147 2716 artis
1160 2688 1277 2716 rationes
1291 2687 1405 2714 indoctis
1421 2687 1576 2719 inculcare;
1593 2686 1677 2714 multo
1694 2691 1800 2725 magis
1822 2697 1919 2722 ιειιιια,

1083 2734 1260 2770 philosophia:
1291 2734 1419 2761 rationes.
1455 2732 1513 2760 Non
1543 2739 1591 2767 pro
1615 2733 1762 2762 miraculo
1797 2743 1920 2767 tantum

1084 2778 1199 2811 edendo,
1223 2787 1311 2814 neque
1334 2784 1363 2806 ut
1381 2779 1528 2815 potentiam
1555 2785 1631 2805 suam
1655 2781 1854 2818 ostenderet,
1891 2786 1921 2814 id

1084 2825 1156 2858 [ρρίιν
1180 2824 1226 2852 sed
1246 2823 1327 2850 etiam
1345 2829 1373 2851 nt
1390 2828 1548 2859 arrogantes
1570 2824 1755 2858 reprimeret.
1782 2827 1924 2866 Ideoque

1084 2873 1162 2898 antea
1178 2869 1292 2902 dicebat,
1303 2868 1336 2896 Ut
1351 2869 1491 2905 confundat
1503 2869 1639 2902 sapientes,
1650 2872 1676 2895 ut
1691 2877 1728 2896 ea
1746 2879 1818 2906 que
1834 2883 1924 2905 εταηι

1086 2920 1280 2947 dcatrneret;et
1295 2916 1337 2943 hic
1351 2922 1444 2944 rursus
1459 2924 1466 2942 :
1479 2915 1525 2943 29.
1545 2914 1578 2943 Ut
1595 2923 1644 2942 non
1658 2914 1810 2948 glorietur
1826 2923 1927 2949 omni;
