  <div class='ocr_page' id='page_1' title='image "/cluster/home/n/w/nwhite01/storage/ocr_20150623/61/njp.32101077772679/050.png"; bbox 0 0 2060 3111; ppageno 0'>
   <div class='ocr_carea' id='block_1_1' title="bbox 169 124 1810 166">
    <p class='ocr_par' dir='ltr' id='par_1_1' title="bbox 169 124 1810 166">
     <span class='ocr_line' id='line_1_1' title="bbox 169 124 1810 166; baseline 0.004 -13"><span class='ocrx_word' id='word_1_1' title='bbox 169 125 196 154; x_wconf 87' lang='grc' dir='ltr'><strong>ιι</strong></span> <span class='ocrx_word' id='word_1_2' title='bbox 702 124 736 153; x_wconf 66' lang='grc' dir='ltr'><strong>ιιι</strong></span> <span class='ocrx_word' id='word_1_3' title='bbox 755 124 861 153; x_wconf 79' lang='lat' dir='ltr'><strong>El‘lST.</strong></span> <span class='ocrx_word' id='word_1_4' title='bbox 883 125 893 152; x_wconf 96' lang='lat' dir='ltr'><strong>l</strong></span> <span class='ocrx_word' id='word_1_5' title='bbox 923 125 970 152; x_wconf 86' lang='lat' dir='ltr'><strong>Al)</strong></span> <span class='ocrx_word' id='word_1_6' title='bbox 988 125 1066 153; x_wconf 81' lang='lat' dir='ltr'><strong>con.</strong></span> <span class='ocrx_word' id='word_1_7' title='bbox 1088 126 1202 156; x_wconf 77' lang='lat' dir='ltr'><strong>noun.</strong></span> <span class='ocrx_word' id='word_1_8' title='bbox 1227 128 1256 157; x_wconf 80' lang='lat' dir='ltr'><strong>ll.</strong></span> <span class='ocrx_word' id='word_1_9' title='bbox 1777 139 1810 166; x_wconf 59' lang='lat' dir='ltr'><strong>ig</strong></span> 
     </span>
    </p>
   </div>
   <div class='ocr_carea' id='block_1_2' title="bbox 167 185 960 221">
    <p class='ocr_par' dir='ltr' id='par_1_2' title="bbox 167 185 960 221">
     <span class='ocr_line' id='line_1_2' title="bbox 167 185 960 221; baseline -0.003 -7"><span class='ocrx_word' id='word_1_10' title='bbox 167 194 224 214; x_wconf 74' lang='lat' dir='ltr'><strong>«ira</strong></span> <span class='ocrx_word' id='word_1_11' title='bbox 243 186 269 213; x_wconf 88' lang='lat' dir='ltr'><strong>in</strong></span> <span class='ocrx_word' id='word_1_12' title='bbox 293 191 437 221; x_wconf 72' lang='lat' dir='ltr'><strong>conspectu</strong></span> <span class='ocrx_word' id='word_1_13' title='bbox 460 186 518 214; x_wconf 83' lang='lat' dir='ltr'><strong>Dei.</strong></span> <span class='ocrx_word' id='word_1_14' title='bbox 533 185 628 214; x_wconf 85' lang='lat' dir='ltr'><strong>Omnia</strong></span> <span class='ocrx_word' id='word_1_15' title='bbox 642 186 713 214; x_wconf 83' lang='lat' dir='ltr'><strong>enim</strong></span> <span class='ocrx_word' id='word_1_16' title='bbox 729 186 798 213; x_wconf 76' lang='lat' dir='ltr'><strong>Deus</strong></span> <span class='ocrx_word' id='word_1_17' title='bbox 813 186 872 214; x_wconf 89' lang='lat' dir='ltr'><strong>idco</strong></span> <span class='ocrx_word' id='word_1_18' title='bbox 886 185 960 218; x_wconf 78' lang='lat' dir='ltr'><strong>facit,</strong></span> 
     </span>
    </p>
   </div>
   <div class='ocr_carea' id='block_1_3' title="bbox 167 233 961 270">
    <p class='ocr_par' dir='ltr' id='par_1_3' title="bbox 167 233 961 270">
     <span class='ocr_line' id='line_1_3' title="bbox 167 233 961 270; baseline 0 -11"><span class='ocrx_word' id='word_1_19' title='bbox 167 234 204 269; x_wconf 80' lang='lat' dir='ltr'><strong>(ii)</strong></span> <span class='ocrx_word' id='word_1_20' title='bbox 220 233 260 270; x_wconf 92' lang='lat' dir='ltr'><strong>[ut</strong></span> <span class='ocrx_word' id='word_1_21' title='bbox 271 233 430 268; x_wconf 85' lang='lat' dir='ltr'><strong>superbiam</strong></span> <span class='ocrx_word' id='word_1_22' title='bbox 452 238 481 261; x_wconf 87' lang='lat' dir='ltr'><strong>et</strong></span> <span class='ocrx_word' id='word_1_23' title='bbox 504 233 681 268; x_wconf 82' lang='lat' dir='ltr'><strong>arrogantiam</strong></span> <span class='ocrx_word' id='word_1_24' title='bbox 706 234 852 267; x_wconf 83' lang='lat' dir='ltr'><strong>reprimat,</strong></span> <span class='ocrx_word' id='word_1_25' title='bbox 870 238 898 259; x_wconf 88' lang='lat' dir='ltr'><strong>ut</strong></span> <span class='ocrx_word' id='word_1_26' title='bbox 918 233 961 267; x_wconf 86' lang='lat' dir='ltr'><strong>ja-</strong></span> 
     </span>
    </p>
   </div>
   <div class='ocr_carea' id='block_1_4' title="bbox 165 279 954 313">
    <p class='ocr_par' dir='ltr' id='par_1_4' title="bbox 165 279 954 313">
     <span class='ocr_line' id='line_1_4' title="bbox 165 279 954 313; baseline -0.003 -6"><span class='ocrx_word' id='word_1_27' title='bbox 165 280 306 308; x_wconf 83' lang='lat' dir='ltr'><strong>ctationem</strong></span> <span class='ocrx_word' id='word_1_28' title='bbox 335 279 412 306; x_wconf 88' lang='lat' dir='ltr'><strong>tollat</strong></span> <span class='ocrx_word' id='word_1_29' title='bbox 430 284 479 306; x_wconf 89' lang='lat' dir='ltr'><strong>:et</strong></span> <span class='ocrx_word' id='word_1_30' title='bbox 501 286 549 306; x_wconf 81' lang='lat' dir='ltr'><strong>vos</strong></span> <span class='ocrx_word' id='word_1_31' title='bbox 571 279 596 306; x_wconf 92' lang='lat' dir='ltr'><strong>in</strong></span> <span class='ocrx_word' id='word_1_32' title='bbox 619 279 670 305; x_wconf 88' lang='lat' dir='ltr'><strong>hoc</strong></span> <span class='ocrx_word' id='word_1_33' title='bbox 693 279 838 313; x_wconf 65' lang='lat' dir='ltr'><strong>perstatis?</strong></span> <span class='ocrx_word' id='word_1_34' title='bbox 860 279 954 306; x_wconf 84' lang='lat' dir='ltr'><strong>Omnia</strong></span> 
     </span>
    </p>
   </div>
   <div class='ocr_carea' id='block_1_5' title="bbox 172 324 959 361">
    <p class='ocr_par' dir='ltr' id='par_1_5' title="bbox 172 324 959 361">
     <span class='ocr_line' id='line_1_5' title="bbox 172 324 959 361; baseline 0 -9"><span class='ocrx_word' id='word_1_35' title='bbox 172 325 254 361; x_wconf 75' lang='lat' dir='ltr'><strong>facit],</strong></span> <span class='ocrx_word' id='word_1_36' title='bbox 270 329 299 351; x_wconf 89' lang='lat' dir='ltr'><strong>ut</strong></span> <span class='ocrx_word' id='word_1_37' title='bbox 318 325 388 351; x_wconf 81' lang='lat' dir='ltr'><strong>nihil</strong></span> <span class='ocrx_word' id='word_1_38' title='bbox 410 325 490 352; x_wconf 89' lang='lat' dir='ltr'><strong>nobis</strong></span> <span class='ocrx_word' id='word_1_39' title='bbox 503 324 675 359; x_wconf 83' lang='lat' dir='ltr'><strong>imputemus,</strong></span> <span class='ocrx_word' id='word_1_40' title='bbox 698 328 726 351; x_wconf 87' lang='lat' dir='ltr'><strong>ut</strong></span> <span class='ocrx_word' id='word_1_41' title='bbox 741 325 828 351; x_wconf 83' lang='lat' dir='ltr'><strong>omnia</strong></span> <span class='ocrx_word' id='word_1_42' title='bbox 845 325 899 352; x_wconf 88' lang='lat' dir='ltr'><strong>Deo</strong></span> <span class='ocrx_word' id='word_1_43' title='bbox 910 325 959 352; x_wconf 87' lang='lat' dir='ltr'><strong>ad-</strong></span> 
     </span>
    </p>
   </div>
   <div class='ocr_carea' id='block_1_6' title="bbox 165 369 960 398">
    <p class='ocr_par' dir='ltr' id='par_1_6' title="bbox 165 369 960 398">
     <span class='ocr_line' id='line_1_6' title="bbox 165 369 960 398; baseline -0.003 0"><span class='ocrx_word' id='word_1_44' title='bbox 165 371 311 398; x_wconf 85' lang='lat' dir='ltr'><strong>scribamus</strong></span> <span class='ocrx_word' id='word_1_45' title='bbox 328 379 335 397; x_wconf 88' lang='lat'><strong>:</strong></span> <span class='ocrx_word' id='word_1_46' title='bbox 350 375 379 397; x_wconf 85' lang='lat' dir='ltr'><strong>et</strong></span> <span class='ocrx_word' id='word_1_47' title='bbox 402 378 452 397; x_wconf 82' lang='lat' dir='ltr'><strong>vos</strong></span> <span class='ocrx_word' id='word_1_48' title='bbox 474 370 536 397; x_wconf 87' lang='lat' dir='ltr'><strong>huic</strong></span> <span class='ocrx_word' id='word_1_49' title='bbox 558 374 586 396; x_wconf 90' lang='lat' dir='ltr'><strong>et</strong></span> <span class='ocrx_word' id='word_1_50' title='bbox 610 369 646 397; x_wconf 87' lang='lat' dir='ltr'><strong>illi</strong></span> <span class='ocrx_word' id='word_1_51' title='bbox 672 377 719 396; x_wconf 88' lang='lat' dir='ltr'><strong>vos</strong></span> <span class='ocrx_word' id='word_1_52' title='bbox 742 369 905 397; x_wconf 75' lang='lat' dir='ltr'><strong>addixistis?</strong></span> <span class='ocrx_word' id='word_1_53' title='bbox 927 370 960 396; x_wconf 88' lang='lat' dir='ltr'><strong>Et</strong></span> 
     </span>
    </p>
   </div>
   <div class='ocr_carea' id='block_1_7' title="bbox 163 415 957 452">
    <p class='ocr_par' dir='ltr' id='par_1_7' title="bbox 163 415 957 452">
     <span class='ocr_line' id='line_1_7' title="bbox 163 415 957 452; baseline 0 -9"><span class='ocrx_word' id='word_1_54' title='bbox 163 425 242 452; x_wconf 85' lang='lat' dir='ltr'><strong>quam</strong></span> <span class='ocrx_word' id='word_1_55' title='bbox 255 417 361 443; x_wconf 84' lang='lat' dir='ltr'><strong>veniam</strong></span> <span class='ocrx_word' id='word_1_56' title='bbox 375 416 591 451; x_wconf 77' lang='lat' dir='ltr'><strong>consequimini?</strong></span> <span class='ocrx_word' id='word_1_57' title='bbox 602 415 668 443; x_wconf 85' lang='lat' dir='ltr'><strong>Nam</strong></span> <span class='ocrx_word' id='word_1_58' title='bbox 682 416 801 443; x_wconf 83' lang='lat' dir='ltr'><strong>ostendit</strong></span> <span class='ocrx_word' id='word_1_59' title='bbox 815 416 884 444; x_wconf 84' lang='lat' dir='ltr'><strong>Deus</strong></span> <span class='ocrx_word' id='word_1_60' title='bbox 900 416 957 444; x_wconf 85' lang='lat' dir='ltr'><strong>ﬁeri</strong></span> 
     </span>
    </p>
   </div>
   <div class='ocr_carea' id='block_1_8' title="bbox 163 462 952 498">
    <p class='ocr_par' dir='ltr' id='par_1_8' title="bbox 163 462 952 498">
     <span class='ocr_line' id='line_1_8' title="bbox 163 462 952 498; baseline 0 -8"><span class='ocrx_word' id='word_1_61' title='bbox 163 471 215 490; x_wconf 86' lang='lat' dir='ltr'><strong>non</strong></span> <span class='ocrx_word' id='word_1_62' title='bbox 239 469 320 497; x_wconf 81' lang='lat' dir='ltr'><strong>posse</strong></span> <span class='ocrx_word' id='word_1_63' title='bbox 339 467 367 488; x_wconf 90' lang='lat' dir='ltr'><strong>ut</strong></span> <span class='ocrx_word' id='word_1_64' title='bbox 385 467 476 488; x_wconf 72' lang='lat' dir='ltr'><strong>nostra</strong></span> <span class='ocrx_word' id='word_1_65' title='bbox 499 462 586 488; x_wconf 88' lang='lat' dir='ltr'><strong>solum</strong></span> <span class='ocrx_word' id='word_1_66' title='bbox 605 469 685 496; x_wconf 86' lang='lat' dir='ltr'><strong>opera</strong></span> <span class='ocrx_word' id='word_1_67' title='bbox 697 462 809 490; x_wconf 91' lang='lat' dir='ltr'><strong>salutem</strong></span> <span class='ocrx_word' id='word_1_68' title='bbox 822 469 952 498; x_wconf 72' lang='lat' dir='ltr'><strong>assequa-</strong></span> 
     </span>
    </p>
   </div>
   <div class='ocr_carea' id='block_1_9' title="bbox 163 508 957 544">
    <p class='ocr_par' dir='ltr' id='par_1_9' title="bbox 163 508 957 544">
     <span class='ocr_line' id='line_1_9' title="bbox 163 508 957 544; baseline 0.001 -8"><span class='ocrx_word' id='word_1_69' title='bbox 163 518 239 541; x_wconf 84' lang='lat' dir='ltr'><strong>iiiur;</strong></span> <span class='ocrx_word' id='word_1_70' title='bbox 258 509 353 536; x_wconf 89' lang='lat' dir='ltr'><strong>ethoc</strong></span> <span class='ocrx_word' id='word_1_71' title='bbox 365 509 398 536; x_wconf 87' lang='lat' dir='ltr'><strong>ab</strong></span> <span class='ocrx_word' id='word_1_72' title='bbox 417 509 493 536; x_wconf 89' lang='lat' dir='ltr'><strong>initio</strong></span> <span class='ocrx_word' id='word_1_73' title='bbox 508 509 579 536; x_wconf 83' lang='lat' dir='ltr'><strong>fecit.</strong></span> <span class='ocrx_word' id='word_1_74' title='bbox 600 508 693 543; x_wconf 85' lang='lat' dir='ltr'><strong>Neque</strong></span> <span class='ocrx_word' id='word_1_75' title='bbox 717 508 790 536; x_wconf 88' lang='lat' dir='ltr'><strong>enim</strong></span> <span class='ocrx_word' id='word_1_76' title='bbox 810 514 865 536; x_wconf 92' lang='lat' dir='ltr'><strong>tum</strong></span> <span class='ocrx_word' id='word_1_77' title='bbox 882 515 957 544; x_wconf 85' lang='lat' dir='ltr'><strong>pote-</strong></span> 
     </span>
    </p>
   </div>
   <div class='ocr_carea' id='block_1_10' title="bbox 162 555 955 590">
    <p class='ocr_par' dir='ltr' id='par_1_10' title="bbox 162 555 955 590">
     <span class='ocr_line' id='line_1_10' title="bbox 162 555 955 590; baseline 0.003 -8"><span class='ocrx_word' id='word_1_78' title='bbox 162 560 221 582; x_wconf 85' lang='lat' dir='ltr'><strong>rant</strong></span> <span class='ocrx_word' id='word_1_79' title='bbox 236 555 359 582; x_wconf 82' lang='lat' dir='ltr'><strong>homines</strong></span> <span class='ocrx_word' id='word_1_80' title='bbox 376 563 424 590; x_wconf 87' lang='lat' dir='ltr'><strong>per</strong></span> <span class='ocrx_word' id='word_1_81' title='bbox 435 562 464 582; x_wconf 81' lang='lat' dir='ltr'><strong>se</strong></span> <span class='ocrx_word' id='word_1_82' title='bbox 478 555 589 588; x_wconf 86' lang='lat' dir='ltr'><strong>servari,</strong></span> <span class='ocrx_word' id='word_1_83' title='bbox 608 555 655 582; x_wconf 86' lang='lat' dir='ltr'><strong>sed</strong></span> <span class='ocrx_word' id='word_1_84' title='bbox 670 555 811 590; x_wconf 80' lang='lat' dir='ltr'><strong>oportebat</strong></span> <span class='ocrx_word' id='word_1_85' title='bbox 824 556 955 584; x_wconf 89' lang='lat' dir='ltr'><strong>obeuntes</strong></span> 
     </span>
    </p>
   </div>
   <div class='ocr_carea' id='block_1_11' title="bbox 160 601 954 636">
    <p class='ocr_par' dir='ltr' id='par_1_11' title="bbox 160 601 954 636">
     <span class='ocr_line' id='line_1_11' title="bbox 160 601 954 636; baseline 0.003 -8"><span class='ocrx_word' id='word_1_86' title='bbox 160 602 218 629; x_wconf 80' lang='lat' dir='ltr'><strong>ca-li</strong></span> <span class='ocrx_word' id='word_1_87' title='bbox 234 601 471 636; x_wconf 81' lang='lat' dir='ltr'><strong>pulchritudinem,</strong></span> <span class='ocrx_word' id='word_1_88' title='bbox 482 606 560 629; x_wconf 72' lang='lat' dir='ltr'><strong>terra:</strong></span> <span class='ocrx_word' id='word_1_89' title='bbox 572 602 791 636; x_wconf 70' lang='lat' dir='ltr'><strong>magnitudinem,</strong></span> <span class='ocrx_word' id='word_1_90' title='bbox 805 608 832 630; x_wconf 87' lang='lat' dir='ltr'><strong>et</strong></span> <span class='ocrx_word' id='word_1_91' title='bbox 843 604 954 631; x_wconf 88' lang='lat' dir='ltr'><strong>aliarum</strong></span> 
     </span>
    </p>
   </div>
   <div class='ocr_carea' id='block_1_12' title="bbox 159 648 952 684">
    <p class='ocr_par' dir='ltr' id='par_1_12' title="bbox 159 648 952 684">
     <span class='ocr_line' id='line_1_12' title="bbox 159 648 952 684; baseline 0.003 -9"><span class='ocrx_word' id='word_1_92' title='bbox 159 653 344 675; x_wconf 70' lang='lat' dir='ltr'><strong>creaturarum</strong></span> <span class='ocrx_word' id='word_1_93' title='bbox 358 655 471 683; x_wconf 87' lang='lat' dir='ltr'><strong>corpus,</strong></span> <span class='ocrx_word' id='word_1_94' title='bbox 497 648 536 675; x_wconf 87' lang='lat' dir='ltr'><strong>sic</strong></span> <span class='ocrx_word' id='word_1_95' title='bbox 553 648 648 675; x_wconf 85' lang='lat' dir='ltr'><strong>adduci</strong></span> <span class='ocrx_word' id='word_1_96' title='bbox 664 649 696 675; x_wconf 90' lang='lat' dir='ltr'><strong>ad</strong></span> <span class='ocrx_word' id='word_1_97' title='bbox 712 656 801 676; x_wconf 90' lang='lat' dir='ltr'><strong>rerum</strong></span> <span class='ocrx_word' id='word_1_98' title='bbox 814 648 952 684; x_wconf 89' lang='lat' dir='ltr'><strong>Opiﬁcein.</strong></span> 
     </span>
    </p>
   </div>
   <div class='ocr_carea' id='block_1_13' title="bbox 160 695 954 731">
    <p class='ocr_par' dir='ltr' id='par_1_13' title="bbox 160 695 954 731">
     <span class='ocr_line' id='line_1_13' title="bbox 160 695 954 731; baseline 0.003 -10"><span class='ocrx_word' id='word_1_99' title='bbox 160 695 216 722; x_wconf 84' lang='lat' dir='ltr'><strong>Hoc</strong></span> <span class='ocrx_word' id='word_1_100' title='bbox 231 703 312 730; x_wconf 88' lang='lat' dir='ltr'><strong>porro</strong></span> <span class='ocrx_word' id='word_1_101' title='bbox 330 695 392 722; x_wconf 80' lang='lat' dir='ltr'><strong>fecit</strong></span> <span class='ocrx_word' id='word_1_102' title='bbox 408 695 463 730; x_wconf 87' lang='lat' dir='ltr'><strong>jam</strong></span> <span class='ocrx_word' id='word_1_103' title='bbox 478 699 540 723; x_wconf 87' lang='lat' dir='ltr'><strong>ante</strong></span> <span class='ocrx_word' id='word_1_104' title='bbox 553 695 703 729; x_wconf 83' lang='lat' dir='ltr'><strong>reprimens</strong></span> <span class='ocrx_word' id='word_1_105' title='bbox 717 696 831 723; x_wconf 82' lang='lat' dir='ltr'><strong>futuram</strong></span> <span class='ocrx_word' id='word_1_106' title='bbox 846 697 954 731; x_wconf 84' lang='lat' dir='ltr'><strong>sapien-</strong></span> 
     </span>
    </p>
   </div>
   <div class='ocr_carea' id='block_1_14' title="bbox 159 740 953 777">
    <p class='ocr_par' dir='ltr' id='par_1_14' title="bbox 159 740 953 777">
     <span class='ocr_line' id='line_1_14' title="bbox 159 740 953 777; baseline 0.001 -9"><span class='ocrx_word' id='word_1_107' title='bbox 159 743 203 768; x_wconf 70' lang='lat' dir='ltr'><strong>tia!</strong></span> <span class='ocrx_word' id='word_1_108' title='bbox 218 749 315 769; x_wconf 86' lang='lat' dir='ltr'><strong>vanam</strong></span> <span class='ocrx_word' id='word_1_109' title='bbox 331 742 496 776; x_wconf 82' lang='lat' dir='ltr'><strong>opinionem.</strong></span> <span class='ocrx_word' id='word_1_110' title='bbox 517 740 747 774; x_wconf 86' lang='lat' dir='ltr'><strong>Quemadmodum</strong></span> <span class='ocrx_word' id='word_1_111' title='bbox 770 741 792 769; x_wconf 88' lang='lat' dir='ltr'><strong>si</strong></span> <span class='ocrx_word' id='word_1_112' title='bbox 815 742 874 777; x_wconf 88' lang='lat' dir='ltr'><strong>quis</strong></span> <span class='ocrx_word' id='word_1_113' title='bbox 896 750 953 769; x_wconf 90' lang='lat' dir='ltr'><strong>ma-</strong></span> 
     </span>
    </p>
   </div>
   <div class='ocr_carea' id='block_1_15' title="bbox 157 789 951 826">
    <p class='ocr_par' dir='ltr' id='par_1_15' title="bbox 157 789 951 826">
     <span class='ocr_line' id='line_1_15' title="bbox 157 789 951 826; baseline 0.001 -9"><span class='ocrx_word' id='word_1_114' title='bbox 157 791 257 826; x_wconf 83' lang='lat' dir='ltr'><strong>gister,</strong></span> <span class='ocrx_word' id='word_1_115' title='bbox 286 799 345 818; x_wconf 84' lang='lat' dir='ltr'><strong>cum</strong></span> <span class='ocrx_word' id='word_1_116' title='bbox 369 790 479 825; x_wconf 83' lang='lat' dir='ltr'><strong>jusserit</strong></span> <span class='ocrx_word' id='word_1_117' title='bbox 500 789 660 824; x_wconf 86' lang='lat' dir='ltr'><strong>discipulum</strong></span> <span class='ocrx_word' id='word_1_118' title='bbox 683 790 758 825; x_wconf 86' lang='lat' dir='ltr'><strong>sequi</strong></span> <span class='ocrx_word' id='word_1_119' title='bbox 782 798 951 825; x_wconf 84' lang='lat' dir='ltr'><strong>quocumque</strong></span> 
     </span>
    </p>
   </div>
   <div class='ocr_carea' id='block_1_16' title="bbox 157 835 950 870">
    <p class='ocr_par' dir='ltr' id='par_1_16' title="bbox 157 835 950 870">
     <span class='ocr_line' id='line_1_16' title="bbox 157 835 950 870; baseline -0.001 -6"><span class='ocrx_word' id='word_1_120' title='bbox 157 837 281 869; x_wconf 87' lang='lat' dir='ltr'><strong>ducatur,</strong></span> <span class='ocrx_word' id='word_1_121' title='bbox 292 837 336 863; x_wconf 89' lang='lat' dir='ltr'><strong>ubi</strong></span> <span class='ocrx_word' id='word_1_122' title='bbox 351 836 448 863; x_wconf 90' lang='lat' dir='ltr'><strong>viderit</strong></span> <span class='ocrx_word' id='word_1_123' title='bbox 459 836 531 863; x_wconf 92' lang='lat' dir='ltr'><strong>illum</strong></span> <span class='ocrx_word' id='word_1_124' title='bbox 546 835 693 870; x_wconf 73' lang='lat' dir='ltr'><strong>prmvenire</strong></span> <span class='ocrx_word' id='word_1_125' title='bbox 708 840 734 862; x_wconf 89' lang='lat' dir='ltr'><strong>et</strong></span> <span class='ocrx_word' id='word_1_126' title='bbox 749 836 817 863; x_wconf 80' lang='lat' dir='ltr'><strong>velle</strong></span> <span class='ocrx_word' id='word_1_127' title='bbox 831 843 845 861; x_wconf 90' lang='lat' dir='ltr'><strong>a</strong></span> <span class='ocrx_word' id='word_1_128' title='bbox 859 836 950 870; x_wconf 69' lang='lat' dir='ltr'><strong>seipso</strong></span> 
     </span>
    </p>
   </div>
   <div class='ocr_carea' id='block_1_17' title="bbox 157 881 950 914">
    <p class='ocr_par' dir='ltr' id='par_1_17' title="bbox 157 881 950 914">
     <span class='ocr_line' id='line_1_17' title="bbox 157 881 950 914; baseline -0.001 -5"><span class='ocrx_word' id='word_1_129' title='bbox 157 887 252 910; x_wconf 89' lang='lat' dir='ltr'><strong>cuncta</strong></span> <span class='ocrx_word' id='word_1_130' title='bbox 281 881 405 914; x_wconf 77' lang='lat' dir='ltr'><strong>discere,</strong></span> <span class='ocrx_word' id='word_1_131' title='bbox 433 881 523 908; x_wconf 85' lang='lat' dir='ltr'><strong>sinens</strong></span> <span class='ocrx_word' id='word_1_132' title='bbox 545 881 620 908; x_wconf 92' lang='lat' dir='ltr'><strong>illum</strong></span> <span class='ocrx_word' id='word_1_133' title='bbox 643 888 744 912; x_wconf 87' lang='lat' dir='ltr'><strong>errare.</strong></span> <span class='ocrx_word' id='word_1_134' title='bbox 772 881 889 908; x_wconf 73' lang='lat' dir='ltr'><strong>Ostendit</strong></span> <span class='ocrx_word' id='word_1_135' title='bbox 917 882 950 908; x_wconf 92' lang='lat' dir='ltr'><strong>il-</strong></span> 
     </span>
    </p>
   </div>
   <div class='ocr_carea' id='block_1_18' title="bbox 157 926 936 962">
    <p class='ocr_par' dir='ltr' id='par_1_18' title="bbox 157 926 936 962">
     <span class='ocr_line' id='line_1_18' title="bbox 157 926 936 962; baseline 0.001 -8"><span class='ocrx_word' id='word_1_136' title='bbox 157 929 212 955; x_wconf 87' lang='lat' dir='ltr'><strong>liiiu</strong></span> <span class='ocrx_word' id='word_1_137' title='bbox 240 935 291 954; x_wconf 88' lang='lat' dir='ltr'><strong>non</strong></span> <span class='ocrx_word' id='word_1_138' title='bbox 318 927 368 954; x_wconf 85' lang='lat' dir='ltr'><strong>sibi</strong></span> <span class='ocrx_word' id='word_1_139' title='bbox 394 926 520 954; x_wconf 78' lang='lat' dir='ltr'><strong>sufﬁcere</strong></span> <span class='ocrx_word' id='word_1_140' title='bbox 543 926 576 954; x_wconf 86' lang='lat' dir='ltr'><strong>ad</strong></span> <span class='ocrx_word' id='word_1_141' title='bbox 600 926 768 962; x_wconf 86' lang='lat' dir='ltr'><strong>disciplinain</strong></span> <span class='ocrx_word' id='word_1_142' title='bbox 784 948 792 961; x_wconf 88' lang='lat'><strong>,</strong></span> <span class='ocrx_word' id='word_1_143' title='bbox 814 932 842 954; x_wconf 86' lang='lat' dir='ltr'><strong>et</strong></span> <span class='ocrx_word' id='word_1_144' title='bbox 874 933 936 955; x_wconf 92' lang='lat' dir='ltr'><strong>tunc</strong></span> 
     </span>
    </p>
   </div>
   <div class='ocr_carea' id='block_1_19' title="bbox 155 973 949 1009">
    <p class='ocr_par' dir='ltr' id='par_1_19' title="bbox 155 973 949 1009">
     <span class='ocr_line' id='line_1_19' title="bbox 155 973 949 1009; baseline 0.003 -9"><span class='ocrx_word' id='word_1_145' title='bbox 155 983 214 1009; x_wconf 75' lang='lat' dir='ltr'><strong>qua:</strong></span> <span class='ocrx_word' id='word_1_146' title='bbox 234 982 282 1001; x_wconf 89' lang='lat' dir='ltr'><strong>sua</strong></span> <span class='ocrx_word' id='word_1_147' title='bbox 299 979 362 1001; x_wconf 92' lang='lat' dir='ltr'><strong>sunt</strong></span> <span class='ocrx_word' id='word_1_148' title='bbox 375 973 476 1001; x_wconf 82' lang='lat' dir='ltr'><strong>inducit</strong></span> <span class='ocrx_word' id='word_1_149' title='bbox 492 983 498 1000; x_wconf 75' lang='grc' dir='ltr'>ε</span> <span class='ocrx_word' id='word_1_150' title='bbox 515 974 549 1000; x_wconf 90' lang='lat' dir='ltr'><strong>ita</strong></span> <span class='ocrx_word' id='word_1_151' title='bbox 564 978 591 1001; x_wconf 91' lang='lat' dir='ltr'><strong>et</strong></span> <span class='ocrx_word' id='word_1_152' title='bbox 614 974 682 1001; x_wconf 89' lang='lat' dir='ltr'><strong>Deus</strong></span> <span class='ocrx_word' id='word_1_153' title='bbox 703 974 783 1009; x_wconf 67' lang='lat' dir='ltr'><strong>jussit</strong></span> <span class='ocrx_word' id='word_1_154' title='bbox 805 974 881 1002; x_wconf 92' lang='lat' dir='ltr'><strong>initio</strong></span> <span class='ocrx_word' id='word_1_155' title='bbox 905 982 949 1002; x_wconf 87' lang='lat' dir='ltr'><strong>se-</strong></span> 
     </span>
    </p>
   </div>
   <div class='ocr_carea' id='block_1_20' title="bbox 154 1019 947 1055">
    <p class='ocr_par' dir='ltr' id='par_1_20' title="bbox 154 1019 947 1055">
     <span class='ocr_line' id='line_1_20' title="bbox 154 1019 947 1055; baseline 0.001 -9"><span class='ocrx_word' id='word_1_156' title='bbox 154 1021 198 1055; x_wconf 87' lang='lat' dir='ltr'><strong>qui</strong></span> <span class='ocrx_word' id='word_1_157' title='bbox 224 1027 271 1054; x_wconf 86' lang='lat' dir='ltr'><strong>per</strong></span> <span class='ocrx_word' id='word_1_158' title='bbox 293 1028 382 1046; x_wconf 88' lang='lat' dir='ltr'><strong>rerum</strong></span> <span class='ocrx_word' id='word_1_159' title='bbox 405 1024 555 1046; x_wconf 87' lang='lat' dir='ltr'><strong>creatarum</strong></span> <span class='ocrx_word' id='word_1_160' title='bbox 577 1019 860 1054; x_wconf 81' lang='lat' dir='ltr'><strong>comprehensionem;</strong></span> <span class='ocrx_word' id='word_1_161' title='bbox 884 1020 947 1055; x_wconf 89' lang='lat' dir='ltr'><strong>quia</strong></span> 
     </span>
    </p>
   </div>
   <div class='ocr_carea' id='block_1_21' title="bbox 154 1065 945 1100">
    <p class='ocr_par' dir='ltr' id='par_1_21' title="bbox 154 1065 945 1100">
     <span class='ocr_line' id='line_1_21' title="bbox 154 1065 945 1100; baseline 0.001 -8"><span class='ocrx_word' id='word_1_162' title='bbox 154 1074 218 1093; x_wconf 81' lang='lat' dir='ltr'><strong>vero</strong></span> <span class='ocrx_word' id='word_1_163' title='bbox 242 1066 385 1092; x_wconf 90' lang='lat' dir='ltr'><strong>noluerunt</strong></span> <span class='ocrx_word' id='word_1_164' title='bbox 399 1086 406 1096; x_wconf 82' lang='lat'><strong>.</strong></span> <span class='ocrx_word' id='word_1_165' title='bbox 421 1073 482 1092; x_wconf 92' lang='lat' dir='ltr'><strong>cum</strong></span> <span class='ocrx_word' id='word_1_166' title='bbox 495 1065 657 1100; x_wconf 81' lang='lat' dir='ltr'><strong>experientia</strong></span> <span class='ocrx_word' id='word_1_167' title='bbox 672 1065 807 1093; x_wconf 87' lang='lat' dir='ltr'><strong>docuisset</strong></span> <span class='ocrx_word' id='word_1_168' title='bbox 822 1066 880 1093; x_wconf 84' lang='lat' dir='ltr'><strong>illos</strong></span> <span class='ocrx_word' id='word_1_169' title='bbox 893 1074 945 1094; x_wconf 86' lang='lat' dir='ltr'><strong>non</strong></span> 
     </span>
    </p>
   </div>
   <div class='ocr_carea' id='block_1_22' title="bbox 151 1111 946 1146">
    <p class='ocr_par' dir='ltr' id='par_1_22' title="bbox 151 1111 946 1146">
     <span class='ocr_line' id='line_1_22' title="bbox 151 1111 946 1146; baseline 0.003 -8"><span class='ocrx_word' id='word_1_170' title='bbox 151 1111 204 1138; x_wconf 88' lang='lat' dir='ltr'><strong>sibi</strong></span> <span class='ocrx_word' id='word_1_171' title='bbox 219 1111 354 1144; x_wconf 78' lang='lat' dir='ltr'><strong>sufﬁcere,</strong></span> <span class='ocrx_word' id='word_1_172' title='bbox 369 1116 433 1138; x_wconf 88' lang='lat' dir='ltr'><strong>tunc</strong></span> <span class='ocrx_word' id='word_1_173' title='bbox 449 1112 520 1146; x_wconf 89' lang='lat' dir='ltr'><strong>ipsos</strong></span> <span class='ocrx_word' id='word_1_174' title='bbox 530 1111 563 1138; x_wconf 91' lang='lat' dir='ltr'><strong>ad</strong></span> <span class='ocrx_word' id='word_1_175' title='bbox 578 1119 608 1138; x_wconf 86' lang='lat' dir='ltr'><strong>se</strong></span> <span class='ocrx_word' id='word_1_176' title='bbox 627 1111 680 1138; x_wconf 88' lang='lat' dir='ltr'><strong>alio</strong></span> <span class='ocrx_word' id='word_1_177' title='bbox 695 1111 775 1138; x_wconf 89' lang='lat' dir='ltr'><strong>modo</strong></span> <span class='ocrx_word' id='word_1_178' title='bbox 787 1112 861 1139; x_wconf 86' lang='lat' dir='ltr'><strong>ducit</strong></span> <span class='ocrx_word' id='word_1_179' title='bbox 876 1120 882 1138; x_wconf 91' lang='lat'>:</span> <span class='ocrx_word' id='word_1_180' title='bbox 898 1119 946 1146; x_wconf 89' lang='lat' dir='ltr'><strong>pro</strong></span> 
     </span>
    </p>
   </div>
   <div class='ocr_carea' id='block_1_23' title="bbox 152 1157 945 1193">
    <p class='ocr_par' dir='ltr' id='par_1_23' title="bbox 152 1157 945 1193">
     <span class='ocr_line' id='line_1_23' title="bbox 152 1157 945 1193; baseline -0.001 -7"><span class='ocrx_word' id='word_1_181' title='bbox 152 1159 241 1186; x_wconf 89' lang='lat' dir='ltr'><strong>tabula</strong></span> <span class='ocrx_word' id='word_1_182' title='bbox 262 1158 336 1186; x_wconf 82' lang='lat' dir='ltr'><strong>dedit</strong></span> <span class='ocrx_word' id='word_1_183' title='bbox 355 1158 495 1186; x_wconf 87' lang='lat' dir='ltr'><strong>mundum.</strong></span> <span class='ocrx_word' id='word_1_184' title='bbox 519 1157 610 1193; x_wconf 84' lang='lat' dir='ltr'><strong>Neque</strong></span> <span class='ocrx_word' id='word_1_185' title='bbox 629 1158 654 1186; x_wconf 92' lang='lat' dir='ltr'><strong>in</strong></span> <span class='ocrx_word' id='word_1_186' title='bbox 679 1158 720 1184; x_wconf 88' lang='lat' dir='ltr'><strong>bis</strong></span> <span class='ocrx_word' id='word_1_187' title='bbox 743 1158 863 1186; x_wconf 83' lang='lat' dir='ltr'><strong>meditati</strong></span> <span class='ocrx_word' id='word_1_188' title='bbox 884 1163 945 1186; x_wconf 87' lang='lat' dir='ltr'><strong>sunt</strong></span> 
     </span>
    </p>
   </div>
   <div class='ocr_carea' id='block_1_24' title="bbox 151 1203 945 1240">
    <p class='ocr_par' dir='ltr' id='par_1_24' title="bbox 151 1203 945 1240">
     <span class='ocr_line' id='line_1_24' title="bbox 151 1203 945 1240; baseline 0 -8"><span class='ocrx_word' id='word_1_189' title='bbox 151 1204 314 1240; x_wconf 79' lang='lat' dir='ltr'><strong>philosophi,</strong></span> <span class='ocrx_word' id='word_1_190' title='bbox 331 1212 417 1239; x_wconf 84' lang='lat' dir='ltr'><strong>neque</strong></span> <span class='ocrx_word' id='word_1_191' title='bbox 429 1204 467 1230; x_wconf 88' lang='lat' dir='ltr'><strong>illi</strong></span> <span class='ocrx_word' id='word_1_192' title='bbox 481 1203 590 1238; x_wconf 85' lang='lat' dir='ltr'><strong>obsequi</strong></span> <span class='ocrx_word' id='word_1_193' title='bbox 608 1204 759 1237; x_wconf 88' lang='lat' dir='ltr'><strong>voluerunt,</strong></span> <span class='ocrx_word' id='word_1_194' title='bbox 775 1211 862 1239; x_wconf 89' lang='lat' dir='ltr'><strong>neque</strong></span> <span class='ocrx_word' id='word_1_195' title='bbox 876 1203 945 1232; x_wconf 88' lang='lat' dir='ltr'><strong>hanc</strong></span> 
     </span>
    </p>
   </div>
   <div class='ocr_carea' id='block_1_25' title="bbox 148 1250 944 1286">
    <p class='ocr_par' dir='ltr' id='par_1_25' title="bbox 148 1250 944 1286">
     <span class='ocr_line' id='line_1_25' title="bbox 148 1250 944 1286; baseline 0.001 -8"><span class='ocrx_word' id='word_1_196' title='bbox 148 1251 182 1278; x_wconf 83' lang='lat' dir='ltr'><strong>ad</strong></span> <span class='ocrx_word' id='word_1_197' title='bbox 194 1251 282 1286; x_wconf 82' lang='lat' dir='ltr'><strong>ipsum</strong></span> <span class='ocrx_word' id='word_1_198' title='bbox 300 1251 402 1286; x_wconf 85' lang='lat' dir='ltr'><strong>ingredi</strong></span> <span class='ocrx_word' id='word_1_199' title='bbox 417 1251 496 1283; x_wconf 86' lang='lat' dir='ltr'><strong>viam,</strong></span> <span class='ocrx_word' id='word_1_200' title='bbox 511 1258 590 1286; x_wconf 87' lang='lat' dir='ltr'><strong>quam</strong></span> <span class='ocrx_word' id='word_1_201' title='bbox 605 1250 648 1278; x_wconf 93' lang='lat' dir='ltr'><strong>ille</strong></span> <span class='ocrx_word' id='word_1_202' title='bbox 658 1250 783 1285; x_wconf 87' lang='lat' dir='ltr'><strong>jusserat.</strong></span> <span class='ocrx_word' id='word_1_203' title='bbox 802 1251 887 1278; x_wconf 80' lang='lat' dir='ltr'><strong>Aliam</strong></span> <span class='ocrx_word' id='word_1_204' title='bbox 899 1252 944 1280; x_wconf 90' lang='lat' dir='ltr'><strong>ille</strong></span> 
     </span>
    </p>
   </div>
   <div class='ocr_carea' id='block_1_26' title="bbox 149 1296 943 1332">
    <p class='ocr_par' dir='ltr' id='par_1_26' title="bbox 149 1296 943 1332">
     <span class='ocr_line' id='line_1_26' title="bbox 149 1296 943 1332; baseline 0.001 -9"><span class='ocrx_word' id='word_1_205' title='bbox 149 1297 254 1324; x_wconf 70' lang='lat' dir='ltr'><strong>induxit</strong></span> <span class='ocrx_word' id='word_1_206' title='bbox 269 1297 339 1324; x_wconf 87' lang='lat' dir='ltr'><strong>viam</strong></span> <span class='ocrx_word' id='word_1_207' title='bbox 356 1296 447 1331; x_wconf 89' lang='lat' dir='ltr'><strong>priore</strong></span> <span class='ocrx_word' id='word_1_208' title='bbox 460 1297 611 1331; x_wconf 74' lang='lat' dir='ltr'><strong>clariorem,</strong></span> <span class='ocrx_word' id='word_1_209' title='bbox 634 1304 693 1331; x_wconf 75' lang='lat' dir='ltr'><strong>qua:</strong></span> <span class='ocrx_word' id='word_1_210' title='bbox 706 1297 880 1332; x_wconf 80' lang='lat' dir='ltr'><strong>persuaderet</strong></span> <span class='ocrx_word' id='word_1_211' title='bbox 895 1298 943 1325; x_wconf 86' lang='lat' dir='ltr'><strong>bo-</strong></span> 
     </span>
    </p>
   </div>
   <div class='ocr_carea' id='block_1_27' title="bbox 146 1342 942 1377">
    <p class='ocr_par' dir='ltr' id='par_1_27' title="bbox 146 1342 942 1377">
     <span class='ocr_line' id='line_1_27' title="bbox 146 1342 942 1377; baseline 0.001 -8"><span class='ocrx_word' id='word_1_212' title='bbox 146 1344 246 1370; x_wconf 89' lang='lat' dir='ltr'><strong>mincm</strong></span> <span class='ocrx_word' id='word_1_213' title='bbox 261 1342 349 1370; x_wconf 90' lang='lat' dir='ltr'><strong>solum</strong></span> <span class='ocrx_word' id='word_1_214' title='bbox 365 1350 418 1369; x_wconf 90' lang='lat' dir='ltr'><strong>non</strong></span> <span class='ocrx_word' id='word_1_215' title='bbox 433 1343 483 1369; x_wconf 87' lang='lat' dir='ltr'><strong>sibi</strong></span> <span class='ocrx_word' id='word_1_216' title='bbox 495 1343 544 1377; x_wconf 81' lang='lat' dir='ltr'><strong>ipsi</strong></span> <span class='ocrx_word' id='word_1_217' title='bbox 559 1343 693 1370; x_wconf 89' lang='lat' dir='ltr'><strong>sullicerc.</strong></span> <span class='ocrx_word' id='word_1_218' title='bbox 709 1343 784 1370; x_wconf 86' lang='lat' dir='ltr'><strong>Tunc</strong></span> <span class='ocrx_word' id='word_1_219' title='bbox 796 1345 865 1370; x_wconf 92' lang='lat' dir='ltr'><strong>enim</strong></span> <span class='ocrx_word' id='word_1_220' title='bbox 883 1344 942 1371; x_wconf 64' lang='lat' dir='ltr'><strong>live.</strong></span> 
     </span>
    </p>
   </div>
   <div class='ocr_carea' id='block_1_28' title="bbox 147 1388 942 1425">
    <p class='ocr_par' dir='ltr' id='par_1_28' title="bbox 147 1388 942 1425">
     <span class='ocr_line' id='line_1_28' title="bbox 147 1388 942 1425; baseline 0.001 -9"><span class='ocrx_word' id='word_1_221' title='bbox 147 1389 192 1416; x_wconf 86' lang='lat' dir='ltr'><strong>bat</strong></span> <span class='ocrx_word' id='word_1_222' title='bbox 213 1388 353 1416; x_wconf 88' lang='lat' dir='ltr'><strong>ratiocinia</strong></span> <span class='ocrx_word' id='word_1_223' title='bbox 367 1396 487 1420; x_wconf 84' lang='lat' dir='ltr'><strong>movere,</strong></span> <span class='ocrx_word' id='word_1_224' title='bbox 511 1393 539 1416; x_wconf 85' lang='lat' dir='ltr'><strong>et</strong></span> <span class='ocrx_word' id='word_1_225' title='bbox 554 1393 664 1416; x_wconf 80' lang='lat' dir='ltr'><strong>externa</strong></span> <span class='ocrx_word' id='word_1_226' title='bbox 681 1389 718 1416; x_wconf 90' lang='lat' dir='ltr'><strong>uti</strong></span> <span class='ocrx_word' id='word_1_227' title='bbox 734 1390 877 1424; x_wconf 80' lang='lat' dir='ltr'><strong>sapientia,</strong></span> <span class='ocrx_word' id='word_1_228' title='bbox 894 1397 942 1425; x_wconf 83' lang='lat' dir='ltr'><strong>per</strong></span> 
     </span>
    </p>
   </div>
   <div class='ocr_carea' id='block_1_29' title="bbox 145 1435 940 1470">
    <p class='ocr_par' dir='ltr' id='par_1_29' title="bbox 145 1435 940 1470">
     <span class='ocr_line' id='line_1_29' title="bbox 145 1435 940 1470; baseline -0.001 -8"><span class='ocrx_word' id='word_1_229' title='bbox 145 1443 188 1462; x_wconf 77' lang='lat' dir='ltr'><strong>res</strong></span> <span class='ocrx_word' id='word_1_230' title='bbox 200 1441 306 1462; x_wconf 75' lang='lat' dir='ltr'><strong>creatas</strong></span> <span class='ocrx_word' id='word_1_231' title='bbox 320 1435 416 1463; x_wconf 88' lang='lat' dir='ltr'><strong>ductos</strong></span> <span class='ocrx_word' id='word_1_232' title='bbox 431 1444 436 1461; x_wconf 94' lang='lat'>:</span> <span class='ocrx_word' id='word_1_233' title='bbox 455 1443 524 1462; x_wconf 90' lang='lat' dir='ltr'><strong>nunc</strong></span> <span class='ocrx_word' id='word_1_234' title='bbox 537 1440 625 1463; x_wconf 89' lang='lat' dir='ltr'><strong>autem</strong></span> <span class='ocrx_word' id='word_1_235' title='bbox 640 1435 689 1462; x_wconf 85' lang='lat' dir='ltr'><strong>nisi</strong></span> <span class='ocrx_word' id='word_1_236' title='bbox 703 1436 762 1470; x_wconf 87' lang='lat' dir='ltr'><strong>quis</strong></span> <span class='ocrx_word' id='word_1_237' title='bbox 773 1436 869 1463; x_wconf 87' lang='lat' dir='ltr'><strong>stultus</strong></span> <span class='ocrx_word' id='word_1_238' title='bbox 883 1438 940 1470; x_wconf 74' lang='lat' dir='ltr'><strong>liai,</strong></span> 
     </span>
    </p>
   </div>
   <div class='ocr_carea' id='block_1_30' title="bbox 145 1480 939 1516">
    <p class='ocr_par' dir='ltr' id='par_1_30' title="bbox 145 1480 939 1516">
     <span class='ocr_line' id='line_1_30' title="bbox 145 1480 939 1516; baseline 0.001 -8"><span class='ocrx_word' id='word_1_239' title='bbox 145 1481 170 1508; x_wconf 91' lang='lat' dir='ltr'><strong>id</strong></span> <span class='ocrx_word' id='word_1_240' title='bbox 184 1485 236 1510; x_wconf 81' lang='lat' dir='ltr'><strong>est.</strong></span> <span class='ocrx_word' id='word_1_241' title='bbox 254 1481 306 1508; x_wconf 84' lang='lat' dir='ltr'><strong>nisi</strong></span> <span class='ocrx_word' id='word_1_242' title='bbox 322 1488 402 1508; x_wconf 87' lang='lat' dir='ltr'><strong>omne</strong></span> <span class='ocrx_word' id='word_1_243' title='bbox 417 1480 587 1507; x_wconf 80' lang='lat' dir='ltr'><strong>ratiocinium</strong></span> <span class='ocrx_word' id='word_1_244' title='bbox 607 1486 635 1508; x_wconf 85' lang='lat' dir='ltr'><strong>et</strong></span> <span class='ocrx_word' id='word_1_245' title='bbox 653 1488 762 1511; x_wconf 87' lang='lat' dir='ltr'><strong>omnem</strong></span> <span class='ocrx_word' id='word_1_246' title='bbox 782 1482 939 1516; x_wconf 82' lang='lat' dir='ltr'><strong>sapientiam</strong></span> 
     </span>
    </p>
   </div>
   <div class='ocr_carea' id='block_1_31' title="bbox 143 1527 937 1564">
    <p class='ocr_par' dir='ltr' id='par_1_31' title="bbox 143 1527 937 1564">
     <span class='ocr_line' id='line_1_31' title="bbox 143 1527 937 1564; baseline 0.001 -9"><span class='ocrx_word' id='word_1_247' title='bbox 143 1533 257 1556; x_wconf 81' lang='lat' dir='ltr'><strong>evacnet</strong></span> <span class='ocrx_word' id='word_1_248' title='bbox 270 1536 302 1555; x_wconf 88' lang='lat' dir='ltr'><strong>ac</strong></span> <span class='ocrx_word' id='word_1_249' title='bbox 315 1527 376 1554; x_wconf 84' lang='lat' dir='ltr'><strong>ﬁdei</strong></span> <span class='ocrx_word' id='word_1_250' title='bbox 390 1535 419 1554; x_wconf 86' lang='lat' dir='ltr'><strong>se</strong></span> <span class='ocrx_word' id='word_1_251' title='bbox 432 1527 529 1559; x_wconf 84' lang='lat' dir='ltr'><strong>tradat,</strong></span> <span class='ocrx_word' id='word_1_252' title='bbox 542 1527 644 1554; x_wconf 83' lang='lat' dir='ltr'><strong>servari</strong></span> <span class='ocrx_word' id='word_1_253' title='bbox 659 1528 760 1562; x_wconf 86' lang='lat' dir='ltr'><strong>nequit.</strong></span> <span class='ocrx_word' id='word_1_254' title='bbox 773 1528 831 1556; x_wconf 87' lang='lat' dir='ltr'><strong>Non</strong></span> <span class='ocrx_word' id='word_1_255' title='bbox 844 1537 937 1564; x_wconf 87' lang='lat' dir='ltr'><strong>parum</strong></span> 
     </span>
    </p>
   </div>
   <div class='ocr_carea' id='block_1_32' title="bbox 143 1573 937 1608">
    <p class='ocr_par' dir='ltr' id='par_1_32' title="bbox 143 1573 937 1608">
     <span class='ocr_line' id='line_1_32' title="bbox 143 1573 937 1608; baseline 0.003 -8"><span class='ocrx_word' id='word_1_256' title='bbox 143 1575 225 1608; x_wconf 78' lang='lat' dir='ltr'><strong>igitur</strong></span> <span class='ocrx_word' id='word_1_257' title='bbox 240 1579 293 1605; x_wconf 81' lang='lat' dir='ltr'><strong>est,</strong></span> <span class='ocrx_word' id='word_1_258' title='bbox 309 1573 380 1608; x_wconf 87' lang='lat' dir='ltr'><strong>quod</strong></span> <span class='ocrx_word' id='word_1_259' title='bbox 394 1581 454 1600; x_wconf 85' lang='lat' dir='ltr'><strong>cum</strong></span> <span class='ocrx_word' id='word_1_260' title='bbox 469 1573 539 1600; x_wconf 82' lang='lat' dir='ltr'><strong>viam</strong></span> <span class='ocrx_word' id='word_1_261' title='bbox 553 1573 658 1601; x_wconf 76' lang='lat' dir='ltr'><strong>facilem</strong></span> <span class='ocrx_word' id='word_1_262' title='bbox 679 1574 827 1601; x_wconf 86' lang='lat' dir='ltr'><strong>reddiderit</strong></span> <span class='ocrx_word' id='word_1_263' title='bbox 837 1595 843 1605; x_wconf 86' lang='lat'><strong>,</strong></span> <span class='ocrx_word' id='word_1_264' title='bbox 863 1582 937 1602; x_wconf 92' lang='lat' dir='ltr'><strong>mor-</strong></span> 
     </span>
    </p>
   </div>
   <div class='ocr_carea' id='block_1_33' title="bbox 143 1619 938 1656">
    <p class='ocr_par' dir='ltr' id='par_1_33' title="bbox 143 1619 938 1656">
     <span class='ocr_line' id='line_1_33' title="bbox 143 1619 938 1656; baseline 0.004 -10"><span class='ocrx_word' id='word_1_265' title='bbox 143 1621 205 1647; x_wconf 91' lang='lat' dir='ltr'><strong>bum</strong></span> <span class='ocrx_word' id='word_1_266' title='bbox 223 1627 331 1655; x_wconf 87' lang='lat' dir='ltr'><strong>qnoqiie</strong></span> <span class='ocrx_word' id='word_1_267' title='bbox 346 1619 408 1647; x_wconf 87' lang='lat' dir='ltr'><strong>inde</strong></span> <span class='ocrx_word' id='word_1_268' title='bbox 422 1625 511 1646; x_wconf 90' lang='lat' dir='ltr'><strong>ortum</strong></span> <span class='ocrx_word' id='word_1_269' title='bbox 524 1620 667 1652; x_wconf 89' lang='lat' dir='ltr'><strong>evulserit,</strong></span> <span class='ocrx_word' id='word_1_270' title='bbox 684 1626 711 1646; x_wconf 94' lang='lat' dir='ltr'><strong>ut</strong></span> <span class='ocrx_word' id='word_1_271' title='bbox 726 1628 779 1647; x_wconf 90' lang='lat' dir='ltr'><strong>non</strong></span> <span class='ocrx_word' id='word_1_272' title='bbox 789 1621 938 1656; x_wconf 80' lang='lat' dir='ltr'><strong>glorientur</strong></span> 
     </span>
    </p>
   </div>
   <div class='ocr_carea' id='block_1_34' title="bbox 142 1665 937 1702">
    <p class='ocr_par' dir='ltr' id='par_1_34' title="bbox 142 1665 937 1702">
     <span class='ocr_line' id='line_1_34' title="bbox 142 1665 937 1702; baseline 0.004 -10"><span class='ocrx_word' id='word_1_273' title='bbox 142 1666 267 1693; x_wconf 85' lang='lat' dir='ltr'><strong>homines</strong></span> <span class='ocrx_word' id='word_1_274' title='bbox 283 1673 370 1700; x_wconf 79' lang='lat' dir='ltr'><strong>neque</strong></span> <span class='ocrx_word' id='word_1_275' title='bbox 389 1666 472 1692; x_wconf 89' lang='lat' dir='ltr'><strong>altum</strong></span> <span class='ocrx_word' id='word_1_276' title='bbox 487 1665 592 1700; x_wconf 85' lang='lat' dir='ltr'><strong>sapiant</strong></span> <span class='ocrx_word' id='word_1_277' title='bbox 607 1674 614 1693; x_wconf 72' lang='grc' dir='ltr'>ε</span> <span class='ocrx_word' id='word_1_278' title='bbox 632 1666 666 1694; x_wconf 91' lang='lat' dir='ltr'><strong>Ut</strong></span> <span class='ocrx_word' id='word_1_279' title='bbox 681 1675 732 1694; x_wconf 84' lang='lat' dir='ltr'><strong>non</strong></span> <span class='ocrx_word' id='word_1_280' title='bbox 746 1667 870 1702; x_wconf 83' lang='lat' dir='ltr'><strong>glorietur</strong></span> <span class='ocrx_word' id='word_1_281' title='bbox 883 1676 937 1695; x_wconf 42' lang='lat' dir='ltr'><strong>om.</strong></span> 
     </span>
    </p>
   </div>
   <div class='ocr_carea' id='block_1_35' title="bbox 142 1711 936 1748">
    <p class='ocr_par' dir='ltr' id='par_1_35' title="bbox 142 1711 936 1748">
     <span class='ocr_line' id='line_1_35' title="bbox 142 1711 936 1748; baseline 0.005 -11"><span class='ocrx_word' id='word_1_282' title='bbox 142 1712 181 1738; x_wconf 67' lang='grc' dir='ltr'><strong>πίε</strong></span> <span class='ocrx_word' id='word_1_283' title='bbox 193 1719 265 1738; x_wconf 76' lang='lat' dir='ltr'><strong>cm&#39;o.</strong></span> <span class='ocrx_word' id='word_1_284' title='bbox 294 1711 361 1738; x_wconf 87' lang='lat' dir='ltr'><strong>Iliae</strong></span> <span class='ocrx_word' id='word_1_285' title='bbox 381 1712 452 1738; x_wconf 81' lang='lat' dir='ltr'><strong>enim</strong></span> <span class='ocrx_word' id='word_1_286' title='bbox 467 1717 604 1746; x_wconf 89' lang='lat' dir='ltr'><strong>peccatum</strong></span> <span class='ocrx_word' id='word_1_287' title='bbox 626 1717 713 1739; x_wconf 89' lang='lat' dir='ltr'><strong>ortum</strong></span> <span class='ocrx_word' id='word_1_288' title='bbox 733 1717 784 1747; x_wconf 87' lang='lat' dir='ltr'><strong>est,</strong></span> <span class='ocrx_word' id='word_1_289' title='bbox 807 1713 877 1748; x_wconf 87' lang='lat' dir='ltr'><strong>quod</strong></span> <span class='ocrx_word' id='word_1_290' title='bbox 891 1714 936 1741; x_wconf 88' lang='lat' dir='ltr'><strong>Dei</strong></span> 
     </span>
    </p>
   </div>
   <div class='ocr_carea' id='block_1_36' title="bbox 143 1757 936 1793">
    <p class='ocr_par' dir='ltr' id='par_1_36' title="bbox 143 1757 936 1793">
     <span class='ocr_line' id='line_1_36' title="bbox 143 1757 936 1793; baseline 0.003 -9"><span class='ocrx_word' id='word_1_291' title='bbox 143 1757 244 1792; x_wconf 80' lang='lat' dir='ltr'><strong>legibus</strong></span> <span class='ocrx_word' id='word_1_292' title='bbox 259 1765 290 1784; x_wconf 87' lang='lat' dir='ltr'><strong>se</strong></span> <span class='ocrx_word' id='word_1_293' title='bbox 303 1757 480 1792; x_wconf 86' lang='lat' dir='ltr'><strong>sapientiores</strong></span> <span class='ocrx_word' id='word_1_294' title='bbox 502 1765 562 1785; x_wconf 75' lang='lat' dir='ltr'><strong>esse</strong></span> <span class='ocrx_word' id='word_1_295' title='bbox 582 1758 787 1793; x_wconf 83' lang='lat' dir='ltr'><strong>contenderim,</strong></span> <span class='ocrx_word' id='word_1_296' title='bbox 815 1759 936 1787; x_wconf 87' lang='lat' dir='ltr'><strong>nolentes</strong></span> 
     </span>
    </p>
   </div>
   <div class='ocr_carea' id='block_1_37' title="bbox 142 1803 936 1839">
    <p class='ocr_par' dir='ltr' id='par_1_37' title="bbox 142 1803 936 1839">
     <span class='ocr_line' id='line_1_37' title="bbox 142 1803 936 1839; baseline 0.004 -10"><span class='ocrx_word' id='word_1_297' title='bbox 142 1803 176 1829; x_wconf 90' lang='lat' dir='ltr'><strong>ita</strong></span> <span class='ocrx_word' id='word_1_298' title='bbox 190 1803 297 1830; x_wconf 78' lang='lat' dir='ltr'><strong>discere</strong></span> <span class='ocrx_word' id='word_1_299' title='bbox 308 1807 338 1829; x_wconf 89' lang='grc' dir='ltr'><strong>ιιι</strong></span> <span class='ocrx_word' id='word_1_300' title='bbox 349 1803 392 1830; x_wconf 89' lang='lat' dir='ltr'><strong>ille</strong></span> <span class='ocrx_word' id='word_1_301' title='bbox 405 1803 553 1830; x_wconf 89' lang='lat' dir='ltr'><strong>constituit.</strong></span> <span class='ocrx_word' id='word_1_302' title='bbox 571 1803 713 1838; x_wconf 70' lang='lat' dir='ltr'><strong>Propterea</strong></span> <span class='ocrx_word' id='word_1_303' title='bbox 728 1812 813 1839; x_wconf 86' lang='lat' dir='ltr'><strong>neque</strong></span> <span class='ocrx_word' id='word_1_304' title='bbox 826 1805 865 1832; x_wconf 88' lang='lat' dir='ltr'><strong>sic</strong></span> <span class='ocrx_word' id='word_1_305' title='bbox 878 1812 936 1832; x_wconf 95' lang='lat' dir='ltr'><strong>om-</strong></span> 
     </span>
    </p>
   </div>
   <div class='ocr_carea' id='block_1_38' title="bbox 140 1847 935 1878">
    <p class='ocr_par' dir='ltr' id='par_1_38' title="bbox 140 1847 935 1878">
     <span class='ocr_line' id='line_1_38' title="bbox 140 1847 935 1878; baseline 0.005 -4"><span class='ocrx_word' id='word_1_306' title='bbox 140 1849 204 1875; x_wconf 85' lang='lat' dir='ltr'><strong>nino</strong></span> <span class='ocrx_word' id='word_1_307' title='bbox 215 1848 378 1875; x_wconf 58' lang='lat' dir='ltr'><strong>didici-runt.</strong></span> <span class='ocrx_word' id='word_1_308' title='bbox 389 1847 434 1876; x_wconf 86' lang='lat' dir='ltr'><strong>Sic</strong></span> <span class='ocrx_word' id='word_1_309' title='bbox 449 1849 528 1875; x_wconf 87' lang='lat' dir='ltr'><strong>etiam</strong></span> <span class='ocrx_word' id='word_1_310' title='bbox 543 1848 640 1875; x_wconf 80' lang='lat' dir='ltr'><strong>factum</strong></span> <span class='ocrx_word' id='word_1_311' title='bbox 654 1854 696 1876; x_wconf 89' lang='lat' dir='ltr'><strong>est</strong></span> <span class='ocrx_word' id='word_1_312' title='bbox 715 1849 749 1876; x_wconf 86' lang='lat' dir='ltr'><strong>ab</strong></span> <span class='ocrx_word' id='word_1_313' title='bbox 764 1850 848 1876; x_wconf 85' lang='lat' dir='ltr'><strong>initio.</strong></span> <span class='ocrx_word' id='word_1_314' title='bbox 866 1851 935 1878; x_wconf 82' lang='lat' dir='ltr'><strong>Dixit</strong></span> 
     </span>
    </p>
   </div>
   <div class='ocr_carea' id='block_1_39' title="bbox 139 1893 935 1931">
    <p class='ocr_par' dir='ltr' id='par_1_39' title="bbox 139 1893 935 1931">
     <span class='ocr_line' id='line_1_39' title="bbox 139 1893 935 1931; baseline 0.005 -11"><span class='ocrx_word' id='word_1_315' title='bbox 139 1894 255 1925; x_wconf 89' lang='lat' dir='ltr'><strong>Adaino,</strong></span> <span class='ocrx_word' id='word_1_316' title='bbox 281 1894 336 1921; x_wconf 86' lang='lat' dir='ltr'><strong>lloc</strong></span> <span class='ocrx_word' id='word_1_317' title='bbox 352 1894 402 1925; x_wconf 80' lang='lat' dir='ltr'><strong>fac,</strong></span> <span class='ocrx_word' id='word_1_318' title='bbox 419 1893 470 1921; x_wconf 85' lang='lat' dir='ltr'><strong>hoc</strong></span> <span class='ocrx_word' id='word_1_319' title='bbox 484 1903 518 1922; x_wconf 88' lang='lat' dir='ltr'><strong>ne</strong></span> <span class='ocrx_word' id='word_1_320' title='bbox 532 1894 638 1922; x_wconf 79' lang='lat' dir='ltr'><strong>feceris.</strong></span> <span class='ocrx_word' id='word_1_321' title='bbox 655 1895 740 1923; x_wconf 80' lang='lat' dir='ltr'><strong>lllese</strong></span> <span class='ocrx_word' id='word_1_322' title='bbox 755 1897 829 1931; x_wconf 85' lang='lat' dir='ltr'><strong>plura</strong></span> <span class='ocrx_word' id='word_1_323' title='bbox 845 1905 935 1931; x_wconf 79' lang='lat' dir='ltr'><strong>repor-</strong></span> 
     </span>
    </p>
   </div>
   <div class='ocr_carea' id='block_1_40' title="bbox 139 1939 934 1976">
    <p class='ocr_par' dir='ltr' id='par_1_40' title="bbox 139 1939 934 1976">
     <span class='ocr_line' id='line_1_40' title="bbox 139 1939 934 1976; baseline 0.004 -10"><span class='ocrx_word' id='word_1_324' title='bbox 139 1945 230 1966; x_wconf 87' lang='lat' dir='ltr'><strong>turuin</strong></span> <span class='ocrx_word' id='word_1_325' title='bbox 250 1946 374 1974; x_wconf 88' lang='lat' dir='ltr'><strong>sperans,</strong></span> <span class='ocrx_word' id='word_1_326' title='bbox 389 1939 555 1974; x_wconf 78' lang='lat' dir='ltr'><strong>obsequutus</strong></span> <span class='ocrx_word' id='word_1_327' title='bbox 570 1948 622 1967; x_wconf 89' lang='lat' dir='ltr'><strong>non</strong></span> <span class='ocrx_word' id='word_1_328' title='bbox 633 1945 684 1974; x_wconf 87' lang='lat' dir='ltr'><strong>est,</strong></span> <span class='ocrx_word' id='word_1_329' title='bbox 696 1945 723 1968; x_wconf 89' lang='lat' dir='ltr'><strong>ct</strong></span> <span class='ocrx_word' id='word_1_330' title='bbox 733 1941 803 1976; x_wconf 88' lang='lat' dir='ltr'><strong>quod</strong></span> <span class='ocrx_word' id='word_1_331' title='bbox 820 1941 934 1969; x_wconf 76' lang='lat' dir='ltr'><strong>habebat</strong></span> 
     </span>
    </p>
   </div>
   <div class='ocr_carea' id='block_1_41' title="bbox 139 1985 932 2020">
    <p class='ocr_par' dir='ltr' id='par_1_41' title="bbox 139 1985 932 2020">
     <span class='ocr_line' id='line_1_41' title="bbox 139 1985 932 2020; baseline 0.008 -9"><span class='ocrx_word' id='word_1_332' title='bbox 139 1985 268 2020; x_wconf 81' lang='lat' dir='ltr'><strong>perdidit.</strong></span> <span class='ocrx_word' id='word_1_333' title='bbox 285 1985 355 2012; x_wconf 76' lang='lat' dir='ltr'><strong>Dixit</strong></span> <span class='ocrx_word' id='word_1_334' title='bbox 368 1985 401 2012; x_wconf 86' lang='lat' dir='ltr'><strong>iis</strong></span> <span class='ocrx_word' id='word_1_335' title='bbox 423 1986 467 2020; x_wconf 90' lang='lat' dir='ltr'><strong>qui</strong></span> <span class='ocrx_word' id='word_1_336' title='bbox 488 1990 578 2020; x_wconf 86' lang='lat' dir='ltr'><strong>postea</strong></span> <span class='ocrx_word' id='word_1_337' title='bbox 602 1986 686 2020; x_wconf 84' lang='lat' dir='ltr'><strong>fuere,</strong></span> <span class='ocrx_word' id='word_1_338' title='bbox 709 1987 748 2015; x_wconf 84' lang='lat' dir='ltr'><strong>Ne</strong></span> <span class='ocrx_word' id='word_1_339' title='bbox 763 1988 789 2015; x_wconf 89' lang='lat' dir='ltr'><strong>in</strong></span> <span class='ocrx_word' id='word_1_340' title='bbox 805 1994 932 2017; x_wconf 88' lang='lat' dir='ltr'><strong>recreata</strong></span> 
     </span>
    </p>
   </div>
   <div class='ocr_carea' id='block_1_42' title="bbox 137 2031 931 2069">
    <p class='ocr_par' dir='ltr' id='par_1_42' title="bbox 137 2031 931 2069">
     <span class='ocr_line' id='line_1_42' title="bbox 137 2031 931 2069; baseline 0.006 -11"><span class='ocrx_word' id='word_1_341' title='bbox 137 2032 290 2064; x_wconf 80' lang='lat' dir='ltr'><strong>consistite,</strong></span> <span class='ocrx_word' id='word_1_342' title='bbox 311 2031 359 2059; x_wconf 85' lang='lat' dir='ltr'><strong>sed</strong></span> <span class='ocrx_word' id='word_1_343' title='bbox 382 2039 430 2066; x_wconf 90' lang='lat' dir='ltr'><strong>per</strong></span> <span class='ocrx_word' id='word_1_344' title='bbox 442 2032 513 2060; x_wconf 91' lang='lat' dir='ltr'><strong>illam</strong></span> <span class='ocrx_word' id='word_1_345' title='bbox 533 2033 687 2061; x_wconf 84' lang='lat' dir='ltr'><strong>Creatorem</strong></span> <span class='ocrx_word' id='word_1_346' title='bbox 703 2035 931 2069; x_wconf 89' lang='lat' dir='ltr'><strong>contemplamini.</strong></span> 
     </span>
    </p>
   </div>
   <div class='ocr_carea' id='block_1_43' title="bbox 138 2078 931 2116">
    <p class='ocr_par' dir='ltr' id='par_1_43' title="bbox 138 2078 931 2116">
     <span class='ocr_line' id='line_1_43' title="bbox 138 2078 931 2116; baseline 0.008 -12"><span class='ocrx_word' id='word_1_347' title='bbox 138 2078 177 2106; x_wconf 91' lang='lat' dir='ltr'><strong>llli</strong></span> <span class='ocrx_word' id='word_1_348' title='bbox 199 2083 303 2111; x_wconf 81' lang='lat' dir='ltr'><strong>autem,</strong></span> <span class='ocrx_word' id='word_1_349' title='bbox 317 2078 393 2113; x_wconf 87' lang='lat' dir='ltr'><strong>quasi</strong></span> <span class='ocrx_word' id='word_1_350' title='bbox 406 2079 469 2114; x_wconf 90' lang='lat' dir='ltr'><strong>quid</strong></span> <span class='ocrx_word' id='word_1_351' title='bbox 489 2079 568 2107; x_wconf 84' lang='lat' dir='ltr'><strong>dictis</strong></span> <span class='ocrx_word' id='word_1_352' title='bbox 583 2081 731 2115; x_wconf 85' lang='lat' dir='ltr'><strong>sapientius</strong></span> <span class='ocrx_word' id='word_1_353' title='bbox 748 2082 931 2116; x_wconf 80' lang='lat' dir='ltr'><strong>invenissent,</strong></span> 
     </span>
    </p>
   </div>
   <div class='ocr_carea' id='block_1_44' title="bbox 137 2116 930 2162">
    <p class='ocr_par' dir='ltr' id='par_1_44' title="bbox 137 2116 930 2162">
     <span class='ocr_line' id='line_1_44' title="bbox 137 2116 930 2162; baseline 0.008 -12"><span class='ocrx_word' id='word_1_354' title='bbox 137 2125 297 2152; x_wconf 89' lang='lat' dir='ltr'><strong>innumeros</strong></span> <span class='ocrx_word' id='word_1_355' title='bbox 311 2129 451 2152; x_wconf 87' lang='lat' dir='ltr'><strong>moverunt</strong></span> <span class='ocrx_word' id='word_1_356' title='bbox 465 2116 640 2160; x_wconf 58' lang='lat' dir='ltr'><strong>labvrintbos.</strong></span> <span class='ocrx_word' id='word_1_357' title='bbox 657 2128 828 2162; x_wconf 76' lang='lat' dir='ltr'><strong>Quapropter</strong></span> <span class='ocrx_word' id='word_1_358' title='bbox 842 2134 869 2156; x_wconf 92' lang='lat' dir='ltr'><strong>et</strong></span> <span class='ocrx_word' id='word_1_359' title='bbox 883 2136 930 2156; x_wconf 86' lang='lat' dir='ltr'><strong>se-</strong></span> 
     </span>
    </p>
   </div>
   <div class='ocr_carea' id='block_1_45' title="bbox 135 2172 931 2208">
    <p class='ocr_par' dir='ltr' id='par_1_45' title="bbox 135 2172 931 2208">
     <span class='ocr_line' id='line_1_45' title="bbox 135 2172 931 2208; baseline 0.005 -10"><span class='ocrx_word' id='word_1_360' title='bbox 135 2180 197 2198; x_wconf 90' lang='lat' dir='ltr'><strong>cum</strong></span> <span class='ocrx_word' id='word_1_361' title='bbox 213 2176 241 2198; x_wconf 84' lang='lat' dir='ltr'><strong>ct</strong></span> <span class='ocrx_word' id='word_1_362' title='bbox 255 2172 326 2198; x_wconf 86' lang='lat' dir='ltr'><strong>inter</strong></span> <span class='ocrx_word' id='word_1_363' title='bbox 338 2179 367 2198; x_wconf 88' lang='lat' dir='ltr'><strong>se</strong></span> <span class='ocrx_word' id='word_1_364' title='bbox 380 2178 472 2199; x_wconf 87' lang='lat' dir='ltr'><strong>mutuo</strong></span> <span class='ocrx_word' id='word_1_365' title='bbox 485 2172 672 2205; x_wconf 76' lang='lat' dir='ltr'><strong>conflixerunt,</strong></span> <span class='ocrx_word' id='word_1_366' title='bbox 694 2181 726 2200; x_wconf 90' lang='lat' dir='ltr'><strong>ac</strong></span> <span class='ocrx_word' id='word_1_367' title='bbox 743 2182 828 2208; x_wconf 84' lang='lat' dir='ltr'><strong>neque</strong></span> <span class='ocrx_word' id='word_1_368' title='bbox 848 2175 931 2203; x_wconf 86' lang='lat' dir='ltr'><strong>Deum</strong></span> 
     </span>
    </p>
   </div>
   <div class='ocr_carea' id='block_1_46' title="bbox 137 2217 930 2254">
    <p class='ocr_par' dir='ltr' id='par_1_46' title="bbox 137 2217 930 2254">
     <span class='ocr_line' id='line_1_46' title="bbox 137 2217 930 2254; baseline 0.005 -11"><span class='ocrx_word' id='word_1_369' title='bbox 137 2218 311 2250; x_wconf 80' lang='lat' dir='ltr'><strong>invenerunt,</strong></span> <span class='ocrx_word' id='word_1_370' title='bbox 327 2224 412 2252; x_wconf 85' lang='lat' dir='ltr'><strong>neque</strong></span> <span class='ocrx_word' id='word_1_371' title='bbox 424 2217 457 2245; x_wconf 90' lang='lat' dir='ltr'><strong>de</strong></span> <span class='ocrx_word' id='word_1_372' title='bbox 472 2225 500 2245; x_wconf 88' lang='lat' dir='ltr'><strong>re</strong></span> <span class='ocrx_word' id='word_1_373' title='bbox 516 2223 606 2245; x_wconf 78' lang='lat' dir='ltr'><strong>creata</strong></span> <span class='ocrx_word' id='word_1_374' title='bbox 623 2219 685 2253; x_wconf 87' lang='lat' dir='ltr'><strong>quid</strong></span> <span class='ocrx_word' id='word_1_375' title='bbox 699 2219 773 2247; x_wconf 82' lang='lat' dir='ltr'><strong>eiare</strong></span> <span class='ocrx_word' id='word_1_376' title='bbox 788 2227 930 2254; x_wconf 89' lang='lat' dir='ltr'><strong>noverunt,</strong></span> 
     </span>
    </p>
   </div>
   <div class='ocr_carea' id='block_1_47' title="bbox 137 2265 931 2302">
    <p class='ocr_par' dir='ltr' id='par_1_47' title="bbox 137 2265 931 2302">
     <span class='ocr_line' id='line_1_47' title="bbox 137 2265 931 2302; baseline 0.005 -11"><span class='ocrx_word' id='word_1_377' title='bbox 137 2271 225 2298; x_wconf 86' lang='lat' dir='ltr'><strong>neque</strong></span> <span class='ocrx_word' id='word_1_378' title='bbox 245 2270 440 2299; x_wconf 76' lang='lat' dir='ltr'><strong>congruentem</strong></span> <span class='ocrx_word' id='word_1_379' title='bbox 464 2269 490 2292; x_wconf 90' lang='lat' dir='ltr'><strong>ct</strong></span> <span class='ocrx_word' id='word_1_380' title='bbox 510 2272 601 2292; x_wconf 83' lang='lat' dir='ltr'><strong>veram</strong></span> <span class='ocrx_word' id='word_1_381' title='bbox 616 2265 685 2293; x_wconf 91' lang='lat' dir='ltr'><strong>circa</strong></span> <span class='ocrx_word' id='word_1_382' title='bbox 704 2274 762 2293; x_wconf 89' lang='lat' dir='ltr'><strong>eam</strong></span> <span class='ocrx_word' id='word_1_383' title='bbox 777 2267 931 2302; x_wconf 87' lang='lat' dir='ltr'><strong>opinionem</strong></span> 
     </span>
    </p>
   </div>
   <div class='ocr_carea' id='block_1_48' title="bbox 137 2308 930 2347">
    <p class='ocr_par' dir='ltr' id='par_1_48' title="bbox 137 2308 930 2347">
     <span class='ocr_line' id='line_1_48' title="bbox 137 2308 930 2347; baseline 0.006 -11"><span class='ocrx_word' id='word_1_384' title='bbox 137 2309 301 2337; x_wconf 81' lang='lat' dir='ltr'><strong>habuerunt.</strong></span> <span class='ocrx_word' id='word_1_385' title='bbox 316 2308 379 2336; x_wconf 89' lang='lat' dir='ltr'><strong>Ideo</strong></span> <span class='ocrx_word' id='word_1_386' title='bbox 391 2317 498 2336; x_wconf 88' lang='lat' dir='ltr'><strong>rursum</strong></span> <span class='ocrx_word' id='word_1_387' title='bbox 511 2318 605 2345; x_wconf 80' lang='lat' dir='ltr'><strong>magna</strong></span> <span class='ocrx_word' id='word_1_388' title='bbox 618 2311 643 2337; x_wconf 92' lang='lat' dir='ltr'><strong>vi</strong></span> <span class='ocrx_word' id='word_1_389' title='bbox 656 2311 761 2339; x_wconf 92' lang='lat' dir='ltr'><strong>illorum</strong></span> <span class='ocrx_word' id='word_1_390' title='bbox 777 2313 930 2347; x_wconf 86' lang='lat' dir='ltr'><strong>opinionem</strong></span> 
     </span>
    </p>
   </div>
   <div class='ocr_carea' id='block_1_49' title="bbox 136 2355 932 2391">
    <p class='ocr_par' dir='ltr' id='par_1_49' title="bbox 136 2355 932 2391">
     <span class='ocr_line' id='line_1_49' title="bbox 136 2355 932 2391; baseline 0.006 -8"><span class='ocrx_word' id='word_1_391' title='bbox 136 2355 287 2391; x_wconf 79' lang='lat' dir='ltr'><strong>decutieiis,</strong></span> <span class='ocrx_word' id='word_1_392' title='bbox 300 2355 420 2383; x_wconf 87' lang='lat' dir='ltr'><strong>indoctos</strong></span> <span class='ocrx_word' id='word_1_393' title='bbox 427 2355 542 2390; x_wconf 89' lang='lat' dir='ltr'><strong>primum</strong></span> <span class='ocrx_word' id='word_1_394' title='bbox 556 2356 667 2390; x_wconf 79' lang='lat' dir='ltr'><strong>induxit,</strong></span> <span class='ocrx_word' id='word_1_395' title='bbox 681 2359 825 2387; x_wconf 80' lang='lat' dir='ltr'><strong>ostendens</strong></span> <span class='ocrx_word' id='word_1_396' title='bbox 838 2367 932 2388; x_wconf 90' lang='lat' dir='ltr'><strong>omnes</strong></span> 
     </span>
    </p>
   </div>
   <div class='ocr_carea' id='block_1_50' title="bbox 137 2401 930 2438">
    <p class='ocr_par' dir='ltr' id='par_1_50' title="bbox 137 2401 930 2438">
     <span class='ocr_line' id='line_1_50' title="bbox 137 2401 930 2438; baseline 0.006 -10"><span class='ocrx_word' id='word_1_397' title='bbox 137 2409 253 2437; x_wconf 83' lang='lat' dir='ltr'><strong>superna</strong></span> <span class='ocrx_word' id='word_1_398' title='bbox 267 2401 398 2436; x_wconf 85' lang='lat' dir='ltr'><strong>sapientia</strong></span> <span class='ocrx_word' id='word_1_399' title='bbox 412 2408 479 2436; x_wconf 85' lang='lat' dir='ltr'><strong>opus</strong></span> <span class='ocrx_word' id='word_1_400' title='bbox 496 2402 604 2430; x_wconf 83' lang='lat' dir='ltr'><strong>habere.</strong></span> <span class='ocrx_word' id='word_1_401' title='bbox 628 2402 719 2438; x_wconf 85' lang='lat' dir='ltr'><strong>Neque</strong></span> <span class='ocrx_word' id='word_1_402' title='bbox 742 2405 821 2432; x_wconf 89' lang='lat' dir='ltr'><strong>modo</strong></span> <span class='ocrx_word' id='word_1_403' title='bbox 841 2406 866 2432; x_wconf 91' lang='lat' dir='ltr'><strong>in</strong></span> <span class='ocrx_word' id='word_1_404' title='bbox 883 2414 930 2433; x_wconf 81' lang='lat' dir='ltr'><strong>co-</strong></span> 
     </span>
    </p>
   </div>
   <div class='ocr_carea' id='block_1_51' title="bbox 137 2447 931 2482">
    <p class='ocr_par' dir='ltr' id='par_1_51' title="bbox 137 2447 931 2482">
     <span class='ocr_line' id='line_1_51' title="bbox 137 2447 931 2482; baseline 0.009 -9"><span class='ocrx_word' id='word_1_405' title='bbox 137 2447 265 2482; x_wconf 77' lang='lat' dir='ltr'><strong>gnitionis</strong></span> <span class='ocrx_word' id='word_1_406' title='bbox 287 2447 403 2479; x_wconf 83' lang='lat' dir='ltr'><strong>ratione,</strong></span> <span class='ocrx_word' id='word_1_407' title='bbox 428 2447 475 2475; x_wconf 90' lang='lat' dir='ltr'><strong>sed</strong></span> <span class='ocrx_word' id='word_1_408' title='bbox 495 2452 522 2476; x_wconf 88' lang='lat' dir='ltr'><strong>et</strong></span> <span class='ocrx_word' id='word_1_409' title='bbox 543 2448 570 2476; x_wconf 91' lang='lat' dir='ltr'><strong>in</strong></span> <span class='ocrx_word' id='word_1_410' title='bbox 595 2449 656 2476; x_wconf 85' lang='lat' dir='ltr'><strong>aliis</strong></span> <span class='ocrx_word' id='word_1_411' title='bbox 670 2450 793 2478; x_wconf 85' lang='lat' dir='ltr'><strong>omnibus</strong></span> <span class='ocrx_word' id='word_1_412' title='bbox 809 2451 931 2480; x_wconf 90' lang='lat' dir='ltr'><strong>homines</strong></span> 
     </span>
    </p>
   </div>
   <div class='ocr_carea' id='block_1_52' title="bbox 138 2495 930 2531">
    <p class='ocr_par' dir='ltr' id='par_1_52' title="bbox 138 2495 930 2531">
     <span class='ocr_line' id='line_1_52' title="bbox 138 2495 930 2531; baseline 0.008 -11"><span class='ocrx_word' id='word_1_413' title='bbox 138 2498 165 2520; x_wconf 87' lang='lat' dir='ltr'><strong>ct</strong></span> <span class='ocrx_word' id='word_1_414' title='bbox 191 2501 285 2521; x_wconf 79' lang='lat' dir='ltr'><strong>omnes</strong></span> <span class='ocrx_word' id='word_1_415' title='bbox 316 2501 360 2521; x_wconf 85' lang='lat' dir='ltr'><strong>res</strong></span> <span class='ocrx_word' id='word_1_416' title='bbox 387 2498 492 2522; x_wconf 87' lang='lat' dir='ltr'><strong>creatas</strong></span> <span class='ocrx_word' id='word_1_417' title='bbox 523 2495 634 2522; x_wconf 91' lang='lat' dir='ltr'><strong>omnino</strong></span> <span class='ocrx_word' id='word_1_418' title='bbox 666 2503 734 2531; x_wconf 88' lang='lat' dir='ltr'><strong>opus</strong></span> <span class='ocrx_word' id='word_1_419' title='bbox 766 2497 864 2526; x_wconf 90' lang='lat' dir='ltr'><strong>habere</strong></span> <span class='ocrx_word' id='word_1_420' title='bbox 889 2499 930 2526; x_wconf 90' lang='lat' dir='ltr'><strong>sui</strong></span> 
     </span>
    </p>
   </div>
   <div class='ocr_carea' id='block_1_53' title="bbox 137 2539 930 2572">
    <p class='ocr_par' dir='ltr' id='par_1_53' title="bbox 137 2539 930 2572">
     <span class='ocr_line' id='line_1_53' title="bbox 137 2539 930 2572; baseline 0.009 -7"><span class='ocrx_word' id='word_1_421' title='bbox 137 2539 239 2572; x_wconf 88' lang='lat' dir='ltr'><strong>voluit,</strong></span> <span class='ocrx_word' id='word_1_422' title='bbox 255 2545 285 2566; x_wconf 92' lang='lat' dir='ltr'><strong>ut</strong></span> <span class='ocrx_word' id='word_1_423' title='bbox 314 2539 459 2567; x_wconf 77' lang='lat' dir='ltr'><strong>maximam</strong></span> <span class='ocrx_word' id='word_1_424' title='bbox 486 2540 597 2568; x_wconf 84' lang='lat' dir='ltr'><strong>haberet</strong></span> <span class='ocrx_word' id='word_1_425' title='bbox 620 2543 787 2570; x_wconf 85' lang='lat' dir='ltr'><strong>occasionem</strong></span> <span class='ocrx_word' id='word_1_426' title='bbox 813 2548 839 2571; x_wconf 89' lang='lat' dir='ltr'><strong>et</strong></span> <span class='ocrx_word' id='word_1_427' title='bbox 865 2545 930 2572; x_wconf 87' lang='lat' dir='ltr'><strong>sub-</strong></span> 
     </span>
    </p>
   </div>
   <div class='ocr_carea' id='block_1_54' title="bbox 134 2585 927 2625">
    <p class='ocr_par' dir='ltr' id='par_1_54' title="bbox 134 2585 927 2625">
     <span class='ocr_line' id='line_1_54' title="bbox 134 2585 927 2625; baseline 0.008 -13"><span class='ocrx_word' id='word_1_428' title='bbox 134 2585 259 2620; x_wconf 60' lang='lat' dir='ltr'><strong>iectionis</strong></span> <span class='ocrx_word' id='word_1_429' title='bbox 272 2591 299 2613; x_wconf 88' lang='lat' dir='ltr'><strong>et</strong></span> <span class='ocrx_word' id='word_1_430' title='bbox 313 2586 536 2619; x_wconf 83' lang='lat' dir='ltr'><strong>necessitudinis,</strong></span> <span class='ocrx_word' id='word_1_431' title='bbox 561 2594 594 2614; x_wconf 92' lang='lat' dir='ltr'><strong>ne</strong></span> <span class='ocrx_word' id='word_1_432' title='bbox 614 2595 674 2622; x_wconf 71' lang='lat' dir='ltr'><strong>qua:</strong></span> <span class='ocrx_word' id='word_1_433' title='bbox 697 2589 839 2622; x_wconf 83' lang='lat' dir='ltr'><strong>resilirent,</strong></span> <span class='ocrx_word' id='word_1_434' title='bbox 866 2597 927 2625; x_wconf 86' lang='lat' dir='ltr'><strong>pcr-</strong></span> 
     </span>
    </p>
   </div>
   <div class='ocr_carea' id='block_1_55' title="bbox 136 2632 930 2670">
    <p class='ocr_par' dir='ltr' id='par_1_55' title="bbox 136 2632 930 2670">
     <span class='ocr_line' id='line_1_55' title="bbox 136 2632 930 2670; baseline 0.006 -11"><span class='ocrx_word' id='word_1_435' title='bbox 136 2632 205 2660; x_wconf 77' lang='lat' dir='ltr'><strong>irent</strong></span> <span class='ocrx_word' id='word_1_436' title='bbox 222 2633 242 2660; x_wconf 81' lang='lat'><strong>&#39;.</strong></span> <span class='ocrx_word' id='word_1_437' title='bbox 264 2633 381 2668; x_wconf 88' lang='lat' dir='ltr'><strong>Ideoque</strong></span> <span class='ocrx_word' id='word_1_438' title='bbox 402 2640 454 2660; x_wconf 91' lang='lat' dir='ltr'><strong>non</strong></span> <span class='ocrx_word' id='word_1_439' title='bbox 478 2633 597 2668; x_wconf 86' lang='lat' dir='ltr'><strong>permisit</strong></span> <span class='ocrx_word' id='word_1_440' title='bbox 614 2639 643 2662; x_wconf 92' lang='lat' dir='ltr'><strong>ut</strong></span> <span class='ocrx_word' id='word_1_441' title='bbox 662 2634 711 2662; x_wconf 87' lang='lat' dir='ltr'><strong>sibi</strong></span> <span class='ocrx_word' id='word_1_442' title='bbox 728 2635 791 2670; x_wconf 83' lang='lat' dir='ltr'><strong>ipsis</strong></span> <span class='ocrx_word' id='word_1_443' title='bbox 805 2637 870 2663; x_wconf 86' lang='lat' dir='ltr'><strong>satis</strong></span> <span class='ocrx_word' id='word_1_444' title='bbox 885 2644 930 2664; x_wconf 85' lang='lat' dir='ltr'><strong>cs-</strong></span> 
     </span>
    </p>
   </div>
   <div class='ocr_carea' id='block_1_56' title="bbox 153 2742 929 2797">
    <p class='ocr_par' dir='ltr' id='par_1_56' title="bbox 153 2742 929 2797">
     <span class='ocr_line' id='line_1_56' title="bbox 153 2742 929 2797; baseline 0.008 -29"><span class='ocrx_word' id='word_1_445' title='bbox 153 2743 174 2797; x_wconf 63' lang='lat' dir='ltr'><strong>h‘</strong></span> <span class='ocrx_word' id='word_1_446' title='bbox 192 2742 259 2773; x_wconf 74' lang='lat' dir='ltr'><strong>&quot;tce,</strong></span> <span class='ocrx_word' id='word_1_447' title='bbox 270 2750 302 2769; x_wconf 81' lang='lat' dir='ltr'><strong>ne</strong></span> <span class='ocrx_word' id='word_1_448' title='bbox 316 2749 376 2776; x_wconf 66' lang='lat' dir='ltr'><strong>qua:</strong></span> <span class='ocrx_word' id='word_1_449' title='bbox 391 2742 523 2775; x_wconf 68' lang='lat' dir='ltr'><strong>resilirent,</strong></span> <span class='ocrx_word' id='word_1_450' title='bbox 536 2744 729 2777; x_wconf 82' lang='lat' dir='ltr'><strong>pcrirent,savil.</strong></span> <span class='ocrx_word' id='word_1_451' title='bbox 743 2747 821 2777; x_wconf 82' lang='lat' dir='ltr'><strong>posuit</strong></span> <span class='ocrx_word' id='word_1_452' title='bbox 833 2748 856 2772; x_wconf 90' lang='lat' dir='ltr'><strong>in</strong></span> <span class='ocrx_word' id='word_1_453' title='bbox 868 2754 929 2774; x_wconf 65' lang='grc' dir='ltr'><strong>πω-</strong></span> 
     </span>
     <span class='ocr_line' id='line_1_57' title="bbox 168 2781 200 2797; baseline 0 0"><span class='ocrx_word' id='word_1_454' title='bbox 168 2781 200 2797; x_wconf 73' lang='lat' dir='ltr'><strong>lc.</strong></span> 
     </span>
    </p>
   </div>
   <div class='ocr_carea' id='block_1_57' title="bbox 168 2781 200 2798">
    <p class='ocr_par' dir='ltr' id='par_1_57' title="bbox 168 2781 200 2798">
     <span class='ocr_line' id='line_1_58' title="bbox 168 2781 200 2798; baseline 0 0"><span class='ocrx_word' id='word_1_455' title='bbox 168 2781 200 2798; x_wconf 77' lang='lat' dir='ltr'><strong>lC.</strong></span> 
     </span>
    </p>
   </div>
   <div class='ocr_carea' id='block_1_58' title="bbox 136 2779 929 2847">
    <p class='ocr_par' dir='ltr' id='par_1_58' title="bbox 136 2779 929 2847">
     <span class='ocr_line' id='line_1_59' title="bbox 153 2779 200 2798; baseline 0.021 -1"><span class='ocrx_word' id='word_1_456' title='bbox 153 2779 200 2798; x_wconf 85' lang='lat' dir='ltr'><strong>Ine.</strong></span> 
     </span>
     <span class='ocr_line' id='line_1_60' title="bbox 136 2779 929 2847; baseline 0.014 -11"><span class='ocrx_word' id='word_1_457' title='bbox 136 2779 152 2804; x_wconf 49' lang='grc' dir='ltr'>ὅ</span> <span class='ocrx_word' id='word_1_458' title='bbox 164 2815 199 2847; x_wconf 72' lang='lat' dir='ltr'><strong>(ii)</strong></span> <span class='ocrx_word' id='word_1_459' title='bbox 209 2820 266 2844; x_wconf 75' lang='lat' dir='ltr'><strong>oua:</strong></span> <span class='ocrx_word' id='word_1_460' title='bbox 277 2817 380 2840; x_wconf 76' lang='lat' dir='ltr'><strong>uncinis</strong></span> <span class='ocrx_word' id='word_1_461' title='bbox 391 2815 547 2845; x_wconf 80' lang='lat' dir='ltr'><strong>clauduntur.</strong></span> <span class='ocrx_word' id='word_1_462' title='bbox 560 2817 584 2841; x_wconf 90' lang='lat' dir='ltr'><strong>in</strong></span> <span class='ocrx_word' id='word_1_463' title='bbox 596 2817 705 2846; x_wconf 70' lang='lat' dir='ltr'><strong>margine</strong></span> <span class='ocrx_word' id='word_1_464' title='bbox 718 2818 800 2844; x_wconf 86' lang='lat' dir='ltr'><strong>ferunt</strong></span> <span class='ocrx_word' id='word_1_465' title='bbox 810 2820 890 2846; x_wconf 71' lang='lat' dir='ltr'><strong>Montl‘.</strong></span> <span class='ocrx_word' id='word_1_466' title='bbox 904 2825 929 2847; x_wconf 84' lang='lat' dir='ltr'><strong>et.</strong></span> 
     </span>
    </p>
   </div>
   <div class='ocr_carea' id='block_1_59' title="bbox 133 2846 751 2879">
    <p class='ocr_par' dir='ltr' id='par_1_59' title="bbox 133 2846 751 2879">
     <span class='ocr_line' id='line_1_61' title="bbox 133 2846 751 2879; baseline 0.005 -8"><span class='ocrx_word' id='word_1_467' title='bbox 133 2846 187 2872; x_wconf 79' lang='lat' dir='ltr'><strong>savii</strong></span> <span class='ocrx_word' id='word_1_468' title='bbox 209 2848 335 2879; x_wconf 81' lang='lat' dir='ltr'><strong>nobisque</strong></span> <span class='ocrx_word' id='word_1_469' title='bbox 347 2849 374 2872; x_wconf 89' lang='lat' dir='ltr'><strong>in</strong></span> <span class='ocrx_word' id='word_1_470' title='bbox 385 2850 483 2872; x_wconf 82' lang='lat' dir='ltr'><strong>textum</strong></span> <span class='ocrx_word' id='word_1_471' title='bbox 492 2849 604 2879; x_wconf 79' lang='lat' dir='ltr'><strong>recipere</strong></span> <span class='ocrx_word' id='word_1_472' title='bbox 616 2849 693 2873; x_wconf 73' lang='lat' dir='ltr'><strong>visum</strong></span> <span class='ocrx_word' id='word_1_473' title='bbox 704 2854 751 2874; x_wconf 81' lang='lat' dir='ltr'><strong>est.</strong></span> 
     </span>
    </p>
   </div>
   <div class='ocr_carea' id='block_1_60' title="bbox 1016 187 1807 232">
    <p class='ocr_par' dir='ltr' id='par_1_60' title="bbox 1016 187 1807 232">
     <span class='ocr_line' id='line_1_62' title="bbox 1016 187 1807 232; baseline 0.016 -19"><span class='ocrx_word' id='word_1_474' title='bbox 1016 191 1086 214; x_wconf 81' lang='lat' dir='ltr'><strong>sent.</strong></span> <span class='ocrx_word' id='word_1_475' title='bbox 1103 187 1168 215; x_wconf 88' lang='lat' dir='ltr'><strong>Nam</strong></span> <span class='ocrx_word' id='word_1_476' title='bbox 1183 188 1206 216; x_wconf 81' lang='lat' dir='ltr'><strong>si</strong></span> <span class='ocrx_word' id='word_1_477' title='bbox 1221 196 1292 216; x_wconf 87' lang='lat' dir='ltr'><strong>nunc</strong></span> <span class='ocrx_word' id='word_1_478' title='bbox 1316 190 1396 218; x_wconf 89' lang='lat' dir='ltr'><strong>etiam</strong></span> <span class='ocrx_word' id='word_1_479' title='bbox 1420 192 1496 220; x_wconf 89' lang='lat' dir='ltr'><strong>multi</strong></span> <span class='ocrx_word' id='word_1_480' title='bbox 1517 201 1578 221; x_wconf 84' lang='lat' dir='ltr'><strong>cum</strong></span> <span class='ocrx_word' id='word_1_481' title='bbox 1593 203 1660 230; x_wconf 91' lang='lat' dir='ltr'><strong>opus</strong></span> <span class='ocrx_word' id='word_1_482' title='bbox 1682 195 1807 232; x_wconf 79' lang='lat' dir='ltr'><strong>habeant,</strong></span> 
     </span>
    </p>
   </div>
   <div class='ocr_carea' id='block_1_61' title="bbox 1015 231 1810 275">
    <p class='ocr_par' dir='ltr' id='par_1_61' title="bbox 1015 231 1810 275">
     <span class='ocr_line' id='line_1_63' title="bbox 1015 231 1810 275; baseline 0.018 -17"><span class='ocrx_word' id='word_1_483' title='bbox 1015 231 1183 267; x_wconf 81' lang='lat' dir='ltr'><strong>despiciunt;</strong></span> <span class='ocrx_word' id='word_1_484' title='bbox 1201 234 1250 262; x_wconf 83' lang='lat' dir='ltr'><strong>nisi</strong></span> <span class='ocrx_word' id='word_1_485' title='bbox 1271 235 1324 263; x_wconf 87' lang='lat' dir='ltr'><strong>hoc</strong></span> <span class='ocrx_word' id='word_1_486' title='bbox 1344 235 1450 269; x_wconf 80' lang='lat' dir='ltr'><strong>fuisset,</strong></span> <span class='ocrx_word' id='word_1_487' title='bbox 1476 246 1531 274; x_wconf 90' lang='lat' dir='ltr'><strong>quo</strong></span> <span class='ocrx_word' id='word_1_488' title='bbox 1550 241 1683 275; x_wconf 66' lang='lat' dir='ltr'><strong>superbiat</strong></span> <span class='ocrx_word' id='word_1_489' title='bbox 1698 250 1751 270; x_wconf 91' lang='lat' dir='ltr'><strong>non</strong></span> <span class='ocrx_word' id='word_1_490' title='bbox 1764 252 1810 272; x_wconf 83' lang='lat' dir='ltr'><strong>as-</strong></span> 
     </span>
    </p>
   </div>
   <div class='ocr_carea' id='block_1_62' title="bbox 1014 278 1806 319">
    <p class='ocr_par' dir='ltr' id='par_1_62' title="bbox 1014 278 1806 319">
     <span class='ocr_line' id='line_1_64' title="bbox 1014 278 1806 319; baseline 0.018 -16"><span class='ocrx_word' id='word_1_491' title='bbox 1014 278 1188 306; x_wconf 82' lang='lat' dir='ltr'><strong>cendissent?</strong></span> <span class='ocrx_word' id='word_1_492' title='bbox 1202 282 1293 315; x_wconf 88' lang='lat' dir='ltr'><strong>Itaque</strong></span> <span class='ocrx_word' id='word_1_493' title='bbox 1308 286 1407 309; x_wconf 86' lang='lat' dir='ltr'><strong>tantam</strong></span> <span class='ocrx_word' id='word_1_494' title='bbox 1421 283 1512 317; x_wconf 65' lang='lat' dir='ltr'><strong>gloriae</strong></span> <span class='ocrx_word' id='word_1_495' title='bbox 1527 287 1743 319; x_wconf 81' lang='lat' dir='ltr'><strong>ostentationem.</strong></span> <span class='ocrx_word' id='word_1_496' title='bbox 1754 297 1806 317; x_wconf 88' lang='lat' dir='ltr'><strong>non</strong></span> 
     </span>
    </p>
   </div>
   <div class='ocr_carea' id='block_1_63' title="bbox 1013 323 1805 363">
    <p class='ocr_par' dir='ltr' id='par_1_63' title="bbox 1013 323 1805 363">
     <span class='ocr_line' id='line_1_65' title="bbox 1013 323 1805 363; baseline 0.019 -15"><span class='ocrx_word' id='word_1_497' title='bbox 1013 329 1046 349; x_wconf 81' lang='lat' dir='ltr'><strong>ex</strong></span> <span class='ocrx_word' id='word_1_498' title='bbox 1072 323 1170 351; x_wconf 84' lang='lat' dir='ltr'><strong>invidia</strong></span> <span class='ocrx_word' id='word_1_499' title='bbox 1195 325 1239 353; x_wconf 91' lang='lat' dir='ltr'><strong>ille</strong></span> <span class='ocrx_word' id='word_1_500' title='bbox 1261 328 1387 361; x_wconf 83' lang='lat' dir='ltr'><strong>sustulit,</strong></span> <span class='ocrx_word' id='word_1_501' title='bbox 1409 330 1457 356; x_wconf 85' lang='lat' dir='ltr'><strong>sed</strong></span> <span class='ocrx_word' id='word_1_502' title='bbox 1474 334 1502 357; x_wconf 93' lang='lat' dir='ltr'><strong>ut</strong></span> <span class='ocrx_word' id='word_1_503' title='bbox 1522 332 1671 361; x_wconf 83' lang='lat' dir='ltr'><strong>retraheret</strong></span> <span class='ocrx_word' id='word_1_504' title='bbox 1691 334 1752 363; x_wconf 89' lang='lat' dir='ltr'><strong>illos</strong></span> <span class='ocrx_word' id='word_1_505' title='bbox 1772 344 1805 363; x_wconf 78' lang='lat' dir='ltr'><strong>ex</strong></span> 
     </span>
    </p>
   </div>
   <div class='ocr_carea' id='block_1_64' title="bbox 1013 370 1805 409">
    <p class='ocr_par' dir='ltr' id='par_1_64' title="bbox 1013 370 1805 409">
     <span class='ocr_line' id='line_1_66' title="bbox 1013 370 1805 409; baseline 0.018 -14"><span class='ocrx_word' id='word_1_506' title='bbox 1013 370 1131 403; x_wconf 89' lang='lat' dir='ltr'><strong>pernicie</strong></span> <span class='ocrx_word' id='word_1_507' title='bbox 1145 371 1206 400; x_wconf 87' lang='lat' dir='ltr'><strong>inde</strong></span> <span class='ocrx_word' id='word_1_508' title='bbox 1229 377 1314 407; x_wconf 89' lang='lat' dir='ltr'><strong>parta.</strong></span> <span class='ocrx_word' id='word_1_509' title='bbox 1342 375 1386 402; x_wconf 75' lang='lat'><strong>50.</strong></span> <span class='ocrx_word' id='word_1_510' title='bbox 1405 375 1446 403; x_wconf 79' lang='lat' dir='ltr'><strong>Ea;</strong></span> <span class='ocrx_word' id='word_1_511' title='bbox 1467 377 1521 408; x_wconf 73' lang='lat' dir='ltr'><strong>ipso</strong></span> <span class='ocrx_word' id='word_1_512' title='bbox 1545 384 1629 406; x_wconf 76' lang='lat' dir='ltr'><strong>autem</strong></span> <span class='ocrx_word' id='word_1_513' title='bbox 1644 388 1687 407; x_wconf 71' lang='lat' dir='ltr'><strong>vos</strong></span> <span class='ocrx_word' id='word_1_514' title='bbox 1703 386 1764 408; x_wconf 67' lang='lat' dir='ltr'><strong>uti:</strong></span> <span class='ocrx_word' id='word_1_515' title='bbox 1779 382 1805 409; x_wconf 81' lang='lat' dir='ltr'><strong>in</strong></span> 
     </span>
    </p>
   </div>
   <div class='ocr_carea' id='block_1_65' title="bbox 1012 415 1804 461">
    <p class='ocr_par' dir='ltr' id='par_1_65' title="bbox 1012 415 1804 461">
     <span class='ocr_line' id='line_1_67' title="bbox 1012 415 1804 461; baseline 0.019 -20"><span class='ocrx_word' id='word_1_516' title='bbox 1012 415 1113 443; x_wconf 77' lang='lat' dir='ltr'><strong>Christo</strong></span> <span class='ocrx_word' id='word_1_517' title='bbox 1129 417 1203 450; x_wconf 71' lang='lat' dir='ltr'><strong>Jesu,</strong></span> <span class='ocrx_word' id='word_1_518' title='bbox 1225 419 1269 452; x_wconf 88' lang='lat' dir='ltr'><strong>qui</strong></span> <span class='ocrx_word' id='word_1_519' title='bbox 1293 420 1376 454; x_wconf 72' lang='lat' dir='ltr'><strong>factus</strong></span> <span class='ocrx_word' id='word_1_520' title='bbox 1397 427 1435 449; x_wconf 71' lang='lat' dir='ltr'><strong>est</strong></span> <span class='ocrx_word' id='word_1_521' title='bbox 1454 423 1524 451; x_wconf 69' lang='lat' dir='ltr'><strong>nobis</strong></span> <span class='ocrx_word' id='word_1_522' title='bbox 1539 425 1664 460; x_wconf 77' lang='lat' dir='ltr'><strong>sapientia</strong></span> <span class='ocrx_word' id='word_1_523' title='bbox 1676 435 1692 454; x_wconf 80' lang='grc' dir='ltr'><strong>α</strong></span> <span class='ocrx_word' id='word_1_524' title='bbox 1703 427 1767 461; x_wconf 76' lang='lat' dir='ltr'><strong>Deo,</strong></span> <span class='ocrx_word' id='word_1_525' title='bbox 1780 437 1804 457; x_wconf 77' lang='grc' dir='ltr'><strong>ιι</strong></span> 
     </span>
    </p>
   </div>
   <div class='ocr_carea' id='block_1_66' title="bbox 1007 460 1800 509">
    <p class='ocr_par' dir='ltr' id='par_1_66' title="bbox 1007 460 1800 509">
     <span class='ocr_line' id='line_1_68' title="bbox 1007 460 1800 509; baseline 0.021 -23"><span class='ocrx_word' id='word_1_526' title='bbox 1007 460 1110 495; x_wconf 77' lang='lat' dir='ltr'><strong>jiisti‘tia</strong></span> <span class='ocrx_word' id='word_1_527' title='bbox 1129 467 1152 490; x_wconf 81' lang='lat' dir='ltr'><strong>et</strong></span> <span class='ocrx_word' id='word_1_528' title='bbox 1165 465 1334 499; x_wconf 78' lang='lat' dir='ltr'><strong>sanctiﬁcatio</strong></span> <span class='ocrx_word' id='word_1_529' title='bbox 1354 472 1378 494; x_wconf 83' lang='lat' dir='ltr'><strong>et</strong></span> <span class='ocrx_word' id='word_1_530' title='bbox 1399 469 1550 504; x_wconf 75' lang='lat' dir='ltr'><strong>redemptio.</strong></span> <span class='ocrx_word' id='word_1_531' title='bbox 1575 471 1652 506; x_wconf 85' lang='lat' dir='ltr'><strong>Illud,</strong></span> <span class='ocrx_word' id='word_1_532' title='bbox 1677 460 1800 509; x_wconf 65' lang='lat' dir='ltr'><strong>Eripite,</strong></span> 
     </span>
    </p>
   </div>
   <div class='ocr_carea' id='block_1_67' title="bbox 1010 506 1800 555">
    <p class='ocr_par' dir='ltr' id='par_1_67' title="bbox 1010 506 1800 555">
     <span class='ocr_line' id='line_1_69' title="bbox 1010 506 1800 555; baseline 0.02 -23"><span class='ocrx_word' id='word_1_533' title='bbox 1010 513 1063 533; x_wconf 90' lang='lat' dir='ltr'><strong>non</strong></span> <span class='ocrx_word' id='word_1_534' title='bbox 1077 506 1111 534; x_wconf 89' lang='lat' dir='ltr'><strong>de</strong></span> <span class='ocrx_word' id='word_1_535' title='bbox 1126 509 1300 542; x_wconf 83' lang='lat' dir='ltr'><strong>productione</strong></span> <span class='ocrx_word' id='word_1_536' title='bbox 1313 511 1346 539; x_wconf 89' lang='lat' dir='ltr'><strong>ad</strong></span> <span class='ocrx_word' id='word_1_537' title='bbox 1362 514 1505 541; x_wconf 83' lang='lat' dir='ltr'><strong>essentiam</strong></span> <span class='ocrx_word' id='word_1_538' title='bbox 1521 517 1608 549; x_wconf 61' lang='lat' dir='ltr'><strong>ipsum</strong></span> <span class='ocrx_word' id='word_1_539' title='bbox 1623 518 1712 546; x_wconf 87' lang='lat' dir='ltr'><strong>dicere</strong></span> <span class='ocrx_word' id='word_1_540' title='bbox 1726 506 1800 555; x_wconf 69' lang='lat' dir='ltr'><strong>pulo,</strong></span> 
     </span>
    </p>
   </div>
   <div class='ocr_carea' id='block_1_68' title="bbox 1009 553 1802 597">
    <p class='ocr_par' dir='ltr' id='par_1_68' title="bbox 1009 553 1802 597">
     <span class='ocr_line' id='line_1_70' title="bbox 1009 553 1802 597; baseline 0.02 -18"><span class='ocrx_word' id='word_1_541' title='bbox 1009 553 1056 580; x_wconf 88' lang='lat' dir='ltr'><strong>sed</strong></span> <span class='ocrx_word' id='word_1_542' title='bbox 1071 553 1104 581; x_wconf 89' lang='lat' dir='ltr'><strong>de</strong></span> <span class='ocrx_word' id='word_1_543' title='bbox 1119 555 1187 587; x_wconf 88' lang='lat' dir='ltr'><strong>lide;</strong></span> <span class='ocrx_word' id='word_1_544' title='bbox 1205 556 1231 583; x_wconf 92' lang='lat' dir='ltr'><strong>id</strong></span> <span class='ocrx_word' id='word_1_545' title='bbox 1245 562 1303 591; x_wconf 83' lang='lat' dir='ltr'><strong>est,</strong></span> <span class='ocrx_word' id='word_1_546' title='bbox 1321 558 1389 586; x_wconf 87' lang='lat' dir='ltr'><strong>ﬁlios</strong></span> <span class='ocrx_word' id='word_1_547' title='bbox 1404 560 1449 588; x_wconf 87' lang='lat' dir='ltr'><strong>Dei</strong></span> <span class='ocrx_word' id='word_1_548' title='bbox 1464 562 1520 589; x_wconf 88' lang='lat' dir='ltr'><strong>ﬁeri</strong></span> <span class='ocrx_word' id='word_1_549' title='bbox 1535 563 1610 597; x_wconf 87' lang='lat' dir='ltr'><strong>dicit,</strong></span> <span class='ocrx_word' id='word_1_550' title='bbox 1624 573 1676 592; x_wconf 90' lang='lat' dir='ltr'><strong>non</strong></span> <span class='ocrx_word' id='word_1_551' title='bbox 1690 553 1802 594; x_wconf 68' lang='lat' dir='ltr'><strong>exsan-</strong></span> 
     </span>
    </p>
   </div>
   <div class='ocr_carea' id='block_1_69' title="bbox 1007 601 1799 642">
    <p class='ocr_par' dir='ltr' id='par_1_69' title="bbox 1007 601 1799 642">
     <span class='ocr_line' id='line_1_71' title="bbox 1007 601 1799 642; baseline 0.02 -16"><span class='ocrx_word' id='word_1_552' title='bbox 1007 601 1132 635; x_wconf 80' lang='lat' dir='ltr'><strong>guinibus</strong></span> <span class='ocrx_word' id='word_1_553' title='bbox 1147 610 1233 638; x_wconf 86' lang='lat' dir='ltr'><strong>neque</strong></span> <span class='ocrx_word' id='word_1_554' title='bbox 1247 611 1279 632; x_wconf 86' lang='lat' dir='ltr'><strong>ex</strong></span> <span class='ocrx_word' id='word_1_555' title='bbox 1290 605 1427 634; x_wconf 83' lang='lat' dir='ltr'><strong>voluntate</strong></span> <span class='ocrx_word' id='word_1_556' title='bbox 1448 610 1546 636; x_wconf 86' lang='lat' dir='ltr'><strong>carnis.</strong></span> <span class='ocrx_word' id='word_1_557' title='bbox 1575 610 1615 638; x_wconf 87' lang='lat' dir='ltr'><strong>Ne</strong></span> <span class='ocrx_word' id='word_1_558' title='bbox 1641 613 1799 642; x_wconf 78' lang='lat' dir='ltr'><strong>existimetis</strong></span> 
     </span>
    </p>
   </div>
   <div class='ocr_carea' id='block_1_70' title="bbox 1007 651 1798 689">
    <p class='ocr_par' dir='ltr' id='par_1_70' title="bbox 1007 651 1798 689">
     <span class='ocr_line' id='line_1_72' title="bbox 1007 651 1798 689; baseline 0.02 -17"><span class='ocrx_word' id='word_1_559' title='bbox 1007 653 1081 681; x_wconf 75' lang='lat' dir='ltr'><strong>ergo,</strong></span> <span class='ocrx_word' id='word_1_560' title='bbox 1099 652 1238 683; x_wconf 89' lang='lat' dir='ltr'><strong>postquam</strong></span> <span class='ocrx_word' id='word_1_561' title='bbox 1253 658 1268 676; x_wconf 89' lang='lat' dir='ltr'><strong>a</strong></span> <span class='ocrx_word' id='word_1_562' title='bbox 1283 651 1443 685; x_wconf 81' lang='lat' dir='ltr'><strong>gloriatione</strong></span> <span class='ocrx_word' id='word_1_563' title='bbox 1457 661 1507 681; x_wconf 88' lang='lat' dir='ltr'><strong>nos</strong></span> <span class='ocrx_word' id='word_1_564' title='bbox 1522 663 1668 689; x_wconf 81' lang='lat' dir='ltr'><strong>exemerat,</strong></span> <span class='ocrx_word' id='word_1_565' title='bbox 1686 659 1726 686; x_wconf 85' lang='lat' dir='ltr'><strong>sic</strong></span> <span class='ocrx_word' id='word_1_566' title='bbox 1752 667 1798 688; x_wconf 84' lang='lat' dir='ltr'><strong>ro-</strong></span> 
     </span>
    </p>
   </div>
   <div class='ocr_carea' id='block_1_71' title="bbox 1006 691 1796 737">
    <p class='ocr_par' dir='ltr' id='par_1_71' title="bbox 1006 691 1796 737">
     <span class='ocr_line' id='line_1_73' title="bbox 1006 691 1796 737; baseline 0.02 -19"><span class='ocrx_word' id='word_1_567' title='bbox 1006 691 1117 726; x_wconf 83' lang='lat' dir='ltr'><strong>liquisse</strong></span> <span class='ocrx_word' id='word_1_568' title='bbox 1140 694 1241 722; x_wconf 89' lang='lat' dir='ltr'><strong>:aliam</strong></span> <span class='ocrx_word' id='word_1_569' title='bbox 1265 696 1336 724; x_wconf 87' lang='lat' dir='ltr'><strong>enim</strong></span> <span class='ocrx_word' id='word_1_570' title='bbox 1360 698 1490 733; x_wconf 85' lang='lat' dir='ltr'><strong>majorem</strong></span> <span class='ocrx_word' id='word_1_571' title='bbox 1512 700 1585 728; x_wconf 80' lang='lat' dir='ltr'><strong>dedit</strong></span> <span class='ocrx_word' id='word_1_572' title='bbox 1599 702 1796 737; x_wconf 77' lang='lat' dir='ltr'><strong>gloriatioiiein.</strong></span> 
     </span>
    </p>
   </div>
   <div class='ocr_carea' id='block_1_72' title="bbox 1007 737 1796 783">
    <p class='ocr_par' dir='ltr' id='par_1_72' title="bbox 1007 737 1796 783">
     <span class='ocr_line' id='line_1_74' title="bbox 1007 737 1796 783; baseline 0.019 -19"><span class='ocrx_word' id='word_1_573' title='bbox 1007 737 1035 765; x_wconf 91' lang='lat' dir='ltr'><strong>lu</strong></span> <span class='ocrx_word' id='word_1_574' title='bbox 1061 746 1207 774; x_wconf 88' lang='lat' dir='ltr'><strong>conspectu</strong></span> <span class='ocrx_word' id='word_1_575' title='bbox 1234 742 1305 769; x_wconf 89' lang='lat' dir='ltr'><strong>enim</strong></span> <span class='ocrx_word' id='word_1_576' title='bbox 1328 743 1387 779; x_wconf 88' lang='lat' dir='ltr'><strong>ejus</strong></span> <span class='ocrx_word' id='word_1_577' title='bbox 1407 753 1460 772; x_wconf 92' lang='lat' dir='ltr'><strong>non</strong></span> <span class='ocrx_word' id='word_1_578' title='bbox 1482 752 1589 781; x_wconf 84' lang='lat' dir='ltr'><strong>oportet</strong></span> <span class='ocrx_word' id='word_1_579' title='bbox 1601 749 1718 783; x_wconf 79' lang='lat' dir='ltr'><strong>gloriari.</strong></span> <span class='ocrx_word' id='word_1_580' title='bbox 1734 751 1796 780; x_wconf 77' lang='lat' dir='ltr'><strong>Filii</strong></span> 
     </span>
    </p>
   </div>
   <div class='ocr_carea' id='block_1_73' title="bbox 1004 784 1793 830">
    <p class='ocr_par' dir='ltr' id='par_1_73' title="bbox 1004 784 1793 830">
     <span class='ocr_line' id='line_1_75' title="bbox 1004 784 1793 830; baseline 0.016 -19"><span class='ocrx_word' id='word_1_581' title='bbox 1004 784 1063 818; x_wconf 84' lang='lat' dir='ltr'><strong>ejus</strong></span> <span class='ocrx_word' id='word_1_582' title='bbox 1075 786 1151 818; x_wconf 86' lang='lat' dir='ltr'><strong>estis,</strong></span> <span class='ocrx_word' id='word_1_583' title='bbox 1168 786 1218 815; x_wconf 89' lang='lat' dir='ltr'><strong>hoc</strong></span> <span class='ocrx_word' id='word_1_584' title='bbox 1233 788 1294 816; x_wconf 86' lang='lat' dir='ltr'><strong>laeti</strong></span> <span class='ocrx_word' id='word_1_585' title='bbox 1311 797 1358 824; x_wconf 86' lang='lat' dir='ltr'><strong>per</strong></span> <span class='ocrx_word' id='word_1_586' title='bbox 1372 790 1518 818; x_wconf 86' lang='lat' dir='ltr'><strong>Christum.</strong></span> <span class='ocrx_word' id='word_1_587' title='bbox 1544 793 1576 820; x_wconf 88' lang='lat' dir='ltr'><strong>Et</strong></span> <span class='ocrx_word' id='word_1_588' title='bbox 1596 800 1736 830; x_wconf 69' lang='lat' dir='ltr'><strong>postquam</strong></span> <span class='ocrx_word' id='word_1_589' title='bbox 1751 797 1793 824; x_wconf 87' lang='lat' dir='ltr'><strong>di-</strong></span> 
     </span>
    </p>
   </div>
   <div class='ocr_carea' id='block_1_74' title="bbox 1003 830 1796 872">
    <p class='ocr_par' dir='ltr' id='par_1_74' title="bbox 1003 830 1796 872">
     <span class='ocr_line' id='line_1_76' title="bbox 1003 830 1796 872; baseline 0.015 -15"><span class='ocrx_word' id='word_1_590' title='bbox 1003 830 1051 863; x_wconf 84' lang='lat' dir='ltr'><strong>xit,</strong></span> <span class='ocrx_word' id='word_1_591' title='bbox 1069 831 1154 859; x_wconf 86' lang='lat' dir='ltr'><strong>Stulta</strong></span> <span class='ocrx_word' id='word_1_592' title='bbox 1167 834 1255 861; x_wconf 87' lang='lat' dir='ltr'><strong>mundi</strong></span> <span class='ocrx_word' id='word_1_593' title='bbox 1267 835 1340 871; x_wconf 75' lang='lat' dir='ltr'><strong>elegit</strong></span> <span class='ocrx_word' id='word_1_594' title='bbox 1354 841 1376 863; x_wconf 80' lang='lat' dir='ltr'><strong>et</strong></span> <span class='ocrx_word' id='word_1_595' title='bbox 1389 837 1518 872; x_wconf 75' lang='lat' dir='ltr'><strong>ignei-ilia,</strong></span> <span class='ocrx_word' id='word_1_596' title='bbox 1533 840 1650 867; x_wconf 40' lang='lat' dir='ltr'><strong>ostendit</strong></span> <span class='ocrx_word' id='word_1_597' title='bbox 1663 841 1723 868; x_wconf 91' lang='lat' dir='ltr'><strong>illos</strong></span> <span class='ocrx_word' id='word_1_598' title='bbox 1734 849 1796 869; x_wconf 86' lang='lat' dir='ltr'><strong>csse</strong></span> 
     </span>
    </p>
   </div>
   <div class='ocr_carea' id='block_1_75' title="bbox 1002 877 1796 918">
    <p class='ocr_par' dir='ltr' id='par_1_75' title="bbox 1002 877 1796 918">
     <span class='ocr_line' id='line_1_77' title="bbox 1002 877 1796 918; baseline 0.015 -15"><span class='ocrx_word' id='word_1_599' title='bbox 1002 877 1120 905; x_wconf 87' lang='lat' dir='ltr'><strong>omnium</strong></span> <span class='ocrx_word' id='word_1_600' title='bbox 1141 879 1302 913; x_wconf 83' lang='lat' dir='ltr'><strong>nobiliores,</strong></span> <span class='ocrx_word' id='word_1_601' title='bbox 1324 882 1367 916; x_wconf 90' lang='lat' dir='ltr'><strong>qui</strong></span> <span class='ocrx_word' id='word_1_602' title='bbox 1384 882 1466 910; x_wconf 88' lang='lat' dir='ltr'><strong>Deum</strong></span> <span class='ocrx_word' id='word_1_603' title='bbox 1482 890 1584 918; x_wconf 86' lang='lat' dir='ltr'><strong>patrem</strong></span> <span class='ocrx_word' id='word_1_604' title='bbox 1601 886 1725 914; x_wconf 79' lang='lat' dir='ltr'><strong>habeant.</strong></span> <span class='ocrx_word' id='word_1_605' title='bbox 1742 888 1796 915; x_wconf 82' lang='lat' dir='ltr'><strong>llu-</strong></span> 
     </span>
    </p>
   </div>
   <div class='ocr_carea' id='block_1_76' title="bbox 1000 921 1794 964">
    <p class='ocr_par' dir='ltr' id='par_1_76' title="bbox 1000 921 1794 964">
     <span class='ocr_line' id='line_1_78' title="bbox 1000 921 1794 964; baseline 0.016 -16"><span class='ocrx_word' id='word_1_606' title='bbox 1000 921 1043 956; x_wconf 90' lang='lat' dir='ltr'><strong>jus</strong></span> <span class='ocrx_word' id='word_1_607' title='bbox 1060 931 1140 957; x_wconf 91' lang='lat' dir='ltr'><strong>porro</strong></span> <span class='ocrx_word' id='word_1_608' title='bbox 1160 925 1305 954; x_wconf 86' lang='lat' dir='ltr'><strong>nobilitatis</strong></span> <span class='ocrx_word' id='word_1_609' title='bbox 1327 935 1380 955; x_wconf 88' lang='lat' dir='ltr'><strong>non</strong></span> <span class='ocrx_word' id='word_1_610' title='bbox 1401 928 1445 956; x_wconf 88' lang='lat' dir='ltr'><strong>hic</strong></span> <span class='ocrx_word' id='word_1_611' title='bbox 1471 931 1511 957; x_wconf 86' lang='lat' dir='ltr'><strong>vel</strong></span> <span class='ocrx_word' id='word_1_612' title='bbox 1525 931 1581 964; x_wconf 90' lang='lat' dir='ltr'><strong>ille,</strong></span> <span class='ocrx_word' id='word_1_613' title='bbox 1602 932 1649 959; x_wconf 88' lang='lat' dir='ltr'><strong>sed</strong></span> <span class='ocrx_word' id='word_1_614' title='bbox 1672 933 1794 961; x_wconf 88' lang='lat' dir='ltr'><strong>Christus</strong></span> 
     </span>
    </p>
   </div>
   <div class='ocr_carea' id='block_1_77' title="bbox 1001 968 1792 1012">
    <p class='ocr_par' dir='ltr' id='par_1_77' title="bbox 1001 968 1792 1012">
     <span class='ocr_line' id='line_1_79' title="bbox 1001 968 1792 1012; baseline 0.019 -19"><span class='ocrx_word' id='word_1_615' title='bbox 1001 968 1076 995; x_wconf 87' lang='lat' dir='ltr'><strong>vobis</strong></span> <span class='ocrx_word' id='word_1_616' title='bbox 1095 977 1174 997; x_wconf 88' lang='lat' dir='ltr'><strong>causa</strong></span> <span class='ocrx_word' id='word_1_617' title='bbox 1195 975 1245 1003; x_wconf 79' lang='lat' dir='ltr'><strong>est,</strong></span> <span class='ocrx_word' id='word_1_618' title='bbox 1269 973 1313 1006; x_wconf 87' lang='lat' dir='ltr'><strong>qui</strong></span> <span class='ocrx_word' id='word_1_619' title='bbox 1330 980 1378 1000; x_wconf 88' lang='lat' dir='ltr'><strong>nos</strong></span> <span class='ocrx_word' id='word_1_620' title='bbox 1393 974 1528 1008; x_wconf 84' lang='lat' dir='ltr'><strong>sapientes</strong></span> <span class='ocrx_word' id='word_1_621' title='bbox 1544 976 1606 1003; x_wconf 81' lang='lat' dir='ltr'><strong>fecit</strong></span> <span class='ocrx_word' id='word_1_622' title='bbox 1621 982 1649 1004; x_wconf 88' lang='lat' dir='ltr'><strong>et</strong></span> <span class='ocrx_word' id='word_1_623' title='bbox 1662 979 1751 1012; x_wconf 88' lang='lat' dir='ltr'><strong>justos</strong></span> <span class='ocrx_word' id='word_1_624' title='bbox 1764 985 1792 1008; x_wconf 85' lang='lat' dir='ltr'><strong>et</strong></span> 
     </span>
    </p>
   </div>
   <div class='ocr_carea' id='block_1_78' title="bbox 999 1015 1793 1054">
    <p class='ocr_par' dir='ltr' id='par_1_78' title="bbox 999 1015 1793 1054">
     <span class='ocr_line' id='line_1_80' title="bbox 999 1015 1793 1054; baseline 0.018 -15"><span class='ocrx_word' id='word_1_625' title='bbox 999 1019 1123 1047; x_wconf 85' lang='lat' dir='ltr'><strong>sanctos;</strong></span> <span class='ocrx_word' id='word_1_626' title='bbox 1141 1015 1191 1043; x_wconf 84' lang='lat' dir='ltr'><strong>hoc</strong></span> <span class='ocrx_word' id='word_1_627' title='bbox 1206 1017 1277 1044; x_wconf 90' lang='lat' dir='ltr'><strong>enim</strong></span> <span class='ocrx_word' id='word_1_628' title='bbox 1292 1017 1424 1053; x_wconf 86' lang='lat' dir='ltr'><strong>signiﬁcat</strong></span> <span class='ocrx_word' id='word_1_629' title='bbox 1441 1020 1522 1054; x_wconf 90' lang='lat' dir='ltr'><strong>illud,</strong></span> <span class='ocrx_word' id='word_1_630' title='bbox 1550 1021 1646 1050; x_wconf 75' lang='lat' dir='ltr'><strong>Factus</strong></span> <span class='ocrx_word' id='word_1_631' title='bbox 1663 1029 1699 1051; x_wconf 68' lang='lat' dir='ltr'><strong>est</strong></span> <span class='ocrx_word' id='word_1_632' title='bbox 1722 1026 1793 1053; x_wconf 71' lang='lat' dir='ltr'><strong>nubit</strong></span> 
     </span>
    </p>
   </div>
   <div class='ocr_carea' id='block_1_79' title="bbox 999 1060 1131 1094">
    <p class='ocr_par' dir='ltr' id='par_1_79' title="bbox 999 1060 1131 1094">
     <span class='ocr_line' id='line_1_81' title="bbox 999 1060 1131 1094; baseline 0.008 -8"><span class='ocrx_word' id='word_1_633' title='bbox 999 1060 1131 1094; x_wconf 70' lang='lat' dir='ltr'><strong>sapientia.</strong></span> 
     </span>
    </p>
   </div>
   <div class='ocr_carea' id='block_1_80' title="bbox 1035 1106 1790 1149">
    <p class='ocr_par' dir='ltr' id='par_1_80' title="bbox 1035 1106 1790 1149">
     <span class='ocr_line' id='line_1_82' title="bbox 1035 1106 1790 1149; baseline 0.019 -17"><span class='ocrx_word' id='word_1_634' title='bbox 1035 1106 1061 1133; x_wconf 79' lang='lat'><strong>3.</strong></span> <span class='ocrx_word' id='word_1_635' title='bbox 1081 1106 1146 1140; x_wconf 87' lang='lat' dir='ltr'><strong>Quis</strong></span> <span class='ocrx_word' id='word_1_636' title='bbox 1157 1116 1221 1143; x_wconf 80' lang='lat' dir='ltr'><strong>ergo</strong></span> <span class='ocrx_word' id='word_1_637' title='bbox 1231 1109 1308 1137; x_wconf 89' lang='lat' dir='ltr'><strong>nobis</strong></span> <span class='ocrx_word' id='word_1_638' title='bbox 1324 1110 1471 1145; x_wconf 89' lang='lat' dir='ltr'><strong>sapientior</strong></span> <span class='ocrx_word' id='word_1_639' title='bbox 1479 1111 1566 1146; x_wconf 82' lang='lat' dir='ltr'><strong>fuerit,</strong></span> <span class='ocrx_word' id='word_1_640' title='bbox 1581 1115 1627 1149; x_wconf 87' lang='lat' dir='ltr'><strong>qni</strong></span> <span class='ocrx_word' id='word_1_641' title='bbox 1635 1123 1687 1143; x_wconf 90' lang='lat' dir='ltr'><strong>non</strong></span> <span class='ocrx_word' id='word_1_642' title='bbox 1699 1116 1790 1145; x_wconf 70' lang='lat' dir='ltr'><strong>Plato~</strong></span> 
     </span>
    </p>
   </div>
   <div class='ocr_carea' id='block_1_81' title="bbox 998 1153 1790 1197">
    <p class='ocr_par' dir='ltr' id='par_1_81' title="bbox 998 1153 1790 1197">
     <span class='ocr_line' id='line_1_83' title="bbox 998 1153 1790 1197; baseline 0.016 -16"><span class='ocrx_word' id='word_1_643' title='bbox 998 1153 1051 1187; x_wconf 85' lang='lat' dir='ltr'><strong>nis,</strong></span> <span class='ocrx_word' id='word_1_644' title='bbox 1060 1155 1107 1182; x_wconf 87' lang='lat' dir='ltr'><strong>sed</strong></span> <span class='ocrx_word' id='word_1_645' title='bbox 1115 1155 1250 1184; x_wconf 76' lang='lat' dir='ltr'><strong>Christum</strong></span> <span class='ocrx_word' id='word_1_646' title='bbox 1263 1157 1350 1192; x_wconf 88' lang='lat' dir='ltr'><strong>ipsum</strong></span> <span class='ocrx_word' id='word_1_647' title='bbox 1361 1160 1517 1195; x_wconf 84' lang='lat' dir='ltr'><strong>sapientiam</strong></span> <span class='ocrx_word' id='word_1_648' title='bbox 1530 1161 1670 1197; x_wconf 83' lang='lat' dir='ltr'><strong>habemus,</strong></span> <span class='ocrx_word' id='word_1_649' title='bbox 1687 1165 1740 1193; x_wconf 88' lang='lat' dir='ltr'><strong>Deo</strong></span> <span class='ocrx_word' id='word_1_650' title='bbox 1755 1167 1790 1194; x_wconf 85' lang='lat' dir='ltr'><strong>ita</strong></span> 
     </span>
    </p>
   </div>
   <div class='ocr_carea' id='block_1_82' title="bbox 997 1198 1789 1248">
    <p class='ocr_par' dir='ltr' id='par_1_82' title="bbox 997 1198 1789 1248">
     <span class='ocr_line' id='line_1_84' title="bbox 997 1198 1789 1248; baseline 0.019 -21"><span class='ocrx_word' id='word_1_651' title='bbox 997 1201 1126 1229; x_wconf 80' lang='lat' dir='ltr'><strong>volente?</strong></span> <span class='ocrx_word' id='word_1_652' title='bbox 1138 1203 1201 1237; x_wconf 87' lang='lat' dir='ltr'><strong>quid</strong></span> <span class='ocrx_word' id='word_1_653' title='bbox 1224 1210 1265 1232; x_wconf 91' lang='lat' dir='ltr'><strong>cst</strong></span> <span class='ocrx_word' id='word_1_654' title='bbox 1280 1211 1368 1232; x_wconf 86' lang='lat' dir='ltr'><strong>autem</strong></span> <span class='ocrx_word' id='word_1_655' title='bbox 1383 1206 1459 1241; x_wconf 89' lang='lat' dir='ltr'><strong>illud,</strong></span> <span class='ocrx_word' id='word_1_656' title='bbox 1483 1208 1505 1235; x_wconf 84' lang='grc' dir='ltr'><em>Α</em></span> <span class='ocrx_word' id='word_1_657' title='bbox 1521 1209 1596 1237; x_wconf 82' lang='lat' dir='ltr'><strong>Deo.’</strong></span> <span class='ocrx_word' id='word_1_658' title='bbox 1608 1198 1675 1239; x_wconf 82' lang='lat' dir='ltr'><strong>Cum</strong></span> <span class='ocrx_word' id='word_1_659' title='bbox 1695 1221 1789 1248; x_wconf 75' lang='lat' dir='ltr'><strong>magna</strong></span> 
     </span>
    </p>
   </div>
   <div class='ocr_carea' id='block_1_83' title="bbox 995 1246 1789 1294">
    <p class='ocr_par' dir='ltr' id='par_1_83' title="bbox 995 1246 1789 1294">
     <span class='ocr_line' id='line_1_85' title="bbox 995 1246 1789 1294; baseline 0.018 -21"><span class='ocrx_word' id='word_1_660' title='bbox 995 1246 1107 1275; x_wconf 79' lang='lat' dir='ltr'><strong>dixisset</strong></span> <span class='ocrx_word' id='word_1_661' title='bbox 1119 1248 1153 1276; x_wconf 89' lang='lat' dir='ltr'><strong>de</strong></span> <span class='ocrx_word' id='word_1_662' title='bbox 1164 1248 1315 1284; x_wconf 76' lang='lat' dir='ltr'><strong>Unigcnito,</strong></span> <span class='ocrx_word' id='word_1_663' title='bbox 1331 1254 1394 1279; x_wconf 89' lang='lat' dir='ltr'><strong>tunc</strong></span> <span class='ocrx_word' id='word_1_664' title='bbox 1406 1253 1479 1280; x_wconf 90' lang='lat' dir='ltr'><strong>addit</strong></span> <span class='ocrx_word' id='word_1_665' title='bbox 1490 1253 1604 1288; x_wconf 79' lang='lat' dir='ltr'><strong>Patrem,</strong></span> <span class='ocrx_word' id='word_1_666' title='bbox 1620 1264 1654 1284; x_wconf 88' lang='lat' dir='ltr'><strong>ne</strong></span> <span class='ocrx_word' id='word_1_667' title='bbox 1665 1259 1724 1292; x_wconf 88' lang='lat' dir='ltr'><strong>quis</strong></span> <span class='ocrx_word' id='word_1_668' title='bbox 1738 1246 1789 1294; x_wconf 76' lang='lat' dir='ltr'><strong>pu~</strong></span> 
     </span>
    </p>
   </div>
   <div class='ocr_carea' id='block_1_84' title="bbox 995 1294 1786 1337">
    <p class='ocr_par' dir='ltr' id='par_1_84' title="bbox 995 1294 1786 1337">
     <span class='ocr_line' id='line_1_86' title="bbox 995 1294 1786 1337; baseline 0.016 -17"><span class='ocrx_word' id='word_1_669' title='bbox 995 1297 1063 1322; x_wconf 84' lang='lat' dir='ltr'><strong>taret</strong></span> <span class='ocrx_word' id='word_1_670' title='bbox 1076 1294 1222 1330; x_wconf 84' lang='lat' dir='ltr'><strong>ingenitum</strong></span> <span class='ocrx_word' id='word_1_671' title='bbox 1235 1297 1330 1325; x_wconf 88' lang='lat' dir='ltr'><strong>Filium</strong></span> <span class='ocrx_word' id='word_1_672' title='bbox 1345 1306 1414 1327; x_wconf 85' lang='lat' dir='ltr'><strong>esse.</strong></span> <span class='ocrx_word' id='word_1_673' title='bbox 1428 1300 1496 1328; x_wconf 90' lang='lat' dir='ltr'><strong>Cum</strong></span> <span class='ocrx_word' id='word_1_674' title='bbox 1515 1309 1580 1337; x_wconf 79' lang='lat' dir='ltr'><strong>ergo</strong></span> <span class='ocrx_word' id='word_1_675' title='bbox 1597 1303 1711 1332; x_wconf 76' lang='lat' dir='ltr'><strong>dixisset</strong></span> <span class='ocrx_word' id='word_1_676' title='bbox 1725 1314 1786 1334; x_wconf 86' lang='lat' dir='ltr'><strong>eum</strong></span> 
     </span>
    </p>
   </div>
   <div class='ocr_carea' id='block_1_85' title="bbox 995 1342 1786 1381">
    <p class='ocr_par' dir='ltr' id='par_1_85' title="bbox 995 1342 1786 1381">
     <span class='ocr_line' id='line_1_87' title="bbox 995 1342 1786 1381; baseline 0.015 -14"><span class='ocrx_word' id='word_1_677' title='bbox 995 1345 1066 1368; x_wconf 88' lang='lat' dir='ltr'><strong>tanta</strong></span> <span class='ocrx_word' id='word_1_678' title='bbox 1078 1342 1207 1376; x_wconf 89' lang='lat' dir='ltr'><strong>potuisse,</strong></span> <span class='ocrx_word' id='word_1_679' title='bbox 1217 1344 1297 1370; x_wconf 90' lang='lat' dir='ltr'><strong>etiam</strong></span> <span class='ocrx_word' id='word_1_680' title='bbox 1312 1349 1395 1372; x_wconf 90' lang='lat' dir='ltr'><strong>totum</strong></span> <span class='ocrx_word' id='word_1_681' title='bbox 1412 1346 1504 1374; x_wconf 88' lang='lat' dir='ltr'><strong>tribuit</strong></span> <span class='ocrx_word' id='word_1_682' title='bbox 1518 1348 1594 1381; x_wconf 21' lang='lat' dir='ltr'><strong>Filio,</strong></span> <span class='ocrx_word' id='word_1_683' title='bbox 1608 1350 1700 1378; x_wconf 78' lang='lat' dir='ltr'><strong>lilCt‘llS</strong></span> <span class='ocrx_word' id='word_1_684' title='bbox 1712 1352 1786 1380; x_wconf 90' lang='lat' dir='ltr'><strong>illuni</strong></span> 
     </span>
    </p>
   </div>
   <div class='ocr_carea' id='block_1_86' title="bbox 993 1387 1785 1428">
    <p class='ocr_par' dir='ltr' id='par_1_86' title="bbox 993 1387 1785 1428">
     <span class='ocr_line' id='line_1_88' title="bbox 993 1387 1785 1428; baseline 0.015 -15"><span class='ocrx_word' id='word_1_685' title='bbox 993 1387 1149 1422; x_wconf 88' lang='lat' dir='ltr'><strong>sapientiam</strong></span> <span class='ocrx_word' id='word_1_686' title='bbox 1164 1389 1241 1416; x_wconf 82' lang='lat' dir='ltr'><strong>nobis</strong></span> <span class='ocrx_word' id='word_1_687' title='bbox 1254 1389 1352 1418; x_wconf 81' lang='lat' dir='ltr'><strong>factum</strong></span> <span class='ocrx_word' id='word_1_688' title='bbox 1365 1391 1457 1424; x_wconf 67' lang='lat' dir='ltr'><strong>fuisse,</strong></span> <span class='ocrx_word' id='word_1_689' title='bbox 1469 1399 1495 1420; x_wconf 92' lang='lat' dir='ltr'><strong>ct</strong></span> <span class='ocrx_word' id='word_1_690' title='bbox 1506 1393 1634 1428; x_wconf 85' lang='lat' dir='ltr'><strong>justitiam</strong></span> <span class='ocrx_word' id='word_1_691' title='bbox 1648 1401 1673 1423; x_wconf 89' lang='lat' dir='ltr'><strong>et</strong></span> <span class='ocrx_word' id='word_1_692' title='bbox 1685 1399 1785 1424; x_wconf 77' lang='lat' dir='ltr'><strong>sancti~</strong></span> 
     </span>
    </p>
   </div>
   <div class='ocr_carea' id='block_1_87' title="bbox 993 1433 1784 1471">
    <p class='ocr_par' dir='ltr' id='par_1_87' title="bbox 993 1433 1784 1471">
     <span class='ocr_line' id='line_1_89' title="bbox 993 1433 1784 1471; baseline 0.014 -12"><span class='ocrx_word' id='word_1_693' title='bbox 993 1433 1141 1461; x_wconf 87' lang='lat' dir='ltr'><strong>iicalionem</strong></span> <span class='ocrx_word' id='word_1_694' title='bbox 1153 1439 1179 1462; x_wconf 94' lang='lat' dir='ltr'><strong>et</strong></span> <span class='ocrx_word' id='word_1_695' title='bbox 1188 1435 1409 1470; x_wconf 82' lang='lat' dir='ltr'><strong>redemptionem.</strong></span> <span class='ocrx_word' id='word_1_696' title='bbox 1425 1437 1476 1466; x_wconf 86' lang='lat' dir='ltr'><strong>Per</strong></span> <span class='ocrx_word' id='word_1_697' title='bbox 1490 1439 1585 1466; x_wconf 73' lang='lat' dir='ltr'><strong>Filium</strong></span> <span class='ocrx_word' id='word_1_698' title='bbox 1597 1449 1688 1469; x_wconf 88' lang='lat' dir='ltr'><strong>rursus</strong></span> <span class='ocrx_word' id='word_1_699' title='bbox 1700 1447 1784 1471; x_wconf 84' lang='lat' dir='ltr'><strong>totum</strong></span> 
     </span>
    </p>
   </div>
   <div class='ocr_carea' id='block_1_88' title="bbox 991 1479 1780 1522">
    <p class='ocr_par' dir='ltr' id='par_1_88' title="bbox 991 1479 1780 1522">
     <span class='ocr_line' id='line_1_90' title="bbox 991 1479 1780 1522; baseline 0.015 -17"><span class='ocrx_word' id='word_1_700' title='bbox 991 1479 1138 1507; x_wconf 83' lang='lat' dir='ltr'><strong>attribuens</strong></span> <span class='ocrx_word' id='word_1_701' title='bbox 1152 1480 1224 1508; x_wconf 83' lang='lat' dir='ltr'><strong>Patri</strong></span> <span class='ocrx_word' id='word_1_702' title='bbox 1236 1481 1320 1514; x_wconf 77' lang='lat' dir='ltr'><strong>dixit,</strong></span> <span class='ocrx_word' id='word_1_703' title='bbox 1348 1483 1368 1508; x_wconf 87' lang='grc' dir='ltr'><em>Α</em></span> <span class='ocrx_word' id='word_1_704' title='bbox 1385 1482 1447 1511; x_wconf 85' lang='lat' dir='ltr'><strong>Deo.</strong></span> <span class='ocrx_word' id='word_1_705' title='bbox 1462 1485 1517 1512; x_wconf 89' lang='lat' dir='ltr'><strong>Cur</strong></span> <span class='ocrx_word' id='word_1_706' title='bbox 1531 1491 1619 1513; x_wconf 84' lang='lat' dir='ltr'><strong>autem</strong></span> <span class='ocrx_word' id='word_1_707' title='bbox 1635 1495 1687 1515; x_wconf 89' lang='lat' dir='ltr'><strong>non</strong></span> <span class='ocrx_word' id='word_1_708' title='bbox 1703 1488 1780 1522; x_wconf 79' lang='lat' dir='ltr'><strong>dixit,</strong></span> 
     </span>
    </p>
   </div>
   <div class='ocr_carea' id='block_1_89' title="bbox 990 1525 1784 1569">
    <p class='ocr_par' dir='ltr' id='par_1_89' title="bbox 990 1525 1784 1569">
     <span class='ocr_line' id='line_1_91' title="bbox 990 1525 1784 1569; baseline 0.014 -17"><span class='ocrx_word' id='word_1_709' title='bbox 990 1525 1066 1553; x_wconf 77' lang='lat' dir='ltr'><strong>Fecit</strong></span> <span class='ocrx_word' id='word_1_710' title='bbox 1085 1533 1133 1553; x_wconf 92' lang='lat' dir='ltr'><strong>nos</strong></span> <span class='ocrx_word' id='word_1_711' title='bbox 1147 1527 1293 1562; x_wconf 84' lang='lat' dir='ltr'><strong>sapientes,</strong></span> <span class='ocrx_word' id='word_1_712' title='bbox 1309 1528 1372 1562; x_wconf 78' lang='lat' dir='ltr'><strong>Sed,</strong></span> <span class='ocrx_word' id='word_1_713' title='bbox 1390 1529 1484 1558; x_wconf 72' lang='lat' dir='ltr'><strong>Factus</strong></span> <span class='ocrx_word' id='word_1_714' title='bbox 1502 1537 1538 1558; x_wconf 80' lang='lat' dir='ltr'><strong>est</strong></span> <span class='ocrx_word' id='word_1_715' title='bbox 1550 1533 1620 1560; x_wconf 77' lang='lat' dir='ltr'><strong>nobis</strong></span> <span class='ocrx_word' id='word_1_716' title='bbox 1639 1535 1784 1569; x_wconf 72' lang='lat' dir='ltr'><strong>sapientia?</strong></span> 
     </span>
    </p>
   </div>
   <div class='ocr_carea' id='block_1_90' title="bbox 993 1571 1782 1616">
    <p class='ocr_par' dir='ltr' id='par_1_90' title="bbox 993 1571 1782 1616">
     <span class='ocr_line' id='line_1_92' title="bbox 993 1571 1782 1616; baseline 0.014 -18"><span class='ocrx_word' id='word_1_717' title='bbox 993 1571 1058 1598; x_wconf 86' lang='lat' dir='ltr'><strong>doni</strong></span> <span class='ocrx_word' id='word_1_718' title='bbox 1072 1572 1216 1600; x_wconf 82' lang='lat' dir='ltr'><strong>ostendens</strong></span> <span class='ocrx_word' id='word_1_719' title='bbox 1230 1573 1432 1608; x_wconf 87' lang='lat' dir='ltr'><strong>abundantiam,</strong></span> <span class='ocrx_word' id='word_1_720' title='bbox 1449 1583 1480 1603; x_wconf 90' lang='lat' dir='ltr'><strong>ac</strong></span> <span class='ocrx_word' id='word_1_721' title='bbox 1494 1577 1518 1604; x_wconf 88' lang='lat' dir='ltr'><strong>si</strong></span> <span class='ocrx_word' id='word_1_722' title='bbox 1532 1577 1643 1612; x_wconf 75' lang='lat' dir='ltr'><strong>diceret,</strong></span> <span class='ocrx_word' id='word_1_723' title='bbox 1660 1581 1782 1616; x_wconf 81' lang='lat' dir='ltr'><strong>Scipsiini</strong></span> 
     </span>
    </p>
   </div>
   <div class='ocr_carea' id='block_1_91' title="bbox 990 1617 1783 1657">
    <p class='ocr_par' dir='ltr' id='par_1_91' title="bbox 990 1617 1783 1657">
     <span class='ocr_line' id='line_1_93' title="bbox 990 1617 1783 1657; baseline 0.015 -14"><span class='ocrx_word' id='word_1_724' title='bbox 990 1617 1066 1644; x_wconf 87' lang='lat' dir='ltr'><strong>nobis</strong></span> <span class='ocrx_word' id='word_1_725' title='bbox 1080 1617 1164 1645; x_wconf 90' lang='lat' dir='ltr'><strong>dedit.</strong></span> <span class='ocrx_word' id='word_1_726' title='bbox 1190 1619 1222 1645; x_wconf 87' lang='lat' dir='ltr'><strong>Et</strong></span> <span class='ocrx_word' id='word_1_727' title='bbox 1237 1619 1298 1647; x_wconf 86' lang='lat' dir='ltr'><strong>vide</strong></span> <span class='ocrx_word' id='word_1_728' title='bbox 1315 1621 1451 1655; x_wconf 88' lang='lat' dir='ltr'><strong>quomodo</strong></span> <span class='ocrx_word' id='word_1_729' title='bbox 1466 1623 1604 1657; x_wconf 89' lang='lat' dir='ltr'><strong>procedat.</strong></span> <span class='ocrx_word' id='word_1_730' title='bbox 1621 1625 1698 1653; x_wconf 82' lang='lat' dir='ltr'><strong>Prius</strong></span> <span class='ocrx_word' id='word_1_731' title='bbox 1711 1628 1783 1655; x_wconf 90' lang='lat' dir='ltr'><strong>enim</strong></span> 
     </span>
    </p>
   </div>
   <div class='ocr_carea' id='block_1_92' title="bbox 989 1664 1778 1703">
    <p class='ocr_par' dir='ltr' id='par_1_92' title="bbox 989 1664 1778 1703">
     <span class='ocr_line' id='line_1_94' title="bbox 989 1664 1778 1703; baseline 0.013 -13"><span class='ocrx_word' id='word_1_732' title='bbox 989 1671 1038 1691; x_wconf 88' lang='lat' dir='ltr'><strong>nos</strong></span> <span class='ocrx_word' id='word_1_733' title='bbox 1051 1664 1184 1699; x_wconf 86' lang='lat' dir='ltr'><strong>sapientes</strong></span> <span class='ocrx_word' id='word_1_734' title='bbox 1200 1665 1262 1692; x_wconf 80' lang='lat' dir='ltr'><strong>fecit</strong></span> <span class='ocrx_word' id='word_1_735' title='bbox 1284 1673 1344 1693; x_wconf 89' lang='lat' dir='ltr'><strong>cum</strong></span> <span class='ocrx_word' id='word_1_736' title='bbox 1358 1667 1392 1693; x_wconf 88' lang='lat' dir='ltr'><strong>ab</strong></span> <span class='ocrx_word' id='word_1_737' title='bbox 1403 1675 1496 1696; x_wconf 88' lang='lat' dir='ltr'><strong>errore</strong></span> <span class='ocrx_word' id='word_1_738' title='bbox 1515 1669 1648 1703; x_wconf 83' lang='lat' dir='ltr'><strong>liberavit,</strong></span> <span class='ocrx_word' id='word_1_739' title='bbox 1672 1677 1700 1699; x_wconf 91' lang='lat' dir='ltr'><strong>et</strong></span> <span class='ocrx_word' id='word_1_740' title='bbox 1715 1677 1778 1700; x_wconf 89' lang='lat' dir='ltr'><strong>tunc</strong></span> 
     </span>
    </p>
   </div>
   <div class='ocr_carea' id='block_1_93' title="bbox 986 1710 1782 1749">
    <p class='ocr_par' dir='ltr' id='par_1_93' title="bbox 986 1710 1782 1749">
     <span class='ocr_line' id='line_1_95' title="bbox 986 1710 1782 1749; baseline 0.013 -13"><span class='ocrx_word' id='word_1_741' title='bbox 986 1710 1072 1745; x_wconf 76' lang='lat' dir='ltr'><strong>jnstos</strong></span> <span class='ocrx_word' id='word_1_742' title='bbox 1086 1715 1112 1738; x_wconf 89' lang='lat' dir='ltr'><strong>et</strong></span> <span class='ocrx_word' id='word_1_743' title='bbox 1122 1715 1240 1743; x_wconf 87' lang='lat' dir='ltr'><strong>sanctos,</strong></span> <span class='ocrx_word' id='word_1_744' title='bbox 1257 1711 1386 1747; x_wconf 88' lang='lat' dir='ltr'><strong>Spiritum</strong></span> <span class='ocrx_word' id='word_1_745' title='bbox 1396 1714 1515 1749; x_wconf 81' lang='lat' dir='ltr'><strong>largitus,</strong></span> <span class='ocrx_word' id='word_1_746' title='bbox 1527 1720 1554 1742; x_wconf 86' lang='lat' dir='ltr'><strong>et</strong></span> <span class='ocrx_word' id='word_1_747' title='bbox 1567 1716 1606 1744; x_wconf 88' lang='lat' dir='ltr'><strong>sic</strong></span> <span class='ocrx_word' id='word_1_748' title='bbox 1617 1725 1688 1744; x_wconf 90' lang='lat' dir='ltr'><strong>nosa</strong></span> <span class='ocrx_word' id='word_1_749' title='bbox 1705 1719 1782 1747; x_wconf 84' lang='lat' dir='ltr'><strong>malis</strong></span> 
     </span>
    </p>
   </div>
   <div class='ocr_carea' id='block_1_94' title="bbox 988 1757 1781 1800">
    <p class='ocr_par' dir='ltr' id='par_1_94' title="bbox 988 1757 1781 1800">
     <span class='ocr_line' id='line_1_96' title="bbox 988 1757 1781 1800; baseline 0.013 -18"><span class='ocrx_word' id='word_1_750' title='bbox 988 1757 1112 1784; x_wconf 89' lang='lat' dir='ltr'><strong>omnibus</strong></span> <span class='ocrx_word' id='word_1_751' title='bbox 1127 1757 1259 1791; x_wconf 88' lang='lat' dir='ltr'><strong>liberavit,</strong></span> <span class='ocrx_word' id='word_1_752' title='bbox 1274 1758 1309 1786; x_wconf 89' lang='lat' dir='ltr'><strong>ita</strong></span> <span class='ocrx_word' id='word_1_753' title='bbox 1325 1764 1354 1786; x_wconf 89' lang='lat' dir='ltr'><strong>ut</strong></span> <span class='ocrx_word' id='word_1_754' title='bbox 1365 1759 1448 1794; x_wconf 85' lang='lat' dir='ltr'><strong>ipsius</strong></span> <span class='ocrx_word' id='word_1_755' title='bbox 1462 1761 1558 1795; x_wconf 77' lang='lat' dir='ltr'><strong>simus,</strong></span> <span class='ocrx_word' id='word_1_756' title='bbox 1570 1770 1623 1790; x_wconf 91' lang='lat' dir='ltr'><strong>non</strong></span> <span class='ocrx_word' id='word_1_757' title='bbox 1638 1771 1686 1798; x_wconf 89' lang='lat' dir='ltr'><strong>per</strong></span> <span class='ocrx_word' id='word_1_758' title='bbox 1698 1765 1781 1800; x_wconf 73' lang='lat' dir='ltr'><strong>ipsius</strong></span> 
     </span>
    </p>
   </div>
   <div class='ocr_carea' id='block_1_95' title="bbox 987 1802 1780 1844">
    <p class='ocr_par' dir='ltr' id='par_1_95' title="bbox 987 1802 1780 1844">
     <span class='ocr_line' id='line_1_97' title="bbox 987 1802 1780 1844; baseline 0.011 -15"><span class='ocrx_word' id='word_1_759' title='bbox 987 1802 1142 1836; x_wconf 78' lang='lat' dir='ltr'><strong>essentiam,</strong></span> <span class='ocrx_word' id='word_1_760' title='bbox 1159 1803 1206 1830; x_wconf 88' lang='lat' dir='ltr'><strong>sed</strong></span> <span class='ocrx_word' id='word_1_761' title='bbox 1223 1811 1270 1838; x_wconf 89' lang='lat' dir='ltr'><strong>per</strong></span> <span class='ocrx_word' id='word_1_762' title='bbox 1285 1803 1374 1831; x_wconf 88' lang='lat' dir='ltr'><strong>ﬁdem.</strong></span> <span class='ocrx_word' id='word_1_763' title='bbox 1390 1805 1460 1832; x_wconf 83' lang='lat' dir='ltr'><strong>Alibi</strong></span> <span class='ocrx_word' id='word_1_764' title='bbox 1474 1813 1553 1840; x_wconf 89' lang='lat' dir='ltr'><strong>porro</strong></span> <span class='ocrx_word' id='word_1_765' title='bbox 1561 1807 1636 1842; x_wconf 76' lang='lat' dir='ltr'><strong>dirit,</strong></span> <span class='ocrx_word' id='word_1_766' title='bbox 1648 1810 1718 1844; x_wconf 90' lang='lat' dir='ltr'><strong>quod</strong></span> <span class='ocrx_word' id='word_1_767' title='bbox 1733 1819 1780 1839; x_wconf 86' lang='lat' dir='ltr'><strong>nos</strong></span> 
     </span>
    </p>
   </div>
   <div class='ocr_carea' id='block_1_96' title="bbox 987 1848 1780 1891">
    <p class='ocr_par' dir='ltr' id='par_1_96' title="bbox 987 1848 1780 1891">
     <span class='ocr_line' id='line_1_98' title="bbox 987 1848 1780 1891; baseline 0.011 -17"><span class='ocrx_word' id='word_1_768' title='bbox 987 1848 1048 1874; x_wconf 80' lang='lat' dir='ltr'><strong>lacti</strong></span> <span class='ocrx_word' id='word_1_769' title='bbox 1063 1848 1148 1876; x_wconf 88' lang='lat' dir='ltr'><strong>simus</strong></span> <span class='ocrx_word' id='word_1_770' title='bbox 1161 1849 1263 1883; x_wconf 87' lang='lat' dir='ltr'><strong>jnstilia</strong></span> <span class='ocrx_word' id='word_1_771' title='bbox 1279 1849 1305 1876; x_wconf 88' lang='lat' dir='ltr'><strong>in</strong></span> <span class='ocrx_word' id='word_1_772' title='bbox 1318 1850 1375 1884; x_wconf 84' lang='lat' dir='ltr'><strong>ipso</strong></span> <span class='ocrx_word' id='word_1_773' title='bbox 1390 1859 1395 1877; x_wconf 95' lang='lat'>:</span> <span class='ocrx_word' id='word_1_774' title='bbox 1410 1851 1486 1885; x_wconf 83' lang='lat' dir='ltr'><strong>Eum,</strong></span> <span class='ocrx_word' id='word_1_775' title='bbox 1500 1853 1542 1886; x_wconf 85' lang='lat' dir='ltr'><strong>qui</strong></span> <span class='ocrx_word' id='word_1_776' title='bbox 1555 1862 1605 1881; x_wconf 78' lang='lat' dir='ltr'><strong>non</strong></span> <span class='ocrx_word' id='word_1_777' title='bbox 1618 1856 1685 1882; x_wconf 77' lang='lat' dir='ltr'><strong>norit</strong></span> <span class='ocrx_word' id='word_1_778' title='bbox 1697 1865 1780 1891; x_wconf 74' lang='lat' dir='ltr'><strong>perca-</strong></span> 
     </span>
    </p>
   </div>
   <div class='ocr_carea' id='block_1_97' title="bbox 988 1895 1780 1937">
    <p class='ocr_par' dir='ltr' id='par_1_97' title="bbox 988 1895 1780 1937">
     <span class='ocr_line' id='line_1_99' title="bbox 988 1895 1780 1937; baseline 0.015 -19"><span class='ocrx_word' id='word_1_779' title='bbox 988 1898 1050 1926; x_wconf 84' lang='lat' dir='ltr'><strong>tum,</strong></span> <span class='ocrx_word' id='word_1_780' title='bbox 1064 1899 1194 1926; x_wconf 81' lang='lat' dir='ltr'><strong>peccatum</strong></span> <span class='ocrx_word' id='word_1_781' title='bbox 1210 1903 1255 1929; x_wconf 86' lang='lat' dir='ltr'><strong>pro</strong></span> <span class='ocrx_word' id='word_1_782' title='bbox 1276 1895 1347 1922; x_wconf 73' lang='lat' dir='ltr'><strong>nobis</strong></span> <span class='ocrx_word' id='word_1_783' title='bbox 1359 1896 1416 1930; x_wconf 74' lang='lat' dir='ltr'><strong>[crit</strong></span> <span class='ocrx_word' id='word_1_784' title='bbox 1426 1917 1433 1930; x_wconf 91' lang='lat'><strong>,</strong></span> <span class='ocrx_word' id='word_1_785' title='bbox 1449 1903 1476 1924; x_wconf 90' lang='lat' dir='ltr'><strong>ut</strong></span> <span class='ocrx_word' id='word_1_786' title='bbox 1491 1907 1536 1925; x_wconf 73' lang='lat' dir='ltr'><strong>nos</strong></span> <span class='ocrx_word' id='word_1_787' title='bbox 1551 1900 1669 1934; x_wconf 70' lang='lat' dir='ltr'><strong>ﬁei&#39;eiiius</strong></span> <span class='ocrx_word' id='word_1_788' title='bbox 1678 1903 1780 1937; x_wconf 71' lang='lat' dir='ltr'><strong>justitia</strong></span> 
     </span>
    </p>
   </div>
   <div class='ocr_carea' id='block_1_98' title="bbox 989 1939 1775 1977">
    <p class='ocr_par' dir='ltr' id='par_1_98' title="bbox 989 1939 1775 1977">
     <span class='ocr_line' id='line_1_100' title="bbox 989 1939 1775 1977; baseline 0.013 -11"><span class='ocrx_word' id='word_1_789' title='bbox 989 1939 1033 1967; x_wconf 76' lang='lat' dir='ltr'><strong>Dei</strong></span> <span class='ocrx_word' id='word_1_790' title='bbox 1046 1940 1072 1967; x_wconf 88' lang='lat' dir='ltr'><strong>iii</strong></span> <span class='ocrx_word' id='word_1_791' title='bbox 1083 1940 1138 1975; x_wconf 79' lang='lat' dir='ltr'><strong>ipsa</strong></span> <span class='ocrx_word' id='word_1_792' title='bbox 1166 1940 1202 1976; x_wconf 73' lang='grc'><strong>(2.</strong></span> <span class='ocrx_word' id='word_1_793' title='bbox 1217 1940 1277 1968; x_wconf 86' lang='lat' dir='ltr'><strong>Cor.</strong></span> <span class='ocrx_word' id='word_1_794' title='bbox 1291 1941 1317 1969; x_wconf 88' lang='lat'><strong>5.</strong></span> <span class='ocrx_word' id='word_1_795' title='bbox 1329 1942 1375 1977; x_wconf 77' lang='lat'><strong>2|)</strong></span> <span class='ocrx_word' id='word_1_796' title='bbox 1388 1951 1395 1975; x_wconf 90' lang='lat'><strong>;</strong></span> <span class='ocrx_word' id='word_1_797' title='bbox 1421 1951 1492 1971; x_wconf 85' lang='lat' dir='ltr'><strong>nunc</strong></span> <span class='ocrx_word' id='word_1_798' title='bbox 1505 1951 1593 1973; x_wconf 87' lang='lat' dir='ltr'><strong>autem</strong></span> <span class='ocrx_word' id='word_1_799' title='bbox 1617 1947 1681 1974; x_wconf 83' lang='lat' dir='ltr'><strong>dicit</strong></span> <span class='ocrx_word' id='word_1_800' title='bbox 1701 1949 1775 1976; x_wconf 86' lang='lat' dir='ltr'><strong>illum</strong></span> 
     </span>
    </p>
   </div>
   <div class='ocr_carea' id='block_1_99' title="bbox 986 1985 1779 2028">
    <p class='ocr_par' dir='ltr' id='par_1_99' title="bbox 986 1985 1779 2028">
     <span class='ocr_line' id='line_1_101' title="bbox 986 1985 1779 2028; baseline 0.013 -16"><span class='ocrx_word' id='word_1_801' title='bbox 986 1986 1063 2013; x_wconf 86' lang='lat' dir='ltr'><strong>nobis</strong></span> <span class='ocrx_word' id='word_1_802' title='bbox 1076 1985 1175 2013; x_wconf 81' lang='lat' dir='ltr'><strong>factum</strong></span> <span class='ocrx_word' id='word_1_803' title='bbox 1189 1986 1421 2022; x_wconf 83' lang='lat' dir='ltr'><strong>luissejuslitiam,</strong></span> <span class='ocrx_word' id='word_1_804' title='bbox 1435 1989 1469 2016; x_wconf 89' lang='lat' dir='ltr'><strong>ita</strong></span> <span class='ocrx_word' id='word_1_805' title='bbox 1479 1995 1507 2016; x_wconf 91' lang='lat' dir='ltr'><strong>ut</strong></span> <span class='ocrx_word' id='word_1_806' title='bbox 1518 1991 1617 2019; x_wconf 86' lang='lat' dir='ltr'><strong>volenti</strong></span> <span class='ocrx_word' id='word_1_807' title='bbox 1629 1993 1707 2020; x_wconf 89' lang='lat' dir='ltr'><strong>liceat</strong></span> <span class='ocrx_word' id='word_1_808' title='bbox 1720 1995 1779 2028; x_wconf 73' lang='lat' dir='ltr'><strong>eius</strong></span> 
     </span>
    </p>
   </div>
   <div class='ocr_carea' id='block_1_100' title="bbox 985 2031 1775 2073">
    <p class='ocr_par' dir='ltr' id='par_1_100' title="bbox 985 2031 1775 2073">
     <span class='ocr_line' id='line_1_102' title="bbox 985 2031 1775 2073; baseline 0.011 -15"><span class='ocrx_word' id='word_1_809' title='bbox 985 2031 1090 2059; x_wconf 82' lang='lat' dir='ltr'><strong>abunde</strong></span> <span class='ocrx_word' id='word_1_810' title='bbox 1100 2037 1251 2060; x_wconf 80' lang='lat' dir='ltr'><strong>consortem</strong></span> <span class='ocrx_word' id='word_1_811' title='bbox 1265 2040 1335 2060; x_wconf 88' lang='lat' dir='ltr'><strong>esse.</strong></span> <span class='ocrx_word' id='word_1_812' title='bbox 1349 2033 1406 2061; x_wconf 85' lang='lat' dir='ltr'><strong>Non</strong></span> <span class='ocrx_word' id='word_1_813' title='bbox 1420 2035 1490 2062; x_wconf 90' lang='lat' dir='ltr'><strong>enim</strong></span> <span class='ocrx_word' id='word_1_814' title='bbox 1504 2035 1547 2063; x_wconf 83' lang='lat' dir='ltr'><strong>hic</strong></span> <span class='ocrx_word' id='word_1_815' title='bbox 1561 2037 1601 2064; x_wconf 89' lang='lat' dir='ltr'><strong>vel</strong></span> <span class='ocrx_word' id='word_1_816' title='bbox 1612 2037 1657 2065; x_wconf 90' lang='lat' dir='ltr'><strong>ille</strong></span> <span class='ocrx_word' id='word_1_817' title='bbox 1667 2039 1775 2073; x_wconf 82' lang='lat' dir='ltr'><strong>sapien-</strong></span> 
     </span>
    </p>
   </div>
   <div class='ocr_carea' id='block_1_101' title="bbox 986 2077 1778 2119">
    <p class='ocr_par' dir='ltr' id='par_1_101' title="bbox 986 2077 1778 2119">
     <span class='ocr_line' id='line_1_103' title="bbox 986 2077 1778 2119; baseline 0.013 -16"><span class='ocrx_word' id='word_1_818' title='bbox 986 2081 1025 2104; x_wconf 89' lang='lat' dir='ltr'><strong>tes</strong></span> <span class='ocrx_word' id='word_1_819' title='bbox 1041 2077 1112 2110; x_wconf 79' lang='lat' dir='ltr'><strong>fecit,</strong></span> <span class='ocrx_word' id='word_1_820' title='bbox 1125 2077 1170 2104; x_wconf 88' lang='lat' dir='ltr'><strong>sed</strong></span> <span class='ocrx_word' id='word_1_821' title='bbox 1183 2077 1314 2105; x_wconf 83' lang='lat' dir='ltr'><strong>Christus.</strong></span> <span class='ocrx_word' id='word_1_822' title='bbox 1328 2079 1378 2111; x_wconf 82' lang='lat' dir='ltr'><strong>Qui</strong></span> <span class='ocrx_word' id='word_1_823' title='bbox 1393 2087 1456 2114; x_wconf 84' lang='lat' dir='ltr'><strong>ergo</strong></span> <span class='ocrx_word' id='word_1_824' title='bbox 1468 2081 1608 2115; x_wconf 78' lang='lat' dir='ltr'><strong>gloriatur,</strong></span> <span class='ocrx_word' id='word_1_825' title='bbox 1621 2083 1647 2110; x_wconf 90' lang='lat' dir='ltr'><strong>in</strong></span> <span class='ocrx_word' id='word_1_826' title='bbox 1661 2084 1708 2112; x_wconf 88' lang='lat' dir='ltr'><strong>illo</strong></span> <span class='ocrx_word' id='word_1_827' title='bbox 1721 2085 1778 2119; x_wconf 82' lang='lat' dir='ltr'><strong>glo-</strong></span> 
     </span>
    </p>
   </div>
   <div class='ocr_carea' id='block_1_102' title="bbox 985 2123 1776 2159">
    <p class='ocr_par' dir='ltr' id='par_1_102' title="bbox 985 2123 1776 2159">
     <span class='ocr_line' id='line_1_104' title="bbox 985 2123 1776 2159; baseline 0.013 -10"><span class='ocrx_word' id='word_1_828' title='bbox 985 2123 1078 2153; x_wconf 85' lang='lat' dir='ltr'><strong>rietur.</strong></span> <span class='ocrx_word' id='word_1_829' title='bbox 1095 2130 1149 2150; x_wconf 87' lang='lat' dir='ltr'><strong>non</strong></span> <span class='ocrx_word' id='word_1_830' title='bbox 1163 2123 1190 2150; x_wconf 92' lang='lat' dir='ltr'><strong>in</strong></span> <span class='ocrx_word' id='word_1_831' title='bbox 1203 2123 1256 2151; x_wconf 86' lang='lat' dir='ltr'><strong>alio</strong></span> <span class='ocrx_word' id='word_1_832' title='bbox 1269 2131 1276 2150; x_wconf 87' lang='lat'><strong>:</strong></span> <span class='ocrx_word' id='word_1_833' title='bbox 1289 2131 1303 2150; x_wconf 88' lang='lat' dir='ltr'><strong>a</strong></span> <span class='ocrx_word' id='word_1_834' title='bbox 1314 2123 1423 2151; x_wconf 81' lang='lat' dir='ltr'><strong>Chi-isto</strong></span> <span class='ocrx_word' id='word_1_835' title='bbox 1433 2127 1522 2153; x_wconf 82' lang='lat' dir='ltr'><strong>omnia</strong></span> <span class='ocrx_word' id='word_1_836' title='bbox 1540 2127 1608 2154; x_wconf 82' lang='lat' dir='ltr'><strong>facta</strong></span> <span class='ocrx_word' id='word_1_837' title='bbox 1624 2135 1696 2156; x_wconf 85' lang='lat' dir='ltr'><strong>sunt.</strong></span> <span class='ocrx_word' id='word_1_838' title='bbox 1713 2131 1776 2159; x_wconf 83' lang='lat' dir='ltr'><strong>ideo</strong></span> 
     </span>
    </p>
   </div>
   <div class='ocr_carea' id='block_1_103' title="bbox 984 2169 1777 2210">
    <p class='ocr_par' dir='ltr' id='par_1_103' title="bbox 984 2169 1777 2210">
     <span class='ocr_line' id='line_1_105' title="bbox 984 2169 1777 2210; baseline 0.01 -14"><span class='ocrx_word' id='word_1_839' title='bbox 984 2177 1045 2197; x_wconf 90' lang='lat' dir='ltr'><strong>cuni</strong></span> <span class='ocrx_word' id='word_1_840' title='bbox 1059 2169 1189 2203; x_wconf 73' lang='lat' dir='ltr'><strong>dixisset,</strong></span> <span class='ocrx_word' id='word_1_841' title='bbox 1206 2170 1256 2204; x_wconf 83' lang='lat' dir='ltr'><strong>Qui</strong></span> <span class='ocrx_word' id='word_1_842' title='bbox 1269 2170 1352 2204; x_wconf 70' lang='lat' dir='ltr'><strong>fartus</strong></span> <span class='ocrx_word' id='word_1_843' title='bbox 1366 2176 1403 2198; x_wconf 81' lang='lat' dir='ltr'><strong>est</strong></span> <span class='ocrx_word' id='word_1_844' title='bbox 1414 2172 1484 2199; x_wconf 71' lang='lat' dir='ltr'><strong>nobis</strong></span> <span class='ocrx_word' id='word_1_845' title='bbox 1495 2174 1619 2208; x_wconf 74' lang='lat' dir='ltr'><strong>sapientia</strong></span> <span class='ocrx_word' id='word_1_846' title='bbox 1633 2179 1656 2202; x_wconf 69' lang='lat' dir='ltr'><strong>at</strong></span> <span class='ocrx_word' id='word_1_847' title='bbox 1675 2177 1777 2210; x_wconf 77' lang='lat' dir='ltr'><strong>jitslilt&#39;a</strong></span> 
     </span>
    </p>
   </div>
   <div class='ocr_carea' id='block_1_104' title="bbox 985 2217 1778 2257">
    <p class='ocr_par' dir='ltr' id='par_1_104' title="bbox 985 2217 1778 2257">
     <span class='ocr_line' id='line_1_106' title="bbox 985 2217 1778 2257; baseline 0.009 -14"><span class='ocrx_word' id='word_1_848' title='bbox 985 2217 1182 2251; x_wconf 72' lang='lat' dir='ltr'><strong>ctsanctiﬁcatio</strong></span> <span class='ocrx_word' id='word_1_849' title='bbox 1191 2222 1215 2244; x_wconf 85' lang='lat' dir='ltr'><strong>ct</strong></span> <span class='ocrx_word' id='word_1_850' title='bbox 1226 2217 1375 2250; x_wconf 76' lang='lat' dir='ltr'><strong>redemptio,</strong></span> <span class='ocrx_word' id='word_1_851' title='bbox 1384 2218 1537 2252; x_wconf 76' lang='lat' dir='ltr'><strong>subiunxit:</strong></span> <span class='ocrx_word' id='word_1_852' title='bbox 1550 2220 1644 2254; x_wconf 69' lang='lat'><strong>51.17:,</strong></span> <span class='ocrx_word' id='word_1_853' title='bbox 1656 2226 1778 2257; x_wconf 64' lang='lat' dir='ltr'><strong>quemad-</strong></span> 
     </span>
    </p>
   </div>
   <div class='ocr_carea' id='block_1_105' title="bbox 985 2263 1776 2303">
    <p class='ocr_par' dir='ltr' id='par_1_105' title="bbox 985 2263 1776 2303">
     <span class='ocr_line' id='line_1_107' title="bbox 985 2263 1776 2303; baseline 0.01 -15"><span class='ocrx_word' id='word_1_854' title='bbox 985 2263 1088 2289; x_wconf 81' lang='lat' dir='ltr'><strong>modum</strong></span> <span class='ocrx_word' id='word_1_855' title='bbox 1098 2263 1219 2298; x_wconf 72' lang='lat' dir='ltr'><strong>scriptum</strong></span> <span class='ocrx_word' id='word_1_856' title='bbox 1227 2267 1274 2295; x_wconf 67' lang='lat' dir='ltr'><strong>est,</strong></span> <span class='ocrx_word' id='word_1_857' title='bbox 1286 2263 1336 2296; x_wconf 84' lang='lat' dir='ltr'><strong>Qui</strong></span> <span class='ocrx_word' id='word_1_858' title='bbox 1349 2263 1484 2299; x_wconf 85' lang='lat' dir='ltr'><strong>gloriatur,</strong></span> <span class='ocrx_word' id='word_1_859' title='bbox 1493 2265 1519 2291; x_wconf 83' lang='lat' dir='ltr'><strong>in</strong></span> <span class='ocrx_word' id='word_1_860' title='bbox 1534 2264 1643 2293; x_wconf 85' lang='lat' dir='ltr'><strong>Domino</strong></span> <span class='ocrx_word' id='word_1_861' title='bbox 1653 2268 1776 2303; x_wconf 78' lang='lat' dir='ltr'><strong>glorietur</strong></span> 
     </span>
    </p>
   </div>
   <div class='ocr_carea' id='block_1_106' title="bbox 986 2308 1776 2344">
    <p class='ocr_par' dir='ltr' id='par_1_106' title="bbox 986 2308 1776 2344">
     <span class='ocr_line' id='line_1_108' title="bbox 986 2308 1776 2344; baseline 0.009 -9"><span class='ocrx_word' id='word_1_862' title='bbox 986 2309 1053 2344; x_wconf 83' lang='lat' dir='ltr'><strong>(Jer.</strong></span> <span class='ocrx_word' id='word_1_863' title='bbox 1077 2308 1104 2336; x_wconf 87' lang='lat'><strong>9.</strong></span> <span class='ocrx_word' id='word_1_864' title='bbox 1118 2308 1176 2344; x_wconf 73' lang='lat'><strong>25).</strong></span> <span class='ocrx_word' id='word_1_865' title='bbox 1191 2309 1335 2344; x_wconf 85' lang='lat' dir='ltr'><strong>Propterea</strong></span> <span class='ocrx_word' id='word_1_866' title='bbox 1354 2308 1435 2336; x_wconf 90' lang='lat' dir='ltr'><strong>etiam</strong></span> <span class='ocrx_word' id='word_1_867' title='bbox 1451 2310 1528 2338; x_wconf 82' lang='lat' dir='ltr'><strong>valde</strong></span> <span class='ocrx_word' id='word_1_868' title='bbox 1550 2311 1671 2340; x_wconf 84' lang='lat' dir='ltr'><strong>invectus</strong></span> <span class='ocrx_word' id='word_1_869' title='bbox 1694 2319 1735 2341; x_wconf 86' lang='lat' dir='ltr'><strong>est</strong></span> <span class='ocrx_word' id='word_1_870' title='bbox 1750 2315 1776 2342; x_wconf 91' lang='lat' dir='ltr'><strong>in</strong></span> 
     </span>
    </p>
   </div>
   <div class='ocr_carea' id='block_1_107' title="bbox 983 2354 1774 2391">
    <p class='ocr_par' dir='ltr' id='par_1_107' title="bbox 983 2354 1774 2391">
     <span class='ocr_line' id='line_1_109' title="bbox 983 2354 1774 2391; baseline 0.009 -10"><span class='ocrx_word' id='word_1_871' title='bbox 983 2355 1143 2390; x_wconf 87' lang='lat' dir='ltr'><strong>sapientiam</strong></span> <span class='ocrx_word' id='word_1_872' title='bbox 1155 2354 1326 2387; x_wconf 64' lang='lat' dir='ltr'><strong>Graecorum;</strong></span> <span class='ocrx_word' id='word_1_873' title='bbox 1344 2360 1372 2382; x_wconf 90' lang='lat' dir='ltr'><strong>ut</strong></span> <span class='ocrx_word' id='word_1_874' title='bbox 1385 2355 1437 2383; x_wconf 91' lang='lat' dir='ltr'><strong>hoc</strong></span> <span class='ocrx_word' id='word_1_875' title='bbox 1449 2355 1506 2390; x_wconf 86' lang='lat' dir='ltr'><strong>ipso</strong></span> <span class='ocrx_word' id='word_1_876' title='bbox 1522 2359 1680 2391; x_wconf 85' lang='lat' dir='ltr'><strong>persuadeat</strong></span> <span class='ocrx_word' id='word_1_877' title='bbox 1694 2359 1774 2388; x_wconf 83' lang='lat' dir='ltr'><strong>homi-</strong></span> 
     </span>
    </p>
   </div>
   <div class='ocr_carea' id='block_1_108' title="bbox 985 2399 1776 2439">
    <p class='ocr_par' dir='ltr' id='par_1_108' title="bbox 985 2399 1776 2439">
     <span class='ocr_line' id='line_1_110' title="bbox 985 2399 1776 2439; baseline 0.009 -12"><span class='ocrx_word' id='word_1_878' title='bbox 985 2400 1073 2433; x_wconf 90' lang='lat' dir='ltr'><strong>nibus,</strong></span> <span class='ocrx_word' id='word_1_879' title='bbox 1090 2404 1119 2427; x_wconf 87' lang='lat' dir='ltr'><strong>tit</strong></span> <span class='ocrx_word' id='word_1_880' title='bbox 1133 2400 1212 2427; x_wconf 91' lang='lat' dir='ltr'><strong>etiam</strong></span> <span class='ocrx_word' id='word_1_881' title='bbox 1225 2399 1326 2434; x_wconf 84' lang='lat' dir='ltr'><strong>justum</strong></span> <span class='ocrx_word' id='word_1_882' title='bbox 1340 2404 1391 2435; x_wconf 85' lang='lat' dir='ltr'><strong>est,</strong></span> <span class='ocrx_word' id='word_1_883' title='bbox 1407 2406 1436 2428; x_wconf 89' lang='lat' dir='ltr'><strong>ut</strong></span> <span class='ocrx_word' id='word_1_884' title='bbox 1450 2399 1476 2428; x_wconf 93' lang='lat' dir='ltr'><strong>in</strong></span> <span class='ocrx_word' id='word_1_885' title='bbox 1488 2402 1602 2430; x_wconf 91' lang='lat' dir='ltr'><strong>Domino</strong></span> <span class='ocrx_word' id='word_1_886' title='bbox 1616 2404 1776 2439; x_wconf 77' lang='lat' dir='ltr'><strong>glorientur.</strong></span> 
     </span>
    </p>
   </div>
   <div class='ocr_carea' id='block_1_109' title="bbox 983 2445 1774 2486">
    <p class='ocr_par' dir='ltr' id='par_1_109' title="bbox 983 2445 1774 2486">
     <span class='ocr_line' id='line_1_111' title="bbox 983 2445 1774 2486; baseline 0.009 -13"><span class='ocrx_word' id='word_1_887' title='bbox 983 2446 1050 2474; x_wconf 72' lang='lat' dir='ltr'><strong>Nam</strong></span> <span class='ocrx_word' id='word_1_888' title='bbox 1064 2454 1125 2474; x_wconf 86' lang='lat' dir='ltr'><strong>eum</strong></span> <span class='ocrx_word' id='word_1_889' title='bbox 1136 2454 1150 2473; x_wconf 83' lang='lat'><strong>.1</strong></span> <span class='ocrx_word' id='word_1_890' title='bbox 1165 2445 1241 2474; x_wconf 89' lang='lat' dir='ltr'><strong>nobis</strong></span> <span class='ocrx_word' id='word_1_891' title='bbox 1256 2446 1321 2482; x_wconf 87' lang='lat' dir='ltr'><strong>ipsis</strong></span> <span class='ocrx_word' id='word_1_892' title='bbox 1338 2455 1397 2482; x_wconf 59' lang='lat' dir='ltr'><strong>quae</strong></span> <span class='ocrx_word' id='word_1_893' title='bbox 1407 2455 1457 2476; x_wconf 85' lang='lat' dir='ltr'><strong>nos</strong></span> <span class='ocrx_word' id='word_1_894' title='bbox 1470 2455 1598 2484; x_wconf 89' lang='lat' dir='ltr'><strong>superant</strong></span> <span class='ocrx_word' id='word_1_895' title='bbox 1618 2453 1774 2486; x_wconf 72' lang='lat' dir='ltr'><strong>quierinqu</strong></span> 
     </span>
    </p>
   </div>
   <div class='ocr_carea' id='block_1_110' title="bbox 984 2493 1775 2534">
    <p class='ocr_par' dir='ltr' id='par_1_110' title="bbox 984 2493 1775 2534">
     <span class='ocr_line' id='line_1_112' title="bbox 984 2493 1775 2534; baseline 0.01 -15"><span class='ocrx_word' id='word_1_896' title='bbox 984 2493 1049 2520; x_wconf 90' lang='lat' dir='ltr'><strong>nihil</strong></span> <span class='ocrx_word' id='word_1_897' title='bbox 1073 2497 1114 2520; x_wconf 84' lang='lat' dir='ltr'><strong>est</strong></span> <span class='ocrx_word' id='word_1_898' title='bbox 1137 2493 1214 2520; x_wconf 88' lang='lat' dir='ltr'><strong>nobis</strong></span> <span class='ocrx_word' id='word_1_899' title='bbox 1227 2494 1335 2520; x_wconf 83' lang='lat' dir='ltr'><strong>stultius</strong></span> <span class='ocrx_word' id='word_1_900' title='bbox 1348 2514 1355 2526; x_wconf 89' lang='lat'><strong>,</strong></span> <span class='ocrx_word' id='word_1_901' title='bbox 1371 2493 1437 2521; x_wconf 90' lang='lat' dir='ltr'><strong>nibil</strong></span> <span class='ocrx_word' id='word_1_902' title='bbox 1462 2495 1630 2525; x_wconf 87' lang='lat' dir='ltr'><strong>imbecillius.</strong></span> <span class='ocrx_word' id='word_1_903' title='bbox 1646 2498 1775 2534; x_wconf 77' lang='lat' dir='ltr'><strong>Linguam</strong></span> 
     </span>
    </p>
   </div>
   <div class='ocr_carea' id='block_1_111' title="bbox 983 2537 1776 2578">
    <p class='ocr_par' dir='ltr' id='par_1_111' title="bbox 983 2537 1776 2578">
     <span class='ocr_line' id='line_1_113' title="bbox 983 2537 1776 2578; baseline 0.009 -15"><span class='ocrx_word' id='word_1_904' title='bbox 983 2538 1054 2565; x_wconf 89' lang='lat' dir='ltr'><strong>enim</strong></span> <span class='ocrx_word' id='word_1_905' title='bbox 1069 2542 1173 2565; x_wconf 85' lang='lat' dir='ltr'><strong>acutam</strong></span> <span class='ocrx_word' id='word_1_906' title='bbox 1189 2537 1287 2565; x_wconf 87' lang='lat' dir='ltr'><strong>habere</strong></span> <span class='ocrx_word' id='word_1_907' title='bbox 1299 2546 1455 2573; x_wconf 88' lang='lat' dir='ltr'><strong>possumus;</strong></span> <span class='ocrx_word' id='word_1_908' title='bbox 1468 2541 1590 2576; x_wconf 82' lang='lat' dir='ltr'><strong>dogmata</strong></span> <span class='ocrx_word' id='word_1_909' title='bbox 1603 2550 1666 2572; x_wconf 87' lang='lat' dir='ltr'><strong>vero</strong></span> <span class='ocrx_word' id='word_1_910' title='bbox 1679 2545 1776 2578; x_wconf 78' lang='lat' dir='ltr'><strong>solida,</strong></span> 
     </span>
    </p>
   </div>
   <div class='ocr_carea' id='block_1_112' title="bbox 983 2584 1779 2622">
    <p class='ocr_par' dir='ltr' id='par_1_112' title="bbox 983 2584 1779 2622">
     <span class='ocr_line' id='line_1_114' title="bbox 983 2584 1779 2622; baseline 0.01 -11"><span class='ocrx_word' id='word_1_911' title='bbox 983 2592 1036 2612; x_wconf 90' lang='lat' dir='ltr'><strong>non</strong></span> <span class='ocrx_word' id='word_1_912' title='bbox 1051 2584 1132 2617; x_wconf 88' lang='lat' dir='ltr'><strong>item;</strong></span> <span class='ocrx_word' id='word_1_913' title='bbox 1149 2585 1195 2612; x_wconf 90' lang='lat' dir='ltr'><strong>sed</strong></span> <span class='ocrx_word' id='word_1_914' title='bbox 1205 2593 1364 2613; x_wconf 85' lang='lat' dir='ltr'><strong>aranearum</strong></span> <span class='ocrx_word' id='word_1_915' title='bbox 1380 2587 1439 2614; x_wconf 86' lang='lat' dir='ltr'><strong>telis</strong></span> <span class='ocrx_word' id='word_1_916' title='bbox 1451 2596 1497 2622; x_wconf 89' lang='lat' dir='ltr'><strong>per</strong></span> <span class='ocrx_word' id='word_1_917' title='bbox 1505 2596 1535 2616; x_wconf 85' lang='lat' dir='ltr'><strong>se</strong></span> <span class='ocrx_word' id='word_1_918' title='bbox 1547 2589 1644 2617; x_wconf 86' lang='lat' dir='ltr'><strong>similia</strong></span> <span class='ocrx_word' id='word_1_919' title='bbox 1659 2596 1723 2619; x_wconf 87' lang='lat' dir='ltr'><strong>sunt</strong></span> <span class='ocrx_word' id='word_1_920' title='bbox 1735 2601 1779 2619; x_wconf 86' lang='lat' dir='ltr'><strong>ra-</strong></span> 
     </span>
    </p>
   </div>
   <div class='ocr_carea' id='block_1_113' title="bbox 984 2629 1778 2668">
    <p class='ocr_par' dir='ltr' id='par_1_113' title="bbox 984 2629 1778 2668">
     <span class='ocr_line' id='line_1_115' title="bbox 984 2629 1778 2668; baseline 0.01 -12"><span class='ocrx_word' id='word_1_921' title='bbox 984 2629 1102 2657; x_wconf 79' lang='lat' dir='ltr'><strong>liociuia.</strong></span> <span class='ocrx_word' id='word_1_922' title='bbox 1127 2629 1167 2657; x_wconf 86' lang='lat' dir='ltr'><strong>Eo</strong></span> <span class='ocrx_word' id='word_1_923' title='bbox 1179 2629 1250 2658; x_wconf 87' lang='lat' dir='ltr'><strong>enim</strong></span> <span class='ocrx_word' id='word_1_924' title='bbox 1264 2630 1372 2665; x_wconf 88' lang='lat' dir='ltr'><strong>quidam</strong></span> <span class='ocrx_word' id='word_1_925' title='bbox 1389 2639 1576 2667; x_wconf 84' lang='lat' dir='ltr'><strong>processerant</strong></span> <span class='ocrx_word' id='word_1_926' title='bbox 1590 2637 1724 2668; x_wconf 62' lang='lat' dir='ltr'><strong>aiiieutia‘,</strong></span> <span class='ocrx_word' id='word_1_927' title='bbox 1748 2644 1778 2666; x_wconf 90' lang='lat' dir='ltr'><strong>ut</strong></span> 
     </span>
    </p>
   </div>
   <div class='ocr_carea' id='block_1_114' title="bbox 983 2677 1773 2717">
    <p class='ocr_par' dir='ltr' id='par_1_114' title="bbox 983 2677 1773 2717">
     <span class='ocr_line' id='line_1_116' title="bbox 983 2677 1773 2717; baseline 0.009 -13"><span class='ocrx_word' id='word_1_928' title='bbox 983 2684 1075 2704; x_wconf 88' lang='lat' dir='ltr'><strong>eorum</strong></span> <span class='ocrx_word' id='word_1_929' title='bbox 1089 2685 1147 2712; x_wconf 82' lang='lat' dir='ltr'><strong>qua:</strong></span> <span class='ocrx_word' id='word_1_930' title='bbox 1162 2681 1224 2704; x_wconf 92' lang='lat' dir='ltr'><strong>sunt</strong></span> <span class='ocrx_word' id='word_1_931' title='bbox 1239 2677 1305 2704; x_wconf 88' lang='lat' dir='ltr'><strong>nihil</strong></span> <span class='ocrx_word' id='word_1_932' title='bbox 1319 2685 1411 2706; x_wconf 88' lang='lat' dir='ltr'><strong>verum</strong></span> <span class='ocrx_word' id='word_1_933' title='bbox 1427 2687 1489 2707; x_wconf 61' lang='lat' dir='ltr'><strong>esse</strong></span> <span class='ocrx_word' id='word_1_934' title='bbox 1510 2680 1631 2709; x_wconf 87' lang='lat' dir='ltr'><strong>dicerent</strong></span> <span class='ocrx_word' id='word_1_935' title='bbox 1645 2703 1651 2714; x_wconf 83' lang='grc'>,</span> <span class='ocrx_word' id='word_1_936' title='bbox 1666 2685 1714 2710; x_wconf 84' lang='lat' dir='ltr'><strong>sed</strong></span> <span class='ocrx_word' id='word_1_937' title='bbox 1729 2683 1773 2717; x_wconf 80' lang='lat' dir='ltr'><strong>iis,</strong></span> 
     </span>
    </p>
   </div>
   <div class='ocr_carea' id='block_1_115' title="bbox 983 2723 1775 2757">
    <p class='ocr_par' dir='ltr' id='par_1_115' title="bbox 983 2723 1775 2757">
     <span class='ocr_line' id='line_1_117' title="bbox 983 2723 1775 2757; baseline 0.01 -10"><span class='ocrx_word' id='word_1_938' title='bbox 983 2729 1043 2757; x_wconf 65' lang='grc' dir='ltr'><strong>(μω</strong></span> <span class='ocrx_word' id='word_1_939' title='bbox 1068 2727 1239 2756; x_wconf 84' lang='lat' dir='ltr'><strong>apparerent,</strong></span> <span class='ocrx_word' id='word_1_940' title='bbox 1255 2723 1345 2750; x_wconf 82' lang='lat' dir='ltr'><strong>omnia</strong></span> <span class='ocrx_word' id='word_1_941' title='bbox 1371 2726 1505 2752; x_wconf 85' lang='lat' dir='ltr'><strong>contraria</strong></span> <span class='ocrx_word' id='word_1_942' title='bbox 1525 2734 1586 2754; x_wconf 85' lang='lat' dir='ltr'><strong>esse</strong></span> <span class='ocrx_word' id='word_1_943' title='bbox 1600 2728 1775 2755; x_wconf 84' lang='lat' dir='ltr'><strong>alllriiiareul.</strong></span> 
     </span>
    </p>
   </div>
   <div class='ocr_carea' id='block_1_116' title="bbox 983 2766 1774 2802">
    <p class='ocr_par' dir='ltr' id='par_1_116' title="bbox 983 2766 1774 2802">
     <span class='ocr_line' id='line_1_118' title="bbox 983 2766 1774 2802; baseline 0.009 -9"><span class='ocrx_word' id='word_1_944' title='bbox 983 2766 1054 2794; x_wconf 86' lang='lat' dir='ltr'><strong>Niliil</strong></span> <span class='ocrx_word' id='word_1_945' title='bbox 1069 2774 1133 2802; x_wconf 75' lang='lat' dir='ltr'><strong>ergo</strong></span> <span class='ocrx_word' id='word_1_946' title='bbox 1146 2771 1218 2794; x_wconf 89' lang='lat' dir='ltr'><strong>tuum</strong></span> <span class='ocrx_word' id='word_1_947' title='bbox 1232 2775 1292 2795; x_wconf 85' lang='lat' dir='ltr'><strong>esse</strong></span> <span class='ocrx_word' id='word_1_948' title='bbox 1307 2768 1422 2802; x_wconf 79' lang='lat' dir='ltr'><strong>dixeris,</strong></span> <span class='ocrx_word' id='word_1_949' title='bbox 1439 2770 1485 2797; x_wconf 90' lang='lat' dir='ltr'><strong>sed</strong></span> <span class='ocrx_word' id='word_1_950' title='bbox 1500 2770 1527 2798; x_wconf 94' lang='lat' dir='ltr'><strong>iii</strong></span> <span class='ocrx_word' id='word_1_951' title='bbox 1541 2771 1665 2799; x_wconf 85' lang='lat' dir='ltr'><strong>omnibus</strong></span> <span class='ocrx_word' id='word_1_952' title='bbox 1678 2773 1704 2800; x_wconf 91' lang='lat' dir='ltr'><strong>in</strong></span> <span class='ocrx_word' id='word_1_953' title='bbox 1718 2773 1774 2800; x_wconf 86' lang='lat' dir='ltr'><strong>Deo</strong></span> 
     </span>
    </p>
   </div>
   <div class='ocr_carea' id='block_1_117' title="bbox 983 2811 1776 2851">
    <p class='ocr_par' dir='ltr' id='par_1_117' title="bbox 983 2811 1776 2851">
     <span class='ocr_line' id='line_1_119' title="bbox 983 2811 1776 2851; baseline 0.008 -13"><span class='ocrx_word' id='word_1_954' title='bbox 983 2811 1124 2846; x_wconf 73' lang='lat' dir='ltr'><strong>glmieris;</strong></span> <span class='ocrx_word' id='word_1_955' title='bbox 1141 2812 1206 2839; x_wconf 90' lang='lat' dir='ltr'><strong>nulli</strong></span> <span class='ocrx_word' id='word_1_956' title='bbox 1229 2812 1331 2840; x_wconf 85' lang='lat' dir='ltr'><strong>homini</strong></span> <span class='ocrx_word' id='word_1_957' title='bbox 1346 2814 1445 2849; x_wconf 86' lang='lat' dir='ltr'><strong>aliquid</strong></span> <span class='ocrx_word' id='word_1_958' title='bbox 1470 2824 1594 2851; x_wconf 88' lang='lat' dir='ltr'><strong>umquam</strong></span> <span class='ocrx_word' id='word_1_959' title='bbox 1618 2817 1728 2844; x_wconf 87' lang='lat' dir='ltr'><strong>tribuas.</strong></span> <span class='ocrx_word' id='word_1_960' title='bbox 1745 2818 1776 2845; x_wconf 82' lang='lat' dir='ltr'><strong>Si</strong></span> 
     </span>
    </p>
   </div>
   <div class='ocr_carea' id='block_1_118' title="bbox 984 2857 1776 2898">
    <p class='ocr_par' dir='ltr' id='par_1_118' title="bbox 984 2857 1776 2898">
     <span class='ocr_line' id='line_1_120' title="bbox 984 2857 1776 2898; baseline 0.009 -14"><span class='ocrx_word' id='word_1_961' title='bbox 984 2857 1055 2885; x_wconf 84' lang='lat' dir='ltr'><strong>enim</strong></span> <span class='ocrx_word' id='word_1_962' title='bbox 1073 2858 1157 2887; x_wconf 87' lang='lat' dir='ltr'><strong>Paulo</strong></span> <span class='ocrx_word' id='word_1_963' title='bbox 1167 2858 1232 2887; x_wconf 85' lang='lat' dir='ltr'><strong>nihil</strong></span> <span class='ocrx_word' id='word_1_964' title='bbox 1247 2864 1288 2887; x_wconf 87' lang='lat' dir='ltr'><strong>est</strong></span> <span class='ocrx_word' id='word_1_965' title='bbox 1300 2861 1511 2896; x_wconf 88' lang='lat' dir='ltr'><strong>attribuendiim,</strong></span> <span class='ocrx_word' id='word_1_966' title='bbox 1527 2863 1611 2891; x_wconf 89' lang='lat' dir='ltr'><strong>multo</strong></span> <span class='ocrx_word' id='word_1_967' title='bbox 1626 2862 1711 2898; x_wconf 81' lang='lat' dir='ltr'><strong>magis</strong></span> <span class='ocrx_word' id='word_1_968' title='bbox 1724 2872 1776 2891; x_wconf 52' lang='lat' dir='ltr'><strong>cur</strong></span> 
     </span>
    </p>
   </div>
  </div>
