2060 3111
269 130 304 157 43
659 126 687 154 S.
708 123 845 153 JOANNiS
863 120 1101 151 CHRYSOSTOMI
1123 121 1278 149 ARCIIIEP.
1299 120 1566 149 CONSTANTINOP.
1873 122 1908 150 Μ

269 189 335 218 teris
349 197 357 216 :
373 195 434 216 tvm
447 187 483 214 ait
498 185 554 218 illo,
580 183 633 219 Εοο
645 182 768 218 ριηκιαυὶ,
780 180 872 216 Apollo
881 179 982 214 rigavit,
996 177 1063 204 Deus

270 240 356 262 autem
369 235 549 261 incrementum
561 230 631 257 dedit
643 229 682 264 (i.
699 227 758 255 Cor.
773 227 800 254 5.
813 226 852 260 6).
866 224 917 258 Qui
929 222 1021 250 didicit
1038 222 1063 248 itt

272 279 387 308 Domino
401 277 529 314 gloriari,
541 281 686 310 numquam
702 279 762 300 sese
773 271 866 298 efferet
875 290 882 303 ,
898 269 944 296 sed
959 275 1065 303 semper

270 327 393 356 modeste
405 330 476 360 aget,
490 328 517 352 et
531 323 558 350 itt
583 321 706 349 ontnibtts
719 323 810 353 gratus
828 317 888 344 erit.
904 316 958 343 [tes
976 320 1064 342 autem

270 374 428 401 Graecorum
444 377 497 398 non
513 373 577 396 sunt
601 365 753 400 hujusmudi
766 385 773 396 ,
795 363 843 390 seti
859 364 948 389 omnia
962 361 999 388 illi
1015 360 1065 388 sibi

271 418 437 446 adscribunt.
455 415 568 449 Ideoque
582 421 613 441 ex
629 411 781 439 bominilms
792 409 858 437 deos
872 407 985 439 faciunt;
1000 407 1067 434 adeo

272 465 334 492 illos
346 461 494 496 arrogantia
506 457 696 494 pcssumdedit.
711 456 820 482 Demum
832 454 896 480 hora
911 457 952 480 est
965 457 992 478 ιιι
1006 458 1066 478 cuttt

272 510 327 538 illis
341 512 539 536 concertemus.
556 504 606 532 Ubi
622 511 687 538 ergo
699 502 743 530 die
763 500 894 536 superiori
917 498 1066 526 oralionem

273 552 450 590 reliquimus?
463 551 631 581 Dicebantus,
644 557 697 576 non
710 554 788 582 posse
801 554 834 573 ex
850 546 963 571 ltumana
974 550 1068 570 conse-

274 599 382 636 quentia
392 597 568 633 philosophos
581 604 596 623 a
612 593 790 630 piscatoribus
800 590 921 626 superari
933 599 940 617 :
952 594 1068 616 attamen

275 634 335 673 fieri
348 644 450 680 potuit;
470 642 540 670 unde
555 641 641 676 palam
656 643 717 670 est,
733 637 758 665 id
783 644 831 672 per
843 637 955 671 gratiam
972 634 1069 661 factum

275 699 347 720 csse.
362 689 522 718 Dicebatuus
535 687 592 714 ﬁeri
608 693 660 713 non
674 691 753 720 posse
764 703 772 717 ,
788 687 816 710 ut
831 686 869 709 tot
884 685 911 708 et
936 685 988 707 tam
1004 687 1072 715 prte-

276 739 348 766 clara
362 741 436 772 gesta
447 734 489 762 vel
504 733 651 769 cogitarent
663 730 770 766 quidem
787 737 795 761 ;
809 733 837 756 et
851 726 1018 755 ostendimus
1036 725 1071 752 il-

278 785 319 812 los
331 771 383 811 non
399 781 478 809 modo
491 781 633 815 cogitasse,
647 777 694 805 sed
710 776 790 804 etiam
806 782 866 802 cum
878 780 974 808 ntagna
988 771 1072 799 facili-

279 835 334 858 tate
347 829 380 856 ad
394 828 474 855 ﬁnem
486 825 652 861 perduxisse.

318 874 360 902 Ea;
374 874 456 909 gratia
470 872 554 898 diuina
576 868 684 904 apostoli
708 867 793 894 at'bctn
806 869 988 893 converterunt.
1001 879 1034 883 ——
1046 862 1073 890 In

280 922 333 949 ltoc
345 920 402 956 ipso
418 918 498 945 hodie
509 915 639 944 orationis
649 913 737 949 capite
750 920 799 940 ttos
810 911 1012 939 cxercebimus:
1027 917 1076 935 utt-

280 967 377 994 deuam
393 965 446 992 illis
466 961 572 991 venerit
587 961 613 988 in
629 964 759 992 mentem,
773 961 803 985 ut
816 960 959 992 sperarent
983 963 1013 982 se
1034 959 1075 981 to-

281 1021 337 1041 tum
348 1012 440 1040 orbem
452 1014 531 1038 terra:
543 1015 621 1044 posse
631 1007 750 1039 vincere,
763 1005 787 1032 si
798 1012 850 1031 non
862 1003 991 1030 vidissent
999 1001 1077 1028 Clu-i-

282 1065 353 1088 stum
367 1055 560 1086 resurrexisse.
580 1054 648 1082 Num
663 1053 689 1080 itt
706 1051 804 1079 mentis
817 1057 928 1078 excessu
942 1047 1076 1083 quidpiam

283 1105 336 1133 tale
360 1102 558 1131 inconsiderate
585 1104 613 1128 et
635 1103 739 1126 temere
763 1094 932 1131 cogitarunt?
963 1093 1076 1120 Omnem

283 1150 382 1185 quippe
403 1147 547 1175 amentiam
565 1148 685 1179 superat,
700 1143 800 1177 absque
816 1141 861 1168 Dci
877 1139 964 1185 gratia,
977 1142 1076 1185 tantam

285 1183 342 1224 rem
350 1183 449 1230 perlici
465 1199 544 1228 posse
557 1197 677 1226 sperare.
705 1187 845 1222 Quomodo
860 1186 910 1212 hoc
928 1183 1080 1212 effecissent

285 1241 450 1270 insanientes
462 1244 490 1266 et
501 1239 526 1265 in
541 1236 639 1265 mentis
651 1233 780 1262 excessu?
791 1233 837 1260 Siti
848 1238 911 1258 vero
919 1237 990 1257 sana:
1004 1236 1080 1256 men-

289 1289 323 1315 ti<
337 1290 426 1318 erant,
442 1288 508 1312 utet
519 1291 563 1311 res
577 1283 641 1317 ipsa:
656 1280 781 1316 probant,
796 1277 929 1313 quomodo
943 1283 997 1302 non
1007 1281 1081 1301 acce-

289 1334 341 1368 ptis
351 1340 385 1360 ex
397 1331 464 1359 caelo
476 1329 528 1356 ﬁde
538 1327 625 1363 dignis
634 1325 800 1362 pignoribus,
813 1331 863 1351 nec
874 1328 1018 1356 supernam
1033 1319 1080 1346 ad-

289 1379 344 1413 epti
357 1376 546 1414 gratiam,ausi
560 1373 693 1402 essentad
708 1376 779 1398 tanta
791 1370 865 1398 exire
878 1369 958 1401 bella,
969 1368 995 1394 in
1009 1373 1079 1414 terra

288 1412 316 1453 et
328 1412 368 1452 ini
379 1422 447 1450 mari
463 1419 644 1455 suscipienda,
660 1422 687 1446 et
700 1418 733 1444 ad
747 1415 890 1444 mutandos
912 1413 993 1441 totius
1008 1412 1082 1439 orbis

290 1477 390 1502 mores,
412 1472 486 1495 tanto
501 1471 622 1500 tempore
634 1463 825 1494 conﬁrmatos,
842 1459 963 1487 homines
980 1457 1082 1485 duode-

289 1518 343 1544 cim
354 1523 383 1542 se
395 1513 536 1548 aecingcrc
551 1517 578 1539 et
593 1511 628 1538 ita
642 1510 746 1537 fortiter
761 1507 852 1535 stare?
867 1506 901 1534 Et
916 1504 985 1540 quod
998 1504 1083 1538 majus

291 1566 349 1594 est,
375 1560 408 1587 ad
431 1559 527 1587 cadum
551 1560 677 1584 vOcautcs
700 1559 726 1582 et
747 1560 876 1588 supernas
891 1550 1082 1581 habitationes,

292 1606 362 1633 unde
377 1603 570 1639 exspectabant
583 1609 613 1629 se
627 1600 795 1628 aulitoribus
815 1603 990 1634 persuasuros
1003 1594 1084 1622 esse?

294 1653 326 1679 lit
339 1651 362 1678 si
375 1650 483 1685 quidem
497 1648 609 1675 fuissent
624 1645 730 1674 educati
741 1645 768 1672 in
783 1644 866 1679 gloria
877 1664 883 1674 ,
899 1642 1006 1678 opibus,
1033 1647 1082 1675 po-

293 1697 377 1724 tentia
390 1700 417 1723 et
428 1694 590 1726 eruditione,
605 1700 638 1720 ne
651 1691 689 1719 sic
703 1691 809 1726 quidem
826 1689 858 1716 ad
871 1693 971 1715 tantam
987 1687 1084 1714 tttolcttt

293 1751 383 1771 rerum
395 1749 424 1769 se
437 1741 567 1768 cxtoilrrc
581 1746 662 1774 posse
673 1737 834 1764 videbantur
846 1744 852 1767 ;
867 1735 914 1762 scd
935 1740 1022 1761 tatneu
1037 1732 1086 1759 ali-

292 1796 346 1824 qua
360 1787 463 1815 ratione
484 1785 613 1820 potuisset
635 1782 788 1818 exspectari
803 1790 809 1807 :
825 1788 896 1808 nunc
911 1788 974 1807 vero
990 1778 1034 1805 alii
1058 1778 1084 1805 itt

295 1834 405 1861 lacubus
418 1853 425 1863 ,
440 1832 485 1859 alii
500 1832 524 1858 in
542 1830 656 1866 pedibus
671 1828 856 1859 versabantur,
874 1826 918 1853 alii
933 1826 958 1852 in
974 1824 1085 1852 telonio.

295 1879 366 1906 Nihil
379 1882 468 1905 aulcttt
479 1881 520 1904 est
536 1876 577 1902 his
593 1874 689 1903 Studiis
705 1874 820 1908 ineptius
833 1873 864 1899 ad
880 1870 1086 1906 pitiinsopitiatlt,

296 1931 324 1953 et
334 1924 366 1951 ad
383 1921 608 1958 persuadendum,
624 1925 651 1947 ut
665 1927 758 1954 magna
772 1918 830 1954 quis
847 1918 1016 1952 iutaginctur,
1031 1923 1088 1942 tta-

295 1971 368 1998 xime
390 1977 455 1997 vero
478 1967 585 2003 quando
610 1966 710 1994 mtlluttt
738 1965 854 1999 suppetit
874 1963 1038 1998 exemplum.
1053 1963 1087 1989 At

295 2018 332 2046 illi
349 2025 402 2044 non
415 2015 495 2044 modo
511 2014 632 2048 exetnpla
645 2020 696 2040 non
713 2012 856 2043 habebant,
869 2010 944 2046 qucis
967 2017 996 2037 se
1009 2017 1088 2044 supe-

296 2069 402 2092 raturos
415 2066 566 2098 sperarent,
583 2060 629 2088 sed
642 2060 723 2087 etiam
739 2058 884 2089 habebant,
897 2056 967 2092 quod
980 2063 1089 2090 supcra-

297 2111 350 2139 turi
376 2117 428 2136 non
443 2111 553 2140 essent,
578 2114 662 2140 caque
675 2108 803 2132 recentia.
826 2102 899 2130 Multi
915 2110 1029 2136 namque
1044 2100 1088 2135 qtti

299 2158 429 2184 innovare
440 2158 616 2185 tentavcraul,
634 2150 757 2178 exstincti
769 2150 873 2176 fuerant
888 2153 953 2183 (non
969 2149 1003 2176 de
1016 2149 1089 2176 Grae-

297 2209 390 2229 corum
407 2200 486 2227 rebus
496 2199 590 2232 loquor
602 2206 608 2229 ;
622 2197 673 2224 illa:
688 2197 786 2231 quippe
800 2195 915 2222 ttonduut
932 2198 1022 2225 erant;
1042 2193 1089 2220 sed

297 2249 333 2275 de
348 2246 411 2281 ipsis
421 2244 520 2272 ludatis
533 2244 628 2271 eodcm
643 2247 762 2276 lctupore
773 2242 792 2276 ),
807 2248 859 2267 non
875 2248 935 2267 cum
948 2239 1088 2267 duodecim

300 2291 463 2323 hominibus,
478 2289 524 2316 Sed
537 2296 597 2316 cum
612 2296 705 2322 magna
720 2286 890 2314 multitudine
905 2293 947 2313 res
960 2284 1088 2319 aggressi.

300 2339 364 2366 Nam
379 2335 504 2363 Thcudas
519 2340 543 2362 et
563 2333 645 2360 Judas
668 2340 778 2367 magnos
801 2332 928 2358 habentes
953 2331 1090 2358 hominum

299 2390 397 2415 conus,
425 2390 485 2409 cum
500 2379 638 2414 discipulis
653 2379 797 2414 perierant.
813 2379 845 2405 Et
859 2386 890 2404 cx
908 2378 949 2404 his
959 2376 1091 2411 exemplis

300 2436 376 2457 ortus
391 2430 470 2455 tintor
487 2430 589 2461 poterat
610 2425 670 2452 illos
694 2424 850 2456 deterrere.
878 2424 927 2450 nisi
948 2423 1090 2450 admodum

301 2473 420 2510 persuasi
435 2469 709 2498 fuissctttsittcdiviua
725 2469 821 2496 virtute
840 2476 890 2494 non
902 2476 980 2503 posse
996 2475 1091 2503 quein-

301 2522 370 2556 piam
385 2525 523 2553 superare.
540 2516 617 2550 Quod
631 2516 654 2542 si
664 2516 744 2542 etiam
764 2524 794 2542 sc
809 2515 914 2542 vincere
930 2522 1008 2549 posse
1030 2521 1092 2548 spe-

301 2568 415 2599 rabant,
426 2573 478 2600 qtta
491 2571 540 2600 spe
554 2563 612 2591 fulti
629 2567 700 2590 tanta
715 2562 844 2589 adiissent
853 2561 980 2596 pericula,
996 2561 1044 2588 nisi
1059 2559 1092 2587 ad

301 2614 390 2641 futura
405 2609 603 2645 respexissent?
627 2608 762 2635 Ponamtts
785 2612 874 2634 atttcttt
890 2607 950 2634 illos
969 2614 1000 2634 se
1014 2615 1093 2642 supe-

301 2663 407 2685 raturos
428 2662 552 2690 sperasse
563 2674 570 2686 ,
585 2653 648 2689 quid
666 2653 731 2679 lucri
747 2652 891 2687 sperabant
904 2660 937 2680 ex
951 2660 999 2684 eo.
1021 2653 1093 2687 quod

301 2711 395 2731 omnes
408 2702 571 2730 adducerent
584 2700 617 2727 ad
633 2707 694 2727 euttt
709 2699 755 2733 qui
772 2706 824 2725 non
841 2699 998 2732 resurrexit,
1024 2699 1093 2726 sicut

301 2748 410 2778 dicitis?

337 2796 361 2823 ι.
385 2795 449 2822 Nam
461 2795 482 2821 si
498 2801 567 2820 nmtc
581 2792 704 2819 homines
717 2792 762 2827 qui
777 2791 951 2819 crediderunt
965 2792 999 2820 de
1010 2800 1093 2827 regno

301 2843 426 2870 extorum
439 2847 465 2868 ct
475 2841 509 2868 de
521 2841 638 2866 ittnutuct
647 2839 668 2866 is
681 2839 768 2873 bonis,
781 2838 888 2866 difficile
900 2839 1016 2874 pericula
1033 2841 1090 2867 sub.

1117 182 1193 209 eunt,
1214 177 1350 212 quomodo
1364 181 1435 204 tanta
1444 178 1578 204 incassum
1591 175 1663 211 passi
1671 181 1772 208 essent,
1782 177 1835 203 imo
1845 184 1910 204 vero

1118 223 1151 249 ad
1171 222 1286 250 malum?
1302 223 1331 250 Si
1344 223 1415 250 enim
1429 230 1484 249 non
1503 222 1572 249 facta
1587 222 1699 249 fuissent
1715 221 1760 249 illa
1773 229 1833 256 qua:
1846 230 1909 250 vero

1118 267 1186 295 facta
1201 272 1272 301 smn,
1293 273 1323 295 et
1337 268 1359 294 si
1378 267 1500 296 Christus
1514 267 1540 294 itt
1553 267 1650 294 emtum
1665 274 1718 294 non
1731 267 1908 299 ascendisset,

1120 314 1176 341 haec
1190 315 1291 349 lingere
1308 314 1504 342 contendentes
1519 319 1545 341 et
1557 314 1617 341 aliis
1631 313 1804 348 persuadere,
1827 314 1908 341 Deum

1119 361 1245 388 offeusnri
1260 365 1337 388 erant
1355 365 1382 387 et
1403 360 1476 387 mille
1496 367 1510 386 a
1524 361 1628 395 superis
1642 359 1752 387 fultnina
1770 366 1909 395 exspecta-
1945 380 1947 383 .

1121 406 1184 433 turi.
1208 405 1332 440 Alioquin
1348 409 1437 432 autem
1451 405 1555 432 etiamsi
1570 405 1676 432 vivente
1689 405 1797 432 Christo
1810 409 1909 432 tantam

1121 452 1276 479 habuissent
1298 451 1478 484 alacritatem,
1499 452 1557 486 ipso
1589 459 1694 480 mortuo
1719 453 1789 480 illam
1812 453 1913 480 exstin-

1122 499 1233 526 xissent.
1247 497 1312 525 Nam
1328 498 1350 525 si
1364 506 1417 524 non
1443 498 1647 530 resurrexisset,
1674 498 1738 533 ipsis
1750 498 1876 534 deceptor
1887 503 1914 526 et

1122 545 1261 572 simulator
1279 543 1382 571 fuisset.
1394 544 1435 570 An
1451 544 1560 570 nescitis
1579 544 1713 571 exercitus
1728 544 1833 571 vivente
1846 544 1913 572 duce

1122 596 1149 618 et
1162 591 1336 626 imperatore,
1352 590 1457 617 etiamsi
1471 589 1573 617 debiles
1588 595 1615 617 et
1630 597 1682 617 non
1703 591 1837 617 numerosi
1849 590 1912 622 sint,

1123 637 1289 670 consistere;
1309 637 1359 664 illis
1380 645 1444 664 vero
1459 636 1603 668 dcfuttctis,
1619 636 1724 663 etiamsi
1745 635 1824 663 validi
1849 636 1914 668 sint,

1125 683 1256 710 dissolvi?
1269 683 1444 716 Quibusnam,
1459 689 1561 717 quzcso,
1575 681 1754 716 probabilibus
1768 681 1915 708 rationibus

1126 729 1198 757 usuri
1214 733 1290 756 erant
1302 728 1517 763 prwdicationcm
1530 726 1692 762 aggressuri,
1713 731 1741 754 et
1755 735 1802 762 per
1822 727 1916 755 orbem

1126 779 1210 803 totum
1223 774 1342 802 exituri?
1357 779 1422 809 quot
1436 773 1635 809 impedimentis
1649 781 1702 801 non
1727 773 1827 801 detenti
1849 773 1917 801 fuis-

1126 820 1208 849 sent?
1222 820 1287 848 Nant
1302 821 1323 847 si
1348 820 1468 848 furentes
1481 825 1557 848 erant
1571 820 1634 856 (hoc
1646 820 1752 848 dicendi
1769 819 1848 848 ﬁueut
1864 829 1918 847 non

1127 866 1240 904 faciant)
1253 888 1261 901 ,
1277 867 1341 894 nihil
1357 868 1461 902 penitus
1476 872 1549 894 recte
1564 867 1729 902 gessissent:
1743 873 1822 894 nemo
1846 867 1918 894 enittt

1127 913 1277 941 furentibus
1289 913 1456 948 obtemperat
1469 921 1474 938 :
1487 912 1610 939 siautem
1620 919 1676 939 rem
1689 912 1756 940 bene
1767 918 1918 947 gesserunt,

1130 963 1158 986 ut
1171 963 1312 994 gesserunt
1336 958 1437 993 utique,
1465 962 1492 985 et
1506 958 1565 984 linis
1581 958 1708 990 ostendit,
1729 958 1847 984 ontnium
1875 965 1921 984 sa-

1131 1005 1288 1039 p'entissitni
1299 1009 1385 1031 crattt.
1395 1003 1422 1032 Si
1436 1004 1554 1032 omnium
1569 1004 1757 1038 sapientissimi
1773 1009 1857 1036 erant,
1873 1011 1922 1037 pa-

1133 1051 1184 1078 lam
1196 1056 1238 1078 est
1252 1051 1312 1078 illos
1332 1059 1384 1078 non
1402 1056 1502 1078 temere
1517 1050 1549 1077 ad
1564 1050 1781 1085 przcdicationem
1804 1050 1920 1077 vniisse-

1130 1097 1185 1124 Nisi
1201 1097 1272 1124 enim
1296 1096 1426 1124 vidissent
1441 1097 1515 1124 illutn
1528 1096 1720 1128 resurrexisse,
1735 1095 1798 1130 quid
1818 1100 1924 1130 poterat

1131 1143 1190 1170 illos
1203 1143 1236 1169 ad
1250 1142 1300 1170 hoc
1314 1142 1410 1170 bellum
1431 1141 1565 1169 educere?
1577 1141 1640 1176 quid
1655 1150 1707 1168 non
1724 1141 1784 1168 illos
1809 1142 1924 1168 avertis—

1131 1189 1190 1216 δι·ιῖ
1205 1188 1274 1216 Dixit
1291 1187 1354 1220 illis,
1370 1187 1433 1215 Post
1447 1193 1501 1214 tres
1515 1187 1573 1215 dies
1588 1195 1725 1222 resurgam
1736 1208 1744 1220 ,
1764 1191 1791 1214 et
1813 1195 1923 1221 regnum

1131 1235 1258 1262 ca-lorum
1272 1234 1405 1270 pollicitus
1423 1238 1465 1262 est
1480 1243 1488 1261 :
1503 1234 1571 1261 dixit
1588 1234 1650 1266 illis,
1666 1234 1737 1268 qttod
1760 1235 1853 1261 orhetn
1869 1239 1926 1261 ter-

1133 1288 1221 1307 rarum
1236 1280 1386 1314 superaturi
1397 1284 1500 1310 essent,
1518 1284 1628 1313 accepto
1643 1279 1745 1314 Spiritu
1756 1284 1849 1306 sancto
1862 1288 1869 1311 ;
1896 1285 1926 1307 et

1133 1326 1167 1353 ad
1179 1326 1237 1353 hare
1252 1326 1388 1353 innumera
1403 1326 1452 1353 alia
1469 1325 1536 1352 dixit
1547 1331 1669 1353 naturam
1679 1333 1786 1353 omnem
1797 1333 1928 1360 Sttpcran-

1135 1372 1180 1399 tia.
1197 1372 1296 1407 Itaque,
1311 1372 1333 1398 si
1348 1372 1412 1399 nihil
1425 1371 1518 1399 horuttt
1535 1372 1678 1404 evenisset,
1690 1372 1740 1399 etsi
1756 1372 1852 1399 viventi
1868 1379 1927 1400 crc-

1133 1418 1265 1451 didcraut,
1280 1425 1313 1445 eo
1324 1422 1489 1445 ntortttonou
1503 1417 1570 1444 ultra
1585 1417 1772 1451 credidissent,
1786 1418 1835 1444 nisi
1849 1425 1910 1445 resu
1922 1434 1926 1436 -

1135 1464 1260 1491 scitatum
1277 1463 1418 1491 vidissent.
1436 1464 1569 1491 Dixisscnt
1583 1463 1666 1497 enim,
1682 1464 1745 1490 Post
1760 1469 1813 1491 tres
1826 1463 1883 1491 dics
1898 1471 1930 1492 se

1137 1516 1350 1538 resurrecturum
1366 1509 1444 1542 dixit,
1457 1515 1485 1537 et
1499 1518 1552 1536 ttott
1575 1510 1722 1537 resurrexit
1736 1518 1743 1536 :
1758 1509 1884 1544 Spiritutn
1899 1517 1930 1537 se

1136 1557 1260 1584 datttrttm
1282 1556 1405 1591 promisit
1417 1576 1424 1588 ,
1452 1560 1479 1583 et
1494 1563 1547 1583 non
1563 1555 1632 1582 misit
1647 1564 1653 1583 :
1669 1555 1804 1590 quomodo
1818 1563 1883 1590 ergo
1895 1555 1930 1582 de

1138 1603 1233 1629 futuris
1249 1602 1284 1628 illi
1299 1601 1460 1632 credemus,
1486 1609 1546 1628 cunt
1564 1601 1704 1636 lil'ﬂESONia
1727 1601 1785 1629 falsi
1808 1601 1930 1628 convicta

1137 1649 1209 1676 sint?
1233 1649 1289 1681 Qua
1304 1647 1338 1675 de
1352 1655 1444 1680 causa,
1456 1647 1478 1674 si
1496 1656 1548 1674 nuo
1574 1648 1783 1680 rosuri-exisset,
1801 1647 1932 1682 pra-dica-

1138 1699 1199 1722 rent
1210 1694 1283 1721 illuttt
1291 1693 1487 1721 resurrexissc?
1497 1694 1562 1727 Quia
1573 1693 1658 1728 ipsum
1668 1693 1803 1725 amabant,
1814 1693 1930 1727 inquit-tt.

1139 1740 1218 1775 Atqui
1232 1740 1318 1774 ipstttn
1332 1739 1429 1766 deinde
1450 1739 1513 1766 odio
1534 1739 1649 1766 habituri
1662 1744 1749 1772 erant,
1761 1739 1831 1774 quod
1844 1747 1872 1766 se
1882 1739 1933 1766 de-

1139 1787 1255 1821 crpisset
1270 1791 1297 1812 et
1313 1785 1485 1820 prodidisset,
1511 1791 1537 1812 et
1552 1785 1622 1820 quod
1640 1786 1711 1813 mille
1728 1786 1805 1813 factis
1816 1786 1931 1820 promis-

1141 1831 1188 1864 sis,
1203 1831 1349 1858 indusisset
1374 1835 1402 1857 ut
1423 1831 1534 1863 domos,
1553 1836 1676 1865 parenti-5
1690 1837 1717 1858 et
1742 1831 1829 1858 omnia
1848 1831 1933 1858 relin-

1139 1883 1266 1913 querent,
1292 1877 1362 1912 quod
1383 1882 1464 1904 lotam
1479 1877 1632 1904 Jutlwm-uut
1649 1882 1754 1913 gentem
1783 1882 1874 1905 contra
1902 1885 1934 1903 se

1140 1925 1303 1956 suscitasset,
1319 1931 1350 1950 ac
1365 1931 1395 1950 se
1411 1923 1580 1958 prodidisst-t.
1600 1924 1675 1957 Quod
1695 1924 1717 1950 si
1729 1923 1793 1951 illud
1806 1931 1838 1950 ex
1856 1923 1932 1949 inﬁr-

1141 1970 1233 1997 mitate
1247 1969 1342 1996 factum
1356 1968 1459 1999 fuisset,
1471 1968 1495 1995 id
1509 1969 1691 2004 iguovisseut;
1709 1977 1779 1997 nunc
1792 1976 1854 1997 vero
1869 1968 1931 1995 exi-

1141 2015 1294 2042 stimaretur
1316 2022 1347 2041 cx
1365 2014 1535 2048 improbitate
1558 2016 1666 2042 factum.
1692 2015 1838 2050 Oportebat
1860 2019 1932 2045 enim

1142 2068 1234 2088 verum
1250 2060 1338 2087 dicere
1349 2080 1356 2092 ,
1380 2067 1466 2094 neque
1478 2060 1572 2086 ειιιιυηι
1589 2061 1753 2094 promittere,
1779 2062 1858 2089 homo
1871 2071 1933 2092 cum

1142 2112 1213 2134 esset
1225 2105 1355 2138 mortalis,
1373 2110 1400 2132 ut
1413 2105 1511 2132 dicitis.
1524 2106 1612 2138 Quare
1632 2107 1799 2134 \‘crisiutisile
1812 2114 1851 2135 est
1870 2117 1934 2135 con-

1143 2154 1222 2180 traria
1238 2151 1353 2178 facturos
1368 2151 1460 2183 fuis<:e,
1489 2151 1622 2178 fallaciam
1641 2152 1840 2186 prmdicaturos,
1856 2160 1881 2181 ct
1895 2156 1936 2182 di-

1142 2203 1233 2226 cturos
1253 2198 1338 2232 ipsttm
1354 2197 1537 2224 simulatorem
1551 2203 1578 2224 ct
1591 2199 1811 2234 prtestigiatorem
1828 2200 1910 2228 fuisse
1926 2210 1933 2229 :

1143 2246 1182 2272 sic
1196 2244 1265 2271 eniut
1280 2251 1313 2270 cx
1328 2243 1452 2278 periculis
1465 2243 1566 2270 liberati
1580 2243 1702 2274 fuissent,
1715 2245 1754 2271 sic
1769 2245 1865 2272 bellum
1879 2247 1932 2273 sol~

1144 2292 1256 2318 viSscut.
1272 2290 1298 2316 Si
1312 2290 1382 2316 enim
1398 2290 1526 2317 militibus
1538 2291 1676 2324 pecuniam
1692 2291 1825 2318 dederunt
1838 2292 1936 2326 Judaei,

1145 2343 1172 2364 ιιι
1187 2337 1398 2371 dicerent,ipsos
1416 2344 1513 2371 corpus
1536 2336 1605 2363 furto
1626 2339 1784 2370 sustulisse;
1806 2338 1827 2365 si
1850 2343 1936 2365 trans-

1145 2388 1241 2410 cuntes
1259 2382 1381 2416 di~cipuli
1396 2382 1526 2408 dixissent
1537 2402 1544 2413 ,
1563 2382 1650 2417 ipsum
1665 2382 1742 2409 furati
1755 2391 1846 2410 suntus
1857 2404 1864 2415 ,
1886 2392 1937 2411 nec

1145 2428 1291 2456 resurrexit
1304 2437 1310 2454 :
1325 2434 1424 2462 quanto
1436 2435 1487 2455 non
1501 2427 1588 2454 allecti
1610 2427 1721 2455 fuissent
1736 2428 1857 2456 honore?
1871 2428 1938 2463 Ipsis

1146 2475 1233 2510 itaque
1248 2474 1344 2502 licebat
1359 2473 1485 2501 honorari
1501 2478 1527 2501 et
1539 2474 1673 2502 coronari.
1689 2474 1742 2502 Cur
1761 2483 1824 2509 ergo
1839 2481 1937 2502 conto-

1146 2521 1234 2548 lncliis
1245 2519 1315 2548 afﬁci
1329 2524 1356 2547 ct
1370 2520 1513 2554 periclitari
1525 2520 1686 2553 ntaluerunt,
1700 2521 1749 2547 nisi
1761 2520 1850 2547 divina
1863 2529 1938 2555 qua:-

1146 2567 1206 2594 dattt
1216 2567 1300 2593 virtus
1311 2565 1405 2593 fuisset
1417 2566 1458 2592 Itis
1469 2566 1593 2593 omnibus
1604 2567 1746 2600 potentior,
1762 2574 1822 2601 qua:
1831 2566 1858 2594 id
1873 2567 1938 2601 ipsis

1146 2612 1289 2640 suaderet?
1300 2611 1345 2639 Sin
1355 2617 1443 2638 autem
1455 2611 1572 2638 nondum
1585 2611 1784 2645 persuademus,
1796 2612 1860 2639 illud
1870 2621 1937 2647 quo-

1146 2666 1198 2693 que
1213 2657 1299 2692 cogita
1316 2665 1322 2683 :
1338 2656 1360 2684 si
1375 2657 1425 2684 hoc
1437 2665 1489 2683 tton
1505 2662 1592 2690 esset,
1606 2657 1710 2684 etiamsi
1733 2657 1810 2684 valde
1834 2666 1938 2693 pnt-pa-

1147 2704 1197 2731 rati
1220 2702 1332 2730 fuissent
1343 2723 1350 2734 ,
1365 2709 1416 2729 non
1443 2702 1640 2736 praedicandum
1656 2703 1728 2730 illum
1745 2704 1936 2738 suscepissent,

1147 2749 1194 2776 sed
1209 2748 1322 2776 aversati
1347 2748 1420 2775 illum
1438 2748 1560 2776 fuissent.
1573 2748 1654 2776 Scitis
1668 2750 1739 2776 enim
1755 2757 1804 2776 nos
1829 2757 1863 2777 ne
1887 2758 1938 2776 no-

1147 2795 1219 2822 mina
1238 2794 1345 2829 quidem
1362 2801 1453 2821 eorum
1466 2815 1472 2825 ,
1485 2795 1529 2829 qui
1543 2803 1591 2821 uos
1607 2795 1641 2822 ita
1658 2795 1828 2831 decrperiul.
1843 2796 1937 2823 audire

1149 2842 1227 2869 velle.
1242 2842 1295 2870 (Zur
1310 2846 1398 2870 autem
1414 2850 1511 2870 nomen
1525 2841 1584 2877 ejus
1600 2842 1794 2878 prtcdicarunt?
1817 2851 1850 2869 an
1865 2843 1936 2879 quod
