2060 3111
176 121 210 150 45
728 118 759 146 IN
779 118 884 146 El‘lS‘l‘.
897 118 906 146 ι
932 119 972 147 an

1025 119 1073 148 ιιι.
1090 119 1202 150 llOMlL.
1213 121 1246 150 V.
1774 126 1806 153 46

178 182 364 213 exspectarent
386 185 417 204 se
440 185 487 212 per
508 176 581 205 illum
599 181 773 211 superaturos
791 177 870 204 esse?
887 177 966 210 Atqui

179 224 339 252 contrarium
354 225 564 259 exspectandum
578 227 645 254 erat,
659 223 837 258 quin,etiamsi
860 230 969 256 supera-

182 272 229 298 turi
252 275 344 297 essent
355 291 362 300 ,
380 270 523 304 periissem
537 269 686 302 deceptoris
699 276 796 295 nomen
813 269 838 294 in
853 268 968 294 medium

179 316 329 344 atterentes.
354 315 400 342 Sin
416 319 504 342 autent
520 314 643 341 volebant
654 314 741 348 priora
758 314 892 340 occultare
904 332 912 344 ,
930 317 968 338 ta-

180 370 242 390 cere
261 361 404 398 oportebat
419 369 426 387 :
442 368 502 387 nam
526 360 664 387 decertare
682 360 767 394 magis
781 360 923 386 excitasset
943 363 970 385 et

180 397 319 436 bollumiet
334 408 430 434 risum.
447 407 523 434 Unde
536 413 601 441 ergo
618 406 691 432 venit
705 406 758 432 illis
771 406 797 432 in
811 410 927 431 tuentem
942 408 970 430 ut

181 455 237 482 lucc
252 453 457 487 contingerent?
472 461 532 480 nam
548 453 592 479 illa
614 460 673 486 qum
692 451 741 486 ipsi
756 451 904 482 audierant,
921 458 971 477 ex-

180 500 309 527 ciderant.
335 499 412 533 Quod
439 499 461 526 si
479 506 540 525 cum
563 498 652 524 nullus
674 501 746 524 esset
766 497 856 528 timor,
872 496 968 522 multo-

181 555 237 574 ntm
250 545 487 576 obliviscebantur,
501 548 529 570 et
544 543 665 578 qua'dnm
691 550 743 569 non
768 541 949 576 intelligehaut
960 561 968 573 ,

179 593 215 620 ait
241 591 426 626 evangelista,
451 596 525 617 tanto
556 590 711 616 imminente
743 589 880 622 periculo,
905 595 971 622 quo-

180 638 260 666 modo
285 647 338 666 non
355 638 445 665 Omnia
460 637 494 663 ab
516 637 568 663 illis
590 635 762 663 avolasscnt?
779 636 810 662 Et
824 635 885 670 quid
911 634 971 661 dico

179 684 272 715 verba,
289 691 349 711 cum
365 683 482 710 futurum
507 686 590 712 cssct.
607 686 634 708 ut
655 680 779 720 .tuagistri
801 688 877 706 amor
899 684 971 705 metu

181 731 332 758 futurorum
347 729 447 756 sensim
460 726 652 755 marcesccret?
666 725 737 760 quod
755 725 834 753 etiam
850 724 912 758 ipsis
923 732 972 750 ex-

181 776 330 811 probravit.
346 775 412 802 Nam
431 781 491 801 cum
506 777 582 799 antea
598 772 703 807 quidem
715 771 748 798 ab
765 771 810 797 illo
827 769 972 804 pendentes

183 823 338 856 frequenter
362 821 568 853 interrogarent,
584 818 643 851 Quo
657 817 750 844 vadis?
765 822 855 851 postea
869 820 970 847 autem,

181 875 241 895 cum
258 868 351 901 longos
362 866 446 892 texuit
454 871 605 896 sermones,
618 863 686 890 mala
697 869 825 890 enarrans
838 869 896 896 quae
907 865 972 887 tem-

184 921 248 947 pore
260 912 349 939 crucis
360 912 433 944 ipsos
442 911 563 937 iuvasura
577 913 664 941 erant,
676 907 824 942 deindequc
837 912 909 933 metu
922 906 972 933 dc-

182 958 226 985 tixi
240 965 300 984 cunt
313 957 418 983 hiantes
432 956 469 982 illi
483 959 631 986 manerent,
646 954 708 981 audi
722 953 854 988 quomodo
868 953 908 980 cis
921 952 973 978 hoc

182 1002 300 1038 proferat
313 1002 407 1029 dicens
425 1011 431 1028 :
449 1000 533 1028 Nemo
545 1008 576 1027 ex
597 1000 665 1026 vobis
680 1000 818 1033 interrogat
834 1006 889 1030 me,
918 998 974 1030 Quo

180 1049 268 1076 undis?
275 1049 320 1075 scd
332 1049 391 1083 quia
404 1048 458 1074 kth
470 1047 587 1082 loquutus
600 1055 657 1074 sum
666 1045 854 1077 vobis,llriuitiu
862 1043 980 1078 impleuil‘

179 1103 223 1121 cor
237 1100 344 1121 vestrum
355 1092 446 1128 (Joau.
454 1092 498 1120 16.
510 1093 536 1119 5.
546 1091 618 1127 6).ὃὶ
630 1099 696 1126 ergo
705 1095 890 1125 exspectantes
899 1090 973 1117 illum

180 1140 337 1167 moriturum
346 1144 372 1166 ct
381 1142 591 1165 resurrecturum
598 1144 666 1168 esse,
677 1136 710 1162 ita
717 1135 881 1167 dolebant;si
889 1142 974 1161 resur-

178 1190 284 1220 gentem
299 1185 374 1211 illum
386 1191 438 1210 non
452 1183 590 1215 vidissent,
605 1181 739 1217 quomodo
752 1189 804 1208 nou
821 1181 972 1216 periissem,

178 1231 245 1257 etin
260 1231 345 1265 ip<ant
368 1234 468 1256 terram
484 1228 579 1256 suﬂ'odi
594 1236 646 1254 non
664 1226 848 1259 studuissent,
866 1231 919 1253 tum
940 1235 971 1254 ev

178 1285 297 1310 tttmrore
318 1275 428 1309 fraudis,
447 1280 502 1302 tum
520 1283 552 1302 ex
567 1275 662 1302 timore
686 1273 832 1300 futurorum
850 1273 973 1300 obsessi?

214 1323 241 1350 5.
256 1322 334 1350 Unde
341 1325 467 1348 autemet
477 1320 599 1347 sublimia
610 1319 663 1346 illis
671 1319 792 1353 dogmata
801 1319 810 1345 Ι
818 1317 972 1345 sublimiora

179 1368 250 1396 enim
262 1368 335 1402 ipso;
346 1371 438 1401 postea
450 1366 588 1393 audituros
596 1373 658 1393 esse
670 1364 750 1392 dixit:
761 1372 822 1391 nam
833 1363 924 1396 Multa,
934 1363 974 1390 in-

179 1414 247 1449 quit,
256 1414 335 1440 Itubco
342 1413 408 1440 vobis
415 1413 506 1445 dicere,
515 1412 559 1439 sed
565 1420 614 1439 non
622 1412 722 1446 patruis
730 1417 830 1446 portare
839 1410 912 1437 modo
919 1409 971 1446 (Ib.

181 1469 202 1488 ιι.
211 1461 267 1495 12).
276 1460 319 1486 Illa
327 1459 407 1494 igitur
415 1467 472 1494 quc
483 1466 534 1486 ιιοιι
544 1459 711 1491 dicebautur,
722 1457 876 1485 sublimiora
885 1461 972 1484 erant.

182 1506 256 1534 llnus
280 1511 368 1532 autem
390 1512 424 1532 cx
438 1503 578 1538 discipulis
601 1511 650 1530 nec
671 1503 698 1530 in
719 1503 836 1530 Judzeatn
852 1510 912 1529 cum
927 1501 973 1529 illo

180 1552 256 1578 abire
270 1551 373 1578 volebat
387 1571 395 1584 ,
419 1554 556 1584 postquam
573 1549 689 1583 pericula
701 1548 800 1575 audivit
813 1557 820 1580 ;
835 1548 882 1575 sed
898 1547 971 1575 dice-

180 1597 236 1629 bat,
253 1596 376 1623 Abeamus
390 1600 414 1622 et
428 1604 488 1627 uos,
509 1600 535 1621 ut
557 1595 695 1620 moriamur
716 1602 773 1620 cum
796 1594 842 1620 illo
854 1592 909 1629 (Id.
927 1593 971 1620 11.

182 1643 254 1678 16);
279 1650 348 1676 a‘gre
368 1641 458 1668 ferens
477 1641 547 1675 qttod
570 1647 599 1667 se
619 1639 777 1666 moriturum
793 1642 971 1674 exspectaret.

181 1689 258 1722 Quod
273 1688 296 1715 si
311 1696 371 1715 cum
388 1687 435 1714 illo
448 1694 558 1714 versans
569 1694 598 1713 se
610 1686 768 1713 moriturum
782 1684 971 1720 “Spectabat,

182 1735 297 1770 ideoque
319 1734 482 1769 refugiebat;
503 1734 603 1768 absque
623 1741 656 1760 eo
676 1738 702 1759 ct
716 1733 822 1760 caeteris
835 1731 971 1766 discipulis

181 1783 245 1816 quid
269 1791 321 1809 non
342 1787 404 1809 tunc
424 1789 454 1808 se
481 1789 620 1816 prtssurum
639 1780 837 1815 exspectasset?
859 1779 893 1806 Et
915 1787 973 1806 Ina-

181 1837 263 1864 guum
292 1829 342 1856 hoc
370 1828 464 1855 fuisset
489 1827 660 1862 ίιιιῃιιόι-ιιιὶεε
685 1831 881 1861 argumentum.
904 1825 973 1859 Quid

180 1882 246 1909 ergo
273 1875 353 1901 etiam
384 1873 526 1900 dicendum
554 1873 688 1900 habebant
717 1871 873 1899 exeuntes?
907 1871 972 1899 Nam

183 1921 334 1954 passionem
361 1918 470 1953 quidem
505 1917 605 1944 sciebat
635 1917 776 1944 universus
810 1916 884 1944 orbis
911 1924 918 1942 :
946 1916 972 1943 in

181 1966 238 1993 aito
258 1966 356 2000 quippe
383 1964 501 1999 patibulo
523 1971 669 1997 suspensus
691 1964 785 1996 iui-rat,
802 1962 828 1990 in
851 1961 971 1994 meridie,

182 2012 209 2038 itt
239 2010 400 2044 metropoli,
417 2014 445 2037 et
467 2010 493 2036 in
516 2010 632 2036 maximo
655 2008 699 2035 die
729 2008 806 2040 festo,
831 2012 859 2035 et
881 2016 896 2033 a
920 2016 973 2042 quo

183 2055 301 2083 maxime
316 2064 368 2082 non
389 2055 486 2083 licebat
504 2055 656 2090 quempiam
668 2055 762 2082 abesse
778 2063 784 2081 :
800 2055 973 2081 resurrectio-

183 2110 245 2129 nem
258 2109 321 2129 vero
332 2101 420 2128 nullus
434 2100 534 2128 sciebat
544 2105 706 2131 exterortun,
719 2099 788 2134 quod
801 2107 851 2126 non
864 2107 973 2134 parvom

182 2149 238 2177 illis
250 2154 308 2176 erat
317 2148 548 2183 impedimentum,
561 2152 630 2174 utne
643 2147 842 2181 persuaderent.
857 2147 890 2172 Et
903 2146 973 2180 quod

183 2199 257 2222 esset
274 2194 395 2229 sepultus
413 2193 531 2220 otnnium
549 2200 659 2220 rumore
680 2192 831 2224 ferebatur;
852 2193 974 2226 quodque

182 2240 309 2274 discipuli
331 2247 429 2274 corpus
449 2239 527 2266 fumi
548 2243 648 2271 essent,
674 2238 772 2265 milites
796 2245 855 2265 cum
874 2237 974 2265 Judaais

182 2286 309 2314 omnibus
322 2286 447 2312 dicebant
462 2294 468 2312 :
484 2285 554 2320 quod
574 2289 664 2313 autent
679 2285 884 2316 resurrexisset,
900 2289 975 2312 exte-

183 2339 275 2359 rorum
300 2338 380 2358 nemo
394 2331 505 2358 sciebat.
521 2330 886 2364 Undenarn—exspectabant,
903 2337 932 2357 se
947 2330 974 2357 id

169 2377 230 2404 ,μιιί
246 2377 305 2404 orbi
316 2384 494 2410 persuasuros
507 2376 583 2403 esse?
598 2376 627 2403 Si
641 2375 711 2403 enim
727 2381 786 2410 post
807 2375 878 2402 edita
890 2376 974 2402 mira-

182 2423 243 2450 cula
257 2422 378 2456 persuasi
389 2421 495 2448 luerunt
503 2421 611 2454 milites,
619 2425 650 2448 ut
659 2421 792 2448 contraria
803 2425 973 2454 testarentur,

183 2467 318 2494 umienam
345 2471 499 2501 sperassent
520 2466 545 2493 bi
568 2473 599 2494 se
614 2466 680 2493 sine
694 2466 830 2493 miraculis
844 2465 975 2500 pnndioa-

184 2518 258 2540 turos
272 2520 343 2542 esse.
358 2520 391 2539 ac
406 2520 439 2539 nc
454 2512 561 2539 obolum
575 2512 684 2547 quidem
700 2512 840 2544 habentes,
856 2517 975 2540 terne'et

183 2558 249 2585 mari
266 2558 300 2585 de
328 2558 527 2584 resurrectione
552 2564 729 2591 persuasuros
750 2557 830 2584 esse?
851 2557 927 2590 Quod
952 2557 974 2584 si

183 2611 216 2630 ex
241 2603 335 2637 gloria!
358 2609 452 2629 amore
466 2601 516 2629 hoc
532 2602 657 2629 iecissent
668 2622 677 2635 ,
697 2602 781 2629 multo
796 2603 879 2637 magis
891 2610 976 2629 unus-

181 2649 294 2684 quisque
308 2648 407 2683 dogma
422 2648 471 2674 sibi
486 2648 659 2679 attribuisset,
681 2655 734 2675 non
747 2649 771 2675 ei
785 2648 830 2682 qui
849 2648 975 2676 decosse-

183 2699 233 2721 rat.
255 2696 291 2721 At
318 2701 373 2720 nou
394 2693 571 2721 credidissent
590 2693 642 2720 illis
659 2693 801 2720 homines?
815 2693 849 2719 Et
860 2693 894 2721 de
906 2701 975 2728 quo-

182 2747 241 2766 naut
265 2739 353 2773 magis
380 2738 558 2765 credidissent
583 2738 743 2766 audientes?
762 2738 796 2765 de
820 2738 901 2765 illouo
929 2740 974 2773 qui

181 2785 397 2818 comprehensus
421 2788 448 2810 et
469 2784 612 2810 crucilixus
636 2784 732 2816 fuerat,
760 2791 793 2810 an
807 2784 841 2811 de
856 2784 909 2811 illis
930 2784 975 2820 qui

181 2831 338 2860 Judamrum
366 2838 462 2858 manus
485 2829 649 2865 ell'ugetaut?
675 2831 729 2857 Cur
754 2834 853 2865 autem,
873 2840 906 2867 qu
917 2840 974 2866 rso,

1024 177 1075 204 hoc
1095 180 1187 206 facturi
1209 179 1304 206 erant?
1331 187 1384 208 non
1407 182 1496 208 statim
1510 182 1628 209 Judmam
1643 183 1808 212 dimittentes

1023 231 1154 268 veneru‘ut
1163 226 1187 252 in
1197 231 1320 253 externas
1329 227 1460 259 civitates,
1473 229 1519 255 sed
1530 229 1600 256 intus
1614 230 1786 257 versabantur
1798 231 1809 258 2

1023 270 1162 304 Quomodo
1186 277 1273 299 autem
1299 273 1504 307 persuasissent,
1533 275 1584 301 nisi
1610 275 1684 309 signa
1707 275 1808 302 edidis-

1022 317 1104 343 sent?
1127 316 1155 344 Si
1171 318 1304 346 faciebant
1319 319 1437 353 quidem,
1453 321 1584 354 ct-ttliquc
1601 321 1740 353 faciebant,
1760 322 1807 348 l)--i

1022 363 1108 390 virtus
1122 370 1180 392 erat
1195 365 1220 392 id
1243 366 1312 400 quod
1326 366 1422 393 ﬁebat:
1437 367 1458 393 si
1479 373 1567 394 autem
1592 375 1643 394 non
1664 367 1808 402 faciebant,

1023 414 1050 437 et
1061 414 1148 436 tamen
1165 411 1314 443 vincebant,
1338 412 1416 446 longe
1429 413 1578 439 mirabilius
1589 417 1648 440 erat
1662 413 1736 439 illud.
1755 413 1808 440 Au-

1024 462 1076 482 non
1088 455 1193 482 Judaros
1208 462 1346 489 noverant,
1370 465 1461 492 qua-so
1477 464 1512 489 te,
1536 463 1562 485 et
1581 459 1675 485 nudam
1690 458 1808 492 ipsorum

1024 505 1150 532 tuentem,
1167 501 1316 536 invidiaque
1331 502 1436 535 plerum
1450 504 1587 530 animum?
1605 503 1712 530 Etenim
1733 504 1807 540 Moy—

1023 554 1070 573 sen
1088 547 1247 580 hmidarunt,
1263 552 1402 583 postquam
1419 557 1492 576 mare
1506 550 1614 582 pedibus
1628 551 1805 583 transierant,

1025 598 1084 626 post
1098 593 1234 619 victoriam
1248 598 1275 620 et
1290 598 1417 628 tropa-unt
1433 594 1494 621 illud
1512 595 1642 627 mirabile,
1659 595 1729 629 quod
1743 596 1804 622 abs-

1023 645 1076 672 que
1090 639 1218 673 sanguiue
1228 646 1274 673 per
1289 647 1382 665 manus
1390 640 1447 673 ejus
1459 645 1602 667 erexerunt
1615 641 1649 667 de
1665 640 1808 675 IEgyptiis.

1023 683 1067 718 qui
1084 683 1143 710 illos
1157 684 1181 710 in
1196 684 1350 711 servitutem
1368 685 1538 719 redegeraut,
1556 689 1614 719 p05t
1631 693 1736 718 manna,
1748 691 1808 720 post.

1025 733 1112 762 petras
1128 733 1154 755 et
1168 728 1306 756 ﬂuviorum
1322 729 1409 756 fontes
1424 730 1484 757 inde
1498 735 1646 762 multantes,
1666 736 1724 764 past
1738 731 1811 759 mille

1025 773 1150 801 miracula
1166 774 1190 800 iu
1204 774 1329 809 ZEgypto,
1343 774 1368 801 in
1381 775 1447 801 mari
1465 775 1564 806 Rubro,
1579 775 1604 801 iu
1620 775 1726 802 deserto
1741 785 1747 802 :
1764 776 1810 803 Je-

1025 819 1134 845 rcmiam
1158 819 1182 845 in
1204 820 1289 846 lacum
1313 820 1472 853 iujeceruut,
1496 825 1524 847 et
1547 821 1644 847 multos
1668 820 1812 855 prophetas

1025 864 1225 891 interfecerunt.
1252 865 1319 892 Audi
1345 866 1406 900 quid
1432 866 1504 893 dicat
1528 866 1617 893 llclias
1633 871 1692 901 post
1715 866 1810 894 [autem

1026 910 1096 937 illam
1120 911 1277 943 terribilem,
1305 917 1331 938 et
1354 912 1502 938 mirabilem
1520 913 1646 946 pluviam,
1669 917 1696 939 ct
1711 913 1812 946 lampa-

1025 957 1085 984 detu
1099 958 1181 990 illam,
1200 965 1278 992 quant
1289 959 1322 985 de
1333 959 1404 985 caelis
1417 958 1580 986 descendere
1591 959 1702 992 curavit,
1716 963 1743 985 ct
1752 965 1812 986 stn-

1024 1003 1141 1038 pcndum
1153 1003 1215 1030 illud
1227 1003 1533 1039 holocaustum;-procul
1547 1005 1581 1032 ab
1595 1013 1687 1031 eorum
1700 1005 1811 1039 regione

1026 1049 1126 1081 eiectus
1147 1048 1286 1081 :‘Domiuc,
1301 1049 1437 1083 prop/mtas
1461 1054 1516 1076 tuos
1539 1049 1696 1082 occidi-runt,
1721 1049 1813 1076 altaria

1026 1099 1069 1120 tua
1090 1094 1240 1125 dit-uerunt,-
1262 1099 1285 1119 ct
1307 1102 1352 1129 ego
1371 1095 1473 1121 relictus
1491 1103 1547 1122 sum
1566 1095 1645 1127 solus,
1660 1100 1685 1122 ct
1699 1099 1814 1130 quarunt

1025 1139 1135 1165 animant
1149 1147 1228 1165 meum
1239 1140 1276 1173 (5.
1286 1139 1352 1173 ηιέεῃ.
1363 1141 1405 1166 19.
1420 1138 1473 1175 10).
1491 1140 1568 1174 Atqui
1584 1139 1599 1166 ii
1615 1140 1687 1174 leges
1695 1147 1748 1167 non
1762 1140 1813 1166 im-

1026 1186 1171 1212 mutabaut.
1185 1185 1261 1213 Unde
1276 1193 1348 1220 ergo,
1362 1194 1463 1220 qua-so,
1480 1186 1520 1212 his
1530 1185 1635 1212 animus
1648 1185 1814 1213 adhibendus

1026 1233 1106 1259 erat?
1129 1239 1190 1259 nam
1208 1232 1326 1258 omnium
1347 1232 1468 1259 vilissimi
1490 1237 1585 1265 erant;
1607 1237 1686 1268 atque
1700 1240 1731 1259 ea
1756 1232 1812 1266 ipso

1026 1277 1200 1310 ionovabant,
1214 1277 1249 1304 ob
1262 1285 1323 1312 qua:
1337 1277 1492 1312 Magistrum
1508 1277 1593 1304 Judati
1609 1278 1809 1305 cruciﬁxcrant.

1026 1323 1148 1357 Alioquin
1165 1330 1228 1350 vero
1248 1330 1300 1350 non
1324 1327 1377 1349 tam
1396 1331 1477 1358 grave
1495 1324 1635 1350 videbatur
1647 1331 1717 1355 esse,
1740 1323 1811 1358 quod

1025 1369 1147 1396 Christus
1166 1374 1193 1396 et
1218 1369 1254 1396 illi
1277 1368 1370 1396 eadem
1391 1369 1523 1397 dicerent.
1539 1369 1604 1396 Natu
1618 1370 1691 1396 illum
1705 1369 1812 1404 quidem

1026 1414 1094 1441 forte
1104 1415 1229 1448 putabant
1242 1414 1301 1441 ideo
1313 1414 1337 1440 id
1351 1413 1456 1444 fecisse,
1469 1420 1495 1441 ut
1507 1415 1556 1441 sibi
1566 1415 1676 1448 gloriam
1691 1419 1795 1449 pareret
1806 1423 1813 1446 ;

1027 1459 1085 1486 illos
1097 1465 1186 1486 autem
1202 1460 1282 1486 etiam
1299 1460 1382 1494 magis
1398 1459 1531 1491 odissent,
1552 1467 1612 1486 cum
1625 1467 1671 1494 pro
1685 1460 1737 1486 alio
1749 1468 1813 1486 cm-

1027 1509 1065 1531 tra
1080 1512 1110 1532 se
1124 1505 1220 1531 bellum
1233 1510 1367 1538 gererent.
1383 1505 1434 1531 Sed
1448 1513 1526 1538 opem
1543 1505 1594 1531 illis
1608 1505 1728 1531 ferebant
1739 1506 1811 1540 leges

1026 1551 1204 1578 Romanorum
1216 1551 1226 1576 ’Ξ
1239 1550 1294 1577 luto
1308 1551 1340 1576 ab
1355 1550 1407 1577 illis
1420 1551 1504 1584 magis
1522 1551 1734 1585 inmedicbautur
1748 1560 1755 1578 :
1769 1552 1811 1578 di.

1024 1597 1120 1624 cebant
1130 1596 1212 1628 enim,
1230 1595 1330 1627 Onmis,
1345 1596 1388 1630 qui
1402 1604 1429 1622 se
1440 1597 1521 1630 ipsum
1535 1604 1616 1631 regem
1628 1597 1698 1631 facit,
1714 1605 1764 1624 non
1776 1603 1813 1625 est

1024 1644 1120 1669 anticus
1132 1641 1238 1668 (lu-ruris
1253 1641 1341 1676 (Joan.
1359 1641 1400 1668 l9.
1418 1641 1472 1677 1‘2).
1487 1642 1653 1676 Quapropter
1667 1642 1716 1669 hoc
1727 1643 1812 1670 solum

1025 1689 1153 1724 impedire
1165 1692 1280 1722 poterat.
1294 1688 1418 1722 «pL-uiam
1431 1689 1501 1722 ejus,
1515 1688 1561 1723 qui
1578 1694 1705 1724 tyrannus
1717 1690 1811 1716 existi<

1025 1740 1112 1761 tnatus
1132 1733 1226 1766 fuerat,
1248 1733 1371 1768 discipuli
1395 1739 1486 1766 erant,
1501 1739 1529 1762 ct
1545 1742 1595 1761 res
1612 1735 1669 1769 ejus
1687 1736 1814 1763 volebant

1025 1780 1143 1806 ﬁrmare.
1168 1779 1236 1812 Quid
1252 1787 1316 1814 ergo
1331 1779 1437 1806 tandem
1452 1779 1511 1806 iltos
1527 1779 1612 1807 erexit
1626 1780 1725 1812 animo,
1746 1785 1773 1807 nt
1787 1781 1813 1808 in

1020 1831 1097 1853 tanta
1113 1825 1229 1861 pericula
1245 1825 1411 1852 inciderent?
1426 1826 1489 1860 quid
1498 1830 1591 1853 autem
1605 1827 1639 1854 de
1654 1827 1698 1854 illo
1720 1827 1812 1855 dicen-

1025 1876 1076 1904 tes,
1096 1872 1256 1899 videbantur
1278 1871 1332 1898 ﬁde
1352 1871 1443 1906 digni?
1465 1871 1534 1906 quod
1558 1871 1700 1900 cruciﬁxus
1720 1873 1814 1900 esset?

1025 1917 1095 1952 «mod
1109 1925 1142 1943 ex
1158 1917 1268 1944 undiere
1281 1923 1396 1951 paupere
1405 1917 1497 1944 Jtuhoa
1510 1922 1587 1944 notus
1599 1923 1681 1952 esset,
1696 1926 1755 1954 qu:c
1768 1920 1815 1947 des

1026 1967 1150 1996 spousata
1171 1962 1257 1988 fuerat
1279 1962 1372 1989 Judato
1397 1962 1492 1989 fabro?
1511 1964 1626 1996 quodex
1646 1970 1726 1999 gente
1743 1972 1815 1994 esset

1025 2009 1083 2036 orbi
1098 2008 1209 2035 odiosa?
1226 2008 1323 2035 Verum
1345 2008 1402 2035 ba-c
1415 2009 1504 2035 omnia
1518 2017 1573 2036 non
1590 2010 1670 2037 modo
1685 2019 1738 2037 non
1751 2016 1811 2045 apta

1026 2060 1102 2083 erant
1116 2055 1148 2081 ad
1163 2055 1363 2089 persuadcudos
1381 2060 1407 2081 et
1427 2056 1582 2083 alliciendos
1605 2057 1752 2091 auditores,
1767 2059 1815 2086 sed

1026 2101 1058 2128 ad
1078 2108 1172 2128 omnes
1195 2101 1335 2127 adversum
1360 2101 1534 2128 concitandos
1555 2102 1670 2135 idonea;
1698 2104 1815 2132 maxime

1026 2152 1114 2173 autem
1129 2154 1143 2172 a
1164 2147 1339 2173 tentoriorum
1360 2147 1462 2174 artillce
1488 2152 1515 2175 et
1538 2155 1552 2174 a
1579 2149 1711 2182 piscatore
1732 2149 1813 2177 diem.

1027 2194 1122 2219 Annon
1147 2191 1204 2218 haec
1224 2192 1312 2218 omnia
1335 2192 1360 2218 in
1382 2197 1498 2219 mentem
1516 2200 1645 2220 venerunt
1659 2194 1817 2230 discipulis?

1026 2246 1088 2265 nam
1103 2237 1202 2264 timidae
1215 2242 1319 2264 uaturm
1335 2238 1409 2272 plum
1424 2246 1502 2272 quam
1515 2239 1569 2265 sint
1583 2246 1694 2274 possunt
1709 2242 1814 2268 couliu-
1836 2262 1839 2274 ε

1026 2291 1090 2318 gere
1106 2292 1113 2310 :
1130 2283 1196 2309 tales
1206 2288 1285 2309 erant
1299 2283 1405 2310 illorum
1421 2289 1532 2311 naturar.
1554 2284 1691 2313 Undeuam
1703 2294 1770 2322 ergo
1786 2296 1816 2315 se

1026 2333 1101 2356 recte
1109 2333 1217 2356 acturos
1228 2329 1385 2363 sperarunt?
1398 2328 1454 2356 luto
1465 2337 1516 2357 non
1528 2336 1689 2365 sperassent,
1701 2340 1760 2359 cum
1773 2333 1817 2361 in-

1027 2381 1137 2401 numera
1148 2378 1239 2401 essunt
1249 2382 1308 2408 quae
1320 2374 1380 2402 illos
1394 2374 1569 2410 abducerent,
1585 2377 1634 2405 nisi
1649 2379 1815 2407 resurrexis-
1835 2377 1838 2410 ξ

1027 2425 1068 2447 set
1079 2419 1208 2447 Christus.

1061 2466 1090 2494 6.
1111 2467 1206 2493 Annon
1230 2465 1317 2500 palam
1341 2471 1384 2494 est
1407 2467 1449 2495 vel
1471 2468 1646 2502 stoltissitnis,
1673 2471 1743 2504 quod
1764 2471 1815 2500 nisi

1028 2511 1138 2538 uberem
1157 2515 1185 2539 et
1208 2519 1330 2546 magnam
1351 2514 1508 2548 consequuti
1530 2519 1623 2542 essent
1646 2517 1769 2551 gratiam,
1789 2522 1817 2544 ct

1029 2557 1138 2592 pignora
1158 2557 1325 2592 accepissent
1349 2560 1562 2592 resurrectionis,
1586 2569 1637 2588 non
1658 2563 1737 2590 modo
1759 2563 1817 2593 lla-0

1029 2611 1082 2630 non
1107 2610 1187 2637 agere
1200 2607 1227 2629 et
1239 2604 1386 2638 suscipere,
1401 2605 1449 2632 sed
1465 2613 1499 2633 ne
1512 2607 1568 2642 eogi
1575 2611 1632 2635 tare
1644 2609 1749 2642 quidem
1766 2617 1814 2644 po-

1030 2649 1162 2676 tuissent?
1176 2647 1204 2676 Si
1218 2649 1289 2676 enim
1305 2653 1344 2676 tot
1357 2649 1543 2684 impedimenta
1566 2658 1666 2685 essent,
1683 2662 1735 2681 non
1757 2655 1817 2682 dico

1019 2694 1062 2721 ad
1072 2699 1143 2722 recte
1157 2694 1299 2729 agendum,
1310 2695 1357 2722 sed
1372 2695 1405 2723 ad
1419 2697 1671 2731 consultandum,ret
1684 2701 1813 2727 consulta-

1028 2745 1091 2767 runt
1101 2745 1130 2767 et
1143 2741 1269 2775 praeclara
1282 2746 1411 2776 egerunt,
1427 2748 1455 2770 et
1470 2751 1529 2778 qua:
1551 2745 1624 2772 omni
1647 2752 1695 2780 spe
1717 2746 1817 2781 majora

1029 2791 1107 2814 erant
1121 2786 1153 2813 ad
1167 2786 1290 2814 ell‘ectum
1309 2787 1478 2815 deduxerunt
1493 2798 1500 2816 :
1518 2790 1602 2817 cuivis
1617 2791 1703 2826 palam
1717 2796 1759 2818 est
1772 2799 1818 2820 eos

1032 2841 1084 2860 non
1101 2832 1215 2860 humana
1228 2833 1336 2868 virtute,
1351 2835 1398 2863 sed
1410 2835 1497 2863 divina
1509 2837 1595 2872 gratia
1609 2837 1698 2865 otnuia
1712 2836 1816 2866 fecisse
