  <div class='ocr_page' id='page_1' title='image "/cluster/home/n/w/nwhite01/storage/ocr_20150623/61/njp.32101077772679/055.png"; bbox 0 0 2060 3111; ppageno 0'>
   <div class='ocr_carea' id='block_1_1' title="bbox 266 110 1901 147">
    <p class='ocr_par' dir='ltr' id='par_1_1' title="bbox 266 110 1901 147">
     <span class='ocr_line' id='line_1_1' title="bbox 266 110 1901 147; baseline 0.006 -10"><span class='ocrx_word' id='word_1_1' title='bbox 266 111 299 137; x_wconf 69' lang='grc'><strong>47</strong></span> <span class='ocrx_word' id='word_1_2' title='bbox 624 112 653 141; x_wconf 79' lang='grc' dir='ltr'>ε.</span> <span class='ocrx_word' id='word_1_3' title='bbox 672 112 810 141; x_wconf 79' lang='lat' dir='ltr'><strong>JOANNIS</strong></span> <span class='ocrx_word' id='word_1_4' title='bbox 830 110 1065 140; x_wconf 77' lang='lat' dir='ltr'><strong>CHRYSUSTOMI</strong></span> <span class='ocrx_word' id='word_1_5' title='bbox 1085 110 1245 141; x_wconf 77' lang='lat' dir='ltr'><strong>ARCIIIEP.</strong></span> <span class='ocrx_word' id='word_1_6' title='bbox 1265 113 1533 143; x_wconf 75' lang='lat' dir='ltr'><strong>CONSTANTINOP.</strong></span> <span class='ocrx_word' id='word_1_7' title='bbox 1866 119 1901 147; x_wconf 73' lang='lat' dir='ltr'><strong>sit</strong></span> 
     </span>
    </p>
   </div>
   <div class='ocr_carea' id='block_1_2' title="bbox 265 167 1057 207">
    <p class='ocr_par' dir='ltr' id='par_1_2' title="bbox 265 167 1057 207">
     <span class='ocr_line' id='line_1_2' title="bbox 265 167 1057 207; baseline -0.006 -8"><span class='ocrx_word' id='word_1_8' title='bbox 265 171 292 199; x_wconf 94' lang='lat' dir='ltr'><strong>In</strong></span> <span class='ocrx_word' id='word_1_9' title='bbox 307 171 349 199; x_wconf 87' lang='lat' dir='ltr'><strong>his</strong></span> <span class='ocrx_word' id='word_1_10' title='bbox 367 178 432 207; x_wconf 71' lang='lat' dir='ltr'><strong>ergo</strong></span> <span class='ocrx_word' id='word_1_11' title='bbox 445 171 615 199; x_wconf 87' lang='lat' dir='ltr'><strong>sermonibus</strong></span> <span class='ocrx_word' id='word_1_12' title='bbox 637 178 686 198; x_wconf 90' lang='lat' dir='ltr'><strong>nos</strong></span> <span class='ocrx_word' id='word_1_13' title='bbox 709 177 897 202; x_wconf 69' lang='lat' dir='ltr'><strong>exerceamus,</strong></span> <span class='ocrx_word' id='word_1_14' title='bbox 921 177 974 195; x_wconf 91' lang='lat' dir='ltr'><strong>non</strong></span> <span class='ocrx_word' id='word_1_15' title='bbox 987 167 1057 203; x_wconf 84' lang='lat' dir='ltr'><strong>apud</strong></span> 
     </span>
    </p>
   </div>
   <div class='ocr_carea' id='block_1_3' title="bbox 266 214 1058 250">
    <p class='ocr_par' dir='ltr' id='par_1_3' title="bbox 266 214 1058 250">
     <span class='ocr_line' id='line_1_3' title="bbox 266 214 1058 250; baseline -0.006 -5"><span class='ocrx_word' id='word_1_16' title='bbox 266 226 315 245; x_wconf 81' lang='lat' dir='ltr'><strong>nos</strong></span> <span class='ocrx_word' id='word_1_17' title='bbox 339 222 454 250; x_wconf 88' lang='lat' dir='ltr'><strong>tantum,</strong></span> <span class='ocrx_word' id='word_1_18' title='bbox 481 217 529 244; x_wconf 89' lang='lat' dir='ltr'><strong>sed</strong></span> <span class='ocrx_word' id='word_1_19' title='bbox 552 225 612 244; x_wconf 87' lang='lat' dir='ltr'><strong>cum</strong></span> <span class='ocrx_word' id='word_1_20' title='bbox 635 216 713 243; x_wconf 87' lang='lat' dir='ltr'><strong>aliis:</strong></span> <span class='ocrx_word' id='word_1_21' title='bbox 737 216 776 242; x_wconf 88' lang='lat' dir='ltr'><strong>sic</strong></span> <span class='ocrx_word' id='word_1_22' title='bbox 795 215 872 242; x_wconf 88' lang='lat' dir='ltr'><strong>nobis</strong></span> <span class='ocrx_word' id='word_1_23' title='bbox 888 214 990 241; x_wconf 82' lang='lat' dir='ltr'><strong>facilior</strong></span> <span class='ocrx_word' id='word_1_24' title='bbox 1007 214 1058 240; x_wconf 85' lang='lat' dir='ltr'><strong>erit</strong></span> 
     </span>
    </p>
   </div>
   <div class='ocr_carea' id='block_1_4' title="bbox 264 262 1056 297">
    <p class='ocr_par' dir='ltr' id='par_1_4' title="bbox 264 262 1056 297">
     <span class='ocr_line' id='line_1_4' title="bbox 264 262 1056 297; baseline -0.006 -7"><span class='ocrx_word' id='word_1_25' title='bbox 264 268 423 291; x_wconf 86' lang='lat' dir='ltr'><strong>ca-terorunt</strong></span> <span class='ocrx_word' id='word_1_26' title='bbox 436 263 564 290; x_wconf 88' lang='lat' dir='ltr'><strong>inventio.</strong></span> <span class='ocrx_word' id='word_1_27' title='bbox 576 262 665 297; x_wconf 84' lang='lat' dir='ltr'><strong>Neque</strong></span> <span class='ocrx_word' id='word_1_28' title='bbox 675 262 735 297; x_wconf 88' lang='lat' dir='ltr'><strong>quia</strong></span> <span class='ocrx_word' id='word_1_29' title='bbox 750 268 828 288; x_wconf 83' lang='lat' dir='ltr'><strong>manu</strong></span> <span class='ocrx_word' id='word_1_30' title='bbox 842 264 926 286; x_wconf 89' lang='lat' dir='ltr'><strong>artetn</strong></span> <span class='ocrx_word' id='word_1_31' title='bbox 936 265 1056 292; x_wconf 77' lang='lat' dir='ltr'><strong>exerces,</strong></span> 
     </span>
    </p>
   </div>
   <div class='ocr_carea' id='block_1_5' title="bbox 264 305 1057 341">
    <p class='ocr_par' dir='ltr' id='par_1_5' title="bbox 264 305 1057 341">
     <span class='ocr_line' id='line_1_5' title="bbox 264 305 1057 341; baseline -0.009 -5"><span class='ocrx_word' id='word_1_32' title='bbox 264 310 381 338; x_wconf 87' lang='lat' dir='ltr'><strong>alietnttu</strong></span> <span class='ocrx_word' id='word_1_33' title='bbox 401 308 453 336; x_wconf 89' lang='lat' dir='ltr'><strong>ltoc</strong></span> <span class='ocrx_word' id='word_1_34' title='bbox 466 307 582 336; x_wconf 84' lang='lat' dir='ltr'><strong>studium</strong></span> <span class='ocrx_word' id='word_1_35' title='bbox 595 315 654 335; x_wconf 82' lang='lat' dir='ltr'><strong>esse</strong></span> <span class='ocrx_word' id='word_1_36' title='bbox 672 311 759 341; x_wconf 91' lang='lat' dir='ltr'><strong>putes.</strong></span> <span class='ocrx_word' id='word_1_37' title='bbox 773 305 838 332; x_wconf 82' lang='lat' dir='ltr'><strong>Nam</strong></span> <span class='ocrx_word' id='word_1_38' title='bbox 854 305 950 332; x_wconf 81' lang='lat' dir='ltr'><strong>Paulus</strong></span> <span class='ocrx_word' id='word_1_39' title='bbox 972 308 1057 330; x_wconf 84' lang='lat' dir='ltr'><strong>tento-</strong></span> 
     </span>
    </p>
   </div>
   <div class='ocr_carea' id='block_1_6' title="bbox 267 349 1058 390">
    <p class='ocr_par' dir='ltr' id='par_1_6' title="bbox 267 349 1058 390">
     <span class='ocr_line' id='line_1_6' title="bbox 267 349 1058 390; baseline -0.008 -8"><span class='ocrx_word' id='word_1_40' title='bbox 267 356 369 382; x_wconf 82' lang='lat' dir='ltr'><strong>riorum</strong></span> <span class='ocrx_word' id='word_1_41' title='bbox 381 355 469 390; x_wconf 79' lang='lat' dir='ltr'><strong>opifex</strong></span> <span class='ocrx_word' id='word_1_42' title='bbox 485 359 560 386; x_wconf 88' lang='lat' dir='ltr'><strong>erat;</strong></span> <span class='ocrx_word' id='word_1_43' title='bbox 575 353 622 380; x_wconf 78' lang='lat' dir='ltr'><strong>sed</strong></span> <span class='ocrx_word' id='word_1_44' title='bbox 647 358 709 379; x_wconf 89' lang='lat' dir='ltr'><strong>tunc</strong></span> <span class='ocrx_word' id='word_1_45' title='bbox 730 358 838 386; x_wconf 85' lang='lat' dir='ltr'><strong>quoque</strong></span> <span class='ocrx_word' id='word_1_46' title='bbox 858 353 939 377; x_wconf 83' lang='lat' dir='ltr'><strong>murta</strong></span> <span class='ocrx_word' id='word_1_47' title='bbox 964 349 1058 384; x_wconf 87' lang='lat' dir='ltr'><strong>plenus</strong></span> 
     </span>
    </p>
   </div>
   <div class='ocr_carea' id='block_1_7' title="bbox 265 396 1059 436">
    <p class='ocr_par' dir='ltr' id='par_1_7' title="bbox 265 396 1059 436">
     <span class='ocr_line' id='line_1_7' title="bbox 265 396 1059 436; baseline -0.008 -8"><span class='ocrx_word' id='word_1_48' title='bbox 265 407 323 428; x_wconf 88' lang='lat' dir='ltr'><strong>erat</strong></span> <span class='ocrx_word' id='word_1_49' title='bbox 337 401 433 436; x_wconf 75' lang='lat' dir='ltr'><strong>gratia,</strong></span> <span class='ocrx_word' id='word_1_50' title='bbox 447 405 527 435; x_wconf 82' lang='lat' dir='ltr'><strong>atque</strong></span> <span class='ocrx_word' id='word_1_51' title='bbox 552 399 614 427; x_wconf 90' lang='lat' dir='ltr'><strong>inde</strong></span> <span class='ocrx_word' id='word_1_52' title='bbox 633 398 722 425; x_wconf 89' lang='lat' dir='ltr'><strong>omnia</strong></span> <span class='ocrx_word' id='word_1_53' title='bbox 739 397 906 432; x_wconf 85' lang='lat' dir='ltr'><strong>IOquehalur.</strong></span> <span class='ocrx_word' id='word_1_54' title='bbox 933 396 988 422; x_wconf 85' lang='lat' dir='ltr'><strong>into</strong></span> <span class='ocrx_word' id='word_1_55' title='bbox 1010 404 1059 422; x_wconf 85' lang='lat' dir='ltr'><strong>an-</strong></span> 
     </span>
    </p>
   </div>
   <div class='ocr_carea' id='block_1_8' title="bbox 267 441 1058 483">
    <p class='ocr_par' dir='ltr' id='par_1_8' title="bbox 267 441 1058 483">
     <span class='ocr_line' id='line_1_8' title="bbox 267 441 1058 483; baseline -0.009 -9"><span class='ocrx_word' id='word_1_56' title='bbox 267 452 293 475; x_wconf 89' lang='lat' dir='ltr'><strong>te</strong></span> <span class='ocrx_word' id='word_1_57' title='bbox 313 447 426 483; x_wconf 75' lang='lat' dir='ltr'><strong>gratiam</strong></span> <span class='ocrx_word' id='word_1_58' title='bbox 448 446 481 474; x_wconf 86' lang='lat' dir='ltr'><strong>ad</strong></span> <span class='ocrx_word' id='word_1_59' title='bbox 504 445 585 481; x_wconf 87' lang='lat' dir='ltr'><strong>pedes</strong></span> <span class='ocrx_word' id='word_1_60' title='bbox 600 444 755 473; x_wconf 84' lang='lat' dir='ltr'><strong>Gatnalielis</strong></span> <span class='ocrx_word' id='word_1_61' title='bbox 779 448 836 470; x_wconf 85' lang='lat' dir='ltr'><strong>erat</strong></span> <span class='ocrx_word' id='word_1_62' title='bbox 853 447 898 470; x_wconf 81' lang='lat' dir='ltr'><strong>:et</strong></span> <span class='ocrx_word' id='word_1_63' title='bbox 922 441 981 469; x_wconf 87' lang='lat' dir='ltr'><strong>ideo</strong></span> <span class='ocrx_word' id='word_1_64' title='bbox 997 449 1058 474; x_wconf 71' lang='lat' dir='ltr'><strong>gra-</strong></span> 
     </span>
    </p>
   </div>
   <div class='ocr_carea' id='block_1_9' title="bbox 268 489 1057 528">
    <p class='ocr_par' dir='ltr' id='par_1_9' title="bbox 268 489 1057 528">
     <span class='ocr_line' id='line_1_9' title="bbox 268 489 1057 528; baseline -0.008 -8"><span class='ocrx_word' id='word_1_65' title='bbox 268 494 331 521; x_wconf 91' lang='lat' dir='ltr'><strong>tiam</strong></span> <span class='ocrx_word' id='word_1_66' title='bbox 346 493 460 528; x_wconf 83' lang='lat' dir='ltr'><strong>accepit,</strong></span> <span class='ocrx_word' id='word_1_67' title='bbox 477 493 538 527; x_wconf 87' lang='lat' dir='ltr'><strong>quia</strong></span> <span class='ocrx_word' id='word_1_68' title='bbox 553 497 670 519; x_wconf 82' lang='lat' dir='ltr'><strong>mentem</strong></span> <span class='ocrx_word' id='word_1_69' title='bbox 686 491 769 527; x_wconf 73' lang='lat' dir='ltr'><strong>gratia</strong></span> <span class='ocrx_word' id='word_1_70' title='bbox 785 490 892 525; x_wconf 80' lang='lat' dir='ltr'><strong>dignam</strong></span> <span class='ocrx_word' id='word_1_71' title='bbox 904 489 1057 520; x_wconf 79' lang='lat' dir='ltr'><strong>exhibebat,</strong></span> 
     </span>
    </p>
   </div>
   <div class='ocr_carea' id='block_1_10' title="bbox 264 535 1056 575">
    <p class='ocr_par' dir='ltr' id='par_1_10' title="bbox 264 535 1056 575">
     <span class='ocr_line' id='line_1_10' title="bbox 264 535 1056 575; baseline -0.006 -9"><span class='ocrx_word' id='word_1_72' title='bbox 264 546 288 567; x_wconf 85' lang='lat' dir='ltr'><strong>et</strong></span> <span class='ocrx_word' id='word_1_73' title='bbox 305 544 398 575; x_wconf 76' lang='lat' dir='ltr'><strong>postea</strong></span> <span class='ocrx_word' id='word_1_74' title='bbox 417 546 510 566; x_wconf 81' lang='lat' dir='ltr'><strong>rursus</strong></span> <span class='ocrx_word' id='word_1_75' title='bbox 521 544 606 566; x_wconf 84' lang='lat' dir='ltr'><strong>artem</strong></span> <span class='ocrx_word' id='word_1_76' title='bbox 623 538 775 565; x_wconf 75' lang='lat' dir='ltr'><strong>exercebat.</strong></span> <span class='ocrx_word' id='word_1_77' title='bbox 798 536 882 564; x_wconf 87' lang='lat' dir='ltr'><strong>Nemo</strong></span> <span class='ocrx_word' id='word_1_78' title='bbox 898 537 977 571; x_wconf 81' lang='lat' dir='ltr'><strong>igitur</strong></span> <span class='ocrx_word' id='word_1_79' title='bbox 991 535 1056 562; x_wconf 86' lang='lat' dir='ltr'><strong>arti-</strong></span> 
     </span>
    </p>
   </div>
   <div class='ocr_carea' id='block_1_11' title="bbox 265 580 1056 618">
    <p class='ocr_par' dir='ltr' id='par_1_11' title="bbox 265 580 1056 618">
     <span class='ocr_line' id='line_1_11' title="bbox 265 580 1056 618; baseline -0.005 -7"><span class='ocrx_word' id='word_1_80' title='bbox 265 584 309 611; x_wconf 78' lang='lat' dir='ltr'><strong>fex</strong></span> <span class='ocrx_word' id='word_1_81' title='bbox 331 584 482 615; x_wconf 66' lang='lat' dir='ltr'><strong>erubescit,</strong></span> <span class='ocrx_word' id='word_1_82' title='bbox 510 584 556 611; x_wconf 88' lang='lat' dir='ltr'><strong>sed</strong></span> <span class='ocrx_word' id='word_1_83' title='bbox 574 583 602 616; x_wconf 85' lang='lat' dir='ltr'><strong>ii,</strong></span> <span class='ocrx_word' id='word_1_84' title='bbox 626 583 670 618; x_wconf 87' lang='lat' dir='ltr'><strong>qui</strong></span> <span class='ocrx_word' id='word_1_85' title='bbox 693 582 793 610; x_wconf 81' lang='lat' dir='ltr'><strong>frustra</strong></span> <span class='ocrx_word' id='word_1_86' title='bbox 808 581 916 609; x_wconf 90' lang='lat' dir='ltr'><strong>aluntur</strong></span> <span class='ocrx_word' id='word_1_87' title='bbox 932 585 959 608; x_wconf 86' lang='lat' dir='ltr'><strong>et</strong></span> <span class='ocrx_word' id='word_1_88' title='bbox 978 580 1056 608; x_wconf 72' lang='lat' dir='ltr'><strong>otio-ai</strong></span> 
     </span>
    </p>
   </div>
   <div class='ocr_carea' id='block_1_12' title="bbox 264 627 1058 664">
    <p class='ocr_par' dir='ltr' id='par_1_12' title="bbox 264 627 1058 664">
     <span class='ocr_line' id='line_1_12' title="bbox 264 627 1058 664; baseline -0.004 -8"><span class='ocrx_word' id='word_1_89' title='bbox 264 634 335 661; x_wconf 80' lang='lat' dir='ltr'><strong>Iunt,</strong></span> <span class='ocrx_word' id='word_1_90' title='bbox 352 632 396 664; x_wconf 87' lang='lat' dir='ltr'><strong>qui</strong></span> <span class='ocrx_word' id='word_1_91' title='bbox 413 630 503 656; x_wconf 80' lang='lat' dir='ltr'><strong>multis</strong></span> <span class='ocrx_word' id='word_1_92' title='bbox 519 634 630 656; x_wconf 89' lang='lat' dir='ltr'><strong>ttluutur</strong></span> <span class='ocrx_word' id='word_1_93' title='bbox 649 629 779 656; x_wconf 82' lang='lat' dir='ltr'><strong>ministris</strong></span> <span class='ocrx_word' id='word_1_94' title='bbox 800 633 828 655; x_wconf 89' lang='lat' dir='ltr'><strong>et</strong></span> <span class='ocrx_word' id='word_1_95' title='bbox 852 627 951 662; x_wconf 83' lang='lat' dir='ltr'><strong>ingenti</strong></span> <span class='ocrx_word' id='word_1_96' title='bbox 974 627 1058 654; x_wconf 85' lang='lat' dir='ltr'><strong>fatuu-</strong></span> 
     </span>
    </p>
   </div>
   <div class='ocr_carea' id='block_1_13' title="bbox 265 673 1059 710">
    <p class='ocr_par' dir='ltr' id='par_1_13' title="bbox 265 673 1059 710">
     <span class='ocr_line' id='line_1_13' title="bbox 265 673 1059 710; baseline -0.003 -8"><span class='ocrx_word' id='word_1_97' title='bbox 265 676 317 702; x_wconf 84' lang='lat' dir='ltr'><strong>latu</strong></span> <span class='ocrx_word' id='word_1_98' title='bbox 335 676 468 703; x_wconf 86' lang='lat' dir='ltr'><strong>fruuntur.</strong></span> <span class='ocrx_word' id='word_1_99' title='bbox 484 675 550 703; x_wconf 88' lang='lat' dir='ltr'><strong>Nam</strong></span> <span class='ocrx_word' id='word_1_100' title='bbox 568 683 674 710; x_wconf 81' lang='lat' dir='ltr'><strong>semper</strong></span> <span class='ocrx_word' id='word_1_101' title='bbox 693 674 857 702; x_wconf 69' lang='lat' dir='ltr'><strong>laborantem</strong></span> <span class='ocrx_word' id='word_1_102' title='bbox 872 674 919 707; x_wconf 88' lang='lat' dir='ltr'><strong>ali,</strong></span> <span class='ocrx_word' id='word_1_103' title='bbox 941 673 1059 708; x_wconf 85' lang='lat' dir='ltr'><strong>philoso-</strong></span> 
     </span>
    </p>
   </div>
   <div class='ocr_carea' id='block_1_14' title="bbox 264 720 1057 757">
    <p class='ocr_par' dir='ltr' id='par_1_14' title="bbox 264 720 1057 757">
     <span class='ocr_line' id='line_1_14' title="bbox 264 720 1057 757; baseline -0.006 -7"><span class='ocrx_word' id='word_1_104' title='bbox 264 721 334 757; x_wconf 62' lang='lat' dir='ltr'><strong>phia!</strong></span> <span class='ocrx_word' id='word_1_105' title='bbox 349 730 433 757; x_wconf 75' lang='lat' dir='ltr'><strong>genus</strong></span> <span class='ocrx_word' id='word_1_106' title='bbox 445 727 486 750; x_wconf 91' lang='lat' dir='ltr'><strong>est</strong></span> <span class='ocrx_word' id='word_1_107' title='bbox 502 732 509 750; x_wconf 89' lang='lat'><strong>:</strong></span> <span class='ocrx_word' id='word_1_108' title='bbox 525 722 619 750; x_wconf 90' lang='lat' dir='ltr'><strong>ltorum</strong></span> <span class='ocrx_word' id='word_1_109' title='bbox 635 721 732 749; x_wconf 76' lang='lat' dir='ltr'><strong>anima:</strong></span> <span class='ocrx_word' id='word_1_110' title='bbox 747 721 867 756; x_wconf 88' lang='lat' dir='ltr'><strong>pnriorcs</strong></span> <span class='ocrx_word' id='word_1_111' title='bbox 878 725 950 752; x_wconf 88' lang='lat' dir='ltr'><strong>sunt,</strong></span> <span class='ocrx_word' id='word_1_112' title='bbox 962 720 1057 746; x_wconf 86' lang='lat' dir='ltr'><strong>ltornnt</strong></span> 
     </span>
    </p>
   </div>
   <div class='ocr_carea' id='block_1_15' title="bbox 264 765 1057 802">
    <p class='ocr_par' dir='ltr' id='par_1_15' title="bbox 264 765 1057 802">
     <span class='ocr_line' id='line_1_15' title="bbox 264 765 1057 802; baseline -0.003 -8"><span class='ocrx_word' id='word_1_113' title='bbox 264 773 369 796; x_wconf 85' lang='lat' dir='ltr'><strong>mentes</strong></span> <span class='ocrx_word' id='word_1_114' title='bbox 385 768 527 796; x_wconf 86' lang='lat' dir='ltr'><strong>lirmiores.</strong></span> <span class='ocrx_word' id='word_1_115' title='bbox 543 767 608 795; x_wconf 82' lang='lat' dir='ltr'><strong>Nam</strong></span> <span class='ocrx_word' id='word_1_116' title='bbox 623 767 667 802; x_wconf 88' lang='lat' dir='ltr'><strong>qui</strong></span> <span class='ocrx_word' id='word_1_117' title='bbox 681 767 783 794; x_wconf 87' lang='lat' dir='ltr'><strong>otiosus</strong></span> <span class='ocrx_word' id='word_1_118' title='bbox 804 771 855 799; x_wconf 86' lang='lat' dir='ltr'><strong>est,</strong></span> <span class='ocrx_word' id='word_1_119' title='bbox 873 765 953 792; x_wconf 86' lang='lat' dir='ltr'><strong>multa</strong></span> <span class='ocrx_word' id='word_1_120' title='bbox 970 766 1057 799; x_wconf 83' lang='lat' dir='ltr'><strong>potius</strong></span> 
     </span>
    </p>
   </div>
   <div class='ocr_carea' id='block_1_16' title="bbox 265 810 1058 861">
    <p class='ocr_par' dir='ltr' id='par_1_16' title="bbox 265 810 1058 861">
     <span class='ocr_line' id='line_1_16' title="bbox 265 810 1058 861; baseline -0.006 -20"><span class='ocrx_word' id='word_1_121' title='bbox 265 818 366 842; x_wconf 83' lang='lat' dir='ltr'><strong>temere</strong></span> <span class='ocrx_word' id='word_1_122' title='bbox 386 815 513 849; x_wconf 84' lang='lat' dir='ltr'><strong>loquitur,</strong></span> <span class='ocrx_word' id='word_1_123' title='bbox 529 818 556 841; x_wconf 85' lang='lat' dir='ltr'><strong>et</strong></span> <span class='ocrx_word' id='word_1_124' title='bbox 570 814 651 841; x_wconf 86' lang='lat' dir='ltr'><strong>multa</strong></span> <span class='ocrx_word' id='word_1_125' title='bbox 672 813 768 840; x_wconf 78' lang='lat' dir='ltr'><strong>frustra</strong></span> <span class='ocrx_word' id='word_1_126' title='bbox 792 812 857 847; x_wconf 79' lang='lat' dir='ltr'><strong>agit,</strong></span> <span class='ocrx_word' id='word_1_127' title='bbox 883 819 913 838; x_wconf 88' lang='lat' dir='ltr'><strong>ac</strong></span> <span class='ocrx_word' id='word_1_128' title='bbox 929 810 995 838; x_wconf 88' lang='lat' dir='ltr'><strong>nihil</strong></span> <span class='ocrx_word' id='word_1_129' title='bbox 1011 818 1058 861; x_wconf 73' lang='lat' dir='ltr'><strong>per</strong></span> 
     </span>
    </p>
   </div>
   <div class='ocr_carea' id='block_1_17' title="bbox 264 858 1056 894">
    <p class='ocr_par' dir='ltr' id='par_1_17' title="bbox 264 858 1056 894">
     <span class='ocr_line' id='line_1_17' title="bbox 264 858 1056 894; baseline -0.005 -8"><span class='ocrx_word' id='word_1_130' title='bbox 264 864 346 886; x_wconf 86' lang='lat' dir='ltr'><strong>totam</strong></span> <span class='ocrx_word' id='word_1_131' title='bbox 367 859 439 887; x_wconf 86' lang='lat' dir='ltr'><strong>diem</strong></span> <span class='ocrx_word' id='word_1_132' title='bbox 463 864 599 894; x_wconf 82' lang='lat' dir='ltr'><strong>operatur,</strong></span> <span class='ocrx_word' id='word_1_133' title='bbox 623 858 707 885; x_wconf 88' lang='lat' dir='ltr'><strong>nlullo</strong></span> <span class='ocrx_word' id='word_1_134' title='bbox 729 858 824 893; x_wconf 87' lang='lat' dir='ltr'><strong>plenus</strong></span> <span class='ocrx_word' id='word_1_135' title='bbox 851 862 960 892; x_wconf 90' lang='lat' dir='ltr'><strong>torpore</strong></span> <span class='ocrx_word' id='word_1_136' title='bbox 981 865 988 883; x_wconf 89' lang='lat'><strong>:</strong></span> <span class='ocrx_word' id='word_1_137' title='bbox 1011 858 1056 890; x_wconf 91' lang='lat' dir='ltr'><strong>qtti</strong></span> 
     </span>
    </p>
   </div>
   <div class='ocr_carea' id='block_1_18' title="bbox 262 902 1059 940">
    <p class='ocr_par' dir='ltr' id='par_1_18' title="bbox 262 902 1059 940">
     <span class='ocr_line' id='line_1_18' title="bbox 262 902 1059 940; baseline -0.003 -9"><span class='ocrx_word' id='word_1_138' title='bbox 262 910 352 932; x_wconf 81' lang='lat' dir='ltr'><strong>autem</strong></span> <span class='ocrx_word' id='word_1_139' title='bbox 368 909 506 940; x_wconf 85' lang='lat' dir='ltr'><strong>operatur,</strong></span> <span class='ocrx_word' id='word_1_140' title='bbox 533 904 599 931; x_wconf 87' lang='lat' dir='ltr'><strong>nihil</strong></span> <span class='ocrx_word' id='word_1_141' title='bbox 622 903 786 939; x_wconf 80' lang='lat' dir='ltr'><strong>superfluum</strong></span> <span class='ocrx_word' id='word_1_142' title='bbox 801 903 856 930; x_wconf 84' lang='lat' dir='ltr'><strong>cito</strong></span> <span class='ocrx_word' id='word_1_143' title='bbox 870 902 999 938; x_wconf 80' lang='lat' dir='ltr'><strong>percipiet</strong></span> <span class='ocrx_word' id='word_1_144' title='bbox 1011 909 1059 929; x_wconf 83' lang='lat' dir='ltr'><strong>ne-</strong></span> 
     </span>
    </p>
   </div>
   <div class='ocr_carea' id='block_1_19' title="bbox 261 949 1056 984">
    <p class='ocr_par' dir='ltr' id='par_1_19' title="bbox 261 949 1056 984">
     <span class='ocr_line' id='line_1_19' title="bbox 261 949 1056 984; baseline -0.004 -7"><span class='ocrx_word' id='word_1_145' title='bbox 261 957 315 984; x_wconf 83' lang='lat' dir='ltr'><strong>que</strong></span> <span class='ocrx_word' id='word_1_146' title='bbox 336 950 363 977; x_wconf 88' lang='lat' dir='ltr'><strong>in</strong></span> <span class='ocrx_word' id='word_1_147' title='bbox 387 950 513 984; x_wconf 88' lang='lat' dir='ltr'><strong>operibus</strong></span> <span class='ocrx_word' id='word_1_148' title='bbox 533 957 583 977; x_wconf 89' lang='lat' dir='ltr'><strong>nec</strong></span> <span class='ocrx_word' id='word_1_149' title='bbox 607 950 633 976; x_wconf 88' lang='lat' dir='ltr'><strong>itt</strong></span> <span class='ocrx_word' id='word_1_150' title='bbox 656 949 744 976; x_wconf 71' lang='lat' dir='ltr'><strong>verbis</strong></span> <span class='ocrx_word' id='word_1_151' title='bbox 767 956 816 976; x_wconf 88' lang='lat' dir='ltr'><strong>nec</strong></span> <span class='ocrx_word' id='word_1_152' title='bbox 834 949 860 975; x_wconf 90' lang='lat' dir='ltr'><strong>itt</strong></span> <span class='ocrx_word' id='word_1_153' title='bbox 881 953 984 980; x_wconf 90' lang='lat' dir='ltr'><strong>mente;</strong></span> <span class='ocrx_word' id='word_1_154' title='bbox 1003 951 1056 974; x_wconf 84' lang='lat' dir='ltr'><strong>tota</strong></span> 
     </span>
    </p>
   </div>
   <div class='ocr_carea' id='block_1_20' title="bbox 262 988 1056 1030">
    <p class='ocr_par' dir='ltr' id='par_1_20' title="bbox 262 988 1056 1030">
     <span class='ocr_line' id='line_1_20' title="bbox 262 988 1056 1030; baseline -0.004 -8"><span class='ocrx_word' id='word_1_155' title='bbox 262 996 334 1023; x_wconf 88' lang='lat' dir='ltr'><strong>eniut</strong></span> <span class='ocrx_word' id='word_1_156' title='bbox 348 995 436 1023; x_wconf 80' lang='lat' dir='ltr'><strong>anima</strong></span> <span class='ocrx_word' id='word_1_157' title='bbox 449 1003 556 1030; x_wconf 87' lang='lat' dir='ltr'><strong>semper</strong></span> <span class='ocrx_word' id='word_1_158' title='bbox 569 995 715 1022; x_wconf 85' lang='lat' dir='ltr'><strong>intenditur</strong></span> <span class='ocrx_word' id='word_1_159' title='bbox 731 995 764 1022; x_wconf 85' lang='lat' dir='ltr'><strong>ad</strong></span> <span class='ocrx_word' id='word_1_160' title='bbox 782 995 863 1021; x_wconf 87' lang='lat' dir='ltr'><strong>vitam</strong></span> <span class='ocrx_word' id='word_1_161' title='bbox 878 988 1056 1020; x_wconf 79' lang='lat' dir='ltr'><strong>&#39;laltoriosatn.</strong></span> 
     </span>
    </p>
   </div>
   <div class='ocr_carea' id='block_1_21' title="bbox 262 1039 1054 1077">
    <p class='ocr_par' dir='ltr' id='par_1_21' title="bbox 262 1039 1054 1077">
     <span class='ocr_line' id='line_1_21' title="bbox 262 1039 1054 1077; baseline -0.004 -9"><span class='ocrx_word' id='word_1_162' title='bbox 262 1041 301 1069; x_wconf 80' lang='lat' dir='ltr'><strong>Ne</strong></span> <span class='ocrx_word' id='word_1_163' title='bbox 314 1049 378 1077; x_wconf 76' lang='lat' dir='ltr'><strong>ergo</strong></span> <span class='ocrx_word' id='word_1_164' title='bbox 388 1042 567 1076; x_wconf 72' lang='lat' dir='ltr'><strong>despiciemus</strong></span> <span class='ocrx_word' id='word_1_165' title='bbox 579 1049 627 1069; x_wconf 87' lang='lat' dir='ltr'><strong>eos</strong></span> <span class='ocrx_word' id='word_1_166' title='bbox 639 1042 684 1076; x_wconf 89' lang='lat' dir='ltr'><strong>qui</strong></span> <span class='ocrx_word' id='word_1_167' title='bbox 698 1040 790 1068; x_wconf 90' lang='lat' dir='ltr'><strong>labore</strong></span> <span class='ocrx_word' id='word_1_168' title='bbox 803 1048 928 1067; x_wconf 90' lang='lat' dir='ltr'><strong>ntanuum</strong></span> <span class='ocrx_word' id='word_1_169' title='bbox 938 1039 1054 1071; x_wconf 80' lang='lat' dir='ltr'><strong>aluntur,</strong></span> 
     </span>
    </p>
   </div>
   <div class='ocr_carea' id='block_1_22' title="bbox 261 1086 1054 1123">
    <p class='ocr_par' dir='ltr' id='par_1_22' title="bbox 261 1086 1054 1123">
     <span class='ocr_line' id='line_1_22' title="bbox 261 1086 1054 1123; baseline -0.006 -8"><span class='ocrx_word' id='word_1_170' title='bbox 261 1087 311 1115; x_wconf 84' lang='lat' dir='ltr'><strong>sed</strong></span> <span class='ocrx_word' id='word_1_171' title='bbox 331 1089 419 1123; x_wconf 85' lang='lat' dir='ltr'><strong>potius</strong></span> <span class='ocrx_word' id='word_1_172' title='bbox 435 1088 495 1115; x_wconf 88' lang='lat' dir='ltr'><strong>illos</strong></span> <span class='ocrx_word' id='word_1_173' title='bbox 514 1087 576 1115; x_wconf 83' lang='lat' dir='ltr'><strong>ideo</strong></span> <span class='ocrx_word' id='word_1_174' title='bbox 597 1087 690 1115; x_wconf 78' lang='lat' dir='ltr'><strong>beatos</strong></span> <span class='ocrx_word' id='word_1_175' title='bbox 712 1086 898 1122; x_wconf 69' lang='lat' dir='ltr'><strong>pratdiccmtts.</strong></span> <span class='ocrx_word' id='word_1_176' title='bbox 916 1086 1054 1120; x_wconf 82' lang='lat' dir='ltr'><strong>Quamam,</strong></span> 
     </span>
    </p>
   </div>
   <div class='ocr_carea' id='block_1_23' title="bbox 260 1130 1055 1168">
    <p class='ocr_par' dir='ltr' id='par_1_23' title="bbox 260 1130 1055 1168">
     <span class='ocr_line' id='line_1_23' title="bbox 260 1130 1055 1168; baseline -0.005 -7"><span class='ocrx_word' id='word_1_177' title='bbox 260 1140 363 1168; x_wconf 68' lang='lat' dir='ltr'><strong>qutcso,</strong></span> <span class='ocrx_word' id='word_1_178' title='bbox 387 1138 429 1161; x_wconf 78' lang='lat' dir='ltr'><strong>est</strong></span> <span class='ocrx_word' id='word_1_179' title='bbox 444 1134 490 1160; x_wconf 89' lang='lat' dir='ltr'><strong>tibi</strong></span> <span class='ocrx_word' id='word_1_180' title='bbox 505 1133 600 1168; x_wconf 69' lang='lat' dir='ltr'><strong>gratia,</strong></span> <span class='ocrx_word' id='word_1_181' title='bbox 614 1136 798 1166; x_wconf 86' lang='lat' dir='ltr'><strong>etnn.accepta</strong></span> <span class='ocrx_word' id='word_1_182' title='bbox 818 1140 832 1158; x_wconf 85' lang='lat' dir='ltr'><strong>a</strong></span> <span class='ocrx_word' id='word_1_183' title='bbox 847 1137 922 1167; x_wconf 88' lang='lat' dir='ltr'><strong>patre</strong></span> <span class='ocrx_word' id='word_1_184' title='bbox 939 1130 1055 1158; x_wconf 72' lang='lat' dir='ltr'><strong>Incredi-</strong></span> 
     </span>
    </p>
   </div>
   <div class='ocr_carea' id='block_1_24' title="bbox 262 1178 1055 1214">
    <p class='ocr_par' dir='ltr' id='par_1_24' title="bbox 262 1178 1055 1214">
     <span class='ocr_line' id='line_1_24' title="bbox 262 1178 1055 1214; baseline -0.003 -9"><span class='ocrx_word' id='word_1_185' title='bbox 262 1183 327 1212; x_wconf 84' lang='lat' dir='ltr'><strong>tate,</strong></span> <span class='ocrx_word' id='word_1_186' title='bbox 351 1184 481 1214; x_wconf 86' lang='lat' dir='ltr'><strong>perpetuo</strong></span> <span class='ocrx_word' id='word_1_187' title='bbox 504 1178 570 1205; x_wconf 87' lang='lat' dir='ltr'><strong>nihil</strong></span> <span class='ocrx_word' id='word_1_188' title='bbox 587 1179 661 1213; x_wconf 72' lang='lat' dir='ltr'><strong>agis,</strong></span> <span class='ocrx_word' id='word_1_189' title='bbox 689 1178 736 1206; x_wconf 87' lang='lat' dir='ltr'><strong>scd</strong></span> <span class='ocrx_word' id='word_1_190' title='bbox 753 1179 794 1205; x_wconf 92' lang='lat' dir='ltr'><strong>illa</strong></span> <span class='ocrx_word' id='word_1_191' title='bbox 811 1178 901 1205; x_wconf 88' lang='lat' dir='ltr'><strong>omnia</strong></span> <span class='ocrx_word' id='word_1_192' title='bbox 916 1178 984 1205; x_wconf 87' lang='lat' dir='ltr'><strong>bona</strong></span> <span class='ocrx_word' id='word_1_193' title='bbox 999 1178 1055 1204; x_wconf 83' lang='lat' dir='ltr'><strong>fru-</strong></span> 
     </span>
    </p>
   </div>
   <div class='ocr_carea' id='block_1_25' title="bbox 261 1225 1055 1252">
    <p class='ocr_par' dir='ltr' id='par_1_25' title="bbox 261 1225 1055 1252">
     <span class='ocr_line' id='line_1_25' title="bbox 261 1225 1055 1252; baseline 0 -1"><span class='ocrx_word' id='word_1_194' title='bbox 261 1229 317 1252; x_wconf 75' lang='lat' dir='ltr'><strong>stra</strong></span> <span class='ocrx_word' id='word_1_195' title='bbox 327 1225 458 1252; x_wconf 77' lang='lat' dir='ltr'><strong>insontis?</strong></span> <span class='ocrx_word' id='word_1_196' title='bbox 469 1225 509 1252; x_wconf 80' lang='lat' dir='ltr'><strong>An</strong></span> <span class='ocrx_word' id='word_1_197' title='bbox 523 1225 611 1252; x_wconf 83' lang='lat' dir='ltr'><strong>neseis</strong></span> <span class='ocrx_word' id='word_1_198' title='bbox 627 1233 780 1252; x_wconf 87' lang='lat' dir='ltr'><strong>nottontnes</strong></span> <span class='ocrx_word' id='word_1_199' title='bbox 792 1225 913 1252; x_wconf 75' lang='lat' dir='ltr'><strong>eamdem</strong></span> <span class='ocrx_word' id='word_1_200' title='bbox 925 1225 1055 1251; x_wconf 81' lang='lat' dir='ltr'><strong>rationein</strong></span> 
     </span>
    </p>
   </div>
   <div class='ocr_carea' id='block_1_26' title="bbox 263 1270 1056 1306">
    <p class='ocr_par' dir='ltr' id='par_1_26' title="bbox 263 1270 1056 1306">
     <span class='ocr_line' id='line_1_26' title="bbox 263 1270 1056 1306; baseline -0.003 -8"><span class='ocrx_word' id='word_1_201' title='bbox 263 1271 417 1298; x_wconf 84' lang='lat' dir='ltr'><strong>reddituros</strong></span> <span class='ocrx_word' id='word_1_202' title='bbox 428 1278 478 1298; x_wconf 84' lang='lat' dir='ltr'><strong>nos</strong></span> <span class='ocrx_word' id='word_1_203' title='bbox 493 1278 570 1303; x_wconf 84' lang='lat' dir='ltr'><strong>esse;</strong></span> <span class='ocrx_word' id='word_1_204' title='bbox 586 1271 633 1298; x_wconf 85' lang='lat' dir='ltr'><strong>sed</strong></span> <span class='ocrx_word' id='word_1_205' title='bbox 644 1279 691 1298; x_wconf 85' lang='lat' dir='ltr'><strong>eos</strong></span> <span class='ocrx_word' id='word_1_206' title='bbox 711 1271 756 1306; x_wconf 92' lang='lat' dir='ltr'><strong>qui</strong></span> <span class='ocrx_word' id='word_1_207' title='bbox 769 1271 810 1298; x_wconf 88' lang='lat' dir='ltr'><strong>hic</strong></span> <span class='ocrx_word' id='word_1_208' title='bbox 822 1271 847 1297; x_wconf 90' lang='lat' dir='ltr'><strong>in</strong></span> <span class='ocrx_word' id='word_1_209' title='bbox 863 1270 956 1305; x_wconf 77' lang='lat' dir='ltr'><strong>majori</strong></span> <span class='ocrx_word' id='word_1_210' title='bbox 971 1270 1039 1296; x_wconf 89' lang='lat' dir='ltr'><strong>lieett</strong></span> <span class='ocrx_word' id='word_1_211' title='bbox 1050 1284 1056 1289; x_wconf 90' lang='lat'><strong>-</strong></span> 
     </span>
    </p>
   </div>
   <div class='ocr_carea' id='block_1_27' title="bbox 261 1316 1054 1351">
    <p class='ocr_par' dir='ltr' id='par_1_27' title="bbox 261 1316 1054 1351">
     <span class='ocr_line' id='line_1_27' title="bbox 261 1316 1054 1351; baseline -0.001 -8"><span class='ocrx_word' id='word_1_212' title='bbox 261 1317 297 1343; x_wconf 82' lang='lat' dir='ltr'><strong>tia</strong></span> <span class='ocrx_word' id='word_1_213' title='bbox 308 1322 335 1343; x_wconf 85' lang='lat' dir='ltr'><strong>et</strong></span> <span class='ocrx_word' id='word_1_214' title='bbox 350 1324 438 1343; x_wconf 81' lang='lat' dir='ltr'><strong>rerum</strong></span> <span class='ocrx_word' id='word_1_215' title='bbox 452 1317 528 1351; x_wconf 90' lang='lat' dir='ltr'><strong>copia</strong></span> <span class='ocrx_word' id='word_1_216' title='bbox 545 1317 667 1343; x_wconf 79' lang='lat' dir='ltr'><strong>vixerunt</strong></span> <span class='ocrx_word' id='word_1_217' title='bbox 677 1337 684 1347; x_wconf 85' lang='lat'><strong><em>.</em></strong></span> <span class='ocrx_word' id='word_1_218' title='bbox 701 1317 824 1351; x_wconf 77' lang='lat' dir='ltr'><strong>gravius;</strong></span> <span class='ocrx_word' id='word_1_219' title='bbox 848 1324 895 1344; x_wconf 93' lang='lat' dir='ltr'><strong>eos</strong></span> <span class='ocrx_word' id='word_1_220' title='bbox 907 1321 995 1343; x_wconf 87' lang='lat' dir='ltr'><strong>autent</strong></span> <span class='ocrx_word' id='word_1_221' title='bbox 1010 1316 1054 1350; x_wconf 88' lang='lat' dir='ltr'><strong>qui</strong></span> 
     </span>
    </p>
   </div>
   <div class='ocr_carea' id='block_1_28' title="bbox 263 1361 1051 1396">
    <p class='ocr_par' dir='ltr' id='par_1_28' title="bbox 263 1361 1051 1396">
     <span class='ocr_line' id='line_1_28' title="bbox 263 1361 1051 1396; baseline -0.001 -7"><span class='ocrx_word' id='word_1_222' title='bbox 263 1362 290 1389; x_wconf 88' lang='lat' dir='ltr'><strong>in</strong></span> <span class='ocrx_word' id='word_1_223' title='bbox 313 1362 456 1393; x_wconf 83' lang='lat' dir='ltr'><strong>laboribus,</strong></span> <span class='ocrx_word' id='word_1_224' title='bbox 474 1363 499 1388; x_wconf 88' lang='lat' dir='ltr'><strong>itt</strong></span> <span class='ocrx_word' id='word_1_225' title='bbox 514 1366 672 1396; x_wconf 79' lang='lat' dir='ltr'><strong>paupertate</strong></span> <span class='ocrx_word' id='word_1_226' title='bbox 687 1366 715 1389; x_wconf 90' lang='lat' dir='ltr'><strong>et</strong></span> <span class='ocrx_word' id='word_1_227' title='bbox 730 1362 856 1388; x_wconf 66' lang='lat' dir='ltr'><strong>aerumnis</strong></span> <span class='ocrx_word' id='word_1_228' title='bbox 872 1362 953 1388; x_wconf 84' lang='lat' dir='ltr'><strong>vitam</strong></span> <span class='ocrx_word' id='word_1_229' title='bbox 967 1361 1051 1388; x_wconf 76' lang='lat' dir='ltr'><strong>duxe—</strong></span> 
     </span>
    </p>
   </div>
   <div class='ocr_carea' id='block_1_29' title="bbox 1111 169 1899 203">
    <p class='ocr_par' dir='ltr' id='par_1_29' title="bbox 1111 169 1899 203">
     <span class='ocr_line' id='line_1_29' title="bbox 1111 169 1899 203; baseline 0.01 -8"><span class='ocrx_word' id='word_1_230' title='bbox 1111 176 1140 195; x_wconf 90' lang='lat' dir='ltr'><strong>re</strong></span> <span class='ocrx_word' id='word_1_231' title='bbox 1150 189 1157 200; x_wconf 84' lang='grc'>,</span> <span class='ocrx_word' id='word_1_232' title='bbox 1172 169 1262 198; x_wconf 85' lang='lat' dir='ltr'><strong>mitius</strong></span> <span class='ocrx_word' id='word_1_233' title='bbox 1276 178 1336 199; x_wconf 87' lang='lat' dir='ltr'><strong>esse</strong></span> <span class='ocrx_word' id='word_1_234' title='bbox 1352 172 1515 200; x_wconf 80' lang='lat' dir='ltr'><strong>tractandos.</strong></span> <span class='ocrx_word' id='word_1_235' title='bbox 1533 172 1595 200; x_wconf 62' lang='lat' dir='ltr'><strong>llaec</strong></span> <span class='ocrx_word' id='word_1_236' title='bbox 1613 177 1702 201; x_wconf 82' lang='lat' dir='ltr'><strong>autent</strong></span> <span class='ocrx_word' id='word_1_237' title='bbox 1715 182 1746 201; x_wconf 87' lang='lat' dir='ltr'><strong>ex</strong></span> <span class='ocrx_word' id='word_1_238' title='bbox 1759 174 1860 203; x_wconf 87' lang='lat' dir='ltr'><strong>Lazaro</strong></span> <span class='ocrx_word' id='word_1_239' title='bbox 1873 182 1899 203; x_wconf 88' lang='lat' dir='ltr'><strong>et</strong></span> 
     </span>
    </p>
   </div>
   <div class='ocr_carea' id='block_1_30' title="bbox 1108 215 1898 254">
    <p class='ocr_par' dir='ltr' id='par_1_30' title="bbox 1108 215 1898 254">
     <span class='ocr_line' id='line_1_30' title="bbox 1108 215 1898 254; baseline 0.013 -14"><span class='ocrx_word' id='word_1_240' title='bbox 1108 215 1191 242; x_wconf 87' lang='lat' dir='ltr'><strong>dirite</strong></span> <span class='ocrx_word' id='word_1_241' title='bbox 1204 217 1343 245; x_wconf 70' lang='lat' dir='ltr'><strong>manifesta</strong></span> <span class='ocrx_word' id='word_1_242' title='bbox 1357 223 1430 246; x_wconf 89' lang='lat' dir='ltr'><strong>sunt.</strong></span> <span class='ocrx_word' id='word_1_243' title='bbox 1446 219 1486 246; x_wconf 86' lang='lat' dir='ltr'><strong>Tn</strong></span> <span class='ocrx_word' id='word_1_244' title='bbox 1501 226 1586 252; x_wconf 88' lang='lat' dir='ltr'><strong>certe,</strong></span> <span class='ocrx_word' id='word_1_245' title='bbox 1602 221 1645 254; x_wconf 87' lang='lat' dir='ltr'><strong>qtti</strong></span> <span class='ocrx_word' id='word_1_246' title='bbox 1661 220 1694 247; x_wconf 91' lang='lat' dir='ltr'><strong>ad</strong></span> <span class='ocrx_word' id='word_1_247' title='bbox 1709 220 1797 248; x_wconf 87' lang='lat' dir='ltr'><strong>debita</strong></span> <span class='ocrx_word' id='word_1_248' title='bbox 1809 222 1898 250; x_wconf 84' lang='lat' dir='ltr'><strong>oflit-ia</strong></span> 
     </span>
    </p>
   </div>
   <div class='ocr_carea' id='block_1_31' title="bbox 1110 261 1900 303">
    <p class='ocr_par' dir='ltr' id='par_1_31' title="bbox 1110 261 1900 303">
     <span class='ocr_line' id='line_1_31' title="bbox 1110 261 1900 303; baseline 0.011 -17"><span class='ocrx_word' id='word_1_249' title='bbox 1110 261 1165 287; x_wconf 89' lang='lat' dir='ltr'><strong>otio</strong></span> <span class='ocrx_word' id='word_1_250' title='bbox 1178 269 1230 288; x_wconf 87' lang='lat' dir='ltr'><strong>non</strong></span> <span class='ocrx_word' id='word_1_251' title='bbox 1252 270 1281 289; x_wconf 85' lang='lat' dir='ltr'><strong>es</strong></span> <span class='ocrx_word' id='word_1_252' title='bbox 1303 271 1378 294; x_wconf 82' lang='lat' dir='ltr'><strong>usus.</strong></span> <span class='ocrx_word' id='word_1_253' title='bbox 1398 264 1458 298; x_wconf 87' lang='lat' dir='ltr'><strong>jure</strong></span> <span class='ocrx_word' id='word_1_254' title='bbox 1473 266 1622 298; x_wconf 79' lang='lat' dir='ltr'><strong>accusat-is;</strong></span> <span class='ocrx_word' id='word_1_255' title='bbox 1649 274 1749 302; x_wconf 85' lang='lat' dir='ltr'><strong>pauper</strong></span> <span class='ocrx_word' id='word_1_256' title='bbox 1770 276 1834 295; x_wconf 81' lang='lat' dir='ltr'><strong>vero</strong></span> <span class='ocrx_word' id='word_1_257' title='bbox 1855 270 1900 303; x_wconf 87' lang='lat' dir='ltr'><strong>qni</strong></span> 
     </span>
    </p>
   </div>
   <div class='ocr_carea' id='block_1_32' title="bbox 1109 306 1900 350">
    <p class='ocr_par' dir='ltr' id='par_1_32' title="bbox 1109 306 1900 350">
     <span class='ocr_line' id='line_1_32' title="bbox 1109 306 1900 350; baseline 0.014 -19"><span class='ocrx_word' id='word_1_258' title='bbox 1109 306 1240 340; x_wconf 87' lang='lat' dir='ltr'><strong>reliquttm</strong></span> <span class='ocrx_word' id='word_1_259' title='bbox 1255 309 1385 343; x_wconf 83' lang='lat' dir='ltr'><strong>temporis</strong></span> <span class='ocrx_word' id='word_1_260' title='bbox 1396 310 1430 337; x_wconf 86' lang='lat' dir='ltr'><strong>ad</strong></span> <span class='ocrx_word' id='word_1_261' title='bbox 1445 310 1534 338; x_wconf 81' lang='lat' dir='ltr'><strong>debita</strong></span> <span class='ocrx_word' id='word_1_262' title='bbox 1549 311 1636 339; x_wconf 77' lang='lat' dir='ltr'><strong>oflieia</strong></span> <span class='ocrx_word' id='word_1_263' title='bbox 1651 313 1783 346; x_wconf 76' lang='lat' dir='ltr'><strong>adhiburl,</strong></span> <span class='ocrx_word' id='word_1_264' title='bbox 1797 315 1900 350; x_wconf 76' lang='lat' dir='ltr'><strong>magnis</strong></span> 
     </span>
    </p>
   </div>
   <div class='ocr_carea' id='block_1_33' title="bbox 1109 351 1338 381">
    <p class='ocr_par' dir='ltr' id='par_1_33' title="bbox 1109 351 1338 381">
     <span class='ocr_line' id='line_1_33' title="bbox 1109 351 1338 381; baseline 0.013 -4"><span class='ocrx_word' id='word_1_265' title='bbox 1109 351 1210 379; x_wconf 84' lang='lat' dir='ltr'><strong>fruetur</strong></span> <span class='ocrx_word' id='word_1_266' title='bbox 1223 355 1338 381; x_wconf 84' lang='lat' dir='ltr'><strong>coronis.</strong></span> 
     </span>
    </p>
   </div>
   <div class='ocr_carea' id='block_1_34' title="bbox 1144 399 1900 436">
    <p class='ocr_par' dir='ltr' id='par_1_34' title="bbox 1144 399 1900 436">
     <span class='ocr_line' id='line_1_34' title="bbox 1144 399 1900 436; baseline 0.012 -10"><span class='ocrx_word' id='word_1_267' title='bbox 1144 399 1238 426; x_wconf 79' lang='lat' dir='ltr'><strong>Contra</strong></span> <span class='ocrx_word' id='word_1_268' title='bbox 1251 401 1404 428; x_wconf 68' lang='lat' dir='ltr'><strong>theatrorum</strong></span> <span class='ocrx_word' id='word_1_269' title='bbox 1417 403 1569 436; x_wconf 62' lang='lat' dir='ltr'><strong>spectacula.</strong></span> <span class='ocrx_word' id='word_1_270' title='bbox 1582 418 1617 424; x_wconf 91' lang='lat'><strong><em>—</em></strong></span> <span class='ocrx_word' id='word_1_271' title='bbox 1628 405 1662 432; x_wconf 78' lang='lat' dir='ltr'><strong>At</strong></span> <span class='ocrx_word' id='word_1_272' title='bbox 1677 410 1704 432; x_wconf 91' lang='lat' dir='ltr'><strong>tu</strong></span> <span class='ocrx_word' id='word_1_273' title='bbox 1719 406 1838 434; x_wconf 77' lang='lat' dir='ltr'><strong>militiam</strong></span> <span class='ocrx_word' id='word_1_274' title='bbox 1852 407 1900 435; x_wconf 85' lang='lat' dir='ltr'><strong>ob-</strong></span> 
     </span>
    </p>
   </div>
   <div class='ocr_carea' id='block_1_35' title="bbox 1109 444 1900 485">
    <p class='ocr_par' dir='ltr' id='par_1_35' title="bbox 1109 444 1900 485">
     <span class='ocr_line' id='line_1_35' title="bbox 1109 444 1900 485; baseline 0.013 -15"><span class='ocrx_word' id='word_1_275' title='bbox 1109 444 1207 476; x_wconf 82' lang='lat' dir='ltr'><strong>tendis,</strong></span> <span class='ocrx_word' id='word_1_276' title='bbox 1227 450 1255 472; x_wconf 86' lang='lat' dir='ltr'><strong>et</strong></span> <span class='ocrx_word' id='word_1_277' title='bbox 1275 446 1345 480; x_wconf 88' lang='lat' dir='ltr'><strong>qttod</strong></span> <span class='ocrx_word' id='word_1_278' title='bbox 1362 447 1404 474; x_wconf 80' lang='lat' dir='ltr'><strong>illa</strong></span> <span class='ocrx_word' id='word_1_279' title='bbox 1416 447 1568 476; x_wconf 88' lang='lat' dir='ltr'><strong>distinearis</strong></span> <span class='ocrx_word' id='word_1_280' title='bbox 1583 450 1701 485; x_wconf 76' lang='lat' dir='ltr'><strong>allegas?</strong></span> <span class='ocrx_word' id='word_1_281' title='bbox 1714 451 1765 479; x_wconf 87' lang='lat' dir='ltr'><strong>Sed</strong></span> <span class='ocrx_word' id='word_1_282' title='bbox 1780 453 1840 479; x_wconf 83' lang='lat' dir='ltr'><strong>talis</strong></span> <span class='ocrx_word' id='word_1_283' title='bbox 1854 461 1900 480; x_wconf 72' lang='lat' dir='ltr'><strong>ex-</strong></span> 
     </span>
    </p>
   </div>
   <div class='ocr_carea' id='block_1_36' title="bbox 1108 490 1901 527">
    <p class='ocr_par' dir='ltr' id='par_1_36' title="bbox 1108 490 1901 527">
     <span class='ocr_line' id='line_1_36' title="bbox 1108 490 1901 527; baseline 0.015 -12"><span class='ocrx_word' id='word_1_284' title='bbox 1108 490 1210 516; x_wconf 64' lang='lat' dir='ltr'><strong>cusatio</strong></span> <span class='ocrx_word' id='word_1_285' title='bbox 1225 498 1277 518; x_wconf 87' lang='lat' dir='ltr'><strong>non</strong></span> <span class='ocrx_word' id='word_1_286' title='bbox 1293 496 1333 518; x_wconf 86' lang='lat' dir='ltr'><strong>est</strong></span> <span class='ocrx_word' id='word_1_287' title='bbox 1347 493 1442 520; x_wconf 88' lang='lat' dir='ltr'><strong>rationi</strong></span> <span class='ocrx_word' id='word_1_288' title='bbox 1456 502 1584 522; x_wconf 84' lang='lat' dir='ltr'><strong>consona.</strong></span> <span class='ocrx_word' id='word_1_289' title='bbox 1603 495 1668 523; x_wconf 86' lang='lat' dir='ltr'><strong>Nam</strong></span> <span class='ocrx_word' id='word_1_290' title='bbox 1691 497 1830 526; x_wconf 81' lang='lat' dir='ltr'><strong>Cornelius</strong></span> <span class='ocrx_word' id='word_1_291' title='bbox 1843 504 1901 527; x_wconf 85' lang='lat' dir='ltr'><strong>erat</strong></span> 
     </span>
    </p>
   </div>
   <div class='ocr_carea' id='block_1_37' title="bbox 1108 536 1900 572">
    <p class='ocr_par' dir='ltr' id='par_1_37' title="bbox 1108 536 1900 572">
     <span class='ocr_line' id='line_1_37' title="bbox 1108 536 1900 572; baseline 0.014 -11"><span class='ocrx_word' id='word_1_292' title='bbox 1108 536 1241 566; x_wconf 70' lang='lat' dir='ltr'><strong>centurio.</strong></span> <span class='ocrx_word' id='word_1_293' title='bbox 1268 542 1293 564; x_wconf 90' lang='lat' dir='ltr'><strong>et</strong></span> <span class='ocrx_word' id='word_1_294' title='bbox 1319 537 1423 565; x_wconf 78' lang='lat' dir='ltr'><strong>balteus</strong></span> <span class='ocrx_word' id='word_1_295' title='bbox 1437 539 1658 568; x_wconf 75' lang='lat' dir='ltr'><strong>vitzeiustilutnnt</strong></span> <span class='ocrx_word' id='word_1_296' title='bbox 1679 542 1743 569; x_wconf 90' lang='lat' dir='ltr'><strong>nihil</strong></span> <span class='ocrx_word' id='word_1_297' title='bbox 1762 543 1839 571; x_wconf 75' lang='lat' dir='ltr'><strong>ltesit.</strong></span> <span class='ocrx_word' id='word_1_298' title='bbox 1859 544 1900 572; x_wconf 90' lang='lat' dir='ltr'><strong>Tu</strong></span> 
     </span>
    </p>
   </div>
   <div class='ocr_carea' id='block_1_38' title="bbox 1109 584 1899 623">
    <p class='ocr_par' dir='ltr' id='par_1_38' title="bbox 1109 584 1899 623">
     <span class='ocr_line' id='line_1_38' title="bbox 1109 584 1899 623; baseline 0.014 -17"><span class='ocrx_word' id='word_1_299' title='bbox 1109 588 1173 607; x_wconf 76' lang='lat' dir='ltr'><strong>vero</strong></span> <span class='ocrx_word' id='word_1_300' title='bbox 1194 589 1254 608; x_wconf 84' lang='lat' dir='ltr'><strong>cuin</strong></span> <span class='ocrx_word' id='word_1_301' title='bbox 1277 584 1453 611; x_wconf 81' lang='lat' dir='ltr'><strong>saltatorilms</strong></span> <span class='ocrx_word' id='word_1_302' title='bbox 1464 590 1490 612; x_wconf 88' lang='lat' dir='ltr'><strong>et</strong></span> <span class='ocrx_word' id='word_1_303' title='bbox 1506 587 1595 613; x_wconf 86' lang='lat' dir='ltr'><strong>mimis</strong></span> <span class='ocrx_word' id='word_1_304' title='bbox 1609 587 1657 614; x_wconf 86' lang='lat' dir='ltr'><strong>das</strong></span> <span class='ocrx_word' id='word_1_305' title='bbox 1669 595 1791 623; x_wconf 88' lang='lat' dir='ltr'><strong>operam,</strong></span> <span class='ocrx_word' id='word_1_306' title='bbox 1813 595 1840 617; x_wconf 90' lang='lat' dir='ltr'><strong>et</strong></span> <span class='ocrx_word' id='word_1_307' title='bbox 1858 596 1899 617; x_wconf 91' lang='lat' dir='ltr'><strong>Io-</strong></span> 
     </span>
    </p>
   </div>
   <div class='ocr_carea' id='block_1_39' title="bbox 1109 629 1901 667">
    <p class='ocr_par' dir='ltr' id='par_1_39' title="bbox 1109 629 1901 667">
     <span class='ocr_line' id='line_1_39' title="bbox 1109 629 1901 667; baseline 0.013 -14"><span class='ocrx_word' id='word_1_308' title='bbox 1109 631 1164 654; x_wconf 90' lang='lat' dir='ltr'><strong>tnm</strong></span> <span class='ocrx_word' id='word_1_309' title='bbox 1182 629 1243 655; x_wconf 76' lang='lat' dir='ltr'><strong>vita:</strong></span> <span class='ocrx_word' id='word_1_310' title='bbox 1261 634 1366 665; x_wconf 86' lang='lat' dir='ltr'><strong>tempus</strong></span> <span class='ocrx_word' id='word_1_311' title='bbox 1381 631 1406 657; x_wconf 93' lang='lat' dir='ltr'><strong>in</strong></span> <span class='ocrx_word' id='word_1_312' title='bbox 1420 639 1501 658; x_wconf 57' lang='grc' dir='ltr'><strong>εει-ηπ</strong></span> <span class='ocrx_word' id='word_1_313' title='bbox 1514 634 1661 667; x_wconf 82' lang='lat' dir='ltr'><strong>consumis,</strong></span> <span class='ocrx_word' id='word_1_314' title='bbox 1676 643 1728 662; x_wconf 90' lang='lat' dir='ltr'><strong>non</strong></span> <span class='ocrx_word' id='word_1_315' title='bbox 1744 637 1784 663; x_wconf 83' lang='lat' dir='ltr'><strong>vel</strong></span> <span class='ocrx_word' id='word_1_316' title='bbox 1799 637 1901 664; x_wconf 78' lang='lat' dir='ltr'><strong>militia:</strong></span> 
     </span>
    </p>
   </div>
   <div class='ocr_carea' id='block_1_40' title="bbox 1109 675 1899 716">
    <p class='ocr_par' dir='ltr' id='par_1_40' title="bbox 1109 675 1899 716">
     <span class='ocr_line' id='line_1_40' title="bbox 1109 675 1899 716; baseline 0.013 -16"><span class='ocrx_word' id='word_1_317' title='bbox 1109 675 1297 702; x_wconf 76' lang='lat' dir='ltr'><strong>necessitatem</strong></span> <span class='ocrx_word' id='word_1_318' title='bbox 1335 677 1377 703; x_wconf 81' lang='lat' dir='ltr'><strong>rel</strong></span> <span class='ocrx_word' id='word_1_319' title='bbox 1407 684 1506 714; x_wconf 83' lang='lat' dir='ltr'><strong>tttetum</strong></span> <span class='ocrx_word' id='word_1_320' title='bbox 1533 680 1733 714; x_wconf 60' lang='lat' dir='ltr'><strong>tttagistratuutn</strong></span> <span class='ocrx_word' id='word_1_321' title='bbox 1757 681 1899 716; x_wconf 79' lang='lat' dir='ltr'><strong>obtendis;</strong></span> 
     </span>
    </p>
   </div>
   <div class='ocr_carea' id='block_1_41' title="bbox 1108 721 1900 759">
    <p class='ocr_par' dir='ltr' id='par_1_41' title="bbox 1108 721 1900 759">
     <span class='ocr_line' id='line_1_41' title="bbox 1108 721 1900 759; baseline 0.013 -12"><span class='ocrx_word' id='word_1_322' title='bbox 1108 721 1215 755; x_wconf 77' lang='lat' dir='ltr'><strong>quando</strong></span> <span class='ocrx_word' id='word_1_323' title='bbox 1229 727 1317 749; x_wconf 84' lang='lat' dir='ltr'><strong>autem</strong></span> <span class='ocrx_word' id='word_1_324' title='bbox 1336 727 1361 750; x_wconf 92' lang='lat' dir='ltr'><strong>te</strong></span> <span class='ocrx_word' id='word_1_325' title='bbox 1375 723 1407 750; x_wconf 89' lang='lat' dir='ltr'><strong>ad</strong></span> <span class='ocrx_word' id='word_1_326' title='bbox 1423 725 1564 752; x_wconf 80' lang='lat' dir='ltr'><strong>ecclesiam</strong></span> <span class='ocrx_word' id='word_1_327' title='bbox 1585 734 1720 759; x_wconf 80' lang='lat' dir='ltr'><strong>vocamus,</strong></span> <span class='ocrx_word' id='word_1_328' title='bbox 1748 734 1810 755; x_wconf 89' lang='lat' dir='ltr'><strong>tunc</strong></span> <span class='ocrx_word' id='word_1_329' title='bbox 1821 729 1900 757; x_wconf 90' lang='lat' dir='ltr'><strong>innu-</strong></span> 
     </span>
    </p>
   </div>
   <div class='ocr_carea' id='block_1_42' title="bbox 1109 768 1900 809">
    <p class='ocr_par' dir='ltr' id='par_1_42' title="bbox 1109 768 1900 809">
     <span class='ocr_line' id='line_1_42' title="bbox 1109 768 1900 809; baseline 0.011 -16"><span class='ocrx_word' id='word_1_330' title='bbox 1109 775 1183 794; x_wconf 86' lang='lat' dir='ltr'><strong>tueta</strong></span> <span class='ocrx_word' id='word_1_331' title='bbox 1198 768 1277 795; x_wconf 86' lang='lat' dir='ltr'><strong>all&#39;ers</strong></span> <span class='ocrx_word' id='word_1_332' title='bbox 1294 769 1492 804; x_wconf 88' lang='lat' dir='ltr'><strong>impedimenta.</strong></span> <span class='ocrx_word' id='word_1_333' title='bbox 1511 771 1543 798; x_wconf 81' lang='lat' dir='ltr'><strong>Et</strong></span> <span class='ocrx_word' id='word_1_334' title='bbox 1563 771 1626 806; x_wconf 89' lang='lat' dir='ltr'><strong>qttid</strong></span> <span class='ocrx_word' id='word_1_335' title='bbox 1641 772 1714 800; x_wconf 85' lang='lat' dir='ltr'><strong>dices</strong></span> <span class='ocrx_word' id='word_1_336' title='bbox 1730 774 1754 800; x_wconf 91' lang='lat' dir='ltr'><strong>itt</strong></span> <span class='ocrx_word' id='word_1_337' title='bbox 1777 775 1819 802; x_wconf 84' lang='lat' dir='ltr'><strong>illa</strong></span> <span class='ocrx_word' id='word_1_338' title='bbox 1836 775 1879 802; x_wconf 90' lang='lat' dir='ltr'><strong>die</strong></span> <span class='ocrx_word' id='word_1_339' title='bbox 1892 797 1900 809; x_wconf 83' lang='lat'><strong>,</strong></span> 
     </span>
    </p>
   </div>
   <div class='ocr_carea' id='block_1_43' title="bbox 1108 814 1900 853">
    <p class='ocr_par' dir='ltr' id='par_1_43' title="bbox 1108 814 1900 853">
     <span class='ocr_line' id='line_1_43' title="bbox 1108 814 1900 853; baseline 0.011 -14"><span class='ocrx_word' id='word_1_340' title='bbox 1108 822 1168 840; x_wconf 86' lang='lat' dir='ltr'><strong>cum</strong></span> <span class='ocrx_word' id='word_1_341' title='bbox 1187 814 1284 842; x_wconf 87' lang='lat' dir='ltr'><strong>videris</strong></span> <span class='ocrx_word' id='word_1_342' title='bbox 1296 815 1429 842; x_wconf 86' lang='lat' dir='ltr'><strong>llamntatn</strong></span> <span class='ocrx_word' id='word_1_343' title='bbox 1446 822 1472 844; x_wconf 89' lang='lat' dir='ltr'><strong>et</strong></span> <span class='ocrx_word' id='word_1_344' title='bbox 1486 817 1580 844; x_wconf 84' lang='lat' dir='ltr'><strong>llnrios</strong></span> <span class='ocrx_word' id='word_1_345' title='bbox 1594 819 1685 853; x_wconf 83' lang='lat' dir='ltr'><strong>igneos</strong></span> <span class='ocrx_word' id='word_1_346' title='bbox 1698 824 1725 847; x_wconf 89' lang='lat' dir='ltr'><strong>et</strong></span> <span class='ocrx_word' id='word_1_347' title='bbox 1739 821 1842 847; x_wconf 73' lang='lat' dir='ltr'><strong>vincula</strong></span> <span class='ocrx_word' id='word_1_348' title='bbox 1859 822 1900 848; x_wconf 87' lang='lat' dir='ltr'><strong>itt-</strong></span> 
     </span>
    </p>
   </div>
   <div class='ocr_carea' id='block_1_44' title="bbox 1108 859 1900 901">
    <p class='ocr_par' dir='ltr' id='par_1_44' title="bbox 1108 859 1900 901">
     <span class='ocr_line' id='line_1_44' title="bbox 1108 859 1900 901; baseline 0.011 -16"><span class='ocrx_word' id='word_1_349' title='bbox 1108 859 1242 891; x_wconf 78' lang='lat' dir='ltr'><strong>Soluhilia,</strong></span> <span class='ocrx_word' id='word_1_350' title='bbox 1269 865 1296 886; x_wconf 89' lang='lat' dir='ltr'><strong>et</strong></span> <span class='ocrx_word' id='word_1_351' title='bbox 1317 861 1459 889; x_wconf 85' lang='lat' dir='ltr'><strong>stridorem</strong></span> <span class='ocrx_word' id='word_1_352' title='bbox 1475 863 1595 890; x_wconf 84' lang='lat' dir='ltr'><strong>dentium</strong></span> <span class='ocrx_word' id='word_1_353' title='bbox 1611 865 1726 892; x_wconf 88' lang='lat' dir='ltr'><strong>audieris</strong></span> <span class='ocrx_word' id='word_1_354' title='bbox 1739 867 1750 886; x_wconf 66' lang='grc' dir='ltr'><strong><em>Ῥ</em></strong></span> <span class='ocrx_word' id='word_1_355' title='bbox 1769 867 1828 901; x_wconf 86' lang='lat' dir='ltr'><strong>quis</strong></span> <span class='ocrx_word' id='word_1_356' title='bbox 1854 867 1900 894; x_wconf 92' lang='lat' dir='ltr'><strong>tihi</strong></span> 
     </span>
    </p>
   </div>
   <div class='ocr_carea' id='block_1_45' title="bbox 1108 907 1901 948">
    <p class='ocr_par' dir='ltr' id='par_1_45' title="bbox 1108 907 1901 948">
     <span class='ocr_line' id='line_1_45' title="bbox 1108 907 1901 948; baseline 0.014 -19"><span class='ocrx_word' id='word_1_357' title='bbox 1108 908 1172 931; x_wconf 79' lang='lat' dir='ltr'><strong>tunc</strong></span> <span class='ocrx_word' id='word_1_358' title='bbox 1194 907 1411 939; x_wconf 71' lang='lat' dir='ltr'><strong>[mtroeinabitun</strong></span> <span class='ocrx_word' id='word_1_359' title='bbox 1427 916 1488 935; x_wconf 87' lang='lat' dir='ltr'><strong>eum</strong></span> <span class='ocrx_word' id='word_1_360' title='bbox 1506 909 1605 936; x_wconf 87' lang='lat' dir='ltr'><strong>videris</strong></span> <span class='ocrx_word' id='word_1_361' title='bbox 1619 911 1813 948; x_wconf 80' lang='lat' dir='ltr'><strong>artilicrm,qui</strong></span> <span class='ocrx_word' id='word_1_362' title='bbox 1828 919 1901 941; x_wconf 81' lang='lat' dir='ltr'><strong>recte</strong></span> 
     </span>
    </p>
   </div>
   <div class='ocr_carea' id='block_1_46' title="bbox 1108 951 1899 993">
    <p class='ocr_par' dir='ltr' id='par_1_46' title="bbox 1108 951 1899 993">
     <span class='ocr_line' id='line_1_46' title="bbox 1108 951 1899 993; baseline 0.013 -17"><span class='ocrx_word' id='word_1_363' title='bbox 1108 951 1217 982; x_wconf 76' lang='lat' dir='ltr'><strong>vixerit,</strong></span> <span class='ocrx_word' id='word_1_364' title='bbox 1243 953 1318 979; x_wconf 88' lang='lat' dir='ltr'><strong>onttti</strong></span> <span class='ocrx_word' id='word_1_365' title='bbox 1340 953 1422 987; x_wconf 79' lang='lat' dir='ltr'><strong>gloria</strong></span> <span class='ocrx_word' id='word_1_366' title='bbox 1439 953 1592 987; x_wconf 80' lang='lat' dir='ltr'><strong>fruentem;</strong></span> <span class='ocrx_word' id='word_1_367' title='bbox 1618 961 1644 983; x_wconf 89' lang='lat' dir='ltr'><strong>te</strong></span> <span class='ocrx_word' id='word_1_368' title='bbox 1665 964 1739 991; x_wconf 75' lang='lat' dir='ltr'><strong>vero,</strong></span> <span class='ocrx_word' id='word_1_369' title='bbox 1767 960 1810 993; x_wconf 91' lang='lat' dir='ltr'><strong>qui</strong></span> <span class='ocrx_word' id='word_1_370' title='bbox 1827 967 1899 987; x_wconf 83' lang='lat' dir='ltr'><strong>utine</strong></span> 
     </span>
    </p>
   </div>
   <div class='ocr_carea' id='block_1_47' title="bbox 1108 996 1900 1039">
    <p class='ocr_par' dir='ltr' id='par_1_47' title="bbox 1108 996 1900 1039">
     <span class='ocr_line' id='line_1_47' title="bbox 1108 996 1900 1039; baseline 0.014 -18"><span class='ocrx_word' id='word_1_371' title='bbox 1108 996 1201 1023; x_wconf 82' lang='lat' dir='ltr'><strong>sericis</strong></span> <span class='ocrx_word' id='word_1_372' title='bbox 1229 997 1336 1025; x_wconf 86' lang='lat' dir='ltr'><strong>indutus</strong></span> <span class='ocrx_word' id='word_1_373' title='bbox 1367 1006 1397 1026; x_wconf 85' lang='lat' dir='ltr'><strong>es</strong></span> <span class='ocrx_word' id='word_1_374' title='bbox 1428 1000 1592 1028; x_wconf 77' lang='lat' dir='ltr'><strong>restituentis</strong></span> <span class='ocrx_word' id='word_1_375' title='bbox 1612 1006 1639 1030; x_wconf 89' lang='lat' dir='ltr'><strong>et</strong></span> <span class='ocrx_word' id='word_1_376' title='bbox 1667 1003 1723 1030; x_wconf 82' lang='lat' dir='ltr'><strong>oles</strong></span> <span class='ocrx_word' id='word_1_377' title='bbox 1746 1010 1900 1039; x_wconf 67' lang='lat' dir='ltr'><strong>unguenta,</strong></span> 
     </span>
    </p>
   </div>
   <div class='ocr_carea' id='block_1_48' title="bbox 1108 1041 1902 1083">
    <p class='ocr_par' dir='ltr' id='par_1_48' title="bbox 1108 1041 1902 1083">
     <span class='ocr_line' id='line_1_48' title="bbox 1108 1041 1902 1083; baseline 0.014 -16"><span class='ocrx_word' id='word_1_378' title='bbox 1108 1041 1286 1070; x_wconf 78' lang='lat' dir='ltr'><strong>intolerabilia</strong></span> <span class='ocrx_word' id='word_1_379' title='bbox 1311 1045 1476 1079; x_wconf 82' lang='lat' dir='ltr'><strong>patientem?</strong></span> <span class='ocrx_word' id='word_1_380' title='bbox 1499 1047 1562 1081; x_wconf 88' lang='lat' dir='ltr'><strong>qttid</strong></span> <span class='ocrx_word' id='word_1_381' title='bbox 1577 1048 1622 1074; x_wconf 91' lang='lat' dir='ltr'><strong>tibi</strong></span> <span class='ocrx_word' id='word_1_382' title='bbox 1639 1049 1786 1083; x_wconf 85' lang='lat' dir='ltr'><strong>proderunt</strong></span> <span class='ocrx_word' id='word_1_383' title='bbox 1801 1051 1902 1078; x_wconf 62' lang='lat' dir='ltr'><strong>divitiae</strong></span> 
     </span>
    </p>
   </div>
   <div class='ocr_carea' id='block_1_49' title="bbox 1107 1091 1900 1128">
    <p class='ocr_par' dir='ltr' id='par_1_49' title="bbox 1107 1091 1900 1128">
     <span class='ocr_line' id='line_1_49' title="bbox 1107 1091 1900 1128; baseline 0.014 -14"><span class='ocrx_word' id='word_1_384' title='bbox 1107 1093 1134 1115; x_wconf 89' lang='lat' dir='ltr'><strong>et</strong></span> <span class='ocrx_word' id='word_1_385' title='bbox 1157 1096 1244 1116; x_wconf 87' lang='lat' dir='ltr'><strong>rerum</strong></span> <span class='ocrx_word' id='word_1_386' title='bbox 1268 1091 1388 1117; x_wconf 90' lang='lat' dir='ltr'><strong>omnium</strong></span> <span class='ocrx_word' id='word_1_387' title='bbox 1418 1092 1516 1126; x_wconf 82' lang='lat' dir='ltr'><strong>copia?</strong></span> <span class='ocrx_word' id='word_1_388' title='bbox 1538 1093 1601 1128; x_wconf 84' lang='lat' dir='ltr'><strong>quid</strong></span> <span class='ocrx_word' id='word_1_389' title='bbox 1629 1094 1782 1123; x_wconf 80' lang='lat' dir='ltr'><strong>detrimenti</strong></span> <span class='ocrx_word' id='word_1_390' title='bbox 1804 1098 1900 1125; x_wconf 88' lang='lat' dir='ltr'><strong>artiliei</strong></span> 
     </span>
    </p>
   </div>
   <div class='ocr_carea' id='block_1_50' title="bbox 1107 1133 1902 1177">
    <p class='ocr_par' dir='ltr' id='par_1_50' title="bbox 1107 1133 1902 1177">
     <span class='ocr_line' id='line_1_50' title="bbox 1107 1133 1902 1177; baseline 0.011 -17"><span class='ocrx_word' id='word_1_391' title='bbox 1107 1133 1185 1160; x_wconf 80' lang='lat' dir='ltr'><strong>all&#39;ert</strong></span> <span class='ocrx_word' id='word_1_392' title='bbox 1206 1136 1371 1168; x_wconf 81' lang='lat' dir='ltr'><strong>paupertas?</strong></span> <span class='ocrx_word' id='word_1_393' title='bbox 1394 1135 1432 1163; x_wconf 86' lang='lat' dir='ltr'><strong>Ne</strong></span> <span class='ocrx_word' id='word_1_394' title='bbox 1454 1144 1519 1172; x_wconf 78' lang='lat' dir='ltr'><strong>ergo</strong></span> <span class='ocrx_word' id='word_1_395' title='bbox 1541 1143 1603 1165; x_wconf 89' lang='lat' dir='ltr'><strong>tunc</strong></span> <span class='ocrx_word' id='word_1_396' title='bbox 1626 1140 1765 1173; x_wconf 87' lang='lat' dir='ltr'><strong>patiamur,</strong></span> <span class='ocrx_word' id='word_1_397' title='bbox 1787 1150 1817 1168; x_wconf 89' lang='lat' dir='ltr'><strong>ea</strong></span> <span class='ocrx_word' id='word_1_398' title='bbox 1841 1151 1902 1177; x_wconf 77' lang='lat' dir='ltr'><strong>qua:</strong></span> 
     </span>
    </p>
   </div>
   <div class='ocr_carea' id='block_1_51' title="bbox 1108 1179 1901 1216">
    <p class='ocr_par' dir='ltr' id='par_1_51' title="bbox 1108 1179 1901 1216">
     <span class='ocr_line' id='line_1_51' title="bbox 1108 1179 1901 1216; baseline 0.014 -12"><span class='ocrx_word' id='word_1_399' title='bbox 1108 1186 1178 1206; x_wconf 89' lang='lat' dir='ltr'><strong>nuttc</strong></span> <span class='ocrx_word' id='word_1_400' title='bbox 1191 1179 1316 1207; x_wconf 75' lang='lat' dir='ltr'><strong>dicuntur</strong></span> <span class='ocrx_word' id='word_1_401' title='bbox 1330 1181 1481 1215; x_wconf 86' lang='lat' dir='ltr'><strong>timeamus,</strong></span> <span class='ocrx_word' id='word_1_402' title='bbox 1506 1187 1534 1210; x_wconf 89' lang='lat' dir='ltr'><strong>et</strong></span> <span class='ocrx_word' id='word_1_403' title='bbox 1548 1189 1635 1211; x_wconf 91' lang='lat' dir='ltr'><strong>totutn</strong></span> <span class='ocrx_word' id='word_1_404' title='bbox 1649 1186 1766 1214; x_wconf 86' lang='lat' dir='ltr'><strong>laborem</strong></span> <span class='ocrx_word' id='word_1_405' title='bbox 1781 1194 1901 1216; x_wconf 85' lang='lat' dir='ltr'><strong>nostrum</strong></span> 
     </span>
    </p>
   </div>
   <div class='ocr_carea' id='block_1_52' title="bbox 1109 1225 1901 1264">
    <p class='ocr_par' dir='ltr' id='par_1_52' title="bbox 1109 1225 1901 1264">
     <span class='ocr_line' id='line_1_52' title="bbox 1109 1225 1901 1264; baseline 0.013 -13"><span class='ocrx_word' id='word_1_406' title='bbox 1109 1225 1135 1252; x_wconf 89' lang='lat' dir='ltr'><strong>in</strong></span> <span class='ocrx_word' id='word_1_407' title='bbox 1151 1227 1365 1254; x_wconf 84' lang='lat' dir='ltr'><strong>necessariarum</strong></span> <span class='ocrx_word' id='word_1_408' title='bbox 1383 1235 1471 1255; x_wconf 88' lang='lat' dir='ltr'><strong>rerum</strong></span> <span class='ocrx_word' id='word_1_409' title='bbox 1487 1230 1614 1264; x_wconf 86' lang='lat' dir='ltr'><strong>operibus</strong></span> <span class='ocrx_word' id='word_1_410' title='bbox 1634 1239 1832 1261; x_wconf 82' lang='lat' dir='ltr'><strong>consumatmts.</strong></span> <span class='ocrx_word' id='word_1_411' title='bbox 1865 1234 1901 1261; x_wconf 91' lang='lat' dir='ltr'><strong>Ita</strong></span> 
     </span>
    </p>
   </div>
   <div class='ocr_carea' id='block_1_53' title="bbox 1108 1271 1903 1316">
    <p class='ocr_par' dir='ltr' id='par_1_53' title="bbox 1108 1271 1903 1316">
     <span class='ocr_line' id='line_1_53' title="bbox 1108 1271 1903 1316; baseline 0.014 -19"><span class='ocrx_word' id='word_1_412' title='bbox 1108 1271 1179 1298; x_wconf 86' lang='lat' dir='ltr'><strong>enim</strong></span> <span class='ocrx_word' id='word_1_413' title='bbox 1195 1273 1299 1307; x_wconf 86' lang='lat' dir='ltr'><strong>placato</strong></span> <span class='ocrx_word' id='word_1_414' title='bbox 1313 1274 1367 1301; x_wconf 66' lang='lat' dir='ltr'><strong>lico</strong></span> <span class='ocrx_word' id='word_1_415' title='bbox 1382 1282 1430 1309; x_wconf 93' lang='lat' dir='ltr'><strong>pro</strong></span> <span class='ocrx_word' id='word_1_416' title='bbox 1445 1276 1562 1310; x_wconf 83' lang='lat' dir='ltr'><strong>peccatis</strong></span> <span class='ocrx_word' id='word_1_417' title='bbox 1578 1279 1730 1311; x_wconf 70' lang='lat' dir='ltr'><strong>prmteritis,</strong></span> <span class='ocrx_word' id='word_1_418' title='bbox 1752 1280 1903 1316; x_wconf 88' lang='lat' dir='ltr'><strong>additisque</strong></span> 
     </span>
    </p>
   </div>
   <div class='ocr_carea' id='block_1_54' title="bbox 1109 1316 1902 1362">
    <p class='ocr_par' dir='ltr' id='par_1_54' title="bbox 1109 1316 1902 1362">
     <span class='ocr_line' id='line_1_54' title="bbox 1109 1316 1902 1362; baseline 0.014 -19"><span class='ocrx_word' id='word_1_419' title='bbox 1109 1316 1186 1344; x_wconf 73' lang='lat' dir='ltr'><strong>bonis</strong></span> <span class='ocrx_word' id='word_1_420' title='bbox 1210 1318 1336 1352; x_wconf 86' lang='lat' dir='ltr'><strong>operibus</strong></span> <span class='ocrx_word' id='word_1_421' title='bbox 1360 1320 1474 1354; x_wconf 78' lang='lat' dir='ltr'><strong>fututris,</strong></span> <span class='ocrx_word' id='word_1_422' title='bbox 1496 1329 1606 1356; x_wconf 75' lang='lat' dir='ltr'><strong>regnum</strong></span> <span class='ocrx_word' id='word_1_423' title='bbox 1624 1324 1751 1352; x_wconf 66' lang='lat' dir='ltr'><strong>caelorum</strong></span> <span class='ocrx_word' id='word_1_424' title='bbox 1775 1328 1902 1362; x_wconf 77' lang='lat' dir='ltr'><strong>consequi</strong></span> 
     </span>
    </p>
   </div>
   <div class='ocr_carea' id='block_1_55' title="bbox 1109 1363 1673 1401">
    <p class='ocr_par' dir='ltr' id='par_1_55' title="bbox 1109 1363 1673 1401">
     <span class='ocr_line' id='line_1_55' title="bbox 1109 1363 1673 1401; baseline 0.014 -13"><span class='ocrx_word' id='word_1_425' title='bbox 1109 1363 1255 1396; x_wconf 75' lang='lat' dir='ltr'><strong>poterimus</strong></span> <span class='ocrx_word' id='word_1_426' title='bbox 1266 1385 1273 1396; x_wconf 89' lang='lat'><strong>,</strong></span> <span class='ocrx_word' id='word_1_427' title='bbox 1289 1365 1372 1399; x_wconf 76' lang='lat' dir='ltr'><strong>gratia</strong></span> <span class='ocrx_word' id='word_1_428' title='bbox 1387 1371 1413 1392; x_wconf 90' lang='lat' dir='ltr'><strong>et</strong></span> <span class='ocrx_word' id='word_1_429' title='bbox 1427 1366 1599 1401; x_wconf 81' lang='lat' dir='ltr'><strong>benignitate,</strong></span> <span class='ocrx_word' id='word_1_430' title='bbox 1617 1373 1673 1396; x_wconf 78' lang='lat' dir='ltr'><strong>etc.</strong></span> 
     </span>
    </p>
   </div>
   <div class='ocr_carea' id='block_1_56' title="bbox 1089 1429 1886 1446">
    <p class='ocr_par' dir='ltr' id='par_1_56' title="bbox 1089 1429 1886 1446">
     <span class='ocr_line' id='line_1_56' title="bbox 1089 1429 1886 1446; baseline 0.011 -12"><span class='ocrx_word' id='word_1_431' title='bbox 1089 1429 1886 1446; x_wconf 44' lang='grc' dir='ltr'><strong>--Ἢ-</strong></span> 
     </span>
    </p>
   </div>
   <div class='ocr_carea' id='block_1_57' title="bbox 942 1466 1192 1496">
    <p class='ocr_par' dir='ltr' id='par_1_57' title="bbox 942 1466 1192 1496">
     <span class='ocr_line' id='line_1_57' title="bbox 942 1466 1192 1496; baseline 0.004 -1"><span class='ocrx_word' id='word_1_432' title='bbox 942 1466 1115 1496; x_wconf 78' lang='lat' dir='ltr'><strong>llOMlLlA</strong></span> <span class='ocrx_word' id='word_1_433' title='bbox 1142 1466 1192 1496; x_wconf 78' lang='lat' dir='ltr'><strong>Vl.</strong></span> 
     </span>
    </p>
   </div>
   <div class='ocr_carea' id='block_1_58' title="bbox 267 1537 1053 1573">
    <p class='ocr_par' dir='ltr' id='par_1_58' title="bbox 267 1537 1053 1573">
     <span class='ocr_line' id='line_1_58' title="bbox 267 1537 1053 1573; baseline -0.003 -7"><span class='ocrx_word' id='word_1_434' title='bbox 267 1538 331 1566; x_wconf 64' lang='lat' dir='ltr'><strong>Car.</strong></span> <span class='ocrx_word' id='word_1_435' title='bbox 346 1537 374 1564; x_wconf 75' lang='grc'><strong>2.</strong></span> <span class='ocrx_word' id='word_1_436' title='bbox 388 1546 415 1564; x_wconf 84' lang='lat' dir='ltr'><strong>v.</strong></span> <span class='ocrx_word' id='word_1_437' title='bbox 431 1538 456 1565; x_wconf 90' lang='grc' dir='ltr'><strong>Ι.</strong></span> <span class='ocrx_word' id='word_1_438' title='bbox 477 1537 508 1564; x_wconf 78' lang='lat' dir='ltr'><strong>Et</strong></span> <span class='ocrx_word' id='word_1_439' title='bbox 521 1546 579 1573; x_wconf 81' lang='lat' dir='ltr'><strong>ego,</strong></span> <span class='ocrx_word' id='word_1_440' title='bbox 592 1539 694 1573; x_wconf 81' lang='lat' dir='ltr'><strong>fratres,</strong></span> <span class='ocrx_word' id='word_1_441' title='bbox 705 1546 761 1565; x_wconf 83' lang='lat' dir='ltr'><strong>cum</strong></span> <span class='ocrx_word' id='word_1_442' title='bbox 784 1540 839 1565; x_wconf 78' lang='lat' dir='ltr'><strong>veni</strong></span> <span class='ocrx_word' id='word_1_443' title='bbox 858 1539 892 1564; x_wconf 85' lang='lat' dir='ltr'><strong>ad</strong></span> <span class='ocrx_word' id='word_1_444' title='bbox 916 1546 958 1565; x_wconf 81' lang='lat' dir='ltr'><strong>vos</strong></span> <span class='ocrx_word' id='word_1_445' title='bbox 969 1558 975 1569; x_wconf 86' lang='lat'><strong>,</strong></span> <span class='ocrx_word' id='word_1_446' title='bbox 998 1540 1053 1565; x_wconf 77' lang='lat' dir='ltr'><strong>veni</strong></span> 
     </span>
    </p>
   </div>
   <div class='ocr_carea' id='block_1_59' title="bbox 297 1584 1056 1618">
    <p class='ocr_par' dir='ltr' id='par_1_59' title="bbox 297 1584 1056 1618">
     <span class='ocr_line' id='line_1_59' title="bbox 297 1584 1056 1618; baseline 0 -7"><span class='ocrx_word' id='word_1_447' title='bbox 297 1593 348 1611; x_wconf 79' lang='lat' dir='ltr'><strong>non</strong></span> <span class='ocrx_word' id='word_1_448' title='bbox 362 1585 388 1611; x_wconf 88' lang='lat' dir='ltr'><strong>in</strong></span> <span class='ocrx_word' id='word_1_449' title='bbox 404 1584 558 1611; x_wconf 72' lang='lat' dir='ltr'><strong>sublimitate</strong></span> <span class='ocrx_word' id='word_1_450' title='bbox 571 1584 693 1611; x_wconf 76' lang='lat' dir='ltr'><strong>sermonis</strong></span> <span class='ocrx_word' id='word_1_451' title='bbox 714 1589 758 1611; x_wconf 85' lang='lat' dir='ltr'><strong>aut</strong></span> <span class='ocrx_word' id='word_1_452' title='bbox 780 1585 911 1618; x_wconf 60' lang='lat' dir='ltr'><strong>sapientia:</strong></span> <span class='ocrx_word' id='word_1_453' title='bbox 921 1604 928 1615; x_wconf 83' lang='lat'>.</span> <span class='ocrx_word' id='word_1_454' title='bbox 954 1593 1056 1611; x_wconf 81' lang='lat' dir='ltr'><strong>attinnt-</strong></span> 
     </span>
    </p>
   </div>
   <div class='ocr_carea' id='block_1_60' title="bbox 298 1630 1055 1665">
    <p class='ocr_par' dir='ltr' id='par_1_60' title="bbox 298 1630 1055 1665">
     <span class='ocr_line' id='line_1_60' title="bbox 298 1630 1055 1665; baseline 0 -7"><span class='ocrx_word' id='word_1_455' title='bbox 298 1631 365 1658; x_wconf 72' lang='lat' dir='ltr'><strong>tiens</strong></span> <span class='ocrx_word' id='word_1_456' title='bbox 378 1630 446 1658; x_wconf 78' lang='lat' dir='ltr'><strong>vobis</strong></span> <span class='ocrx_word' id='word_1_457' title='bbox 461 1631 629 1658; x_wconf 77' lang='lat' dir='ltr'><strong>testimonium</strong></span> <span class='ocrx_word' id='word_1_458' title='bbox 644 1630 700 1657; x_wconf 80' lang='lat' dir='ltr'><strong>Dei.</strong></span> <span class='ocrx_word' id='word_1_459' title='bbox 722 1631 749 1657; x_wconf 73' lang='grc'><strong>2.</strong></span> <span class='ocrx_word' id='word_1_460' title='bbox 767 1630 829 1657; x_wconf 84' lang='lat' dir='ltr'><strong>Non</strong></span> <span class='ocrx_word' id='word_1_461' title='bbox 854 1631 920 1657; x_wconf 83' lang='lat' dir='ltr'><strong>enim</strong></span> <span class='ocrx_word' id='word_1_462' title='bbox 940 1631 1055 1665; x_wconf 73' lang='lat' dir='ltr'><strong>jutlicat&#39;i</strong></span> 
     </span>
    </p>
   </div>
   <div class='ocr_carea' id='block_1_61' title="bbox 298 1675 1055 1712">
    <p class='ocr_par' dir='ltr' id='par_1_61' title="bbox 298 1675 1055 1712">
     <span class='ocr_line' id='line_1_61' title="bbox 298 1675 1055 1712; baseline 0.003 -10"><span class='ocrx_word' id='word_1_463' title='bbox 298 1685 339 1704; x_wconf 74' lang='lat' dir='ltr'><strong>me</strong></span> <span class='ocrx_word' id='word_1_464' title='bbox 352 1677 416 1703; x_wconf 77' lang='lat' dir='ltr'><strong>scire</strong></span> <span class='ocrx_word' id='word_1_465' title='bbox 427 1676 526 1712; x_wconf 78' lang='lat' dir='ltr'><strong>aliquid</strong></span> <span class='ocrx_word' id='word_1_466' title='bbox 539 1677 567 1703; x_wconf 88' lang='lat' dir='ltr'><strong>in</strong></span> <span class='ocrx_word' id='word_1_467' title='bbox 580 1676 648 1703; x_wconf 78' lang='lat' dir='ltr'><strong>vobis</strong></span> <span class='ocrx_word' id='word_1_468' title='bbox 659 1696 668 1709; x_wconf 90' lang='lat'><strong>,</strong></span> <span class='ocrx_word' id='word_1_469' title='bbox 682 1676 731 1703; x_wconf 80' lang='lat' dir='ltr'><strong>nisi</strong></span> <span class='ocrx_word' id='word_1_470' title='bbox 751 1675 841 1703; x_wconf 79' lang='lat' dir='ltr'><strong>Jesum</strong></span> <span class='ocrx_word' id='word_1_471' title='bbox 863 1675 991 1703; x_wconf 81' lang='lat' dir='ltr'><strong>Christum</strong></span> <span class='ocrx_word' id='word_1_472' title='bbox 1003 1697 1010 1709; x_wconf 90' lang='lat'><strong>,</strong></span> <span class='ocrx_word' id='word_1_473' title='bbox 1031 1681 1055 1704; x_wconf 82' lang='lat' dir='ltr'><strong>et</strong></span> 
     </span>
    </p>
   </div>
   <div class='ocr_carea' id='block_1_62' title="bbox 299 1722 537 1755">
    <p class='ocr_par' dir='ltr' id='par_1_62' title="bbox 299 1722 537 1755">
     <span class='ocr_line' id='line_1_62' title="bbox 299 1722 537 1755; baseline 0 -7"><span class='ocrx_word' id='word_1_474' title='bbox 299 1722 366 1748; x_wconf 82' lang='lat' dir='ltr'><strong>hunc</strong></span> <span class='ocrx_word' id='word_1_475' title='bbox 377 1722 537 1755; x_wconf 71' lang='lat' dir='ltr'><strong>cruciﬁxum.</strong></span> 
     </span>
    </p>
   </div>
   <div class='ocr_carea' id='block_1_63' title="bbox 301 1766 1055 1801">
    <p class='ocr_par' dir='ltr' id='par_1_63' title="bbox 301 1766 1055 1801">
     <span class='ocr_line' id='line_1_63' title="bbox 301 1766 1055 1801; baseline 0.001 -7"><span class='ocrx_word' id='word_1_476' title='bbox 301 1768 327 1794; x_wconf 81' lang='grc' dir='ltr'><strong>Ι.</strong></span> <span class='ocrx_word' id='word_1_477' title='bbox 341 1767 411 1794; x_wconf 81' lang='lat' dir='ltr'><strong>Nihil</strong></span> <span class='ocrx_word' id='word_1_478' title='bbox 424 1772 466 1795; x_wconf 82' lang='lat' dir='ltr'><strong>est</strong></span> <span class='ocrx_word' id='word_1_479' title='bbox 479 1767 553 1794; x_wconf 82' lang='lat' dir='ltr'><strong>l‘auli</strong></span> <span class='ocrx_word' id='word_1_480' title='bbox 566 1767 654 1795; x_wconf 83' lang='lat' dir='ltr'><strong>anima</strong></span> <span class='ocrx_word' id='word_1_481' title='bbox 679 1767 712 1794; x_wconf 89' lang='lat' dir='ltr'><strong>ad</strong></span> <span class='ocrx_word' id='word_1_482' title='bbox 736 1766 926 1794; x_wconf 88' lang='lat' dir='ltr'><strong>decertandum</strong></span> <span class='ocrx_word' id='word_1_483' title='bbox 948 1767 1055 1801; x_wconf 82' lang='lat' dir='ltr'><strong>acrius;</strong></span> 
     </span>
    </p>
   </div>
   <div class='ocr_carea' id='block_1_64' title="bbox 264 1812 1056 1848">
    <p class='ocr_par' dir='ltr' id='par_1_64' title="bbox 264 1812 1056 1848">
     <span class='ocr_line' id='line_1_64' title="bbox 264 1812 1056 1848; baseline 0.001 -8"><span class='ocrx_word' id='word_1_484' title='bbox 264 1813 318 1840; x_wconf 90' lang='lat' dir='ltr'><strong>imo</strong></span> <span class='ocrx_word' id='word_1_485' title='bbox 335 1813 485 1847; x_wconf 86' lang='lat' dir='ltr'><strong>potiusnon</strong></span> <span class='ocrx_word' id='word_1_486' title='bbox 498 1812 567 1840; x_wconf 91' lang='lat' dir='ltr'><strong>illius</strong></span> <span class='ocrx_word' id='word_1_487' title='bbox 582 1813 671 1840; x_wconf 86' lang='lat' dir='ltr'><strong>anima</strong></span> <span class='ocrx_word' id='word_1_488' title='bbox 687 1822 694 1839; x_wconf 91' lang='lat'><strong>:</strong></span> <span class='ocrx_word' id='word_1_489' title='bbox 708 1821 761 1840; x_wconf 91' lang='lat' dir='ltr'><strong>non</strong></span> <span class='ocrx_word' id='word_1_490' title='bbox 778 1814 850 1840; x_wconf 81' lang='lat' dir='ltr'><strong>enim</strong></span> <span class='ocrx_word' id='word_1_491' title='bbox 871 1814 927 1848; x_wconf 89' lang='lat' dir='ltr'><strong>ipse</strong></span> <span class='ocrx_word' id='word_1_492' title='bbox 949 1813 1000 1841; x_wconf 88' lang='lat' dir='ltr'><strong>ltoe</strong></span> <span class='ocrx_word' id='word_1_493' title='bbox 1016 1815 1056 1841; x_wconf 88' lang='lat' dir='ltr'><strong>in-</strong></span> 
     </span>
    </p>
   </div>
   <div class='ocr_carea' id='block_1_65' title="bbox 263 1857 1056 1894">
    <p class='ocr_par' dir='ltr' id='par_1_65' title="bbox 263 1857 1056 1894">
     <span class='ocr_line' id='line_1_65' title="bbox 263 1857 1056 1894; baseline 0.003 -9"><span class='ocrx_word' id='word_1_494' title='bbox 263 1858 351 1891; x_wconf 71' lang='lat' dir='ltr'><strong>venit;</strong></span> <span class='ocrx_word' id='word_1_495' title='bbox 376 1858 423 1886; x_wconf 86' lang='lat' dir='ltr'><strong>sed</strong></span> <span class='ocrx_word' id='word_1_496' title='bbox 446 1857 511 1885; x_wconf 87' lang='lat' dir='ltr'><strong>nihil</strong></span> <span class='ocrx_word' id='word_1_497' title='bbox 536 1866 584 1893; x_wconf 88' lang='lat' dir='ltr'><strong>par</strong></span> <span class='ocrx_word' id='word_1_498' title='bbox 607 1858 701 1893; x_wconf 65' lang='lat' dir='ltr'><strong>gratia:</strong></span> <span class='ocrx_word' id='word_1_499' title='bbox 726 1859 751 1886; x_wconf 92' lang='lat' dir='ltr'><strong>in</strong></span> <span class='ocrx_word' id='word_1_500' title='bbox 776 1859 823 1886; x_wconf 91' lang='lat' dir='ltr'><strong>illo</strong></span> <span class='ocrx_word' id='word_1_501' title='bbox 838 1860 975 1894; x_wconf 79' lang='lat' dir='ltr'><strong>aperanti,</strong></span> <span class='ocrx_word' id='word_1_502' title='bbox 997 1868 1056 1894; x_wconf 69' lang='lat' dir='ltr'><strong>quae</strong></span> 
     </span>
    </p>
   </div>
   <div class='ocr_carea' id='block_1_66' title="bbox 264 1903 1055 1940">
    <p class='ocr_par' dir='ltr' id='par_1_66' title="bbox 264 1903 1055 1940">
     <span class='ocr_line' id='line_1_66' title="bbox 264 1903 1055 1940; baseline 0.004 -10"><span class='ocrx_word' id='word_1_503' title='bbox 264 1904 355 1931; x_wconf 83' lang='lat' dir='ltr'><strong>outnia</strong></span> <span class='ocrx_word' id='word_1_504' title='bbox 370 1904 461 1931; x_wconf 75' lang='lat' dir='ltr'><strong>vineit.</strong></span> <span class='ocrx_word' id='word_1_505' title='bbox 476 1904 547 1931; x_wconf 82' lang='lat' dir='ltr'><strong>Satis</strong></span> <span class='ocrx_word' id='word_1_506' title='bbox 559 1903 631 1931; x_wconf 90' lang='lat' dir='ltr'><strong>enim</strong></span> <span class='ocrx_word' id='word_1_507' title='bbox 647 1910 727 1931; x_wconf 89' lang='lat' dir='ltr'><strong>erunt</strong></span> <span class='ocrx_word' id='word_1_508' title='bbox 749 1912 778 1931; x_wconf 88' lang='lat' dir='ltr'><strong>ea</strong></span> <span class='ocrx_word' id='word_1_509' title='bbox 789 1925 797 1938; x_wconf 86' lang='lat'><strong>,</strong></span> <span class='ocrx_word' id='word_1_510' title='bbox 817 1913 876 1939; x_wconf 73' lang='lat' dir='ltr'><strong>qua:</strong></span> <span class='ocrx_word' id='word_1_511' title='bbox 894 1906 968 1940; x_wconf 88' lang='lat' dir='ltr'><strong>prius</strong></span> <span class='ocrx_word' id='word_1_512' title='bbox 985 1906 1055 1934; x_wconf 85' lang='lat' dir='ltr'><strong>dicta</strong></span> 
     </span>
    </p>
   </div>
   <div class='ocr_carea' id='block_1_67' title="bbox 266 1948 1057 1986">
    <p class='ocr_par' dir='ltr' id='par_1_67' title="bbox 266 1948 1057 1986">
     <span class='ocr_line' id='line_1_67' title="bbox 266 1948 1057 1986; baseline 0.004 -11"><span class='ocrx_word' id='word_1_513' title='bbox 266 1953 345 1981; x_wconf 81' lang='lat' dir='ltr'><strong>sunt,</strong></span> <span class='ocrx_word' id='word_1_514' title='bbox 361 1948 393 1976; x_wconf 84' lang='lat' dir='ltr'><strong>ad</strong></span> <span class='ocrx_word' id='word_1_515' title='bbox 407 1949 586 1983; x_wconf 86' lang='lat' dir='ltr'><strong>dejiciendum</strong></span> <span class='ocrx_word' id='word_1_516' title='bbox 601 1949 704 1976; x_wconf 93' lang='lat' dir='ltr'><strong>illorunt</strong></span> <span class='ocrx_word' id='word_1_517' title='bbox 722 1949 838 1982; x_wconf 73' lang='lat' dir='ltr'><strong>fastum,</strong></span> <span class='ocrx_word' id='word_1_518' title='bbox 855 1951 899 1985; x_wconf 92' lang='lat' dir='ltr'><strong>qui</strong></span> <span class='ocrx_word' id='word_1_519' title='bbox 915 1952 940 1977; x_wconf 91' lang='lat' dir='ltr'><strong>in</strong></span> <span class='ocrx_word' id='word_1_520' title='bbox 951 1953 1057 1986; x_wconf 74' lang='lat' dir='ltr'><strong>Sapien-</strong></span> 
     </span>
    </p>
   </div>
   <div class='ocr_carea' id='block_1_68' title="bbox 266 1994 1055 2029">
    <p class='ocr_par' dir='ltr' id='par_1_68' title="bbox 266 1994 1055 2029">
     <span class='ocr_line' id='line_1_68' title="bbox 266 1994 1055 2029; baseline 0.005 -9"><span class='ocrx_word' id='word_1_521' title='bbox 266 1994 300 2020; x_wconf 83' lang='lat' dir='ltr'><strong>tia</strong></span> <span class='ocrx_word' id='word_1_522' title='bbox 316 1994 519 2028; x_wconf 79' lang='lat' dir='ltr'><strong>gloriabantur;</strong></span> <span class='ocrx_word' id='word_1_523' title='bbox 536 1994 590 2022; x_wconf 83' lang='lat' dir='ltr'><strong>into</strong></span> <span class='ocrx_word' id='word_1_524' title='bbox 604 1995 644 2022; x_wconf 76' lang='lat' dir='ltr'><strong>vel</strong></span> <span class='ocrx_word' id='word_1_525' title='bbox 658 2003 720 2029; x_wconf 91' lang='lat' dir='ltr'><strong>pars</strong></span> <span class='ocrx_word' id='word_1_526' title='bbox 742 1995 873 2022; x_wconf 86' lang='lat' dir='ltr'><strong>dicturum</strong></span> <span class='ocrx_word' id='word_1_527' title='bbox 896 1998 1055 2024; x_wconf 76' lang='lat' dir='ltr'><strong>sufﬁcit-bat.</strong></span> 
     </span>
    </p>
   </div>
   <div class='ocr_carea' id='block_1_69' title="bbox 266 2039 1058 2076">
    <p class='ocr_par' dir='ltr' id='par_1_69' title="bbox 266 2039 1058 2076">
     <span class='ocr_line' id='line_1_69' title="bbox 266 2039 1058 2076; baseline 0.005 -10"><span class='ocrx_word' id='word_1_528' title='bbox 266 2039 298 2066; x_wconf 88' lang='lat' dir='ltr'><strong>Ut</strong></span> <span class='ocrx_word' id='word_1_529' title='bbox 313 2045 402 2067; x_wconf 87' lang='lat' dir='ltr'><strong>autem</strong></span> <span class='ocrx_word' id='word_1_530' title='bbox 418 2040 571 2074; x_wconf 71' lang='lat' dir='ltr'><strong>prmelarior</strong></span> <span class='ocrx_word' id='word_1_531' title='bbox 585 2040 620 2067; x_wconf 77' lang='lat' dir='ltr'><strong>sit</strong></span> <span class='ocrx_word' id='word_1_532' title='bbox 636 2041 743 2068; x_wconf 78' lang='lat' dir='ltr'><strong>rit-toria</strong></span> <span class='ocrx_word' id='word_1_533' title='bbox 759 2063 765 2074; x_wconf 87' lang='lat'><strong>,</strong></span> <span class='ocrx_word' id='word_1_534' title='bbox 787 2042 819 2068; x_wconf 83' lang='lat' dir='ltr'><strong>iis</strong></span> <span class='ocrx_word' id='word_1_535' title='bbox 834 2050 893 2076; x_wconf 66' lang='lat' dir='ltr'><strong>quat</strong></span> <span class='ocrx_word' id='word_1_536' title='bbox 906 2044 974 2070; x_wconf 83' lang='lat' dir='ltr'><strong>dicta</strong></span> <span class='ocrx_word' id='word_1_537' title='bbox 995 2048 1058 2070; x_wconf 89' lang='lat' dir='ltr'><strong>suttt</strong></span> 
     </span>
    </p>
   </div>
   <div class='ocr_carea' id='block_1_70' title="bbox 265 2085 1056 2120">
    <p class='ocr_par' dir='ltr' id='par_1_70' title="bbox 265 2085 1056 2120">
     <span class='ocr_line' id='line_1_70' title="bbox 265 2085 1056 2120; baseline 0.005 -8"><span class='ocrx_word' id='word_1_538' title='bbox 265 2086 413 2113; x_wconf 84' lang='lat' dir='ltr'><strong>certamina</strong></span> <span class='ocrx_word' id='word_1_539' title='bbox 440 2085 531 2118; x_wconf 82' lang='lat' dir='ltr'><strong>addit,</strong></span> <span class='ocrx_word' id='word_1_540' title='bbox 559 2088 700 2120; x_wconf 87' lang='lat' dir='ltr'><strong>prostratis</strong></span> <span class='ocrx_word' id='word_1_541' title='bbox 730 2087 860 2115; x_wconf 83' lang='lat' dir='ltr'><strong>insultans</strong></span> <span class='ocrx_word' id='word_1_542' title='bbox 885 2088 1056 2116; x_wconf 76' lang='lat' dir='ltr'><strong>adversariis.</strong></span> 
     </span>
    </p>
   </div>
   <div class='ocr_carea' id='block_1_71' title="bbox 266 2131 1055 2167">
    <p class='ocr_par' dir='ltr' id='par_1_71' title="bbox 266 2131 1055 2167">
     <span class='ocr_line' id='line_1_71' title="bbox 266 2131 1055 2167; baseline 0.004 -8"><span class='ocrx_word' id='word_1_543' title='bbox 266 2131 382 2159; x_wconf 72' lang='lat' dir='ltr'><strong>Attende</strong></span> <span class='ocrx_word' id='word_1_544' title='bbox 405 2135 494 2158; x_wconf 82' lang='lat' dir='ltr'><strong>autem</strong></span> <span class='ocrx_word' id='word_1_545' title='bbox 510 2140 516 2157; x_wconf 89' lang='lat'>:</span> <span class='ocrx_word' id='word_1_546' title='bbox 533 2131 681 2158; x_wconf 76' lang='lat' dir='ltr'><strong>adduxerat</strong></span> <span class='ocrx_word' id='word_1_547' title='bbox 703 2133 872 2167; x_wconf 86' lang='lat' dir='ltr'><strong>prophetiam</strong></span> <span class='ocrx_word' id='word_1_548' title='bbox 895 2134 1028 2162; x_wconf 84' lang='lat' dir='ltr'><strong>dicentem</strong></span> <span class='ocrx_word' id='word_1_549' title='bbox 1048 2143 1055 2162; x_wconf 89' lang='lat'><strong>:</strong></span> 
     </span>
    </p>
   </div>
   <div class='ocr_carea' id='block_1_72' title="bbox 268 2176 1059 2211">
    <p class='ocr_par' dir='ltr' id='par_1_72' title="bbox 268 2176 1059 2211">
     <span class='ocr_line' id='line_1_72' title="bbox 268 2176 1059 2211; baseline 0.006 -9"><span class='ocrx_word' id='word_1_550' title='bbox 268 2176 379 2203; x_wconf 75' lang='lat' dir='ltr'><strong>Perdant</strong></span> <span class='ocrx_word' id='word_1_551' title='bbox 404 2176 554 2211; x_wconf 76' lang='lat' dir='ltr'><strong>sapientiam</strong></span> <span class='ocrx_word' id='word_1_552' title='bbox 573 2177 725 2211; x_wconf 78' lang='lat' dir='ltr'><strong>sapientium</strong></span> <span class='ocrx_word' id='word_1_553' title='bbox 742 2185 752 2204; x_wconf 89' lang='lat'><em>:</em></span> <span class='ocrx_word' id='word_1_554' title='bbox 767 2179 921 2206; x_wconf 81' lang='lat' dir='ltr'><strong>ostenderat</strong></span> <span class='ocrx_word' id='word_1_555' title='bbox 944 2180 990 2207; x_wconf 86' lang='lat' dir='ltr'><strong>Dei</strong></span> <span class='ocrx_word' id='word_1_556' title='bbox 1016 2189 1059 2208; x_wconf 73' lang='lat' dir='ltr'><strong>sa-</strong></span> 
     </span>
    </p>
   </div>
   <div class='ocr_carea' id='block_1_73' title="bbox 269 2222 1059 2258">
    <p class='ocr_par' dir='ltr' id='par_1_73' title="bbox 269 2222 1059 2258">
     <span class='ocr_line' id='line_1_73' title="bbox 269 2222 1059 2258; baseline 0.006 -10"><span class='ocrx_word' id='word_1_557' title='bbox 269 2222 416 2257; x_wconf 84' lang='lat' dir='ltr'><strong>pientiam,</strong></span> <span class='ocrx_word' id='word_1_558' title='bbox 432 2222 493 2256; x_wconf 91' lang='lat' dir='ltr'><strong>quia</strong></span> <span class='ocrx_word' id='word_1_559' title='bbox 521 2230 568 2255; x_wconf 85' lang='lat' dir='ltr'><strong>per</strong></span> <span class='ocrx_word' id='word_1_560' title='bbox 592 2230 670 2254; x_wconf 85' lang='lat' dir='ltr'><strong>eam,</strong></span> <span class='ocrx_word' id='word_1_561' title='bbox 698 2231 757 2258; x_wconf 78' lang='lat' dir='ltr'><strong>qua:</strong></span> <span class='ocrx_word' id='word_1_562' title='bbox 781 2224 895 2251; x_wconf 88' lang='lat' dir='ltr'><strong>stultitia</strong></span> <span class='ocrx_word' id='word_1_563' title='bbox 921 2225 1059 2253; x_wconf 74' lang='lat' dir='ltr'><strong>videbatur</strong></span> 
     </span>
    </p>
   </div>
   <div class='ocr_carea' id='block_1_74' title="bbox 267 2268 1056 2305">
    <p class='ocr_par' dir='ltr' id='par_1_74' title="bbox 267 2268 1056 2305">
     <span class='ocr_line' id='line_1_74' title="bbox 267 2268 1056 2305; baseline 0.005 -10"><span class='ocrx_word' id='word_1_564' title='bbox 267 2275 338 2299; x_wconf 78' lang='lat' dir='ltr'><strong>esse,</strong></span> <span class='ocrx_word' id='word_1_565' title='bbox 349 2271 488 2294; x_wconf 79' lang='lat' dir='ltr'><strong>externam</strong></span> <span class='ocrx_word' id='word_1_566' title='bbox 503 2268 698 2302; x_wconf 80' lang='lat' dir='ltr'><strong>philoSophiam</strong></span> <span class='ocrx_word' id='word_1_567' title='bbox 713 2270 875 2303; x_wconf 81' lang='lat' dir='ltr'><strong>prostravit;</strong></span> <span class='ocrx_word' id='word_1_568' title='bbox 890 2272 1056 2305; x_wconf 84' lang='lat' dir='ltr'><strong>ostenderat,</strong></span> 
     </span>
    </p>
   </div>
   <div class='ocr_carea' id='block_1_75' title="bbox 268 2313 1059 2352">
    <p class='ocr_par' dir='ltr' id='par_1_75' title="bbox 268 2313 1059 2352">
     <span class='ocr_line' id='line_1_75' title="bbox 268 2313 1059 2352; baseline 0.008 -12"><span class='ocrx_word' id='word_1_569' title='bbox 268 2313 341 2348; x_wconf 82' lang='lat' dir='ltr'><strong>quod</strong></span> <span class='ocrx_word' id='word_1_570' title='bbox 357 2314 467 2341; x_wconf 92' lang='lat' dir='ltr'><strong>stultum</strong></span> <span class='ocrx_word' id='word_1_571' title='bbox 483 2318 525 2341; x_wconf 78' lang='lat' dir='ltr'><strong>est</strong></span> <span class='ocrx_word' id='word_1_572' title='bbox 549 2314 616 2348; x_wconf 87' lang='lat' dir='ltr'><strong>Dei,</strong></span> <span class='ocrx_word' id='word_1_573' title='bbox 640 2315 788 2350; x_wconf 85' lang='lat' dir='ltr'><strong>sapientius</strong></span> <span class='ocrx_word' id='word_1_574' title='bbox 807 2324 868 2343; x_wconf 85' lang='lat' dir='ltr'><strong>esse</strong></span> <span class='ocrx_word' id='word_1_575' title='bbox 889 2316 1059 2352; x_wconf 87' lang='lat' dir='ltr'><strong>hominibus;</strong></span> 
     </span>
    </p>
   </div>
   <div class='ocr_carea' id='block_1_76' title="bbox 267 2359 1059 2398">
    <p class='ocr_par' dir='ltr' id='par_1_76' title="bbox 267 2359 1059 2398">
     <span class='ocr_line' id='line_1_76' title="bbox 267 2359 1059 2398; baseline 0.008 -12"><span class='ocrx_word' id='word_1_576' title='bbox 267 2359 422 2386; x_wconf 86' lang='lat' dir='ltr'><strong>ostenderat</strong></span> <span class='ocrx_word' id='word_1_577' title='bbox 433 2359 504 2394; x_wconf 88' lang='lat' dir='ltr'><strong>quod</strong></span> <span class='ocrx_word' id='word_1_578' title='bbox 519 2368 571 2386; x_wconf 87' lang='lat' dir='ltr'><strong>non</strong></span> <span class='ocrx_word' id='word_1_579' title='bbox 585 2361 672 2388; x_wconf 88' lang='lat' dir='ltr'><strong>soluttt</strong></span> <span class='ocrx_word' id='word_1_580' title='bbox 689 2369 735 2396; x_wconf 87' lang='lat' dir='ltr'><strong>per</strong></span> <span class='ocrx_word' id='word_1_581' title='bbox 750 2362 855 2396; x_wconf 82' lang='lat' dir='ltr'><strong>ignaros</strong></span> <span class='ocrx_word' id='word_1_582' title='bbox 866 2362 998 2398; x_wconf 84' lang='lat' dir='ltr'><strong>docuerit,</strong></span> <span class='ocrx_word' id='word_1_583' title='bbox 1012 2365 1059 2392; x_wconf 86' lang='lat' dir='ltr'><strong>sed</strong></span> 
     </span>
    </p>
   </div>
   <div class='ocr_carea' id='block_1_77' title="bbox 271 2405 1061 2439">
    <p class='ocr_par' dir='ltr' id='par_1_77' title="bbox 271 2405 1061 2439">
     <span class='ocr_line' id='line_1_77' title="bbox 271 2405 1061 2439; baseline 0.01 -9"><span class='ocrx_word' id='word_1_584' title='bbox 271 2405 352 2431; x_wconf 89' lang='lat' dir='ltr'><strong>ctiant</strong></span> <span class='ocrx_word' id='word_1_585' title='bbox 369 2405 477 2439; x_wconf 79' lang='lat' dir='ltr'><strong>ignaros</strong></span> <span class='ocrx_word' id='word_1_586' title='bbox 490 2411 517 2431; x_wconf 87' lang='lat' dir='ltr'><strong>et</strong></span> <span class='ocrx_word' id='word_1_587' title='bbox 534 2405 628 2433; x_wconf 87' lang='lat' dir='ltr'><strong>idiotas</strong></span> <span class='ocrx_word' id='word_1_588' title='bbox 642 2408 786 2434; x_wconf 73' lang='lat' dir='ltr'><strong>vocaverit.</strong></span> <span class='ocrx_word' id='word_1_589' title='bbox 802 2407 876 2436; x_wconf 88' lang='lat' dir='ltr'><strong>Nunc</strong></span> <span class='ocrx_word' id='word_1_590' title='bbox 894 2411 1012 2437; x_wconf 84' lang='lat' dir='ltr'><strong>ostendit</strong></span> <span class='ocrx_word' id='word_1_591' title='bbox 1032 2416 1061 2438; x_wconf 87' lang='lat' dir='ltr'><strong>et</strong></span> 
     </span>
    </p>
   </div>
   <div class='ocr_carea' id='block_1_78' title="bbox 269 2450 1059 2489">
    <p class='ocr_par' dir='ltr' id='par_1_78' title="bbox 269 2450 1059 2489">
     <span class='ocr_line' id='line_1_78' title="bbox 269 2450 1059 2489; baseline 0.009 -12"><span class='ocrx_word' id='word_1_592' title='bbox 269 2450 355 2483; x_wconf 73' lang='lat' dir='ltr'><strong>ipsum</strong></span> <span class='ocrx_word' id='word_1_593' title='bbox 369 2451 440 2485; x_wconf 88' lang='lat' dir='ltr'><strong>quod</strong></span> <span class='ocrx_word' id='word_1_594' title='bbox 455 2451 650 2485; x_wconf 54' lang='lat' dir='ltr'><strong>pra‘tlieabatur</strong></span> <span class='ocrx_word' id='word_1_595' title='bbox 660 2473 667 2485; x_wconf 89' lang='lat'><strong>,</strong></span> <span class='ocrx_word' id='word_1_596' title='bbox 687 2457 717 2480; x_wconf 85' lang='lat' dir='ltr'><strong>et</strong></span> <span class='ocrx_word' id='word_1_597' title='bbox 731 2453 838 2480; x_wconf 85' lang='lat' dir='ltr'><strong>modum</strong></span> <span class='ocrx_word' id='word_1_598' title='bbox 862 2455 1059 2489; x_wconf 78' lang='lat' dir='ltr'><strong>pra-dicationis</strong></span> 
     </span>
    </p>
   </div>
   <div class='ocr_carea' id='block_1_79' title="bbox 268 2496 1058 2535">
    <p class='ocr_par' dir='ltr' id='par_1_79' title="bbox 268 2496 1058 2535">
     <span class='ocr_line' id='line_1_79' title="bbox 268 2496 1058 2535; baseline 0.01 -13"><span class='ocrx_word' id='word_1_599' title='bbox 268 2496 334 2523; x_wconf 82' lang='lat' dir='ltr'><strong>satis</strong></span> <span class='ocrx_word' id='word_1_600' title='bbox 349 2497 430 2524; x_wconf 77' lang='lat' dir='ltr'><strong>fuisse</strong></span> <span class='ocrx_word' id='word_1_601' title='bbox 441 2497 473 2523; x_wconf 86' lang='lat' dir='ltr'><strong>ad</strong></span> <span class='ocrx_word' id='word_1_602' title='bbox 489 2497 696 2531; x_wconf 81' lang='lat' dir='ltr'><strong>perturbandam</strong></span> <span class='ocrx_word' id='word_1_603' title='bbox 707 2519 714 2530; x_wconf 90' lang='lat'><strong>,</strong></span> <span class='ocrx_word' id='word_1_604' title='bbox 737 2503 764 2526; x_wconf 88' lang='lat' dir='ltr'><strong>et</strong></span> <span class='ocrx_word' id='word_1_605' title='bbox 779 2507 830 2527; x_wconf 90' lang='lat' dir='ltr'><strong>nou</strong></span> <span class='ocrx_word' id='word_1_606' title='bbox 850 2502 1058 2535; x_wconf 81' lang='lat' dir='ltr'><strong>perturbavisse.</strong></span> 
     </span>
    </p>
   </div>
   <div class='ocr_carea' id='block_1_80' title="bbox 270 2542 1059 2582">
    <p class='ocr_par' dir='ltr' id='par_1_80' title="bbox 270 2542 1059 2582">
     <span class='ocr_line' id='line_1_80' title="bbox 270 2542 1059 2582; baseline 0.011 -14"><span class='ocrx_word' id='word_1_607' title='bbox 270 2542 327 2569; x_wconf 85' lang='lat' dir='ltr'><strong>Non</strong></span> <span class='ocrx_word' id='word_1_608' title='bbox 339 2547 441 2570; x_wconf 84' lang='lat' dir='ltr'><strong>tantum</strong></span> <span class='ocrx_word' id='word_1_609' title='bbox 452 2544 523 2570; x_wconf 87' lang='lat' dir='ltr'><strong>enim</strong></span> <span class='ocrx_word' id='word_1_610' title='bbox 537 2544 658 2579; x_wconf 89' lang='lat' dir='ltr'><strong>discipuli</strong></span> <span class='ocrx_word' id='word_1_611' title='bbox 674 2545 763 2572; x_wconf 81' lang='lat' dir='ltr'><strong>idiota:</strong></span> <span class='ocrx_word' id='word_1_612' title='bbox 782 2551 862 2578; x_wconf 82' lang='lat' dir='ltr'><strong>sunt,</strong></span> <span class='ocrx_word' id='word_1_613' title='bbox 886 2547 986 2582; x_wconf 86' lang='lat' dir='ltr'><strong>inquit;</strong></span> <span class='ocrx_word' id='word_1_614' title='bbox 1013 2550 1059 2577; x_wconf 88' lang='lat' dir='ltr'><strong>sed</strong></span> 
     </span>
    </p>
   </div>
   <div class='ocr_carea' id='block_1_81' title="bbox 269 2589 1060 2630">
    <p class='ocr_par' dir='ltr' id='par_1_81' title="bbox 269 2589 1060 2630">
     <span class='ocr_line' id='line_1_81' title="bbox 269 2589 1060 2630; baseline 0.01 -16"><span class='ocrx_word' id='word_1_615' title='bbox 269 2589 351 2615; x_wconf 76' lang='lat' dir='ltr'><strong>etiam</strong></span> <span class='ocrx_word' id='word_1_616' title='bbox 366 2596 416 2623; x_wconf 70' lang='lat' dir='ltr'><strong>ego</strong></span> <span class='ocrx_word' id='word_1_617' title='bbox 436 2589 482 2623; x_wconf 85' lang='lat' dir='ltr'><strong>qui</strong></span> <span class='ocrx_word' id='word_1_618' title='bbox 505 2590 630 2625; x_wconf 62' lang='lat' dir='ltr'><strong>praedico.</strong></span> <span class='ocrx_word' id='word_1_619' title='bbox 647 2591 718 2623; x_wconf 85' lang='lat' dir='ltr'><strong>Ideo,</strong></span> <span class='ocrx_word' id='word_1_620' title='bbox 731 2591 825 2626; x_wconf 83' lang='lat' dir='ltr'><strong>inquit,</strong></span> <span class='ocrx_word' id='word_1_621' title='bbox 843 2592 874 2618; x_wconf 76' lang='lat' dir='ltr'><strong>Et</strong></span> <span class='ocrx_word' id='word_1_622' title='bbox 885 2601 930 2628; x_wconf 74' lang='lat' dir='ltr'><strong>ego</strong></span> <span class='ocrx_word' id='word_1_623' title='bbox 941 2614 948 2626; x_wconf 94' lang='lat'><strong>,</strong></span> <span class='ocrx_word' id='word_1_624' title='bbox 969 2596 1060 2630; x_wconf 63' lang='lat' dir='ltr'><strong>fratres</strong></span> 
     </span>
    </p>
   </div>
   <div class='ocr_carea' id='block_1_82' title="bbox 268 2633 1058 2672">
    <p class='ocr_par' dir='ltr' id='par_1_82' title="bbox 268 2633 1058 2672">
     <span class='ocr_line' id='line_1_82' title="bbox 268 2633 1058 2672; baseline 0.01 -11"><span class='ocrx_word' id='word_1_625' title='bbox 268 2633 382 2670; x_wconf 79' lang='lat' dir='ltr'><strong>(rursus</strong></span> <span class='ocrx_word' id='word_1_626' title='bbox 397 2634 492 2662; x_wconf 82' lang='lat' dir='ltr'><strong>fratres</strong></span> <span class='ocrx_word' id='word_1_627' title='bbox 509 2641 585 2663; x_wconf 72' lang='lat' dir='ltr'><strong>rorat</strong></span> <span class='ocrx_word' id='word_1_628' title='bbox 595 2656 603 2668; x_wconf 91' lang='lat'><strong>,</strong></span> <span class='ocrx_word' id='word_1_629' title='bbox 616 2638 785 2664; x_wconf 86' lang='lat' dir='ltr'><strong>utsermonis</strong></span> <span class='ocrx_word' id='word_1_630' title='bbox 795 2640 966 2672; x_wconf 82' lang='lat' dir='ltr'><strong>asperitatem</strong></span> <span class='ocrx_word' id='word_1_631' title='bbox 980 2642 1058 2669; x_wconf 79' lang='lat' dir='ltr'><strong>etnot-</strong></span> 
     </span>
    </p>
   </div>
   <div class='ocr_carea' id='block_1_83' title="bbox 270 2681 1060 2718">
    <p class='ocr_par' dir='ltr' id='par_1_83' title="bbox 270 2681 1060 2718">
     <span class='ocr_line' id='line_1_83' title="bbox 270 2681 1060 2718; baseline 0.01 -12"><span class='ocrx_word' id='word_1_632' title='bbox 270 2681 315 2707; x_wconf 87' lang='lat' dir='ltr'><strong>tiat</strong></span> <span class='ocrx_word' id='word_1_633' title='bbox 330 2681 359 2716; x_wconf 86' lang='lat'><strong>).</strong></span> <span class='ocrx_word' id='word_1_634' title='bbox 373 2682 428 2709; x_wconf 77' lang='lat' dir='ltr'><strong>veni</strong></span> <span class='ocrx_word' id='word_1_635' title='bbox 438 2702 446 2712; x_wconf 82' lang='lat'><em>.</em></span> <span class='ocrx_word' id='word_1_636' title='bbox 458 2690 508 2709; x_wconf 83' lang='lat' dir='ltr'><strong>non</strong></span> <span class='ocrx_word' id='word_1_637' title='bbox 522 2683 548 2709; x_wconf 87' lang='lat' dir='ltr'><strong>in</strong></span> <span class='ocrx_word' id='word_1_638' title='bbox 564 2683 717 2710; x_wconf 76' lang='lat' dir='ltr'><strong>sublimitate</strong></span> <span class='ocrx_word' id='word_1_639' title='bbox 739 2685 861 2711; x_wconf 82' lang='lat' dir='ltr'><strong>sermonis</strong></span> <span class='ocrx_word' id='word_1_640' title='bbox 874 2705 881 2718; x_wconf 86' lang='grc'>,</span> <span class='ocrx_word' id='word_1_641' title='bbox 906 2688 1060 2715; x_wconf 80' lang='lat' dir='ltr'><strong>annuntians</strong></span> 
     </span>
    </p>
   </div>
   <div class='ocr_carea' id='block_1_84' title="bbox 270 2727 1059 2766">
    <p class='ocr_par' dir='ltr' id='par_1_84' title="bbox 270 2727 1059 2766">
     <span class='ocr_line' id='line_1_84' title="bbox 270 2727 1059 2766; baseline 0.009 -13"><span class='ocrx_word' id='word_1_642' title='bbox 270 2727 338 2754; x_wconf 68' lang='lat' dir='ltr'><strong>nobis</strong></span> <span class='ocrx_word' id='word_1_643' title='bbox 353 2728 521 2755; x_wconf 75' lang='lat' dir='ltr'><strong>testimonium</strong></span> <span class='ocrx_word' id='word_1_644' title='bbox 538 2728 595 2756; x_wconf 79' lang='lat' dir='ltr'><strong>Dei.</strong></span> <span class='ocrx_word' id='word_1_645' title='bbox 610 2729 678 2762; x_wconf 80' lang='lat' dir='ltr'><strong>Quid</strong></span> <span class='ocrx_word' id='word_1_646' title='bbox 689 2730 773 2762; x_wconf 86' lang='lat' dir='ltr'><strong>enim,</strong></span> <span class='ocrx_word' id='word_1_647' title='bbox 788 2730 831 2757; x_wconf 84' lang='lat' dir='ltr'><strong>die</strong></span> <span class='ocrx_word' id='word_1_648' title='bbox 846 2739 936 2766; x_wconf 83' lang='lat' dir='ltr'><strong>qtuuso</strong></span> <span class='ocrx_word' id='word_1_649' title='bbox 948 2753 955 2764; x_wconf 83' lang='lat'><strong>,</strong></span> <span class='ocrx_word' id='word_1_650' title='bbox 971 2733 993 2760; x_wconf 87' lang='lat' dir='ltr'><strong>si</strong></span> <span class='ocrx_word' id='word_1_651' title='bbox 1011 2742 1059 2760; x_wconf 81' lang='lat' dir='ltr'><strong>vo.</strong></span> 
     </span>
    </p>
   </div>
   <div class='ocr_carea' id='block_1_85' title="bbox 269 2773 1060 2814">
    <p class='ocr_par' dir='ltr' id='par_1_85' title="bbox 269 2773 1060 2814">
     <span class='ocr_line' id='line_1_85' title="bbox 269 2773 1060 2814; baseline 0.013 -15"><span class='ocrx_word' id='word_1_652' title='bbox 269 2773 365 2801; x_wconf 81' lang='lat' dir='ltr'><strong>lnisscs</strong></span> <span class='ocrx_word' id='word_1_653' title='bbox 374 2775 400 2801; x_wconf 91' lang='lat' dir='ltr'><strong>in</strong></span> <span class='ocrx_word' id='word_1_654' title='bbox 414 2775 576 2803; x_wconf 85' lang='lat' dir='ltr'><strong>sublimitate</strong></span> <span class='ocrx_word' id='word_1_655' title='bbox 588 2777 699 2803; x_wconf 82' lang='lat' dir='ltr'><strong>venire?</strong></span> <span class='ocrx_word' id='word_1_656' title='bbox 715 2777 874 2811; x_wconf 82' lang='lat' dir='ltr'><strong>poterasne?</strong></span> <span class='ocrx_word' id='word_1_657' title='bbox 887 2779 942 2814; x_wconf 72' lang='lat' dir='ltr'><strong>Ego</strong></span> <span class='ocrx_word' id='word_1_658' title='bbox 953 2781 1060 2814; x_wconf 81' lang='lat' dir='ltr'><strong>quidem</strong></span> 
     </span>
    </p>
   </div>
   <div class='ocr_carea' id='block_1_86' title="bbox 268 2821 1059 2856">
    <p class='ocr_par' dir='ltr' id='par_1_86' title="bbox 268 2821 1059 2856">
     <span class='ocr_line' id='line_1_86' title="bbox 268 2821 1059 2856; baseline 0.009 -8"><span class='ocrx_word' id='word_1_659' title='bbox 268 2822 293 2848; x_wconf 76' lang='lat' dir='ltr'><strong>si</strong></span> <span class='ocrx_word' id='word_1_660' title='bbox 307 2821 450 2848; x_wconf 65' lang='lat' dir='ltr'><strong>uoluissent</strong></span> <span class='ocrx_word' id='word_1_661' title='bbox 461 2843 468 2853; x_wconf 83' lang='lat'><strong>,</strong></span> <span class='ocrx_word' id='word_1_662' title='bbox 483 2830 537 2849; x_wconf 80' lang='lat' dir='ltr'><strong>non</strong></span> <span class='ocrx_word' id='word_1_663' title='bbox 550 2822 714 2856; x_wconf 65' lang='lat' dir='ltr'><strong>ptillllS:Clll;</strong></span> <span class='ocrx_word' id='word_1_664' title='bbox 730 2822 850 2852; x_wconf 81' lang='lat' dir='ltr'><strong>Christus</strong></span> <span class='ocrx_word' id='word_1_665' title='bbox 863 2830 951 2853; x_wconf 86' lang='lat' dir='ltr'><strong>autem</strong></span> <span class='ocrx_word' id='word_1_666' title='bbox 968 2826 990 2854; x_wconf 82' lang='lat' dir='ltr'><strong>si</strong></span> <span class='ocrx_word' id='word_1_667' title='bbox 1012 2835 1059 2855; x_wconf 84' lang='lat' dir='ltr'><strong>ro-</strong></span> 
     </span>
    </p>
   </div>
   <div class='ocr_carea' id='block_1_87' title="bbox 1109 1539 1901 1582">
    <p class='ocr_par' dir='ltr' id='par_1_87' title="bbox 1109 1539 1901 1582">
     <span class='ocr_line' id='line_1_87' title="bbox 1109 1539 1901 1582; baseline 0.018 -17"><span class='ocrx_word' id='word_1_668' title='bbox 1109 1539 1214 1572; x_wconf 83' lang='lat' dir='ltr'><strong>luissct,</strong></span> <span class='ocrx_word' id='word_1_669' title='bbox 1230 1542 1370 1575; x_wconf 72' lang='lat' dir='ltr'><strong>potuisset.</strong></span> <span class='ocrx_word' id='word_1_670' title='bbox 1387 1543 1438 1571; x_wconf 81' lang='lat' dir='ltr'><strong>Sed</strong></span> <span class='ocrx_word' id='word_1_671' title='bbox 1453 1545 1548 1577; x_wconf 84' lang='lat' dir='ltr'><strong>noluit.</strong></span> <span class='ocrx_word' id='word_1_672' title='bbox 1565 1548 1766 1582; x_wconf 51' lang='lat' dir='ltr'><strong>ntsplenditlins</strong></span> <span class='ocrx_word' id='word_1_673' title='bbox 1777 1551 1901 1580; x_wconf 85' lang='lat' dir='ltr'><strong>redderet</strong></span> 
     </span>
    </p>
   </div>
   <div class='ocr_carea' id='block_1_88' title="bbox 1111 1587 1901 1631">
    <p class='ocr_par' dir='ltr' id='par_1_88' title="bbox 1111 1587 1901 1631">
     <span class='ocr_line' id='line_1_88' title="bbox 1111 1587 1901 1631; baseline 0.019 -20"><span class='ocrx_word' id='word_1_674' title='bbox 1111 1590 1252 1620; x_wconf 66' lang='lat' dir='ltr'><strong>Itopteunt.</strong></span> <span class='ocrx_word' id='word_1_675' title='bbox 1267 1587 1381 1624; x_wconf 90' lang='lat' dir='ltr'><strong>Ideoque</strong></span> <span class='ocrx_word' id='word_1_676' title='bbox 1394 1591 1518 1625; x_wconf 83' lang='lat' dir='ltr'><strong>superius</strong></span> <span class='ocrx_word' id='word_1_677' title='bbox 1531 1593 1674 1621; x_wconf 83' lang='lat' dir='ltr'><strong>ostendens</strong></span> <span class='ocrx_word' id='word_1_678' title='bbox 1688 1595 1738 1622; x_wconf 89' lang='lat' dir='ltr'><strong>ltoe</strong></span> <span class='ocrx_word' id='word_1_679' title='bbox 1754 1596 1823 1623; x_wconf 72' lang='lat' dir='ltr'><strong>illius</strong></span> <span class='ocrx_word' id='word_1_680' title='bbox 1835 1607 1901 1631; x_wconf 84' lang='lat' dir='ltr'><strong>opus</strong></span> 
     </span>
    </p>
   </div>
   <div class='ocr_carea' id='block_1_89' title="bbox 1110 1631 1901 1677">
    <p class='ocr_par' dir='ltr' id='par_1_89' title="bbox 1110 1631 1901 1677">
     <span class='ocr_line' id='line_1_89' title="bbox 1110 1631 1901 1677; baseline 0.018 -20"><span class='ocrx_word' id='word_1_681' title='bbox 1110 1631 1201 1664; x_wconf 76' lang='lat' dir='ltr'><strong>fuisse,</strong></span> <span class='ocrx_word' id='word_1_682' title='bbox 1214 1632 1351 1668; x_wconf 84' lang='lat' dir='ltr'><strong>ipsiusque</strong></span> <span class='ocrx_word' id='word_1_683' title='bbox 1364 1635 1526 1664; x_wconf 74' lang='lat' dir='ltr'><strong>voluntatem</strong></span> <span class='ocrx_word' id='word_1_684' title='bbox 1541 1645 1615 1671; x_wconf 87' lang='lat' dir='ltr'><strong>esse,</strong></span> <span class='ocrx_word' id='word_1_685' title='bbox 1631 1645 1657 1666; x_wconf 90' lang='lat' dir='ltr'><strong>ut</strong></span> <span class='ocrx_word' id='word_1_686' title='bbox 1673 1640 1712 1667; x_wconf 84' lang='lat' dir='ltr'><strong>sic</strong></span> <span class='ocrx_word' id='word_1_687' title='bbox 1725 1641 1831 1669; x_wconf 85' lang='lat' dir='ltr'><strong>indocte</strong></span> <span class='ocrx_word' id='word_1_688' title='bbox 1843 1644 1901 1677; x_wconf 80' lang='lat' dir='ltr'><strong>ejus</strong></span> 
     </span>
    </p>
   </div>
   <div class='ocr_carea' id='block_1_90' title="bbox 1109 1677 1902 1716">
    <p class='ocr_par' dir='ltr' id='par_1_90' title="bbox 1109 1677 1902 1716">
     <span class='ocr_line' id='line_1_90' title="bbox 1109 1677 1902 1716; baseline 0.015 -13"><span class='ocrx_word' id='word_1_689' title='bbox 1109 1677 1219 1705; x_wconf 76' lang='lat' dir='ltr'><strong>Verbum</strong></span> <span class='ocrx_word' id='word_1_690' title='bbox 1246 1680 1421 1714; x_wconf 66' lang='lat' dir='ltr'><strong>prtetliretttr,</strong></span> <span class='ocrx_word' id='word_1_691' title='bbox 1445 1682 1550 1709; x_wconf 77' lang='lat' dir='ltr'><strong>dicebat</strong></span> <span class='ocrx_word' id='word_1_692' title='bbox 1572 1692 1577 1709; x_wconf 90' lang='lat'>:</span> <span class='ocrx_word' id='word_1_693' title='bbox 1601 1684 1662 1711; x_wconf 87' lang='lat' dir='ltr'><strong>Non</strong></span> <span class='ocrx_word' id='word_1_694' title='bbox 1682 1687 1749 1713; x_wconf 84' lang='lat' dir='ltr'><strong>enim</strong></span> <span class='ocrx_word' id='word_1_695' title='bbox 1773 1687 1839 1714; x_wconf 71' lang='lat' dir='ltr'><strong>misit</strong></span> <span class='ocrx_word' id='word_1_696' title='bbox 1863 1697 1902 1716; x_wconf 82' lang='lat' dir='ltr'><strong>me</strong></span> 
     </span>
    </p>
   </div>
   <div class='ocr_carea' id='block_1_91' title="bbox 1110 1724 1902 1767">
    <p class='ocr_par' dir='ltr' id='par_1_91' title="bbox 1110 1724 1902 1767">
     <span class='ocr_line' id='line_1_91' title="bbox 1110 1724 1902 1767; baseline 0.013 -16"><span class='ocrx_word' id='word_1_697' title='bbox 1110 1724 1224 1751; x_wconf 74' lang='lat' dir='ltr'><strong>Christus</strong></span> <span class='ocrx_word' id='word_1_698' title='bbox 1236 1726 1380 1760; x_wconf 79' lang='lat' dir='ltr'><strong>baptizare,</strong></span> <span class='ocrx_word' id='word_1_699' title='bbox 1396 1727 1440 1753; x_wconf 78' lang='lat' dir='ltr'><strong>sed</strong></span> <span class='ocrx_word' id='word_1_700' title='bbox 1451 1729 1622 1762; x_wconf 71' lang='lat' dir='ltr'><strong>cvangelisare</strong></span> <span class='ocrx_word' id='word_1_701' title='bbox 1634 1751 1640 1759; x_wconf 79' lang='lat'>.</span> <span class='ocrx_word' id='word_1_702' title='bbox 1656 1739 1706 1757; x_wconf 84' lang='lat' dir='ltr'><strong>non</strong></span> <span class='ocrx_word' id='word_1_703' title='bbox 1729 1732 1755 1758; x_wconf 84' lang='lat' dir='ltr'><strong>in</strong></span> <span class='ocrx_word' id='word_1_704' title='bbox 1777 1734 1902 1767; x_wconf 76' lang='lat' dir='ltr'><strong>sapientia</strong></span> 
     </span>
    </p>
   </div>
   <div class='ocr_carea' id='block_1_92' title="bbox 1109 1771 1901 1813">
    <p class='ocr_par' dir='ltr' id='par_1_92' title="bbox 1109 1771 1901 1813">
     <span class='ocr_line' id='line_1_92' title="bbox 1109 1771 1901 1813; baseline 0.014 -18"><span class='ocrx_word' id='word_1_705' title='bbox 1109 1772 1239 1798; x_wconf 74' lang='lat' dir='ltr'><strong>sermonis.</strong></span> <span class='ocrx_word' id='word_1_706' title='bbox 1256 1771 1303 1798; x_wconf 84' lang='lat' dir='ltr'><strong>Est</strong></span> <span class='ocrx_word' id='word_1_707' title='bbox 1317 1777 1406 1799; x_wconf 83' lang='lat' dir='ltr'><strong>autent</strong></span> <span class='ocrx_word' id='word_1_708' title='bbox 1421 1774 1504 1800; x_wconf 78' lang='lat' dir='ltr'><strong>multo</strong></span> <span class='ocrx_word' id='word_1_709' title='bbox 1515 1776 1609 1809; x_wconf 76' lang='lat' dir='ltr'><strong>majus.</strong></span> <span class='ocrx_word' id='word_1_710' title='bbox 1625 1776 1679 1803; x_wconf 90' lang='lat' dir='ltr'><strong>itno</strong></span> <span class='ocrx_word' id='word_1_711' title='bbox 1691 1778 1793 1805; x_wconf 84' lang='lat' dir='ltr'><strong>infinite</strong></span> <span class='ocrx_word' id='word_1_712' title='bbox 1804 1780 1901 1813; x_wconf 84' lang='lat' dir='ltr'><strong>majus,</strong></span> 
     </span>
    </p>
   </div>
   <div class='ocr_carea' id='block_1_93' title="bbox 1109 1816 1903 1858">
    <p class='ocr_par' dir='ltr' id='par_1_93' title="bbox 1109 1816 1903 1858">
     <span class='ocr_line' id='line_1_93' title="bbox 1109 1816 1903 1858; baseline 0.013 -16"><span class='ocrx_word' id='word_1_713' title='bbox 1109 1816 1243 1858; x_wconf 87' lang='lat' dir='ltr'><strong>quod</strong></span> <span class='ocrx_word' id='word_1_714' title='bbox 1256 1817 1371 1845; x_wconf 72' lang='lat' dir='ltr'><strong>voluerit</strong></span> <span class='ocrx_word' id='word_1_715' title='bbox 1384 1818 1516 1852; x_wconf 74' lang='lat' dir='ltr'><strong>Christus,</strong></span> <span class='ocrx_word' id='word_1_716' title='bbox 1533 1828 1611 1855; x_wconf 92' lang='lat' dir='ltr'><strong>quam</strong></span> <span class='ocrx_word' id='word_1_717' title='bbox 1625 1823 1695 1856; x_wconf 90' lang='lat' dir='ltr'><strong>quod</strong></span> <span class='ocrx_word' id='word_1_718' title='bbox 1709 1824 1822 1852; x_wconf 81' lang='lat' dir='ltr'><strong>Volnerit</strong></span> <span class='ocrx_word' id='word_1_719' title='bbox 1839 1826 1903 1852; x_wconf 82' lang='lat' dir='ltr'><strong>l’au-</strong></span> 
     </span>
    </p>
   </div>
   <div class='ocr_carea' id='block_1_94' title="bbox 1110 1863 1902 1906">
    <p class='ocr_par' dir='ltr' id='par_1_94' title="bbox 1110 1863 1902 1906">
     <span class='ocr_line' id='line_1_94' title="bbox 1110 1863 1902 1906; baseline 0.01 -18"><span class='ocrx_word' id='word_1_720' title='bbox 1110 1863 1160 1890; x_wconf 88' lang='lat' dir='ltr'><strong>lus.</strong></span> <span class='ocrx_word' id='word_1_721' title='bbox 1185 1863 1242 1890; x_wconf 87' lang='lat' dir='ltr'><strong>Non</strong></span> <span class='ocrx_word' id='word_1_722' title='bbox 1261 1872 1324 1899; x_wconf 78' lang='lat' dir='ltr'><strong>ergo</strong></span> <span class='ocrx_word' id='word_1_723' title='bbox 1346 1865 1495 1893; x_wconf 81' lang='lat' dir='ltr'><strong>facundiam</strong></span> <span class='ocrx_word' id='word_1_724' title='bbox 1516 1871 1671 1900; x_wconf 83' lang='lat' dir='ltr'><strong>ostentans,</strong></span> <span class='ocrx_word' id='word_1_725' title='bbox 1688 1869 1790 1904; x_wconf 90' lang='lat' dir='ltr'><strong>inquit,</strong></span> <span class='ocrx_word' id='word_1_726' title='bbox 1815 1879 1902 1906; x_wconf 78' lang='lat' dir='ltr'><strong>neque</strong></span> 
     </span>
    </p>
   </div>
   <div class='ocr_carea' id='block_1_95' title="bbox 1109 1909 1900 1945">
    <p class='ocr_par' dir='ltr' id='par_1_95' title="bbox 1109 1909 1900 1945">
     <span class='ocr_line' id='line_1_95' title="bbox 1109 1909 1900 1945; baseline 0.013 -10"><span class='ocrx_word' id='word_1_727' title='bbox 1109 1909 1228 1936; x_wconf 75' lang='lat' dir='ltr'><strong>externis</strong></span> <span class='ocrx_word' id='word_1_728' title='bbox 1239 1915 1358 1937; x_wconf 86' lang='lat' dir='ltr'><strong>armatus</strong></span> <span class='ocrx_word' id='word_1_729' title='bbox 1371 1912 1542 1939; x_wconf 82' lang='lat' dir='ltr'><strong>sermonibus</strong></span> <span class='ocrx_word' id='word_1_730' title='bbox 1552 1934 1558 1944; x_wconf 87' lang='lat'><strong>,</strong></span> <span class='ocrx_word' id='word_1_731' title='bbox 1572 1915 1702 1941; x_wconf 73' lang='lat' dir='ltr'><strong>annuntio</strong></span> <span class='ocrx_word' id='word_1_732' title='bbox 1720 1916 1900 1945; x_wconf 85' lang='lat' dir='ltr'><strong>testimonium</strong></span> 
     </span>
    </p>
   </div>
   <div class='ocr_carea' id='block_1_96' title="bbox 1113 1954 1900 1998">
    <p class='ocr_par' dir='ltr' id='par_1_96' title="bbox 1113 1954 1900 1998">
     <span class='ocr_line' id='line_1_96' title="bbox 1113 1954 1900 1998; baseline 0.014 -18"><span class='ocrx_word' id='word_1_733' title='bbox 1113 1954 1168 1981; x_wconf 88' lang='lat' dir='ltr'><strong>Dei.</strong></span> <span class='ocrx_word' id='word_1_734' title='bbox 1183 1954 1236 1982; x_wconf 83' lang='lat' dir='ltr'><strong>Nec</strong></span> <span class='ocrx_word' id='word_1_735' title='bbox 1246 1955 1322 1988; x_wconf 76' lang='lat' dir='ltr'><strong>dixit,</strong></span> <span class='ocrx_word' id='word_1_736' title='bbox 1336 1957 1566 1991; x_wconf 75' lang='lat' dir='ltr'><strong>pnedieationent,</strong></span> <span class='ocrx_word' id='word_1_737' title='bbox 1579 1959 1637 1992; x_wconf 87' lang='lat' dir='ltr'><strong>sed,</strong></span> <span class='ocrx_word' id='word_1_738' title='bbox 1653 1960 1830 1989; x_wconf 71' lang='lat' dir='ltr'><strong>Testimonium</strong></span> <span class='ocrx_word' id='word_1_739' title='bbox 1842 1964 1900 1998; x_wconf 77' lang='lat' dir='ltr'><strong>Dei,</strong></span> 
     </span>
    </p>
   </div>
   <div class='ocr_carea' id='block_1_97' title="bbox 1109 2000 1900 2038">
    <p class='ocr_par' dir='ltr' id='par_1_97' title="bbox 1109 2000 1900 2038">
     <span class='ocr_line' id='line_1_97' title="bbox 1109 2000 1900 2038; baseline 0.016 -13"><span class='ocrx_word' id='word_1_740' title='bbox 1109 2000 1180 2034; x_wconf 80' lang='lat' dir='ltr'><strong>quod</strong></span> <span class='ocrx_word' id='word_1_741' title='bbox 1193 2001 1278 2034; x_wconf 75' lang='lat' dir='ltr'><strong>ipsum</strong></span> <span class='ocrx_word' id='word_1_742' title='bbox 1295 2002 1360 2028; x_wconf 74' lang='lat' dir='ltr'><strong>satis</strong></span> <span class='ocrx_word' id='word_1_743' title='bbox 1375 2008 1432 2030; x_wconf 85' lang='lat' dir='ltr'><strong>erat</strong></span> <span class='ocrx_word' id='word_1_744' title='bbox 1444 2004 1476 2030; x_wconf 90' lang='lat' dir='ltr'><strong>ad</strong></span> <span class='ocrx_word' id='word_1_745' title='bbox 1491 2007 1674 2034; x_wconf 70' lang='lat' dir='ltr'><strong>avertendum.</strong></span> <span class='ocrx_word' id='word_1_746' title='bbox 1699 2008 1810 2036; x_wconf 86' lang='lat' dir='ltr'><strong>lllortent</strong></span> <span class='ocrx_word' id='word_1_747' title='bbox 1830 2011 1900 2038; x_wconf 85' lang='lat' dir='ltr'><strong>enim</strong></span> 
     </span>
    </p>
   </div>
   <div class='ocr_carea' id='block_1_98' title="bbox 1110 2047 1903 2090">
    <p class='ocr_par' dir='ltr' id='par_1_98' title="bbox 1110 2047 1903 2090">
     <span class='ocr_line' id='line_1_98' title="bbox 1110 2047 1903 2090; baseline 0.018 -20"><span class='ocrx_word' id='word_1_748' title='bbox 1110 2047 1274 2073; x_wconf 89' lang='lat' dir='ltr'><strong>annuntians</strong></span> <span class='ocrx_word' id='word_1_749' title='bbox 1285 2048 1414 2074; x_wconf 81' lang='lat' dir='ltr'><strong>circuibat</strong></span> <span class='ocrx_word' id='word_1_750' title='bbox 1427 2058 1433 2075; x_wconf 88' lang='lat'>:</span> <span class='ocrx_word' id='word_1_751' title='bbox 1447 2049 1506 2076; x_wconf 82' lang='lat' dir='ltr'><strong>ideo</strong></span> <span class='ocrx_word' id='word_1_752' title='bbox 1517 2051 1671 2086; x_wconf 79' lang='lat' dir='ltr'><strong>sultjnuxit:</strong></span> <span class='ocrx_word' id='word_1_753' title='bbox 1686 2053 1745 2081; x_wconf 84' lang='lat' dir='ltr'><strong>Non</strong></span> <span class='ocrx_word' id='word_1_754' title='bbox 1754 2056 1821 2082; x_wconf 78' lang='lat' dir='ltr'><strong>enim</strong></span> <span class='ocrx_word' id='word_1_755' title='bbox 1833 2057 1903 2090; x_wconf 73' lang='lat' dir='ltr'><strong>judi-</strong></span> 
     </span>
    </p>
   </div>
   <div class='ocr_carea' id='block_1_99' title="bbox 1111 2092 1900 2135">
    <p class='ocr_par' dir='ltr' id='par_1_99' title="bbox 1111 2092 1900 2135">
     <span class='ocr_line' id='line_1_99' title="bbox 1111 2092 1900 2135; baseline 0.016 -19"><span class='ocrx_word' id='word_1_756' title='bbox 1111 2092 1165 2117; x_wconf 81' lang='lat' dir='ltr'><strong>crtvi</strong></span> <span class='ocrx_word' id='word_1_757' title='bbox 1179 2101 1217 2118; x_wconf 86' lang='lat' dir='ltr'><strong>me</strong></span> <span class='ocrx_word' id='word_1_758' title='bbox 1227 2093 1290 2119; x_wconf 74' lang='lat' dir='ltr'><strong>scire</strong></span> <span class='ocrx_word' id='word_1_759' title='bbox 1303 2094 1401 2127; x_wconf 84' lang='lat' dir='ltr'><strong>aliquid</strong></span> <span class='ocrx_word' id='word_1_760' title='bbox 1415 2094 1440 2120; x_wconf 89' lang='lat' dir='ltr'><strong>in</strong></span> <span class='ocrx_word' id='word_1_761' title='bbox 1459 2095 1542 2129; x_wconf 70' lang='lat' dir='ltr'><strong>vobis,</strong></span> <span class='ocrx_word' id='word_1_762' title='bbox 1567 2098 1616 2124; x_wconf 73' lang='lat' dir='ltr'><strong>nisi</strong></span> <span class='ocrx_word' id='word_1_763' title='bbox 1638 2098 1726 2126; x_wconf 75' lang='lat' dir='ltr'><strong>Iesum</strong></span> <span class='ocrx_word' id='word_1_764' title='bbox 1750 2100 1876 2129; x_wconf 79' lang='lat' dir='ltr'><strong>Christum</strong></span> <span class='ocrx_word' id='word_1_765' title='bbox 1892 2123 1900 2135; x_wconf 82' lang='lat'><strong>,</strong></span> 
     </span>
    </p>
   </div>
   <div class='ocr_carea' id='block_1_100' title="bbox 1111 2137 1903 2180">
    <p class='ocr_par' dir='ltr' id='par_1_100' title="bbox 1111 2137 1903 2180">
     <span class='ocr_line' id='line_1_100' title="bbox 1111 2137 1903 2180; baseline 0.016 -18"><span class='ocrx_word' id='word_1_766' title='bbox 1111 2137 1225 2168; x_wconf 76' lang='lat' dir='ltr'><strong>[tuncque</strong></span> <span class='ocrx_word' id='word_1_767' title='bbox 1239 2139 1401 2172; x_wconf 78' lang='lat' dir='ltr'><strong>cruciﬁxum.</strong></span> <span class='ocrx_word' id='word_1_768' title='bbox 1417 2140 1471 2167; x_wconf 85' lang='lat' dir='ltr'><strong>lloc</strong></span> <span class='ocrx_word' id='word_1_769' title='bbox 1482 2146 1569 2169; x_wconf 85' lang='lat' dir='ltr'><strong>autent</strong></span> <span class='ocrx_word' id='word_1_770' title='bbox 1581 2143 1696 2177; x_wconf 79' lang='lat' dir='ltr'><strong>dicebat,</strong></span> <span class='ocrx_word' id='word_1_771' title='bbox 1710 2146 1770 2180; x_wconf 86' lang='lat' dir='ltr'><strong>quia</strong></span> <span class='ocrx_word' id='word_1_772' title='bbox 1783 2152 1903 2175; x_wconf 68' lang='lat' dir='ltr'><strong>externa:</strong></span> 
     </span>
    </p>
   </div>
   <div class='ocr_carea' id='block_1_101' title="bbox 1111 2183 1903 2227">
    <p class='ocr_par' dir='ltr' id='par_1_101' title="bbox 1111 2183 1903 2227">
     <span class='ocr_line' id='line_1_101' title="bbox 1111 2183 1903 2227; baseline 0.015 -18"><span class='ocrx_word' id='word_1_773' title='bbox 1111 2183 1250 2217; x_wconf 75' lang='lat' dir='ltr'><strong>sapientLe</strong></span> <span class='ocrx_word' id='word_1_774' title='bbox 1262 2185 1372 2212; x_wconf 87' lang='lat' dir='ltr'><strong>omnino</strong></span> <span class='ocrx_word' id='word_1_775' title='bbox 1386 2194 1483 2221; x_wconf 84' lang='lat' dir='ltr'><strong>expers</strong></span> <span class='ocrx_word' id='word_1_776' title='bbox 1497 2194 1553 2215; x_wconf 85' lang='lat' dir='ltr'><strong>erat</strong></span> <span class='ocrx_word' id='word_1_777' title='bbox 1564 2209 1572 2222; x_wconf 90' lang='lat'><strong>,</strong></span> <span class='ocrx_word' id='word_1_778' title='bbox 1589 2194 1616 2217; x_wconf 92' lang='lat' dir='ltr'><strong>ut</strong></span> <span class='ocrx_word' id='word_1_779' title='bbox 1628 2191 1707 2218; x_wconf 83' lang='lat' dir='ltr'><strong>etiam</strong></span> <span class='ocrx_word' id='word_1_780' title='bbox 1722 2194 1846 2227; x_wconf 88' lang='lat' dir='ltr'><strong>superius</strong></span> <span class='ocrx_word' id='word_1_781' title='bbox 1859 2195 1903 2221; x_wconf 89' lang='lat' dir='ltr'><strong>di-</strong></span> 
     </span>
    </p>
   </div>
   <div class='ocr_carea' id='block_1_102' title="bbox 1112 2230 1902 2277">
    <p class='ocr_par' dir='ltr' id='par_1_102' title="bbox 1112 2230 1902 2277">
     <span class='ocr_line' id='line_1_102' title="bbox 1112 2230 1902 2277; baseline 0.016 -20"><span class='ocrx_word' id='word_1_782' title='bbox 1112 2231 1210 2258; x_wconf 83' lang='lat' dir='ltr'><strong>cebat:</strong></span> <span class='ocrx_word' id='word_1_783' title='bbox 1229 2230 1289 2258; x_wconf 82' lang='lat' dir='ltr'><strong>Veni</strong></span> <span class='ocrx_word' id='word_1_784' title='bbox 1305 2240 1355 2258; x_wconf 87' lang='lat' dir='ltr'><strong>non</strong></span> <span class='ocrx_word' id='word_1_785' title='bbox 1371 2233 1396 2259; x_wconf 86' lang='lat' dir='ltr'><strong>in</strong></span> <span class='ocrx_word' id='word_1_786' title='bbox 1415 2235 1569 2262; x_wconf 80' lang='lat' dir='ltr'><strong>sublimitate</strong></span> <span class='ocrx_word' id='word_1_787' title='bbox 1589 2239 1722 2266; x_wconf 78' lang='lat' dir='ltr'><strong>sermonis.</strong></span> <span class='ocrx_word' id='word_1_788' title='bbox 1746 2240 1812 2268; x_wconf 81' lang='lat' dir='ltr'><strong>Nam</strong></span> <span class='ocrx_word' id='word_1_789' title='bbox 1832 2243 1902 2277; x_wconf 90' lang='lat' dir='ltr'><strong>quod</strong></span> 
     </span>
    </p>
   </div>
   <div class='ocr_carea' id='block_1_103' title="bbox 1113 2275 1903 2318">
    <p class='ocr_par' dir='ltr' id='par_1_103' title="bbox 1113 2275 1903 2318">
     <span class='ocr_line' id='line_1_103' title="bbox 1113 2275 1903 2318; baseline 0.018 -17"><span class='ocrx_word' id='word_1_790' title='bbox 1113 2275 1170 2309; x_wconf 71' lang='lat' dir='ltr'><strong>ipse</strong></span> <span class='ocrx_word' id='word_1_791' title='bbox 1185 2276 1235 2303; x_wconf 88' lang='lat' dir='ltr'><strong>hoc</strong></span> <span class='ocrx_word' id='word_1_792' title='bbox 1248 2282 1339 2311; x_wconf 86' lang='lat' dir='ltr'><strong>posset</strong></span> <span class='ocrx_word' id='word_1_793' title='bbox 1353 2277 1453 2306; x_wconf 84' lang='lat' dir='ltr'><strong>habere</strong></span> <span class='ocrx_word' id='word_1_794' title='bbox 1468 2280 1554 2314; x_wconf 90' lang='lat' dir='ltr'><strong>palam</strong></span> <span class='ocrx_word' id='word_1_795' title='bbox 1568 2287 1619 2309; x_wconf 90' lang='lat' dir='ltr'><strong>est.</strong></span> <span class='ocrx_word' id='word_1_796' title='bbox 1633 2283 1716 2318; x_wconf 82' lang='lat' dir='ltr'><strong>Cujus</strong></span> <span class='ocrx_word' id='word_1_797' title='bbox 1732 2286 1804 2313; x_wconf 87' lang='lat' dir='ltr'><strong>enim</strong></span> <span class='ocrx_word' id='word_1_798' title='bbox 1820 2275 1903 2315; x_wconf 56' lang='lat' dir='ltr'><strong>resti-</strong></span> 
     </span>
    </p>
   </div>
   <div class='ocr_carea' id='block_1_104' title="bbox 1114 2324 1902 2367">
    <p class='ocr_par' dir='ltr' id='par_1_104' title="bbox 1114 2324 1902 2367">
     <span class='ocr_line' id='line_1_104' title="bbox 1114 2324 1902 2367; baseline 0.016 -20"><span class='ocrx_word' id='word_1_799' title='bbox 1114 2326 1202 2348; x_wconf 86' lang='lat' dir='ltr'><strong>menta</strong></span> <span class='ocrx_word' id='word_1_800' title='bbox 1219 2327 1339 2349; x_wconf 87' lang='lat' dir='ltr'><strong>mortuus</strong></span> <span class='ocrx_word' id='word_1_801' title='bbox 1353 2324 1526 2358; x_wconf 77' lang='lat' dir='ltr'><strong>suscitaram,</strong></span> <span class='ocrx_word' id='word_1_802' title='bbox 1539 2332 1565 2353; x_wconf 86' lang='lat' dir='ltr'><strong>et</strong></span> <span class='ocrx_word' id='word_1_803' title='bbox 1579 2328 1678 2355; x_wconf 70' lang='lat' dir='ltr'><strong>utnbrte</strong></span> <span class='ocrx_word' id='word_1_804' title='bbox 1692 2331 1800 2358; x_wconf 86' lang='lat' dir='ltr'><strong>morbos</strong></span> <span class='ocrx_word' id='word_1_805' title='bbox 1817 2340 1902 2367; x_wconf 78' lang='lat' dir='ltr'><strong>expu-</strong></span> 
     </span>
    </p>
   </div>
   <div class='ocr_carea' id='block_1_105' title="bbox 1114 2366 1903 2410">
    <p class='ocr_par' dir='ltr' id='par_1_105' title="bbox 1114 2366 1903 2410">
     <span class='ocr_line' id='line_1_105' title="bbox 1114 2366 1903 2410; baseline 0.019 -18"><span class='ocrx_word' id='word_1_806' title='bbox 1114 2366 1215 2398; x_wconf 79' lang='lat' dir='ltr'><strong>lerunt,</strong></span> <span class='ocrx_word' id='word_1_807' title='bbox 1229 2367 1312 2395; x_wconf 87' lang='lat' dir='ltr'><strong>tttnlto</strong></span> <span class='ocrx_word' id='word_1_808' title='bbox 1327 2369 1410 2404; x_wconf 76' lang='lat' dir='ltr'><strong>magis</strong></span> <span class='ocrx_word' id='word_1_809' title='bbox 1431 2370 1525 2405; x_wconf 64' lang='lat' dir='ltr'><strong>linguai:</strong></span> <span class='ocrx_word' id='word_1_810' title='bbox 1537 2373 1685 2401; x_wconf 78' lang='lat' dir='ltr'><strong>facundiam</strong></span> <span class='ocrx_word' id='word_1_811' title='bbox 1701 2381 1802 2410; x_wconf 85' lang='lat' dir='ltr'><strong>poterat</strong></span> <span class='ocrx_word' id='word_1_812' title='bbox 1814 2366 1903 2407; x_wconf 82' lang='lat' dir='ltr'><strong>anima</strong></span> 
     </span>
    </p>
   </div>
   <div class='ocr_carea' id='block_1_106' title="bbox 1113 2414 1902 2458">
    <p class='ocr_par' dir='ltr' id='par_1_106' title="bbox 1113 2414 1902 2458">
     <span class='ocr_line' id='line_1_106' title="bbox 1113 2414 1902 2458; baseline 0.019 -20"><span class='ocrx_word' id='word_1_813' title='bbox 1113 2414 1259 2447; x_wconf 83' lang='lat' dir='ltr'><strong>suscipere.</strong></span> <span class='ocrx_word' id='word_1_814' title='bbox 1273 2414 1338 2441; x_wconf 83' lang='lat' dir='ltr'><strong>Nam</strong></span> <span class='ocrx_word' id='word_1_815' title='bbox 1351 2415 1402 2443; x_wconf 82' lang='lat' dir='ltr'><strong>hoc</strong></span> <span class='ocrx_word' id='word_1_816' title='bbox 1414 2417 1522 2451; x_wconf 89' lang='lat' dir='ltr'><strong>quidem</strong></span> <span class='ocrx_word' id='word_1_817' title='bbox 1545 2423 1586 2446; x_wconf 88' lang='lat' dir='ltr'><strong>est</strong></span> <span class='ocrx_word' id='word_1_818' title='bbox 1603 2420 1796 2456; x_wconf 82' lang='lat' dir='ltr'><strong>discipulorum</strong></span> <span class='ocrx_word' id='word_1_819' title='bbox 1807 2446 1815 2458; x_wconf 83' lang='lat'><strong>,</strong></span> <span class='ocrx_word' id='word_1_820' title='bbox 1837 2425 1902 2454; x_wconf 88' lang='lat' dir='ltr'><strong>illttd</strong></span> 
     </span>
    </p>
   </div>
   <div class='ocr_carea' id='block_1_107' title="bbox 1112 2464 1903 2506">
    <p class='ocr_par' dir='ltr' id='par_1_107' title="bbox 1112 2464 1903 2506">
     <span class='ocr_line' id='line_1_107' title="bbox 1112 2464 1903 2506; baseline 0.019 -21"><span class='ocrx_word' id='word_1_821' title='bbox 1112 2464 1201 2486; x_wconf 86' lang='lat' dir='ltr'><strong>autem</strong></span> <span class='ocrx_word' id='word_1_822' title='bbox 1213 2465 1297 2487; x_wconf 91' lang='lat' dir='ltr'><strong>artetn</strong></span> <span class='ocrx_word' id='word_1_823' title='bbox 1311 2469 1418 2489; x_wconf 89' lang='lat' dir='ltr'><strong>ontnetn</strong></span> <span class='ocrx_word' id='word_1_824' title='bbox 1431 2469 1548 2498; x_wconf 88' lang='lat' dir='ltr'><strong>superat.</strong></span> <span class='ocrx_word' id='word_1_825' title='bbox 1560 2466 1611 2498; x_wconf 82' lang='lat' dir='ltr'><strong>Qui</strong></span> <span class='ocrx_word' id='word_1_826' title='bbox 1633 2475 1698 2503; x_wconf 74' lang='lat' dir='ltr'><strong>ergo</strong></span> <span class='ocrx_word' id='word_1_827' title='bbox 1717 2471 1783 2497; x_wconf 83' lang='lat' dir='ltr'><strong>artis</strong></span> <span class='ocrx_word' id='word_1_828' title='bbox 1803 2472 1903 2506; x_wconf 86' lang='lat' dir='ltr'><strong>majora</strong></span> 
     </span>
    </p>
   </div>
   <div class='ocr_carea' id='block_1_108' title="bbox 1113 2506 1904 2551">
    <p class='ocr_par' dir='ltr' id='par_1_108' title="bbox 1113 2506 1904 2551">
     <span class='ocr_line' id='line_1_108' title="bbox 1113 2506 1904 2551; baseline 0.018 -20"><span class='ocrx_word' id='word_1_829' title='bbox 1113 2506 1197 2538; x_wconf 77' lang='lat' dir='ltr'><strong>novitl</strong></span> <span class='ocrx_word' id='word_1_830' title='bbox 1210 2507 1294 2533; x_wconf 91' lang='lat' dir='ltr'><strong>multo</strong></span> <span class='ocrx_word' id='word_1_831' title='bbox 1307 2509 1389 2543; x_wconf 77' lang='lat' dir='ltr'><strong>magis</strong></span> <span class='ocrx_word' id='word_1_832' title='bbox 1401 2510 1503 2538; x_wconf 91' lang='lat' dir='ltr'><strong>tninora</strong></span> <span class='ocrx_word' id='word_1_833' title='bbox 1514 2513 1639 2546; x_wconf 90' lang='lat' dir='ltr'><strong>potuerit.</strong></span> <span class='ocrx_word' id='word_1_834' title='bbox 1652 2515 1704 2542; x_wconf 82' lang='lat' dir='ltr'><strong>Sed</strong></span> <span class='ocrx_word' id='word_1_835' title='bbox 1717 2523 1769 2542; x_wconf 88' lang='lat' dir='ltr'><strong>tton</strong></span> <span class='ocrx_word' id='word_1_836' title='bbox 1783 2518 1904 2551; x_wconf 60' lang='lat' dir='ltr'><strong>permisit</strong></span> 
     </span>
    </p>
   </div>
   <div class='ocr_carea' id='block_1_109' title="bbox 1113 2550 1905 2591">
    <p class='ocr_par' dir='ltr' id='par_1_109' title="bbox 1113 2550 1905 2591">
     <span class='ocr_line' id='line_1_109' title="bbox 1113 2550 1905 2591; baseline 0.019 -15"><span class='ocrx_word' id='word_1_837' title='bbox 1113 2550 1255 2584; x_wconf 87' lang='lat' dir='ltr'><strong>Christus;</strong></span> <span class='ocrx_word' id='word_1_838' title='bbox 1283 2561 1369 2587; x_wconf 88' lang='lat' dir='ltr'><strong>neque</strong></span> <span class='ocrx_word' id='word_1_839' title='bbox 1393 2555 1464 2582; x_wconf 90' lang='lat' dir='ltr'><strong>enim</strong></span> <span class='ocrx_word' id='word_1_840' title='bbox 1486 2563 1697 2587; x_wconf 88' lang='lat' dir='ltr'><strong>consentaneum</strong></span> <span class='ocrx_word' id='word_1_841' title='bbox 1721 2550 1788 2589; x_wconf 75' lang='lat' dir='ltr'><strong>erat.</strong></span> <span class='ocrx_word' id='word_1_842' title='bbox 1810 2563 1905 2591; x_wconf 84' lang='lat' dir='ltr'><strong>Merito</strong></span> 
     </span>
    </p>
   </div>
   <div class='ocr_carea' id='block_1_110' title="bbox 1113 2596 1906 2640">
    <p class='ocr_par' dir='ltr' id='par_1_110' title="bbox 1113 2596 1906 2640">
     <span class='ocr_line' id='line_1_110' title="bbox 1113 2596 1906 2640; baseline 0.02 -18"><span class='ocrx_word' id='word_1_843' title='bbox 1113 2596 1194 2632; x_wconf 81' lang='lat' dir='ltr'><strong>igitur</strong></span> <span class='ocrx_word' id='word_1_844' title='bbox 1206 2597 1258 2630; x_wconf 86' lang='lat' dir='ltr'><strong>ait,</strong></span> <span class='ocrx_word' id='word_1_845' title='bbox 1274 2598 1334 2625; x_wconf 82' lang='lat' dir='ltr'><strong>Non</strong></span> <span class='ocrx_word' id='word_1_846' title='bbox 1347 2601 1413 2626; x_wconf 83' lang='lat' dir='ltr'><strong>enim</strong></span> <span class='ocrx_word' id='word_1_847' title='bbox 1420 2602 1537 2635; x_wconf 74' lang='lat' dir='ltr'><strong>judicavi</strong></span> <span class='ocrx_word' id='word_1_848' title='bbox 1547 2611 1587 2630; x_wconf 86' lang='lat' dir='ltr'><strong>me</strong></span> <span class='ocrx_word' id='word_1_849' title='bbox 1597 2605 1694 2640; x_wconf 78' lang='lat' dir='ltr'><strong>aliquid</strong></span> <span class='ocrx_word' id='word_1_850' title='bbox 1705 2607 1785 2640; x_wconf 76' lang='lat' dir='ltr'><strong>scire;</strong></span> <span class='ocrx_word' id='word_1_851' title='bbox 1800 2617 1860 2636; x_wconf 84' lang='lat' dir='ltr'><strong>nam</strong></span> <span class='ocrx_word' id='word_1_852' title='bbox 1878 2616 1906 2638; x_wconf 88' lang='lat' dir='ltr'><strong>et</strong></span> 
     </span>
    </p>
   </div>
   <div class='ocr_carea' id='block_1_111' title="bbox 1113 2644 1905 2684">
    <p class='ocr_par' dir='ltr' id='par_1_111' title="bbox 1113 2644 1905 2684">
     <span class='ocr_line' id='line_1_111' title="bbox 1113 2644 1905 2684; baseline 0.018 -14"><span class='ocrx_word' id='word_1_853' title='bbox 1113 2652 1162 2678; x_wconf 75' lang='lat' dir='ltr'><strong>ego</strong></span> <span class='ocrx_word' id='word_1_854' title='bbox 1174 2644 1223 2672; x_wconf 87' lang='lat' dir='ltr'><strong>ltoe</strong></span> <span class='ocrx_word' id='word_1_855' title='bbox 1235 2645 1370 2681; x_wconf 83' lang='lat' dir='ltr'><strong>roloqnod</strong></span> <span class='ocrx_word' id='word_1_856' title='bbox 1382 2652 1407 2674; x_wconf 91' lang='lat' dir='ltr'><strong>et</strong></span> <span class='ocrx_word' id='word_1_857' title='bbox 1419 2648 1540 2677; x_wconf 88' lang='lat' dir='ltr'><strong>Christus</strong></span> <span class='ocrx_word' id='word_1_858' title='bbox 1551 2651 1615 2677; x_wconf 85' lang='lat' dir='ltr'><strong>vult.</strong></span> <span class='ocrx_word' id='word_1_859' title='bbox 1628 2651 1690 2679; x_wconf 82' lang='lat' dir='ltr'><strong>Mihi</strong></span> <span class='ocrx_word' id='word_1_860' title='bbox 1701 2658 1789 2681; x_wconf 82' lang='lat' dir='ltr'><strong>autern</strong></span> <span class='ocrx_word' id='word_1_861' title='bbox 1801 2656 1905 2684; x_wconf 83' lang='lat' dir='ltr'><strong>videtur</strong></span> 
     </span>
    </p>
   </div>
   <div class='ocr_carea' id='block_1_112' title="bbox 1114 2690 1902 2731">
    <p class='ocr_par' dir='ltr' id='par_1_112' title="bbox 1114 2690 1902 2731">
     <span class='ocr_line' id='line_1_112' title="bbox 1114 2690 1902 2731; baseline 0.016 -15"><span class='ocrx_word' id='word_1_862' title='bbox 1114 2690 1241 2718; x_wconf 91' lang='lat' dir='ltr'><strong>humilius</strong></span> <span class='ocrx_word' id='word_1_863' title='bbox 1253 2691 1324 2727; x_wconf 82' lang='lat' dir='ltr'><strong>loqui</strong></span> <span class='ocrx_word' id='word_1_864' title='bbox 1338 2700 1398 2720; x_wconf 89' lang='lat' dir='ltr'><strong>etntt</strong></span> <span class='ocrx_word' id='word_1_865' title='bbox 1412 2695 1463 2721; x_wconf 88' lang='lat' dir='ltr'><strong>illis</strong></span> <span class='ocrx_word' id='word_1_866' title='bbox 1473 2716 1480 2728; x_wconf 95' lang='lat'><strong>,</strong></span> <span class='ocrx_word' id='word_1_867' title='bbox 1496 2703 1575 2730; x_wconf 91' lang='lat' dir='ltr'><strong>quam</strong></span> <span class='ocrx_word' id='word_1_868' title='bbox 1587 2705 1646 2724; x_wconf 92' lang='lat' dir='ltr'><strong>cum</strong></span> <span class='ocrx_word' id='word_1_869' title='bbox 1664 2699 1724 2727; x_wconf 83' lang='lat' dir='ltr'><strong>aliis</strong></span> <span class='ocrx_word' id='word_1_870' title='bbox 1735 2720 1742 2731; x_wconf 90' lang='lat'><strong>,</strong></span> <span class='ocrx_word' id='word_1_871' title='bbox 1760 2706 1787 2728; x_wconf 89' lang='lat' dir='ltr'><strong>ut</strong></span> <span class='ocrx_word' id='word_1_872' title='bbox 1807 2701 1902 2730; x_wconf 74' lang='lat' dir='ltr'><strong>fa~tuut</strong></span> 
     </span>
    </p>
   </div>
   <div class='ocr_carea' id='block_1_113' title="bbox 1113 2736 1904 2777">
    <p class='ocr_par' dir='ltr' id='par_1_113' title="bbox 1113 2736 1904 2777">
     <span class='ocr_line' id='line_1_113' title="bbox 1113 2736 1904 2777; baseline 0.016 -15"><span class='ocrx_word' id='word_1_873' title='bbox 1113 2736 1219 2764; x_wconf 84' lang='lat' dir='ltr'><strong>illorum</strong></span> <span class='ocrx_word' id='word_1_874' title='bbox 1233 2739 1432 2774; x_wconf 89' lang='lat' dir='ltr'><strong>comprimeret.</strong></span> <span class='ocrx_word' id='word_1_875' title='bbox 1455 2741 1520 2769; x_wconf 92' lang='lat' dir='ltr'><strong>Illud</strong></span> <span class='ocrx_word' id='word_1_876' title='bbox 1540 2750 1621 2777; x_wconf 80' lang='lat' dir='ltr'><strong>ergo,</strong></span> <span class='ocrx_word' id='word_1_877' title='bbox 1641 2744 1762 2773; x_wconf 70' lang='lat' dir='ltr'><strong>Iudicavi</strong></span> <span class='ocrx_word' id='word_1_878' title='bbox 1784 2756 1823 2774; x_wconf 82' lang='lat' dir='ltr'><strong>me</strong></span> <span class='ocrx_word' id='word_1_879' title='bbox 1841 2748 1904 2775; x_wconf 77' lang='lat' dir='ltr'><strong>nihil</strong></span> 
     </span>
    </p>
   </div>
   <div class='ocr_carea' id='block_1_114' title="bbox 1112 2783 1900 2825">
    <p class='ocr_par' dir='ltr' id='par_1_114' title="bbox 1112 2783 1900 2825">
     <span class='ocr_line' id='line_1_114' title="bbox 1112 2783 1900 2825; baseline 0.016 -17"><span class='ocrx_word' id='word_1_880' title='bbox 1112 2783 1192 2816; x_wconf 85' lang='lat' dir='ltr'><strong>scire,</strong></span> <span class='ocrx_word' id='word_1_881' title='bbox 1216 2783 1248 2810; x_wconf 81' lang='lat' dir='ltr'><strong>ad</strong></span> <span class='ocrx_word' id='word_1_882' title='bbox 1277 2783 1454 2813; x_wconf 83' lang='lat' dir='ltr'><strong>dill&#39;erentiam</strong></span> <span class='ocrx_word' id='word_1_883' title='bbox 1479 2792 1597 2816; x_wconf 71' lang='lat' dir='ltr'><strong>externa:</strong></span> <span class='ocrx_word' id='word_1_884' title='bbox 1626 2790 1765 2825; x_wconf 76' lang='lat' dir='ltr'><strong>sapientia:</strong></span> <span class='ocrx_word' id='word_1_885' title='bbox 1794 2792 1900 2821; x_wconf 68' lang='lat' dir='ltr'><strong>dicitur.</strong></span> 
     </span>
    </p>
   </div>
   <div class='ocr_carea' id='block_1_115' title="bbox 1115 2828 1902 2874">
    <p class='ocr_par' dir='ltr' id='par_1_115' title="bbox 1115 2828 1902 2874">
     <span class='ocr_line' id='line_1_115' title="bbox 1115 2828 1902 2874; baseline 0.015 -19"><span class='ocrx_word' id='word_1_886' title='bbox 1115 2828 1172 2856; x_wconf 81' lang='lat' dir='ltr'><strong>Non</strong></span> <span class='ocrx_word' id='word_1_887' title='bbox 1185 2831 1324 2859; x_wconf 81' lang='lat' dir='ltr'><strong>cnnureui</strong></span> <span class='ocrx_word' id='word_1_888' title='bbox 1337 2832 1506 2868; x_wconf 77' lang='lat' dir='ltr'><strong>syllogismos</strong></span> <span class='ocrx_word' id='word_1_889' title='bbox 1518 2838 1902 2874; x_wconf 79' lang='lat' dir='ltr'><strong>nectensnequesophismata,</strong></span> 
     </span>
    </p>
   </div>
  </div>
