2060 3111
129 179 161 207 49
691 174 724 202 IN
745 174 877 202 EPISTJ
904 177 947 204 AB

1004 175 1044 202 Πι-
1067 175 1179 202 ιιοκίιιμ
1202 173 1246 202 Vl.
1734 175 1770 203 50

131 239 212 268 neque
225 231 297 260 aliud
309 232 410 261 dicens
425 234 518 267 vobis,
529 241 606 269 quam
623 232 692 266 quod
706 232 828 259 Christus
840 230 928 259 cruci-

131 281 196 307 ﬁxus
207 280 241 306 sit
264 279 303 306 Illi
317 288 439 316 namque
451 281 589 308 innumera
606 279 720 313 dicunt,
740 283 769 306 et
786 278 821 305 de
842 277 927 305 inuu-

132 325 210 353 meris
223 325 303 360 longa
319 326 467 354 verborum
486 325 571 353 stadia
584 326 731 359 explicant,
743 323 881 351 ratiocinia
901 326 928 349 ct

132 371 300 407 syllogismos
332 377 514 407 apparantcs,
538 372 619 398 millia
644 370 807 396 adornantes
836 367 928 402 sophi-

133 422 217 444 smata
234 425 240 443 :
258 425 309 451 ego
325 422 417 444 autem
437 418 497 444 veni
517 417 549 443 ad
576 423 624 443 vos
647 415 713 442 nihil
735 414 807 441 aliud
826 413 927 445 dicens,

133 470 210 498 quam
231 463 306 497 quod
330 462 456 489 Christus
479 461 626 489 cruciﬁxus
648 462 702 493 sit,
721 465 748 488 et
763 460 822 487 illos
837 466 932 486 omnes

135 508 304 542 propulsari,
316 507 389 542 quod
406 507 510 535 virtutis
523 509 582 541 ejus
593 515 637 542 qur
652 507 812 542 prwdicatur
826 505 931 540 signum

134 559 175 581 est
185 553 335 581 ineffabile.
349 555 377 582 5.
394 553 427 581 Et
439 563 485 588 ego
497 555 523 580 in
538 554 687 588 inﬁrmitate
698 558 721 579 et
735 553 761 578 in
776 553 864 579 timore
872 556 894 578 et
906 551 935 578 in.

137 606 244 627 tremore
259 600 340 627 multo
352 601 391 636 fui
402 601 473 635 apud
486 609 539 628 vos.
554 600 609 627 lloe
632 605 672 627 est
690 607 783 627 rursus
795 598 867 626 aliud
886 605 931 625 ca-

138 651 192 681 put.
210 646 270 674 Non
286 647 373 673 solum
389 648 460 674 enim
478 647 522 681 qui
541 646 686 674 credebant
707 645 824 678 indocti,
847 651 934 678 neque

137 693 225 719 solunr
241 693 264 719 is
282 693 326 728 qtri
342 693 459 728 loquitur
479 692 577 724 idiota,
599 699 686 726 neque
708 695 811 718 tantum
837 689 934 717 modus

139 739 271 766 doctrina:
285 745 326 766 est
342 738 492 773 ignorantia
509 738 620 773 plenus,
642 745 731 772 neque
754 741 855 763 tantum
878 736 934 770 ipsa

141 785 297 819 praaliczttio
320 785 385 811 satis
406 789 449 812 est
473 784 506 811 ad
530 783 760 815 conturlntndurn;
781 790 846 809 crux
863 782 935 809 erriru

141 835 169 857 ct
183 837 257 857 mors
272 835 329 857 erat
343 829 415 864 quod
430 829 641 857 arnurrtiabatur
658 838 664 856 :
681 828 728 855 sed
741 835 800 854 cum
822 828 862 855 his
885 827 935 854 alia

143 884 253 911 quoque
267 876 458 910 irupediurenta
473 880 559 907 erant,
576 875 693 909 pericula
705 895 712 907 ,
736 874 839 901 insidia:
850 894 858 906 ,
873 881 939 908 quo-

146 923 264 949 tidianus
287 923 382 954 timor,
405 926 432 949 et
456 921 527 957 quod
555 921 727 956 pellerentur.
756 919 938 947 Inﬁrmitatem

146 975 265 1002 namque
288 968 369 994 etiam
394 975 466 1002 δωρο
490 971 566 993 vocat
585 966 838 1001 persequutioucrn,
861 969 889 991 ut
913 969 942 991 et

145 1014 208 1041 alibi
226 1024 232 1040 :
249 1013 444 1046 Inﬁrmitatem,
456 1020 514 1047 qua:
529 1017 570 1040 est
583 1012 609 1039 in
619 1019 698 1039 carne
707 1019 776 1044 mea,
787 1019 838 1037 non
848 1017 940 1045 asper-

147 1061 203 1088 nati
229 1060 295 1087 estis
320 1059 396 1094 (σαι.
413 1059 441 1086 4.
462 1059 504 1086 15.
522 1058 588 1093 H);
608 1062 635 1085 et
657 1065 766 1087 rursus,
785 1057 814 1084 Si
838 1055 943 1092 gloriari

148 1111 246 1139 oportet
256 1126 263 1136 ,
278 1105 303 1130 in
317 1105 465 1138 inﬁrmitate
478 1112 532 1130 mea
544 1102 683 1138 gloriabor.
706 1101 847 1135 Quanam?
867 1100 942 1128 Prw-

150 1151 247 1185 positus
259 1150 340 1184 gentis
361 1150 445 1176 Arata:
468 1149 533 1184 regis
549 1148 763 1175 Damascenorum
786 1147 873 1174 urbem
899 1155 944 1173 cu-

150 1196 285 1228 stodiebat,
301 1195 385 1221 valens
398 1203 437 1221 me
447 1194 658 1229 comprehendere
668 1193 711 1228 (2.
726 1193 785 1221 Cor.
806 1194 850 1220 Η.
870 1193 905 1220 50
923 1197 945 1219 et

151 1241 186 1268 52
198 1243 218 1275 ).
236 1241 270 1268 Et
285 1249 389 1268 rursum
407 1249 413 1267 :
428 1240 492 1267 Ideo
505 1240 566 1267 mihi
586 1240 673 1275 placeo
695 1241 722 1266 in
743 1238 945 1273 inﬁrmitatibus.

155 1287 258 1318 Deinde
272 1288 365 1314 dicens
380 1286 550 1321 quibusnam,
562 1285 698 1320 subjunxit
712 1294 720 1312 ι
733 1285 764 1311 In
779 1284 946 1316 contumeliis,

154 1334 180 1361 in
204 1333 392 1360 necessitatibus
425 1337 447 1359 et
474 1333 501 1359 in
524 1332 646 1368 angustiis
671 1330 740 1367 (Id.
762 1329 887 1365 l2.10).
916 1329 950 1356 Ει

158 1389 228 1408 nunc
253 1380 304 1407 hoc
326 1381 412 1414 ipsum
435 1378 560 1415 profert:
579 1386 641 1406 cum
664 1378 775 1405 dixisset
800 1377 892 1409 enim,
915 1375 950 1402 Et

158 1435 203 1462 ego
228 1427 254 1452 in
279 1426 443 1461 infirmitate;
463 1419 526 1452 non-
542 1425 586 1452 hic
611 1424 745 1456 substitit,
764 1423 811 1451 sed
839 1421 952 1449 inﬁrmi-

159 1477 240 1499 tatem
263 1471 402 1506 expiicans
413 1492 420 1504 ,
435 1471 551 1506 pericula
568 1475 643 1497 vocat
657 1478 663 1496 :
680 1477 772 1496 rursus
790 1468 881 1503 adjicit
892 1488 900 1500 ,
919 1467 952 1494 In

159 1518 249 1544 timore
261 1522 285 1544 et
296 1522 402 1544 tremore
415 1517 495 1544 multo
509 1517 548 1553 [ui
561 1516 631 1551 apud
638 1524 690 1542 vos.
706 1515 774 1548 Quid
785 1513 871 1541 dicis?
887 1513 954 1541 [’au—

161 1564 203 1591 lus
216 1571 323 1598 quoque
337 1563 447 1590 timebat
462 1562 597 1597 pericula?
609 1562 732 1589 Tunebat
746 1565 773 1588 et
787 1560 863 1587 valde
878 1561 956 1586 time-

162 1610 206 1637 bat
221 1619 228 1636 :
242 1609 345 1637 etiamsi
364 1610 434 1636 enirn
451 1609 547 1636 l’auhts
561 1613 633 1636 esset
644 1630 651 1641 ,
667 1613 693 1635 at
707 1607 787 1635 homo
808 1611 875 1634 erat.
900 1606 955 1634 lloc

162 1662 251 1684 autent
265 1663 318 1682 non
332 1660 389 1683 erat
402 1655 475 1682 Pauli
489 1655 602 1688 crimen,
618 1654 665 1681 sed
688 1653 828 1681 inﬁrmitas
843 1656 956 1685 natura).

164 1709 190 1729 et
205 1702 332 1736 propositi
344 1702 514 1733 enconrimu,
530 1701 600 1736 qrtod
621 1705 733 1728 mortetn
754 1704 782 1728 et
806 1700 895 1734 plagas
922 1699 957 1725 ti-

165 1756 258 1781 mens,
280 1748 345 1775 nihil
368 1752 456 1774 tamen
482 1747 617 1782 indignum
633 1755 664 1774 ex
681 1747 777 1774 timore
792 1745 884 1773 fecerit
900 1753 906 1771 :
922 1744 957 1772 ita

166 1800 191 1821 ut
204 1794 248 1830 qni
264 1794 356 1821 dicunt
371 1794 444 1820 illum
461 1801 512 1821 non
529 1793 650 1820 timuisse
671 1793 696 1827 pl
708 1799 778 1827 igas,
803 1799 855 1818 non
879 1791 959 1818 modo

166 1841 240 1868 illum
258 1848 310 1868 non
328 1839 479 1872 honorent,
495 1838 541 1866 scd
556 1842 583 1866 et
598 1838 708 1865 multum
722 1845 755 1865 ex
768 1836 891 1864 laudibus
913 1835 960 1864 de-

166 1891 251 1913 mant.
267 1885 333 1912 Nam
345 1885 366 1911 si
383 1893 434 1911 non
451 1884 579 1915 timebat,
593 1891 653 1919 qua!
668 1882 880 1918 perseverantia,
900 1889 960 1916 qua:

167 1932 336 1967 philosophia
350 1932 376 1959 in
393 1930 508 1959 ferendis
522 1930 662 1965 periculis?
674 1930 727 1964 ligo
739 1937 803 1956 vero
814 1929 874 1955 ideo
888 1928 960 1954 illum

167 1978 299 2011 admiror,
315 1977 384 2013 quod
402 1978 517 2009 timens.
532 1984 582 2004 nec
595 1977 675 2003 modo
699 1977 811 2007 timens,
834 1974 880 2002 scd
909 1979 962 2002 tre-

169 2033 247 2052 rnrns
274 2025 301 2052 in
327 2024 470 2059 periculis,
485 2031 592 2058 semper
614 2023 732 2051 cucurr-it
755 2027 917 2053 coronatus,
935 2026 962 2048 et

170 2070 237 2097 nulli
259 2070 342 2096 cessit
364 2069 501 2104 periculo,
521 2077 670 2103 expurgans
688 2068 795 2100 orbem,
820 2073 848 2094 et
867 2067 964 2100 ubique

173 2121 304 2143 terrarum
319 2120 344 2142 t'l
358 2115 471 2142 marium
486 2115 701 2149 praidicationem
714 2113 859 2141 seminans.
882 2113 910 2140 4.
932 2111 964 2139 Ει

171 2169 254 2189 sermo
269 2170 337 2188 meus
351 2166 373 2188 et
387 2161 533 2196 praedicatio
550 2169 603 2187 utea
628 2169 678 2188 non
700 2159 906 2195 persuasibilibus
919 2158 966 2185 Iut-

173 2215 256 2235 rnauo:
276 2208 407 2243 sapientia:
436 2208 528 2238 verbis,
541 2206 566 2235 id
580 2211 631 2240 est,
644 2215 696 2234 nun
713 2207 816 2235 habens
829 2212 965 2234 externarrr

174 2253 343 2288 sapientiam.
359 2253 386 2281 Si
400 2254 481 2288 igitur
494 2258 519 2280 et
541 2252 694 2288 prmdicatio
720 2252 785 2280 nihil
807 2253 899 2279 habuit
923 2259 968 2278 so-

174 2299 295 2334 phistieze
309 2299 383 2329 artis,
396 2303 422 2326 et
435 2299 479 2333 qui
506 2298 669 2325 vocabantur
695 2298 801 2330 idiotat,
828 2302 855 2325 et
879 2297 900 2324 is
922 2297 967 2331 qui

175 2344 337 2380 pnedicabat
352 2344 411 2372 talis
428 2348 501 2375 erat,
517 2343 661 2378 aderatque
675 2344 845 2378 persequutio
858 2364 865 2376 ,
886 2347 912 2369 ct
936 2342 969 2368 ti-

175 2398 234 2418 ruor
246 2395 273 2417 et
289 2395 399 2423 tremor,
416 2390 551 2425 quoruodo
565 2391 745 2425 superarunt?
761 2389 805 2416 dic
820 2389 893 2416 mihi.
918 2389 969 2416 Per

179 2436 296 2464 divinam
322 2437 462 2463 virtutem.
486 2435 548 2464 Ideo
571 2444 632 2463 cum
658 2435 785 2467 dixisset,
816 2435 923 2462 Verbum
945 2441 969 2462 et

178 2483 324 2516 prmdicutio
350 2491 407 2510 mea
431 2491 482 2510 non
503 2484 528 2510 in
556 2483 762 2517 persuasibilibus
784 2482 902 2508 humana:
925 2490 969 2509 srr-

178 2530 279 2564 picntiw
291 2529 508 2564 verbiuadjecit,
525 2529 577 2556 Sed
597 2529 624 2556 in
646 2529 786 2555 ostensione
809 2528 922 2563 Spiritus
946 2532 969 2554 ct

178 2577 286 2603 virtutis.

212 2621 239 2648 2.
248 2621 341 2650 Viden’
351 2621 488 2657 quomodo
495 2622 565 2656 quod
577 2622 686 2649 stultum
700 2626 740 2649 est
754 2621 811 2654 Dei,
824 2621 970 2655 sapientius

177 2668 212 2695 sit
236 2668 409 2701 hominibus;
434 2673 461 2696 et
483 2668 553 2703 quod
580 2668 732 2701 inﬁrmum,
752 2667 864 2695 fortius?
880 2667 970 2694 ldiota:

179 2714 234 2741 hau:
249 2714 446 2749 praedicantes,
463 2715 543 2741 vincti
558 2720 585 2742 et
599 2715 685 2749 pulsi,
709 2715 838 2749 pollentes
862 2721 890 2741 se
912 2713 970 2740 virt-

178 2760 290 2788 ecbaut?
307 2759 471 2788 Undenam?
485 2760 580 2787 Annon
596 2768 629 2788 ex
643 2768 685 2793 eo,
702 2760 772 2795 quod
790 2760 969 2794 perSpir-iturn

178 2806 254 2833 ﬁdem
271 2806 447 2840 prtehcrent?
463 2813 522 2832 aaut
538 2806 563 2832 in
579 2806 704 2833 confesso
724 2813 764 2834 est
789 2807 839 2834 hoc
861 2810 972 2835 demon-

178 2852 333 2879 strationem
346 2859 419 2879 es:e.
432 2851 497 2884 Quis
507 2852 577 2878 enim
591 2873 597 2884 ,
612 2859 702 2886 qua-so
715 2873 722 2879 .
737 2853 829 2880 videns
852 2859 971 2880 mortuos

178 2903 344 2933 resurgentes
359 2903 386 2925 et
403 2897 541 2926 daemonas
556 2897 659 2934 pulsos,
675 2906 728 2927 non
743 2899 898 2927 admiserit?
915 2899 968 2928 Sed

979 230 1041 264 quia
1056 236 1118 258 sunt
1129 230 1334 271 etiarn‘tallaces
1350 227 1461 256 virtutes
1472 249 1480 262 ,
1499 229 1592 264 quales
1620 233 1771 267 prtestigia-

980 280 1067 303 torum
1078 296 1085 306 .
1101 275 1169 303 hanc
1183 283 1289 311 quoque
1300 276 1407 303 sustulit
1420 276 1610 311 suspicionem.
1626 278 1685 305 Non
1698 277 1771 305 enim

981 321 1105 348 virtutem
1121 321 1188 348 dixit
1207 322 1294 349 solum
1306 342 1314 354 ,
1330 321 1378 349 sed
1393 322 1481 357 prius,
1497 322 1611 358 Spiritu:
1624 344 1632 356 ,
1648 329 1676 351 et
1689 329 1751 351 tunc
1763 346 1771 354 .

985 367 1093 395 Virtutis
1107 375 1116 394 :
1128 368 1273 395 ostendens
1287 376 1318 396 ea
1329 377 1389 404 qua:
1410 369 1508 396 ﬁebant
1528 370 1675 404 spiritualia
1701 378 1772 398 esse.

981 412 1040 440 Non
1055 421 1119 448 ergo
1134 414 1283 441 imminutio
1296 420 1356 448 est,
1376 415 1447 450 quod
1473 417 1626 450 prsedicatio
1648 424 1700 444 nou
1726 424 1774 452 per

982 460 1140 494 sapientiam
1153 461 1308 487 annuntiata
1327 462 1378 494 sit.
1393 461 1441 489 sed
1462 463 1606 489 maximum
1628 470 1775 490 armamen-

984 510 1051 533 tutn.
1068 505 1124 533 lloc
1137 514 1200 541 ergo
1216 507 1332 534 maxime
1346 507 1530 538 demonstrat.
1546 516 1604 536 eam
1625 516 1686 536 esse
1707 509 1776 536 divi-

984 559 1062 584 natn,
1077 556 1103 578 et
1117 552 1221 579 radices
1235 560 1295 579 esse
1310 560 1442 587 supernas
1454 561 1488 580 ex
1502 554 1575 581 ezelis
1589 562 1595 580 :
1611 559 1778 589 quapropter

984 598 1121 632 subjrmttit
1136 607 1142 625 :
1157 598 1181 625 5.
1201 598 1234 625 Ut
1245 599 1307 632 ﬁdes
1320 604 1401 626 uestra
1414 607 1464 626 non
1480 600 1513 626 sit
1531 601 1557 626 in
1579 601 1706 636 sapientia
1728 601 1777 628 hoc

985 646 1081 672 miuum
1091 665 1098 676 ,
1113 645 1157 672 sed
1168 645 1194 672 in
1205 646 1295 672 uirtute
1310 645 1365 672 Dei.
1384 645 1476 672 Yideu‘
1489 646 1623 681 quomodo
1643 648 1715 675 clare
1729 654 1778 682 per

985 691 1075 718 omnia
1090 690 1232 722 ostendat.
1248 698 1374 725 magnum
1394 699 1454 718 esse
1474 691 1577 718 lucrum
1600 692 1776 726 ignorantiae,

987 741 1014 764 et
1038 745 1162 772 magnum
1185 737 1324 771 sapientiae
1346 737 1484 764 damnum.
1511 737 1576 765 Nam
1597 739 1654 766 ha-e
1673 738 1784 772 quidem-

989 783 1072 817 ipsius
1085 790 1192 810 crrrcern
1206 803 1214 815 ,
1230 783 1273 810 illa
1287 791 1352 810 vero
1376 783 1422 810 Dei
1449 784 1574 810 virtutem
1602 783 1780 818 pra-dimdiat;

990 827 1047 855 lucc
1059 828 1210 861 efﬁciebat,
1224 833 1253 855 ut
1265 829 1329 855 nihil
1345 830 1496 856 invenirent
1507 837 1601 857 eorum
1623 837 1682 863 qua:
1700 837 1780 864 opor-
1809 819 1815 827 ’

991 874 1100 907 tuisset,
1113 880 1140 901 et
1155 875 1180 901 in
1193 874 1289 910 seipsis
1302 875 1499 909 gloriarentur;
1524 876 1568 902 illa
1591 881 1620 902 ut
1639 876 1781 903 veritatem

991 921 1158 954 susciperent
1174 925 1200 947 et
1215 921 1241 947 in
1257 921 1311 947 Deo
1325 921 1514 955 gloriarentur.
1530 922 1631 948 ltursns
1650 921 1782 955 sapientia

992 967 1083 994 multis
1095 967 1271 1002 perSuasisset
1281 988 1287 998 .
1303 972 1331 994 ut
1343 967 1488 995 humanum
1503 976 1563 995 esse
1576 968 1674 1002 dogma
1695 967 1784 1002 suspi-

993 1020 1137 1046 carentur;
1155 1014 1210 1041 hate
1221 1022 1286 1041 vero
1297 1015 1368 1042 clare
1379 1014 1534 1042 ostendebat
1545 1035 1553 1047 ,
1574 1014 1691 1042 divinam
1713 1014 1784 1040 illam

995 1067 1054 1087 esse
1069 1065 1096 1087 et
1109 1067 1141 1087 ex
1157 1061 1222 1087 earlo
1236 1060 1418 1087 descendisse.
1433 1060 1501 1087 Cum
1523 1068 1587 1095 ergo
1611 1061 1636 1087 iu
1657 1060 1785 1094 sapientia

996 1105 1140 1132 verborum
1155 1106 1183 1132 lit
1195 1105 1404 1139 demonstratio,
1419 1113 1491 1140 saepe
1504 1105 1681 1132 modestiores
1704 1113 1788 1139 supe-

997 1155 1089 1178 rantur
1102 1159 1116 1178 a
1133 1151 1285 1185 pejoribus,
1301 1151 1362 1185 quia
1385 1151 1477 1186 majori
1501 1151 1607 1178 dicendi
1631 1151 1656 1177 vi
1685 1150 1788 1185 praediti

997 1196 1103 1232 pejores
1122 1201 1201 1228 sunt,
1224 1202 1251 1223 et
1276 1196 1444 1224 mendacium
1465 1197 1539 1232 pellit
1563 1197 1713 1224 veritatem.
1742 1197 1790 1223 llic

997 1248 1086 1270 autem
1101 1250 1154 1270 non
1169 1243 1209 1270 sic
1228 1252 1233 1268 :
1251 1251 1338 1277 neque
1351 1243 1421 1270 enim
1444 1243 1469 1270 in
1489 1243 1651 1270 immundam
1675 1243 1789 1270 animam

1000 1290 1147 1324 ingreditur
1160 1289 1276 1324 Spiritus
1289 1295 1396 1316 Sanctus
1409 1310 1416 1321 ,
1441 1295 1467 1317 et
1489 1289 1626 1323 iugresms
1647 1296 1791 1323 numquam

1001 1340 1089 1369 potest
1103 1336 1241 1370 superari,
1258 1336 1363 1363 etiamsi
1384 1335 1488 1363 invadat
1504 1336 1592 1363 omnis
1612 1335 1717 1362 dicendi
1740 1335 1791 1361 vis.

1002 1381 1067 1408 Nam
1083 1381 1278 1409 demonstratio
1292 1389 1339 1416 per
1352 1389 1432 1416 opt-ra
1447 1387 1474 1408 et
1486 1388 1534 1415 per
1548 1381 1622 1414 signa
1642 1381 1719 1415 longe
1739 1380 1794 1406 cla-

1003 1429 1058 1455 rior
1071 1432 1113 1455 cst
1127 1427 1170 1454 illa
1184 1447 1191 1459 ,
1207 1435 1266 1461 qua:
1281 1427 1310 1454 ﬁt
1324 1435 1371 1461 per
1387 1427 1478 1453 verba.
1494 1428 1528 1453 At
1551 1426 1657 1454 illorum
1681 1425 1795 1452 fortasse

1003 1473 1135 1507 qni~piant
1150 1472 1257 1505 dixerit,
1272 1473 1294 1499 si
1311 1472 1526 1506 prmtlicationern
1542 1472 1649 1499 vincere
1661 1476 1794 1506 oporteat,

1004 1524 1028 1546 et
1045 1519 1197 1554 eloquentia
1208 1527 1275 1554 optrs
1290 1526 1343 1546 non
1359 1518 1438 1545 habet
1452 1521 1480 1544 ut
1493 1526 1526 1544 ne
1539 1525 1602 1544 crux
1617 1517 1795 1549 exinaniatur.

1005 1572 1088 1599 quare
1107 1564 1181 1599 signa
1204 1571 1274 1590 rmnc
1297 1563 1453 1591 cessarunt?
1476 1563 1584 1597 Quare?
1610 1562 1800 1589 lneredulusne

1008 1610 1059 1637 hoc
1073 1610 1141 1637 dicis
1151 1630 1158 1642 ,
1174 1617 1222 1636 ncc
1235 1609 1355 1637 admittis
1371 1609 1414 1635 illa
1431 1608 1500 1635 facta
1515 1608 1597 1635 fuisse
1618 1608 1801 1642 apostolorum

1009 1661 1128 1690 tempore
1140 1676 1148 1688 ,
1163 1663 1196 1682 an
1211 1662 1274 1682 vere
1288 1654 1339 1683 hoc
1356 1654 1477 1682 ediscere
1498 1654 1640 1688 qu:rrens?
1664 1653 1692 1680 Si
1715 1653 1802 1680 incre-

1008 1702 1088 1730 dulus
1100 1701 1174 1728 dicas
1186 1721 1193 1733 ,
1209 1700 1237 1727 in
1249 1707 1283 1727 eo
1297 1700 1411 1734 primum
1427 1699 1600 1726 irnrnorabor.
1615 1699 1642 1729 Si
1654 1699 1725 1726 enim
1739 1704 1802 1725 tunc

1010 1756 1063 1775 non
1084 1747 1151 1774 facta
1172 1751 1234 1774 sunt
1248 1747 1322 1782 signa
1335 1767 1344 1779 ,
1356 1745 1489 1781 quomodo
1502 1745 1569 1780 pulsi
1580 1765 1587 1778 ,
1614 1745 1700 1772 vexati
1711 1765 1718 1778 ,
1745 1750 1800 1771 tre-

1011 1799 1115 1822 mentes
1126 1814 1133 1827 ,
1150 1794 1241 1826 vincti,
1256 1797 1283 1820 et
1297 1800 1452 1820 communes
1464 1793 1537 1820 orbis
1552 1792 1643 1820 hostes
1658 1792 1730 1824 facti,
1745 1799 1804 1819 our-

1012 1841 1143 1876 nibusque
1156 1839 1188 1867 ad
1201 1840 1270 1867 male
1285 1839 1437 1874 patiendum
1450 1840 1574 1873 expositi,
1591 1838 1655 1866 nihil
1670 1846 1702 1866 cx
1715 1846 1744 1865 se
1757 1838 1805 1865 hac

1013 1887 1107 1914 bcntes
1120 1885 1340 1920 quodalliceret,
1355 1892 1407 1912 non
1421 1884 1616 1919 efoquentiam,
1639 1892 1693 1911 non
1715 1884 1805 1918 splen-

1013 1931 1105 1960 dorem
1117 1952 1125 1964 ,
1140 1939 1193 1958 non
1208 1931 1330 1963 divitias,
1346 1938 1399 1957 nort
1415 1930 1525 1963 urbem,
1542 1938 1595 1957 non
1608 1933 1716 1964 gentem
1727 1950 1733 1960 ,
1749 1937 1807 1956 nurr

1014 1984 1109 2013 genus,
1122 1984 1174 2004 non
1189 1976 1355 2007 exercitium.
1372 1983 1424 2003 non
1436 1976 1559 2010 gloriam.
1575 1983 1627 2002 non
1642 1975 1713 2001 aliud
1726 1975 1807 2010 quid—

1017 2025 1086 2058 piant
1104 2023 1211 2055 simile;
1225 2022 1271 2049 sed
1286 2022 1375 2049 omnia
1389 2021 1533 2053 contraria.
1549 2020 1736 2054 ignorantiam,
1748 2020 1807 2047 viii-

1017 2074 1109 2101 tatern,
1125 2073 1321 2104 paupertatem,
1334 2067 1424 2095 odium
1435 2089 1442 2101 ,
1460 2067 1642 2100 inimicitiam,
1666 2071 1693 2094 et
1714 2072 1811 2093 corum

1017 2116 1130 2151 pupulas
1144 2115 1262 2149 integros
1277 2118 1388 2147 stantes,
1405 2114 1520 2150 taliaque
1532 2113 1735 2145 annuutiautes,
1749 2120 1809 2148 per-

1017 2162 1184 2190 suadebant?
1196 2161 1261 2189 Nam
1271 2167 1404 2196 prmeepta
1417 2161 1528 2188 multum
1542 2161 1660 2188 laborem
1675 2159 1809 2187 habebant

1018 2213 1046 2236 et
1055 2209 1178 2243 dogmata
1193 2207 1318 2243 periculis
1328 2207 1405 2242 plena
1417 2213 1493 2235 erant
1508 2217 1515 2235 :
1530 2214 1560 2235 ac
1572 2207 1615 2240 qui
1628 2206 1770 2233 audiebant
1781 2210 1808 2233 et

1020 2253 1197 2288 persuadendi
1225 2258 1322 2285 erant,
1349 2252 1376 2280 itt
1399 2253 1519 2286 deliciis,
1535 2252 1665 2279 ebrietate
1679 2257 1706 2279 et
1719 2252 1810 2279 ntultis

1020 2301 1091 2328 vitiis
1103 2304 1180 2327 erant
1204 2299 1320 2327 educati.
1345 2299 1439 2332 Unde,
1464 2306 1575 2334 qua-so,
1599 2297 1811 2333 persuaserunt?

1021 2346 1092 2374 unde
1106 2346 1157 2373 fide
1170 2345 1241 2380 digni
1257 2345 1354 2372 erant?
1369 2345 1433 2371 Nam
1447 2365 1454 2376 ,
1470 2349 1498 2371 ιιι
1515 2345 1568 2378 jam
1585 2344 1639 2371 dixi
1652 2364 1659 2376 ,
1673 2344 1695 2370 si
1710 2343 1811 2378 absque

1021 2391 1103 2426 signis
1113 2394 1312 2425 persuaserunt,
1328 2390 1411 2416 multo
1426 2390 1511 2424 majus
1525 2389 1627 2416 videtur
1642 2389 1811 2416 miraculum;

1021 2437 1060 2465 Ne
1075 2438 1164 2472 itaque
1179 2445 1209 2464 ex
1224 2445 1272 2469 eo,
1289 2437 1359 2471 quod
1373 2444 1444 2463 rtttnc
1455 2436 1528 2471 signa
1551 2444 1604 2463 non
1629 2436 1709 2469 ﬁant,
1734 2443 1814 2471 argu-

1022 2489 1140 2511 mentum
1157 2483 1239 2510 ducas
1255 2489 1317 2510 tunc
1330 2483 1411 2510 etiam
1432 2490 1483 2509 non
1504 2482 1598 2511 fuisse.
1620 2482 1725 2509 Etenim
1748 2486 1813 2509 tunc

1022 2531 1122 2558 utiliter
1137 2530 1250 2560 ﬁebant.
1267 2534 1295 2556 et
1308 2537 1379 2556 nune
1392 2529 1493 2556 utiliter
1506 2537 1560 2556 non
1583 2529 1659 2557 fiunt.
1683 2529 1742 2556 Non
1767 2537 1815 2556 ne-

1023 2576 1140 2603 cessario
1164 2576 1283 2610 sequitur
1294 2579 1382 2602 autem
1396 2583 1428 2602 cx
1443 2582 1475 2602 eo
1489 2575 1559 2610 quod
1577 2583 1646 2602 ntmc
1657 2575 1739 2603 verbo
1755 2579 1815 2601 tarr-

1024 2627 1079 2650 tum
1094 2622 1230 2655 suadetur,
1245 2629 1315 2649 nrrnc
1329 2622 1353 2648 iu
1365 2622 1495 2657 sapientia
1511 2621 1727 2656 pra'dicationem
1743 2629 1814 2648 esse.

1024 2670 1089 2697 Nam
1115 2670 1158 2704 qui
1182 2669 1215 2696 ab
1240 2669 1315 2696 initio
1338 2669 1446 2695 verbum
1475 2669 1659 2701 scminabunt,
1681 2667 1770 2695 idiottu
1789 2672 1816 2694 et

1025 2716 1124 2744 indocti
1139 2720 1229 2747 crant,
1247 2720 1273 2742 et
1288 2716 1352 2742 nihil
1368 2724 1398 2742 ex
1413 2723 1442 2742 se
1456 2715 1596 2747 dicebant,
1608 2715 1654 2742 sed
1666 2722 1725 2749 qua:
1735 2721 1814 2740 acce-

1025 2767 1119 2796 perant
1132 2770 1145 2788 a
1162 2762 1232 2794 nco,
1249 2761 1304 2788 lucc
1318 2761 1374 2788 orbt
1391 2767 1520 2788 terrarum
1536 2761 1666 2787 dederunt
1689 2767 1695 2785 :
1716 2763 1743 2786 et
1766 2766 1815 2786 nos

1025 2808 1074 2842 ipsi
1090 2815 1174 2838 nunc,
1192 2815 1244 2833 non
1258 2814 1316 2841 qum
1332 2814 1346 2832 a
1361 2807 1438 2833 nobis
1452 2811 1511 2833 sunt
1528 2806 1656 2832 tradimus
1668 2824 1676 2837 ,
1692 2804 1737 2831 sed
1754 2812 1814 2839 qua:

1025 2854 1059 2881 ab
1082 2854 1145 2888 ipsis
1165 2854 1333 2887 accepimus,
1357 2853 1413 2880 iure
1438 2854 1562 2880 omnibus
1584 2852 1706 2879 dicimus.
1724 2850 1816 2885 Neque

1028 2907 1098 2927 nunc
1113 2900 1275 2935 syllogismis
1288 2899 1497 2935 persuademus;
1516 2898 1562 2926 sed
1584 2906 1616 2926 ex
1631 2897 1726 2925 divinis
1742 2893 1815 2922 Scri-
