2060 3111
161 139 193 168 53
689 137 721 167 IN
741 138 850 166 EPIST.
871 137 882 164 Ι
914 137 958 164 AD

1013 135 1058 164 ιιι.
1078 136 1193 164 IIOMIL.
1216 137 1270 165 ΠΙ.
1763 144 1800 172 δι

158 207 214 236 qua:
222 197 342 232 habebnt,
355 197 454 225 dicebat
462 206 514 225 me
522 196 653 233 proprium
662 206 670 230 ;
681 197 725 224 sed
736 196 859 224 habebant
870 196 956 223 omnia

160 245 321 276 communia,
339 249 364 270 et
383 243 541 270 dividebatur
560 243 668 278 singulis
692 247 765 277 prout
783 243 873 276 cuique
893 250 957 277 opus

160 295 212 316 erat
228 289 297 324 (Act.
315 290 344 317 4.
358 289 404 317 32.
420 290 484 324 35);
499 294 526 316 et
539 289 620 316 vitam
635 290 749 324 agebant
759 289 916 324 angelicam.
928 288 957 315 Si

161 342 230 361 nunc
248 334 282 360 ita
303 334 369 368 ﬁat,
391 339 476 362 totum
489 334 581 361 orbem
596 335 698 369 absque
717 335 800 369 signis
814 340 941 361 converte

161 387 228 407 ntus.
252 380 362 407 lntcrint
386 389 471 414 vero,
492 381 536 416 qui
559 381 652 408 volunt
674 381 788 408 salutem
809 381 955 416 coaseqni,

160 426 300 452 attendant
324 426 469 461 Scriptttris
482 435 487 452 :
501 426 556 453 illic
575 427 647 453 ettim
670 426 727 453 lucc
742 427 871 461 prteclarc
883 431 956 461 gesta

159 472 296 512 invenient
307 493 316 504 ,
339 477 420 507 atque
443 472 484 499 itis
499 472 578 508 longe
595 473 680 507 plura.
695 472 759 500 Nam
775 473 824 508 ipsi
839 471 957 507 magistri

161 519 238 552 longe
262 518 306 545 illa
320 518 499 553 superabant,
516 518 542 545 in
554 518 622 545 fame
636 523 662 545 et
678 518 722 545 siti
736 522 763 544 et
776 517 896 544 nuditate
909 518 956 544 de-

160 570 264 599 gentes.
281 565 335 592 l\'os
350 570 439 592 autem
453 564 577 591 volumus
592 564 682 591 tttultis
698 564 748 591 frui
762 564 875 596 deliciis,
888 564 956 590 olio-

158 618 211 645 qtte
223 618 255 637 ac
271 609 389 638 licentia.
406 611 441 636 At
455 618 507 637 non
522 610 578 640 illi;
593 610 647 637 imo
659 610 827 636 clamabant:
839 609 879 636 Att
892 610 956 636 hunc

159 664 238 688 Itaque
254 656 343 682 horam
356 656 481 682 esurimus
496 660 520 682 et
533 655 642 687 sitiutus,
658 659 681 680 et
697 654 759 681 undi
775 662 863 681 sumus
879 659 902 679 et
915 662 957 680 t0-

160 701 245 737 lnpitis
260 701 394 735 credimur,
409 707 432 727 et
448 701 576 728 instabiles
590 709 676 727 sumus
689 701 728 735 (l.
741 699 798 727 Cor.
811 700 838 727 ι.
853 700 906 735 ll).
925 699 956 726 Et

160 749 228 774 alius
242 747 351 783 qttidem
367 755 381 773 a
395 747 561 782 Jerosolyma
577 754 661 781 usque
673 747 706 773 ad
721 746 854 781 Illyricum
864 753 955 774 curre-

161 793 221 823 bat;
244 793 313 820 alius
328 793 355 820 in
369 792 510 824 Indorum,
531 791 600 818 alius
623 791 650 818 itt
672 791 823 818 Maurorum
840 795 953 823 terram,

161 839 230 866 alius
241 838 274 866 ad
287 839 353 866 alias
365 843 454 873 partes
467 838 539 865 orbis
552 847 558 864 :
572 845 620 865 nos
631 842 720 865 autem
733 845 766 865 ne
777 845 790 864 a
804 838 886 872 patria
898 838 957 871 qui-

160 886 222 913 dem
235 885 326 920 egredi
338 884 480 918 audemus,
495 884 541 912 sed
555 883 666 911 delicias
678 884 822 918 qua-rimus
833 883 957 918 aedesque

161 930 325 962 splendidas,
337 935 365 957 et
375 930 453 956 aliam
465 937 572 956 omnem
584 937 672 961 rerum
683 928 799 963 copiam.
811 928 876 961 Quis
886 929 955 955 enim

160 981 281 1003 no~trum
297 976 409 1003 esurivit
424 983 548 1010 umquam
566 980 674 1010 propter
687 975 796 1001 verbum
813 974 877 1001 Dei?
897 975 956 1008 quis

162 1021 187 1048 itt
209 1021 354 1049 solitudine
369 1021 436 1048 fuit?
450 1021 511 1056 quis
534 1021 612 1055 longe
628 1020 813 1055 peregrinatus
826 1020 883 1046 est?
897 1020 956 1054 quis

160 1075 192 1094 ex
208 1066 363 1094 doctoribus
383 1074 417 1093 ex
431 1066 523 1093 labore
538 1073 666 1092 tnanuum
684 1065 785 1096 vivens,
802 1065 862 1092 aliis
877 1072 955 1099 opem

161 1112 218 1140 tulit
231 1112 243 1138 ?
267 1111 328 1147 quis
343 1116 457 1139 mortem
471 1111 597 1139 sustinuit
618 1111 818 1146 quotidianam?
832 1111 898 1138 lline
910 1111 955 1145 qui

161 1159 303 1186 nobiscum
312 1163 386 1192 sunt,
396 1157 546 1193 ignaviores
555 1157 631 1185 ﬁunt.
642 1158 746 1185 Etenim
758 1158 781 1185 si
792 1159 850 1192 quis
862 1158 955 1185 viderit

161 1204 262 1232 milites
276 1209 306 1231 et
318 1203 411 1236 duces,
428 1211 489 1230 eum
505 1203 584 1237 fame,
608 1203 653 1230 siti
676 1209 702 1230 et
722 1208 808 1230 morte
829 1204 956 1238 malisque

161 1249 287 1276 omnibus
301 1253 490 1276 concertantes
501 1270 507 1281 ,
533 1248 616 1283 frigus
637 1252 664 1276 et
682 1248 799 1283 pericula
815 1248 956 1283 omniaque

161 1295 280 1322 ferentes
294 1295 401 1322 leonum
416 1295 499 1321 instar
509 1299 537 1322 et
548 1299 657 1322 strenue
667 1299 794 1330 agentes;
808 1295 957 1330 deindeqne

162 1341 361 1378 philosophiam
376 1341 451 1368 illam
465 1340 600 1368 solventes
613 1362 621 1374 ,
637 1345 664 1368 et
677 1340 813 1368 molliores
827 1341 936 1369 eﬂ'ectos
947 1361 955 1374 ,

163 1387 283 1422 pecunia:
298 1387 410 1421 cupidos
422 1408 430 1420 ,
451 1387 674 1422 negotiationibus
689 1391 717 1414 et
736 1387 775 1414 rei
788 1387 957 1422 cauponarite

162 1433 322 1466 studentes,
343 1437 371 1461 et
390 1433 425 1460 ab
446 1433 569 1461 hostibus
588 1432 724 1466 devictos;
746 1438 872 1461 extremae
885 1439 958 1461 esset

162 1481 288 1508 atnentize
303 1481 396 1507 barum
418 1487 507 1507 rerum
528 1487 635 1507 causam
649 1487 783 1515 quatrere.
799 1480 855 1507 lloc
867 1484 956 1508 autetn

162 1527 195 1554 dc
217 1527 296 1553 nobis
320 1530 347 1553 et
371 1525 405 1552 de
427 1525 574 1560 majoribus
597 1525 697 1553 nostris
717 1525 957 1560 cogitemusznam

162 1572 283 1598 omnium
299 1570 465 1598 itnbecillinti
476 1571 537 1598 facti
551 1578 654 1604 sumus,
667 1575 693 1597 et
706 1571 766 1598 vitat
778 1571 957 1605 prtesentiad-

163 1619 237 1646 dicti.
251 1618 329 1652 Quod
341 1618 363 1645 si
380 1619 504 1645 inventus
519 1618 651 1652 quispiam
667 1617 746 1644 fuerit
759 1617 897 1653 vestigium
912 1617 959 1645 ba-

165 1665 232 1691 bens
252 1664 353 1691 veteris
373 1663 529 1699 sapientiae,
548 1664 571 1690 is
586 1663 651 1690 loris
670 1667 697 1690 et
715 1662 824 1690 urbibus
840 1663 958 1694 relictis.

168 1716 247 1745 atque
269 1710 295 1737 in
318 1709 457 1737 hominum
480 1709 569 1737 medio
589 1709 689 1736 versari
705 1714 732 1736 et
745 1709 812 1737 alios
827 1709 961 1736 moderari

166 1763 286 1788 cessans,
301 1755 335 1782 ad
349 1760 455 1782 montes
469 1763 498 1782 se
510 1754 614 1782 confert
625 1762 633 1781 :
645 1754 668 1780 si
681 1754 741 1789 quis
755 1762 818 1782 vero
836 1762 961 1782 secessus

1009 201 1116 222 causam
1131 195 1292 227 sciscitatur,
1307 201 1415 222 causam
1439 195 1485 222 ille
1508 196 1610 230 pntert
1626 197 1731 224 veniam
1750 205 1804 225 non

1009 245 1168 268 merentem.
1181 241 1219 268 Ne
1232 248 1348 275 peream,
1363 240 1459 276 ittquit,
1473 249 1505 268 ac
1518 250 1551 269 tte
1565 242 1688 269 hebetior
1699 243 1733 270 ad
1748 243 1804 270 vir-

1011 292 1094 314 tutetn
1107 287 1168 314 ﬁant
1179 308 1186 320 ,
1202 287 1301 315 resilio.
1316 287 1351 315 Et
1364 292 1464 322 quanto
1476 287 1571 315 melius
1585 292 1668 320 esset,
1683 288 1805 316 hebetio-

1009 340 1067 360 rem
1081 338 1106 360 te
1121 333 1178 360 fieri
1192 338 1219 360 et
1232 334 1300 361 alios
1313 334 1426 366 lucrari,
1444 342 1524 369 quant
1541 335 1566 361 itt
1581 335 1636 361 alto
1649 339 1803 362 manentem

1010 379 1106 406 fratres
1121 379 1261 414 despicere
1275 381 1441 415 pereuntes?
1461 380 1573 414 Quando
1589 381 1669 416 igitur
1689 381 1734 408 alii
1750 382 1804 409 vir-

1010 429 1092 452 tutem
1106 433 1159 452 non
1173 430 1277 458 curant,
1293 425 1337 452 alii
1351 426 1395 460 qtti
1407 433 1499 453 curam
1510 426 1568 460 ejus
1580 426 1690 460 habent,
1701 427 1735 454 ab
1745 428 1804 455 acie

1010 471 1100 506 procul
1120 471 1248 499 recedunt
1259 492 1266 504 ,
1290 472 1422 506 quomodo
1436 473 1646 508 expugnabimus
1662 473 1804 500 inimicos?

1009 516 1074 544 Nam
1089 517 1193 544 ctiantsi
1208 526 1279 544 ttunc
1290 518 1365 552 signa
1379 523 1478 551 essent,
1494 519 1615 554 quisnam
1628 519 1803 554 persuadere-

1011 564 1072 590 tur?
1094 568 1141 590 aut
1155 564 1214 598 quis
1229 571 1261 591 ex
1276 564 1395 591 externis
1410 564 1487 591 nobis
1501 565 1620 592 animum
1642 565 1783 593 adhiberet
1793 586 1801 598 ,

1009 609 1126 644 nequitia
1135 609 1174 636 sic
1184 609 1412 644 supergrediente.
1422 609 1488 637 Nam
1498 611 1549 637 vita
1561 619 1579 637 ra
1590 616 1632 638 cte
1642 616 1702 638 acta
1712 612 1803 638 mulis

1008 654 1115 681 videtur
1127 662 1187 682 esse
1203 655 1286 690 magis
1299 655 1352 683 fide
1365 655 1455 690 digna.
1471 656 1550 690 Signa
1572 656 1644 683 enim
1666 657 1736 692 apud
1751 658 1802 684 int-

1009 700 1140 735 pudenles
1153 705 1181 727 et
1194 700 1279 727 malos
1293 700 1415 728 homines
1426 701 1452 728 in
1467 709 1574 735 pravam
1587 701 1701 736 aliquam
1712 703 1802 737 suspi-

1008 746 1113 774 cionem
1132 747 1260 779 venient;
1283 746 1334 774 vita
1358 752 1446 775 autem
1468 755 1532 782 pura
1557 748 1642 782 ipsum
1659 755 1690 774 os
1703 748 1802 776 diaboli

1008 793 1114 820 abunde
1126 792 1266 820 obstruere
1289 793 1396 827 poterit.
1422 793 1485 820 Haec
1500 798 1589 820 autent
1605 793 1666 820 dico
1679 799 1706 821 et
1720 794 1804 828 impe-

1008 839 1128 867 rantibus
1144 844 1169 868 et
1185 839 1298 874 imperio
1312 840 1467 875 parentibus
1479 860 1487 872 ,
1502 845 1529 867 et
1545 848 1599 874 pra:
1614 841 1721 868 caeteris
1734 840 1799 867 mihi

1009 885 1070 919 ipsi,
1093 890 1122 912 ut
1144 885 1223 912 vitam
1243 885 1417 912 exltihcamus
1437 885 1597 916 mirabilem.
1618 890 1644 912 ct
1667 893 1728 913 eum
1752 894 1800 912 nos

1011 931 1083 965 ipsos
1097 931 1341 965 composueritnus,
1354 931 1495 966 praesentia
1507 932 1596 958 omnia
1611 931 1802 965 despiciantus.

1008 978 1217 1005 Contemnamus
1228 979 1377 1013 pecuniam,
1389 983 1478 1006 etnon
1489 985 1691 1006 coulemnatnns
1701 978 1803 1013 geben-

1009 1031 1069 1050 nam
1083 1032 1090 1050 :
1103 1024 1283 1058 dcspiciamus
1295 1024 1406 1059 gloriam
1420 1044 1427 1057 ,
1444 1028 1472 1051 et.
1486 1033 1519 1051 ne
1539 1019 1719 1059 despiciatttits
1732 1024 1804 1051 salu-

1010 1074 1062 1096 tent
1078 1078 1084 1095 :
1098 1070 1141 1096 hic
1153 1070 1297 1097 subeamus
1309 1069 1434 1097 sudorem
1450 1074 1477 1097 et
1492 1070 1622 1103 laborem,
1639 1074 1668 1096 ut
1682 1077 1735 1097 non
1750 1070 1804 1097 illic

1010 1114 1157 1142 incidamus
1172 1115 1197 1141 itt
1214 1115 1386 1149 supplicium.
1411 1115 1457 1142 Sic
1471 1123 1532 1142 cum
1547 1115 1689 1150 gentilibus
1704 1115 1803 1142 bellum

1009 1167 1143 1193 geramus,
1154 1159 1192 1187 sic
1202 1159 1261 1186 illus
1273 1160 1437 1188 abducamus
1448 1160 1474 1187 in
1486 1161 1667 1203 captivitatem
1682 1161 1804 1187 libertate

1009 1207 1232 1241 pnestantiorem.
1256 1207 1357 1234 Verum
1381 1207 1439 1235 lucc
1460 1215 1533 1242 smpe
1559 1212 1587 1234 et
1611 1207 1765 1242 frequenter
1788 1215 1802 1233 a

1010 1253 1087 1279 nobis
1097 1253 1233 1286 diettnlttr,
1250 1261 1312 1280 raro
1325 1257 1415 1281 autent
1432 1253 1508 1280 fiunt.
1522 1253 1655 1281 (la-terum
1677 1252 1734 1280 sive
1747 1252 1804 1279 lure

1011 1299 1074 1325 tiattt
1085 1319 1092 1330 ,
1107 1299 1163 1325 sive
1176 1306 1231 1325 nun
1247 1299 1326 1326 tiattt.
1341 1306 1447 1334 aequum
1462 1303 1503 1326 est
1526 1306 1572 1333 per
1592 1306 1622 1325 ea
1637 1306 1686 1325 vos
1698 1297 1804 1325 assidue

1011 1351 1131 1372 monere.
1157 1344 1185 1371 Si
1210 1344 1280 1371 enim
1307 1345 1383 1372 bonis
1409 1344 1498 1372 verbis
1525 1344 1632 1379 quidam
1655 1343 1803 1378 decipiunt.

1010 1389 1094 1416 multo
1109 1390 1193 1424 magis
1206 1397 1253 1424 par
1268 1394 1309 1417 est
1329 1397 1376 1417 eos
1389 1410 1396 1422 ,
1421 1390 1468 1424 qui
1481 1389 1515 1417 ad
1531 1381 1669 1417 veritatem
1686 1389 1802 1422 ducunt,

1011 1443 1063 1461 ttott
1077 1434 1215 1469 defatigati
1232 1435 1258 1462 itt
1273 1434 1387 1462 dicendo
1402 1442 1433 1462 ea
1447 1443 1506 1470 qua:
1521 1439 1584 1462 sunt
1597 1435 1684 1461 utilia.
1699 1434 1766 1462 Nam
1781 1435 1804 1461 si

1010 1480 1171 1515 deceptor-es
1185 1485 1222 1507 tot
1237 1480 1367 1508 machinis
1388 1485 1498 1508 ututttttr
1512 1489 1518 1507 :
1530 1480 1658 1514 pecunias
1670 1480 1742 1506 eniut
1756 1480 1806 1506 iut-

1012 1527 1145 1561 pendunt,
1162 1527 1242 1554 verba
1257 1526 1386 1554 adhibent
1397 1547 1405 1559 ,
1419 1526 1535 1561 pericula
1548 1526 1675 1559 subeunt,
1689 1529 1717 1553 et
1737 1533 1805 1559 pra:-

1013 1572 1127 1600 fct-turas
1141 1577 1295 1600 ostentant:
1309 1573 1392 1600 multo
1412 1572 1497 1607 magis
1516 1579 1565 1600 nos
1577 1591 1585 1604 ,
1600 1572 1645 1607 qui
1666 1579 1681 1599 a
1702 1571 1806 1598 fallacia

1012 1619 1179 1651 abducimus,
1194 1624 1222 1647 et
1238 1619 1358 1654 pericttla
1372 1623 1400 1646 et
1413 1623 1514 1646 mortes
1527 1623 1554 1645 et
1565 1618 1655 1646 omnia
1669 1617 1804 1645 sustinere

1013 1670 1118 1699 oportet
1131 1685 1139 1697 ,
1162 1670 1191 1692 ut
1204 1670 1231 1693 et
1246 1673 1294 1692 nos
1308 1665 1381 1700 ipsos
1394 1670 1422 1693 et
1436 1665 1504 1692 alios
1518 1665 1613 1692 lucrati
1625 1685 1633 1697 ,
1648 1669 1676 1692 et
1689 1664 1805 1691 inimicis

1015 1711 1234 1746 inexpugnabiles
1256 1711 1327 1744 facti,
1347 1710 1478 1746 promissa
1504 1711 1572 1738 bona
1595 1717 1803 1745 consequantur,

1016 1757 1101 1791 gratia
1116 1761 1144 1784 et
1157 1757 1331 1793 benignitate.
1348 1761 1401 1785 etc.

855 1860 1028 1891 HOMILIA
1051 1863 1119 1893 Vll.

166 1938 231 1965 Car.
248 1937 278 1964 ἓ.
292 1945 318 1964 v.
334 1936 360 1963 6.
378 1935 538 1970 Sapientiam
552 1939 634 1962 autent
649 1935 774 1969 loquimur
794 1935 858 1961 inter
873 1933 959 1970 perfe-

201 1989 271 2015 ctus;
286 1982 438 2016 sapientiam
452 1989 508 2008 vero
521 1989 572 2007 non
586 1980 663 2016 Itujus
678 1980 766 2007 tia-culi
776 2001 782 2012 ,
799 1988 878 2015 neque
889 1979 960 2014 priu-

202 2030 287 2064 cipum
302 2029 379 2063 hujus
392 2028 492 2060 manli,
511 2027 554 2062 qui
574 2028 756 2060 destruuutur;
773 2027 800 2053 'l.
815 2026 859 2053 sed
879 2025 961 2060 loqui-

203 2083 260 2100 mur
272 2073 321 2100 Dei
334 2074 486 2108 sapientium
499 2073 524 2099 in
537 2072 666 2108 mysterio,
680 2080 737 2106 qum
749 2071 895 2099 abscondita
908 2076 944 2098 est
953 2091 961 2102 ,

202 2129 278 2157 quam
303 2119 491 2156 prcdestinaoit
513 2119 583 2147 Deut
605 2123 665 2146 ante
688 2119 782 2146 alecula
802 2118 830 2145 in
855 2118 964 2153 gloriam

204 2172 326 2194 nostram.

204 2215 229 2241 l.
246 2213 376 2240 Tenebrze
401 2211 526 2239 videntur
546 2218 607 2239 esse
627 2211 686 2238 luce
701 2210 909 2245 opportuniores
931 2209 965 2236 iis

168 2259 213 2294 qui
229 2258 352 2285 laborant
370 2257 478 2290 oculis;
499 2257 613 2292 ideoque
634 2257 717 2291 magis
731 2256 763 2283 ad
779 2255 963 2283 adumbratam

169 2304 305 2331 atdiculam
319 2302 487 2337 confugiunt.
503 2301 559 2329 Hoc
579 2302 659 2329 etiam
676 2309 724 2328 usu
744 2301 815 2328 venit
838 2301 865 2328 in
887 2300 966 2336 spiri-

171 2349 231 2376 tuali
254 2348 398 2384 sapientia.
415 2348 462 2375 Dei
485 2347 592 2382 quidem
606 2347 736 2382 sapientia
752 2347 873 2374 externis
887 2346 964 2373 vide-

171 2396 247 2422 batur
259 2403 321 2422 esse
336 2394 448 2422 stultitia
464 2402 470 2426 ;
485 2401 578 2421 eorutn
594 2401 659 2420 vero
672 2394 814 2428 sapientia,
829 2400 889 2428 qua:
903 2400 966 2419 vere

171 2442 281 2469 stultitia
300 2445 370 2474 erat,
385 2440 419 2468 ab
434 2440 500 2475 ipsis
514 2439 644 2476 sapientia
658 2444 778 2474 reputata
796 2438 854 2466 fttit.
871 2438 904 2466 Et
917 2445 963 2472 pe-

173 2487 246 2514 rinde
258 2486 442 2521 contingebat.
456 2493 486 2513 ac
501 2485 522 2513 si
537 2486 597 2520 quis
610 2485 741 2519 sapientia
753 2489 781 2512 et
795 2488 853 2511 arte
867 2483 965 2519 gnbcr-

174 2532 250 2559 nandi
264 2537 354 2563 utens.
369 2531 540 2566 polliceretur
547 2537 577 2558 se
588 2530 646 2557 sine
659 2537 726 2557 nave
739 2535 766 2557 et
778 2529 843 2556 velis
858 2529 966 2564 pelagus

173 2577 332 2605 immensum
346 2584 409 2604 esse
422 2576 639 2603 transmissurum
652 2584 660 2610 ;
684 2574 834 2610 deindeque
852 2578 967 2602 tentaret

173 2622 319 2650 ratiociniis
341 2622 456 2657 probare
474 2622 525 2649 hoe
539 2622 595 2649 fieri
614 2629 713 2656 posse;
730 2621 798 2648 alius
812 2628 876 2648 vero
892 2620 965 2655 quis-

172 2669 240 2704 piam
256 2669 378 2696 omnium
393 2668 545 2703 imperitus,
561 2668 632 2701 navi,
648 2668 822 2703 gubernatori
835 2673 862 2695 et
877 2666 966 2694 nautis

172 2723 231 2743 sese
246 2715 432 2748 committens,
456 2715 496 2742 sic
509 2722 570 2742 cutn
591 2716 735 2742 securitate
750 2714 896 2749 navigaret.
912 2713 968 2740 llu-

170 2763 213 2797 jus
220 2762 294 2790 enim
307 2770 339 2790 ea
350 2769 411 2798 quae
420 2761 526 2788 videtur
534 2768 595 2789 esse
605 2760 746 2796 Imperitia,
758 2760 828 2787 illius
838 2759 969 2795 sapientia

173 2809 320 2844 sapientior
331 2812 416 2836 esset.
433 2807 505 2834 Bona
516 2807 614 2841 quippe
624 2811 666 2834 est
680 2813 724 2833 ars
731 2805 908 2841 gubernandi,
919 2803 968 2832 sed

175 2862 232 2883 eum
245 2855 350 2891 majora
358 2861 438 2890 quam
449 2860 499 2888 par
507 2852 541 2880 sit
554 2853 705 2887 pollicetur,
721 2853 832 2880 stultitia
845 2851 966 2888 quadam

344 2905 483 2933 Ριιτιιοι..
507 2901 566 2932 (in.
589 2902 669 2933 LXI.

1015 1941 1072 1969 est;
1089 1941 1116 1964 ut
1130 1941 1158 1964 et.
1175 1937 1262 1964 omnis
1275 1944 1330 1969 ars,
1344 1944 1405 1971 qua:
1418 1944 1471 1963 non
1484 1935 1541 1963 suis
1557 1939 1684 1963 contenta
1699 1940 1739 1962 est
1755 1941 1810 1964 ter-

1014 1982 1104 2010 minis.

1051 2028 1183 2063 Sapt'antia
1200 2028 1409 2063 philosophorum
1423 2033 1566 2054 exterarum
1580 2027 1686 2053 stultitia
1700 2031 1763 2053 erat.
1775 2041 1809 2046 -—

1016 2074 1062 2101 Sic
1081 2074 1161 2101 etiam
1181 2079 1292 2102 evterna
1307 2074 1437 2108 sapientia
1456 2073 1551 2100 fttisset
1572 2073 1712 2108 sapientia,
1727 2073 1749 2100 si
1763 2080 1808 2100 usa

1016 2124 1089 2148 esset
1101 2120 1201 2155 Spiritu
1217 2129 1224 2146 :
1243 2119 1290 2147 sed
1303 2120 1364 2155 quia
1379 2119 1429 2146 sibi
1451 2119 1540 2146 omnia
1562 2118 1694 2153 permisit.
1717 2126 1767 2146 nec
1781 2126 1809 2146 se

1017 2165 1116 2192 auxilio
1137 2165 1190 2194 ullo
1209 2172 1278 2200 opus
1301 2165 1400 2192 habere
1412 2164 1524 2199 putavit,
1545 2163 1656 2191 stultitia
1677 2164 1743 2191 tacta
1759 2170 1810 2197 est,

1017 2212 1067 2239 etsi
1088 2211 1223 2239 videretur
1244 2212 1374 2246 sapientia
1392 2219 1464 2238 esse.
1482 2210 1651 2245 Quapropter
1665 2217 1725 2237 cum
1739 2210 1810 2245 prius

1017 2258 1090 2285 illam
1101 2265 1133 2285 ex
1148 2258 1227 2285 rebus
1242 2257 1305 2292 ipsis
1318 2256 1492 2289 confutassct,
1510 2261 1573 2284 tunc
1589 2256 1659 2283 illam
1673 2256 1811 2283 stultitiam

1018 2304 1121 2331 vocavit
1133 2312 1140 2336 ;
1154 2307 1182 2331 et
1193 2311 1254 2331 cum
1268 2303 1341 2338 prius
1354 2302 1403 2330 Dei
1418 2302 1576 2337 sapientiam
1587 2309 1619 2329 ex
1634 2301 1740 2328 illorum
1752 2308 1810 2328 scn-

1019 2349 1101 2376 tetttia
1125 2349 1263 2376 stultitiam
1279 2352 1402 2375 vocasset
1414 2369 1422 2380 ,
1445 2352 1508 2374 ttmc
1527 2347 1644 2374 ostendit
1665 2347 1739 2374 illam
1754 2354 1812 2374 esse

1019 2395 1175 2430 sapientiam
1190 2394 1200 2431 (
1215 2402 1276 2422 nam
1289 2399 1350 2430 post
1362 2394 1534 2429 probationes
1549 2398 1610 2420 tttnc
1624 2393 1740 2421 maxime
1755 2401 1812 2427 pos-

1019 2445 1081 2468 sunt
1089 2440 1304 2468 contradicentes
1316 2439 1560 2474 pudoresull'undi)
1574 2447 1580 2465 ί
1596 2443 1623 2466 et
1633 2438 1670 2465 ait
1683 2447 1690 2465 :
1703 2438 1813 2472 Sapien-

1020 2487 1171 2514 (iamautem
1181 2486 1308 2520 loquimur
1319 2486 1384 2512 inter
1395 2487 1528 2520 perfectos.
1539 2484 1606 2513 Nam
1620 2491 1681 2512 cum
1695 2492 1756 2519 ego,
1770 2483 1814 2519 qui

1020 2533 1116 2560 stultus
1126 2539 1187 2559 esse
1199 2535 1227 2559 et
1239 2531 1319 2558 stulta
1339 2530 1486 2565 prtcdicare
1498 2530 1638 2557 existimor
1647 2550 1654 2562 ,
1665 2529 1814 2564 sapientem

1020 2584 1194 2613 superavere,
1208 2584 1261 2604 non
1283 2584 1330 2611 per
1348 2576 1488 2604 stultitiam
1503 2575 1628 2611 snperavi
1647 2575 1815 2610 sapientiam.

1020 2624 1067 2652 sed
1083 2632 1131 2659 per
1143 2623 1300 2659 sapientiam
1315 2622 1501 2658 perfectiorcm
1511 2643 1519 2655 ,
1532 2626 1561 2650 et
1576 2626 1675 2650 tantam
1690 2625 1818 2656 tantoque

1021 2669 1066 2697 illa
1082 2669 1222 2704 majorem,
1238 2673 1268 2696 ut
1279 2668 1323 2695 illa
1337 2667 1447 2695 stultitia
1460 2675 1521 2695 esse
1534 2667 1666 2695 videatur.
1679 2666 1742 2694 Ideo
1755 2672 1816 2693 cum

1021 2715 1095 2750 prius
1115 2715 1187 2742 illam
1204 2714 1239 2742 ita
1256 2718 1395 2747 vocasset,
1410 2718 1440 2741 ut
1454 2714 1493 2741 illi
1508 2718 1572 2741 tunc
1585 2712 1759 2742 nominabant
1769 2730 1778 2743 .
1791 2715 1822 2738 et

1021 2768 1054 2788 ex
1069 2760 1149 2788 rebus
1161 2760 1227 2795 ipsis
1240 2759 1379 2787 victoriam
1397 2758 1578 2792 exhibuisset,
1595 2758 1707 2793 illosque
1721 2756 1816 2783 admo-

1021 2806 1084 2834 dum
1105 2806 1201 2833 stultos
1217 2813 1279 2834 esse
1295 2805 1435 2840 probasset
1455 2814 1462 2833 :
1483 2805 1518 2833 de
1532 2809 1631 2833 cmtero
1651 2810 1749 2830 nomen
1764 2802 1817 2837 ipsi

1024 2851 1169 2888 dat,quod
1190 2851 1215 2880 ei
1229 2851 1389 2886 conveniat,
1409 2851 1519 2880 dicens:
1533 2849 1693 2886 Sapientiam
1708 2856 1766 2876 vero
1779 2847 1817 2875 lo-

1618 2894 1639 2925 lt-
