2060 3111
249 171 284 200 55
626 161 652 190 Ξ.
667 157 808 189 'JOANNIS
827 154 1063 187 CHRYSOSTOMI
1083 156 1240 186 ARCIIIEP.
1260 156 1526 187 CONSTANTINOP.
1854 159 1889 187 56

245 223 346 257 quimur
359 220 424 247 inter
438 220 571 254 perfectos.
583 216 747 253 Sapientiam
760 221 849 244 autem
864 215 928 243 dicit
942 214 1037 250 praedi-

249 268 379 295 cationem
397 271 424 293 et
437 265 544 293 modum
566 263 675 296 salutis,
693 269 789 297 nempe
803 261 906 289 salvum
922 257 977 287 ﬁeri
994 267 1041 294 per

247 321 372 345 crucem;
391 311 522 346 perfectos
536 314 640 344 autem,
657 316 704 336 eos
723 308 768 343 qui
794 306 975 334 crediderunt.
992 306 1040 333 Et-

246 359 320 386 enim
332 358 368 386 illi
381 358 488 393 perfecti
500 361 571 389 sunt,
582 358 627 391 qui
640 355 754 382 humana
764 353 884 380 videntes
893 360 953 380 esse
967 352 1042 379 valde

248 405 365 437 inﬁrma,
382 404 479 438 illaque
493 402 681 436 despicientcs,
705 406 862 435 persuasum
879 398 978 426 habent
998 398 1041 425 illa

249 451 314 479 nihil
328 451 378 479 sibi
388 449 524 481 'ctml'crt‘c,
534 447 682 483 cujusmodi
696 446 804 474 fuerunt
820 445 922 474 ﬁdeles.
933 445 1043 479 Sapien-

249 499 309 524 tiam
329 500 412 523 autem
425 503 476 522 non
496 494 573 529 hujus
592 493 689 520 seaculi.
713 492 762 520 Ubi
783 498 898 526 namque
913 490 984 518 utilis
1003 495 1044 517 est

249 546 359 570 externa
373 539 513 575 sapientia,
528 547 588 574 quae
602 538 645 566 hic
658 538 767 573 quidem
780 537 878 565 desiuit
891 541 918 564 et
931 536 1043 563 ulterius

250 594 302 614 non
317 585 497 622 progreditur,
517 592 604 619 neque
623 584 666 611 hic
688 583 817 618 prodesse
831 587 917 617 potest
932 582 976 615 iis,
997 581 1043 616 qui

248 633 292 659 illa
306 636 367 659 sunt
381 631 504 666 preriti?
518 630 656 665 Principes
666 633 754 656 autem
768 628 859 655 saeculi
871 627 914 654 hic
927 634 979 654 non
990 626 1045 653 dm-

250 685 343 705 moncs
365 677 494 712 quosdam
508 676 591 712 dicit,
608 681 636 702 ut
650 674 758 710 quidam
784 673 971 708 suspicantur;
997 671 1043 699 sed

250 731 308 756 eos,
333 723 377 758 qni
394 723 419 750 in
439 721 612 757 dignitatibus
627 725 653 748 ct
675 721 702 747 in
724 720 893 754 magistratu,
917 718 962 753 qui
987 725 1044 745 rem

251 769 322 796 illam
344 769 498 799 existimant
519 767 691 802 praeclaram,
709 764 894 800 philosophos,
910 767 1043 795 oratores,

251 815 420 849 scriptorcs:
443 822 504 841 nam
526 814 552 840 hi
570 820 642 847 saepe
658 811 824 846 imperabant
843 814 870 837 et
890 810 1046 844 plerumque

251 860 342 895 populi
359 859 483 887 ductores
503 864 590 886 erant.
605 857 689 892 llujus
703 862 792 884 autem
805 855 895 883 saeculi
912 854 1046 890 principes

254 906 375 936 vocavit.
392 905 453 940 quia
470 905 588 939 ipsorum
609 902 750 938 imperium
773 908 826 929 non
842 901 909 928 ttltra
929 905 1047 935 prmsens

253 951 380 978 steculum
401 950 543 985 procedit:
560 948 734 983 quamobrem
757 946 914 982 subjunxit:
933 945 983 979 Qui
1005 945 1048 971 de-

253 1002 398 1027 struuntur;
413 1004 445 1022 ex
460 1003 488 1023 re
502 995 556 1029 ipsa
571 995 642 1021 illattt
654 992 796 1021 confutans
810 996 837 1020 et
850 999 881 1019 cx
897 991 928 1017 iis
943 990 987 1025 qui
1004 990 1048 1016 illa

254 1047 374 1070 ututttttr.
396 1042 462 1069 Cum
479 1039 643 1068 ostendisset
660 1039 730 1066 enim
747 1038 819 1064 illam
836 1037 928 1064 falsam
947 1042 1007 1064 esse
1021 1039 1048 1062 et

254 1090 362 1117 stultam
374 1109 381 1121 ,
397 1093 424 1116 et
440 1087 506 1115 nihil
521 1086 641 1114 invenire
657 1093 734 1120 posse
746 1106 753 1117 ,
770 1084 955 1117 inﬁrmamque
968 1089 1048 1109 esse:

255 1136 373 1163 ostendit
390 1136 470 1162 ctiatn
494 1141 577 1169 parvo
591 1137 712 1168 tempore
726 1132 884 1159 consistere.
902 1130 955 1157 Sed
968 1128 1050 1163 loqui-

245 1189 313 1208 ~mur
330 1181 374 1207 Dei
388 1181 540 1214 sapientiam
555 1179 580 1206 in
594 1178 721 1214 mysterio.
736 1176 764 1204 In
779 1183 832 1212 quo
844 1173 992 1210 mysterio?
1004 1174 1051 1201 At-

256 1227 300 1262 qui
318 1227 383 1254 dicit
397 1226 521 1253 Cltristus
536 1234 543 1252 :
561 1225 637 1258 Quod
653 1224 761 1251 in'aure
777 1222 900 1253 audistis,
917 1220 1052 1256 prwtlicate

257 1281 332 1307 super
347 1276 409 1299 lectu
424 1270 531 1307 (Matth.
544 1271 587 1298 to.
599 1269 655 1304 27).
668 1268 809 1302 Quomodo
819 1275 884 1302 ergo
894 1267 966 1294 illam
975 1269 1052 1292 vocat

258 1318 434 1354 mysterium?
448 1316 514 1350 Quia
530 1323 617 1351 neque
629 1315 742 1350 angelus
757 1321 844 1348 neque
858 1311 1033 1346 archangelus
1043 1331 1051 1343 .

258 1372 345 1399 neque
357 1364 407 1390 ulla
419 1367 507 1390 creata
521 1365 638 1397 potestas
651 1360 676 1387 id
688 1365 798 1387 noverat
811 1363 954 1394 antequam
966 1357 1050 1384 ﬁeret.

259 1410 321 1437 Ideo
336 1410 382 1441 ait,
400 1408 423 1435 U
426 1416 433 1435 ι
449 1409 589 1435 innotescat
603 1415 669 1434 nunc
684 1405 869 1441 principatibus
883 1409 905 1432 et
921 1403 1052 1439 potestati-

259 1458 304 1484 bus
324 1457 350 1484 in
364 1456 506 1484 ca'leslibus
525 1463 569 1490 per
591 1454 731 1481 Ecclesium
753 1452 914 1488 multiformis
923 1450 1054 1485 'supieutia

263 1503 310 1530 Dei
326 1501 435 1536 (Ep/tes.
451 1501 478 1528 3.
493 1500 550 1535 10).
567 1500 622 1526 lloc
635 1503 724 1526 autent
740 1497 803 1526 fecit
819 1497 888 1524 Deus
904 1503 951 1523 nos
967 1496 1054 1523 hono-

262 1556 336 1579 rans,
352 1552 381 1574 ιιι
392 1546 533 1574 nobiscum
549 1545 673 1572 audirent
689 1543 826 1579 mysteria.
843 1542 909 1570 Nam
927 1549 975 1569 nos
988 1548 1054 1576 quo-

262 1602 314 1628 que
329 1593 377 1624 eis,
395 1599 462 1628 quos
478 1591 554 1618 nobis
568 1590 709 1618 fecerimus
724 1589 835 1621 amicos,
852 1588 903 1615 hoc
915 1595 1056 1622 argumen-

261 1644 319 1667 tum
332 1639 446 1666 dicimus
456 1644 515 1665 e55e
526 1636 650 1664 amicitia:
663 1641 773 1668 nostrae,
788 1634 859 1670 quod
871 1633 971 1661 nemini
984 1633 1057 1668 prius

262 1693 342 1720 quam
357 1685 421 1720 ipsis
434 1687 536 1711 secreta
552 1682 714 1710 revelemus.
729 1680 846 1708 Audiant
861 1680 878 1708 ii
892 1680 937 1715 qui
960 1679 1057 1714 ιιι-ωιιί-

263 1731 398 1759 eationem
425 1729 588 1762 traducunt,
621 1727 798 1762 onmibusque
827 1725 1057 1754 indiseriminatim

264 1776 423 1812 margaritas
439 1779 467 1803 et
487 1774 582 1809 dogma
596 1773 734 1801 enuntiant
749 1777 776 1800 et
797 1776 888 1800 sancta
909 1771 1018 1798 canibus
1031 1775 1059 1797 et

264 1823 354 1858 porcis
368 1821 563 1857 superﬂnisque
577 1819 724 1847 ratiociniis
740 1817 893 1854 projiciuut.
906 1817 1059 1852 Mysterium

267 1877 382 1904 namque
406 1867 564 1904 probatione
585 1874 653 1902 opus
677 1873 730 1893 non
755 1865 853 1898 habet;
870 1864 916 1892 sed
938 1865 963 1891 id
989 1863 1060 1898 quod

268 1921 310 1942 est
334 1917 518 1942 annuntiatur.
546 1913 652 1940 Etenim
680 1919 733 1939 non
759 1911 811 1939 erit
838 1915 923 1938 totum
959 1914 1060 1945 myste-

268 1961 337 1988 rium
364 1959 504 1991 divinum,
526 1965 586 1986 cum
612 1965 627 1984 ιι
650 1962 676 1985 te
707 1957 765 1992 ipso
791 1955 890 1991 aliquid
915 1955 1059 1982 addideris.

268 2006 392 2040 Alioquin
407 2012 471 2032 vero
486 2004 643 2040 mysterium
662 2007 783 2034 vocatur,
798 2003 858 2037 quia
878 2009 930 2029 non
951 2009 1010 2036 qua:
1025 2001 1063 2027 vi-

269 2051 374 2083 demus,
388 2048 601 2083 crcdimus,se'd
622 2048 674 2076 alia
696 2048 827 2079 videmus,
839 2048 891 2074 alia
915 2047 1061 2074 credinms.

269 2096 341 2123 'l‘alis
363 2103 479 2130 namque
501 2099 543 2122 est
564 2094 754 2130 mysteriorum
779 2098 933 2120 nostrorum
958 2097 1062 2127 natura.

271 2142 330 2169 Alio
346 2142 426 2177 igitur
441 2141 521 2168 modo
534 2148 598 2175 ego,
620 2144 647 2167 et
665 2140 718 2167 alio
737 2139 854 2167 inﬁdelis
869 2139 939 2167 circa
955 2140 1013 2167 hmc
1027 2139 1065 2167 at-

272 2186 333 2214 t'ecti
348 2193 450 2214 sumus.
467 2183 555 2212 Atidio
568 2192 628 2220 ego,
642 2184 714 2220 quod
727 2184 870 2212 cruciﬁxus
883 2185 918 2211 sit
930 2184 1063 2217 Christus,

271 2239 300 2262 et
315 2234 373 2268 ejus
387 2240 448 2267 erga
463 2231 586 2259 homines
603 2238 722 2258 amorem
737 2231 826 2258 statim
845 2230 979 2263 admiror;
993 2229 1066 2258 audit

273 2280 336 2313 ille,
353 2283 380 2306 et
399 2278 609 2306 imbecillitatem
625 2282 718 2313 putat:
735 2277 815 2304 audio
829 2277 900 2312 quod
915 2284 1009 2304 servus
1028 2277 1066 2304 ta-

274 2329 333 2353 ctus
347 2325 391 2357 sit,
405 2327 432 2351 et
446 2323 641 2358 provutcntiam
655 2322 789 2355 admiror;
802 2322 876 2350 audit
891 2322 936 2350 ille
946 2326 973 2349 et
985 2322 1067 2349 dede-

273 2379 322 2399 cus
333 2378 392 2398 esse
402 2375 478 2406 pttlat
489 2379 497 2397 :
509 2370 588 2396 audio
598 2369 668 2404 quod
681 2373 802 2397 mortuus
812 2369 856 2401 sit,
868 2373 895 2397 et
905 2369 938 2396 de
950 2369 1066 2404 potentia

274 2418 333 2452 ejus
354 2417 532 2451 obstupesco,
557 2416 628 2451 quod
647 2423 660 2442 a
681 2421 767 2443 morte
783 2424 836 2443 non
852 2420 993 2451 superatus
1013 2416 1066 2449 sit,

274 2465 329 2491 imo
343 2464 421 2491 etiam
436 2467 549 2490 mortem
563 2462 728 2495 dissolverit;
743 2462 816 2490 audit
830 2463 892 2496 ille,
907 2467 932 2490 et
946 2463 1067 2490 imbecil-

276 2510 378 2536 litatem
401 2508 561 2542 suspicatur.
584 2507 649 2535 Cum
670 2508 743 2535 audit
762 2508 806 2535 ille
821 2509 1046 2535 resurrectionem
1059 2529 1065 2540 ,

275 2555 393 2582 fabulam
409 2561 470 2582 esse
484 2559 558 2589 putat
570 2563 577 2587 ;
593 2562 642 2588 ego
658 2561 724 2582 vero
735 2558 793 2588 post
807 2559 931 2589 acceptas
945 2562 977 2581 ex
988 2554 1069 2582 rebus

276 2600 340 2635 ipsis
354 2599 604 2631 demonstrationes,
622 2600 668 2627 Dei
687 2600 863 2628 oeconomiam
877 2599 971 2627 adoro.
986 2599 1070 2626 Lava-

276 2654 353 2673 crum
374 2645 486 2673 audiens
508 2645 570 2679 ille,
593 2653 688 2680 aquam
711 2650 812 2673 tantttm
835 2653 895 2673 esse
915 2650 1003 2680 putat;
1020 2653 1070 2680 ego

277 2699 341 2718 vero
357 2699 408 2719 non
421 2691 491 2726 quod
506 2691 609 2718 videtur
622 2691 708 2718 solum
721 2691 833 2726 aspicio,
849 2691 896 2719 sed
907 2692 986 2719 etiam
1000 2692 1072 2726 puri-

278 2736 428 2765 ﬁcationem
444 2737 540 2764 anima).
553 2744 602 2771 per
614 2736 753 2771 Spiritum.
768 2737 908 2765 Existimat
921 2737 965 2764 ille
984 2737 1070 2765 solum

279 2783 342 2809 mihi
355 2782 474 2810 ablutum
490 2789 550 2810 esse
562 2789 676 2815 corpus;
693 2789 743 2817 ego
756 2787 844 2809 autem
858 2783 939 2810 credo
954 2783 1070 2810 animam

277 2835 384 2862 quoque
397 2835 490 2863 puram
505 2832 532 2855 et
545 2831 663 2854 sanetam
678 2827 775 2855 factam
795 2835 872 2861 esse,
888 2833 915 2856 et
928 2831 1015 2864 cogito
1029 2836 1072 2856 se-

279 2873 411 2908 pulcrum,
422 2873 656 2908 resurrectionem,
668 2873 917 2910 sanctiﬁcationem,
928 2875 1067 2911 justitiam,

1097 214 1309 250 redemptionem
1322 236 1329 248 ,
1353 215 1524 252 adoptionem
1535 236 1542 248 ,
1559 215 1735 244 hereditatem
1746 237 1754 249 ,
1777 225 1887 252 regnum

1094 260 1221 287 caslorum
1232 282 1239 293 ,
1253 260 1344 288 datutn
1359 261 1498 296 Spiritum.
1515 261 1572 289 Non
1586 263 1656 289 enim
1677 270 1709 289 ex
1729 263 1785 290 visu
1798 263 1890 298 judico

1095 307 1138 333 illa
1152 315 1212 342 qua:
1226 312 1370 343 apparent,
1393 308 1440 335 sed
1459 309 1556 336 mentis
1573 309 1668 336 oculis.
1691 309 1776 336 Audio
1791 317 1889 345 corpus

1093 351 1212 385 Christi;
1229 353 1309 380 aliter
1323 360 1373 388 ego
1394 353 1493 381 dictum
1511 354 1645 389 intelligo,
1669 355 1746 381 aliter
1761 355 1889 383 ittﬁdelis.

1130 399 1158 426 2.
1173 399 1212 426 Ac
1226 399 1453 435 quemadmodum
1473 401 1547 434 pueri
1571 400 1653 428 libros
1669 400 1805 434 videntes,
1830 401 1885 428 lite-

1097 452 1186 471 rarum
1204 444 1258 471 vim
1275 452 1327 472 non
1341 445 1447 478 sciunt,
1464 453 1513 473 nec
1533 452 1564 473 ea
1587 450 1685 474 norttnt
1704 454 1763 481 quas
1779 446 1891 480 vident;

1097 490 1151 517 imo
1164 497 1228 517 vero
1239 490 1260 517 si
1274 490 1316 517 vir
1327 490 1464 518 literarum
1480 491 1618 526 imperitus
1628 492 1680 524 sit,
1695 491 1746 519 hoc
1762 491 1824 519 item
1840 492 1890 526 ipsi

1097 537 1223 569 eveniet;
1239 537 1284 571 qui
1296 544 1360 564 vero
1373 538 1475 572 peritus
1489 542 1542 570 est,
1559 538 1668 565 multam
1683 539 1769 566 literis
1784 539 1889 566 insitam

1097 583 1151 610 vim
1167 583 1300 615 inveniet,
1316 583 1386 610 vitas
1401 583 1519 619 integras
1541 589 1569 611 et
1590 584 1732 612 historias:
1749 589 1775 612 et
1789 586 1891 619 episto-

1099 629 1150 656 lam
1174 629 1313 664 imperitus
1337 630 1489 664 accipiens,
1514 630 1633 658 chartam
1658 638 1718 659 esse
1741 631 1843 666 putabit
1864 635 1892 658 et

1097 681 1294 709 atramentum;
1312 677 1414 712 peritus
1430 685 1495 705 vero
1509 683 1536 705 et
1555 686 1650 706 vocem
1665 679 1772 712 audiet,
1789 683 1815 706 ct
1830 687 1892 707 cum

1097 722 1208 750 absente
1223 722 1353 756 disseret,
1369 727 1397 751 et
1409 723 1478 758 quod
1494 724 1608 751 voluerit
1621 732 1713 752 rursus
1734 732 1782 759 per
1802 726 1893 752 literas

1098 767 1169 795 dicet
1182 777 1188 795 :
1203 768 1238 796 ita
1252 768 1332 796 etiam
1349 769 1374 795 in
1389 769 1516 804 mysterio
1527 770 1616 796 evenit
1630 778 1636 796 :
1653 769 1772 798 inﬁdeles
1785 771 1893 805 quidem

1098 814 1203 842 etiamsi
1223 814 1347 848 audiant,
1363 815 1456 843 audire
1478 823 1531 843 non
1545 816 1683 848 videntur;
1701 817 1792 844 ﬁdeles
1804 821 1893 844 autem

1099 860 1143 894 qui
1164 867 1211 895 per
1225 859 1355 894 Spiritum
1370 860 1494 895 peritiam
1515 860 1631 893 habent,
1654 861 1706 890 vim
1727 862 1894 889 reconditam

1100 906 1201 934 vident.
1218 906 1274 934 Hoc
1296 907 1376 942 igitur
1397 907 1538 935 declarans
1559 907 1655 935 Paulus
1674 907 1794 941 diccbat,
1820 908 1895 942 Quod

1101 960 1167 979 nunc
1178 961 1277 988 quoque
1289 954 1322 980 sit
1336 953 1511 980 absconditum
1523 953 1591 987 quod
1604 954 1759 988 prtvdicatur
1768 962 1777 980 :
1790 962 1897 988 pereun-

1100 999 1165 1026 tibus
1187 1000 1269 1032 ettiin,
1292 1000 1393 1035 inquit.
1416 1005 1451 1027 est
1471 1000 1644 1027 absconditum
1666 1000 1710 1036 (2.
1726 1000 1785 1027 Cor.
1806 1001 1831 1028 4.
1850 1001 1893 1034 5).

1102 1044 1227 1080 Alioquin
1237 1049 1327 1072 autem
1341 1045 1556 1080 pra-dicationem
1571 1046 1754 1074 admirabilem
1767 1046 1895 1074 ostendit.

1103 1090 1139 1117 lta
1154 1091 1223 1118 solet
1243 1098 1339 1118 vocare
1352 1091 1487 1126 Scriptura
1511 1091 1553 1118 illa
1563 1112 1569 1122 ,
1593 1099 1651 1126 qure
1673 1096 1768 1126 prmter
1781 1099 1854 1126 spem
1869 1096 1898 1119 et

1103 1143 1184 1171 Supra
1199 1141 1316 1164 mentem
1334 1136 1475 1163 lmmanam
1490 1141 1560 1164 sunt.
1580 1137 1641 1164 ldeo
1654 1137 1718 1164 alibi
1739 1144 1844 1172 quoque
1857 1137 1898 1165 di-

1103 1182 1149 1214 cit,
1165 1181 1314 1217 Mysterium
1328 1190 1409 1208 meum
1423 1183 1485 1208 milii
1499 1187 1521 1208 et
1535 1183 1596 1209 meis
1610 1182 1660 1217 (Is.
1675 1182 1719 1209 24.
1736 1183 1780 1217 7);
1796 1188 1824 1210 et
1836 1190 1898 1209 rur-

1104 1234 1161 1254 sum
1177 1227 1273 1254 Paulus
1289 1236 1294 1253 :
1313 1226 1377 1254 Ecce
1391 1228 1536 1262 mysterium
1556 1228 1624 1254 vobis
1646 1227 1702 1254 dico
1718 1236 1726 1254 :
1741 1235 1825 1254 omnes
1840 1227 1898 1263 qui-

1105 1273 1161 1299 dem
1172 1273 1394 1306 nondormicmus,
1407 1282 1492 1300 omnes
1502 1278 1584 1300 autem
1595 1273 1782 1300 immutabimur
1791 1273 1799 1308 (
1805 1274 1815 1300 Ι
1822 1293 1828 1299 .
1837 1272 1897 1300 Cor.

1106 1318 1149 1346 l5.
1165 1319 1222 1353 51).
1239 1319 1293 1346 Etsi
1308 1327 1389 1354 porro
1403 1319 1499 1354 ubique
1515 1319 1682 1353 prmdicalur,
1697 1319 1777 1346 etiam
1789 1319 1827 1346 sic
1842 1327 1900 1354 my-

1106 1363 1216 1391 sterium
1240 1369 1290 1391 est.
1309 1363 1414 1391 Etenim
1438 1364 1543 1398 ntjnssi
1568 1372 1677 1396 smnus,
1699 1363 1769 1398 quod
1790 1364 1815 1390 in
1835 1371 1901 1391 aure

1106 1409 1256 1437 audivimus
1278 1410 1424 1444 praedicare
1445 1417 1526 1445 super
1547 1414 1613 1436 tecta
1632 1419 1638 1437 :
1660 1409 1699 1436 sic
1717 1409 1784 1444 jussi
1807 1416 1902 1436 sumus

1107 1460 1198 1482 sancta
1215 1463 1267 1482 non
1281 1455 1346 1482 dare
1360 1455 1480 1486 canibus,
1497 1463 1583 1490 reque
1599 1455 1729 1489 projicere
1743 1455 1901 1490 margaritas

1107 1505 1170 1528 ante
1193 1509 1302 1536 porcos.
1317 1501 1382 1528 Natu
1397 1501 1440 1528 alii
1462 1506 1522 1528 sunt
1536 1501 1664 1528 animales
1676 1522 1682 1532 ,
1697 1506 1724 1528 et
1737 1508 1789 1528 non
1805 1500 1902 1528 intelli-

1108 1551 1186 1582 gunt;
1201 1547 1246 1573 alii
1262 1547 1382 1574 velamen
1396 1547 1494 1574 habent
1506 1554 1552 1574 cor
1565 1553 1643 1574 suum
1657 1547 1795 1581 obtegens,
1810 1552 1837 1574 et
1848 1554 1902 1574 non

1109 1593 1209 1620 vident.
1225 1593 1295 1627 Ergo
1309 1593 1464 1628 mysterium
1481 1592 1544 1620 illud
1563 1598 1603 1620 est
1617 1593 1744 1626 maxime,
1758 1592 1828 1627 quod
1842 1592 1902 1627 qui-

1109 1637 1170 1664 dem
1192 1637 1289 1672 ubique
1311 1638 1480 1672 prtedicatur,
1497 1645 1549 1664 non
1573 1638 1742 1672 cognoscitur
1760 1642 1848 1665 autem
1870 1637 1904 1664 ab

1110 1683 1143 1709 iis
1157 1683 1201 1718 qui
1223 1687 1322 1710 rectatn
1337 1691 1389 1710 non
1405 1682 1504 1710 habent
1518 1688 1632 1710 mentctn
1645 1690 1652 1715 ;
1671 1682 1802 1710 revelatur
1815 1687 1905 1711 autem

1112 1735 1163 1754 non
1178 1736 1192 1755 a
1207 1728 1335 1763 sapientia
1347 1749 1354 1760 ,
1375 1728 1421 1755 sed
1436 1735 1450 1755 a
1464 1727 1564 1763 Spiritu
1586 1733 1695 1762 sancto,
1712 1733 1839 1763 quantum
1855 1735 1906 1755 nos

1112 1781 1253 1809 possumus
1265 1774 1397 1809 accipere.
1413 1774 1592 1807 Quamobrem
1607 1781 1661 1801 non
1678 1774 1843 1801 abcrraverit
1853 1794 1861 1806 ,
1882 1774 1906 1801 si

1111 1821 1172 1855 quis
1185 1821 1265 1848 etiam
1280 1820 1429 1848 secundum
1445 1820 1495 1847 ltoc
1509 1820 1666 1855 mysterium
1678 1820 1850 1855 appellaverit
1860 1828 1907 1848 ar-

1113 1873 1228 1899 canum;
1244 1874 1329 1901 neque
1344 1867 1416 1893 enim
1431 1866 1508 1893 nobis
1524 1866 1646 1894 ﬁdelibus
1658 1866 1755 1894 tradita
1769 1866 1816 1893 l'uit
1829 1866 1907 1901 plena
1952 1878 1954 1881 -

1113 1913 1171 1946 ejus
1186 1912 1321 1947 perceptio
1332 1917 1360 1940 et
1369 1918 1492 1940 accurata
1507 1912 1612 1940 notitia.
1624 1912 1792 1947 Quapropter
1803 1911 1910 1941 dicebat

1116 1960 1230 1990 Paulus.
1254 1958 1294 1986 Ea:
1310 1964 1381 1994 parte
1400 1959 1574 1993 cognoscimus
1593 1964 1616 1985 et
1635 1967 1667 1985 ea:
1685 1963 1757 1994 parte
1770 1958 1908 1993 propheta-

1115 2013 1180 2032 mus.
1200 2004 1319 2032 Videmus
1332 2005 1398 2032 enim
1412 2013 1478 2031 nunc
1498 2013 1542 2040 per
1556 2004 1685 2039 speculum
1696 2004 1768 2039 quasi
1790 2004 1816 2030 in
1829 2004 1911 2038 aenig-

1115 2055 1191 2083 mute,
1216 2055 1274 2077 tum:
1297 2055 1380 2077 autem
1396 2050 1461 2084 {acie
1473 2050 1507 2076 ad
1522 2050 1611 2084 faciem
1625 2050 1664 2085 (ι.
1675 2050 1734 2076 Cor.
1750 2049 1793 2076 15.
1808 2048 1834 2076 9.
1852 2048 1909 2083 12).

1117 2096 1178 2123 Ideo
1194 2095 1276 2128 dicit,
1292 2095 1431 2131 Loquimur
1445 2095 1596 2130 sapientiam
1609 2095 1634 2121 in
1649 2095 1843 2130 mystcrio,qua:
1852 2093 1911 2119 abs-

1117 2141 1237 2180 condita'
1251 2145 1305 2175 est,
1321 2149 1397 2175 quant
1412 2141 1598 2175 prtedestinavit
1616 2139 1686 2167 Deus
1708 2144 1765 2166 ante
1778 2139 1872 2166 stecula
1884 2138 1911 2165 in

1124 2192 1238 2227 gloriam
1249 2194 1376 2217 nostram.
1392 2187 1589 2218 Absconditam,
1600 2185 1625 2211 id
1634 2190 1684 2215 est,
1697 2183 1767 2209 nulla
1779 2188 1811 2209 ex
1823 2188 1917 2215 super-

1126 2225 1169 2264 nis
1178 2235 1355 2272 potestatibus
1364 2239 1426 2262 ante
1434 2242 1484 2262 nos
1494 2231 1603 2263 didicit;
1615 2230 1655 2257 vol
1664 2228 1735 2264 quod
1747 2234 1835 2262 neque
1845 2225 1916 2253 mul-

1119 2279 1138 2306 ti
1153 2286 1223 2306 nunc
1236 2283 1352 2306 norunt:
1369 2277 1420 2305 ltoc
1441 2278 1513 2305 enim
1533 2277 1685 2304 declaratur
1702 2284 1736 2304 ex
1757 2276 1814 2309 illo,
1831 2275 1914 2309 Quam

1119 2325 1308 2361 prwdestinavit
1331 2324 1357 2351 in
1382 2323 1490 2359 gloriam
1511 2327 1644 2350 nostram:
1664 2329 1826 2357 quamquam
1851 2321 1914 2348 alibi

1119 2372 1200 2404 dicat,
1213 2371 1246 2398 In
1259 2371 1367 2406 gloriam
1381 2379 1453 2398 suam
1466 2370 1575 2405 (Ephcs.
1588 2370 1613 2396 Ι.
1628 2369 1683 2404 1‘2).
1696 2369 1776 2396 Sttam
1786 2369 1857 2396 enim
1874 2375 1915 2395 re-

1121 2422 1192 2452 putat
1208 2417 1319 2452 gloriam
1331 2417 1443 2444 salutcm
1453 2421 1588 2447 nostram;
1605 2420 1634 2442 ut
1646 2416 1725 2442 etiam
1737 2415 1842 2442 divitias
1853 2421 1916 2441 suas

1120 2466 1215 2495 vocat,
1233 2461 1338 2488 etiamsi
1351 2462 1408 2496 ipse
1423 2461 1457 2488 sit
1471 2462 1599 2488 bonorutn
1614 2460 1728 2492 diviti-.e,
1742 2464 1768 2486 et
1784 2459 1858 2486 ttullo
1872 2459 1915 2485 in-

1121 2508 1210 2542 digeat
1229 2512 1257 2534 ut
1270 2507 1304 2534 sit
1318 2507 1403 2534 dives.
1421 2505 1629 2538 Prwdestt'nuvil,
1647 2505 1746 2540 inquit,
1762 2511 1838 2532 suam
1853 2511 1916 2539 erga

1123 2561 1171 2580 nos
1185 2553 1379 2587 providentiam
1394 2551 1524 2579 indicans.
1538 2552 1576 2578 Illi
1589 2551 1659 2579 enim
1676 2551 1792 2578 maxime
1805 2557 1854 2577 nos
1869 2550 1917 2577 lto-

1123 2608 1218 2628 norare
1230 2604 1258 2627 et
1267 2607 1357 2627 atnare
1369 2600 1566 2632 existimantur,
1581 2598 1625 2634 qui
1640 2598 1716 2626 nobis
1726 2605 1741 2624 a
1755 2597 1835 2632 longo
1851 2602 1918 2624 tem-

1124 2653 1187 2680 pore
1202 2646 1270 2673 bona
1292 2645 1414 2672 conferre
1430 2644 1514 2680 parati
1533 2648 1612 2677 sunt,
1628 2643 1654 2671 id
1668 2643 1738 2679 quod
1755 2643 1854 2670 faciunt
1870 2651 1918 2678 pa-

1124 2696 1213 2719 rentes
1229 2691 1308 2718 ﬁliis:
1326 2691 1425 2718 etenim
1447 2690 1470 2718 si
1486 2694 1621 2725 postremo
1643 2689 1708 2717 dant
1728 2689 1874 2724 pecunias,
1892 2689 1917 2715 id

1122 2737 1224 2772 jamdiu
1245 2741 1272 2765 et.
1286 2737 1321 2765 ab
1334 2737 1409 2764 initio
1430 2736 1604 2771 praemeditati
1620 2735 1734 2763 fuerant.
1749 2734 1805 2762 lloc
1821 2735 1918 2762 Paulus

1125 2792 1195 2812 nunc
1213 2789 1326 2812 conatur
1342 2783 1485 2811 ostendere
1496 2803 1503 2816 ,
1519 2782 1589 2817 quod
1612 2782 1682 2810 Deus
1699 2789 1748 2808 nos
1771 2789 1878 2815 semper
1891 2785 1919 2808 et

1123 2831 1178 2866 jam
1191 2831 1255 2859 olim
1269 2831 1413 2863 amaverit,
1429 2837 1490 2858 eum
1508 2828 1628 2857 nondum
1649 2829 1702 2855 nati
1717 2835 1848 2855 essemus.
1863 2826 1919 2854 Nisi

1128 2877 1199 2905 enim
1217 2881 1351 2911 amasset,
1374 2876 1479 2905 divitias
1499 2876 1575 2905 nobis
1594 2883 1648 2904 non
1663 2874 1918 2911 praedestinavisset.
