2060 3111
214 134 251 161 57
750 129 784 158 ΙΝ
802 129 909 159 EPIST.
931 129 940 157 1
972 130 992 157 Δ

1049 129 1113 158 30R.
1135 130 1247 162 1101111..
1261 135 1316 165 νη.

214 190 253 218 Ne
264 196 329 225 ergo
338 188 440 224 cogites
450 196 508 216 eam
519 195 578 223 quae
591 187 742 216 interceSsit
754 186 920 215 inimicitiam
931 194 938 220 ;
954 189 1012 214 crat

214 237 288 264 enim
311 235 354 262 illa
370 236 506 270 antiquior
520 234 648 262 amicitia.
665 233 730 261 Illud
749 238 838 260 autem
849 253 857 266 ,
877 233 942 260 Ante
961 239 1010 259 ste-

213 282 288 314 cula,
304 285 435 309 aeternum
454 281 504 308 sibi
525 281 582 308 vult
596 289 603 308 :
618 287 678 307 nam
697 285 724 307 et
739 279 802 308 alibi
817 280 852 306 ita
872 279 1008 314 loquitur:

216 326 266 360 Qui
279 331 316 354 est
329 331 390 353 ante
403 326 506 353 rwcula.
527 325 679 353 Invenietur
693 332 758 360 ergo
777 325 857 352 etiam
876 323 958 351 Filius
973 324 1012 351 sic

213 377 332 400 mtcrnus
347 379 418 399 esse.
434 370 500 398 Nam
517 371 550 398 de
564 371 622 406 ipso
635 370 710 404 dicit,
726 370 796 406 quod
809 377 856 405 per
871 370 956 406 ipsum
971 369 1010 397 1⁵0-

212 419 280 447 cerit
293 419 392 446 saecula
406 417 500 454 (Hebr.
515 418 540 445 l.
556 417 596 452 Ξ),
610 416 681 452 quod
693 421 734 444 est
748 421 809 444 ante
820 417 917 444 saecula
930 423 990 444 esse
1002 425 1009 442 ε

212 465 257 500 qui
273 464 337 492 fecit
349 464 433 497 enim,
446 467 508 490 ante
521 463 564 490 illa
577 471 637 498 qua:
651 463 717 490 facta
729 467 791 490 sunt
804 467 871 490 erat.
883 462 910 490 8.
928 461 1010 496 Quam

212 519 287 538 nemo
309 511 455 546 principum
477 510 553 545 hujus
576 510 663 538 sa'culi
682 509 798 545 cognovit
811 517 820 536 :
834 509 856 536 si
877 509 944 536 enim
966 517 1009 536 co-

210 556 367 593 gnovissent,
389 564 526 592 numquam
548 555 686 582 Dominum
707 555 796 591 gloria:
814 555 1008 586 cruci/imissent.

211 603 293 636 Atqui
314 609 348 629 ne
366 601 531 629 accusationi
554 601 662 636 quidem
684 605 760 628 erant
774 600 901 634 obnoxii,
924 600 1008 636 siqui-

212 645 275 672 dem
293 654 326 672 ex
350 645 505 680 ignorantia
523 646 729 673 crueitixerunt.
747 645 774 673 Si
787 649 876 674 autem
888 653 942 673 non
957 654 1006 674 co-

212 696 377 726 gnoverunt,
387 691 524 726 quotnodo
539 691 646 719 dicebat
663 701 669 718 :
686 691 719 717 Et
734 700 774 718 me
788 692 881 725 nostis,
897 696 920 718 et
936 692 1004 719 unde

209 740 259 766 sint
274 740 353 767 nostis
371 739 466 775 (Joan.
483 740 509 767 7.
525 739 594 776 28)?
610 739 647 766 De
665 739 749 766 Pilato
762 739 834 766 enim
852 738 916 766 dicit
936 738 1009 766 Scri-

210 789 289 818 ptura
300 805 307 817 ,
324 785 395 820 quod
415 792 470 811 non
491 784 612 816 noverit;
629 784 774 812 verisimile
794 788 884 811 autem
904 788 945 811 est
958 791 1007 811 nec

210 829 346 858 llerodcm
366 830 485 858 novisse.
501 830 554 857 llos
569 830 668 858 dixerit
682 830 815 864 quispiam
832 830 919 857 Vocari
932 830 1005 865 prin-

210 877 284 911 cipes
297 875 377 911 hujus
387 876 490 904 surculi.
507 875 583 909 Quod
597 875 619 902 si
634 875 668 903 de
680 874 779 902 Judreis
793 880 819 902 et
833 875 866 902 de
878 875 1006 903 sacerdo-

211 925 282 951 tibus
297 923 395 950 dixerit
407 923 540 958 quispiam
555 923 612 950 ha‘c
622 923 745 958 intelligi,
758 930 811 950 non
823 923 986 950 aberraverit
998 930 1005 955 ;

209 978 271 997 nam
287 970 339 997 illis
352 978 459 1005 quoque
473 970 538 998 dicit
551 978 558 995 :
576 969 632 997 Nec
645 978 684 996 me
697 969 790 1002 nostis,
808 977 886 1004 neque
902 969 1005 1006 Patrem

208 1025 291 1044 meum
309 1016 318 1052 (
333 1015 378 1043 Id.
394 1016 420 1044 8.
438 1016 505 1052 19).
525 1015 664 1050 Quontodo
681 1023 746 1050 ergo
766 1016 889 1050 superius
919 1015 1003 1050 dixit,

207 1062 241 1090 Et
255 1071 294 1090 me
314 1063 402 1096 nostis,
415 1067 440 1090 et
459 1063 526 1090 unde
544 1063 591 1090 sint
606 1062 707 1089 nostis?
719 1062 770 1090 Sed
786 1062 846 1097 quis
861 1062 895 1089 sit
909 1062 1003 1089 modus

205 1108 286 1142 hujus
300 1113 329 1136 et
346 1108 416 1135 illius
429 1107 562 1141 lectiunis,
580 1108 606 1135 in
621 1107 773 1143 Evangeliis
787 1107 887 1134 dictum
904 1111 962 1140 est;
976 1111 1002 1135 et

205 1161 240 1180 ne
264 1152 331 1180 illud
352 1152 520 1188 frequentius
541 1160 694 1184 versemus,
720 1160 753 1179 eo
776 1152 939 1180 remittimus
962 1152 1001 1179 lc-

202 1204 306 1226 etores.

238 1244 267 1272 5.
279 1244 348 1277 Quid
357 1245 434 1280 ergo?
445 1245 586 1272 remissum
601 1248 642 1272 est
652 1244 716 1277 illis,
728 1244 798 1279 quod
810 1244 881 1271 111-011
892 1252 998 1274 crucem

201 1290 370 1318 admiserunt
379 1291 530 1326 peccatum?
539 1299 598 1318 nam
608 1290 685 1322 dixit,
697 1290 802 1317 Remitte
811 1290 873 1317 illis.
882 1289 1000 1326 8111111111-

202 1336 314 1366 tentiam
328 1341 440 1372 egerunt
452 1357 460 1370 ,
473 1337 615 1364 remissum
637 1342 688 1365 est.
710 1336 776 1364 Nam
789 1337 836 1372 qui
850 1336 999 1364 innumeris

201 1382 327 1410 manibus
335 1381 499 1417 Stephanum
509 1382 544 1410 1111
548 1383 624 1417 [101111
631 1387 658 1410 et
665 1382 812 1410 Ecclesium
821 1387 998 1418 persequutus

200 1433 244 1456 est
255 1450 263 1462 ,
278 1429 387 1461 Paulus,
403 1429 532 1457 Ecclesiae
547 1433 675 1464 patronus
689 1429 776 1457 tactus
787 1434 837 1457 est.
859 1429 903 1457 Sic
916 1429 999 1465 igitur

202 1473 286 1502 etiam
300 1473 355 1502 illis
376 1474 519 1502 remissum
540 1481 591 1506 cst,
608 1475 653 1509 qui
665 1475 800 1502 voluerint
812 1475 996 1510 paenitentiam

197 1527 296 1555 agere:
307 1521 379 1556 quod
390 1521 471 1548 etiam
484 1520 581 1549 Paulus
591 1521 709 1549 clamans
716 1521 822 1549 dicebat
834 1530 840 1548 :
850 1521 914 1550 Dico
925 1530 994 1557 ergo,

199 1566 274 1594 Num
286 1567 348 1601 quid
362 1566 539 1600 olfenderunt,
556 1573 583 1594 ut
597 1567 714 1594 caderent
726 1567 739 1594 ?
753 1567 824 1594 Absit
837 1568 846 1602 (
858 1567 933 1594 Rom.
949 1568 993 1595 11.

197 1613 230 1641 li
245 1613 267 1647 ).
277 1613 309 1640 Et
323 1613 431 1646 iterum,
443 1612 470 1640 Ν
473 1621 515 1640 unt
530 1613 624 1648 repulit
633 1612 760 1640 Dominus
775 1614 897 1648 populum
907 1622 992 1647 suum,

197 1667 272 1694 quem
287 1659 435 1693 111-1118010112
449 1659 520 1686 Absit
533 1658 613 1696 (Ibid.
629 1667 653 1687 υ.
666 1658 704 1695 1).
721 1659 823 1687 Deinde
833 1659 991 1693 ostendens,

195 1705 268 1740 quod
293 1713 345 1733 non
368 1704 422 1733 sint
444 1704 545 1733 exclusi
565 1712 581 1732 a
603 1704 778 1740 ptenitentia,
802 1710 988 1741 argumentum

195 1751 306 1779 adducit
320 1751 503 1787 panitentiam
513 1758 588 1778 suam
603 1751 696 1778 dicens
709 1759 716 1777 ι
729 1750 799 1778 Nam
810 1755 834 1778 et
844 1759 889 1786 ego
901 1751 992 1778 Israe-

196 1797 242 1824 lita
254 1805 321 1825 sum.
342 1797 411 1824 illud
422 1801 521 1830 autem,
539 1796 600 1823 Non
613 1801 792 1832 cognoverunt,
809 1796 914 1824 videtur
925 1797 993 1825 mihi

195 1842 294 1870 nonde
305 1842 411 1870 Christo
424 1842 524 1870 dictum
537 1842 580 1870 hic
595 1842 685 1875 fuisse,
695 1842 741 1870 sed
755 1842 789 1870 de
802 1843 841 1870 rei
852 1843 992 1878 dispensa-

195 1887 270 1916 tione
285 1896 290 1915 :
308 1888 383 1915 verbi
402 1887 504 1922 gratia,
522 1887 585 1923 quid
600 1887 651 1915 sibi
669 1887 769 1915 vellent
783 1894 856 1915 mors
874 1892 903 1916 et
924 1895 989 1923 crux

195 1932 361 1961 nesciebant.
375 1933 480 1960 Etenim
495 1940 546 1960 non
560 1932 624 1960 dicit
647 1932 684 1961 ibi
694 1953 702 1966 .
717 1933 758 1961 Me
772 1941 824 1961 non
839 1938 988 1967 noverunt;

194 1979 242 2007 sed
254 1999 264 2012 ,
287 1978 411 2006 Nesciunt
432 1978 495 2014 quid
513 1978 611 2014 faciunt
625 1977 710 2014 (Luc.
732 1979 778 2006 25.
794 1979 830 2007 51
841 1979 869 2015 );
885 1979 912 2007 id
927 1984 969 2008 est
981 2001 988 2014 ,

193 2023 373 2052 meonomiam
385 2032 445 2058 qua:
456 2023 592 2059 peragitur
602 2028 629 2051 et
644 2025 799 2059 mysterium
814 2031 865 2051 non
880 2029 989 2052 norunt.

194 2069 252 2097 Non
267 2069 340 2097 enim
362 2069 503 2103 sciebant,
528 2068 644 2096 futurum
668 2076 727 2097 esse
758 2073 787 2097 ut
810 2077 876 2097 crux
889 2070 923 2097 ita
946 2078 989 2099 rc~

193 2115 351 2150 splenderet
363 2136 370 2147 ,
386 2122 436 2142 nec
449 2113 519 2149 quod
533 2114 610 2142 ﬁeret
624 2114 697 2143 salus
716 2114 789 2143 orbis
803 2136 810 2149 ,
821 2120 849 2143 et
863 2115 912 2150 Dei
926 2123 986 2144 cum

194 2161 349 2189 hominibus
363 2160 544 2189 reconciliatio
557 2181 565 2195 ,
581 2168 667 2196 neque
682 2161 801 2188 futurum
821 2161 894 2189 urbis
914 2162 987 2190 exci-

192 2208 267 2235 dium
279 2227 287 2239 ,
301 2215 352 2235 nec
364 2207 435 2243 quod
448 2211 567 2235 extrema
581 2207 619 2236 illi
636 2207 741 2242 passuri
755 2212 856 2236 essent.
872 2208 988 2244 Sapien-

192 2253 256 2281 tiam
269 2258 360 2280 autem
373 2257 451 2281 vocat
464 2257 492 2281 et
503 2253 640 2281 Christum
654 2257 681 2280 et
695 2261 801 2286 crucem
818 2258 845 2281 et
855 2254 987 2290 praedica-

191 2299 303 2327 tionem.
324 2298 481 2334 Opportune
492 2306 556 2326 vero
568 2303 595 2327 et
611 2299 753 2326 Dominum
765 2299 857 2334 gloriae
868 2300 986 2328 vocavit.

191 2344 258 2378 Quia
272 2345 345 2372 enim
360 2351 426 2371 crux
448 2344 626 2380 ignominiosa
647 2344 753 2372 videtur
767 2352 845 2379 esse,
869 2345 987 2373 ostendit

190 2397 298 2417 crucem
312 2396 374 2417 esse
386 2397 507 2425 magnam
521 2390 646 2425 gloriam.
668 2390 719 2418 Sed
734 2398 829 2426 magna
843 2398 911 2426 opus
928 2396 986 2419 erat

190 2435 320 2470 sapientia
335 2443 388 2463 non
404 2436 482 2463 modo
495 2436 528 2463 ad
544 2437 626 2464 Deum
640 2437 856 2472 cognoscendum
870 2458 878 2470 ,
895 2437 942 2465 sed
957 2442 984 2466 et

189 2477 222 2504 ad
235 2477 393 2506 discendam
415 2478 483 2506 hanc
498 2478 544 2506 Dei
557 2481 735 2506 (nconomiam
751 2487 758 2506 :
771 2485 881 2507 externa
894 2484 983 2507 autem

190 2523 321 2558 sapientia
335 2531 390 2551 non
406 2523 489 2558 priori
502 2529 604 2551 tantum
617 2544 624 2557 ,
639 2524 687 2552 sed
702 2524 763 2551 huic
776 2524 855 2552 etiam
871 2525 982 2560 impedi-

189 2574 280 2597 mento
292 2569 351 2597 fuit.
369 2569 397 2598 9.
412 2569 476 2604 Sed,
501 2574 529 2597 ut
541 2570 662 2605 scriptum
675 2574 720 2603 est,
739 2570 835 2597 Oculus
848 2579 898 2597 non
912 2571 983 2602 vidit,

188 2623 234 2642 nec
246 2616 316 2643 auris
328 2616 426 2643 audiuit
438 2636 445 2648 ,
467 2624 513 2643 nec
525 2619 552 2643 in
565 2625 609 2643 cor
621 2617 731 2644 hominis
745 2617 910 2644 ascenderunt
924 2625 980 2652 qua

190 2661 342 2695 praeparauit
359 2660 428 2688 Deus
441 2661 602 2696 diligentibus
615 2670 651 2688 se.

223 2705 303 2732 Multi
324 2706 469 2741 Scriptum
488 2715 567 2734 suone
589 2707 647 2734 libri
666 2706 768 2742 perditi.
781 2707 861 2734 -Ει
874 2707 982 2735 ubinam

186 2753 285 2787 scripta
299 2757 364 2781 sunt
379 2753 438 2781 haec
451 2752 508 2788 (a)?
521 2753 622 2781 Dicitur
634 2774 641 2787 ,
667 2753 800 2789 Scriptum
810 2758 847 2781 est
857 2775 865 2789 ,
878 2754 984 2782 etiamsi

217 2828 260 2864 (α).
277 2829 325 2864 llic
345 2833 417 2855 notat
433 2829 678 2864 AndreasDounmus
689 2849 697 2861 ,
713 2831 925 2864 Chrysostomum,
942 2833 984 2864 qui

186 2860 274 2891 quatit
282 2860 384 2886 ubinam
395 2861 533 2892 reperiatur
542 2861 565 2887 in
572 2861 672 2888 Veteris
680 2860 827 2889 't'estan'tenti
837 2863 904 2890 libris
915 2860 984 2890 locus

1488 119 1503 140 ρ

1826 152 1861 180 58

1066 195 1117 241 non
1125 191 1229 241 vrerbis,
1238 194 1285 241 sed
1294 194 1321 223 iu
1335 197 1414 226 rebus
1425 198 1490 235 ipsis
1499 200 1556 230 11100
1571 205 1656 238 posita
1667 205 1732 241 sint,
1745 212 1771 235 ut
1782 207 1808 236 in
1819 209 1858 237 hi-

1064 235 1166 284 storiis;
1179 238 1219 284 vel
1229 239 1252 266 si
1262 240 1318 275 ipse
1332 243 1439 277 quidem
1450 254 1546 275 sensus
1556 235 1717 284 reperiatur,
1726 235 1793 280 licet
1804 262 1856 281 non

1064 282 1128 328 ipsis
1139 282 1226 328 verbis
1235 286 1304 313 sicut
1320 287 1373 316 hic.
1385 289 1453 318 illud
1461 292 1545 328 enim,
1559 282 1655 328 Quibus
1666 282 1715 325 non
1723 301 1856 327 annuntia-

1064 326 1116 381 tupt
1127 331 1163 352 est
1171 327 1265 381 tle-illo,
1276 332 1406 368 uidebunt;
1412 341 1436 364 et
1444 339 1491 373 qui
1496 326 1546 367 non
1556 326 1703 375 audierunt,
1716 326 1856 381 intelligent

1065 373 1277 424 (3011111321)
1289 389 1297 413 ;
1314 379 1365 409 hoc
1379 382 1494 417 idipsum
1508 390 1548 413 est
1560 391 1640 422 atque
1658 373 1722 416 111ύά
1737 411 1744 424 ,
1761 373 1856 419 enim;

1063 429 1118 469 non
1128 423 1190 469 uidit
1202 444 1210 457 ,
1225 433 1270 452 nec
1283 427 1352 453 auris
1365 429 1472 457 audivit.
1496 431 1550 459 Aut
1562 432 1613 460 hoc
1625 433 1706 469 igitur
1721 435 1796 468 dicit;
1810 443 1855 464 aut

1063 467 1208 516 verisimile
1229 474 1270 498 est
1286 471 1413 507 scriptum
1437 475 1519 504 fuisse
1541 477 1567 504 in
1597 467 1683 512 libris,
1707 481 1751 515 qui
1769 467 1855 516 perie-

1063 512 1125 540 rint.
1152 513 1217 562 _Nam
1248 517 1325 545 multi
1355 519 1415 546 libri
1448 522 1544 555 perditi
1567 524 1689 557 luerunt,
1715 512 1746 554 et
1769 512 1854 562 pauci

1062 559 1159 609 servati
1173 565 1245 595 sunt,
1260 563 1340 590 etiam
1355 565 1379 591 in
1397 566 1478 600 prima
1495 569 1658 603 captivitate.
1677 572 1709 599 Et
1721 559 1854 608 hoc—pcr-

1061 607 1181 653 spicuum
1195 612 1235 634 est
1248 607 1274 635 in
1289 609 1498 645 Paralipomcnis
1513 623 1518 640 :
1534 614 1677 643 dicitenim
1688 607 1831 652 Apostolus
1843 641 1851 653 ,

1061 649 1082 698 ᾼ
1099 650 1219 680 Samuele
1230 659 1254 681 ct
1277 656 1308 682 iis
1322 657 1365 690 qui
1380 663 1466 693 postea
1480 660 1582 694 [uerunt
1596 649 1726 697 prophetis
1736 686 1743 698 ,
1766 649 1854 694 omnes

1060 696 1092 724 de
1105 697 1151 724 illo
1166 699 1284 728 dixerunt
1297 703 1306 736 (
1319 702 1374 730 Act.
1396 705 1421 732 5.
1435 704 1492 741 21).
1509 707 1543 733 At
1557 696 1608 735 non
1622 696 1802 739 omnino-hmo
1817 713 1850 740 ita

1060 741 1184 790 feruntur
1199 755 1206 773 :
1223 746 1336 775 Paulum
1357 754 1446 778 autem
1463 756 1597 787 tamquam
1614 754 1679 790 ivgis
1694 757 1806 790 petitum
1823 763 1850 786 et

1058 795 1090 815 ex
1105 788 1205 824 Spiritu
1228 791 1381 828 loquentem
1396 797 1550 825 verisimile
1564 804 1603 826 est
1617 788 1705 828 omnia
1727 808 1851 832 accurate

1058 834 1178 863 scivisse.
1193 836 1224 864 Et
1235 838 1297 873 quid
1310 839 1371 872 dico,
1383 841 1417 868 de
1430 843 1604 877 captivitate?
1620 854 1682 873 nam
1695 847 1774 874 etiam
1789 855 1850 876 ante

1057 881 1237 915 captivitatem
1252 886 1327 913 multi
1342 887 1446 921 periere
1461 888 1532 921 libri,
1548 890 1647 918 Judd'is‘
1663 892 1687 918 111
1701 897 1848 921 extremam

1058 927 1220 975 impietatem
1234 930 1350 966 delapsis
1373 942 1380 960 :
1406 934 1474 969 quod
1492 936 1578 970 palam
1594 944 1631 964 est
1648 946 1679 965 ex
1696 939 1748 967 111ιο
1762 942 1849 975 quarti

1058 972 1118 1000 lihri
1132 974 1296 1010 Regnorum.
1316 979 1555 1009 Detttcronomium
1570 984 1639 1010 cnim
1658 985 1700 1011 vix
1714 972 1850 1020 repertum

1057 1018 1105 1046 iuit
1129 1019 1156 1047 in
1176 1023 1345 1057 sterquilinio
1366 1025 1514 1054 defossum.
1535 1028 1659 1064 Alioquin
1683 1018 1771 1058 autem
1787 1037 1849 1060 sunt

1055 1070 1128 1098 smpe
1140 1065 1220 1093 etiam
1234 1067 1354 1102 duplices
1365 1072 1513 1105 prophetiae
1526 1093 1532 1106 ,
1548 1073 1660 1108 Sapienti
1675 1076 1755 1103 :rihus
1771 1076 1847 1105 facile

1054 1110 1177 1158 cognitae,
1195 1119 1228 1139 ex
1251 1113 1347 1148 quibus
1372 1117 1475 1143 occulta
1503 1119 1584 1145 multa
1603 1127 1712 1154 possunt
1734 1124 1844 1158 percipi.

1054 1154 1121 1189 Quid
1136 1158 1219 1192 ergo?
1241 1166 1294 1186 non
1311 1160 1377 1188 vidit
1389 1163 1483 1190 oculus
1494 1160 1558 1198 qua:
1579 1154 1741 1200 111-1011010111
1757 1154 1847 1196 Deu-s'.’

1051 1201 1130 1229 Non:
1147 1204 1206 1238 quis
1219 1205 1289 1232 enim
1302 1205 1440 1236 hominum
1457 1209 1521 1237 vidit
1535 1218 1575 1242 ca,
1593 1219 1651 1247 quin
1666 1212 1846 1248 dispensanda

1052 1249 1220 1277 erant?Nunt
1230 1259 1294 1286 ergo
1307 1261 1393 1288 neque
1405 1255 1476 1282 auris
1489 1257 1599 1291 audivit,
1611 1266 1658 1286 nec
1667 1259 1694 1286 in
1704 1268 1750 1287 cor
1761 1261 1846 1288 homi-

1051 1294 1092 1321 nis
1102 1296 1298 1325 ascenderunt?
1310 1303 1337 1326 01
1347 1301 1495 1334 quomodo?
1505 1302 1526 1329 si
1538 1303 1609 1330 enim
1623 1305 1760 1340 ρ101111υιςιι
1770 1306 1844 1333 disc-

1051 1345 1123 1375 runt,
1139 1342 1253 1377 inquies,
1267 1346 1402 1379 quomodo
1415 1347 1488 1375 auris
1505 1356 1556 1375 non
1572 1349 1682 1384 audivit,
1697 1359 1744 1378 nec
1757 1351 1782 1377 in
1795 1359 1843 1379 cnr

1050 1386 1166 1417 hominis
1186 1391 1385 1420 ascenderunt?
1408 1393 1465 1421 Non
1487 1395 1666 1423 ascenderunt
1683 1406 1689 1424 :
1704 1406 1755 1425 non
1770 1399 1841 1425 enim

1049 1432 1082 1460 de
1091 1433 1156 1469 ipsis
1171 1436 1236 1463 solis
1255 1437 1382 1472 loquitur,
1396 1439 1445 1466 sed
1463 1440 1541 1467 etiam
1555 1441 1588 1468 de
1603 1442 1727 1469 universa
1749 1448 1842 1471 natura

1050 1480 1176 1509 humana.
1198 1482 1266 1516 Quid
1279 1485 1363 1519 ergo?
1380 1487 1517 1521 prophetae
1533 1495 1585 1514 11011
1600 1488 1763 1516 audierunt?
1787 1493 1841 1517 Au-

1048 1526 1156 1555 dicrunt
1169 1529 1291 1564 quidem;
1303 1535 1329 1558 at
1342 1539 1395 1559 non
1410 1538 1467 1560 erat
1481 1534 1554 1561 auris
1568 1534 1695 1568 hominis,
1711 1537 1758 1564 sed
1769 1537 1841 1565 auris

1048 1574 1203 1609 prophetica
1220 1585 1226 1603 :
1243 1584 1294 1604 non
1310 1578 1380 1605 enim
1395 1584 1423 1606 111
1436 1578 1560 1608 homines
1573 1581 1716 1609 audit-runt
1727 1603 1736 1616 ,
1750 1579 1797 1611 sed
1814 1589 1842 1611 ut

1047 1620 1196 1655 prophetia.
1216 1622 1386 1658 Quapropter
1397 1625 1482 1654 dicit:
1500 1627 1596 1662 Adfecit
1617 1629 1679 1655 mihi
1700 1637 1787 1656 aurem
1806 1633 1839 1657 ad

1046 1668 1204 1696 audiendth
1228 1669 1315 1704 (Isai.
1348 1671 1394 1700 50.
1419 1672 1476 1708 4);
1498 1673 1677 1709 adjectioncm
1700 1683 1714 1702 a
1738 1676 1838 1711 Spiritu

1045 1713 1142 1741 factam
1166 1715 1269 1743 dicens.
1301 1716 1376 1745 Unde
1400 1719 1569 1747 manifestum
1597 1725 1657 1753 est,
1681 1722 1751 1756 quod
1765 1723 1838 1756 prius

1044 1768 1123 1795 quam
1137 1762 1262 1796 audiret,
1278 1771 1327 1792 nec
1339 1763 1365 1791 111
1381 1772 1428 1792 cor
1447 1766 1554 1801 quidem
1570 1767 1685 1799 hominis
1707 1770 1836 1797 ascende-

1044 1811 1115 1834 rant.
1136 1807 1201 1834 Nam
1216 1814 1355 1844 postquam
1369 1810 1447 1838 datus
1461 1812 1575 1846 Spiritus
1588 1813 1674 1842 fuerat
1685 1835 1693 1847 ,
1714 1822 1761 1842 cur
1775 1823 1836 1850 pro-

1043 1854 1184 1888 phetarum
1199 1862 1252 1882 non
1265 1860 1322 1883 erat
1336 1863 1383 1883 cor
1398 1856 1515 1885 hominis
1529 1879 1537 1892 ,
1554 1859 1600 1886 sed
1614 1867 1661 1886 cor
1676 1860 1813 1895 spiritualc
1827 1883 1834 1894 ,

1043 1900 1266 1934 quemadmodum
1287 1906 1315 1930 et
1329 1903 1385 1937 ipse
1398 1903 1434 1930 ait
1447 1925 1454 1935 ,
1472 1904 1583 1932 Mentem
1605 1905 1700 1933 Christi
1715 1907 1834 1935 habemus

1042 1945 1160 1984 (Lqu.
1175 1945 1202 1974 2.
1224 1947 1289 1983 16).
1311 1947 1386 1982 Quod
1410 1949 1474 1977 dicit
1486 1955 1585 1983 autem,
1603 1951 1757 1987 hujusmodi
1770 1958 1811 1981 est
1828 1963 1835 1981 :

1041 1995 1184 2026 antequam
1198 1991 1298 2027 Spiritu
1317 1993 1468 2022 l'rueremur
1481 2001 1508 2023 et
1526 2004 1623 2024 arcana
1640 1997 1832 2033 edisceremus,

1041 2043 1091 2064 nec
1105 2045 1138 2064 ex
1152 2038 1229 2065 nobis
1242 2046 1291 2066 nec
1302 2047 1334 2067 ex
1347 2040 1484 2075 prophetis
1495 2042 1629 2077 quispiam
1641 2051 1672 2070 ea
1688 2044 1829 2072 intellexit.

1041 2082 1182 2117 Quomodo
1191 2085 1273 2118 enim,
1287 2093 1346 2113 cum
1359 2094 1410 2114 nec
1424 2087 1511 2123 angeli
1522 2089 1629 2123 quidem
1643 2089 1698 2124 ipsa
1712 2093 1834 2119 nossem?

1041 2129 1109 2163 Quid
1120 2129 1203 2163 enim,
1216 2130 1314 2166 inquit,
1328 2131 1470 2160 dicendum
1482 2138 1523 2161 est
1536 2134 1568 2162 de
1581 2135 1743 2170 principibus
1754 2137 1834 2172 hujus

1039 2176 1130 2203 smeuli
1142 2197 1150 2209 ,
1164 2184 1225 2204 cum
1244 2177 1334 2206 nullus
1347 2178 1427 2207 homo
1440 2187 1472 2207 ea
1486 2181 1568 2208 sciret
1580 2202 1587 2214 ,
1611 2189 1698 2217 neque
1709 2190 1834 2218 superna:

1040 2222 1212 2257 potestates?
1227 2223 1355 2258 Quaenam
1369 2229 1459 2254 autem
1476 2232 1540 2254 sunt
1555 2228 1600 2256 ea?
1612 2228 1688 2262 Quod
1704 2237 1750 2264 per
1763 2236 1835 2265 prte-

1040 2267 1183 2295 dicationis
1205 2269 1356 2304 stultitiam,
1382 2278 1442 2306 quae
1465 2272 1528 2301 talis
1549 2280 1608 2301 esse
1634 2274 1783 2309 videbatur,
1806 2281 1834 2304 ct

1039 2318 1133 2348 gentes
1157 2313 1334 2349 inducentur,
1357 2321 1385 2344 et
1409 2317 1455 2345 Dei
1478 2325 1538 2346 cum
1561 2319 1715 2348 hominibus
1738 2329 1832 2358 recon-

1039 2361 1138 2388 ciliatio
1148 2362 1199 2389 erit
1208 2367 1254 2396 ,et
1270 2367 1308 2390 tot
1318 2367 1443 2399 tantaque
1459 2365 1536 2393 nobis
1549 2371 1660 2393 ventura
1675 2372 1736 2394 sunt
1749 2368 1826 2397 hona.

1039 2407 1181 2441 Quomodo
1195 2416 1258 2444 ergo
1273 2410 1458 2445 cognovimus?
1473 2411 1517 2439 10.
1532 2411 1613 2439 Nobis
1625 2419 1718 2447 autem,
1734 2414 1830 2449 inquit,

1039 2453 1156 2481 reuelauit
1173 2453 1239 2481 Deus
1254 2463 1299 2490 per
1314 2455 1442 2490 Spiritum
1455 2465 1538 2484 suum.
1560 2458 1619 2485 Non
1632 2466 1679 2492 per
1691 2465 1830 2488 externam

1039 2499 1198 2534 sapientiam
1211 2508 1218 2527 :
1229 2499 1280 2534 ipsi
1292 2500 1364 2528 enim
1379 2506 1510 2536 tamquam
1522 2503 1619 2532 ancilla
1632 2505 1753 2540 quaedam
1765 2513 1830 2533 con-

1040 2548 1148 2580 tempta:
1157 2551 1210 2571 non
1225 2546 1383 2580 permissttm
1395 2547 1444 2574 11111
1455 2548 1525 2576 intus
1538 2549 1654 2584 ingredi,
1666 2555 1691 2577 et
1704 2552 1831 2586 mysteria

1039 2590 1178 2618 Dominica
1191 2591 1334 2626 inspicere.

1075 2637 1102 2665 4.
1124 2636 1220 2665 Viden’
1232 2642 1360 2673 quantum
1373 2638 1519 2668 discrimen
1535 2641 1608 2670 inter
1621 2643 1689 2670 hanc
1710 2649 1736 2670 et
1758 2644 1830 2671 11111111

1040 2705 1091 2734 ille,
1104 2711 1159 2740 cum
1171 2704 1265 2741 Paulus
1274 2704 1333 2741 inde
1343 2711 1466 2741 sumptum
1486 2709 1590 2739 indicat,
1602 2711 1691 2737 Oculus
1703 2718 1749 2737 non
1761 2711 1830 2741 cidit,

1039 2743 1083 2772 nec
1095 2736 1163 2772 puris
1174 2736 1347 2772 αυάὶυζιηριοη
1365 2736 1413 2763 11011
1429 2739 1566 2772 advenisse
1583 2736 1662 2767 locum
1672 2736 1740 2767 illum
1752 2736 1830 2772 Isaia;

1039 2768 1082 2792 ubi
1097 2767 1151 2791 haec
1167 2773 1215 2791 non
1231 2766 1260 2791 ad
1277 2766 1373 2801 [iterem
1388 2770 1488 2801 quidem
1499 2788 1506 2801 ,
1529 2772 1573 2796 sed
1591 2773 1678 2797 eodem
1695 2766 1829 2798 tantine:

1040 2802 1136 2834 runtur,
1149 2803 1238 2828 nempe
1249 2803 1300 2834 cap.
1313 2798 1352 2834 tit.
1365 2804 1385 2834 Α
1393 2798 1485 2834 itecqu
1493 2798 1541 2827 non
1556 2803 1693 2833 audierunt,
1702 2809 1778 2834 neque
1788 2810 1831 2829 mt-

1040 2829 1108 2869 rilms
1116 2831 1282 2869 perceperunt
1288 2834 1298 2869 ς
1309 2831 1397 2869 argutus
1403 2837 1450 2869 non
1462 2833 1533 2865 vidit,-
1547 2838 1620 2866 Deus,
1638 2829 1721 2868 absque
1732 2829 1829 2869 te,_qna:

1039 2863 1186 2894 preparasti
1198 2863 1388 2896 easpectantibus
1399 2867 1429 2890 te.
