2060 3111
235 118 270 147 εει
598 117 629 148 S.
648 117 786 148 JOANNIS
803 115 1041 147 CHRYSOSTOMI
1060 113 1219 145 ARCIIIEP.
1236 116 1503 148 CONSTANTINOP.
1839 119 1873 148 ϐο

235 175 416 211 sapientiam!
430 175 495 209 Quae
510 176 596 212 angeli
612 184 665 204 non
681 181 814 204 noverunt
826 195 833 208 .
850 183 882 203 ea
902 182 951 202 nos
967 173 1026 201 haec

235 221 335 249 docuit.
356 221 471 250 Externa
496 229 561 250 vero
584 222 746 250 contrarium
768 221 831 248 fecit
855 229 862 248 :
884 228 936 248 non
948 219 1028 247 modo

235 274 289 295 non
304 266 411 300 docuit,
437 267 483 296 sed
497 269 578 296 etiam
594 267 731 303 impedivit
745 272 772 294 ct
787 265 872 294 arcuit
887 274 894 292 :
910 270 937 293 et
952 270 1027 300 post-

234 320 314 347 quam
330 312 373 340 illa
398 313 465 340 facta
490 313 613 346 fuerunt,
630 313 673 340 illa
696 311 849 339 obscuravit
869 316 897 339 et
920 318 1026 339 erucem

236 358 376 386 cxinaniit.
395 358 452 386 Non
468 366 533 393 ergo
543 366 574 386 ex
589 365 622 386 eo
632 380 638 390 ,
655 358 725 392 quod
736 357 920 391 didicerimus,
936 361 1027 384 osten-

234 402 308 430 ditur
321 404 405 431 honor
420 403 497 431 nobis
509 408 670 437 conccsws,
693 410 744 430 nec
757 410 790 431 ex
805 409 838 431 eo
849 424 856 437 ,
878 403 949 438 quod
965 410 1025 430 cum

235 449 336 484 angelis
350 449 523 477 didicerimus
536 457 542 482 ;
568 449 615 477 sed
628 457 661 477 ex
677 456 709 477 eo
722 470 729 482 ,
745 449 816 485 quod
831 457 878 484 per
892 449 1023 484 Spiritum

234 493 294 528 ejus
318 493 499 521 didicerimus.
524 493 625 521 Deinde
646 499 786 530 postquam
811 495 1023 530 magnitudinem

233 538 370 571 ostendit,
395 539 433 566 ait
459 547 466 566 :
491 538 546 567 Nisi
562 539 696 574 Spiritus,
722 539 767 574 qui
780 540 831 567 scit
844 547 942 567 arcana
959 539 1024 572 Dei,

236 583 380 612 revelasset
391 605 398 617 ,
425 591 478 612 non
492 584 690 613 didicissemus.
710 584 748 612 ita
763 585 875 613 curabat
891 585 959 612 Deus
974 605 982 617 ,
998 589 1027 612 ut

234 629 261 656 in
289 630 393 658 arcanis
419 636 501 658 esset.
531 631 700 666 Quapropter
722 631 769 659 illo
794 637 861 666 opus
884 630 1026 659 habuimus

233 675 343 704 doctore
355 696 363 708 .
387 677 431 711 qui
448 677 505 705 lucc
519 677 592 705 clare
605 678 695 705 sciret.
717 677 831 713 Spiritus
852 678 918 705 enim
941 678 1026 705 omnia

232 726 370 756 scrutatur,
386 723 461 750 etiam
472 724 601 758 profunda
615 723 670 751 Dei.
685 724 728 751 11.
745 723 808 757 Quis
818 724 883 750 enim
895 723 1026 750 hominum

232 768 279 794 scit
293 775 349 803 qua:
371 773 428 795 sunt
443 769 552 795 hominis
564 789 572 802 ,
598 769 647 796 nisi
667 770 772 805 spiritus
786 769 895 796 hominis
907 789 914 803 ,
936 769 979 803 qui
999 769 1024 796 in

231 814 288 849 ipso
301 814 358 841 est?
373 814 415 841 Ita
428 820 450 842 et
461 823 518 850 qua:
532 815 580 843 Dei
594 821 653 843 sunt
664 824 736 843 nemo
748 816 816 843 novit
826 837 833 848 ,
849 816 899 843 nisi
910 815 1025 850 Spiritus

231 858 291 887 Dei.
313 859 356 887 12.
378 859 435 887 Nos
447 865 530 887 autem
553 869 603 888 non
618 862 736 896 spiritum
751 862 839 888 mundi
861 862 1003 896 accepimus
1015 882 1023 894 ,

230 905 276 933 and
290 905 415 942 Spiritum
428 907 472 942 qui
493 915 526 934 ea:
539 906 593 934 Deo
608 912 659 940 est,
676 912 703 934 ut
726 907 836 934 sciamus
850 915 908 942 qua:
930 915 946 934 ιι
967 906 1024 934 Dco

230 952 325 978 donata
339 957 398 979 sunt
412 952 493 979 nobis.
508 952 558 980 llic
572 953 643 980 enim
658 952 734 986 illud,
747 953 865 984 scrutari,
880 960 934 980 non
949 952 1024 988 igno-

229 997 353 1030 rantiam,
367 997 413 1025 sed
429 1002 581 1026 accuratam
596 998 734 1026 scientiam
750 998 860 1026 indicat.
872 998 927 1026 Hac
943 998 1023 1034 igitur

232 1043 350 1071 dictione
363 1045 443 1071 etiam
458 1044 493 1072 de
508 1044 563 1072 Deo
579 1044 690 1079 loquens
706 1052 769 1072 usus
783 1049 825 1072 est
839 1044 932 1072 dicens
948 1053 955 1072 :
972 1043 1023 1077 Qui

229 1094 313 1117 autent
326 1095 455 1118 scrutatur
476 1092 555 1118 corda
566 1112 573 1123 ,
590 1092 658 1119 novit
677 1092 734 1127 quis
753 1092 786 1118 sit
798 1099 887 1118 sensus
908 1091 1022 1126 Spiritus

230 1136 240 1172 (
254 1136 328 1164 Rom.
350 1136 375 1164 8.
390 1137 424 1164 27
437 1137 458 1172 ).
481 1138 581 1165 Deinde
594 1145 654 1166 cum
669 1142 797 1165 accurate
813 1137 941 1173 loquutus
950 1143 1022 1165 esset

229 1183 263 1211 de
273 1184 425 1218 cognitione
437 1185 561 1219 Spiritus,
570 1189 596 1211 et
606 1184 766 1212 ostendisset
779 1191 838 1212 eam
851 1185 886 1212 ita
898 1191 1022 1219 exaequa-

230 1229 252 1255 ri
271 1229 416 1264 cognitioni
433 1229 497 1264 Dei,
515 1235 543 1257 ut
556 1230 611 1265 ipsa
627 1230 743 1257 hominis
756 1230 874 1265 cognitio
887 1230 936 1258 sibi
953 1230 1019 1265 ipsi;

227 1279 256 1302 et
268 1275 404 1303 docuisset
418 1282 467 1303 nos
481 1277 570 1304 omnia
586 1276 648 1304 inde
661 1276 796 1310 didicisse,
806 1281 833 1304 et
849 1276 910 1304 inde
924 1283 1019 1304 neces-

226 1321 299 1349 sario
311 1342 319 1355 ,
344 1322 482 1357 subjunxit
495 1331 503 1350 :
518 1323 561 1350 i3.
583 1322 647 1356 Qua:
661 1324 736 1350 etiam
754 1323 883 1359 loquimur
893 1344 901 1357 ,
917 1332 969 1350 non
993 1324 1020 1351 in

226 1367 307 1394 doctis
325 1368 443 1396 humana:
463 1369 595 1404 sapientia:
608 1369 707 1401 verbis;
729 1369 775 1397 sed
786 1370 812 1397 in
827 1370 941 1397 doctrina
955 1370 1018 1405 Spi-

225 1414 288 1440 ritus
312 1415 411 1447 sancti,
442 1414 617 1449 spiritualibus
648 1415 793 1450 rpiritualia
826 1421 1017 1450 comparantes.

225 1460 320 1487 \‘idcu’
332 1468 386 1496 quo
408 1468 457 1488 nos
477 1460 618 1488 deduxerit
641 1461 674 1488 ab
695 1461 854 1489 auctoritate
873 1461 1018 1490 doctoris?

224 1506 312 1533 Tanto
320 1507 391 1534 enim
403 1507 454 1534 illis
465 1514 557 1534 sumus
566 1507 753 1542 sapientiores,
765 1511 893 1542 quantum
907 1509 1018 1536 interest

225 1552 294 1579 inter
302 1552 440 1579 Platonem
449 1558 472 1579 et
482 1551 609 1587 Spiritum
618 1557 749 1580 sanctum.
760 1552 798 1580 Illi
809 1554 881 1581 enim
891 1557 1018 1582 externos

224 1602 345 1625 oratores
358 1597 456 1625 habent
471 1598 621 1633 magistros,
636 1606 684 1624 uos
696 1602 784 1625 autem
801 1599 930 1634 Spiritum
953 1607 1018 1627 san-

223 1647 305 1670 ctum.
326 1643 394 1677 Quid
408 1643 457 1670 sibi
480 1643 537 1670 vult
558 1649 657 1676 autem,
670 1643 823 1679 Spiritualia
845 1645 1018 1679 spiritualibus

224 1694 400 1724 comparantes
411 1690 424 1717 ?
437 1689 550 1723 Quando
570 1690 707 1724 spiritualc
727 1690 805 1718 fuerit
816 1695 843 1719 et
855 1691 966 1719 dubium
978 1713 986 1726 ,
1000 1700 1016 1721 a

174 1752 177 1753 ν
225 1736 407 1770 spiritualibus
421 1736 571 1764 testimonia
586 1736 722 1764 ducimus:
736 1742 776 1769 ut,
786 1738 901 1773 exempli
913 1746 994 1766 causa
1006 1760 1014 1774 ,

223 1781 508 1816 resurrexitChristus,
522 1782 582 1817 quia
593 1782 628 1810 de
640 1782 747 1818 Virgine
756 1788 833 1811 natus
844 1788 894 1812 est.
904 1785 1016 1813 Adduco

224 1828 386 1862 testimonia,
403 1828 500 1864 ﬁguras
512 1833 539 1856 et
553 1829 805 1864 demonstrationes,
822 1831 897 1858 Iona:
913 1832 938 1859 in
955 1837 1016 1860 ceto

223 1881 330 1908 meras,
351 1879 378 1902 et
401 1875 585 1903 liberationem
605 1883 665 1910 quae
687 1881 777 1910 postea
793 1877 857 1910 fuit,
882 1878 1014 1906 steriiium

222 1926 324 1955 partus,
340 1921 414 1949 Sara:
427 1926 454 1949 et
468 1921 598 1949 Rebecca:
609 1927 636 1949 et
648 1927 806 1950 cacterarum
821 1931 828 1949 :
845 1923 971 1951 arborum
989 1925 1014 1952 in

222 1968 346 2002 paradiso
372 1968 574 2003 productionem
601 1975 653 1995 non
676 1968 755 2003 jactis
770 1969 939 2004 seminibus,
961 1977 1014 1998 non

221 2013 347 2042 demissis
370 2014 517 2047 imbribus,
541 2022 594 2042 non
618 2014 694 2041 sulco
718 2013 797 2042 facto.
819 2014 917 2042 Futura
941 2015 1013 2043 enim

222 2058 404 2094 figurabantur
423 2063 451 2087 et
469 2059 691 2087 dcseribebautur
705 2063 845 2094 tamquam
866 2060 893 2087 in
920 2060 1014 2088 umbra

222 2104 377 2138 prioribus,
402 2109 431 2130 ut
454 2111 485 2131 ea
512 2104 686 2131 crederentur
711 2111 772 2132 cum
792 2104 961 2134 advenirent.
981 2106 1016 2134 Et

222 2148 336 2176 ostendo
346 2156 451 2176 rursum
461 2149 597 2184 quomodo
608 2149 688 2176 homo
700 2157 733 2177 ex
745 2154 827 2184 terra,
842 2155 871 2178 et
881 2152 1015 2186 quomodo

222 2201 255 2222 ex
279 2193 337 2221 solo
353 2193 411 2222 viro
432 2194 528 2222 mulier
542 2194 601 2222 sine
622 2195 678 2222 ullo
699 2196 771 2223 coitu
786 2204 792 2223 :
808 2197 943 2231 quomodo
958 2198 1014 2233 ipsa

223 2246 295 2268 terra
308 2249 340 2268 ex
354 2241 438 2269 nihilo
451 2262 458 2275 ,
479 2240 617 2269 Creatoris
632 2242 750 2276 potentia
766 2242 865 2278 ubique
878 2243 911 2270 ad
926 2245 1014 2272 omnia

222 2287 382 2315 sufficiente.
404 2286 441 2314 Ita
455 2287 639 2322 spiritualibus
654 2287 802 2323 spiritualia
817 2296 946 2324 comparo
957 2311 965 2323 .
988 2296 1016 2318 et

222 2341 354 2368 nusquam
367 2341 435 2368 opus
453 2332 538 2360 habeo
555 2338 665 2361 externa
680 2334 810 2369 sapientia
825 2343 912 2371 neque
932 2337 1015 2364 ratio-

222 2379 301 2406 ciniis
325 2386 413 2413 neque
441 2378 652 2413 probationibus.
673 2379 714 2406 illi
739 2387 854 2415 namque
881 2373 1016 2409 inﬁrmam

223 2429 341 2452 tuentem
355 2424 513 2452 concutiunt
527 2429 552 2452 et
565 2425 734 2458 conturbant,
747 2433 796 2453 nec
809 2426 909 2461 aliquid
920 2434 1012 2454 eorum

222 2478 283 2504 qua:
297 2470 389 2497 dicunt
402 2470 587 2498 dcmonsxrare
601 2475 732 2505 possunt;
747 2471 794 2499 sed
810 2476 837 2499 et
849 2472 1014 2499 contrarium

224 2516 340 2548 faciunt;
358 2515 464 2542 turbant
478 2515 562 2551 magis
574 2536 581 2549 ,
606 2516 721 2551 caligine
743 2516 848 2551 replent
862 2522 889 2544 et
911 2517 1016 2544 dubita-

224 2561 298 2588 tione
317 2561 412 2587 multa.
427 2560 490 2589 Ideo
512 2562 568 2594 ait,
586 2561 769 2596 Spiritnalibus
786 2562 932 2596 rpiritualia
945 2570 1015 2589 com-

223 2612 352 2642 parantes.
374 2607 468 2634 Viden‘
488 2611 515 2634 ut
530 2615 753 2646 supervacaneam
768 2608 925 2642 sapientiam
942 2607 1014 2635 illam

222 2653 342 2681 ostendit
353 2654 364 2680 τ
377 2660 427 2681 nec
439 2653 527 2681 solum
542 2661 784 2688 supervacaneam,
801 2654 848 2681 sed
863 2659 891 2681 et
903 2659 1014 2681 contra-

222 2700 290 2727 riam
307 2704 334 2727 et
356 2700 473 2729 noxiam.
494 2699 560 2727 Nam
578 2707 638 2727 cum
655 2699 740 2731 dixit,
764 2699 797 2726 Ut
817 2705 1018 2727 nort'evacuctur

223 2754 287 2773 crux
302 2745 405 2780 Christi,
421 2751 460 2780 et,
477 2746 511 2774 Ut
526 2755 577 2773 non
588 2747 619 2773 sit
632 2746 659 2773 in
673 2746 799 2780 sapientia
814 2747 944 2776 hominum
952 2747 1016 2782 ﬁdes

224 2796 321 2825 κοιιια,
337 2792 387 2819 hoc
398 2792 567 2827 signiﬁcavit.
582 2792 629 2819 llic
642 2796 730 2819 autem
743 2792 858 2819 ostendit
871 2800 923 2820 non
940 2801 1019 2825 posse

225 2844 293 2872 eos,
317 2839 362 2873 qui
385 2838 436 2873 ipsi
458 2837 596 2865 conﬁdunt
618 2841 644 2864 et
669 2841 752 2864 totutu
775 2837 824 2872 ipsi
849 2838 1016 2874 permittunt,

1078 173 1177 208 aliquid
1191 174 1256 202 utile
1271 175 1384 204 discere.
1403 177 1447 204 Η.
1463 177 1588 204 Animalia
1598 177 1664 205 enim
1679 177 1764 210 Immo,
1775 177 1870 213 inquit,

1080 226 1130 245 non
1143 220 1250 254 percipit
1264 228 1293 247 ea
1319 227 1376 256 quo:
1388 227 1446 249 sunt
1457 222 1578 257 Spiritus.
1595 221 1706 257 Oportet
1719 223 1799 258 igitur
1812 230 1870 250 cam

1079 264 1153 298 prius
1163 264 1305 300 deponere.
1317 267 1385 300 Quid
1397 267 1492 302 igitur?
1503 269 1678 303 reprobatane
1689 273 1741 303 est,
1755 269 1870 304 inquies,

1079 313 1188 337 externa
1212 311 1364 345 sapientia?
1390 312 1470 348 Atqui
1495 320 1562 348 opus
1589 318 1630 342 est
1655 314 1711 342 Dei.
1741 314 1819 342 Unde
1843 315 1869 341 id

1078 356 1204 383 constat?
1226 356 1283 385 Non
1299 358 1369 385 enim
1385 359 1427 386 ille
1443 359 1506 387 fecit
1520 361 1603 395 ipsam
1616 381 1625 394 ,
1650 361 1697 389 sed
1713 366 1742 388 tu
1757 361 1869 389 adiuve-

1079 401 1141 428 nisti
1157 411 1163 428 :
1180 410 1241 429 nam
1260 403 1303 431 hic
1317 404 1475 439 sapientiam
1491 411 1568 433 vocat
1586 407 1721 434 curiosum
1737 407 1869 442 perquisi-

1079 446 1178 474 tionem
1203 452 1228 474 et
1248 449 1411 483 superﬂuam
1426 450 1586 477 facundiam.
1617 451 1725 487 Siquis
1740 459 1803 478 vero
1818 451 1870 478 bu-

1079 498 1184 518 manam
1207 493 1375 527 prudentiam
1390 493 1433 522 hic
1447 494 1558 530 intelligi
1572 495 1659 528 dicat,
1681 496 1721 524 sic
1740 498 1820 524 etiam
1843 496 1870 523 in

1078 537 1154 572 culpa
1166 545 1205 565 es.
1221 538 1259 566 Tu
1271 540 1341 566 enim
1354 540 1426 568 illam
1435 541 1572 576 deturpas,
1585 543 1629 578 qui
1641 543 1684 570 illa
1695 543 1763 570 male
1774 543 1869 575 uteris,

1077 583 1123 618 qui
1136 583 1169 610 ad
1184 584 1229 612 Dei
1243 584 1370 612 damnum
1385 591 1412 614 ct
1431 586 1607 615 offensionem
1629 588 1663 616 ab
1677 588 1722 615 illa
1744 588 1827 624 exigis
1842 589 1869 615 id

1077 627 1149 662 quod
1163 635 1213 655 non
1230 629 1319 657 habet.
1334 630 1399 665 Quia
1414 631 1494 667 igitur
1507 632 1533 659 in
1549 633 1591 659 illa
1605 633 1729 668 gloriaris
1744 639 1770 661 et
1785 634 1868 661 Deum

1078 673 1148 701 bello
1162 674 1267 710 impotis
1277 697 1284 707 .
1299 676 1357 711 ejus
1371 678 1414 705 ille
1429 679 1638 706 imbecillitatem
1652 680 1779 707 ostendit.
1801 681 1868 708 Nam

1077 719 1145 747 bona
1159 729 1266 757 quoque
1280 730 1322 750 res
1335 728 1376 751 est
1391 725 1512 759 corporis
1532 725 1630 757 robur;
1653 726 1699 753 sed
1719 726 1780 760 quia
1802 725 1868 754 Cain

1076 765 1121 792 illo
1137 773 1189 793 non
1212 772 1241 794 ut
1263 768 1380 802 oportuit
1395 776 1458 796 usus
1471 774 1527 803 est,
1543 769 1666 798 dissolvit
1681 771 1755 798 illum
1773 771 1844 798 Deus
1857 791 1866 805 ,

1075 816 1100 837 et
1116 815 1144 838 ut
1157 815 1285 840 tremeret
1298 814 1395 841 effecit.
1411 814 1507 842 Vinum
1519 823 1624 851 quoque
1638 816 1737 843 bonum
1747 821 1805 850 est;
1820 817 1868 844 sed

1075 856 1136 891 quia
1150 857 1325 886 immoderate
1338 859 1384 887 illo
1398 860 1437 887 usi
1451 861 1620 894 suntJuda:i,
1633 861 1692 896 ejus
1707 869 1783 889 usum
1797 861 1868 890 Deus

1074 903 1259 931 sacerdotibus
1273 905 1382 932 omnino
1396 905 1545 934 interdixit.
1560 906 1692 941 Quoniam
1704 914 1770 942 ergo
1783 912 1809 934 tu
1821 915 1866 934 sa-

1075 948 1173 982 pientia
1187 949 1220 976 ad
1235 949 1282 977 Dei
1297 949 1451 985 despectqu
1467 959 1530 979 usus
1545 959 1575 980 es
1589 972 1596 985 ,
1610 957 1636 979 et
1652 952 1780 987 majorem
1794 952 1866 980 illam

1074 994 1186 1029 exegisti
1198 1014 1207 1028 ,
1222 1003 1300 1030 quam
1315 997 1385 1024 vires
1400 997 1511 1030 ferrent,
1525 997 1560 1024 ab
1578 1005 1626 1033 spe
1642 998 1757 1025 humana
1775 1003 1801 1025 te
1816 998 1865 1024 ab-

1073 1039 1191 1074 ducens,
1217 1041 1275 1076 ejus
1289 1041 1471 1070 inﬁrmitatem
1486 1043 1614 1071 ostendit.
1636 1043 1769 1071 Animalis
1792 1044 1865 1071 cnim

1073 1089 1114 1112 est
1126 1105 1134 1119 ,
1148 1086 1193 1120 qui
1208 1090 1291 1113 totum
1305 1085 1351 1114 dat
1367 1087 1470 1122 frigidis
1484 1087 1632 1116 ratiociniis
1644 1109 1651 1121 ,
1675 1093 1702 1116 et
1721 1096 1775 1116 non
1789 1093 1866 1123 putat

1073 1138 1102 1158 se
1127 1131 1181 1158 ullo
1194 1138 1311 1166 superno
1333 1132 1432 1160 auxilio
1456 1140 1524 1168 opus
1543 1133 1644 1161 habere
1659 1154 1666 1166 .
1695 1133 1766 1169 quod
1791 1139 1867 1162 certe

1073 1178 1188 1205 amentia
1201 1183 1252 1205 est.
1266 1177 1332 1205 Nam
1346 1178 1419 1206 dedit
1433 1179 1505 1207 illam
1517 1180 1595 1212 Deus,
1611 1183 1641 1208 ut
1655 1179 1740 1207 discat
1752 1185 1778 1207 et
1786 1187 1866 1215 opem

1072 1230 1147 1250 suam
1166 1224 1295 1258 accipiat;
1321 1232 1375 1251 non
1389 1229 1417 1252 ut
1429 1232 1489 1253 eam
1503 1225 1554 1253 sibi
1567 1225 1618 1260 ipsi
1639 1225 1764 1253 sufﬁcere
1778 1230 1864 1260 putet.

1073 1268 1178 1296 Etenim
1193 1269 1263 1296 oeuli
1279 1269 1384 1304 pulchri
1397 1274 1425 1298 et
1438 1270 1517 1298 utiles
1532 1275 1612 1304 sunt;
1628 1271 1675 1298 sed
1689 1271 1711 1298 si
1731 1271 1866 1298 voluerint

1071 1314 1131 1341 sine
1145 1314 1204 1342 luce
1221 1314 1314 1342 videre
1327 1335 1335 1348 ,
1359 1315 1427 1343 nihil
1440 1315 1516 1351 juvat
1530 1316 1589 1344 illos
1610 1317 1798 1352 pulchritudo,
1821 1317 1866 1345 vel

1071 1360 1177 1395 propria
1193 1360 1287 1392 virtus,
1304 1361 1359 1389 imo
1372 1361 1452 1389 etiam
1466 1361 1549 1389 laedit.
1564 1362 1610 1389 Sic
1624 1363 1714 1398 itaque
1726 1363 1827 1396 anima,
1840 1363 1863 1390 si

1072 1406 1185 1433 voluerit
1204 1406 1263 1433 sine
1276 1405 1375 1441 Spiritu
1398 1407 1489 1435 videre
1500 1428 1508 1441 ,
1531 1408 1583 1435 sibi
1598 1408 1647 1442 ipsi
1663 1408 1858 1443 itnpedimento

1070 1455 1122 1478 est.
1141 1451 1282 1484 Quomodo
1296 1452 1392 1487 igitur,
1419 1453 1521 1488 inquies
1531 1473 1539 1486 ,
1554 1453 1669 1480 antehac
1685 1461 1732 1489 per
1745 1454 1861 1489 seipsam

1070 1497 1158 1523 omnia
1172 1496 1302 1525 videbat?
1315 1497 1464 1533 Numquam
1484 1505 1499 1525 a
1519 1499 1618 1534 seipsa,
1633 1499 1679 1526 sed
1695 1499 1788 1527 habuit
1802 1507 1858 1527 rem

1069 1548 1186 1571 creatam
1201 1551 1253 1579 pro
1267 1543 1337 1572 libro
1350 1546 1515 1580 propositam
1532 1546 1559 1572 in
1574 1545 1663 1573 medio
1679 1555 1686 1573 ε
1703 1547 1763 1581 quia
1779 1554 1843 1574 vero
1854 1567 1862 1580 ,

1069 1589 1179 1617 dimissa
1199 1590 1241 1617 via
1260 1580 1312 1625 qua
1337 1591 1407 1618 Deus
1426 1591 1507 1626 jussit
1525 1591 1649 1620 homines
1663 1593 1789 1620 incedere
1801 1613 1809 1627 ,
1835 1599 1864 1622 ιιι

1069 1643 1118 1670 per
1143 1636 1284 1663 visibilium
1309 1636 1533 1672 pulchritudinem
1556 1642 1667 1666 nossent
1688 1639 1861 1673 Creatorem,

1070 1681 1215 1709 ratiociniis
1229 1681 1348 1710 scientiae
1361 1687 1465 1718 sceptra
1478 1683 1671 1711 eommiserunt
1682 1705 1690 1718 ,
1714 1685 1739 1711 in
1754 1685 1863 1720 pelagus

1068 1727 1212 1762 impietatis
1225 1728 1323 1755 infirmi
1345 1728 1432 1756 effecti
1446 1728 1560 1757 demersi
1575 1734 1638 1756 sunt
1652 1750 1659 1763 ,
1681 1730 1770 1757 statim
1784 1731 1864 1766 abys-

1069 1780 1128 1801 sum
1149 1774 1280 1802 malorum
1303 1774 1460 1802 inducentes
1474 1796 1482 1808 ,
1497 1783 1528 1803 ac
1541 1776 1662 1804 dicentes
1677 1777 1743 1804 nihil
1758 1785 1791 1804 cx
1808 1785 1861 1806 nou

1067 1819 1234 1847 exstantibus
1247 1819 1315 1854 ﬁeri,
1328 1820 1375 1848 sed
1386 1828 1417 1847 ex
1430 1821 1540 1848 materia
1554 1821 1682 1857 ingenita;
1697 1823 1767 1850 unde
1779 1824 1859 1851 etiam

1069 1865 1186 1894 haereses
1200 1865 1355 1894 innumeras
1376 1872 1540 1902 pepererunt
1555 1876 1561 1894 :
1576 1873 1604 1895 et
1619 1869 1645 1896 in
1660 1869 1692 1896 iis
1705 1877 1763 1904 qua:
1784 1870 1861 1898 valde

1067 1910 1182 1938 absurda
1205 1915 1283 1939 erant
1296 1917 1499 1945 convenerunt;
1522 1913 1548 1940 in
1563 1913 1660 1948 quibus
1680 1919 1769 1942 autem
1785 1915 1860 1943 vide-

1068 1957 1166 1985 bantur
1179 1958 1277 1993 aliquid
1291 1966 1384 1986 sanum
1403 1960 1478 1994 quasi
1492 1959 1518 1986 in
1535 1959 1628 1986 umbra
1643 1961 1778 1988 samniare
1792 1982 1800 1995 ,
1816 1961 1861 1988 di—

1068 2004 1135 2031 vulsi
1148 2011 1180 2031 ac
1193 2004 1269 2032 divisi
1283 2009 1363 2037 sunt,
1378 2009 1407 2032 ut
1420 2005 1546 2040 utrinque
1564 2004 1762 2033 deriderentur.
1782 2006 1859 2040 Quod

1068 2050 1140 2078 enim
1154 2057 1189 2078 ex
1204 2057 1258 2078 non
1273 2050 1439 2077 exstantibus
1455 2050 1521 2078 nihil
1536 2050 1580 2078 fiat
1592 2071 1600 2083 ,
1617 2058 1669 2078 una
1683 2058 1778 2079 omnes
1792 2059 1860 2087 pene

1067 2097 1193 2125 dixerunt
1212 2102 1240 2124 et
1261 2097 1360 2132 scripto
1384 2096 1571 2124 tradiderunt:
1585 2097 1664 2133 idque
1684 2106 1781 2133 magno
1798 2107 1860 2126 cum

1069 2143 1169 2171 studio.
1190 2143 1218 2170 In
1240 2142 1356 2170 absurda
1370 2142 1460 2178 itaque
1474 2142 1534 2171 illos
1548 2143 1653 2178 impulit
1676 2143 1810 2172 diabolus.
1833 2145 1860 2173 In

1068 2190 1177 2217 utilibus
1199 2195 1310 2222 autem,
1334 2189 1378 2216 ubi
1403 2189 1563 2217 videbantur
1586 2197 1635 2217 ceu
1667 2190 1694 2217 in
1720 2191 1863 2226 arnigmatc

1068 2236 1166 2271 aliquid
1181 2244 1214 2264 ex
1228 2236 1348 2271 quaasitis
1361 2228 1481 2264 invenire
1491 2256 1498 2269 ,
1514 2237 1540 2263 in
1553 2236 1594 2264 his
1607 2256 1615 2268 ,
1630 2236 1750 2272 inquam,
1765 2243 1860 2265 contra

1068 2289 1098 2310 se
1112 2289 1261 2317 pugnavere
1285 2289 1292 2307 :
1315 2281 1388 2309 verbi
1411 2282 1496 2316 gratia
1512 2302 1518 2314 ,
1542 2281 1615 2316 quod
1641 2282 1802 2310 immortalis
1827 2283 1863 2310 sit

1068 2329 1167 2360 anima.
1179 2328 1250 2364 quod
1260 2328 1345 2356 virtus
1357 2328 1430 2355 nullo
1442 2333 1519 2363 egeat
1529 2333 1702 2356 externorum
1715 2336 1722 2354 :
1733 2337 1764 2355 ac
1775 2337 1862 2364 neque

1069 2383 1100 2403 ex
1115 2374 1274 2402 ncce5sitatc
1285 2394 1293 2408 ,
1317 2381 1404 2409 neque
1416 2381 1450 2401 ex
1464 2373 1518 2401 fato
1532 2373 1617 2401 bonos
1640 2374 1718 2408 ﬁeri,
1744 2380 1791 2402 aut
1808 2383 1861 2402 non

1070 2420 1146 2448 tales.

1105 2466 1132 2494 5.
1147 2465 1272 2494 Vidistiu’
1286 2465 1384 2493 diaboli
1404 2465 1554 2493 malitiam?
1573 2465 1664 2494 Sicubi
1683 2466 1743 2494 illos
1762 2467 1863 2502 aliquid

1069 2518 1224 2547 corruptum
1237 2512 1327 2539 dicere
1337 2512 1419 2543 vidit,
1436 2512 1461 2539 id
1477 2512 1565 2540 effecit
1577 2517 1605 2539 ut
1616 2520 1710 2540 omnes
1724 2513 1862 2541 consemi-

1070 2563 1130 2588 rcut
1142 2567 1150 2592 ;
1163 2558 1247 2585 sicubi
1260 2565 1323 2585 vero
1333 2557 1430 2592 aliquid
1442 2565 1536 2584 sanum
1551 2557 1680 2592 proferre,
1691 2558 1760 2585 alios
1770 2563 1862 2585 contra

1071 2604 1144 2639 ipsos
1154 2603 1315 2635 concitavit;
1329 2607 1358 2629 ut
1369 2603 1483 2630 absurda
1498 2612 1551 2630 non
1564 2603 1719 2630 exciderent
1730 2611 1864 2631 consensu

1071 2650 1238 2682 confirmata,
1250 2654 1277 2677 et
1291 2649 1364 2676 utilia
1381 2649 1531 2676 diffluerent
1547 2649 1620 2676 varie
1639 2649 1784 2677 intellecta.
1798 2650 1865 2678 Vide

1072 2695 1205 2733 quomodo
1219 2695 1307 2724 anima
1319 2694 1416 2729 ubique
1431 2694 1466 2721 sit
1478 2694 1622 2726 imbecilla,
1637 2701 1723 2730 neque
1736 2695 1787 2722 sibi
1807 2696 1863 2723 suf-

1074 2743 1153 2769 ﬁciat.
1168 2742 1195 2769 ld
1210 2749 1274 2769 vero
1293 2741 1353 2776 jure
1372 2741 1468 2768 merito
1490 2740 1587 2767 linctmn
1603 2745 1653 2767 est.
1669 2740 1697 2768 Si
1717 2740 1787 2768 enim
1803 2749 1864 2769 cum

1073 2790 1134 2818 talis
1147 2791 1214 2817 facta
1227 2790 1271 2823 sit,
1285 2789 1422 2817 contendit
1436 2797 1465 2816 se
1480 2789 1553 2816 nullo
1565 2797 1633 2824 opus
1646 2789 1754 2823 habere,
1769 2795 1796 2818 et
1808 2798 1838 2817 se
1849 2798 1865 2817 a

1076 2839 1129 2865 Deo
1139 2836 1261 2869 abducit;
1276 2836 1325 2864 nisi
1338 2836 1398 2863 talis
1411 2835 1478 2862 facta
1489 2840 1570 2869 esset,
1584 2836 1610 2863 in
1624 2843 1701 2872 quant
1714 2843 1766 2863 non
1779 2842 1873 2864 amen-
