2060 3111
143 156 171 185 σι
676 146 708 174 IN
728 144 835 175 EPIST.
852 146 861 173 l
893 144 939 174 AD
956 144 1035 174 COR.
1057 144 1170 175 HOMIL.
1191 144 1249 175 VII.

142 229 202 254 itam
214 221 376 252 lncidisset?
386 222 415 249 Si
428 228 488 249 cum
499 218 612 247 mortale
622 224 719 252 corpus
731 215 886 250 accepiSSet,
901 221 934 241 ex

143 272 204 299 falsa
216 269 316 297 diaboli
333 267 515 303 promissione
534 264 617 292 multo
636 263 737 297 majora
753 260 934 296 exspectavit;

142 316 218 344 Erilis
230 315 316 346 enim,
330 314 428 348 inquit,
443 312 507 340 sicut
519 311 555 336 dii
567 309 643 345 (Gen.
654 308 681 336 5.
694 308 721 343 5)
734 316 740 339 ;
754 306 776 334 si
793 306 842 333 hoc
854 306 934 332 etiam

141 362 173 389 ab
188 361 264 388 initio
278 358 431 393 accepisset
452 354 615 386 immortale.
630 360 682 388 quo
700 359 753 379 non
773 355 845 378 esset
860 349 934 377 dela-

141 406 206 443 psa?
216 406 282 433 Nam
297 405 378 432 etiam
394 408 453 439 post
471 401 535 429 illud
548 408 577 428 se
590 399 732 434 ingenitam
746 405 806 425 esse
817 396 899 443 dixit,
909 399 936 423 et

141 440 172 481 ex
188 451 304 480 essentia
322 449 383 482 Dei,
398 456 446 484 per
461 446 594 483 putridum
608 451 638 472 os
651 443 867 471 Manichzcorum.
881 440 935 468 0c-

141 498 248 526 casione
259 497 340 524 etiam
352 495 433 529 hujus
444 492 529 521 morbi
541 490 663 519 diabolus
673 490 738 517 deos
747 488 817 524 apud
827 487 936 516 Grteeos

141 544 253 572 el‘linxit.
270 543 333 570 Ideo
347 541 453 568 videtur
474 539 538 567 mihi
554 538 624 565 Deus
638 536 797 564 laboriosam
810 534 934 561 virtutem

142 591 248 621 fecisse,
262 590 378 616 animam
393 587 531 615 inﬂectens
544 589 571 612 ct
583 583 716 611 deducens
729 582 762 609 ad
776 580 935 608 moderatio-

142 644 213 664 nem.
223 635 259 663 Ut
266 639 354 662 autem
362 633 452 660 discas
462 632 512 659 hoc
520 638 580 658 esse
587 637 689 662 verum,
697 632 725 655 ut
735 628 794 663 quis
802 635 834 654 ex
847 626 934 661 parvis

141 689 268 716 magnum
284 679 418 713 conjiciat,
433 677 547 712 idipsum
560 675 694 702 discamus
705 681 737 700 ex
753 671 889 700 lsraelitis.
903 671 934 698 lli

141 727 212 754 enim
228 734 290 753 cum
304 726 384 751 vitam
398 727 507 758 agerent
520 729 572 748 non
587 719 757 750 laboriosam,
770 722 796 745 et
808 717 834 744 in
847 716 934 752 quiete

141 772 288 807 degerent;
305 770 458 798 felicitatem
471 768 543 795 illam
559 773 611 794 ιιοη
630 766 754 797 ferentes,
769 764 794 791 in
814 763 936 798 impieta-

142 823 196 846 tem
209 822 272 844 sunt
287 815 399 850 delapsi.
414 814 481 848 Quid
497 820 560 848 ergo
576 812 646 839 Deus
660 808 773 845 postea?
786 808 881 836 Multas
896 808 935 834 in-

143 863 203 890 tulit
214 864 297 897 leges,
314 861 420 888 illorum
434 866 527 886 arcens
540 856 683 884 licentiam.
695 855 728 882 Et
741 859 771 882 ut
780 854 867 881 discas
878 853 935 880 hate

142 909 239 943 legatio
253 908 284 933 ad
302 907 427 933 virtutem
442 911 494 931 non
509 903 641 934 conferre,
656 901 702 928 sed
717 908 765 935 pro
780 900 855 927 freno
869 906 935 941 qlia.

142 953 215 988 piam
228 953 287 979 data
302 951 393 982 fuisse.
409 957 468 985 quae
485 948 531 976 otii
545 947 712 975 occasionem
727 946 860 978 tollerent,
873 944 933 972 audi

141 997 205 1032 quid
219 997 252 1024 de
269 997 321 1024 illis
333 996 404 1023 dicat
422 995 550 1030 propheta
564 1003 570 1020 :
583 993 649 1020 Dedi
670 992 722 1019 illis
742 996 867 1026 prtccepta
883 999 934 1017 non

141 1045 207 1070 bona
220 1043 327 1078 (Exodi.
340 1042 386 1069 20.
400 1042 458 1077 25).
472 1040 540 1073 Quid
555 1039 604 1066 sibi
618 1038 675 1066 vult
688 1037 762 1069 illud,
775 1036 834 1064 Non
847 1036 911 1063 bona
923 1036 935 1062 1’

140 1088 210 1116 Nihil
226 1095 351 1123 magnum
366 1087 399 1114 ad
415 1087 536 1113 virtutem
551 1084 714 1112 conferentia
729 1092 736 1110 :
750 1082 810 1110 ideo
823 1081 935 1116 subjun-

139 1135 178 1169 git
191 1143 199 1160 :
212 1133 414 1168 Justiﬁcationes
427 1133 453 1158 in
473 1131 562 1166 quibus
576 1138 626 1157 non
644 1130 734 1155 vivent.
750 1127 873 1155 Animalis
886 1135 932 1154 aut

140 1185 188 1206 tem
208 1180 285 1206 homo
308 1186 359 1205 non
381 1178 488 1213 percipit
509 1185 539 1203 ea
559 1183 616 1210 qua:
635 1180 692 1202 sunt
708 1174 830 1208 Spiritus.
845 1173 908 1201 Jure
924 1182 931 1200 :

138 1224 366 1259 quemadmodum
379 1223 450 1250 enim
464 1222 505 1249 his
516 1221 599 1249 oculis
609 1229 689 1248 nemo
700 1219 821 1247 didicerit
831 1226 860 1246 ea
874 1226 934 1254 qua:

139 1270 165 1297 in
180 1269 256 1296 ca-lis
271 1273 333 1296 sunt
343 1289 351 1301 ,
366 1269 404 1295 sic
420 1275 468 1295 nec
482 1267 569 1294 anima
584 1267 640 1294 sola
654 1273 685 1293 ea
701 1273 759 1300 quae
773 1269 836 1292 sunt
850 1264 935 1299 Spiri-

139 1321 191 1342 tus.
209 1316 243 1342 Et
256 1315 320 1349 quid
342 1315 403 1342 dico
421 1321 452 1341 ea
471 1321 531 1348 quin
545 1313 571 1339 in
586 1312 659 1339 melis
670 1312 681 1339 τ
694 1310 785 1346 Neque
800 1318 830 1338 ea
844 1311 933 1338 omnia

138 1369 197 1395 qua:
209 1362 234 1387 in
247 1366 330 1388 terra.
346 1360 411 1388 Nam
426 1360 517 1394 procul
531 1359 650 1386 videntes
662 1358 754 1385 turrim
767 1357 932 1393 quadratam,

139 1406 282 1434 rotundam
304 1414 363 1433 eam
383 1413 444 1433 esse
466 1409 610 1440 putamus:
625 1409 665 1431 cst
684 1408 773 1431 autem
795 1403 932 1431 oculorum

137 1453 263 1487 deceptio
273 1453 335 1479 talis
346 1453 447 1487 opinio.
463 1452 500 1479 Ita
513 1452 593 1479 etiam
606 1450 713 1486 quando
725 1458 769 1478 res
784 1450 874 1485 procul
886 1457 933 1485 po-

137 1498 203 1524 sitas
217 1505 266 1532 per
280 1502 398 1525 mentem
417 1497 500 1525 solam
514 1497 573 1532 quis
588 1496 722 1524 examinat
733 1518 740 1528 ,
753 1496 852 1523 multus
866 1503 933 1523 con-

137 1547 269 1577 sequetur
283 1543 365 1570 risus.
385 1542 444 1570 Non
462 1542 547 1570 solum
564 1542 636 1569 enim
651 1541 738 1576 qualia
751 1541 796 1568 illa
814 1541 868 1568 sint
880 1549 933 1569 non

138 1587 250 1621 videbit,
267 1587 315 1614 sed
329 1588 411 1614 etiam
424 1587 557 1615 contraria
570 1587 603 1615 iis
616 1594 675 1614 esse
687 1587 806 1622 putabit:
821 1586 933 1622 ideoque

138 1633 276 1668 Subiunxit
291 1641 300 1660 :
316 1633 433 1660 Stultitia
448 1633 514 1660 enim
530 1637 566 1660 est
578 1633 628 1660 illi.
648 1633 704 1660 Hoc
723 1637 810 1660 autem
832 1640 884 1663 non
900 1641 933 1660 ex

139 1680 176 1706 rei
191 1683 287 1706 natura
303 1679 433 1714 provenit,
448 1679 494 1706 sed
507 1686 540 1707 ex
551 1678 732 1706 imbecillitate
745 1679 813 1714 ejus,
824 1679 868 1714 qui
880 1686 933 1706 non

140 1728 227 1759 potest
239 1731 334 1751 eorum
348 1724 556 1759 magnitudinem
572 1732 619 1759 per
635 1724 728 1752 oculos
742 1724 838 1751 anima:
851 1725 933 1752 attin-

141 1777 213 1804 gere.
227 1769 329 1797 Deinde
339 1770 396 1804 ejus
406 1770 444 1797 rei
455 1777 562 1797 causam
573 1777 605 1797 ex
617 1769 730 1797 adverso
742 1770 814 1804 ponit
824 1770 932 1797 dicens:

143 1815 209 1848 Quia
228 1823 280 1842 non
298 1815 367 1842 navit
387 1815 456 1850 quod
476 1815 641 1849 spiritualiter
658 1816 823 1842 examinetur.
838 1813 864 1842 Id
878 1820 934 1850 est,

140 1862 211 1896 quod
226 1869 258 1889 ea
272 1870 332 1897 quae
346 1861 481 1896 dicuntur,
494 1862 546 1889 lidc
565 1861 710 1896 indigeant,
726 1869 776 1889 nec
788 1862 936 1889 rationibus

139 1908 333 1943 comprehendi
346 1908 448 1943 possint
460 1916 467 1934 :
480 1915 572 1935 eorum
587 1907 684 1942 quippe
696 1907 849 1942 magnitudo
860 1915 936 1936 men-

141 1955 174 1980 tis
190 1959 291 1981 nostrae
305 1954 431 1981 vilitatem
444 1953 523 1988 longo
536 1953 622 1987 spatio
636 1957 753 1988 superat.
767 1953 937 1988 Quapropter

140 2000 197 2027 ait:
213 2001 257 2027 15.
274 2000 423 2035 Spiritnalis
441 2004 524 2026 autem
533 1999 634 2034 judicat
647 1999 730 2026 omnia
741 2007 752 2031 ,'
763 1999 816 2035 ipse
828 2003 910 2026 autem
921 2007 937 2026 a

143 2046 242 2072 nemine
254 2045 397 2080 judicatur.
412 2044 478 2072 Nam
493 2044 537 2080 qui
551 2044 640 2077 videt,
654 2045 744 2072 omnia
759 2044 865 2079 quidem
880 2045 937 2080 ipse

142 2091 226 2124 videt,
238 2091 318 2118 etiam
331 2098 362 2118 ea
376 2098 435 2126 qua:
449 2090 482 2117 ad
496 2098 549 2117 non
563 2090 697 2118 videntem
710 2090 845 2125 pertinent
856 2099 864 2123 ;
877 2098 937 2125 qua:

142 2141 233 2163 autem
248 2136 331 2170 ipsius
342 2155 351 2169 ,
366 2143 445 2163 nemo
457 2144 510 2163 non
523 2135 669 2163 videntium
683 2136 789 2171 aspicit.
804 2136 841 2163 Ita
856 2136 937 2164 etiam

144 2188 232 2214 nunc,
248 2185 339 2208 nostra
353 2181 461 2216 quidem
475 2185 501 2208 et
515 2188 547 2208 ea
561 2189 620 2216 qua:
640 2181 784 2209 inﬁdelium
802 2185 865 2208 sunt
878 2188 937 2208 om-

144 2228 187 2255 nia
200 2235 250 2254 nes
265 2227 365 2255 scimus
376 2247 384 2260 ,
399 2231 491 2254 nostra
505 2231 594 2254 autem
610 2226 646 2253 illi
667 2233 720 2253 non
742 2227 817 2254 item.
832 2226 938 2254 Etenim

143 2274 243 2301 scimus
257 2281 317 2309 qua:
329 2273 364 2300 sit
379 2273 550 2308 praesentium
566 2281 654 2300 rerum
668 2278 773 2306 natura,
784 2280 843 2308 quze
854 2273 889 2300 sit
899 2272 939 2300 fu-

145 2324 266 2347 turorum
287 2319 419 2354 dignitas,
436 2318 498 2354 quid
519 2318 634 2346 mundus
649 2324 708 2354 post
722 2318 779 2346 hinc
793 2318 937 2353 efﬁcietur,

144 2371 171 2393 et
185 2366 250 2401 quid
270 2367 404 2401 patientur
424 2370 597 2400 peccatores,
613 2366 709 2401 quibus
732 2373 796 2394 vero
819 2365 940 2394 fruentur

143 2411 217 2447 justi,
229 2416 258 2440 et
270 2412 341 2447 quod
355 2411 455 2439 nullius
469 2412 546 2447 pretii
557 2412 611 2439 sint
623 2419 666 2439 res
678 2416 835 2447 praesentes,
849 2416 875 2440 et
888 2412 939 2439 sci-

146 2465 222 2490 mus,
239 2463 267 2485 et
279 2457 386 2485 illorum
401 2457 529 2485 vilitatem
549 2458 684 2493 arguimus
696 2457 853 2494 (dijudicare
867 2457 939 2485 enim

145 2508 186 2530 est
200 2503 330 2538 arguere)
344 2512 351 2536 ;
367 2508 394 2531 et
413 2503 483 2538 quod
503 2503 589 2530 futura
605 2503 658 2530 sint
673 2503 833 2531 immortalia
845 2507 872 2531 et
886 2503 939 2530 im-

147 2549 265 2577 mobilia.
279 2549 342 2576 Hzcc
357 2550 445 2576 omnia
459 2549 532 2576 novit
543 2548 699 2584 spiritualis,
710 2549 812 2585 etquid
825 2549 941 2584 patietur

145 2594 269 2622 animalis
290 2602 351 2622 cum
372 2594 437 2621 illuc
458 2595 595 2630 migrarit,
611 2599 639 2622 ct
663 2602 778 2630 quonam
792 2594 896 2622 fruetur
910 2594 940 2622 ﬁ‘

145 2640 213 2668 delis
225 2648 285 2668 eum
298 2641 361 2668 hinc
370 2640 544 2674 abscesserit,
557 2648 670 2676 quarum
686 2649 774 2669 rerum
788 2641 853 2669 nihil
867 2643 941 2670 novit

146 2687 279 2715 animalis.
301 2687 481 2721 Quamobrem
497 2686 597 2714 claram
617 2687 748 2715 dictorum
769 2688 939 2716 demonstra-

148 2733 246 2760 tionem
265 2733 432 2768 subjungcns
454 2732 560 2761 dicebat
575 2741 581 2759 :
597 2733 640 2760 16.
660 2733 722 2765 Quis
741 2734 807 2760 enim
825 2734 940 2769 cognouit

148 2786 246 2805 sensum
261 2778 384 2811 Domini,
401 2778 443 2813 qui
456 2778 560 2805 instruet
574 2779 652 2806 eum?
668 2777 722 2805 Nos
736 2783 820 2807 autem
833 2783 940 2806 utentem
958 2781 968 2791 ‘

148 2823 240 2851 Christi
255 2818 389 2851 habentur.
407 2824 434 2851 Id
447 2829 497 2856 est,
513 2832 544 2852 ea
556 2832 615 2860 qum
628 2825 655 2852 in
668 2829 758 2854 mente
769 2825 866 2853 Christi
879 2830 941 2853 sunt

150 2878 197 2899 nus
215 2871 334 2905 SCttIIUS,
350 2879 454 2900 necnon
475 2878 505 2898 ea
524 2879 583 2906 qum
605 2871 661 2908 ipse
680 2873 735 2900 vult
755 2877 781 2900 et
802 2873 937 2901 revelavit.

1749 164 1783 191 62

989 212 1054 246 Quia
1070 215 1140 242 enim
1156 215 1222 244 dixit
1244 217 1370 252 Spiritum
1386 222 1534 258 revelasse;
1552 233 1585 252 ne
1604 227 1663 260 quis
1683 228 1779 258 Filium

989 260 1111 294 repellat,
1125 261 1271 296 subjunxit,
1285 264 1365 292 etiam
1376 264 1510 296 Christum
1526 269 1583 299 hare
1597 273 1675 300 nobis
1691 280 1780 302 nstcn-

989 303 1060 331 disse
1075 313 1082 332 :
1096 313 1148 352 non
1171 306 1222 335 hoc
1243 308 1351 343 dicens,
1367 319 1415 339 nos
1436 315 1524 341 omnia
1546 323 1605 351 qua:
1627 317 1684 352 ipse
1707 322 1780 347 navit

988 352 1057 378 scire
1069 359 1076 384 ;
1090 351 1136 379 sed
1152 354 1239 381 omnia
1254 363 1313 390 qua:
1332 358 1431 385 scimus
1452 367 1504 386 non
1521 351 1644 390 humana
1655 371 1715 392 esse
1727 386 1733 398 ,
1751 370 1781 394 ut

987 395 1041 422 sint
1055 402 1189 432 suspecta,
1201 399 1247 427 sed
1263 402 1360 429 mentis
1374 403 1444 431 illius
1456 410 1484 432 et
1495 407 1651 440 spiritualia.

1022 441 1048 468 6.
1064 441 1178 470 Mentem
1193 445 1263 472 enim
1277 454 1356 481 quam
1370 449 1404 477 de
1423 449 1464 478 bis
1478 451 1606 480 habemus
1616 475 1623 488 ,
1637 460 1666 482 ut
1679 456 1777 485 Christi

987 493 1102 534 mentem
1118 489 1262 524 habemus;
1275 492 1300 520 id
1311 498 1362 527 est,
1373 497 1551 531 cognitionem
1564 508 1642 534 quam
1653 501 1687 530 de
1698 503 1778 531 rebus

987 532 1055 582 fidei
1071 534 1199 563 habemus
1211 557 1218 570 ,
1239 538 1401 577 spiritualcm
1421 542 1549 573 habemus
1562 532 1623 577 {ita
1641 552 1669 574 ut
1686 548 1747 582 jure
1761 557 1777 577 a

986 581 1092 608 nemine
1106 581 1290 618 dijudieemur.
1303 585 1394 620 Neque
1408 589 1479 617 enim
1494 595 1581 625 potest
1594 581 1715 622 animalis
1729 595 1779 623 ho-

986 632 1030 652 mo
1045 625 1132 654 divina
1148 635 1318 663 cognoscere.
1332 630 1394 659 Ideo
1405 634 1519 668 diccbat,
1536 637 1598 670 Quis
1609 640 1674 667 enim
1684 650 1777 678 cogno-

1038 678 1143 700 mentem
1160 673 1281 702 Domini?
1295 683 1410 706 mentem
1425 685 1542 709 nostram
1557 684 1625 711 circa
1642 694 1685 714 res
1700 672 1774 722 istas,

986 715 1056 743 illius
1068 724 1128 745 esse
1143 725 1258 747 mentem
1272 721 1373 750 dicens.
1391 724 1423 751 Et
1438 725 1511 758 illud,
1527 727 1576 760 Qui
1588 729 1693 758 instruet
1707 715 1774 767 enni;

986 763 1203 813 Vsipecausa
1218 766 1323 800 adjecit.
1339 769 1385 796 sed
1400 771 1545 806 respiciens
1557 774 1590 801 ad
1604 775 1630 802 id
1640 777 1709 811 quod
1721 763 1776 813 jam

985 806 1061 841 dixit,
1074 809 1239 844 Spiritualem
1249 821 1321 840 nemo
1332 814 1464 850 dijudicat.
1476 817 1503 845 Si
1515 819 1585 847 enim
1598 806 1677 849 nemo
1691 806 1777 858 poiest

985 860 1065 880 nosse
1080 860 1194 883 mentem
1211 857 1325 891 Domini,
1339 861 1423 888 multo
1438 863 1526 891 minus
1540 870 1625 899 potest
1640 867 1713 896 illum
1729 869 1777 897 do—

985 905 1047 925 cere
1059 903 1086 927 et
1098 901 1233 936 corrigere
1249 912 1255 930 :
1271 903 1322 931 hoc
1336 906 1405 933 enim
1426 907 1476 935 sibi
1496 910 1552 937 vult
1567 910 1630 939 illud
1641 933 1648 946 ,
1666 913 1715 946 Qui
1735 916 1776 942 in-

984 950 1062 996 struet
1073 955 1139 974 eum.
1155 947 1248 976 Videu‘
1261 952 1395 985 quomodo
1410 954 1526 990 undique
1543 958 1654 992 repellat
1667 961 1775 996 sapien-

986 991 1048 1018 tiam
1064 997 1201 1041 externam
1211 1015 1218 1027 ,
1234 1000 1261 1023 et
1276 998 1439 1031 spiritualcm
1456 1001 1530 1036 plura
1545 991 1582 1031 et,
1590 1006 1690 1041 majora
1698 991 1776 1037 Iscire

985 1038 1127 1087 ostendat?
1137 1039 1205 1088 Quia
1221 1042 1291 1069 enim
1307 1050 1395 1072 causzn
1409 1045 1462 1073 illa:
1473 1047 1592 1084 (nempe,
1608 1038 1642 1078 Ut
1656 1060 1706 1080 non
1720 1054 1776 1088 glo-

984 1084 1061 1131 rietur
1074 1084 1154 1111 omnis
1168 1093 1227 1112 caro
1239 1095 1248 1119 ;
1262 1092 1288 1114 et
1302 1089 1372 1123 quod
1389 1090 1449 1118 ideo
1465 1091 1551 1121 Stulza
1567 1095 1655 1131 elegit,
1672 1103 1698 1125 ut
1712 1084 1776 1126 eon—

985 1128 1101 1180 [nudaret
1114 1131 1258 1165 sapientes;
1273 1139 1309 1165 et,
1326 1133 1359 1162 Ut
1372 1144 1421 1163 non
1437 1144 1568 1166 evacuatur
1582 1128 1774 1180 irritati/tristi),

985 1174 1135 1204 infidelibus
1149 1185 1200 1205 non
1216 1179 1360 1208 admodum
1378 1181 1430 1210 ﬁde
1443 1183 1530 1219 dignae
1546 1195 1631 1222 neque
1647 1174 1775 1218 inducent

986 1225 1034 1251 tcs.
1051 1222 1093 1268 vel
1109 1225 1268 1253 access-irim
1281 1230 1308 1253 et
1322 1227 1398 1256 utiles
1414 1230 1571 1260 videbantur
1585 1241 1654 1268 esse,
1667 1235 1775 1264 demum

984 1266 1094 1300 apponit
1113 1268 1260 1303 principem
1278 1278 1404 1306 causam;
1420 1275 1480 1309 quia
1501 1275 1552 1304 hoc
1566 1266 1681 1308 maxime
1695 1282 1776 1309 modo

986 1311 1076 1339 videre
1094 1320 1235 1347 possumus
1245 1337 1253 1348 ,
1268 1324 1300 1344 ex
1316 1324 1369 1352 quo
1386 1319 1509 1348 sublimia
1525 1326 1553 1350 et
1566 1331 1662 1352 arcana
1676 1331 1700 1353 et
1716 1335 1775 1362 qua:

983 1364 1062 1392 Supra
1078 1366 1126 1385 nos
1140 1365 1201 1387 sunt
1214 1361 1284 1389 scire
1298 1364 1441 1397 possimus.
1457 1365 1523 1394 Nam
1539 1361 1774 1400 evacuabaturira-

985 1403 1031 1435 tio,
1047 1404 1117 1438 quod
1131 1413 1173 1438 ea,
1189 1414 1249 1440 quae
1263 1415 1343 1442 supra
1359 1417 1407 1437 nos
1421 1417 1493 1445 sunt,
1509 1421 1558 1447 per
1577 1419 1714 1443 externam
1730 1425 1774 1445 sa-

984 1449 1111 1498 pientiam
1125 1452 1353 1486 comprehendere
1368 1463 1419 1483 non
1436 1464 1585 1491 possemus.
1603 1461 1693 1488 Viden'
1703 1464 1775 1498 quod

983 1495 1022 1522 sic
1044 1497 1128 1531 magis
1148 1498 1305 1527 conferebat
1325 1501 1445 1530 ediscere
1465 1511 1480 1530 a
1502 1504 1624 1539 Spiritu?
1645 1512 1685 1534 est
1703 1495 1774 1539 enim

986 1540 1044 1568 hmc
1062 1541 1183 1569 doctrina
1205 1549 1232 1571 et
1251 1544 1375 1574 facillima
1395 1551 1422 1575 et
1439 1548 1597 1578 clarissima.
1618 1551 1675 1580 Nos
1693 1559 1776 1581 autent

983 1593 1090 1615 mentem
1104 1588 1198 1617 Christi
1212 1590 1338 1620 habemus.
1361 1593 1416 1621 Hoc
1436 1599 1492 1628 est,
1509 1596 1675 1630 spiritualcm
1685 1620 1692 1631 ,
1707 1599 1775 1627 divi-

987 1642 1047 1661 nam
1059 1655 1066 1667 ,
1083 1635 1227 1664 humanum
1243 1637 1308 1664 nihil
1329 1638 1483 1668 habentem.
1499 1641 1556 1669 Non
1572 1644 1644 1671 enim
1659 1644 1776 1674 Platonis

984 1687 1033 1707 nec
1046 1680 1203 1716 Pythagora:
1215 1689 1303 1717 sensa,
1317 1684 1364 1712 sed
1378 1685 1501 1715 Christus
1515 1695 1563 1715 sua
1578 1690 1660 1717 menti
1677 1696 1776 1719 nostra:

985 1726 1088 1753 indidit.
1103 1727 1164 1754 Ideo
1175 1728 1254 1762 igitur
1267 1729 1368 1764 pudore
1377 1731 1534 1766 afficiantur,
1546 1733 1646 1767 dilecti,
1659 1740 1685 1763 et
1695 1737 1775 1764 vitam

984 1772 1159 1801 exhibeamus
1174 1775 1301 1809 optimam
1317 1785 1323 1802 :
1337 1778 1444 1812 quando
1456 1783 1483 1806 et
1499 1779 1555 1814 ipse
1572 1780 1624 1808 hoc
1638 1781 1699 1809 facit
1721 1792 1778 1810 ma-

984 1826 1043 1853 gna:
1054 1819 1178 1847 amicitia:
1189 1826 1387 1856 argumentum,
1398 1831 1460 1850 cum
1470 1825 1546 1852 nobis
1557 1834 1652 1853 arcana
1666 1829 1776 1861 revelat,

985 1864 1078 1893 dicens
1095 1874 1102 1892 :
1119 1865 1179 1893 Non
1197 1867 1254 1902 jam
1273 1875 1316 1895 vos
1335 1869 1418 1895 dicunt
1437 1878 1521 1898 seri-0s
1534 1879 1544 1898 :
1557 1880 1642 1899 omnes
1655 1874 1719 1900 enim
1735 1883 1777 1902 ros

986 1912 1061 1938 amici
1080 1913 1128 1939 mei
1143 1913 1200 1939 estis
1214 1921 1223 1939 :
1240 1913 1299 1948 quia
1314 1915 1399 1940 omnia
1416 1923 1474 1949 qua!
1492 1917 1578 1943 audivi
1595 1926 1611 1944 α
1631 1918 1709 1945 Patre
1724 1928 1778 1947 meo

986 1957 1133 1984 annnntiavi
1146 1957 1214 1985 vobis
1228 1958 1324 1992 (Joan.
1347 1959 1390 1986 15.
1408 1960 1477 1996 15);
1495 1961 1520 1988 id
1535 1967 1586 1996 est,
1603 1971 1662 1990 eum
1684 1964 1777 1992 lidncia

988 2002 1083 2029 tradidi
1097 2003 1181 2030 vobis.
1200 2003 1227 2031 Si
1240 2008 1328 2031 autem
1345 2004 1396 2033 hoc
1409 2006 1496 2033 solum
1510 2011 1550 2034 est
1563 2007 1687 2036 amicitia:
1700 2017 1779 2044 argn-

987 2054 1105 2076 mentum
1115 2070 1123 2083 ,
1138 2049 1237 2083 ﬁdere;
1253 2058 1312 2078 cum
1333 2051 1418 2085 palam
1434 2052 1469 2079 sit
1481 2060 1541 2080 eum
1556 2061 1608 2080 non
1625 2054 1704 2082 modo
1717 2063 1779 2083 cum

988 2095 1083 2123 ﬁducia
1095 2096 1234 2123 verborum
1249 2097 1375 2132 mysteria
1392 2097 1543 2132 tradidisse,
1557 2099 1604 2126 sed
1618 2100 1710 2127 eadem
1722 2101 1778 2135 ipsa

987 2141 1113 2176 operibus
1128 2141 1204 2169 nobis
1218 2142 1339 2177 largitum
1355 2150 1415 2171 esse
1425 2163 1432 2175 .
1448 2144 1533 2179 cogita
1547 2149 1653 2179 quanta:
1668 2146 1731 2172 illud
1745 2147 1780 2181 sit

988 2187 1122 2214 amicitiae.
1148 2187 1202 2214 llac
1222 2195 1286 2222 ergo
1305 2188 1339 2216 de
1358 2196 1388 2216 re
1410 2189 1512 2224 pudore
1531 2190 1699 2218 afﬁciainur:
1716 2195 1743 2219 ct
1757 2192 1779 2218 si

989 2233 1060 2260 nulla
1075 2233 1151 2261 nobis
1167 2239 1237 2261 tanta
1252 2234 1382 2262 habeatur
1392 2235 1523 2270 gehent
1538 2237 1625 2269 ratio;
1639 2241 1666 2263 at
1685 2237 1718 2264 sit
1733 2245 1781 2264 no-

989 2279 1030 2306 bis
1050 2278 1171 2314 gehenna
1191 2280 1351 2313 terribilius,
1367 2281 1438 2315 quod
1459 2289 1522 2316 erga
1540 2281 1607 2309 adeo
1625 2283 1739 2310 amicum
1755 2288 1782 2310 ct

990 2325 1137 2352 beneﬁcum
1149 2325 1244 2360 ingrati
1256 2326 1358 2353 simus:
1371 2334 1457 2361 neque
1469 2331 1498 2353 ut
1509 2328 1665 2355 mercenarii
1679 2328 1779 2362 famuli,

990 2371 1036 2398 sed
1049 2375 1078 2398 ut
1091 2371 1136 2398 ﬁlii
1151 2375 1178 2398 et
1191 2371 1267 2399 liberi
1279 2372 1366 2399 omnia
1379 2371 1506 2400 faciamus
1518 2377 1628 2408 propter
1637 2374 1781 2402 amicitiam

990 2415 1095 2449 Patris;
1109 2420 1137 2444 et
1152 2416 1257 2443 tandem
1272 2423 1409 2444 cessemus
1423 2417 1523 2444 mundo
1543 2418 1641 2446 addicti
1662 2427 1721 2447 esse
1732 2441 1739 2454 ,
1755 2425 1783 2447 ut

989 2460 1069 2488 etiam
1083 2465 1175 2496 gentes
1190 2461 1291 2496 pudore
1303 2461 1458 2489 afﬁciamus.
1472 2461 1537 2490 Nam
1551 2470 1620 2490 nunc
1631 2471 1690 2491 cum
1703 2466 1782 2493 velim

990 2511 1083 2534 contra
1099 2507 1159 2535 illos
1172 2506 1319 2542 disputare,
1330 2515 1425 2538 renuo,
1440 2515 1474 2535 nc
1487 2508 1550 2535 dum
1562 2508 1621 2536 illos
1634 2510 1785 2539 rationibus

990 2557 1018 2580 ct
1032 2552 1185 2588 dogmatum
1201 2553 1313 2580 veritate
1334 2553 1465 2581 vincimus
1475 2573 1483 2587 ,
1499 2553 1634 2589 ingentem
1653 2555 1730 2582 nobis
1746 2556 1785 2582 ri—

992 2607 1051 2626 sum
1072 2607 1102 2627 ex
1122 2599 1183 2626 vitae
1202 2600 1401 2634 comparatione
1422 2599 1565 2628 inferamus
1581 2609 1587 2627 :
1602 2601 1709 2635 quando
1731 2602 1784 2632 illi,

993 2645 1037 2679 qui
1053 2644 1138 2673 errori
1154 2644 1253 2672 addicti
1272 2649 1334 2672 sunt
1345 2665 1352 2678 ,
1367 2649 1394 2672 et
1413 2645 1456 2680 qui
1476 2645 1541 2672 nihil
1555 2645 1706 2680 hujusmodi
1724 2654 1781 2681 pcr-

993 2698 1100 2718 suasum
1114 2690 1222 2724 habent,
1234 2690 1408 2725 philosophiae
1419 2690 1482 2718 dant
1495 2698 1621 2725 operam;
1635 2699 1683 2718 nos
1694 2696 1783 2718 autem

994 2737 1073 2772 plane
1086 2736 1248 2764 contrarium
1265 2736 1386 2764 facimus.
1401 2736 1525 2764 Attamen
1540 2736 1625 2764 dicam
1643 2745 1650 2763 :
1666 2737 1786 2764 fortassis

992 2783 1064 2810 enim
1077 2803 1084 2814 ,
1100 2781 1221 2809 fortassis
1239 2782 1367 2809 adversus
1389 2782 1449 2810 illos
1470 2790 1588 2818 pugnare
1605 2782 1781 2816 meditatum,

991 2828 1045 2856 vita
1062 2828 1143 2855 etiam
1163 2827 1215 2855 illis
1236 2827 1359 2855 meliores
1379 2827 1448 2855 efﬁci
1471 2830 1672 2866 contendenius.
1693 2826 1785 2860 Nuper

993 2875 1131 2909 dicebam,
1153 2874 1289 2909 apostolos
1309 2881 1340 2901 ea
1361 2881 1420 2909 qum
1441 2873 1620 2908 prmdiearunt
1638 2879 1783 2907 numquam
