2060 3111
267 138 305 167 π
633 135 663 165 8.
677 133 816 164 JOANNIS
833 129 1071 162 CHRYSOSTOMI
1089 128 1247 157 ARClllEP.
1267 127 1532 158 (DONSTANTINOP.
1872 131 1907 159 64

265 196 458 233 praedicatores
477 194 577 224 fuisse.
597 193 648 222 nisi
663 193 752 221 divina
772 193 896 220 movente
913 188 1016 225 gratia;
1030 192 1058 217 et

265 251 318 271 non
341 242 421 270 modo
442 241 467 269 id
487 248 540 269 non
554 239 722 276 perfecturos
734 259 741 272 ,
756 237 803 265 sed
820 244 907 272 neque
921 235 970 263 hac
982 235 1016 263 de
1029 242 1060 262 re

264 288 462 316 consultaturus
473 288 563 314 fuisse.
575 286 630 321 Age
641 292 714 317 vero,
726 283 806 311 hodie
816 289 922 318 quoque
931 289 991 310 eam
1001 289 1059 309 rem

265 335 441 366 excutiamus,
454 332 687 365 ostendamusque,
703 336 754 356 non
769 328 888 362 potuisse
901 334 948 355 eos
962 327 987 354 id
1001 333 1060 354 sus.

264 379 354 415 cipere
368 379 409 406 vel
422 378 539 412 cogitare
549 398 556 409 ,
569 376 618 403 nisi
640 375 775 401 Christum
786 380 876 401 secum
889 372 1059 404 habuissent;

264 433 318 453 non
339 425 400 460 quia
424 422 549 451 imbecilli
570 421 700 448 adversus
720 419 886 453 fortes;n0n
900 419 961 454 quia
985 418 1060 452 pauci

264 476 356 499 contra
378 470 495 501 multos;
520 474 573 494 non
592 467 653 502 quia
676 473 808 502 pauperes
828 469 923 492 contra
943 464 1059 495 divites;

264 523 318 543 non
332 514 393 549 quia
407 513 506 540 indocti
518 517 610 540 contra
625 512 761 547 sapientes
774 511 859 538 aciem
873 510 1058 538 instruebant:

264 561 311 588 sed
325 560 385 595 quia
400 559 578 595 prmjudicatat
590 558 723 594 opinionis
737 565 832 593 magna
847 558 886 585 vis
898 562 966 585 erat.
980 556 1060 584 Scitis

264 607 335 634 enim
359 606 426 633 nihil
445 605 514 640 apud
536 606 659 633 homines
680 605 792 632 validius
810 612 870 632 esse
881 603 979 631 veteris
993 611 1058 630 con-

264 651 413 679 suetudinis
425 650 575 687 tyrannide.
587 650 765 684 Quamobrem
776 650 880 677 etiamsi
895 657 947 677 non
960 649 1061 677 duode-

264 697 316 725 citn
328 701 431 724 tantum
443 703 554 724 numero
568 696 690 728 fuissent,
703 703 789 730 neque
803 695 838 722 ita
852 695 917 722 viles
931 699 958 722 et
969 694 1061 729 quales

265 748 356 777 erant;
375 743 423 770 sed
442 743 511 769 alius
524 742 598 769 orbis
612 741 706 769 fuisset
719 741 782 768 huic
795 748 853 775 par,
865 747 897 768 ac
910 740 1060 767 multitudi-

266 797 327 816 nem
347 788 505 816 habuisseut
524 787 644 815 adversas
662 787 712 814 sibi
734 786 881 821 aequalem,
903 785 956 812 imo
976 783 1061 812 multo

266 835 395 870 majorem
405 854 413 866 ,
427 834 466 862 sic
479 841 584 868 quoque
598 831 715 860 difﬁcilis
729 839 772 859 res
787 831 891 858 fuisset.
911 830 966 858 lllis
985 837 1061 858 nam-

266 888 319 916 que
339 888 417 915 opent
439 879 540 907 ferebat
562 877 726 906 consuetudo
738 897 745 910 ,
760 877 801 903 his
814 884 879 903 vero
894 875 998 903 novitas
1011 874 1060 902 ad-

267 926 433 953 versabatur.
451 925 524 953 Nihil
544 924 614 952 enitu
636 923 671 950 ita
691 923 779 951 turbat
802 923 940 955 animum,
955 921 1059 948 etiamsi

267 971 331 998 utile
351 970 486 1006 quidpiam
506 969 685 1005 aggrediatur,
702 972 730 995 ut
752 968 879 995 innovare
898 971 925 994 et
944 966 1061 1002 peregri-

266 1025 330 1045 num
354 1016 416 1052 quid
439 1016 585 1049 indttcere,
601 1015 716 1043 maxime
729 1022 790 1042 cum
803 1014 838 1042 dc
855 1014 929 1042 cultu
949 1013 1059 1048 religio-

265 1062 307 1089 nis
329 1066 356 1089 et
378 1061 412 1089 de
438 1061 485 1089 Dei
508 1061 591 1096 gloria
605 1061 702 1096 agitur.
726 1061 758 1088 Et
768 1064 867 1095 quanta
880 1059 916 1087 sit
929 1059 1008 1094 hujus
1021 1059 1059 1086 rei

264 1107 315 1138 vis,
327 1107 382 1141 jam
397 1106 484 1141 palam
501 1106 607 1133 faciam.
631 1106 721 1133 Primo
739 1105 803 1132 illud
818 1105 905 1133 dicam
916 1125 925 1138 ,
946 1105 1059 1133 alteram

265 1154 346 1181 fuisse
359 1153 542 1181 difﬁcultatem
555 1153 627 1181 circa
643 1152 761 1181 Iudaeos.
776 1152 842 1180 Nam
856 1152 927 1188 quod
944 1152 977 1179 ad
995 1159 1060 1187 gen-

265 1200 325 1227 tiles
333 1204 445 1235 spectat,
455 1205 483 1228 et
491 1199 556 1228 deos
565 1205 591 1227 et
601 1200 724 1234 dogmata
736 1199 841 1226 illorum
856 1198 1060 1226 confutabantur

263 1246 353 1272 omnia
366 1254 374 1278 ;
388 1245 459 1280 apud
472 1244 578 1273 Judmos
593 1250 683 1272 autem
696 1252 748 1272 non
762 1244 797 1272 ita
811 1244 981 1279 disputabant
993 1252 1001 1270 :
1013 1243 1059 1272 sed

263 1300 297 1320 ex
312 1291 480 1327 dogmatibus
496 1291 578 1318 multa
591 1290 766 1326 abrogahant,
780 1290 862 1318 Deum
882 1297 946 1318 vero
959 1290 1004 1325 qui
1019 1289 1060 1317 le-

264 1345 324 1372 gem
348 1341 475 1372 posuerat
496 1336 610 1364 adorare
629 1336 761 1370 jubebant
780 1344 787 1362 :
808 1339 836 1363 et
856 1343 917 1363 cum
939 1335 1061 1362 dicerent

264 1386 390 1416 oportere
404 1381 582 1417 legislatorem
597 1381 701 1414 colere,
715 1381 864 1415 addebant,
881 1380 919 1408 Ne
932 1380 959 1408 in
972 1381 1059 1408 omni-

263 1427 314 1454 bus
335 1426 492 1462 obscquaris
513 1427 564 1462 legi
585 1426 619 1454 ab
638 1426 685 1453 illo
698 1426 811 1461 positae;
826 1425 900 1454 verbi
914 1426 1000 1461 gratia
1011 1446 1018 1456 ι
1032 1426 1060 1454 in

263 1472 453 1500 observatione
466 1472 579 1505 sabbati,
593 1477 639 1499 aut
653 1471 874 1505 circumcisionis,
889 1475 935 1498 aut
956 1471 1059 1498 sacriﬁ-

264 1518 381 1550 ciorum,
395 1522 441 1544 aut
460 1517 574 1545 aliorum
596 1517 733 1545 similium.
748 1517 838 1553 Itaque
851 1525 904 1545 non
920 1517 1000 1545 modo
1014 1525 1043 1545 sa

264 1564 394 1591 criﬂcium
417 1563 609 1598 impedimento
627 1568 703 1597 erat;
722 1564 769 1592 sed
790 1565 870 1591 etiam
891 1564 979 1599 quod,
998 1572 1060 1592 cum

264 1609 349 1638 Deum
362 1609 488 1645 juberent
501 1610 626 1643 adorare,
641 1610 738 1637 multas
752 1610 834 1645 ipsius
845 1610 917 1645 leges
930 1610 1060 1646 abrogare

265 1656 450 1691 praeciperent.
472 1655 549 1691 Apud
567 1656 681 1690 gentiles
699 1661 787 1683 autem
808 1663 902 1690 magna
922 1660 982 1683 erat
993 1663 1059 1684 con-

264 1701 414 1729 suetudinis
429 1701 558 1738 tyrannis.

299 1749 326 1776 7.
349 1748 455 1776 Etenim
476 1748 580 1776 etiamsi
603 1748 696 1776 decem
715 1755 845 1776 annorum
871 1753 986 1782 tantttm,
1011 1756 1062 1776 nec

264 1793 325 1820 dico
340 1794 405 1820 tanti
427 1794 572 1828 temporis;
596 1794 646 1821 etsi
671 1801 814 1829 paucorum
839 1793 989 1826 hominum,
1011 1801 1061 1821 nec

265 1839 325 1867 dico
337 1839 417 1866 totius
429 1839 503 1866 orbis
513 1838 732 1866 consuetudinem
745 1838 862 1874 aggressi
877 1838 913 1865 illi
927 1837 1039 1866 fuissent
1051 1846 1058 1865 ι

265 1886 305 1912 sic
325 1892 431 1921 quoque
453 1885 564 1912 mutatio
584 1884 700 1912 difﬁcilis
716 1885 819 1912 fuisset.
839 1884 917 1912 Nunc
931 1888 1019 1911 autem
1035 1888 1061 1911 et

267 1930 395 1966 sophista:
411 1935 438 1957 et
449 1934 570 1958 oratores
581 1934 608 1957 et
622 1934 709 1964 patres
720 1934 747 1957 ct
756 1929 798 1956 avi
809 1934 836 1957 et
846 1930 933 1963 abavi,
949 1934 975 1957 et
985 1929 1060 1957 multi

267 1975 450 2011 antiquiores,
471 1982 564 2002 errore
587 1979 665 2002 erant
688 1974 864 2009 praeoccupati
890 1983 898 2001 :
924 1979 952 2002 et
972 1978 1060 2008 terra,

269 2029 353 2053 mare,
373 2016 496 2053 montes,
517 2020 612 2052 saltus,
636 2019 812 2046 barbarorum
838 2019 928 2046 omnia
950 2027 1059 2054 genera,

269 2066 422 2094 Cra-corum
435 2064 525 2100 populi
536 2072 640 2096 omnes,
651 2064 796 2099 sapientes,
806 2063 906 2097 idiotze,
917 2063 1061 2099 principes,

269 2112 380 2144 subditi,
392 2111 520 2139 mulieres
529 2115 556 2138 et
563 2110 624 2144 viri,
632 2110 749 2144 juvenes
755 2114 782 2136 et
789 2116 880 2142 senes,
888 2108 1064 2142 herietservi,

269 2157 396 2194 agricolae
407 2160 434 2184 et
444 2155 570 2188 artiﬁces,
583 2155 626 2190 qui
639 2155 719 2182 urbes
729 2159 756 2182 et
768 2154 814 2189 qui
828 2154 901 2181 vicos
912 2152 1062 2180 incolebant

269 2210 374 2231 omnes.
391 2202 425 2230 Et
435 2209 483 2237 par
493 2205 550 2229 erat
562 2201 620 2228 illos
631 2207 725 2228 omnes
735 2199 942 2227 catechumenos
952 2198 1041 2226 dicere
1053 2206 1061 2226 :

269 2249 338 2284 Quid
353 2249 404 2277 hoc
414 2248 473 2277 est?
488 2255 617 2275 omnesne
631 2247 675 2282 qui
690 2246 782 2273 orbem
803 2246 922 2273 incolunt
937 2250 998 2272 sunt
1011 2244 1061 2272 de-

269 2295 358 2332 cepti?
374 2294 512 2330 sophista,
528 2298 660 2326 oratores,
682 2291 847 2328 philosophi,
864 2292 1021 2326 scriptores,
1035 2296 1063 2320 et

272 2341 315 2376 qui
337 2338 409 2367 nunc
421 2344 484 2367 sunt
504 2342 532 2367 et
553 2338 598 2373 qui
619 2342 682 2366 ante
702 2337 821 2371 fuerunt,
847 2336 1013 2373 Pythagoras
1035 2341 1063 2365 ct

272 2386 357 2418 l‘lato,
371 2384 463 2418 duces,
485 2383 621 2417 consules,
639 2383 825 2418 imperatores,
841 2383 946 2411 urbium
961 2384 994 2412 ab
1013 2384 1064 2411 ini-

270 2431 308 2458 tio
322 2430 394 2458 cives
409 2433 434 2457 et
449 2428 614 2461 fundatores,
630 2427 736 2456 barbari
749 2433 777 2456 et
794 2428 903 2457 Graeci?
920 2434 947 2457 et
959 2429 1064 2457 duode-

270 2477 323 2504 cim
337 2477 484 2511 piscatores
499 2482 530 2502 ac
543 2475 718 2502 tentoriorum
733 2475 852 2502 artiﬁces
873 2479 954 2510 atque
973 2475 1063 2510 publi-

270 2522 342 2556 cani,
365 2522 419 2549 illis
441 2521 566 2549 omnibus
580 2525 643 2548 sunt
664 2521 864 2556 sapientiores?
882 2526 909 2548 et
927 2521 988 2555 quis
1006 2521 1064 2549 lucc

271 2568 342 2595 ferre
354 2566 490 2603 potuerit?
504 2566 626 2594 Attamen
638 2566 695 2594 haec
707 2573 760 2594 non
775 2565 910 2599 dixerunt,
924 2573 974 2593 nec
988 2566 1062 2602 cogi-

273 2618 372 2648 tarunt,
385 2614 432 2642 sed
445 2613 527 2649 quieti
546 2612 714 2646 sustinuere;
730 2616 915 2647 noveruntque
929 2611 990 2639 illos
1003 2619 1064 2640 esse

273 2660 392 2688 omnium
417 2659 627 2694 sapientissimos
643 2667 650 2685 :
666 2658 779 2693 ideoque
799 2665 894 2685 omnes
917 2664 1063 2692 superave-

275 2710 348 2736 runt,
363 2705 395 2732 Et
409 2709 437 2732 ut
449 2704 548 2738 discas,
568 2708 669 2739 quanta
693 2703 729 2731 sit
746 2703 787 2731 vis
808 2703 1018 2737 consuetudinis,
1032 2710 1063 2731 ea

276 2750 322 2778 Dei
337 2755 468 2786 praecepta
481 2757 553 2785 saepe
565 2749 711 2785 superavit.
725 2749 758 2776 Et
768 2749 831 2785 quid
841 2749 901 2778 dico
912 2750 1064 2786 prmccpta?

274 2793 333 2830 Ipsa
349 2803 453 2830 quoqttc
471 2794 611 2822 beneﬁcia.
625 2792 710 2822 Judzci
724 2795 795 2822 enim
810 2802 907 2823 manna
923 2795 1062 2829 habentes,

274 2842 429 2877 quaerebant
443 2839 521 2874 allia;
540 2844 566 2868 ct
586 2839 709 2870 libertate
723 2841 855 2875 fruentes,
871 2841 1007 2870 servitutis
1021 2849 1063 2869 rc-

1112 185 1293 214 cordabantur
1315 190 1342 214 et
1365 185 1510 221 Egyptum
1534 185 1689 221 frequenter
1715 186 1842 220 optabant
1870 188 1906 215 ob

1112 231 1352 264 consuetudinem;
1374 231 1443 259 adeo
1465 231 1604 268 tyrannica
1618 235 1658 259 est
1672 232 1848 260 consuetudo.
1872 232 1906 259 Et

1117 277 1139 305 si
1153 277 1218 305 velis
1236 278 1317 305 etiam
1332 278 1366 305 ab
1388 278 1488 305 exteris
1513 277 1539 305 id
1561 277 1676 312 discere,
1700 277 1798 306 dicitur
1817 278 1904 310 Plato,

1112 322 1216 350 etiamsi
1232 323 1314 357 probo
1327 323 1407 351 sciret
1420 331 1538 351 errorem
1549 331 1609 351 esse
1621 331 1664 357 ea,
1680 332 1739 358 quae
1753 323 1787 352 de
1801 323 1853 351 diis
1866 324 1906 350 di-

1112 367 1252 400 cebantur,
1265 367 1299 395 ad
1314 366 1397 396 festos
1409 368 1467 395 dies
1478 368 1605 396 colendos
1619 373 1646 396 et
1659 369 1691 396 ad
1703 374 1800 396 caetera
1815 369 1904 396 omnia

1111 420 1141 441 se
1154 413 1304 446 demisisse,
1327 419 1355 441 ut
1370 415 1415 449 qui
1431 423 1484 442 non
1509 419 1600 450 posset
1619 416 1841 444 consuetudinem
1856 416 1904 443 im-

1112 466 1241 495 pugnare,
1257 467 1288 487 ac
1304 467 1334 488 re
1347 459 1403 495 ipsa
1420 468 1435 487 a
1456 461 1584 496 magistro
1607 460 1658 489 hoc
1677 461 1834 489 edidicerat.
1857 461 1904 489 llic

1112 505 1183 533 enim
1199 513 1259 534 cum
1273 507 1299 534 in
1313 507 1494 542 suspicionem
1510 508 1692 536 innovationis
1707 509 1834 542 venisset,
1850 513 1905 536 tan-

1113 556 1168 579 tum
1182 552 1266 580 abfuit
1279 557 1307 580 ut
1320 553 1392 589 quod
1407 554 1516 589 optabat
1530 555 1681 590 perliceret,
1695 555 1812 582 utetiam
1823 555 1903 582 vitam

1112 600 1243 633 amiserit,
1258 600 1362 628 etiamsi
1374 600 1496 636 apologia
1507 608 1567 629 sese
1578 606 1726 636 purgasset.
1738 601 1807 635 Quot
1823 601 1903 629 etiam

1112 653 1183 673 nunc
1196 646 1317 674 videmus
1337 646 1460 674 homines
1473 654 1505 674 ex
1526 647 1700 682 prtejudicata
1726 647 1854 682 opinione
1877 648 1903 675 in
1926 670 1929 672 .

1113 692 1247 726 impietate
1261 692 1395 726 detentos,
1412 693 1458 728 qui
1473 692 1539 720 nihil
1561 697 1673 728 possunt
1694 693 1790 720 rationi
1806 700 1904 721 conso-

1113 745 1174 764 num
1189 738 1289 771 dicere,
1312 745 1373 766 cum
1396 743 1557 766 accusantur
1576 738 1647 774 quod
1666 743 1693 766 ιιι
1713 739 1826 775 gentiles
1841 747 1903 767 sen-

1113 783 1189 815 tiant,
1204 783 1375 818 allegautquc
1392 789 1492 819 patres,
1510 791 1574 812 avos
1593 789 1620 812 et
1633 785 1766 820 proavos?
1781 784 1842 812 ldco
1855 793 1904 813 ex-

1113 833 1230 856 terorunt
1251 829 1359 864 quidam
1379 829 1599 857 consuetudinem
1614 829 1758 857 secundam
1782 835 1904 858 naturam

1112 879 1218 902 vocant.
1233 874 1298 902 Cum
1313 879 1402 902 autem
1417 875 1444 903 in
1459 875 1629 911 dogmatibus
1640 876 1807 904 consuetudo
1818 876 1902 909 adest,

1112 928 1143 948 ea
1171 920 1273 948 ﬁrmior
1296 925 1338 949 est
1366 930 1374 948 :
1400 921 1490 949 omnia
1516 921 1587 949 enim
1614 921 1717 949 facilius
1743 923 1905 950 mutaverint

1111 977 1190 1004 quam
1206 969 1317 997 cultum.
1337 969 1370 997 Et
1391 969 1477 1004 pudor
1498 977 1551 997 una
1574 977 1635 996 cum
1657 969 1852 997 consuetudine
1869 969 1903 997 ad

1112 1014 1311 1049 impediendum
1322 1015 1386 1042 Satis
1397 1019 1465 1047 erat,
1477 1019 1506 1042 et
1515 1014 1585 1049 quod
1596 1014 1736 1043 videantur
1746 1015 1773 1042 in
1784 1020 1904 1042 extrema

1112 1065 1250 1088 senectute
1268 1061 1418 1093 dediscere,
1439 1060 1573 1096 etiamque
1589 1061 1624 1088 ab
1643 1061 1675 1089 iis
1696 1061 1741 1097 qui
1756 1061 1844 1089 minus
1865 1063 1905 1089 iu-

1112 1106 1272 1141 tclligcrent.
1289 1106 1322 1133 Et
1332 1106 1396 1140 quid
1415 1105 1531 1137 miraris,
1551 1105 1573 1132 si
1589 1105 1615 1133 in
1636 1106 1726 1133 anima
1740 1106 1766 1134 id
1787 1107 1903 1140 eveniat,

1111 1151 1218 1187 quando
1230 1152 1311 1179 etiam
1336 1151 1363 1178 itt
1382 1158 1496 1186 corpore
1512 1159 1635 1186 magnam
1658 1151 1711 1178 vim
1735 1152 1904 1179 consuetudo

1112 1197 1202 1225 habet.
1225 1197 1414 1231 Apostolorum
1430 1203 1494 1223 vero
1511 1200 1632 1231 tempore
1643 1196 1715 1224 aliud
1737 1202 1795 1224 erat
1817 1197 1903 1232 majus

1111 1242 1343 1278 impedimentum,
1359 1241 1430 1277 quod
1445 1249 1498 1269 non
1514 1242 1595 1270 modo
1608 1243 1774 1270 consuetudo
1787 1247 1839 1270 tam
1853 1251 1903 1270 an-

1111 1290 1183 1325 tiqua
1197 1294 1354 1321 mutaretur,
1367 1289 1414 1316 sed
1428 1289 1509 1317 etiam
1524 1289 1595 1325 quod
1609 1290 1721 1316 mutatio
1732 1289 1775 1317 illa
1787 1297 1846 1316 cum
1857 1297 1903 1324 pe-

1111 1335 1196 1363 riculo
1211 1335 1297 1362 ﬁeret.
1313 1334 1371 1362 Non
1385 1335 1464 1362 modo
1477 1335 1549 1362 enim
1560 1342 1575 1361 a
1585 1335 1781 1362 consuetudine
1795 1336 1828 1362 ad
1839 1343 1904 1362 con-

1110 1381 1278 1408 suetudinem
1288 1380 1438 1412 trahebant,
1448 1380 1494 1408 sed
1502 1387 1517 1407 a
1528 1380 1723 1408 consuetudine
1731 1381 1903 1408 securitatem

1112 1427 1228 1455 habente
1247 1427 1280 1454 ad
1295 1435 1339 1454 res
1353 1427 1472 1461 pericula
1487 1427 1654 1455 minitantes.
1669 1426 1831 1455 Credentem
1845 1432 1903 1454 sla-

1111 1473 1158 1500 tim
1177 1472 1316 1500 accidebat
1336 1472 1477 1507 publicari,
1500 1472 1573 1507 pelli,
1585 1480 1599 1499 a
1613 1472 1698 1508 patria
1717 1472 1854 1506 excidere,
1870 1472 1904 1500 ab

1110 1518 1236 1546 omnibus
1248 1518 1310 1546 odio
1324 1518 1426 1550 haberi,
1442 1525 1611 1546 communem
1623 1517 1726 1546 hostem
1738 1526 1798 1546 esse
1807 1523 1835 1546 et
1847 1519 1904 1546 suis

1111 1569 1139 1591 et
1157 1564 1263 1599 alienis.
1289 1564 1380 1599 Itaque
1404 1564 1510 1592 etiamsi
1530 1568 1673 1592 vocassent
1696 1572 1711 1592 a
1733 1564 1851 1592 novitate
1869 1564 1904 1592 ad

1111 1611 1343 1644 consuetudinem,
1358 1611 1438 1638 etiam
1452 1611 1492 1638 sic
1512 1610 1630 1638 difﬁcilis
1647 1618 1691 1638 res
1713 1610 1807 1638 fuisset
1820 1619 1827 1638 :
1842 1618 1903 1638 cum

1111 1661 1200 1684 autem
1212 1664 1226 1683 a
1236 1656 1432 1684 consuetudine
1445 1656 1478 1683 ad
1498 1655 1643 1684 novitatem
1659 1661 1796 1689 vocarent,
1808 1660 1834 1684 et
1848 1656 1905 1683 lucc

1111 1702 1237 1730 adessent
1251 1702 1331 1735 mala,
1344 1701 1430 1737 cogita
1441 1705 1570 1736 quantum
1584 1706 1641 1729 erat
1654 1701 1717 1729 illud
1732 1701 1906 1736 impedimen-

1113 1752 1178 1775 tum.
1197 1747 1298 1775 Praeter
1312 1754 1342 1774 ea
1357 1751 1447 1775 autem
1465 1754 1524 1781 quae
1538 1746 1609 1774 dicta
1624 1751 1696 1780 sunt,
1710 1745 1782 1773 aliud
1796 1753 1849 1774 non
1866 1745 1904 1773 le-

1111 1794 1170 1821 vius
1183 1797 1252 1826 erat,
1272 1792 1343 1828 quod
1358 1792 1533 1820 mutationem
1552 1792 1689 1820 difficilem
1710 1791 1844 1820 redderet.
1864 1791 1905 1819 Ad

1111 1839 1333 1867 consuetudinem
1348 1838 1420 1866 cnim
1439 1843 1466 1866 et
1481 1838 1514 1866 ad
1538 1838 1655 1873 pericula
1677 1837 1704 1865 id
1723 1837 1817 1871 addas,
1833 1837 1906 1872 quod

1113 1887 1170 1914 lucc
1183 1890 1314 1921 praecepta
1330 1885 1486 1913 onerosiora
1502 1888 1602 1918 essent,
1617 1888 1644 1912 et
1656 1891 1700 1916 ea,
1715 1891 1730 1910 a
1747 1884 1843 1919 quibus
1855 1884 1905 1910 ab-

1112 1932 1255 1966 ducebant,
1269 1931 1335 1959 levia
1350 1935 1377 1959 et
1392 1930 1488 1958 facilia.
1508 1930 1573 1958 Nam
1594 1937 1609 1957 a
1623 1929 1798 1957 fornicatione
1813 1929 1845 1956 ad
1861 1937 1906 1956 ca-

1112 1977 1229 2005 stitatem
1247 1976 1389 2009 vocabant,
1414 1976 1449 2004 ah
1472 1983 1564 2003 amore
1585 1975 1647 2003 vitae
1669 1975 1704 2003 ad
1728 1979 1855 2008 mortem,
1871 1974 1906 2002 ab

1113 2021 1243 2050 ebrietate
1252 2022 1284 2050 ad
1291 2022 1436 2058 jejunium,
1445 2029 1461 2050 a
1470 2021 1528 2048 risu
1535 2020 1568 2048 ad
1578 2020 1711 2056 lacrymas
1730 2025 1757 2048 ct
1777 2028 1907 2055 compun-

1113 2067 1241 2100 ctioncm,
1255 2066 1290 2094 ab
1303 2066 1412 2094 avaritia
1425 2066 1459 2094 ad
1472 2070 1667 2101 paupertatem,
1682 2073 1698 2093 a
1714 2065 1857 2094 securitate
1871 2065 1905 2093 ad

1113 2111 1231 2148 pericula
1245 2121 1252 2140 :
1267 2116 1294 2140 et
1309 2119 1356 2147 per
1372 2113 1461 2140 omnia
1474 2117 1623 2140 extremam
1636 2112 1778 2147 exigebant
1794 2119 1906 2139 accura-

1114 2158 1232 2191 tionem;
1247 2165 1308 2186 nam
1320 2158 1359 2185 ait
1373 2166 1380 2184 :
1394 2157 1538 2193 Turpitudo
1557 2163 1581 2186 et
1595 2158 1778 2192 stultiloquium
1795 2162 1818 2185 et
1832 2166 1905 2185 scur-

1113 2203 1195 2229 rilitas
1210 2211 1241 2230 ne
1254 2206 1343 2230 exeant
1355 2203 1387 2229 ab
1404 2210 1448 2230 ore
1467 2207 1548 2230 vestro
1563 2202 1670 2238 (ΕρΙιει.
1693 2203 1720 2231 5.
1737 2203 1776 2238 ι).
1797 2202 1831 2230 Ει
1848 2202 1906 2230 haec

1113 2247 1239 2276 dicebant
1251 2247 1295 2281 iis,
1310 2247 1355 2283 qui
1371 2247 1437 2275 nihil
1450 2247 1523 2275 aliud
1537 2247 1658 2276 sciebant
1673 2255 1753 2283 quam
1767 2247 1903 2281 inebriari,

1114 2293 1200 2320 ventri
1217 2292 1365 2327 indulgere,
1380 2292 1413 2320 iis
1423 2293 1467 2328 qui
1481 2292 1538 2320 dies
1549 2292 1632 2321 festos
1645 2293 1769 2328 agebant,
1788 2300 1840 2320 non
1852 2293 1907 2320 alie

1115 2339 1195 2367 modo
1208 2339 1396 2372 consistentes,
1413 2346 1492 2374 quam
1507 2345 1541 2366 ex
1557 2339 1729 2374 turpitudine,
1744 2339 1799 2366 risu
1810 2343 1837 2366 et
1847 2339 1906 2366 uni-

1115 2391 1191 2412 versa
1206 2384 1348 2412 commdia.
1363 2382 1455 2419 Itaque
1468 2392 1521 2412 non
1532 2383 1613 2412 modo
1625 2383 1697 2420 quod
1711 2383 1907 2419 philosophiam

1115 2431 1263 2466 exigerent,
1273 2437 1387 2458 onerosa
1403 2430 1446 2458 illa
1457 2434 1589 2466 praecepta
1602 2435 1696 2463 erant;
1711 2430 1759 2459 sed
1771 2431 1842 2466 quod
1857 2431 1907 2458 hoc

1116 2476 1234 2504 minibus
1247 2476 1441 2512 proferrentur,
1464 2476 1510 2512 qui
1529 2476 1555 2503 in
1580 2476 1707 2510 licentia,
1731 2477 1908 2512 turpitudine,

1115 2522 1299 2557 stultiloquio,
1317 2522 1373 2550 risu
1394 2522 1526 2557 rebusque
1547 2522 1658 2549 comicis
1683 2521 1788 2550 educati
1805 2527 1907 2549 essent.

1116 2567 1180 2601 Quis
1192 2568 1263 2594 cnim
1285 2567 1330 2602 qui
1353 2567 1380 2595 in
1397 2567 1494 2594 talibus
1507 2567 1588 2594 vitam
1609 2567 1725 2601 duxerit,
1741 2575 1801 2594 cutn
1823 2567 1908 2599 audit,

1118 2612 1177 2639 Nisi
1190 2613 1245 2646 qui:
1260 2612 1331 2639 tollat
1345 2620 1447 2640 crucem
1461 2621 1533 2640 suam
1555 2617 1578 2640 et
1596 2618 1716 2648 sequatur
1733 2620 1782 2645 me,
1801 2621 1851 2639 non
1873 2617 1910 2640 est

1117 2666 1156 2685 me
1169 2658 1259 2694 dignus
1276 2658 1382 2693 (Matth.
1397 2659 1443 2686 10.
1457 2659 1521 2694 58);
1536 2663 1573 2692 et,
1594 2658 1655 2685 Non
1674 2658 1731 2685 veni
1744 2667 1831 2694 pacem
1849 2658 1910 2685 mit-

1116 2708 1175 2736 tere,
1191 2704 1235 2731 sed
1252 2704 1376 2739 gladium,
1397 2710 1421 2731 et
1440 2711 1560 2739 separare
1578 2704 1705 2731 hominem
1726 2712 1741 2731 a
1761 2709 1832 2739 patre
1847 2711 1908 2736 suo,

1117 2755 1140 2776 ct
1155 2750 1236 2784 ﬁliam
1250 2759 1266 2777 a
1281 2756 1362 2778 matre
1382 2759 1428 2778 sua
1442 2751 1452 2787 (
1468 2751 1537 2778 Ibid.
1553 2759 1576 2779 t'.
1600 2751 1635 2779 54
1650 2750 1671 2787 ),
1686 2759 1739 2779 non
1764 2751 1905 2785 obtorpue-

1117 2796 1169 2823 rit?
1181 2797 1240 2831 quis
1255 2790 1343 2824 autem
1357 2797 1480 2831 audiens,
1499 2797 1555 2825 Nisi
1574 2798 1633 2833 quis
1653 2797 1846 2825 renuntiaverit
1861 2795 1907 2822 d0-

1120 2841 1185 2876 mtti,
1200 2842 1292 2878 patriae
1305 2847 1331 2872 et
1345 2843 1455 2877 divitiis,
1473 2851 1524 2871 non
1540 2848 1580 2871 est
1595 2851 1638 2872 me
1657 2843 1752 2880 dignus
1772 2842 1849 2878 (Luc.
1867 2840 1908 2869 Η.
