2060 3111
290 119 325 148 65
633 117 664 147 S.
684 117 828 147 JOANNIS
847 117 1094 147 CIIHYSOSTOMI
1111 118 1272 148 ARCHIEP.
1293 119 1572 152 CONSTANTINOP.
1904 134 1937 163 σε

289 175 398 212 μῆσαι,
413 175 471 211 ἤδη
484 175 664 213 ἐμοίχευσεν
676 178 774 213 αὐτὴν
794 177 950 213 ὀφθεῖσαν·
974 177 1033 210 καὶ,
1060 176 1088 204 '0

291 221 431 258 ὀργισθεὶς
451 222 532 258 είκῆ,
555 224 594 256 εἰς
616 223 728 258 γέενναν
745 223 885 256 πεσεῖται,
899 222 960 249 τίνα
983 222 1035 249 οὐκ
1055 221 1089 249 ἂν

291 267 346 294 τῶν
356 268 416 295 τότε
427 267 617 304 ἀπεσόϐησεν;
635 269 705 296 Ἀλλ’
715 270 791 305 ὅμως
803 269 909 301 πάντες
922 268 1086 305 ἐπέδραμον,

293 313 341 340 καὶ
355 313 448 340 πολλοὶ
466 314 514 341 καὶ
535 314 606 350 ὑπὲρ
625 314 658 341 τὰ
679 315 832 350 σκάμματα
850 314 973 350 ἥλλοντο.
989 314 1023 341 Τί
1042 312 1090 341 οὖν

294 359 393 392 αὐτοὺς
421 361 557 396 ἐπήγετο;
586 360 636 386 οὐκ
663 359 775 396 εὔδηλον
800 360 841 387 ὅτι
859 361 876 396 ἡ
897 360 1013 396 δύναμις
1040 359 1089 387 τοῦ

293 405 512 440 κηρυττομένους
529 405 561 431 Εἰ
572 405 636 441 ῖγὰρ
653 405 691 440 μὴ
704 405 784 432 τοῦτο
800 403 835 441 ἧν
846 425 853 438 ,
880 405 1039 432 τούναντίον
1061 405 1090 433 δὲ

292 445 338 484 ἦν,
361 450 459 475 ἐκεῖνοι
476 449 525 484 μὲν
540 446 613 476 οὗτοι
623 468 630 481 ,
646 446 720 476 οὗτοι
735 449 764 476 δὲ
778 448 850 486 ἦσαν
864 451 975 483 ἐκεῖνοι,
993 449 1038 486 ἆρ’
1056 450 1090 477 ἂν

294 494 404 520 εὔκολον
425 491 458 529 ἦν
472 493 545 528 ἔχειν
565 495 612 522 καὶ
629 495 744 522 ἐλκῠσαι
760 496 823 528 τοὺς
846 497 1090 532 ἐναντιουμένους;

293 539 351 566 Οὐκ
368 538 440 566 ἐστιν
458 539 559 567 εἰπεῖν.

325 601 360 632 η’.
376 597 458 624 Ὥστε
467 597 511 625 διὰ
519 597 629 626 πάντων
642 598 780 627 δείκνυται
791 599 850 627 θεία
866 600 980 636 δύναμις
989 597 1056 628 οὖσα
1070 601 1087 636 ἡ

293 643 503 678 κατορθώσασα.
528 645 605 672 Ἐπεὶ
622 645 704 672 πόθεν
724 645 847 680 ἔπεισαν,
867 646 930 672 είπέ
953 655 1010 682 μοι,
1024 647 1089 677 τοὺς

291 687 407 722 χαύνους
421 688 479 725 [62]
496 690 544 716 καὶ
558 690 621 722 τοὺς
637 690 826 726 διαρρέοντας,
842 691 889 718 ἐπὶ
909 691 955 718 τὸν
971 691 1088 726 σκληρὸν

291 733 340 761 καὶ
360 735 465 770 τραχὺν
480 735 609 771 φέροντες
623 735 699 770 βίον;
720 735 800 763 Ἀλλά
814 737 848 763 τὰ
864 736 915 772 μὲν
927 736 1087 772 παραγγέλ-

292 789 365 815 ματα
379 781 492 808 τοιαῦτα
501 789 509 797 ’
525 781 625 816 ίδωμεν
636 782 664 809 δὲ
680 783 785 818 μήποτε
798 782 828 808 τὸ
841 782 930 817 δόγμα
941 781 1088 816 ἐπαγωγὸν

288 824 335 862 ἦν,
361 827 417 853 Καὶ
439 827 493 862 μὴν
521 828 568 853 καὶ
593 828 672 854 τοῦτο
695 829 789 855 ίκανδν
814 826 848 863 ἦν
865 828 929 860 τοὺς
955 828 1089 860 ἀπίστους

290 871 474 908 ἀποσοὸῆσαι.
488 873 521 899 Τί
533 872 587 908 γὰρ
602 873 696 908 ἔλεγον
709 875 734 900 οι
747 873 950 909 κηρύσσοντες;
967 873 1028 900 ’Ότι
1042 873 1088 900 τὸν

290 918 500 954 ἐσταυρωμένον
524 919 565 945 δεῖ
582 921 757 953 προσκυνεῖν,
775 920 823 946 καὶ
841 919 936 946 τοῦτον
953 919 1020 946 Θεὸν
1044 928 1088 946 νο-

292 964 400 1000 μίζειν,
413 965 460 992 τὸν
476 966 507 991 ὲκ
523 965 652 1000 γυναικὸς
673 966 840 1001 γεννηθέντα
861 966 1004 998 Ἰουδαίας.
1031 965 1089 993 Καὶ

290 1009 332 1040 τίς
345 1009 378 1035 ἂν
388 1009 495 1041 τούτοις
508 1009 635 1046 ἐπείσθη,
652 1011 690 1046 μὴ
704 1011 781 1043 θείας
795 1011 940 1047 δυνάμεως
951 1020 1087 1048 προηγου-

291 1054 393 1089 μένηςς
412 1055 473 1081 Ὀτι
490 1055 539 1090 μὲν
555 1055 609 1091 γὰρ
624 1056 785 1092 ἐσταυρώθη
801 1057 849 1084 καὶ
862 1057 949 1093 ἐτάφη
960 1079 967 1090 ,
986 1058 1088 1089 πάντες

289 1097 359 1126 εἶδον
368 1109 376 1117 ·
388 1101 429 1128 ὅτι
439 1101 468 1127 δέ
481 1101 582 1137 ἀνέστη
594 1102 641 1128 καὶ
653 1102 764 1138 ἀνῆλθε,
778 1102 848 1139 πλὴν
861 1103 916 1130 τῶν
927 1103 1087 1130 ἀποστόλων

289 1145 377 1178 οΰεεὶς
399 1146 541 1174 ἐθεάσατο.
566 1147 636 1174 Ἀλλ’
653 1148 834 1183 ἐπαγγελίαις
851 1149 951 1181 αὐτοὺς
967 1150 1085 1185 ἐπῆραν,

289 1192 367 1226 φησὶ,
381 1193 428 1219 καὶ
447 1192 526 1228 ψόφῳ
544 1194 677 1228 ῥημάτων
690 1194 846 1229 ἠπάτησαν.
863 1195 949 1221 Τοῦτο
968 1195 1017 1230 μὲν
1039 1193 1086 1222 οὖν

288 1238 356 1265 αὐτὸ
382 1238 501 1274 μάλιστα
517 1239 651 1273 δείκνυσι,
675 1240 722 1266 καὶ
744 1241 831 1276 χωρὶς
855 1241 909 1267 τῶν
931 1240 1085 1276 εἰρημένων

288 1284 428 1316 ἁπάντων,
444 1284 485 1311 ὅτι
499 1284 549 1311 οὐκ
571 1284 645 1311 ἔστιν
661 1285 754 1321 ἀπάτη
769 1285 805 1312 τά
826 1285 960 1321 ἡμέτερα.
977 1285 1018 1312 Τά
1035 1286 1085 1321 μὲν

288 1330 342 1366 γὰρ
354 1331 475 1366 δυσχερῆ
487 1331 577 1357 πάντα
590 1331 715 1358 ἐντεῦθεν
729 1331 881 1358 συνέῦαινε·
896 1331 930 1358 τὰ
941 1332 968 1358 δὲ
979 1331 1085 1367 χρηστὰ

289 1377 359 1412 μετά
373 1377 422 1413 τὴν
445 1378 593 1404 ἀνάστασιν
619 1377 838 1412 ἐπαγγείλασθαι
859 1377 923 1405 ἔδει.
947 1378 1018 1404 Λύτδ
1035 1378 1084 1414 μὲν

287 1422 334 1450 οὖν
360 1423 439 1450 τοῦτο
463 1423 556 1458 (πάλιν
573 1423 627 1458 γὰρ
654 1423 719 1458 ἐρῶ)
747 1423 867 1450 δείκνυσι
896 1423 967 1450 θεῖον
993 1424 1024 1451 δν
1053 1424 1085 1451 τὸ

288 1469 422 1505 ἡμέτερον
436 1469 581 1504 κήρυγμα.
597 1469 647 1495 Διά
660 1469 686 1496 τί
699 1469 754 1504 γάρ
767 1470 863 1504 μηδεὶς
875 1469 930 1497 τῶν
942 1470 1084 1497 πιστευόν-

287 1523 342 1542 των
350 1513 437 1548 εἶπεν,
449 1515 491 1541 ὅτι
501 1514 538 1541 Οὐ
553 1514 682 1551 πρόσειμι
690 1515 751 1541 οὐδὲ
765 1515 908 1550 ἀνέχομαιο
921 1515 1084 1551 τὰδυσχερῆ

289 1568 335 1596 μοι
350 1559 468 1586 ἐνταῦθα
481 1560 613 1593 ἀπειλεῖς,
630 1561 677 1587 καὶ
690 1560 724 1587 τὰ
740 1561 849 1596 χρηστά
868 1561 940 1597 μετὰ
952 1562 1002 1597 τὴν
1017 1562 1083 1588 ἀνά-

289 1614 385 1632 στασιν
400 1605 577 1640 ὲπαγγέλλῃς
595 1606 678 1633 πόθεν
692 1606 746 1641 γὰρ
766 1607 855 1642 δῆλον,
877 1607 919 1634 ὅτι
936 1608 1084 1639 ἀνάστασις

288 1651 382 1686 ἐσταις
398 1652 440 1684 τίς
459 1651 513 1679 τῶν
531 1651 703 1678 ἀπελθόντων
718 1650 784 1688 ἦλθε
797 1661 804 1685 ;
822 1653 863 1684 τίς
879 1653 934 1680 τῶν
949 1654 1083 1689 κειμένων

288 1698 406 1732 ἁνέστη;
420 1697 463 1729 τίς
477 1697 580 1724 τούτων
593 1695 654 1723 εἷπε
667 1699 694 1724 τί
710 1698 786 1725 ἔσται
812 1699 882 1734 μετὰ
894 1699 942 1734 τὴν
957 1699 1083 1727 ἐντεῦθεν

288 1743 443 1778 ἀποδημίαν
455 1751 463 1777 ;
484 1742 556 1769 ’Δλλ¹
570 1743 645 1769 οὐδὲν
659 1743 762 1770 τούτων
777 1744 828 1771 οὐκ
841 1745 998 1780 ἐνενόησαν,
1015 1745 1082 1773 ἀλλά

289 1789 336 1816 καὶ
353 1788 403 1820 τὰς
422 1787 512 1824 ψυχὰς
533 1788 678 1815 ἀπέδωκαν
703 1789 773 1825 ὑπὲρ
797 1789 845 1816 τοῦ
867 1791 1082 1826 σταυρωθέντος.

290 1835 371 1861 Ὠττε
386 1833 451 1860 αὐτὸ
464 1833 545 1860 τοῦτο
561 1833 680 1868 μάλιστα
699 1834 822 1871 μεγάλης
834 1835 978 1871 δυνάμεως
992 1835 1036 1872 ῆν,
1052 1837 1082 1863 τὸ

289 1879 425 1916 μηδέποτε
444 1879 527 1915 μηδὲν
542 1879 663 1906 τοιοῦτον
683 1880 854 1913 ἀκούσαντας
871 1881 968 1917 ἀθρόον
988 1883 1081 1909 πεῖσαι

288 1926 353 1961 περὶ
369 1925 495 1960 μεγάλων
511 1925 582 1952 οὕτω
601 1927 785 1962 πραγμάτων,
804 1927 851 1954 καὶ
871 1928 1081 1963 παρασκευάσαι

286 1971 323 1997 τὰ
342 1971 392 2006 μὲν
406 1971 524 2006 δυσχερῆ
543 1971 742 2004 καταδέξασθαι
756 1973 803 1999 ἐπὶ
815 1973 865 2008 τῆς
882 1973 989 2009 πείρας,
1003 1974 1037 2001 τὰ
1053 1974 1082 2001 δέ

287 2017 394 2052 χρηστά
411 2014 440 2044 ἐν
453 2017 560 2044 ἐλπίσιν
575 2017 658 2053 ἐχειν.
682 2019 714 2046 El
730 2018 758 2045 δὲ
783 2019 906 2054 ἡπάτων,
926 2021 1081 2048 τούναντίον

286 2062 320 2090 ἂν
339 2063 471 2099 ἐποίησαν
485 2064 597 2099 μᾶλλον·
618 2064 652 2091 τά
668 2064 718 2099 μέν
732 2065 838 2100 χρηστά
855 2066 980 2093 ἐντεῦθεν
993 2067 1082 2102 ἐπηγ-

286 2108 423 2142 γείλαντο,
438 2109 472 2135 τὰ
486 2108 515 2134 δὲ
528 2108 632 2143 φοϐερά
646 2109 778 2144 ἐσίγησαν
792 2109 836 2140 ἂν,
850 2109 897 2136 καὶ
911 2110 944 2137 τὰ
957 2111 1080 2146 παρόντα

287 2153 334 2180 καὶ
345 2153 380 2179 τά
396 2153 538 2188 μέλλοντα.
555 2152 633 2179 Οὕτω
646 2154 700 2189 γάρ
717 2155 741 2180 οί
757 2155 916 2187 ἀπατῶντες
933 2155 982 2182 καὶ
994 2156 1018 2182 οί
1033 2164 1080 2182 κο-

286 2199 448 2230 λακεύοντες
468 2199 602 2226 ποιοῦσιν·
620 2199 697 2226 οὐδὲν
711 2201 799 2236 τραχὺ
813 2201 872 2228 οὺδέ
887 2202 1005 2238 ἐπαχθὲς
1019 2203 1080 2230 οὐδέ

287 2244 415 2280 φορτικὸν
435 2245 633 2279 προτείνουσιν,
647 2245 717 2272 ἀλλά
731 2247 886 2274 τούναντίον
900 2249 983 2275 ἆπαν·
1000 2249 1080 2276 τοῦτο

286 2289 341 2324 γάρ
357 2289 431 2316 ἐστιν
448 2289 552 2325 ἀπάτη.
576 2290 646 2317 Ἀλλ’
668 2291 685 2326 ἡ
700 2290 789 2324 ἄνοια,
803 2292 881 2328 φησὶ,
898 2293 953 2320 τῶν
973 2293 1079 2321 πολλῶν

287 2333 430 2370 πεισθῆναι
446 2333 559 2370 ἐποίησε
575 2335 631 2367 τοῖς
647 2335 816 2371 λεγομένοις.
834 2337 866 2363 Τί
880 2338 951 2373 φής;
966 2339 1010 2364 ὅτε
1026 2338 1080 2366 ὑπὸ

268 2379 417 2416 ,Ἕλλησιν
440 2377 526 2416 ἦσαν,
546 2381 597 2408 οὐκ
622 2379 692 2417 ἦσαν
712 2382 833 2418 ἀνόητοι,
861 2383 918 2410 ἀλλ’
941 2385 985 2411 ὅτε
1010 2384 1078 2421 πρὸς

286 2427 359 2462 ἡμᾶς
376 2427 557 2462 μετέστησαν,
570 2428 631 2454 τότε
646 2428 756 2465 ἀνόητοι
773 2430 901 2465 γεγόνασι
916 2439 923 2464 ;
940 2431 1028 2458 καίτοι
1045 2439 1076 2466 γε

285 2473 336 2499 οὐκ
345 2472 441 2505 ἄλλους
461 2473 631 2509 ἀνθρώπους,
643 2474 704 2501 οὐδὲ
717 2474 746 2508 ἐξ
761 2475 844 2511 άλλης
856 2477 1018 2513 οἰκουμένης
1029 2477 1077 2505 λα-

285 2518 379 2551 σόντες
402 2519 514 2546 ἔπεισαν
531 2520 555 2546 οἱ
576 2520 731 2548 ἀπόστολοι.
747 2522 845 2549 Καίτοι
863 2522 897 2549 τά
914 2523 964 2558 μὲν
980 2525 1076 2560 Ἐλλή-

285 2572 339 2592 νων
358 2564 452 2596 ἁπλῶς
467 2566 603 2601 κατεῖχον,
622 2565 658 2592 τὰ
675 2566 703 2593 δὲ
719 2567 842 2603 ἡμέτερα
858 2569 928 2603 μετὰ
944 2570 1075 2597 κινδύνων

285 2610 474 2644 κατεδέξαντο·
497 2610 568 2638 ὥστε
586 2612 611 2638 εί
629 2612 700 2647 μετὰ
723 2612 803 2648 λόγου
826 2615 979 2649 κρείττονος
1005 2616 1075 2644 αὺτά

284 2658 421 2693 κατεῖχον,
441 2657 569 2685 τοσοῦτον
583 2658 675 2690 αὐτοῖς
697 2660 874 2694 ἐντραφέντες
896 2662 990 2696 χρόνον
1003 2683 1009 2694 ,
1025 2663 1076 2690 οὐκ

285 2698 319 2725 ἂν
340 2699 430 2725 αὐτῶν
446 2699 625 2736 ἀπέστησαν,
646 2700 694 2727 καὶ
716 2701 834 2735 μάλιστα
855 2702 900 2728 ὅτε
922 2703 982 2730 οὑδέ
995 2705 1075 2731 ἀκιν-

283 2743 369 2776 δύνως
386 2744 538 2780 ἀποστῆναι
556 2744 630 2780 ἐνῆν.
651 2743 728 2771 Ἐπεὶ
751 2745 779 2772 δέ
799 2745 922 2780 ἔγνωσαν
944 2747 974 2780 ἐξ
988 2748 1075 2784 αὐτῆς

283 2791 338 2818 τῶν
356 2791 527 2826 πραγμάτων
542 2791 591 2827 τῆς
613 2791 721 2826 φύσεως
733 2811 740 2824 ,
756 2792 796 2819 ὅτι
811 2792 898 2826 γέλως
917 2795 1007 2821 ἐκεῖνα
1029 2796 1076 2823 καὶ

284 2836 382 2871 axi-iw],
399 2836 443 2862 διὰ
457 2835 536 2862 τοῦτο
561 2835 609 2862 καὶ
634 2835 759 2863 θανάτων
779 2838 999 2873 ἀπειλουμένων,
1020 2840 1074 2866 τῶν

286 2881 336 2915 μὲν
351 2880 473 2916 συνήθων
484 2881 676 2916 ἀπεπήδησαν,
689 2883 729 2915 είς
740 2883 768 2910 δὲ
780 2883 814 2910 τὰ
829 2884 909 2911 καινὰ
923 2885 1074 2921 ηὐτομόλη-

282 2935 339 2958 σαν,
354 2926 400 2953 ita
415 2926 511 2954 τούτου
532 2927 582 2962 μὲν
593 2927 640 2955 τοῦ
653 2928 788 2965 δόγματος
803 2931 871 2958 κατὰ
885 2931 968 2966 φύσιν
982 2931 1068 2966 ὄντος,

1142 177 1250 204 ἐκείνου
1264 178 1293 205 δέ
1308 178 1386 215 παρά
1405 179 1497 214 φύσιν.
1526 181 1595 208 Ἀλλ’
1615 181 1739 216 οἰκέται,
1754 183 1854 219 φησιν,
1866 181 1938 222 ἦσαν

1142 222 1167 248 οἱ
1183 221 1350 256 πεισθέντες,
1366 223 1413 251 καὶ
1426 226 1556 258 γυναῖκες
1567 226 1616 253 καὶ
1630 226 1719 254 τίτθαι
1732 228 1780 254 καὶ
1796 221 1936 263 μαῖαιγκαὶ

1143 266 1275 302 εὐνοῦχοι.
1290 267 1415 294 Μάλιστα
1439 268 1488 304 μὲν
1506 270 1557 296 οὐκ
1571 270 1625 297 ἀπὸ
1638 271 1742 298 τούτων
1757 273 1822 307 ήμῖν
1836 275 1852 308 ή
1875 275 1934 301 ¹Εκ‹

1142 312 1244 347 κλησία
1258 313 1409 349 συνέστηκε
1428 315 1518 350 μόνον,
1532 317 1578 343 καὶ
1596 317 1676 344 τοῦτο
1690 318 1769 353 δῆλον
1782 319 1895 346 ἀπασιν·
1912 321 1937 352 εί

1139 356 1167 383 δέ
1191 357 1248 384 ἀπὸ
1265 358 1371 385 τούτων
1386 378 1394 392 ,
1418 360 1498 387 τοῦτο
1516 362 1636 396 μάλιστά
1656 364 1713 390 ἐστι
1737 363 1766 390 τὸ
1787 364 1882 392 ποιοῦν
1906 366 1937 392 τὸ

1139 403 1271 439 κήρυγμα
1287 403 1344 440 [63]
1361 404 1529 440 θαυμαστὸν,
1547 407 1589 434 ὅτι
1609 408 1721 435 τοιαῦτα
1739 409 1875 445 δόγματα,
1892 409 1935 438 οἷα

1139 447 1254 475 Πλάτων
1272 449 1324 475 ’καὶ
1348 450 1374 476 οἰ
1392 452 1453 478 κατ’
1471 452 1574 479 ἐκεῖνον
1599 453 1650 480 οὐκ
1673 454 1787 489 ίσχυσαν
1810 457 1934 492 ἐννοῆσαι

1138 491 1206 524 ὅλως
1219 498 1239 525 ι,
1257 493 1388 530 ἐξαίφνης
1398 496 1522 533 ⁷ίσχυσαν
1537 499 1560 524 οί
1577 498 1674 531 ἁλιεῖς,
1688 499 1719 526 τὸ
1739 501 1848 528 πάντων
1862 502 1935 537 ἀμα-

1139 538 1268 566 θέστατον
1281 540 1371 575 γένος,
1395 542 1500 570 πείθειν
1522 544 1733 576 καταδέξασθαι.
1749 546 1817 572 Οὐδὲ
1839 547 1893 583 γάρ
1910 549 1934 575 εί

1139 585 1288 621 φρονίμους
1313 586 1427 614 ἔπεισαν
1458 588 1554 624 μόνον,
1572 589 1643 616 οὓτω
1669 590 1825 627 θαυμαστδν
1844 591 1878 628 ἦν
1904 593 1934 620 τδ

1138 629 1260 663 γεγονός·
1276 630 1372 664 ἐπειδὴ
1387 632 1415 658 δὲ
1430 633 1538 665 οἰκέτας
1553 634 1601 660 καὶ
1615 634 1711 667 τίτθας
1727 637 1774 662 καὶ
1788 637 1934 672 εὐνούχους

1138 676 1179 707 είς
1192 675 1319 704 τοσοῦτον
1329 678 1433 713 ἧγαγον
1445 679 1613 715 φιλοσοφίας,
1628 681 1666 714 ὡς
1679 682 1806 716 ἀγγέλοις
1820 683 1934 719 ὲφαμίλ⁹

1137 719 1200 752 λους
1217 722 1340 757 ποιῆσαι,
1355 725 1490 760 μεγίστην
1500 725 1549 761 τῆς
1563 726 1638 758 θείας
1652 727 1785 762 ὲμπνοίας
1803 730 1932 764 παρεῖχον

1137 767 1283 800 ἀπόδειξιν.
1305 769 1359 796 Καὶ
1380 770 1434 807 γὰρ
1457 772 1481 798 εί
1499 772 1549 807 μὲν
1568 773 1666 808 εὐτελῆ
1688 781 1749 800 τινα
1772 773 1932 807 ἐπέταττον,

1138 810 1194 848 εἶχε
1205 813 1284 848 λόγον
1296 815 1361 848 ίσως
1371 816 1400 843 τὸ
1409 816 1459 852 τὴν
1471 817 1573 845 τούτων
1585 818 1671 845 πειθὼ
1680 819 1721 851 εἰς
1732 819 1871 852 ἀπόδειξιν
1882 820 1932 854 τῆς

1137 858 1276 892 εὐτελείας
1288 860 1342 886 τῶν
1355 860 1510 897 λεγομένων
1523 863 1735 898 προϐάλλεσθαι·
1748 865 1772 890 εί
1783 865 1811 891 δὲ
1824 865 1932 900 μεγάλα

1137 904 1185 931 καὶ
1200 905 1290 940 ὑψηλά
1304 907 1350 932 καὶ
1364 907 1540 944 ἀνθρωπίνην
1554 909 1646 944 σχεδὸν
1662 910 1863 946 ὑπερϐαίνοντα
1878 911 1931 945 φύ-

1138 958 1191 983 σιν,
1209 952 1256 977 καὶ
1275 952 1382 987 ὑψηλῆς
1399 953 1513 989 δεόμενα
1528 954 1648 987 διανοίας
1668 956 1862 991 ἐφιλοσόφουν,
1876 956 1932 991 ὅσῳ

1138 996 1171 1023 ἂν
1185 996 1277 1033 δείξῃς
1286 997 1419 1033 ἀνοήτους
1432 999 1496 1030 τοὺς
1512 1000 1684 1033 πεισθέντας,
1698 1002 1818 1037 τοσούτῳ
1831 1002 1932 1038 μᾶλλον

1137 1042 1324 1075 ἀποδεικνύεις
1341 1044 1439 1077 σοφοὺς
1459 1045 1506 1071 καὶ
1528 1045 1603 1078 Θείας
1619 1047 1730 1082 χάριτος
1746 1047 1932 1084 πεπληρωμέ-

1137 1096 1199 1119 νους
1213 1089 1276 1120 τοὺς
1295 1089 1453 1121 πείσαντας.
1473 1090 1556 1118 Ἀλλὰ
1569 1093 1601 1128 τῇ
1618 1092 1755 1129 ὑπερϐολῇ
1771 1093 1826 1120 τῶν
1842 1094 1930 1129 ἐπαγ·

1134 1133 1244 1166 ’γελιῶν,
1258 1133 1350 1168 φησὶν,
1363 1134 1487 1161 ἔπεισαν.
1504 1136 1575 1163 Αὐτὸ
1591 1137 1618 1163 δὲ
1634 1137 1713 1164 τοῦτο
1723 1138 1754 1164 οὐ
1767 1138 1929 1174 θαυμάζεις,

1136 1178 1196 1204 εἰπέ
1222 1187 1277 1214 μοι,
1304 1180 1362 1211 πῶς
1389 1180 1503 1207 ἔπεισαν
1533 1182 1605 1217 μετὰ
1633 1183 1748 1210 θάνατον
1775 1178 1930 1221 προσδοκᾷν

1136 1223 1242 1251 ἔπαθλα
1258 1226 1305 1252 καὶ
1320 1226 1455 1261 ἀμοιϐάς;
1478 1227 1548 1262 Ἐγὼ
1563 1228 1618 1264 γὰρ
1633 1229 1698 1256 αὐτὸ
1714 1229 1794 1256 τοῦτο
1810 1230 1929 1266 ἐκπλήτ-

1135 1279 1230 1306 τομαι.
1261 1271 1342 1298 Ἀλλά
1368 1272 1416 1298 καὶ
1437 1272 1517 1300 τοῦτο
1535 1273 1587 1300 ὑπὸ
1604 1274 1714 1306 ἀνοίας,
1745 1275 1822 1310 φησί.
1844 1276 1928 1309 Ποίας

1136 1316 1239 1348 ἀνοίας,
1259 1317 1321 1343 εἰπέ
1338 1326 1394 1352 μοι,
1409 1317 1508 1351 ταῦτα,
1526 1319 1566 1345 ὃτι
1585 1320 1602 1355 ή
1623 1319 1695 1355 ψυχὴ
1711 1319 1856 1354 ἀθάνατος,
1880 1322 1929 1348 καὶ

1135 1361 1309 1398 δικαστήριον
1323 1363 1470 1390 ἀδέκαστον
1489 1364 1560 1399 μετὰ
1570 1365 1615 1391 τὸν
1629 1365 1746 1392 ἐνταῦθα
1758 1367 1832 1402 ἡμᾶς
1842 1367 1927 1402 λήψε-

1134 1414 1179 1432 ται
1196 1406 1263 1441 βίον,
1281 1409 1327 1434 καὶ
1343 1408 1459 1441 εὐθύνας
1477 1410 1524 1436 καὶ
1543 1410 1674 1445 ῥημάτων
1691 1411 1738 1437 καὶ
1754 1412 1926 1447 πραγμάτων

1134 1451 1181 1477 καὶ
1205 1452 1314 1478 ἐννοιῶν
1332 1453 1455 1488 δώσομεν
1476 1454 1514 1490 τῷ
1535 1455 1569 1481 τά
1586 1455 1733 1491 ἀπόρρητα
1755 1457 1836 1483 είδότι
1854 1457 1923 1493 Θεῷ,

1134 1498 1181 1524 καὶ
1193 1499 1255 1529 τοίη
1274 1498 1323 1533 μὲν
1341 1500 1444 1530 κακοὺς
1458 1499 1583 1535 ὀψόμεθα
1599 1501 1808 1537 κολαζομένους,
1820 1503 1883 1535 τοὺς
1895 1504 1924 1531 δὲ

1133 1544 1253 1579 ἀγαθοὺς
1273 1546 1526 1580 στεφανουμένους
1547 1546 1639 1573 Ταῦτα
1658 1548 1712 1583 γὰρ
1730 1548 1791 1584 οὐχὶ
1813 1549 1923 1583 ἀνοίας,

1133 1589 1202 1616 ἀλλὰ
1218 1591 1267 1625 τῆς
1283 1590 1417 1625 μεγίστης
1434 1590 1494 1617 ἐστὶ
1509 1590 1522 1610 b
1536 1591 1707 1626 φιλοσοφίας.

1169 1635 1202 1662 θ’.
1224 1635 1295 1662 Δὺτὺ
1303 1634 1349 1662 οὖν
1363 1636 1452 1668 τοῦτο,
1468 1637 1528 1663 εἰπέ
1547 1646 1602 1672 μοι,
1623 1637 1653 1664 τὸ
1672 1641 1851 1675 καταφρονεῖν
1870 1640 1926 1669 τῶν

1133 1681 1285 1719 παρόντων,
1304 1681 1334 1707 τὸ
1352 1682 1425 1716 μέγα
1440 1682 1563 1717 νομίζειν
1578 1684 1690 1719 ἀρετὴν,
1707 1685 1736 1711 τὸ
1753 1686 1790 1720 μὴ
1805 1686 1840 1713 τὰ
1856 1685 1926 1715 ἆθλα

1133 1727 1249 1754 ἐνταῦθα
1260 1727 1364 1763 ζητεῖν,
1372 1727 1442 1754 ἀλλά
1452 1729 1610 1764 περαιτέρω
1621 1731 1745 1765 προϊέναι
1755 1733 1815 1764 ταῖς
1824 1732 1924 1767 ἐλπίσι,

1133 1775 1180 1800 καὶ
1194 1774 1283 1809 ψυχὴν
1300 1773 1386 1806 οὕτως
1405 1774 1514 1801 εὔτονον
1533 1775 1606 1810 ἐχειν
1623 1777 1671 1803 καὶ
1686 1777 1799 1813 πιστὴν,
1817 1779 1855 1810 ὡς
1871 1788 1926 1815 μη-

1131 1819 1188 1846 δενὶ
1201 1820 1256 1846 τῶν
1271 1820 1414 1855 παρόντων
1430 1820 1525 1847 δεινῶν
1539 1822 1609 1857 πρὸς
1625 1822 1675 1853 τὰς
1691 1823 1841 1858 μελλούσας
1855 1834 1926 1861 παρ-

1131 1865 1326 1900 εμποδίζεσθαι
1354 1866 1476 1898 ἐλπίδας,
1503 1867 1590 1903 πόσης
1614 1867 1647 1894 ἂν
1675 1869 1717 1903 είη
1747 1869 1922 1906 φιλοσοφίας;

1139 1911 1218 1938 Ἀλλὰ
1240 1912 1330 1947 βούλει
1352 1913 1400 1939 καὶ
1416 1913 1507 1939 αὐτῶν
1528 1913 1584 1940 τῶν
1609 1914 1781 1949 ἐπαγγελιῶν
1803 1918 1849 1943 καὶ
1870 1918 1924 1943 τῶν

1131 1959 1313 1994 προρρήσεων
1332 1959 1428 1994 μαθεῖν
1450 1959 1499 1995 τὴν
1518 1959 1633 1995 δύναμιν
1644 1980 1651 1993 ,
1667 1962 1714 1987 καὶ
1729 1962 1778 1998 τήν
1794 1963 1924 1999 ἀλήθειαν

1130 2002 1185 2029 τῶν
1202 2003 1255 2038 πρὸ
1273 2002 1386 2036 τούτων,
1404 2003 1459 2030 τῶν
1474 2005 1544 2039 μετὰ
1569 2006 1671 2038 ταῦτα;
1694 2007 1748 2033 θέα
1768 2016 1812 2042 μοι
1830 2009 1924 2044 σειρὰν

1131 2049 1234 2085 χρυσῆν
1259 2049 1430 2084 πλεκομένην
1448 2051 1578 2083 ποικίλως
1599 2051 1630 2084 ἐξ
1654 2052 1751 2088 ἀρχῆς.
1780 2051 1846 2080 Είπέ
1861 2063 1922 2082 τινα

1130 2095 1223 2126 αὐτοῖς
1243 2095 1307 2131 περὶ
1329 2095 1427 2122 ἑαυτοῦ
1451 2097 1499 2123 καὶ
1522 2098 1587 2133 περὶ
1610 2097 1664 2124 τῶν
1688 2098 1855 2134 Ἐκκλησιῶν
1874 2102 1922 2128 καὶ

1131 2138 1196 2173 περὶ
1220 2137 1275 2164 τῶν
1293 2137 1445 2173 μελλόντων
1467 2140 1651 2175 πραγμάτων,
1671 2141 1718 2168 καὶ
1734 2141 1821 2178 λέγων
1841 2143 1921 2170 ἐθαυ-

1132 2185 1218 2219 ματού
1224 2193 1295 2220 ργει.

1164 2231 1269 2258 Οὐκοῦν
1287 2230 1342 2258 ἀπὸ
1362 2231 1412 2266 τῆς
1429 2231 1568 2264 ἐκϐάσεως
1587 2231 1643 2260 τῶν
1666 2233 1820 2268 εἰρημένων
1842 2234 1922 2269 δῆλον

1129 2278 1170 2304 ὅτι
1188 2277 1235 2304 καὶ
1250 2277 1284 2304 τὰ
1299 2276 1426 2312 θαύματα
1442 2277 1549 2314 ἀληθῆ,
1567 2279 1614 2305 καὶ
1633 2279 1668 2305 τὰ
1687 2279 1820 2314 μέλλοντα
1835 2281 1921 2316 ἐπηγ-

1131 2324 1258 2359 γελμένα.
1278 2324 1337 2350 ἰνα
1352 2323 1379 2350 δὲ
1393 2324 1439 2350 καὶ
1453 2324 1621 2360 σαφέστερον
1634 2325 1747 2360 γένηται
1761 2325 1791 2352 τὸ
1803 2326 1921 2362 λεγόμε-

1128 2378 1183 2404 νον,
1192 2371 1236 2395 ἐπ’
1251 2369 1341 2397 αὐτῶν
1351 2369 1419 2397 αὐτὸ
1429 2370 1536 2405 ποιήσω
1543 2369 1596 2397 τῶν
1609 2371 1780 2406 πραγμάτων
1791 2373 1918 2408 φανερόν.

1135 2417 1278 2452 Ἀνέστησε
1301 2415 1348 2443 τδν
1368 2416 1492 2452 Λάζαρον
1522 2417 1628 2452 ρήματι
1655 2417 1729 2452 μόνῳ
1755 2417 1841 2454 ψιλῷ,
1872 2420 1920 2446 καὶ

1129 2463 1219 2496 ζῶντα
1246 2462 1364 2495 ἔδειξεν·
1391 2461 1452 2489 εἷπε
1479 2462 1571 2496 πάλιν,
1596 2463 1637 2490 ὅτι
1661 2464 1758 2491 Πύλαι
1781 2464 1856 2498 ᾅδου
1881 2466 1920 2493 οὐ

1128 2509 1352 2543 κατισχύσουσι
1367 2507 1422 2542 τῆς
1443 2508 1634 2542 Ἑκκλησίας·
1647 2509 1705 2542 καὶ,
1720 2510 1761 2537 ὄτι
1782 2510 1813 2536 '0
1827 2518 1918 2537 κατα-

1126 2553 1224 2582 λιπὼν
1240 2552 1353 2587 πατέρα
1371 2553 1390 2587 ἡ
1407 2552 1522 2588 μητέρα
1545 2553 1844 2582 ἑκατονταπλασίονα
1860 2556 1916 2590 λή-

1126 2599 1214 2633 ψεται
1230 2598 1264 2624 ὲν
1279 2597 1318 2631 τῷ
1333 2597 1416 2625 αἰῶνι
1432 2599 1536 2631 τούτῳ,
1551 2599 1600 2626 καὶ
1617 2591 1693 2633 ζωὴν
1708 2600 1828 2628 αἰώνιον
1843 2603 1918 2637 κλη-

1122 2644 1298 2679 ρονομήσει.
1320 2644 1425 2671 Οὐκοῦν
1442 2644 1472 2671 τὸ
1489 2645 1537 2680 μὲν
1554 2644 1648 2681 θαῦμα
1663 2646 1702 2679 ἒν,
1719 2647 1750 2673 τὸ
1763 2647 1809 2674 τοῦ
1826 2647 1918 2680 Λαζά-

1127 2699 1175 2727 ρου
1187 2699 1193 2706 ·
1210 2691 1239 2717 αἱ
1255 2691 1283 2717 δὲ
1306 2690 1476 2726 προρρήσεις
1492 2690 1550 2722 δύο,
1567 2691 1584 2726 ἡ
1604 2692 1653 2726 μὲν
1675 2692 1793 2720 ἐνταῦθα
1808 2693 1916 2720 δεικνυ-

1127 2735 1206 2771 μένη,
1222 2736 1238 2771 ἡ
1251 2735 1277 2762 δὲ
1290 2736 1319 2762 ἐν
1328 2735 1367 2770 τῷ
1379 2735 1514 2771 μέλλοντι.
1526 2736 1625 2762 Σκόπει
1635 2737 1724 2765 τοίνυν
1737 2737 1795 2769 πῶς
1807 2739 1917 2765 ᾶπαντα

1125 2782 1159 2808 δι’
1168 2782 1292 2818 ἀλλήλων
1300 2782 1545 2813 κατασκευάζεται.
1560 2782 1591 2808 Ei
1601 2782 1650 2817 μὲν
1660 2783 1715 2819 γάρ
1724 2792 1766 2815 τις
1774 2783 1915 2818 ἀπιστοίη,

1124 2827 1165 2855 ὅτι
1181 2827 1305 2863 Λάζαρος
1321 2827 1420 2862 ἀνέστη
1431 2847 1438 2859 ,
1456 2827 1509 2854 ἀπὸ
1523 2829 1572 2864 τῆς
1590 2830 1769 2865 προρρήσεως
1785 2829 1835 2864 τῆς
1850 2830 1916 2865 περὶ

1157 2911 1166 2922 ·
1181 2906 1267 2938 Deerat
1279 2906 1349 2933 ὅλως.
1370 2905 1396 2938 Διι
1407 2906 1465 2930 Post
1477 2906 1540 2930 hanc
1553 2912 1638 2938 νοεοπι
1647 2906 1714 2932 addit
1725 2905 1820 2938 Regius
1835 2906 1912 2933 codex

1128 2938 1156 2962 τὸ
1168 2938 1193 2961 δὲ
1212 2937 1323 2962 τάναντία
1335 2936 1425 2961 τούτων
1438 2937 1539 2969 νομίζειν
1556 2937 1643 2966 ἀνοίας.
