2060 3111
117 155 149 182 65
655 153 686 180 lN
707 152 838 180 EPISTJ
871 152 915 178 Al)

968 151 1012 178 )Il.
1036 151 1141 180 llOMll.
1174 152 1228 180 VH.
1728 157 1762 184 66

116 217 170 250 35},
185 223 238 243 non
249 214 427 248 dubitaverit,
439 221 492 241 non
507 211 705 248 repudtaverit?
717 212 840 238 Attamen
856 218 909 236 non

115 263 193 291 modo
214 269 268 289 non
284 261 496 296 obtorpuerunt,
515 266 566 286 non
582 258 661 285 modo
683 264 735 284 non
750 260 914 291 respuerunt

117 307 173 335 hinc
187 307 347 338 audientes;
365 305 412 332 sed
426 305 506 332 etiam
521 303 706 335 occurrebant,
726 306 754 329 et
767 301 801 328 ad
823 301 914 336 gravia

117 353 279 385 insiliebant,
298 359 330 379 ac
352 359 413 386 qua:
432 350 656 386 przccipiebautur
669 348 842 383 arripiebant.
859 348 914 374 Au-

117 399 173 427 dire
187 403 275 425 autem
289 397 366 428 illud.
385 397 422 424 De
435 396 506 423 omni
518 395 599 423 verbo
610 395 697 422 otioso
710 394 841 421 rationem
854 393 914 420 red-

117 444 195 472 dituri
210 451 304 470 sumus
318 442 427 478 (Matth.
445 442 487 469 l2.
502 440 547 477 56)
562 449 569 473 ;
585 445 621 473 et,
638 439 689 473 Qui
702 439 805 474 respicit
819 437 913 466 mulie-

117 498 169 517 rem
183 489 218 516 ad
233 488 464 524 concupiscendum
482 495 547 518 eam,
562 486 620 521 jum
641 485 779 513 machum:
798 489 834 512 est
858 491 914 511 eam

120 536 232 572 (Matth.
250 537 277 563 5.
300 535 377 571 28);
401 539 446 566 et,
469 533 520 567 Qui
538 533 662 560 irascitur
684 538 802 565 temere,
819 531 845 558 in
865 538 914 565 ge-

119 583 233 610 hennam
248 581 349 609 incidet
361 589 369 614 ;
383 588 463 615 quem
475 587 526 606 non
541 578 674 614 abegisset
687 584 781 605 eorum
792 576 837 610 qui
852 581 915 604 tunc

118 627 213 655 erant?
228 629 355 654 Attamen
376 633 471 653 omnes
494 625 680 656 accurrebant,
697 627 724 650 et
738 623 814 650 multi
833 622 912 650 etiam

118 680 191 709 septa
209 674 406 700 transiliebant.
422 671 489 706 Quid
503 678 567 706 ergo
578 671 639 697 illos
650 669 791 696 inducebat
801 668 813 694 Ῥ
823 675 913 695 annon

118 720 202 747 virtus
215 720 275 755 ejus
286 719 330 754 qui
347 718 549 753 prmdicabatur,
562 721 591 744 ut
603 716 690 751 palam
701 719 743 742 est
754 715 766 741 ἵ
776 714 831 741 Nisi
842 714 913 741 enim

118 766 169 793 hoc
179 771 253 793 esset
266 771 294 793 et
307 765 473 793 contrarium
488 766 569 796 esset,
581 768 609 790 et
622 762 659 789 illi
674 761 717 789 isti
734 760 856 792 fuissent,
869 760 912 787 isti

117 819 182 839 vero
199 811 238 838 illi
251 819 258 844 ;
273 818 306 837 an
320 810 416 837 fuisset
429 808 506 837 facile
522 813 702 843 repugnantes
715 806 838 834 trahere?
856 805 913 833 Dici

117 863 192 885 certe
205 857 231 884 id
245 864 296 884 non
312 861 409 892 potest.

154 903 183 931 8.
206 903 295 939 Itaque
314 910 361 937 per
382 902 471 929 omnia
491 900 643 928 ostenditur
656 899 772 927 divinam
786 899 912 926 virtutem

118 950 204 978 fuisse
216 958 276 985 qua:
289 950 346 977 huic
360 949 481 984 perfecit.
497 948 563 975 Nam
578 947 658 980 unde,
678 948 779 982 qutéso,
801 952 914 980 persua-

117 1000 212 1024 serunt
235 995 360 1022 mollibus
375 994 607 1026 etdil‘ﬁuentibus,
629 993 662 1019 ad
682 994 763 1019 vitam
784 991 913 1018 ducentes

118 1043 213 1070 duram
225 1047 253 1070 et
267 1041 409 1076 asperam?
423 1040 475 1068 Sed
490 1044 621 1075 praecepta
635 1038 742 1073 quidem
761 1036 913 1071 huiusmodi

119 1094 194 1117 erant
210 1097 217 1115 :
233 1089 374 1116 videamus
389 1092 478 1114 autem
496 1094 529 1113 an
547 1086 642 1121 dogma
657 1088 710 1112 vim
733 1084 844 1111 haberet
856 1083 915 1110 alli-

118 1134 217 1162 ciendi.
234 1134 315 1168 Atqui
327 1133 380 1160 huc
396 1134 480 1167 ipsum
504 1132 568 1158 satis
582 1135 640 1158 erat
654 1130 687 1157 ad
707 1128 852 1164 abigendos
871 1129 913 1155 in-

119 1180 223 1207 ﬁdeles.
254 1179 322 1212 Quid
346 1179 418 1205 enim
442 1177 566 1204 dicebant
589 1177 617 1209 ii,
642 1176 687 1210 qui
714 1174 914 1210 prtedicabattl?

118 1226 283 1254 Cruciﬁxum
299 1232 359 1252 esse
374 1225 540 1252 adorandum
554 1222 684 1257 illumque
699 1222 781 1248 Deum
795 1227 856 1247 esse
869 1228 914 1254 pu-

120 1272 241 1304 taudutn,
258 1271 303 1305 qui
319 1279 351 1298 ex
375 1270 467 1297 Judzra
491 1268 603 1296 muliere
618 1273 695 1295 natus
713 1271 795 1294 esset.
816 1266 914 1301 Ecquis

120 1319 171 1345 illis
185 1317 357 1349 credidisset,
379 1316 429 1344 nisi
449 1319 572 1342 movente
587 1314 675 1341 divina
698 1312 818 1340 virtute?
837 1312 914 1346 Quod

119 1364 190 1391 enim
207 1363 353 1391 cruciﬁxus
371 1367 398 1389 et
413 1361 533 1396 sepultus
547 1360 651 1393 luisset,
665 1367 760 1386 omnes
774 1359 912 1391 sciebant;

119 1409 189 1446 quod
198 1415 288 1436 autem
304 1407 496 1435 resurrexisset
508 1411 536 1434 et
549 1405 724 1438 ascendisset,
742 1409 839 1440 praeter
850 1412 915 1438 apo-

119 1457 203 1483 stolos
228 1463 309 1482 netuo
327 1454 441 1481 viderat.
463 1454 497 1480 At
517 1451 657 1488 promissis
678 1450 739 1478 illos
765 1450 913 1485 erigebant,

120 1503 233 1537 inquies,
251 1507 279 1529 et
299 1502 441 1528 verborum
464 1507 531 1527 sono
553 1499 728 1534 deceperunt.
751 1498 807 1525 Hoc
826 1497 913 1532 ipsum

120 1556 183 1576 vero
200 1548 316 1575 maxime
340 1546 459 1574 ostendit
480 1550 579 1580 prmter
599 1552 629 1571 ea
652 1544 741 1570 omnia
766 1551 824 1578 qua:
843 1543 913 1569 dicta

120 1598 191 1624 sunt,
215 1601 261 1620 res
275 1597 382 1619 nostras
403 1600 454 1618 non
471 1598 531 1619 esse
553 1590 692 1617 fallaciam.
711 1589 776 1616 Nam
795 1589 913 1616 difﬁcilia

120 1640 207 1666 omnia
224 1639 288 1666 hinc
303 1638 479 1670 eveniebant;
499 1636 574 1663 utilia
588 1643 652 1663 vero
665 1639 725 1670 post
736 1635 914 1662 resurrectio-

122 1694 181 1712 nent
201 1684 322 1720 promitti
337 1683 487 1718 oportebat.
509 1682 566 1709 Hoc
586 1682 673 1717 ipsum
694 1684 794 1712 autem,
819 1681 913 1707 iterum

122 1733 218 1764 dicam,
229 1731 349 1758 ostendit
360 1728 575 1764 praedicationem
587 1732 705 1755 nostram
715 1727 831 1754 divinam
842 1721 912 1754 esge.

119 1780 175 1806 Cur
188 1779 259 1806 enitn
274 1785 354 1805 nemo
367 1776 532 1804 credentium
544 1775 622 1807 dixit,
634 1773 692 1801 Non
705 1773 816 1804 accedo,
828 1779 915 1807 neque

120 1825 191 1852 ferre
202 1831 313 1857 possum
325 1831 333 1850 :
347 1820 466 1849 difﬁcilia
481 1819 544 1848 mihi
556 1819 600 1846 hic
610 1817 795 1851 comminaris,
807 1822 835 1845 et
845 1817 916 1845 bona

123 1869 182 1900 pust
198 1865 424 1892 resurrectionem
446 1863 597 1898 promittis?
615 1863 749 1889 uu'denam
771 1861 856 1895 liquet
869 1867 916 1887 re-

120 1910 317 1938 surrectionem
334 1908 449 1935 futuram
472 1908 551 1935 eSse?
567 1908 628 1942 quis
649 1914 743 1934 eorum
765 1906 810 1940 qui
824 1905 917 1932 deces-

119 1959 215 1983 serunt
234 1954 328 1982 venit?
340 1954 399 1990 quis
421 1960 587 1981 mortuorum
612 1952 780 1980 resurrexit?
793 1951 853 1986 quis
868 1951 918 1978 ho-

119 2009 178 2028 rum
191 2000 261 2027 dixit
271 2000 335 2035 quid
346 2000 462 2027 futurum
474 2000 509 2027 sit
522 2004 582 2035 post
594 2004 713 2026 nostrum
726 1998 788 2025 hinc
800 1996 917 2025 exitum?

121 2047 153 2074 At
172 2046 240 2073 nihil
261 2045 358 2073 horum
380 2045 549 2081 cogitarunt;
563 2045 611 2072 sed
626 2050 652 2072 et
666 2045 770 2071 animas
785 2043 918 2071 dederunt

121 2100 168 2127 pro
193 2091 341 2120 Cruciﬁxo.
367 2092 459 2127 Itaque
480 2092 531 2120 hoc
555 2092 642 2127 ipsum
665 2092 789 2119 maxima:
812 2091 917 2124 virtutis

119 2143 188 2169 erat,
200 2139 273 2173 quod
288 2146 348 2166 cum
363 2139 428 2165 nihil
445 2138 541 2166 horum
557 2146 682 2173 umquam
697 2137 847 2172 audissent,
859 2141 917 2165 sta-

122 2184 166 2211 tim
181 2184 217 2212 de
231 2185 314 2212 tantis
329 2185 410 2212 rebus
425 2185 665 2219 persuaderentur,
680 2188 708 2212 et
722 2191 782 2212 sese
804 2191 918 2219 appara-

123 2236 179 2257 rent
195 2235 222 2256 ut
237 2230 358 2257 difﬁcilia
380 2230 407 2257 in
432 2231 646 2265 experimentum
669 2231 833 2265 acciperent,
847 2229 919 2258 bona

122 2283 185 2302 \ero
201 2276 227 2302 in
243 2282 291 2310 spe
305 2275 445 2303 haberent.
461 2275 489 2302 Si
506 2281 594 2302 autem
617 2275 744 2310 decipere
758 2275 918 2309 voluissent,

122 2322 287 2348 contrarium
305 2321 402 2349 facturi
427 2325 518 2354 erant;
535 2322 577 2348 hic
592 2321 661 2348 bona
683 2321 879 2356 promisissent,
892 2325 920 2348 et

124 2367 253 2394 terribilia
276 2368 441 2401 tacuissent,
467 2371 520 2395 tam
547 2368 689 2402 pra-sentis
713 2376 792 2402 quam
820 2368 917 2395 futura.

124 2414 159 2442 Ita
179 2415 252 2442 enim
277 2415 367 2443 facere
390 2415 479 2442 Sﬂleul
499 2415 543 2450 qui
564 2415 704 2450 decipiunt
716 2419 743 2443 et
756 2415 938 2442 adulantum.

123 2461 187 2487 nihil
203 2467 338 2494 asperum.
355 2460 454 2488 durum
470 2461 512 2488 vel
527 2468 672 2488 onerosum
695 2465 857 2495 preponunt,
872 2461 919 2488 sed

121 2507 286 2534 contrarium
299 2511 383 2534 totum
396 2515 403 2539 ;
419 2506 477 2534 haec
490 2507 591 2542 quippe
604 2506 708 2534 fallacia
721 2513 772 2534 est.
784 2506 836 2534 Sed
851 2506 920 2533 ntul-

122 2558 208 2579 torum
220 2554 349 2584 amentia,
357 2553 475 2587 inquies,
487 2553 548 2580 fecit
559 2558 586 2581 ut
596 2553 675 2581 dictis
686 2553 765 2581 ﬁdem
778 2553 917 2580 haberent.

122 2599 190 2630 Quid
215 2598 302 2626 dieLs?
322 2599 433 2633 quando
457 2599 508 2627 sub
533 2599 637 2627 Grtecis
660 2599 745 2632 fuere,
768 2607 820 2627 non
844 2603 922 2627 erant

122 2645 216 2685 stulti,
228 2644 276 2672 sed
291 2645 402 2680 quando
417 2645 450 2672 ad
467 2653 516 2673 nos
531 2647 652 2673 trans'ati
667 2650 745 2677 sunt,
761 2651 824 2673 tunc
846 2646 920 2674 stulti

122 2692 284 2720 evaserunt?
300 2692 381 2727 Atqui
399 2700 453 2719 non
468 2693 535 2720 alios
552 2692 685 2726 homines,
704 2700 790 2727 neque
812 2700 844 2720 ex
869 2693 923 2720 alio

123 2738 187 2765 orbe
194 2738 362 2772 accipientes
373 2738 488 2772 apostoli
499 2739 531 2765 ad
544 2738 622 2765 ﬁdem
634 2738 812 2766 deduxerunt.
822 2739 923 2772 Quam-

124 2793 200 2819 quam
214 2786 357 2820 gentilium
372 2786 495 2813 instituta
509 2785 666 2820 simpliciter
680 2786 816 2819 tenebant,
831 2791 922 2814 nostra

126 2838 186 2857 tero
199 2838 261 2858 eum
275 2831 398 2866 periculo
411 2836 587 2865 susceperunt
601 2840 608 2859 :
622 2832 711 2868 itaque
722 2833 744 2860 si
756 2841 815 2861 cum
827 2833 922 2868 majori

127 2876 224 2904 ratione
240 2877 284 2903 illa
301 2876 467 2909 tenuissent,
477 2884 538 2904 cum
554 2882 628 2906 tanto
644 2883 763 2910 tempore
775 2879 800 2907 in
812 2879 864 2907 illis
879 2879 920 2906 vi-

969 208 1082 241 xisscnt,
1095 217 1149 236 non
1161 209 1194 236 ab
1207 209 1257 237 illis
1267 208 1471 242 abscessissent,
1487 217 1548 238 cum
1567 212 1684 238 maxime
1707 222 1759 240 non

967 255 1068 289 absque
1080 255 1199 290 periculo
1215 256 1362 283 abscedere
1375 261 1495 290 possent.
1511 257 1656 293 Postquam
1670 266 1760 285 autem

967 309 1000 329 ex
1017 301 1072 336 ipsa
1086 309 1175 328 rerum
1194 307 1288 329 natura
1303 307 1497 338 cognoverunt,
1511 303 1623 332 ridicula
1643 305 1686 331 illa
1700 313 1762 333 esse

967 352 994 373 et
1009 353 1101 374 errore
1116 346 1212 380 plena;
1227 347 1299 380 ideo,
1310 355 1370 375 cum
1384 347 1466 375 etiam
1481 349 1576 377 mortis
1586 349 1665 377 mina:
1679 350 1763 377 inten-

968 395 1098 425 tarentur,
1114 399 1129 418 a
1143 393 1277 420 consuetis
1289 393 1451 427 resilierunt,
1465 398 1492 422 et
1505 394 1540 422 ad
1553 402 1622 422 nova
1634 396 1763 432 confuge-

967 442 1039 471 runt,
1060 443 1152 472 utpote
1175 445 1236 465 cum
1263 439 1314 466 hoc
1340 439 1436 475 dogma
1463 441 1610 468 secundum
1636 446 1759 469 naturam

967 488 1048 515 esset,
1064 483 1130 510 illud
1151 491 1214 511 vero
1237 489 1334 518 praeter
1347 490 1478 513 naturam.
1496 487 1532 514 At
1545 487 1590 522 qui
1603 488 1760 520 credebant,

967 528 1080 563 inquies,
1090 533 1168 556 erant
1184 529 1286 562 famuli,
1301 530 1437 564 mulieres,
1453 532 1581 566 nutrices,
1600 533 1760 561 obstetrices

966 579 994 602 et
1004 575 1131 602 eunuchi.
1147 577 1180 602 At
1195 583 1247 603 n0u
1259 583 1290 603 ex
1310 576 1352 603 his
1365 576 1452 604 solum
1466 577 1543 605 nobis
1559 579 1705 606 constituta
1718 583 1761 607 cst

966 620 1097 652 Ecclesia,
1120 621 1191 655 quod
1208 621 1298 656 utique
1322 626 1363 649 est
1382 622 1506 650 omnibus
1527 624 1696 652 manifestum
1713 633 1720 651 :
1736 625 1760 652 si

966 669 1056 692 autent
1078 665 1113 692 ab
1135 665 1186 697 his,
1203 665 1254 693 hoc
1284 667 1400 693 maxitne
1428 667 1646 701 praedicationem
1671 669 1759 696 admi-

967 710 1079 743 rabilem
1101 710 1208 744 reddit,
1229 711 1300 746 quod
1326 711 1389 739 talia
1422 712 1547 747 dogmata
1561 733 1569 746 ,
1593 721 1653 749 qua:
1683 714 1760 742 Plato

968 761 996 785 et
1021 758 1062 786 sui
1093 758 1221 794 temporis
1249 759 1295 786 alii
1329 760 1482 794 excogitare
1513 767 1566 787 non
1595 765 1758 795 potuerunt,

967 805 1056 832 statim
1079 805 1215 839 potuerint
1235 805 1390 840 piscatores,
1415 806 1533 834 omnium
1548 807 1760 836 indoctissimum

966 858 1060 886 genus,
1073 851 1105 878 ad
1120 851 1301 886 recipiendum
1315 852 1451 880 inducere.
1468 853 1559 889 Neque
1568 854 1650 887 enim,
1661 854 1683 881 si
1695 862 1761 890 pru-

967 896 1091 924 dentibus
1105 897 1193 924 solum
1216 898 1423 932 persuasissent,
1447 899 1515 926 adeo
1535 899 1692 927 admiranda
1716 906 1761 928 res

968 942 1061 969 fuisset
1074 950 1080 969 :
1096 949 1156 969 cum
1170 950 1235 969 vero
1254 943 1378 977 famulos,
1395 945 1514 972 nutrices
1528 949 1555 972 et
1569 945 1707 973 eunuchos
1726 946 1760 973 ad

969 992 1067 1015 tantam
1081 987 1241 1015 deduxerint
1254 988 1463 1024 philosophiam,
1480 995 1508 1017 ut
1524 990 1583 1018 illos
1595 991 1696 1024 angelis
1710 998 1759 1026 pas

969 1041 1012 1061 res
1026 1034 1148 1067 fecerint,
1166 1043 1288 1069 magnam
1305 1036 1444 1070 pra:buere
1459 1036 1556 1064 divina:
1578 1037 1762 1072 inspirationis

968 1079 1237 1108 demonstrationem.
1259 1081 1326 1108 Nam
1347 1082 1369 1109 si
1396 1082 1458 1108 vilia
1482 1083 1604 1117 quaedam
1624 1084 1762 1118 prmcepis-

968 1130 1039 1159 sent,
1056 1131 1127 1153 esset
1150 1126 1219 1153 forte
1241 1127 1337 1154 rationi
1361 1132 1571 1155 consentaneum
1591 1136 1683 1156 eorum
1706 1137 1764 1164 per-

968 1171 1120 1199 suasionem
1148 1172 1180 1199 ad
1211 1171 1445 1200 demonstrandam
1474 1173 1606 1201 dit'ltll‘um
1633 1175 1762 1202 vilitatem

969 1217 1087 1250 proferre
1103 1225 1108 1242 :
1122 1216 1143 1243 si
1158 1221 1246 1244 autem
1267 1225 1361 1252 magna
1376 1223 1401 1245 et
1422 1218 1545 1246 sublimia
1567 1219 1763 1254 humanamque

969 1267 1090 1288 naturam
1105 1262 1160 1289 fere
1172 1263 1336 1297 superantia,
1348 1271 1408 1297 qua:
1422 1263 1528 1290 sublimi
1542 1269 1630 1291 mente
1642 1271 1708 1299 Opus
1720 1265 1764 1292 Ita-

969 1309 1042 1342 bent,
1059 1308 1333 1344 philosophabamur;
1355 1317 1408 1344 qtto
1422 1310 1506 1345 magis
1524 1310 1619 1337 stultos
1638 1311 1764 1339 ostendes

968 1363 1016 1383 eos
1029 1356 1073 1390 qui
1088 1356 1206 1390 persuasi
1225 1360 1296 1389 sunt,
1321 1363 1353 1384 eo
1375 1357 1459 1392 magis
1480 1357 1616 1392 sapientes
1631 1363 1657 1384 et
1671 1357 1761 1384 divina
1778 1371 1780 1373 ι

969 1403 1053 1437 gratia
1070 1403 1185 1437 repletos
1205 1402 1331 1430 ostendes
1354 1410 1401 1430 eos
1422 1403 1466 1438 qui
1489 1408 1687 1437 persuaserunt.
1709 1403 1762 1431 Sed

970 1447 1151 1483 magnitudine
1180 1448 1391 1482 promissorum,
1417 1449 1531 1483 inquies,
1562 1455 1761 1484 persuaserunt.

970 1494 1010 1520 An
1027 1493 1077 1520 hoc
1097 1493 1183 1527 ipsutu
1206 1499 1259 1520 non
1284 1493 1400 1524 miraris,
1423 1493 1559 1528 quomodo
1580 1495 1763 1528 persuasvriut

971 1540 1033 1572 illis,
1050 1545 1075 1566 ut
1091 1543 1151 1574 post
1165 1544 1278 1566 mortem
1301 1539 1409 1573 prtemia
1423 1544 1449 1566 et
1467 1539 1605 1567 mercedes
1621 1545 1762 1575 exspecta-

970 1586 1051 1613 rent?
1067 1586 1121 1620 Εςο
1134 1593 1198 1613 vero
1211 1586 1260 1612 hac
1274 1585 1330 1619 ipsa
1350 1584 1383 1611 de
1406 1592 1434 1611 re
1454 1584 1624 1619 obstupesco.
1649 1585 1683 1612 At
1701 1585 1762 1619 hoc,

971 1631 1085 1666 inquies,
1105 1639 1137 1659 ex
1157 1630 1290 1658 stultitia?
1304 1630 1437 1664 Quanam,
1457 1637 1549 1665 quaeso
1571 1634 1612 1662 te,
1639 1631 1761 1663 stultitia,

970 1677 1040 1712 quod
1055 1677 1144 1704 anhna
1161 1676 1318 1703 immortalis
1331 1675 1376 1708 sit,
1391 1680 1419 1702 ct
1433 1675 1561 1709 judicium
1582 1676 1762 1711 incorruptum

970 1727 1032 1757 post
1049 1722 1117 1749 hanc
1139 1722 1220 1749 vitam
1249 1728 1298 1748 nos
1321 1725 1495 1755 excepturum
1511 1726 1563 1753 est,
1592 1725 1620 1748 et
1644 1723 1762 1750 rationes

971 1769 1124 1799 verborum,
1144 1775 1234 1795 rerum
1257 1771 1285 1794 et
1302 1767 1493 1800 cogitationum
1506 1766 1629 1795 dabimus
1650 1768 1704 1795 Deo
1719 1769 1762 1803 qtti

971 1813 1044 1840 novit
1056 1820 1165 1846 arcana,
1179 1816 1205 1839 et
1219 1812 1305 1839 malos
1319 1811 1426 1846 quidem
1441 1812 1557 1847 punitos,
1570 1812 1656 1840 bonos
1673 1817 1762 1840 autem

969 1864 1113 1886 coronatos
1133 1858 1300 1886 videbimus?
1315 1859 1378 1886 Hrec
1401 1860 1472 1887 enirn
1494 1867 1548 1887 non
1564 1861 1695 1895 stultitiae,
1710 1860 1757 1888 sed

967 1905 1091 1932 mnximte
1107 1904 1284 1939 philosopliize
1299 1908 1370 1932 sunt.
1518 1900 1523 1906 ’

1003 1949 1029 1977 9.
1047 1949 1101 1976 lloc
1117 1950 1208 1985 igitur,
1224 1949 1267 1978 die
1290 1950 1368 1984 mihi,
1383 1951 1525 1985 praesentia
1543 1958 1682 1986 spernere,
1703 1958 1760 1978 ma-

967 2001 1046 2030 gnam
1070 2002 1126 2021 rem
1151 2001 1211 2021 csse
1237 1994 1364 2023 virtutem
1389 2000 1491 2029 putare.
1507 2003 1560 2022 non
1585 1996 1628 2022 hic
1650 1995 1759 2030 przemia

967 2047 1099 2075 quterere,
1112 2040 1159 2067 sed
1181 2039 1295 2068 ulterius
1317 2048 1365 2074 spe
1388 2041 1523 2076 progredi,
1537 2040 1707 2075 animamque
1721 2039 1761 2066 sic

968 2090 1136 2114 constantem
1153 2089 1180 2112 et
1201 2086 1228 2112 itt
1244 2085 1296 2113 ﬁde
1318 2085 1424 2113 ﬁrmam
1448 2090 1550 2117 tenere,
1565 2085 1600 2113 ita
1616 2089 1672 2112 uta
1687 2084 1760 2112 nullo

969 2133 1100 2160 mulorum
1116 2132 1289 2168 prementium
1301 2132 1334 2160 ad
1346 2132 1461 2160 futuram
1481 2140 1557 2167 spem
1578 2131 1758 2167 impediatur:

968 2179 1035 2212 haec,
1054 2179 1173 2213 inquam,
1197 2183 1303 2212 quanta:
1327 2178 1427 2206 fuerint
1447 2168 1641 2214 pliiloSOpltize?
1654 2177 1706 2205 Sed
1720 2177 1761 2204 vis

968 2224 1087 2260 ipsorum
1099 2225 1295 2260 promissorum
1306 2231 1334 2253 et
1347 2224 1550 2260 praedictionum
1564 2224 1616 2251 vim
1628 2223 1762 2256 ediscere,

968 2277 996 2299 et
1011 2273 1150 2300 veritatem
1166 2280 1259 2300 eorum
1283 2279 1342 2308 quae
1357 2276 1568 2307 princesserunt,
1585 2276 1612 2299 et
1626 2279 1686 2307 qua:
1703 2275 1765 2305 post

970 2319 1055 2345 futura
1068 2319 1150 2346 sunt?
1164 2319 1231 2347 Vide
1245 2319 1310 2346 mihi
1321 2324 1443 2347 catenam
1456 2326 1565 2346 auream
1580 2318 1653 2345 varie
1665 2318 1700 2345 ab
1714 2316 1765 2344 ini-

969 2365 1007 2392 tiu
1022 2372 1182 2392 cottttexam.
1193 2365 1264 2392 Dixit
1279 2365 1332 2393 illis
1346 2365 1467 2401 quaedam
1478 2365 1513 2393 de
1522 2365 1612 2400 seipso
1626 2369 1654 2392 et
1666 2364 1701 2392 de
1715 2363 1766 2391 Ec-

969 2411 1058 2438 clesiis
1069 2410 1159 2446 deque
1170 2412 1266 2439 tuturis
1281 2411 1378 2445 rebus;
1395 2415 1421 2439 et
1437 2412 1495 2439 haec
1508 2411 1623 2440 dicendo
1636 2410 1764 2438 miracula

969 2458 1076 2484 edebat.

1006 2503 1101 2530 Christi
1123 2503 1240 2531 doctrina
1260 2508 1283 2532 et
1310 2504 1440 2531 miraculis
1463 2513 1496 2532 ea:
1515 2513 1548 2532 ea;
1570 2503 1766 2539 pradictionum

970 2554 1059 2577 eventu
1074 2551 1206 2577 exseritur.
1217 2565 1251 2570 ——
1261 2550 1300 2578 Ex
1314 2555 1410 2578 eventu
1427 2558 1492 2586 ergo
1507 2559 1612 2583 eorum.
1622 2559 1681 2586 qum
1695 2557 1766 2586 prte-

971 2597 1041 2624 dicla
1056 2603 1129 2630 sunt,
1146 2597 1287 2632 perspicua
1305 2603 1365 2624 sunt
1381 2603 1408 2625 et
1422 2598 1549 2625 miracula
1564 2603 1591 2625 et
1604 2597 1691 2625 futura
1706 2604 1766 2632 pro-

972 2643 1063 2670 missa.
1080 2643 1113 2671 Ut
1129 2648 1217 2671 autem
1232 2643 1333 2671 clarius
1354 2643 1389 2670 sit
1413 2643 1451 2677 id,
1466 2643 1536 2678 quod
1552 2643 1651 2670 dictum
1667 2647 1719 2674 est,
1734 2650 1766 2669 ex

972 2689 1039 2724 ipsis
1060 2689 1139 2716 rebus
1165 2689 1228 2716 illud
1251 2689 1444 2724 comprobabo.
1470 2684 1613 2717 Suscitavit
1636 2689 1767 2716 Lazarum

972 2735 1030 2762 solo
1055 2735 1148 2767 verbo,
1164 2739 1189 2762 et
1214 2735 1304 2762 vivum
1325 2735 1442 2762 ostendit
1459 2744 1464 2761 :
1478 2735 1545 2762 dixit
1563 2742 1666 2768 rursus,
1681 2734 1767 2761 Portet

972 2781 1048 2818 inferi
1060 2789 1109 2808 non
1123 2781 1296 2816 prmulelmnt
1309 2781 1430 2808 adversus
1443 2780 1583 2808 Ecclesium
1600 2780 1708 2816 (Matth.
1725 2779 1766 2805 l6.

974 2828 1035 2862 l8);
1050 2831 1088 2859 et,
1102 2827 1152 2859 Qui
1166 2827 1268 2862 reliquit
1290 2832 1387 2862 patrem
1400 2831 1424 2853 et
1436 2831 1552 2858 matrem,
1564 2825 1709 2859 centuplum
1721 2831 1768 2850 uc-

973 2874 1048 2908 ctpie!
1072 2873 1098 2900 in
1123 2872 1169 2900 hoc
1191 2872 1303 2906 sa'culo,
1328 2877 1351 2899 et
1375 2873 1453 2899 eitum
1476 2876 1598 2899 (etet-nam
1626 2869 1765 2905 possidebit
