2060 3111
322 139 356 169 ϐΊ
692 136 720 165 S.
738 134 878 164 10thle
895 131 1133 162 CIIRYSOSTOMI
1153 133 1313 164 ARCHIEP.
1332 136 1598 166 CONSTANTINOP.
1922 147 1954 176 68

322 195 429 230 (Matth.
445 194 490 222 l9.
501 193 561 228 29).
577 193 649 228 Ergo
663 192 822 220 miraculum
836 190 945 225 quidem
964 194 1006 217 est
1022 197 1116 219 unum.

322 249 419 277 nempe
428 240 520 268 Lazari
532 248 540 272 ;
551 238 740 273 pr:cdictioues
749 243 813 264 vero
823 235 895 267 dum,
907 242 1020 269 quarum
1032 234 1116 262 altera

322 287 366 315 hic
373 292 480 315 ostensa
487 291 537 318 est,
545 285 628 312 altera
638 285 663 311 in
672 283 761 310 futuro
768 281 828 308 erit.
838 280 984 313 Considera
991 284 1019 306 ut
1026 279 1115 307 omnia

322 332 392 360 inter
398 340 427 360 se
433 335 586 367 comparata
596 326 780 364 probantur.Si
787 326 847 361 quis
853 325 924 353 enim
934 333 987 352 non
994 327 1055 353 cred
1059 329 1117 352 erct

320 379 478 406 suscitatum
488 377 570 404 fuisse
577 375 718 405 Lazarum,
727 380 759 400 ex
770 372 943 407 prmdictione
951 379 1010 406 qua:
1018 371 1052 399 de
1064 370 1116 398 lac-

319 423 401 450 ctcsia
410 423 480 450 dicta
488 426 538 454 est,
548 419 639 448 credat
646 419 776 446 miraculo
787 426 793 444 :
803 426 863 445 nam
873 417 944 453 quod
954 422 991 444 tot
997 422 1059 445 ante
1066 424 1115 444 an.

320 478 369 496 nos
377 469 532 504 prirdictum
541 467 638 499 fuerat,
645 470 708 494 tunc
715 465 805 494 evenit
811 471 838 493 et
845 465 925 493 linem
932 466 1046 500 accepit.
1053 465 1116 492 Por-

320 519 353 541 ta;
363 514 434 541 enim
450 513 527 541 inferi
536 512 666 540 adversus
677 511 823 539 Eeclesiam
839 518 892 538 non
904 510 1113 545 prazvalucrunt.

317 559 369 593 Qui
384 566 449 594 ergo
461 559 488 586 in
502 558 679 594 praedictione
691 558 832 585 veritatem
849 557 927 590 dixit,
943 557 1113 592 perSpicuum

318 604 443 639 estquod
458 606 540 632 etiam
554 603 712 631 miraculum
727 602 822 630 fecerit
838 610 846 629 :
861 602 908 637 qui
921 609 985 629 vero
1000 602 1113 629 miracu-

317 650 372 677 lum
391 649 484 682 edidit,
500 655 527 677 et
546 649 591 684 qui
605 656 636 676 ea
650 655 710 683 quae
724 648 829 675 dixerat
842 647 875 675 ad
890 647 972 675 linem
986 647 1109 680 deduxit,

318 695 404 729 palam
419 699 461 722 est
473 694 545 730 quod
558 694 638 721 etiam
651 693 676 720 in
691 692 865 728 praedictione
880 692 1031 720 futurorum
1047 700 1111 732 vera

315 739 400 772 dieat,
415 747 523 774 nempe,
546 739 699 773 Ceutuplum
713 738 828 773 recipiet,
849 742 873 764 et
892 737 969 764 vitam
991 743 1112 764 (uernam

317 785 453 821 possidebit
469 786 500 819 is,
517 785 562 821 qui
583 784 723 820 prmsentia
743 783 867 817 despicit.
886 782 951 817 Qua:
969 782 1041 810 enim
1055 782 1110 818 jam

317 830 384 858 facta
399 835 428 858 et
439 830 509 858 dicta
521 834 593 862 sunt,
609 829 636 857 in
653 829 764 865 pignora
785 827 900 855 maxima
923 827 998 855 dedit
1017 835 1110 855 eorum

316 884 375 912 qua:
389 881 518 904 eventura
530 880 603 903 sunt.
624 875 686 903 llaec
701 876 790 909 itaque
804 874 895 902 omnia
907 878 935 902 et
955 873 998 901 his
1011 873 1109 901 similia

314 931 349 952 ex
365 922 515 956 Evangeliis
527 922 686 957 colligentes
701 920 767 955 ipsis
779 919 914 952 dicamus.
938 919 1043 954 illisque
1062 926 1109 947 ora

314 969 496 996 obstruamus.
523 966 551 994 Si
577 966 638 1001 quis
658 973 723 993 vero
744 965 843 993 dixerit
859 974 866 992 :
880 963 1021 999 Quomodo
1044 971 1110 999 ergo

315 1013 423 1041 tandem
443 1020 495 1041 non
517 1012 667 1040 exstinctus
681 1011 730 1038 fuit
748 1010 844 1038 error?
865 1010 918 1038 hoc
936 1009 1084 1038 dixerimus
1099 1019 1107 1037 :

315 1060 368 1088 Vos
383 1060 409 1087 in
424 1065 504 1087 causa
518 1058 595 1091 estis,
609 1057 654 1093 qui
666 1057 796 1084 adversus
809 1056 923 1084 salutem
938 1059 1054 1083 vestram
1067 1063 1110 1083 se-

312 1106 428 1134 ditiones
445 1104 550 1140 agitatis
566 1112 573 1130 :
589 1111 650 1131 nam
671 1103 743 1130 Deus
764 1110 808 1130 res
828 1103 863 1130 ita
885 1101 1063 1137 dispensavit,
1081 1106 1109 1129 ut

313 1158 346 1178 ne
359 1150 477 1185 reliquiae
500 1149 608 1184 quidem
637 1148 781 1184 impietatis
805 1153 941 1175 maneant.
967 1147 1004 1175 Ea
1029 1155 1104 1182 ergo,

311 1204 371 1230 qua:
383 1195 453 1223 dicta
474 1200 547 1228 sunt,
563 1194 653 1230 paucis
670 1198 834 1229 repetamus.
853 1193 980 1227 Qumnam
996 1198 1038 1221 est
1060 1193 1108 1220 ha-

312 1249 371 1268 rum
393 1248 482 1268 rerum
507 1239 619 1267 natura?
638 1247 700 1267 num
715 1244 745 1266 ut
768 1239 894 1266 imbecilli
919 1243 1107 1273 superentura

312 1285 476 1321 potentibus.
491 1292 525 1312 au
539 1284 640 1312 secus?
655 1284 700 1319 qui
719 1284 805 1312 facilia
823 1284 926 1316 dicunt,
941 1292 975 1311 an
996 1285 1041 1319 qui
1055 1284 1106 1311 dif-

313 1330 443 1358 liciliora?
456 1330 501 1365 qui
515 1337 575 1357 cum
589 1329 714 1364 periculis
726 1329 874 1361 attrahunt,
889 1337 922 1356 an
937 1330 981 1364 qui
993 1330 1107 1357 secure?

309 1377 354 1412 qui
368 1377 506 1410 innovant,
520 1383 554 1402 an
569 1375 613 1410 qui
627 1375 849 1403 consuetudinem
870 1374 975 1402 ﬁrmant
986 1375 998 1401 Ἰ
1010 1375 1055 1410 qui
1079 1375 1104 1402 in

309 1430 432 1457 asperam
443 1421 514 1449 viam
524 1421 636 1454 ducunt,
650 1429 684 1448 an
700 1421 745 1455 qui
757 1421 782 1448 in
798 1419 927 1448 facilem?
941 1420 958 1447 ii
971 1420 1017 1456 qui
1030 1428 1044 1446 a
1061 1428 1107 1455 pa-

309 1468 369 1495 triis
392 1467 520 1495 institutis
543 1466 692 1498 abducunt,
707 1474 741 1492 an
765 1465 782 1493 ii
803 1465 849 1500 qui
871 1473 924 1492 non
948 1466 1105 1500 peregrinas

309 1513 382 1547 leges
399 1512 537 1539 statuunt?
551 1511 568 1538 ii
584 1511 629 1546 qui
653 1515 793 1546 postquam
810 1510 873 1538 hinc
893 1509 1104 1538 abscesserimus

307 1558 397 1586 omnia
413 1557 483 1584 bona
503 1556 674 1592 pollicentur,
696 1563 730 1584 an
751 1556 768 1583 ii
788 1556 833 1591 qui
849 1556 875 1583 iu
899 1556 1026 1590 prmsenti
1050 1557 1103 1584 vita

307 1603 469 1632 adulantur?
482 1603 559 1631 multi
573 1610 589 1630 a
600 1604 705 1638 paucis.
720 1609 754 1630 an
766 1602 842 1637 pauci
854 1611 869 1629 a
883 1602 993 1630 multis?
1008 1603 1042 1630 At
1056 1611 1103 1630 vos

1169 191 1259 224 etiam,
1275 191 1390 228 inquies,
1404 193 1447 221 hic
1458 194 1627 229 promisistis.
1637 194 1704 229 Quid
1716 195 1759 224 hic
1768 199 1948 231 promisimus!

1169 236 1342 266 Peccatorum
1365 239 1553 268 remissionem
1572 245 1599 267 ct
1620 241 1756 269 lavacrum
1777 247 1951 278 regeneratio-

1168 283 1219 310 nis.
1233 283 1301 311 Vere
1314 284 1423 319 quidem
1440 285 1571 320 baptisma
1585 286 1644 321 plus
1660 288 1740 315 habet
1759 288 1820 316 boni
1839 290 1864 317 in
1883 290 1953 320 futu-

1167 328 1214 356 ris.
1233 329 1265 356 Et
1285 329 1382 357 Paulus
1399 330 1498 358 clamat
1517 331 1610 359 dicens
1626 341 1633 359 :
1650 332 1746 360 Mortui
1765 335 1830 361 enim
1850 338 1915 370 estis,
1927 345 1950 368 et

1166 373 1216 400 vita
1230 379 1310 401 vestra
1320 375 1467 402 abscondita
1481 381 1518 402 est
1530 385 1588 403 cum
1600 377 1700 405 Christo
1714 379 1740 405 iu
1754 379 1817 407 Deo.
1835 381 1895 409 Cum
1907 392 1951 410 au.

1166 424 1215 446 tetu
1226 421 1276 447 vita
1287 425 1367 448 vestra
1381 422 1545 457 ntanifestata
1557 424 1643 458 fuerit,
1666 429 1724 451 tunc
1736 430 1760 452 et
1774 434 1815 453 vos
1832 435 1888 454 cum
1899 430 1951 464 ipso

1164 467 1320 501 apparebitis
1331 467 1357 494 iu
1371 467 1453 503 gloria
1469 467 1537 504 (Col.
1552 469 1578 497 '5.
1591 469 1619 496 5.
1634 469 1674 505 4).
1689 469 1717 498 Si
1729 476 1818 499 autem
1833 473 1874 501 hic
1887 482 1948 509 quo-

1164 519 1217 546 que
1229 511 1309 539 habet
1321 512 1403 545 bona,
1418 518 1447 541 ut
1464 517 1538 542 certe
1556 514 1646 550 habet,
1667 520 1694 543 et
1716 516 1767 544 hoc
1781 525 1886 552 qumque
1899 528 1951 548 ma-

1163 565 1245 592 guum
1260 562 1302 584 est
1315 558 1485 591 miraculum.
1502 560 1573 595 quod
1587 561 1723 596 potuerint
1737 563 1896 597 persu'adure
1908 565 1949 600 iis,

1163 603 1208 638 qui
1223 603 1291 629 mala
1305 604 1424 631 fecerant
1438 604 1588 638 innumera,
1605 610 1633 633 et
1652 606 1723 641 quod
1742 615 1821 634 neruo
1835 609 1901 637 alius
1915 610 1949 638 fe-

1163 653 1247 681 cerat.
1261 648 1319 676 fore
1334 654 1362 676 ut
1375 650 1464 677 omnia
1474 649 1658 684 abluerentur,
1671 656 1698 679 et
1712 653 1811 680 nullius
1823 655 1949 684 scelerum

1162 702 1273 723 suorum
1285 696 1416 723 rationem
1431 702 1522 724 essent
1534 698 1674 725 reddituri.
1689 699 1780 734 Itaque
1789 708 1818 727 ea
1829 701 1862 728 de
1875 710 1950 731 causa

1163 742 1279 770 maxime
1292 742 1418 770 admirari
1438 743 1590 778 oportebat,
1611 744 1683 779 quod
1700 745 1822 773 barbaris
1835 746 1948 776 homini-

1162 786 1212 815 bus
1225 788 1418 823 persuaserint,
1432 793 1462 816 ut
1478 789 1558 816 talem
1577 789 1657 817 fidem
1675 790 1852 825 susciperent,
1869 797 1893 819 et
1905 793 1950 820 bo-

1162 841 1222 861 nam
1241 833 1274 861 de
1290 834 1385 862 futuris
1398 841 1473 869 spem
1497 834 1635 868 haberent,
1655 843 1687 862 ac
1700 835 1820 871 deposita
1836 837 1948 871 priorum

1162 883 1332 914 peccatorum
1356 880 1479 913 sarcina,
1502 887 1563 908 cum
1591 888 1687 916 magna
1708 881 1790 908 animi
1817 883 1948 912 alacritate

1160 926 1258 954 deinde
1270 933 1318 961 pro
1330 926 1428 954 virtute
1439 926 1546 955 labores
1559 927 1738 962 susciperent,
1753 932 1781 956 et
1798 928 1832 955 ad
1845 929 1948 958 sensilia

1161 972 1233 999 nulla
1250 971 1394 1004 iuhiarent,
1418 972 1597 1008 omnibusque
1612 974 1751 1009 corporeis
1772 975 1853 1003 rebus
1870 983 1947 1011 δηρο-

1160 1018 1246 1045 riores
1260 1017 1358 1050 euecti,
1372 1018 1519 1053 spiritualia
1532 1019 1686 1055 acciperent
1702 1019 1772 1048 dona
1790 1029 1798 1048 :
1812 1029 1844 1049 ac
1861 1022 1947 1056 Persa,

1160 1063 1293 1096 Sarmata,
1308 1063 1416 1091 Maurus
1436 1067 1465 1091 et
1484 1063 1575 1097 Indus,
1596 1065 1696 1092 scirent
1709 1066 1806 1093 anima:
1825 1067 1949 1101 expiatio-

1159 1116 1232 1142 nem,
1255 1109 1302 1136 Dei
1327 1109 1492 1145 potentiam,
1514 1114 1541 1137 et
1564 1110 1754 1145 benignitatem
1779 1111 1945 1145 inell'abilcm,

1159 1155 1219 1182 lidci
1234 1154 1442 1190 philosophiam,
1457 1154 1574 1189 Spiritus
1587 1155 1671 1182 sancti
1683 1155 1838 1189 advcntmn,
1856 1165 1947 1192 corpo-

1159 1208 1218 1228 rum
1247 1200 1484 1233 resurrectionem,
1510 1205 1538 1227 ct
1557 1201 1617 1227 vita:
1637 1201 1797 1228 immortans
1818 1202 1946 1237 dogmata.

1158 1246 1221 1274 [huc
1235 1246 1334 1281 quippe
1351 1245 1440 1272 omnia
1460 1250 1487 1273 et
1507 1246 1548 1272 his
1565 1246 1639 1281 plura
1661 1246 1837 1274 barbarorum
1855 1256 1948 1283 genera

1158 1292 1304 1327 piscatores
1331 1291 1356 1318 io
1381 1291 1514 1326 baptismo
1539 1293 1675 1328 mysteriis
1699 1294 1847 1326 initiantcs,
1865 1295 1948 1329 philo-

1157 1337 1266 1372 sophari
1287 1341 1441 1364 Suaserunt.
1457 1336 1521 1364 ilazc
1536 1337 1624 1372 itaque
1644 1338 1733 1364 omnia
1751 1344 1876 1367 neeurate
1895 1347 1949 1367 ser-

1157 1388 1261 1415 vantes,
1284 1383 1327 1410 illa
1351 1383 1392 1411 eis
1415 1383 1547 1416 dicamus,
1570 1390 1598 1410 et
1619 1391 1634 1410 a
1660 1384 1712 1411 vita
1734 1392 1842 1420 quoque
1863 1391 1949 1413 nostra

1157 1429 1415 1457 demonstrationem
1445 1436 1552 1456 rursum
1585 1429 1650 1465 ipsis
1674 1429 1871 1463 exhibeamus,
1898 1439 1948 1466 quo

1157 1477 1281 1512 utrinque
1305 1481 1332 1503 et
1356 1483 1405 1503 ηοξ
1426 1476 1540 1503 salutem
1560 1483 1758 1511 consequamur
1781 1482 1810 1505 et
1835 1478 1893 1505 iIIOs
1916 1478 1947 1506 ad

1158 1522 1204 1550 Dei
1217 1522 1328 1557 gloriam
1342 1521 1508 1549 attrahamus
1525 1530 1530 1548 :
1545 1521 1607 1556 quia
1626 1522 1676 1557 ipsi
1691 1527 1732 1550 est
1753 1522 1841 1558 gloria
1861 1524 1888 1551 in
1900 1531 1948 1552 sa:-

1156 1568 1227 1596 cula.
1243 1568 1338 1595 Amen.

310 1668 1946 1680 Μ

1004 1704 1284 1735 ΗΟΜιιιΑ-νιιι.

314 1776 378 1806 Cn.
394 1777 421 1805 3.
436 1784 463 1804 ν.
479 1777 504 1804 l.
519 1776 552 1803 Et
572 1784 634 1812 ego,
655 1777 761 1812 fratres,
783 1784 834 1802 non
855 1776 925 1810 potui
946 1776 1014 1803 vobis
1035 1775 1104 1811 loqui

343 1826 371 1849 ut
385 1821 569 1856 spiritualibus,
583 1821 628 1848 sed
641 1825 667 1848 ut
680 1821 834 1853 carnalibus,
849 1826 978 1856 tamquam
989 1822 1102 1856 parvulis

343 1868 370 1894 in
383 1866 494 1895 Christo.
509 1867 536 1894 2.
554 1866 605 1893 Lac
619 1866 687 1893 vobis
703 1870 790 1900 potum
804 1866 879 1899 dedi,
894 1870 917 1893 et
932 1874 983 1893 non
997 1874 1080 1893 escam
1093 1874 1102 1893 :

345 1913 457 1940 nondum
467 1913 533 1940 enim
542 1913 672 1948 poteratis.
682 1911 737 1940 Sed
749 1920 779 1938 ue
788 1920 854 1939 nunc
862 1912 962 1948 quidem
975 1912 1078 1947 potestis
1090 1920 1099 1939 .'

346 1959 430 1986 adhuc
445 1959 510 1986 enim
526 1959 642 1985 carnales
654 1958 722 1986 estis.

344 2005 371 2032 l.
387 2004 452 2032 Cum
464 2007 466 2009 ‘
477 2008 617 2032 externam
642 2003 802 2038 sapientiam
819 2003 983 2032 confutassel
996 2025 1004 2038 ,
1019 2009 1047 2031 et
1062 2004 1102 2032 fa-

306 2056 377 2078 stum
391 2052 449 2085 ejus
463 2058 571 2078 omnem
587 2049 748 2084 dejecisset,
768 2049 801 2077 ad
817 2049 887 2077 aliud
910 2055 1101 2086 argumentum

306 2098 388 2124 venit.
412 2097 478 2124 Nam
503 2096 650 2123 verisimile
665 2100 706 2123 est
728 2095 788 2123 illos
808 2095 927 2123 dicturos
949 2097 1051 2123 fuisse:
1074 2096 1101 2124 Si

308 2142 437 2174 Platonis,
451 2145 498 2168 aut
510 2141 680 2176 Pythagorae,
696 2145 742 2167 aut
755 2140 893 2175 cujusdam
908 2141 1018 2168 alterius
1034 2141 1101 2176 phi—

307 2186 412 2222 losophi
441 2186 512 2214 dicta
537 2186 774 2215 annuntiarcmus.
799 2186 861 2221 jure
885 2187 920 2214 ita
945 2187 1051 2223 longam
1075 2189 1100 2215 in

308 2241 356 2260 nrs
377 2233 538 2260 instituisses
553 2233 701 2260 orationem
715 2242 721 2260 :
736 2232 758 2260 si
783 2237 872 2260 autem
895 2241 927 2261 ea
955 2242 1014 2269 qua:
1040 2240 1102 2262 sunt

307 2280 423 2314 Spiritus
437 2280 627 2307 annnntiamus
637 2299 644 2313 ,
658 2287 706 2307 cur
729 2284 867 2307 externam
886 2280 1043 2315 sapientiam
1057 2288 1102 2308 sus

307 2326 394 2360 deque
416 2326 527 2353 versas?
548 2325 689 2360 Quomodo
705 2330 793 2353 autem
816 2326 868 2353 hic
884 2326 996 2361 repellat
1018 2327 1100 2355 audi:

309 2370 342 2397 Et
362 2380 406 2406 ego
417 2392 424 2404 ,
438 2373 529 2407 fratres
539 2392 545 2403 ,
558 2380 606 2398 nou
623 2371 693 2406 potui
706 2372 774 2398 vobis
794 2372 862 2406 loqui
875 2378 901 2398 ut
914 2372 1099 2406 spiritualibus.

309 2418 380 2446 Sane
390 2418 496 2453 quidem
505 2418 607 2445 etiamsi
619 2418 727 2453 perfecti
739 2419 844 2451 essetis,
857 2419 953 2453 inquit,
967 2425 993 2446 et
1008 2419 1034 2446 in
1047 2420 1101 2454 spi-

308 2465 457 2496 ritualibus,
468 2472 554 2499 neque
564 2464 603 2492 sic
615 2469 751 2500 oporteret
760 2465 865 2497 eﬂ'erri;
879 2472 964 2500 neque
972 2465 1043 2492 enim
1056 2474 1101 2493 ve-

309 2516 361 2538 stra
374 2509 546 2542 annuntiatis,
557 2518 642 2544 neque
651 2519 681 2537 ea
690 2519 748 2545 qum
758 2510 807 2545 ipsi
817 2518 848 2537 ex
859 2510 936 2537 vobis
946 2511 1098 2538 invenistis:

310 2564 378 2584 nunc
392 2562 478 2584 autem
493 2565 578 2590 neque
591 2557 633 2583 illa
649 2557 723 2584 scitis
735 2562 762 2583 ut
775 2557 845 2584 scire
859 2561 981 2590 oportet,
996 2556 1043 2583 sed
1055 2557 1099 2584 di—

308 2603 402 2638 scipuli
419 2604 483 2630 estis
497 2607 523 2630 et
537 2603 656 2630 omnium
672 2602 811 2637 postremi.
825 2602 914 2636 Itaque
927 2602 949 2628 si
962 2601 996 2629 de
1010 2608 1098 2630 exter-

310 2656 342 2676 na
365 2648 470 2684 quidem
494 2648 625 2683 sapientia
646 2649 727 2674 altum
751 2648 860 2681 sapitis,
881 2648 936 2682 jam
960 2648 1098 2682 probatum

309 2699 348 2722 est
362 2694 430 2721 illam
445 2694 511 2721 nihil
524 2702 584 2722 esse
595 2715 601 2725 ,
615 2694 659 2721 sed
675 2699 699 2720 cl
713 2694 738 2719 iu
754 2693 937 2728 spiritualibus
948 2693 1025 2721 nobis
1037 2701 1097 2722 esse

307 2740 467 2769 contrariam
483 2749 489 2766 :
505 2740 527 2766 si
542 2745 631 2766 autem
643 2739 676 2766 de
691 2738 883 2773 spiritualibus,
898 2739 922 2765 in
936 2739 977 2766 his
991 2747 1098 2774 quoque

307 2785 377 2820 quod
392 2783 539 2812 minus'est
555 2785 659 2812 habetis
670 2805 677 2817 ,
693 2788 721 2811 et
739 2784 807 2811 inter
821 2784 930 2811 ultimos
945 2785 1020 2812 estis.
1037 2786 1099 2813 Ideo

308 2831 344 2857 ait
355 2851 361 2863 ,
379 2829 437 2857 Non
451 2831 520 2865 potui
534 2831 602 2857 vobis
616 2830 684 2864 loqui
698 2834 726 2856 ut
744 2829 927 2864 spiritualibus.
944 2830 1001 2858 Non
1017 2831 1097 2864 dixit,

308 2875 366 2903 Non
381 2876 505 2911 loquutus
519 2883 588 2909 Sum,
601 2883 634 2903 ne
648 2876 784 2904 videretur
793 2882 825 2904 ex
843 2876 940 2904 invidia
952 2885 1008 2904 rem
1019 2883 1095 2910 esse;

1162 1775 1209 1803 sed
1226 1775 1366 1810 dupliciter
1381 1776 1487 1804 illorum
1508 1783 1617 1803 sensum
1636 1776 1752 1804 evertit:
1770 1785 1824 1804 uno
1846 1777 1949 1812 quidem

1157 1821 1238 1849 modo
1251 1821 1412 1854 ostendens,
1427 1821 1500 1857 quod
1517 1821 1635 1856 perfecta
1655 1823 1776 1854 nesciant
1787 1831 1796 1856 ;
1807 1824 1892 1851 altero
1905 1831 1950 1851 au-

1159 1873 1231 1899 tem,
1246 1868 1317 1903 quod
1343 1868 1392 1903 ipsi
1409 1867 1435 1894 in
1460 1874 1541 1895 causa
1557 1867 1611 1895 sint
1625 1868 1696 1903 quod
1719 1869 1858 1902 nesciant;
1875 1869 1950 1896 tertio

1157 1913 1236 1940 etiam
1248 1933 1256 1946 ,
1271 1913 1341 1948 quod
1361 1912 1486 1940 ostendat
1505 1913 1567 1940 illos
1586 1921 1620 1941 ne
1642 1921 1713 1941 nunc
1736 1914 1845 1949 quidem
1860 1921 1946 1949 posse.

1157 1957 1223 1986 Nam
1245 1957 1315 1993 quod
1332 1958 1408 1985 initio
1427 1965 1480 1986 non
1497 1959 1651 1993 potuerint,
1669 1966 1701 1986 cx
1717 1964 1813 1986 natura
1838 1959 1950 1987 fortasse

1157 2004 1196 2031 rei
1218 2008 1294 2031 erat:
1311 2011 1472 2039 quamquam
1495 2011 1529 2031 ne
1551 2003 1621 2032 hanc
1643 2004 1752 2039 quidem
1768 2005 1822 2032 illis
1844 2006 1950 2041 reliquit

1158 2048 1350 2077 defensionem.
1371 2048 1429 2076 Non
1444 2049 1516 2077 enim
1531 2049 1595 2077 dicit
1607 2049 1668 2077 illos
1684 2050 1745 2078 ideo
1757 2051 1882 2078 sublimia
1898 2058 1948 2078 non

1159 2096 1328 2130 suscepisse,
1352 2095 1423 2130 quod
1447 2103 1500 2122 non
1524 2100 1631 2130 possent
1650 2095 1804 2130 suscipere,
1827 2097 1874 2124 sed
1889 2097 1948 2132 quia

1156 2141 1278 2168 carnales
1300 2146 1387 2168 erant.
1405 2141 1501 2168 Verum
1517 2141 1543 2168 in
1560 2141 1691 2176 principio
1711 2141 1820 2176 quidem
1836 2142 1875 2170 sic
1895 2151 1946 2169 non

1156 2185 1251 2213 fuisset
1263 2187 1473 2220 reprehensione
1484 2186 1608 2221 dignum;
1624 2186 1672 2214 sed
1685 2194 1746 2214 eum
1761 2191 1863 2214 tantum
1877 2187 1948 2214 cfllu-

1156 2232 1239 2259 xisset
1253 2236 1374 2266 tempus,
1396 2232 1513 2258 nondum
1529 2231 1563 2258 ad
1588 2231 1749 2266 perfectiora
1775 2233 1946 2267 pervenisse,

1156 2277 1182 2304 id
1194 2282 1321 2305 extrema:
1334 2282 1392 2305 erat.
1407 2277 1529 2312 ignavias.
1545 2277 1599 2305 llac
1613 2285 1720 2313 quoque
1731 2277 1763 2306 de
1779 2286 1810 2306 re
1823 2279 1948 2306 Hebraeos

1155 2329 1279 2357 accusat,
1296 2324 1342 2351 scd
1364 2333 1415 2350 nou
1431 2332 1492 2352 cum
1514 2329 1587 2351 tanta
1608 2325 1788 2352 vehementia.
1809 2324 1874 2352 Nam
1890 2325 1947 2352 illos

1155 2370 1262 2405 quidem
1275 2369 1340 2397 dicit
1351 2370 1386 2396 ob
1407 2369 1593 2397 tribulationes
1609 2370 1674 2397 tales
1690 2377 1750 2398 esse
1761 2390 1768 2402 ,
1793 2370 1844 2398 hos
1858 2375 1946 2398 autem

1155 2417 1190 2444 oh
1206 2417 1331 2451 nequitiae
1345 2416 1509 2444 desiderium
1522 2425 1529 2443 :
1547 2416 1597 2443 hoc
1612 2421 1700 2444 autem
1718 2421 1743 2444 et
1756 2416 1823 2444 illud
1838 2425 1892 2443 non
1905 2417 1946 2443 itt-

1154 2467 1195 2490 tcr
1209 2471 1238 2490 sc
1253 2464 1326 2498 paria
1342 2467 1412 2490 sunt.
1431 2463 1464 2490 Et
1478 2463 1592 2490 ostendit
1609 2471 1639 2490 se
1654 2464 1714 2490 illos
1735 2464 1843 2498 quidem
1860 2463 1946 2490 incre‘

1155 2515 1227 2544 pare,
1241 2509 1291 2536 hos
1304 2514 1392 2536 autem
1406 2510 1490 2544 magis
1504 2510 1680 2542 excitantcm,
1692 2509 1748 2536 hmo
1761 2517 1821 2536 cum
1836 2510 1947 2536 veritate

1154 2555 1264 2582 dixisse.
1287 2555 1332 2582 llis
1347 2555 1444 2590 quippe
1466 2555 1545 2589 dicit,
1567 2555 1620 2582 Sed
1640 2564 1719 2593 neque
1734 2563 1801 2582 nunc
1822 2555 1944 2589 potestis:

1154 2601 1207 2628 illis
1233 2605 1342 2628 autem:
1371 2601 1533 2636 Quapropter
1562 2601 1751 2628 intermittentes
1775 2601 1946 2628 iuchoatiouis

1155 2647 1248 2674 Clu-isti
1262 2656 1400 2674 sermonem
1410 2668 1418 2680 ,
1433 2648 1468 2674 ad
1490 2648 1667 2682 perfectionem
1688 2647 1802 2682 feramur
1816 2647 1907 2682 (Ilcbr.
1919 2648 1945 2674 (i.

1154 2693 1181 2720 1.
1196 2698 1218 2720 ει
1233 2692 1279 2725 9);
1293 2698 1317 2720 ct
1334 2701 1441 2720 rursum
1459 2702 1466 2719 :
1489 2693 1646 2726 Couﬁdimus
1659 2693 1691 2719 de
1713 2693 1781 2720 vobis
1797 2694 1904 2719 meliora
1925 2698 1947 2719 ct

1152 2739 1229 2765 saluti
1249 2739 1389 2770 Ita’rentia,
1412 2739 1458 2766 etsi
1478 2741 1514 2765 ita
1535 2739 1670 2772 loquimur.
1689 2739 1720 2766 Et
1739 2739 1873 2774 quoumdo
1889 2746 1946 2771 eos,

1153 2785 1197 2820 qui
1214 2790 1315 2811 tantum
1329 2785 1457 2819 Spiritum
1471 2790 1648 2819 acceperant,
1663 2786 1786 2812 carnales
1809 2784 1945 2818 appellat,

1152 2838 1220 2865 quos
1235 2831 1311 2858 initio
1327 2831 1407 2858 tantis
1426 2835 1468 2858 est
1478 2831 1600 2858 laudibus
1615 2831 1811 2866 proscquutus?
1826 2830 1893 2863 Quia
1909 2830 1946 2857 illi

1153 2883 1259 2912 quoque
1272 2877 1393 2904 carnales
1408 2882 1501 2911 erant,
1524 2876 1620 2912 quibus
1639 2877 1705 2905 dicit
1719 2876 1868 2905 Dominus:
1884 2874 1945 2902 Dis-
