2060 3111
148 154 181 183 65
676 148 708 177 IN
728 147 859 177 EPISTJ
892 147 937 176 Λῐ)
955 147 1033 176 COR.
1055 148 1168 176 ll0.\lll..
1190 149 1257 176 Vill.
1753 157 1789 184 τυ

149 212 250 238 (editus
265 218 322 243 me,
342 218 393 236 non
409 210 467 236 novi
481 216 524 235 vos
534 228 542 241 ,
557 208 600 242 qui
621 207 763 242 operamini
784 205 941 240 iniquitatem

149 256 264 293 (Matth.
281 257 309 282 'l.
321 255 378 290 25)
393 264 398 280 :
416 261 578 289 quamquam
593 253 730 280 daemonas
747 252 901 286 ejecerunt,
917 254 945 276 et

149 310 269 330 mortuos
287 302 462 333 suscitarent,
481 305 560 334 atque
575 299 729 334 prophetias
742 297 903 324 extulerunt.

184 349 235 382 Qui
248 348 324 382 signa
338 347 416 382 facit,
439 350 518 380 potest
539 353 592 371 esse
605 344 725 370 carnalis.
737 358 773 362 —
786 343 878 377 Itaque
892 347 943 376 po-

150 399 200 421 test
215 394 298 420 etiam
311 393 334 419 is
358 392 403 426 qui
427 392 501 426 signa
518 390 600 422 facit,
615 396 676 416 esse
691 388 819 416 carnalis.
836 387 902 414 Nam
915 390 943 413 et

150 440 176 466 in
192 439 302 466 Balaam
326 438 398 465 Deus
420 442 462 464 est
484 440 627 470 operatus,
650 439 678 461 et
701 433 832 461 Pharaoni
855 432 942 460 futura

149 485 286 516 revelavit,
303 491 408 511 necnon
423 481 696 514 Nabuchodonosori;
712 485 739 508 et
752 479 866 515 Caiphas
880 487 942 514 pro-

150 531 269 566 phetarit
280 552 288 564 ,
311 530 435 557 nesciens
449 529 511 564 quid
525 528 628 555 diceret
641 537 646 553 :
666 526 774 561 quidatn
788 526 869 553 etiam
885 525 942 553 dte-

149 577 239 604 mouia
261 577 401 611 ejecerunt
423 576 481 609 ejus
505 574 628 605 nomine,
653 572 705 600 etsi
727 579 787 599 cum
811 572 870 606 ipso
888 579 941 598 non

149 628 243 650 erant:
268 629 330 650 nam
354 629 405 649 non
430 625 538 656 propter
553 624 695 654 operantes
712 619 770 646 luce
784 618 868 650 ﬁunt,
891 617 939 645 Sed

149 673 259 703 propter
287 667 364 694 alios.
389 666 467 700 Saepe
490 665 570 692 etiam
593 672 641 699 per
665 664 799 699 indignos.
824 664 857 690 Et
878 662 941 698 quid

150 715 265 747 miraris,
283 714 305 741 si
329 714 355 741 in
374 714 438 740 viris
454 712 569 747 indignis
589 715 698 746 propter
712 711 779 737 alios
794 710 852 736 hate
866 710 939 741 ﬁant,

149 770 208 789 cum
230 761 311 788 etiam
335 768 383 795 per
401 759 527 786 sanctos?
547 758 643 785 Paulus
667 758 738 785 enim
761 756 835 788 dicit,
849 756 943 782 Omnia

149 812 231 834 vestra
259 811 336 836 sunt.
361 807 414 832 sive
437 804 546 834 Paulus,
559 804 609 831 sive
629 802 733 838 Apollo,
748 803 800 830 sive
821 802 940 837 Cephas,

150 854 199 879 sive
219 853 279 885 vita,
301 853 352 879 sive
373 859 442 878 mors
453 851 491 885 (Ι.
505 850 563 876 (.‘or.
579 849 604 876 3.
620 848 681 883 22);
697 853 723 875 et
738 856 864 875 rursum:
881 847 894 874 1
898 855 942 882 pse

150 900 219 926 dedit
238 899 301 925 alios
313 898 416 933 quidem
436 898 581 931 apostolos,
602 896 667 922 alios
682 900 766 921 autent
785 895 920 930 prophetas
932 915 939 927 ,

150 946 216 972 alios
230 949 341 979 pastores
357 949 379 970 et
393 944 508 969 doctores
520 942 553 968 ad
565 941 746 976 perfectionem
755 945 899 967 sanctorum
914 940 941 965 in

149 999 213 1026 opus
233 990 364 1017 ministerii
389 989 497 1025 (Ep/tes.
512 988 539 1015 4.
558 987 612 1022 1:2).
632 987 698 1014 Nam
720 987 770 1013 nisi
788 985 838 1013 hoc
848 990 919 1013 esset
931 1006 939 1019 ,

149 1037 214 1064 nihil
228 1036 377 1063 obstitisset
394 1035 537 1070 quominus
559 1041 653 1061 omnes
674 1033 805 1067 perirent.
827 1033 941 1059 Contin-

148 1084 185 1118 git
205 1083 278 1110 enim
304 1081 439 1117 principes
452 1087 512 1108 esse
532 1079 616 1107 malos
631 1083 658 1106 et
672 1078 818 1106 sceleratos
830 1099 837 1110 ,
850 1077 942 1105 subdi-

149 1133 244 1163 tosqne
272 1127 358 1154 bonos
376 1131 403 1153 et
417 1125 585 1156 moderatos;
600 1129 626 1150 et
645 1124 728 1151 laieos
747 1123 773 1150 in
788 1123 885 1158 pietate
901 1123 941 1150 vi-

149 1179 201 1201 tam
227 1180 326 1208 agere,
350 1172 505 1200 saeerdores
527 1176 615 1199 autem
638 1171 664 1197 in
689 1170 830 1205 nequitia:
855 1177 940 1204 neque

149 1220 266 1247 futurum
280 1223 340 1246 erat
353 1224 381 1245 ut
396 1218 543 1252 baptismus
558 1221 638 1248 esset,
654 1224 740 1251 neque
754 1223 854 1250 corpus
866 1214 941 1242 Chri-

148 1266 198 1296 sti.
214 1272 264 1292 nec
276 1264 377 1291 oblatio
390 1271 437 1298 per
452 1264 512 1290 illos
523 1283 530 1296 ,
545 1263 569 1289 si
580 1262 679 1297 ubique
692 1262 787 1296 dignos
797 1262 882 1296 gratia
898 1269 941 1289 re-

149 1311 277 1346 quireret.
291 1309 367 1336 Nunc
387 1314 477 1336 autent
492 1308 572 1336 etiam
588 1315 635 1342 per
650 1307 773 1341 indigntes
788 1307 858 1333 Deus
871 1306 940 1333 solet

148 1356 271 1391 operari,
290 1360 317 1382 et
333 1355 397 1382 nihil
423 1354 526 1382 laeditur
549 1353 634 1389 gratia
650 1352 774 1387 baptismi
799 1359 846 1387 per
860 1351 940 1378 vitam

148 1402 295 1430 sacerdotis
307 1409 313 1428 :
329 1409 389 1428 nam
405 1401 466 1427 hinc
477 1401 500 1427 is
513 1400 557 1435 qui
571 1399 678 1434 accipit,
697 1399 785 1426 minus
799 1398 940 1426 habiturus

149 1449 227 1476 foret.
245 1449 336 1483 Itaque
354 1448 405 1475 etsi
421 1448 477 1474 lucc
499 1454 558 1474 raro
574 1447 655 1478 fiunt,
678 1446 744 1473 tiunt
758 1449 858 1472 tamen.
875 1445 940 1473 litec

147 1500 236 1521 autem
252 1494 324 1526 dico,
337 1498 366 1520 ut
380 1501 414 1520 ne
427 1493 487 1528 quis
500 1500 531 1520 ex
551 1492 726 1527 praesentibus
736 1491 769 1519 de
783 1491 836 1518 vita
851 1499 940 1519 sacer-

147 1540 218 1566 dotis
231 1539 338 1567 curiose
362 1539 518 1574 inquirnns,
541 1537 737 1565 scandalizatur
750 1537 820 1564 circa
835 1544 867 1564 ea
881 1544 940 1571 quae

148 1587 173 1612 in
187 1586 324 1620 mysteriis
340 1588 509 1620 peraguntur.
526 1583 595 1610 Nihil
609 1584 681 1610 enim
696 1583 776 1610 homo
792 1583 817 1609 in
836 1590 867 1610 ea
881 1590 940 1617 qua:

149 1636 334 1667 proponuntur
344 1630 455 1662 inducit,
467 1629 514 1657 sed
528 1634 611 1656 totum
627 1633 668 1656 est
679 1628 726 1656 Dei
737 1629 842 1655 virtutis
853 1635 921 1662 opus
931 1648 938 1659 ,

148 1683 174 1705 et
184 1678 229 1704 ille
237 1681 280 1704 est
292 1676 336 1711 qui
349 1683 396 1702 vos
408 1676 434 1702 in
448 1675 581 1710 mysteriis
593 1674 689 1700 initiat.
706 1673 738 1700 Et
750 1682 796 1708 ego
807 1694 814 1706 ,
828 1675 922 1708 fratres
932 1693 938 1705 ,

149 1732 198 1751 non
206 1723 278 1759 potui
291 1723 359 1750 uobis
370 1723 437 1757 loqui
447 1727 474 1748 ut
487 1721 674 1755 spiritualibus,
688 1719 731 1747 sed
743 1725 770 1746 ut
782 1719 938 1746 carnalibus.

149 1770 200 1797 Lac
212 1770 282 1797 vobis
296 1774 383 1804 potum
397 1769 456 1795 dedi
466 1788 473 1799 ,
491 1775 542 1794 non
562 1775 663 1794 escam:
679 1767 790 1793 nondum
812 1766 878 1792 ettim
893 1773 939 1799 po-

150 1816 245 1843 teratis.
263 1816 301 1842 Ne
315 1815 452 1842 videretur
465 1813 536 1840 enim
559 1812 712 1839 ambitionis
723 1819 802 1839 causa
819 1812 876 1839 haec
896 1811 939 1838 di-

149 1863 220 1889 xisse
231 1882 239 1894 ,
256 1869 373 1896 nempe,
390 1859 538 1895 Spirituulis
562 1859 685 1893 dijudicat
707 1859 808 1890 omnia,
824 1863 847 1885 et
860 1866 876 1884 a
893 1865 938 1884 ne-

149 1909 215 1934 mine
223 1907 372 1942 judicatur;
387 1910 431 1938 et,
447 1905 557 1932 Mentem
576 1904 671 1931 Christi
684 1904 805 1930 habemus
822 1902 865 1938 (1.
879 1903 938 1930 Cor.

147 1952 165 1979 2
188 1953 233 1980 15.
246 1952 290 1987 lli)
301 1960 308 1984 ;
321 1951 429 1978 illorum
441 1950 537 1978 fastum
548 1949 771 1984 reprimens,vide
781 1948 844 1983 quid
857 1948 938 1975 dicat.

145 1998 207 2026 Non
222 1997 283 2025 ideo
294 2018 301 2030 ,
313 1997 410 2031 inquit,
427 1996 496 2023 laeui
506 2016 514 2029 ,
527 1995 604 2030 quasi
620 1994 684 2021 nihil
699 1995 767 2021 ultra
779 1994 870 2021 dicere
881 2001 940 2027 pos—

149 2051 221 2076 sem,
232 2043 280 2070 sed
295 2043 356 2077 quia
367 2041 491 2068 carnales
505 2041 578 2068 estis.
594 2040 647 2068 Sed
660 2048 738 2074 neque
747 2047 813 2066 nunc
827 2039 939 2074 potestis.

183 2089 211 2116 2.
228 2090 284 2116 Cur
297 2096 350 2115 non
363 2088 431 2114 dixit
442 2108 449 2118 ,
465 2087 522 2114 Non
545 2087 642 2119 vultis,
658 2086 704 2114 sed
718 2107 725 2118 ,
744 2085 805 2112 Non
820 2086 942 2120 potestis?

147 2135 216 2168 Quia
233 2134 285 2161 hoc
300 2141 347 2169 pro
363 2133 411 2160 illo
435 2133 531 2167 posuit.
549 2131 615 2159 Nam
640 2131 711 2166 quod
735 2139 787 2158 non
810 2135 939 2165 possent,

147 2182 212 2209 inde
225 2184 285 2208 erat
294 2179 365 2215 quod
379 2179 498 2211 nollent;
513 2179 584 2213 quod
599 2179 653 2205 illis
665 2177 771 2212 quidem
793 2178 942 2212 reprehen-

147 2227 253 2254 sionem
263 2246 272 2258 ,
287 2226 417 2260 magistro
429 2230 517 2251 autem
534 2224 639 2251 veniam
655 2223 742 2250 allert.
756 2223 860 2250 Etenim
873 2223 895 2249 si
907 2230 941 2250 ex

148 2279 245 2300 natura
267 2280 322 2299 non
337 2271 503 2306 potuissent,
519 2270 631 2297 fortasse
645 2270 705 2304 quis
719 2269 879 2304 ignovisset;
895 2268 941 2296 sed

147 2319 211 2354 quia
240 2326 273 2345 ex
300 2318 440 2352 proposito
468 2315 629 2346 voluntatis,
660 2314 815 2342 defensione
839 2319 940 2341 carent.

148 2363 253 2392 Deinde
268 2363 377 2390 modum
391 2361 526 2393 ostendit,
542 2368 596 2395 quo
609 2360 730 2387 carnales
744 2364 806 2386 sunt
819 2368 825 2385 :
840 2360 865 2386 5.
879 2359 941 2385 Cum

149 2412 216 2438 enim
239 2411 272 2437 sit
286 2410 353 2436 inter
371 2416 414 2436 vos
428 2408 553 2434 contentio
564 2427 572 2440 ,
588 2407 657 2433 zelus
670 2411 692 2432 et
706 2406 828 2432 dissensio
837 2426 844 2437 ,
860 2413 943 2431 nonne

148 2455 266 2483 carnales
280 2455 354 2486 estis,
368 2459 391 2480 et
405 2453 542 2480 secundant
557 2452 682 2478 hominem
696 2451 848 2478 ambulotis?
862 2450 943 2485 Atqui

149 2510 211 2529 cum
226 2501 311 2536 possit
320 2500 411 2527 dicere
423 2499 528 2526 illorutn
540 2498 743 2525 fornicationem
754 2502 781 2524 et
791 2496 941 2528 libidinem,

150 2547 217 2575 illud
231 2547 321 2582 potius
335 2550 475 2581 peceatum
489 2544 582 2579 ponit,
597 2543 668 2578 quod
685 2543 790 2570 interim
806 2543 943 2576 corrigere

148 2593 262 2621 studuit.
279 2591 358 2626 Quod
379 2591 401 2618 si
415 2591 488 2618 zelus
502 2591 625 2617 carnales
641 2589 735 2622 faciat,
750 2593 834 2616 restat
847 2595 875 2615 ut
887 2589 943 2623 jam

147 2647 244 2668 omnes
257 2638 405 2666 adtnodum
417 2637 529 2672 ejulent,
540 2644 646 2664 saccum
666 2636 776 2662 induant
790 2639 816 2662 et
826 2634 943 2662 cinerem

149 2687 336 2715 substernunt.
354 2684 421 2717 Quis
444 2683 514 2709 enim
531 2683 609 2716 hujus
631 2682 686 2709 vitii
703 2689 799 2716 expers
818 2681 878 2708 est?
892 2681 943 2707 nisi

148 2741 182 2760 ex
202 2739 247 2759 me
273 2731 308 2758 de
324 2730 385 2756 aliis
401 2729 471 2756 facio
483 2729 676 2762 cenjeeturam.
692 2728 720 2755 Si
736 2727 808 2754 zelus
822 2727 945 2754 carnales

149 2778 213 2806 facit
234 2784 286 2804 nec
308 2776 375 2802 sinit
389 2781 450 2802 esse
472 2774 640 2809 spirituales,
657 2773 762 2801 etiamsi
784 2772 945 2807 prophetent

150 2830 177 2852 et
191 2824 244 2852 alia
259 2822 393 2851 miracula
408 2821 506 2853 edant;
521 2827 582 2847 cum
598 2828 650 2847 non
665 2823 738 2847 tanta
752 2819 943 2854 aderitgratia,

151 2871 259 2899 ubinam
267 2874 362 2898 nostra
368 2869 568 2900 eolloeabimus,
576 2867 682 2902 quando
691 2874 743 2895 neti
752 2866 779 2894 in
787 2866 837 2894 hoc
845 2865 943 2900 solum,

327 2924 466 2953 ΡΑτιιοι.
489 2923 546 2952 (in.
573 2921 637 2951 LXI
645 2944 652 2954 ,

998 203 1045 231 sed
1058 209 1084 231 et
1099 205 1124 232 in
1138 205 1197 233 aliis
1215 205 1360 240 majoribus
1373 207 1443 241 capti
1463 207 1609 236 fuerimus?
1621 211 1688 238 lline
1705 213 1788 240 disci-

998 256 1057 276 mus
1070 249 1131 283 jure
1144 250 1244 278 dixisse
1259 247 1392 278 Christutn
1405 261 1412 278 :
1423 253 1470 286 Qui
1482 252 1545 280 facit
1559 255 1638 288 mala,
1648 264 1699 283 non
1717 259 1789 286 venit

997 295 1030 322 ad
1045 296 1130 323 lucem
1145 296 1234 332 (Joan.
1249 298 1276 326 5.
1288 297 1350 333 20);
1365 303 1392 326 et
1406 299 1476 334 quod
1492 300 1544 327 vita
1559 301 1661 335 impura
1678 303 1789 338 impedi-

998 348 1088 370 mento
1100 344 1134 370 sit
1149 344 1305 372 sublimibus
1316 345 1499 380 dogmatibus,
1515 355 1567 374 non
1580 348 1671 376 sinens
1692 351 1789 377 anima:

997 390 1225 424 perspicacitatem
1246 399 1384 426 apparere.
1400 393 1629 425 Quemadmodum
1652 395 1710 423 fieri
1733 404 1787 424 non

997 440 1086 470 potest
1098 441 1127 464 ut
1141 437 1163 464 is
1177 437 1222 471 qui
1245 438 1270 464 in
1286 445 1379 466 errore
1393 444 1436 465 est
1456 444 1483 466 et
1496 445 1570 467 recte
1585 440 1664 473 vivit,
1681 449 1789 470 maneat

997 482 1023 508 in
1039 489 1150 509 errore:
1166 482 1202 509 ita
1217 490 1270 509 non
1285 482 1363 511 facile
1384 489 1472 518 potest
1488 484 1510 512 is
1521 506 1528 518 ,
1549 486 1594 520 qui
1615 487 1643 514 in
1668 488 1787 522 nequitia

996 527 1075 560 vivit,
1099 528 1152 555 cito
1175 528 1308 563 respicere
1325 529 1358 556 ad
1383 530 1508 558 sublimia
1530 537 1622 560 nostra
1643 533 1786 568 dogmata.

996 573 1043 600 Sed
1058 573 1092 600 ab
1106 574 1230 601 omnibus
1250 574 1321 602 vitiis
1336 583 1432 610 purum
1446 584 1507 604 esse
1523 583 1629 612 oportet
1640 587 1702 607 eum
1713 600 1722 613 ,
1741 581 1788 615 qui

996 619 1134 646 veritatem
1144 625 1185 646 cst
1196 624 1350 647 venaturus.
1365 621 1430 648 Nam
1442 622 1485 657 qui
1501 623 1534 650 ab
1549 624 1581 651 iis
1595 624 1722 653 liberatus
1732 631 1783 659 est,

995 663 1075 690 etiam
1090 663 1123 691 ab
1137 671 1229 691 errore
1244 665 1403 693 liberabitur
1418 671 1445 693 et
1459 668 1598 695 veritatem
1614 677 1784 705 assequetur.

995 710 1034 738 Ne
1059 710 1130 738 enim
1154 711 1293 738 existimes
1321 712 1355 739 ad
1381 713 1432 740 hoc
1457 714 1523 740 satis
1545 722 1606 742 esse
1627 716 1650 742 si
1672 724 1725 744 non
1748 718 1787 745 sis

995 764 1108 789 avarus,
1126 756 1167 783 vel
1187 757 1208 784 si
1233 765 1285 784 non
1301 758 1456 792 forniceris;
1481 759 1527 786 sed
1551 766 1657 794 oportet
1672 762 1679 777 ¹
1694 764 1785 790 omnia

995 810 1157 830 concurrere
1174 803 1201 830 in
1216 811 1248 830 eo
1263 804 1308 839 qui
1324 805 1420 839 qua-rit
1441 806 1591 833 veritatem.
1608 806 1671 834 ideo
1684 809 1720 835 ait
1734 808 1785 836 Pe-

995 852 1050 876 trus
1063 858 1069 875 :
1085 848 1118 875 In
1142 850 1244 877 veritate
1260 851 1455 884 comprehendo,
1477 853 1606 887 quodnon
1619 855 1652 880 sit
1665 863 1787 888 persana-

994 903 1051 921 rum
1066 900 1181 930 acceptor
1194 895 1281 928 Deus;
1294 897 1339 922 sed
1351 897 1376 923 in
1390 898 1459 924 omni
1473 903 1546 933 gente
1565 900 1608 934 qui
1619 901 1688 926 timet
1702 901 1786 935 ipsum

994 945 1016 966 et
1028 945 1147 975 operatur
1157 941 1296 975 justitiam,
1308 947 1425 977 acceptus
1435 949 1471 970 est
1482 943 1520 970 illi
1531 945 1599 978 (Act.
1611 946 1655 973 10.
1666 946 1709 974 54.
1721 947 1782 981 55);

995 985 1020 1012 id
1037 991 1095 1018 est,
1111 992 1190 1014 vocat
1214 991 1240 1014 et
1265 988 1377 1015 attrahit
1399 988 1484 1023 ipsum
1499 989 1532 1016 ad
1547 991 1695 1018 veritatem.
1726 993 1785 1019 Non

994 1030 1067 1057 vides
1081 1031 1191 1058 Paulum
1201 1052 1209 1064 ,
1224 1032 1268 1066 qui
1283 1033 1535 1062 vehementissimus
1548 1037 1667 1063 omnium
1683 1043 1740 1064 erat
1757 1039 1784 1065 in

994 1075 1117 1104 bellando
1138 1081 1166 1104 ct
1188 1078 1522 1113 persequendo?attamen
1544 1082 1606 1116 quia
1623 1082 1785 1118 inculpatum

994 1122 1074 1149 vitam
1088 1122 1211 1156 ducebat,
1226 1128 1251 1150 et
1266 1132 1319 1151 non
1331 1132 1362 1152 ex
1375 1125 1438 1152 vitio
1450 1125 1567 1153 humano
1582 1126 1639 1154 hmc
1652 1127 1783 1162 faciebat,

994 1172 1021 1195 et
1042 1173 1167 1202 acceptus
1190 1169 1238 1196 fuit
1258 1174 1285 1196 et
1298 1177 1392 1198 omnes
1408 1171 1485 1206 longe
1509 1174 1655 1206 superavit.
1677 1174 1705 1202 Si
1725 1175 1785 1209 quis

994 1221 1058 1241 vero
1071 1213 1142 1241 dicat
1153 1235 1161 1247 ,
1177 1214 1317 1247 Quomodo
1329 1215 1374 1243 ille
1387 1216 1520 1251 quispiam
1534 1217 1644 1250 Grtecus
1654 1239 1661 1252 ,
1676 1220 1722 1254 qui
1736 1221 1784 1247 bo-

994 1266 1045 1286 nus
1067 1263 1125 1292 est,
1150 1259 1280 1294 benignus
1303 1265 1329 1287 et
1353 1260 1504 1294 humanus,
1520 1262 1546 1289 in
1561 1270 1654 1291 errore
1674 1267 1783 1292 manet!

993 1305 1056 1332 illud
1073 1305 1271 1340 responderim,
1288 1306 1358 1333 aliud
1371 1314 1433 1334 eum
1448 1307 1549 1335 habere
1564 1309 1672 1343 vitium,
1687 1318 1782 1338 vanam

992 1351 1104 1386 gloriam
1121 1356 1168 1379 aut
1179 1352 1262 1378 animi
1285 1352 1433 1387 ignaviam,
1448 1358 1493 1381 aut
1505 1354 1539 1382 de
1559 1355 1646 1383 salute
1666 1363 1713 1383 sua
1729 1364 1781 1384 non

991 1403 1104 1429 curare,
1127 1397 1174 1424 sed
1197 1401 1292 1432 putare
1305 1405 1349 1424 res
1373 1405 1436 1425 suas
1458 1406 1521 1426 casu
1542 1404 1569 1427 et
1591 1405 1693 1429 temere
1705 1402 1782 1429 ferri.

992 1443 1092 1471 Paulus
1113 1447 1201 1471 autem
1218 1451 1296 1475 eum,
1312 1445 1356 1479 qui
1370 1449 1497 1480 operatur
1509 1446 1641 1480 justitiam
1652 1468 1659 1479 ,
1680 1448 1707 1474 in
1723 1455 1782 1475 om-

992 1489 1071 1516 nibus
1086 1489 1248 1523 inculpatum
1261 1489 1342 1523 dicit,
1356 1489 1502 1517 Secundum
1521 1493 1649 1527 justitiam
1668 1501 1725 1528 qute
1745 1499 1781 1521 est

993 1543 1024 1562 ea;
1033 1537 1087 1571 lege
1102 1535 1236 1571 (Philipp.
1254 1536 1281 1563 5.
1297 1536 1344 1571 6);
1361 1541 1407 1569 et,
1422 1536 1523 1564 Gratias
1537 1546 1585 1573 ago
1598 1538 1662 1572 Deo,
1678 1540 1719 1566 cui
1732 1549 1784 1566 ser.

992 1581 1058 1608 vioa
1073 1581 1211 1616 majoribus
1231 1583 1258 1608 in
1281 1589 1346 1616 pura
1368 1582 1521 1609 conscientia
1546 1583 1591 1618 (2.
1611 1583 1680 1611 Tim.
1697 1585 1722 1612 l.
1737 1585 1782 1620 5).

992 1627 1134 1660 Quomodo
1157 1627 1237 1662 igitur
1248 1647 1255 1660 ,
1277 1628 1383 1663 inquies
1395 1649 1403 1661 ,
1418 1629 1514 1663 impuri
1530 1629 1718 1664 praedicatione
1739 1631 1781 1658 di-

992 1673 1065 1707 gnati
1080 1674 1161 1700 sunt?
1172 1674 1238 1708 Quia
1253 1673 1395 1701 voluerunt
1410 1680 1437 1702 et
1448 1675 1645 1703 desiderarunt.
1659 1677 1724 1704 Nam
1739 1686 1783 1705 er-

993 1724 1083 1746 rantes
1095 1719 1176 1746 etiam
1190 1719 1281 1752 trahit,
1296 1720 1318 1747 si
1333 1720 1426 1747 mundi
1439 1720 1494 1747 sint
1507 1729 1520 1746 a
1539 1722 1723 1756 paSsionibus;
1736 1730 1784 1750 eos

992 1769 1092 1798 autem,
1105 1765 1149 1800 qui
1161 1773 1208 1792 sua
1223 1769 1319 1800 sponte
1333 1767 1481 1800 accedunt,
1497 1774 1550 1794 non
1563 1768 1668 1802 repellit
1683 1777 1690 1795 :
1706 1770 1783 1796 multi

992 1818 1057 1838 vero
1069 1811 1150 1838 etiam
1164 1819 1179 1838 a
1193 1811 1340 1845 majoribus
1353 1812 1424 1846 piam
1438 1812 1596 1847 religionem
1610 1820 1780 1848 acceperunt.

993 1856 1056 1884 Cum
1068 1857 1134 1884 enim
1148 1857 1174 1883 in
1187 1857 1254 1884 vobis
1267 1859 1299 1884 sit
1319 1857 1388 1885 zelus
1401 1863 1424 1884 et
1437 1859 1572 1885 contentio.
1590 1859 1702 1887 Detnum
1716 1861 1782 1888 sub-

992 1903 1063 1930 ditos
1086 1903 1289 1938 impugnaturus
1312 1904 1425 1931 accedit.
1450 1904 1478 1931 ln
1505 1905 1688 1939 superioribus
1711 1907 1782 1934 enim

992 1950 1126 1985 principes
1148 1950 1246 1985 dejccit
1267 1950 1375 1983 dicens,
1398 1955 1537 1978 externam
1552 1951 1659 1979 dicendi
1679 1953 1785 1987 sapien-

994 1996 1057 2023 tiam
1077 1996 1176 2022 nullius
1197 2003 1258 2022 esse
1271 1995 1368 2030 pretii:
1385 1996 1428 2023 hic
1449 2000 1536 2023 autem
1551 1997 1673 2024 subditos
1688 1998 1783 2025 redar-

993 2043 1049 2077 guit
1059 2042 1150 2070 dicens
1163 2051 1169 2068 :
1183 2042 1209 2069 4,
1223 2041 1286 2068 Cum
1300 2042 1365 2068 enim
1376 2042 1430 2075 quis
1444 2042 1522 2075 dicat,
1542 2041 1598 2077 Ego
1613 2043 1713 2077 quidem
1728 2052 1784 2070 sum

994 2087 1083 2120 Pauli,
1095 2096 1140 2123 ego
1155 2092 1238 2114 autem
1259 2087 1362 2122 Apollo,
1379 2095 1462 2114 nonne
1474 2087 1589 2115 carnales
1604 2089 1682 2116 estis?
1697 2093 1723 2116 et
1737 2097 1784 2116 os-

995 2134 1080 2162 tendit
1092 2134 1143 2161 hoc
1157 2141 1210 2160 non
1225 2133 1304 2160 modo
1319 2133 1385 2160 nihil
1398 2133 1450 2160 illis
1463 2133 1604 2168 profuisse,
1621 2141 1708 2168 neque
1719 2134 1785 2161 clle-

994 2181 1064 2207 eisse
1077 2184 1106 2206 ut
1118 2179 1217 2213 aliquid
1231 2179 1401 2213 acciperent,
1418 2179 1464 2206 sed
1479 2179 1610 2214 majorum
1626 2187 1714 2207 rerum
1730 2181 1783 2207 uti-

995 2227 1094 2253 litatem
1109 2225 1289 2260 impedivisse.
1305 2225 1362 2252 lloc
1374 2225 1444 2252 enim
1465 2225 1552 2252 zelum
1569 2225 1690 2260 peperit:
1712 2226 1785 2253 zelus

994 2276 1082 2298 autem
1106 2270 1227 2298 carnales
1251 2270 1311 2297 illos
1325 2269 1432 2297 effecit:
1457 2270 1527 2305 quod
1552 2275 1641 2298 autem
1664 2271 1786 2298 carnales

995 2317 1082 2344 effecti
1104 2316 1173 2349 sint,
1190 2315 1216 2343 id
1230 2323 1282 2343 non
1297 2316 1360 2342 sivit
1378 2316 1535 2343 sublimiora
1556 2316 1660 2345 audire.
1678 2318 1704 2344 5.
1722 2317 1786 2349 Quis

994 2364 1071 2398 igitur
1084 2367 1119 2390 est
1132 2363 1230 2390 Paulus
1240 2383 1248 2396 ,
1269 2363 1325 2397 quis
1339 2363 1452 2397 Apat’lo?
1464 2362 1530 2390 Nam
1546 2367 1605 2398 post
1618 2371 1707 2390 rerum
1721 2372 1787 2399 pro--

997 2409 1131 2436 bationem
1145 2412 1172 2435 et
1185 2408 1441 2435 demonstrationem
1455 2409 1574 2442 apertius
1585 2409 1681 2436 deinde
1695 2417 1786 2444 repre-

997 2455 1126 2482 hensione
1147 2461 1212 2481 usus
1226 2458 1285 2486 est;
1300 2458 1327 2481 et
1350 2461 1426 2480 suum
1439 2453 1515 2481 affert
1537 2462 1634 2481 nomen
1646 2475 1653 2486 ,
1677 2463 1786 2482 omnem

997 2500 1094 2527 tollens
1108 2500 1293 2534 asperitatem,
1307 2507 1361 2526 non
1376 2499 1533 2534 permittens
1547 2505 1577 2526 ut
1590 2500 1624 2527 de
1637 2500 1716 2528 dictis
1732 2501 1786 2527 ira-

997 2551 1148 2576 scerentur.
1165 2546 1194 2573 Si
1208 2546 1279 2573 enim
1293 2546 1392 2572 Paulus
1410 2545 1476 2572 nihil
1489 2550 1529 2572 est
1544 2549 1572 2573 et
1591 2554 1644 2573 non
1660 2547 1785 2582 indigna-

997 2595 1040 2618 tur
1051 2612 1058 2624 ,
1073 2591 1157 2618 multo
1171 2591 1259 2618 minus
1272 2590 1332 2618 illos
1343 2598 1414 2625 aegre
1428 2591 1499 2619 ferre
1513 2592 1663 2626 oportebat.
1680 2593 1787 2627 Duplici

998 2645 1062 2672 ergo
1083 2637 1187 2664 ratione
1210 2637 1271 2664 illos
1294 2637 1448 2664 consolatur
1459 2657 1466 2669 ,
1478 2642 1506 2664 et
1518 2638 1588 2672 quod
1604 2639 1724 2673 seipsutn
1738 2647 1787 2674 νου

998 2683 1092 2715 suerit,
1104 2688 1131 2710 et
1144 2683 1213 2718 quod
1228 2691 1280 2710 non
1293 2683 1365 2710 sinat
1377 2691 1426 2711 eos
1435 2684 1560 2710 omnibus
1575 2685 1682 2718 privari,
1695 2689 1788 2719 utpote

999 2729 1044 2763 qui
1063 2729 1128 2756 nihil
1147 2728 1324 2761 contulerint;
1346 2729 1393 2756 sed
1414 2729 1514 2764 aliquid
1527 2729 1572 2756 dat
1585 2730 1638 2757 illis
1651 2730 1784 2756 modicum

1030 2805 1298 2837 lnunoCodJegitur...
1312 2806 1448 2832 Fornireris
1463 2815 1469 2832 :
1481 2814 1525 2832 non
1536 2805 1604 2832 enim
1616 2806 1723 2831 atatibus
1732 2806 1791 2831 ubs—

1000 2839 1075 2865 tinerc
1089 2837 1176 2869 stt/litis
1196 2838 1229 2862 ad
1252 2838 1432 2870 intelligentiwn
1444 2842 1635 2870 consequendum
1645 2844 1654 2863 .'
1665 2837 1707 2862 sed
1720 2843 1792 2868 opor-

1001 2874 1065 2896 tet...
