2041 3111
266 128 295 155 71
629 125 657 154 S.
677 124 814 153 JOANNIS
832 123 1066 152 CIIRYSOSTOMI
1086 124 1244 153 ARCIIIEP.
1264 125 1530 155 CONSTANTINUP.
1871 131 1887 158 7

265 193 354 220 certe,
366 187 411 214 dut
425 190 524 214 tamen.
539 185 606 213 Cum
619 185 731 213 dixisset
743 185 814 212 enim
827 193 834 212 :
849 184 912 218 Quis
932 189 968 212 est
983 184 1056 211 Pau-

266 233 323 264 lus.
345 233 401 268 quis
416 231 527 268 Apollo?
544 231 697 266 subiunxit,
716 229 775 257 Nisi
797 230 908 257 ministri
931 239 976 265 per
995 239 1058 266 quos

265 278 427 305 credidistis?
449 278 504 305 lloc
518 284 583 305 vero
598 285 646 312 per
661 283 690 303 sc
711 282 836 311 magnum
861 279 902 303 est
925 280 952 303 et
974 276 1056 303 multa

266 324 392 351 mercede
405 323 532 359 dignum;
557 322 580 349 si
603 321 748 356 aspicietur
772 325 863 348 autem
883 321 916 348 ad
931 321 1056 357 archety-

266 378 328 406 pum
351 375 379 398 et
401 370 517 398 radicem
540 369 670 396 bonorum
683 387 691 400 ,
707 367 775 394 nihil
790 371 840 395 est.
855 367 913 395 Non
927 367 998 396 enim
1011 368 1056 404 qui

265 418 342 445 houis
356 417 507 449 ministrat,
524 415 570 442 sed
582 414 627 449 qui
643 421 674 441 ea
691 414 791 448 pratbct
805 418 833 442 ct
845 414 944 447 donat,
960 414 1003 442 hic
1014 419 1056 444 est

264 464 310 498 qui
331 463 462 490 benelicio
486 460 577 488 aflieit.
594 459 649 487 Nec
669 459 755 493 dixit,
778 459 972 495 Evangelislte,
988 461 1054 494 sed,

264 509 385 540 Mittistri,
396 508 467 542 quod
480 506 564 540 majus
574 509 626 533 est.
642 504 734 540 Neque
750 505 822 533 enim
835 506 922 533 solum
935 513 1054 541 evange-

263 556 389 586 lizarunt,
403 553 451 581 sed
470 553 550 581 etiam
565 552 642 580 nobis
665 552 871 580 ministravere:
896 552 960 579 illud
981 553 1053 580 enim

262 601 288 628 in
300 600 382 627 verbo
393 603 494 626 tantum
505 598 586 625 silum
598 601 650 629 est,
664 596 715 624 hoc
730 598 756 624 in
770 604 861 632 opere.
873 596 1051 631 Quamobrem

261 647 310 674 etsi
324 645 448 673 Christus
467 644 590 672 minister
611 643 697 671 solum
721 647 762 670 est
783 643 915 670 bonorum
927 663 934 675 ,
950 648 978 671 et
997 650 1051 671 non

261 693 317 727 ipse
330 692 404 720 radix
416 697 444 719 et
457 691 516 719 fons
529 696 663 726 tamquam
675 689 760 717 Filius
769 710 776 723 ,
789 689 850 717 vide
863 697 978 725 quonam
992 691 1052 718 haec

259 747 302 768 res
315 739 473 767 deducatur.

294 786 320 813 5.
341 784 480 819 Quomodo
495 784 575 819 igitur
585 803 592 816 ,
610 782 731 818 inquies,
745 781 809 809 dicit
823 790 883 810 eum
898 781 1048 810 ministrum

257 833 340 860 fuisse
362 830 593 860 circumcisionis?
623 829 661 856 De
681 828 880 864 dispensatione
902 828 1047 856 secundum

257 886 366 907 carnem
381 878 417 905 ibi
431 877 545 912 loquitur
555 897 563 909 ,
578 880 605 904 et
618 883 670 902 non
686 883 719 902 eo
733 874 813 902 modo
826 882 879 910 quo
895 881 965 902 nunc
977 874 1047 902 dixi-

257 933 315 952 mus
329 933 335 952 :
350 932 410 952 nam
425 923 479 951 illic
491 922 642 950 ministrum
657 921 722 949 dicit
736 921 808 949 illum
823 921 871 956 qui
880 921 1045 956 adimplevit,

255 979 307 998 non
321 978 383 998 cum
399 969 443 1004 qui
458 976 491 996 ex
507 976 537 996 se
552 968 620 995 bona
636 967 759 1003 praebuit.
772 966 828 994 Nec
839 966 921 999 dixit,
936 967 985 1000 Qui
1000 974 1046 994 vos

253 1017 387 1044 adducunt
398 1015 431 1043 ad
447 1014 525 1042 [idem
539 1035 547 1047 ,
560 1013 608 1041 sed
619 1034 626 1046 ,
644 1012 696 1040 Per
706 1021 768 1047 quos
781 1013 940 1045 credidistis;
954 1019 1046 1041 rursus

253 1065 305 1091 illis
324 1064 384 1098 plus
406 1061 526 1089 tribuens
538 1081 545 1094 ,
561 1065 589 1087 et
609 1059 671 1087 hinc
693 1059 830 1087 ministros
848 1059 993 1086 declarans.
1016 1059 1045 1088 Si

251 1117 315 1144 ergo
328 1108 405 1136 alteri
418 1107 612 1139 ministrabant,
625 1105 759 1141 quomodo
770 1104 796 1132 bi
808 1104 939 1139 arripiunt
949 1109 1044 1132 aucto-

250 1154 376 1182 ritatem?
389 1153 428 1180 Tu
439 1160 502 1180 vero
515 1151 579 1179 mihi
590 1150 755 1184 consideres,
767 1149 902 1185 quomodo
914 1157 1042 1185 nusquam

249 1208 296 1227 eos
311 1204 427 1232 accuset,
441 1198 517 1234 quasi
533 1197 656 1232 rapiant,
672 1195 720 1224 sed
736 1200 764 1223 ut
776 1195 820 1230 qui
833 1196 969 1231 praebeant
983 1205 989 1222 :
1005 1195 1043 1223 la-

249 1254 312 1282 psus
331 1247 401 1274 enim
421 1252 502 1273 causa
523 1244 551 1272 in
569 1243 647 1279 plebe
663 1247 720 1270 erat
734 1251 740 1270 :
757 1250 818 1270 nam
832 1242 855 1270 si
870 1242 908 1269 illi
923 1242 1041 1270 abstitis-

248 1298 318 1324 seut,
330 1293 358 1320 hi
371 1292 544 1320 destitissent.
559 1291 615 1318 Duo
628 1290 707 1325 igitur
719 1289 853 1324 sapienter
863 1288 1039 1322 conﬁrmavit,

248 1338 319 1366 unde
328 1337 467 1373 oportebat
478 1340 616 1372 peceatum
629 1335 723 1363 tollere
735 1335 773 1363 ibi
783 1335 939 1369 sullodiens,
951 1335 1042 1363 adver-

247 1392 294 1412 sus
307 1384 367 1411 iilos
379 1383 442 1410 odio
453 1390 505 1409 non
517 1382 676 1414 concitatus,
688 1388 774 1415 neque
785 1381 844 1408 illos
855 1380 970 1408 reddens
980 1388 1040 1408 con-

247 1430 427 1458 tentiosiores.
447 1429 480 1456 Et
494 1427 629 1463 unicuique
644 1426 709 1454 sicut
723 1426 837 1454 Christus
849 1427 928 1454 dedit.
947 1427 1040 1462 Neque

246 1477 317 1504 enim
333 1475 384 1503 hoc
398 1476 483 1510 ipsum
499 1474 633 1501 modicum
650 1481 666 1500 a
684 1472 779 1508 scipsis
794 1472 944 1506 habebant,
961 1473 1008 1501 sed
1023 1481 1037 1501 a

245 1523 300 1550 Deo
321 1521 367 1558 qui
388 1521 542 1549 tradiderat.
564 1520 603 1548 Nc
621 1520 693 1548 enim
713 1519 833 1547 dicerent
848 1529 854 1547 :
868 1520 936 1554 Quid
954 1520 1038 1556 ergo?

244 1570 278 1596 iis
297 1568 343 1604 qui
362 1567 438 1595 nobis
459 1567 630 1599 ministrant,
647 1573 700 1594 non
720 1570 841 1593 amanter
855 1566 1037 1594 hmrebimus?

245 1617 330 1644 Etiam
343 1636 351 1649 ,
367 1614 474 1650 inquit,
492 1614 538 1642 sed
561 1614 630 1642 scire
651 1617 757 1648 oportet
778 1620 915 1648 quousque
930 1623 936 1640 :
951 1621 1037 1648 neque

243 1663 315 1691 enim
341 1661 392 1689 hoc
414 1661 500 1696 ipsum
514 1668 568 1688 asc
581 1659 690 1693 habent,
709 1659 756 1687 scd
775 1667 791 1686 a
812 1659 868 1687 Deo
886 1660 930 1695 qui
951 1660 1034 1688 dedit.

243 1709 268 1736 6.
284 1708 340 1744 Ego
354 1707 464 1742 plantan
477 1726 484 1739 ,
499 1706 589 1742 Apollo
600 1706 707 1741 rigavit;
721 1705 790 1732 Deus
801 1710 886 1732 autem
897 1706 1035 1734 incremen-

243 1759 295 1781 tum
319 1754 400 1781 dedit.
416 1753 444 1780 ω
465 1756 524 1785 est,
541 1753 641 1787 primus
656 1751 766 1779 verbum
787 1751 885 1779 inserui
901 1761 907 1778 :
923 1759 956 1780 ne
971 1760 1035 1781 vero

242 1801 344 1828 semina
358 1799 547 1828 tentationibus
559 1798 767 1832 exsiccareutur,
778 1806 825 1826 sua
840 1798 941 1826 addidit
954 1799 1034 1834 Apol-

241 1847 267 1873 lu
278 1855 285 1879 ;
298 1850 382 1874 totum
398 1850 486 1873 autem
503 1844 549 1872 Dei
567 1844 626 1872 fuit.
643 1844 669 1871 7.
684 1844 774 1879 Itaque
788 1852 866 1880 neque
879 1845 921 1880 qui
936 1845 1034 1880 plantat

241 1898 278 1919 est
297 1892 408 1927 aliquid,
428 1899 506 1926 neque
518 1891 561 1925 qui
575 1891 641 1926 rigat
652 1911 659 1923 ,
674 1890 718 1917 sed
731 1890 774 1925 qui
792 1890 836 1917 dat
854 1891 1032 1918 incrementum

240 1938 320 1966 Deus.
337 1937 430 1965 V'idcu'
443 1936 576 1972 quomodo
593 1936 652 1963 illos
666 1936 820 1964 consoletur
831 1957 838 1969 ,
858 1941 887 1964 ut
901 1944 934 1965 ne
953 1945 1032 1972 aspe-

240 1986 327 2013 riores
343 1984 406 2011 [iant
420 1991 452 2011 ex
466 1991 499 2011 eo
513 1982 584 2019 quod
597 1983 747 2017 audierint,
763 1983 829 2016 Quis
843 1988 883 2011 est
898 1983 958 2017 iste,
973 1985 1032 2020 quis

240 2037 279 2060 est
292 2032 356 2059 ille?
368 2031 436 2059 Sunt
447 2029 518 2058 enim
530 2034 641 2065 utraque
654 2037 779 2062 onerosa,
790 2030 898 2065 etquod
909 2030 1030 2064 dixisset,

239 2079 304 2111 Quis
317 2082 359 2105 est
377 2077 428 2104 iste
438 2097 446 2110 ,
463 2075 522 2111 quis
535 2079 576 2103 est
593 2075 658 2102 ille?
670 2079 697 2103 et
711 2075 781 2110 quod
795 2075 925 2108 dixisset,
940 2076 1031 2111 Neque

239 2124 283 2159 qui
303 2124 423 2158 plantat,
444 2129 532 2157 neque
551 2121 596 2156 qui
616 2122 683 2156 rigat
702 2125 745 2149 est
763 2121 871 2157 aliquid.
891 2122 1031 2155 Quomodo

239 2177 302 2204 ergo
317 2169 387 2196 circa
408 2168 465 2194 inec
479 2166 690 2194 consolationem
706 2167 811 2194 attulit?
832 2167 908 2200 Quod
924 2168 949 2194 in
969 2175 1030 2202 pro-

238 2215 322 2249 priam
339 2221 479 2249 personam
495 2213 650 2248 despectum
665 2212 779 2240 adducat
790 2221 850 2241 cum
865 2213 928 2241 dicit
944 2225 951 2242 :
967 2214 1030 2247 Quis

238 2260 310 2286 enim
324 2264 360 2286 est
374 2257 473 2285 Paulus
485 2278 493 2291 ,
508 2258 566 2293 quis
578 2257 669 2292 Apollo
680 2258 696 2285 .9‘
705 2262 732 2285 et
746 2258 817 2293 quod
830 2258 903 2286 danti
919 2259 974 2286 Deo
987 2263 1015 2286 to

238 2311 293 2332 tum
309 2305 416 2333 referat.
430 2304 498 2331 Cum
512 2304 582 2332 enim
595 2304 714 2337 dixisset,
732 2304 780 2332 llic
793 2305 930 2340 plantavit,
942 2310 969 2332 et
980 2305 1028 2332 ad-

237 2352 351 2379 didisset
364 2349 428 2378 nihil
442 2357 501 2378 esse
514 2357 574 2378 eum
588 2350 633 2385 qui
647 2351 747 2385 plantat
757 2371 765 2383 ,
780 2351 891 2384 addidit,
908 2352 965 2384 sed,
980 2351 1030 2385 Qui

237 2399 417 2425 incrementum
436 2396 480 2423 dat
499 2395 578 2423 Deus.
591 2396 682 2432 Neque
704 2397 747 2425 hic
760 2398 897 2430 constitit,
915 2397 961 2424 sed
976 2397 1030 2424 alio

237 2450 331 2470 rursus
349 2442 527 2470 additamento
540 2442 564 2469 ei
580 2443 701 2470 medetur
714 2442 806 2470 dicens
820 2451 827 2469 :
841 2442 867 2470 8.
884 2442 934 2476 Qui
945 2446 1030 2470 autem

238 2489 337 2522 plantat
357 2492 381 2514 et
399 2487 442 2522 qui
460 2487 526 2523 riyat
546 2496 624 2515 unum
643 2493 710 2515 sunt.
732 2488 783 2515 Per
803 2488 852 2515 hoc
871 2487 942 2515 enim
958 2488 1030 2516 aliud

238 2542 346 2569 quoque
366 2533 490 2568 molitur,
516 2538 593 2562 utne
607 2535 675 2562 alter
696 2534 721 2561 in
742 2535 854 2562 alterum
874 2535 1027 2563 eﬂ'erantur.

240 2579 327 2607 Unum
349 2583 437 2606 autem
458 2579 517 2607 illos
532 2587 591 2607 esse
605 2580 686 2612 dicit,
701 2587 733 2606 eo
752 2579 822 2614 quod
841 2579 906 2607 nihil
928 2581 1031 2615 possint

239 2625 299 2653 sine
320 2625 375 2652 Deo
389 2625 582 2653 incrementum
597 2625 687 2652 dante.
701 2624 758 2652 Hoc
775 2632 836 2652 cum
851 2625 962 2653 dixisset
974 2646 981 2657 ,
996 2634 1030 2654 ne

240 2677 289 2698 eos
301 2670 407 2705 quidem
421 2670 465 2706 qui
482 2671 594 2697 multum
609 2670 793 2697 laboraverant
809 2670 928 2705 permisit
939 2670 1030 2698 eﬁ'erri

239 2716 269 2743 in
279 2723 326 2743 eos
336 2716 380 2751 qui
392 2716 495 2743 minora
508 2715 669 2748 intulissent,
680 2723 767 2750 neque
778 2715 844 2743 alios
855 2716 886 2743 iis
897 2715 1028 2744 invidere.

240 2762 352 2796 Deinde,
368 2764 429 2798 quia
445 2762 496 2790 hoc
509 2762 645 2797 segniores
660 2762 720 2790 illos
735 2762 876 2796 reddebat,
890 2763 960 2798 quod
973 2770 1030 2790 om-

240 2815 289 2835 nes
302 2816 383 2836 unum
397 2815 457 2836 esse
471 2812 635 2842 putarentur,
652 2814 705 2836 tam
718 2809 735 2836 ii
748 2809 792 2844 qui
807 2810 936 2844 multum,
950 2817 1030 2845 quam

240 2853 259 2880 ii
273 2854 316 2890 qui
331 2854 416 2882 minus
433 2853 636 2889 laboraverant,
653 2855 711 2884 vide
723 2854 857 2892 quomodo
871 2855 922 2884 hoc
936 2862 1029 2883 corrc-

1112 186 1181 213 xerit
1194 186 1287 215 dicens
1303 198 1309 216 :
1325 187 1501 224 Unusquisque
1521 194 1604 216 autem
1619 191 1749 225 propriam
1765 191 1902 218 mercednn

1110 231 1215 266 accipiet
1238 233 1374 260 secundant
1396 242 1469 261 suum
1491 235 1610 262 laborem.
1631 236 1670 264 Ac
1687 237 1709 263 si
1725 236 1825 264 diceret
1841 246 1847 264 :
1864 237 1902 265 Ne

1110 277 1205 305 timeas
1224 279 1294 314 quod
1313 279 1425 307 dixerim
1445 288 1526 308 unum
1545 288 1622 315 esse;
1644 289 1704 309 nam
1725 283 1747 310 si
1767 283 1812 310 Det
1827 284 1901 318 operi

1109 322 1299 357 conferantur,
1314 333 1396 352 unum
1420 330 1498 359 sunt;
1520 327 1666 354 secundum
1686 327 1792 356 labores
1810 333 1900 356 autem

1109 375 1161 396 non
1174 374 1236 396 sunt
1246 378 1338 403 unum,
1350 370 1396 398 sed
1410 372 1591 408 unusquisque
1603 374 1736 408 propriam
1747 375 1899 404 mercedem

1107 417 1230 450 accipiet.
1256 416 1359 445 Deinde
1383 417 1434 446 hoc
1454 419 1534 446 etiam
1556 420 1640 456 magis
1660 420 1778 457 mitigat.
1795 429 1857 449 cum
1873 422 1899 449 id

1107 461 1239 489 em‘cisset
1253 463 1322 498 quod
1338 463 1462 492 volebat:
1478 465 1503 492 in
1524 465 1620 499 quibus
1635 470 1721 501 potest
1734 467 1900 501 gratificatur

1106 514 1166 534 cum
1186 507 1355 536 liberalitate.
1371 509 1398 537 9.
1415 509 1464 537 Dei
1482 510 1550 537 enim
1571 511 1699 543 adiulores
1720 520 1806 539 sumus
1825 521 1834 539 :
1851 512 1897 540 Dei

1105 553 1259 588 agricultura
1272 555 1331 582 estis
1343 576 1350 588 ,
1366 555 1413 582 Dei
1425 555 1560 590 tedi/icatio
1573 557 1641 584 estis.
1656 556 1748 585 Viden‘
1762 558 1899 593 quomodo

1105 598 1169 633 ipsis
1188 607 1256 634 opus
1274 600 1379 628 dederit
1393 609 1444 629 non
1461 609 1581 636 parvum,
1595 609 1655 630 cum
1670 603 1742 638 prius
1757 604 1897 639 probasset

1104 649 1188 672 totum
1203 653 1235 673 ex
1252 647 1305 674 Deo
1320 647 1398 675 esse?
1411 648 1476 682 Quia
1491 649 1561 676 enim
1575 657 1682 684 semper
1695 655 1786 678 monet
1798 659 1896 686 parcu-

1103 689 1165 718 dum
1188 699 1248 720 esse
1271 693 1439 728 praepositis,
1455 693 1517 721 ideo
1535 694 1660 723 doctores
1680 704 1732 723 non
1751 696 1894 725 admodum

1102 737 1236 773 deprimit.
1251 738 1296 765 Dei
1306 740 1462 775 agricultura
1472 741 1542 768 estis.
1556 741 1621 776 Quia
1634 743 1704 770 enim
1718 743 1796 777 dixit,
1810 743 1893 772 Plan-

1102 783 1162 818 tuvi,
1178 789 1277 819 perstat
1292 786 1319 812 in
1333 786 1497 821 metaphora.
1514 787 1542 814 Si
1557 792 1646 815 autem
1660 788 1706 816 Dei
1720 790 1892 824 agricultura,

1101 837 1154 856 non
1170 835 1199 858 ut
1217 830 1251 858 ab
1266 831 1297 858 iis
1311 831 1356 866 qui
1371 839 1419 860 vos
1431 833 1542 866 colunt,
1559 833 1606 860 scd
1620 838 1676 861 uta
1692 834 1747 862 Deo
1760 836 1892 864 vocemini

1100 883 1204 911 mquam
1218 882 1268 904 est.
1282 877 1339 905 Non
1352 879 1423 906 enim
1437 886 1500 914 ager
1514 883 1624 907 vocatur
1635 881 1770 916 agricolae,
1784 882 1830 909 sed
1846 890 1892 916 pa~

1100 921 1273 950 trisfamilias.
1294 923 1343 951 Dei
1361 924 1496 959 wdiﬁcatio
1516 926 1584 953 estis.
1608 926 1709 954 Rursus
1729 927 1889 961 tedilieatio,

1099 974 1151 994 non
1164 969 1284 1002 artiﬁcis,
1295 969 1340 997 scd
1349 970 1449 998 domini
1461 976 1512 998 est.
1523 971 1550 999 Si
1562 976 1650 1000 autem
1661 973 1802 1001 aediﬁcatio
1813 975 1888 1009 estis,

1098 1022 1150 1041 non
1172 1020 1279 1049 oportet
1298 1024 1357 1044 esse
1378 1017 1478 1045 divisos
1493 1027 1499 1045 :
1512 1018 1579 1045 alias
1601 1019 1651 1046 hoc
1674 1020 1816 1048 :edilicatio
1835 1030 1888 1050 non

1097 1060 1184 1088 fuerit.
1201 1060 1229 1088 Si
1251 1062 1409 1096 agricultura
1424 1064 1488 1091 estis
1500 1083 1509 1097 ,
1525 1071 1578 1091 non
1597 1070 1703 1100 oportet
1721 1066 1825 1100 dividi,
1841 1068 1888 1095 sed

1097 1113 1149 1133 una
1166 1107 1316 1135 concordia:
1337 1116 1401 1143 sepe
1423 1109 1531 1136 muniri.
1547 1110 1590 1138 l0.
1608 1110 1755 1138 Secundum
1778 1114 1888 1146 gratiam

1096 1149 1144 1178 Dei
1155 1172 1164 1185 ,
1180 1160 1236 1187 qua:
1248 1153 1309 1179 data
1323 1158 1358 1180 est
1376 1153 1438 1181 mihi
1449 1174 1457 1187 ,
1472 1159 1500 1181 ut
1513 1156 1614 1190 sapiens
1629 1156 1777 1184 architectus
1790 1159 1887 1193 funda-

1095 1201 1206 1225 mentum
1225 1199 1307 1233 posui.
1323 1199 1372 1226 llic
1385 1207 1415 1227 se
1434 1200 1580 1235 sapientem
1595 1203 1698 1229 Vocavit
1710 1223 1717 1236 ,
1731 1210 1783 1231 non
1797 1211 1827 1231 se
1839 1211 1887 1232 ex—

1095 1243 1202 1277 tollens,
1213 1244 1260 1272 sed
1271 1251 1300 1272 se
1311 1249 1402 1280 typum
1413 1246 1480 1273 dans
1492 1246 1554 1276 illis,
1566 1252 1593 1275 et
1603 1247 1747 1276 ostendens
1757 1249 1886 1284 sapientis

1093 1296 1153 1316 esse
1166 1297 1246 1317 unum
1260 1298 1360 1326 ponere
1373 1291 1583 1320 fundamentum.
1599 1293 1665 1321 Vide
1678 1301 1792 1329 namque
1804 1303 1884 1330 quam

1092 1336 1229 1364 moderate
1244 1343 1273 1365 se
1286 1342 1370 1372 gerat.
1385 1338 1451 1365 Cum
1464 1338 1536 1366 enim
1549 1346 1579 1367 se
1591 1340 1738 1375 sapientem
1754 1341 1861 1370 dixisset
1873 1363 1881 1376 ,

1092 1387 1146 1408 non
1156 1381 1218 1409 sivit
1229 1381 1281 1409 hoc
1292 1390 1351 1410 esse
1363 1390 1450 1415 suum,
1462 1383 1510 1411 sed
1525 1392 1584 1412 cum
1598 1393 1628 1412 se
1642 1386 1715 1420 prius
1729 1390 1812 1414 totum
1826 1387 1883 1415 Deo

1091 1426 1267 1461 attribuisset,
1283 1433 1346 1456 tunc
1360 1437 1390 1458 se
1404 1430 1440 1457 ita
1455 1431 1559 1458 vocavit
1573 1440 1580 1458 ε
1595 1439 1657 1459 nam
1671 1431 1816 1460 Secundum
1827 1443 1883 1469 gru-

1091 1473 1153 1499 tiam
1175 1473 1240 1506 Dei,
1262 1483 1318 1509 qua
1341 1475 1401 1502 data
1421 1480 1457 1503 est
1480 1476 1560 1510 mihi,
1583 1476 1680 1512 inquit.
1702 1478 1785 1506 Simul
1809 1481 1881 1508 enim

1090 1519 1206 1547 ostendit
1221 1524 1303 1547 totum
1322 1528 1382 1549 esse
1404 1522 1449 1550 Dei
1464 1527 1492 1550 et
1511 1522 1581 1558 quod
1600 1523 1652 1551 hoc
1666 1525 1782 1553 maxime
1796 1527 1880 1562 gratia

1089 1564 1138 1597 sit,
1153 1572 1206 1592 non
1219 1565 1316 1599 dividi,
1332 1566 1379 1594 sed
1394 1567 1420 1594 in
1435 1575 1488 1595 uno
1504 1568 1594 1602 jacere
1609 1568 1792 1598 fundamento.
1806 1571 1880 1599 Alius

1089 1612 1275 1646 superadiﬁcat
1289 1621 1299 1640 :
1311 1612 1393 1640 videat
1413 1619 1497 1641 autent
1516 1615 1684 1651 unusquisque
1695 1618 1821 1650 quomodo
1833 1627 1879 1645 stt-

1088 1657 1249 1693 penediﬁcet.
1266 1658 1314 1686 llic
1327 1660 1391 1687 mihi
1406 1660 1510 1688 videtur
1523 1661 1582 1688 illos
1595 1662 1731 1693 inducere.
1748 1669 1775 1691 ut
1789 1669 1878 1692 certa-

1088 1710 1148 1730 men
1164 1704 1254 1731 ineant
1267 1704 1301 1732 de
1315 1705 1366 1732 vita
1381 1705 1552 1740 instituenda,
1566 1707 1628 1742 quia
1642 1708 1702 1735 illos
1717 1709 1800 1737 semel
1814 1717 1879 1737 con-

1084 1748 1173 1783 junxit
1193 1755 1221 1778 et
1241 1758 1322 1777 unum
1343 1751 1414 1778 fecit.
1432 1752 1475 1779 ll.
1492 1751 1697 1781 Fundamentum
1718 1755 1784 1781 enim
1805 1756 1880 1783 aliud

1086 1803 1157 1822 nemo
1173 1800 1253 1831 potest
1271 1804 1364 1832 ponere
1382 1801 1473 1832 prater
1487 1798 1514 1824 id
1528 1799 1595 1832 quod
1608 1799 1717 1833 positum
1736 1805 1790 1832 est,
1809 1802 1879 1835 quod

1085 1845 1120 1868 est
1133 1842 1210 1869 Iesus
1224 1841 1350 1869 Christus.
1369 1842 1428 1870 Non
1449 1847 1535 1877 potest
1552 1848 1641 1871 autem
1656 1845 1781 1880 quamdiu
1795 1846 1880 1875 fuerit

1084 1886 1246 1915 architectus
1260 1896 1268 1915 :
1281 1887 1303 1916 si
1325 1892 1412 1915 autem
1432 1889 1547 1923 positum
1569 1889 1668 1923 fuerit,
1686 1891 1741 1925 jam
1761 1899 1814 1919 non
1835 1898 1877 1920 est

1084 1931 1254 1960 architectus.

1119 1978 1146 2005 4.
1166 1978 1232 2006 Vide
1243 1979 1376 2014 quomodo
1387 1987 1402 2006 a
1414 1981 1599 2008 communibus
1612 1982 1764 2010 nationibus
1778 1991 1878 2019 propo-

1083 2025 1163 2052 situm
1175 2028 1258 2052 totum
1270 2026 1373 2060 probet.
1384 2026 1459 2060 Quod
1470 2032 1560 2055 autem
1570 2027 1644 2061 dicit,
1655 2028 1807 2064 huiusmodi
1818 2036 1874 2058 est:

1083 2071 1244 2099 Annuntiavi
1263 2071 1398 2100 Christum
1411 2093 1419 2105 ,
1442 2073 1536 2100 tradidi
1556 2074 1631 2101 vobis
1648 2074 1850 2103 fundamentum
1866 2085 1874 2103 ς

1083 2118 1170 2146 videte
1189 2118 1322 2153 quomodo
1341 2119 1575 2154 supersedilicetis,
1591 2127 1624 2147 an
1640 2120 1673 2148 ad
1692 2121 1798 2150 inanem
1817 2123 1876 2157 glo-

1082 2164 1148 2191 riam
1158 2184 1166 2197 ,
1181 2171 1214 2191 an
1228 2164 1261 2191 ad
1275 2163 1397 2192 homines
1410 2164 1556 2200 discipulos
1568 2165 1764 2194 abstrahentes.
1779 2167 1818 2195 Ne
1830 2172 1873 2194 at-

1083 2210 1222 2238 tendamus
1236 2217 1300 2246 ergo
1314 2210 1459 2238 hteresibus
1473 2220 1479 2238 :
1493 2211 1694 2239 fundamentum
1709 2213 1781 2240 enim
1800 2213 1874 2240 aliud

1082 2263 1161 2284 nemo
1174 2261 1261 2291 potest
1276 2264 1376 2292 ponere
1391 2260 1488 2291 praeter
1503 2257 1529 2284 id
1542 2257 1611 2292 quod
1627 2256 1747 2292 positum.
1756 2262 1807 2285 est.
1823 2258 1875 2286 Su-

1081 2310 1130 2338 per
1140 2303 1226 2338 ipsum
1239 2311 1303 2339 ergo
1318 2303 1489 2337 tediiicemus,
1503 2308 1530 2331 et
1543 2308 1571 2331 ut
1583 2303 1756 2332 fundamento
1769 2304 1874 2332 interca-

1081 2357 1142 2377 mus
1153 2370 1161 2383 ,
1177 2354 1206 2376 ut
1221 2350 1323 2384 palmes
1339 2350 1406 2385 viti,
1424 2354 1451 2378 et
1469 2351 1534 2377 nihil
1552 2351 1586 2377 sit
1601 2351 1787 2378 intermedium
1804 2351 1875 2379 inter

1081 2399 1130 2420 nos
1149 2397 1176 2420 et
1197 2391 1332 2420 Christum
1348 2400 1356 2421 :
1371 2399 1432 2419 nam
1453 2392 1475 2420 si
1495 2392 1594 2427 aliquid
1614 2391 1801 2420 intermedium
1816 2393 1873 2427 sit,

1082 2440 1169 2467 statim
1192 2440 1318 2475 perimus.
1342 2439 1447 2467 Palmcs
1466 2439 1537 2466 enim
1559 2447 1592 2467 ex
1611 2446 1644 2467 eo
1660 2439 1731 2475 quod
1750 2439 1850 2466 lia-real
1863 2460 1873 2474 ,

1083 2487 1162 2514 trahit
1177 2494 1302 2519 succum;
1323 2490 1349 2513 et
1363 2486 1503 2513 tedillcium
1515 2506 1524 2519 ,
1540 2486 1610 2521 quod
1630 2487 1665 2513 sit
1683 2491 1850 2520 compactum
1864 2506 1872 2518 ,

1082 2537 1134 2560 stat
1148 2542 1155 2560 :
1169 2533 1239 2568 quod
1254 2533 1276 2560 si
1291 2533 1452 2567 disiunctum
1468 2532 1519 2566 sit,
1534 2533 1620 2567 perit,
1635 2540 1695 2560 cum
1710 2540 1763 2559 non
1776 2531 1876 2559 habeat

1082 2586 1136 2614 quo
1158 2579 1295 2605 innitatur.
1313 2577 1352 2605 Ne
1373 2578 1461 2612 itaque
1480 2577 1565 2605 solutn
1584 2577 1734 2605 hmreamns
1747 2576 1874 2610 Christo,

1083 2624 1131 2652 sed
1144 2625 1223 2652 etiam
1235 2623 1284 2658 ipsi
1295 2622 1523 2658 conglutinemur;
1537 2630 1597 2650 nam
1608 2622 1631 2649 si
1642 2622 1766 2656 disjuncti
1777 2622 1875 2654 simus,

1084 2670 1212 2705 perimus.
1229 2669 1328 2696 Etenim
1340 2669 1383 2704 qui
1395 2669 1513 2704 clangunt
1527 2676 1554 2696 se
1565 2676 1580 2695 a
1593 2673 1631 2700 te,
1648 2667 1784 2703 peribunt(
1799 2667 1873 2694 Psal.

1085 2716 1128 2742 72.
1140 2715 1197 2751 27),
1215 2715 1308 2750 inquit.
1323 2714 1543 2749 Conglutinemnr
1552 2721 1616 2749 ergo
1628 2713 1689 2749 ipsi,
1701 2718 1729 2741 et
1740 2712 1876 2747 congluti-

1084 2768 1179 2788 nemur
1192 2768 1239 2796 per
1252 2768 1333 2796 opera
1346 2767 1354 2788 :
1367 2759 1418 2793 Qui
1433 2760 1504 2788 enim
1517 2764 1609 2787 servat
1623 2759 1746 2786 mandata
1761 2765 1830 2791 mea,
1845 2757 1875 2785 in

1084 2814 1137 2839 me,
1152 2807 1254 2842 inquit,
1270 2810 1361 2833 manet
1374 2805 1463 2841 (Joan.
1478 2805 1520 2832 l4.
1534 2804 1591 2841 21).
1608 2804 1714 2832 Etenim
1730 2811 1776 2839 per
1788 2803 1876 2830 multa

1085 2853 1206 2889 exempla
1228 2859 1277 2880 nos
1296 2851 1392 2888 jungit.
1416 2850 1605 2880 Animadverte
1624 2855 1714 2879 autem
1729 2858 1737 2878 :
1753 2849 1809 2887 ipse
1830 2853 1877 2877 cst
