2033 3116
239 141 278 170 ’13
583 137 611 165 S.
631 133 776 164 JOANNIS
794 129 1046 162 CHRYSOSTOMI
1065 129 1224 159 ARCHIEP.
1246 128 1522 159 CONSTANTINOP.
1848 126 1881 154 7/3

241 210 327 238 μενοι·
346 200 428 231 αὐτὸς
444 199 474 226 τδ
494 199 562 234 φῶς,
580 199 662 235 ἡμεῖς
682 200 706 226 οι
730 197 921 233 φωτιζόμενοι.
943 193 1037 221 Ταῦτα

241 250 330 276 πάντα
347 248 445 275 ἕνωσιν
458 253 471 267 ι
489 246 627 282 ἐμφαίνει,
645 246 692 272 καὶ
703 245 780 272 οὐδὲν
795 244 877 280 μέσον
897 242 975 270 κενὸν
987 241 1036 274 ἀφ-

243 296 314 332 ίησιν
327 293 407 327 εἶναι,
422 293 483 320 οὐδὲ
497 293 527 320 τὸ
543 292 716 329 μικρότατον.
739 291 769 318 '0
784 290 839 326 γὰρ
856 288 953 325 μικρὸν
970 287 1036 314 ἀποο

242 342 317 375 στὰς,
335 341 383 369 καὶ
398 340 465 368 πολὺ
480 339 582 375 προϊὼν
593 338 788 373 ἀποστήσεται.
804 337 860 363 Καὶ
875 335 930 370 γὰρ
944 334 974 361 τὸ
986 334 1038 360 σῶ-

243 397 292 424 μα,
311 388 344 415 ἂν
364 387 465 424 μικρὰν
484 386 538 413 ἀπὸ
559 385 652 419 ξίφους
676 384 818 411 διάστασιν
833 381 954 416 δέξηται,
979 379 1038 406 δια-

242 435 402 470 φθείρεται·
435 433 482 460 καὶ
506 433 523 468 ἠ
549 431 687 467 οἰκοδομὴ,
716 429 768 457 κᾶν
793 428 890 466 μικρὸν
911 427 1036 463 διαχάνῃ,

242 481 416 508 καταλύεται·
429 479 474 506 καὶ
485 479 536 514 τῆς
549 478 626 514 ῥίζης
637 478 669 504 τὸ
679 477 783 512 κλῆμα,
797 475 847 503 κᾶν
861 474 958 510 μικρὸν
972 474 1040 500 ἀπο-

243 529 326 563 κοπῇ,
344 527 455 561 γέγονεν
473 526 620 560 ἄχρηστον.
638 524 720 550 Ὥστε
736 523 765 550 τὸ
784 521 882 558 μικρὸν
899 520 978 548 τοῦτο
990 520 1039 546 οὐκ

242 575 299 601 εστι
315 573 421 609 μικρὸν,
445 572 514 599 ἀλλά
535 571 583 598 καὶ
605 570 699 606 σχεδὸν
723 570 754 596 τὸ
777 569 836 596 ὅλον
851 568 934 595 ἐστίν.
955 568 1039 594 Ὅταν

242 620 289 648 οὖν
311 619 408 655 μικρόν
423 627 450 645 τι
470 616 741 653 πλημμελήσωμενῆ
757 614 805 641 καὶ
821 613 1039 649 ῥᾳθυμήσωμεν,

243 666 281 702 μὴ
308 665 466 701 παρίδωμεν
490 663 522 690 τὸ
551 662 658 698 μικρόν·
689 661 750 688 ἐπεὶ
769 660 876 695 ταχέως
898 657 1040 694 παροφθὲν

240 711 320 738 τοῦτο
340 710 410 746 μέγα
432 708 548 743 γίνεται.
570 707 648 734 οὕτω
664 706 710 733 καὶ
731 705 838 740 ἱμάτιον
854 704 942 740 ἀρχὴν
957 702 1040 730 λαϐὸν

243 757 395 794 ῥήγνυσθαι
409 755 455 783 καὶ
467 753 615 790 ἀμεληθὲν,
628 753 715 780 διόλου
730 752 761 779 τὸ
773 751 876 787 σχίσμα
888 751 1040 786 προήγαγεο

241 805 290 831 καὶ
319 803 417 838 ὖροφος
449 801 547 835 ὀλίγων
577 799 708 835 κεράμων
739 797 949 825 καταπεσόντων
969 805 1039 831 παρ-

193 858 198 861 ·
243 849 347 884 οφθεὶς,
365 848 512 882 ὁλόκληρον
537 846 583 873 τὸν
604 844 678 872 οἷκον
701 845 865 881 κατήνεγκε.
896 843 980 870 Ταῦτ’
995 841 1041 870 οῦν

242 897 322 931 ἡμεῖς
339 893 519 929 λογιζόμενοι,
541 891 675 927 μηδέποτε
699 890 753 917 τῶν
778 891 884 926 μικρῶν
900 898 1040 924 καταφρο-

243 942 344 978 νῶμεν,
365 941 408 968 ἵνα
430 941 468 975 μὴ
480 940 520 971 είς
535 938 569 965 τὰ
587 938 692 973 μεγάλα
708 937 885 973 ἐμπέσωμεν·
900 936 933 963 ἂν
950 936 972 962 δ’
987 936 1041 971 ἄρα

243 988 503 1024 καταφρονήσωμεν,
521 985 567 1012 καὶ
588 985 629 1016 είς
643 984 672 1010 τὸ
690 984 771 1019 βάθος
785 982 911 1018 ἔλθωμεν
924 982 978 1009 τῶν
990 990 1040 1008 κα-

242 1035 308 1066 κῶν,
329 1034 396 1069 μηδέ
410 1033 499 1059 ἐκεῖσε
517 1031 659 1066 γενόμενοι
674 1029 850 1064 ἀπογνῶμεν,
872 1029 916 1055 ἴνα
939 1028 977 1064 μὴ
990 1028 1041 1063 ἐμ-

242 1082 368 1115 πέσωμεν
391 1081 430 1111 εἰς
452 1077 638 1114 καρηϐαρίαν,
655 1076 713 1113 [7|]
727 1075 862 1102 Δύσκολον
877 1075 930 1111 γὰρ
948 1075 1041 1102 λοιπὸν

242 1126 365 1155 ἀνελθεῖν
379 1125 483 1152 ἐκεῖθεν
499 1124 544 1151 τὸν
575 1123 612 1159 μὴ
629 1122 732 1158 σφόδρα
750 1122 882 1157 νήφοντα,
900 1121 929 1148 οὺ
948 1121 992 1148 διὰ
1011 1121 1041 1148 τὸ

244 1173 331 1209 μῆκος
349 1171 442 1207 μόνον,
467 1170 534 1198 ἀλλά
552 1170 599 1196 καὶ
612 1169 656 1195 διὰ
671 1168 720 1203 τὴν
739 1168 814 1195 θέσιν
840 1168 936 1203 αὑτήν.
956 1168 1041 1200 Βάθος

242 1220 297 1255 γάρ
311 1220 368 1246 ἐστι
394 1218 441 1245 καὶ
464 1218 481 1252 ἡ
494 1216 628 1252 ἁμαρτία,
650 1216 698 1242 καὶ
717 1215 793 1242 κάτω
809 1214 930 1250 φέρουσα
944 1213 1040 1241 θλίϐει.

242 1266 298 1292 Καὶ
309 1265 434 1299 καθάπερ
453 1263 478 1289 οἱ
492 1263 531 1294 είς
546 1262 635 1297 φρέαρ
649 1260 816 1296 ἐμπεσόντες
832 1260 882 1286 οὐκ
897 1259 929 1286 ἂν
943 1259 1042 1294 ῥᾳδίως

242 1310 389 1342 ἀνέλθοιεν,
406 1309 462 1336 ἀλλ’
476 1309 579 1344 ἑτέρων
592 1307 736 1343 δεήσονται
751 1306 805 1333 τῶν
820 1305 976 1340 ἀναγόντων
994 1305 1042 1332 αὐ-

241 1357 314 1389 τούς’
332 1356 404 1383 οῦτω
416 1355 464 1382 καὶ
473 1355 488 1381 ό
501 1355 540 1386 είς
555 1353 636 1389 βάθος
650 1352 734 1379 ἐλθὼν
752 1352 806 1380 τῶν
820 1351 1040 1387 ἁμαρτημάτων.

243 1403 415 1438 Χαλάσωμεν
434 1398 481 1428 οὗν
508 1400 613 1435 σχοινία
639 1399 708 1436 πρὸς
734 1399 798 1431 τοὺς
824 1399 971 1431 τοιούτους,
995 1398 1043 1425 καὶ

242 1448 452 1485 ἀνιμησώμεθα·
475 1447 574 1482 μᾶλλον
589 1446 618 1472 δὲ
633 1446 686 1480 οὐχ
698 1445 800 1480 ἑτέρων
815 1445 855 1471 δεῖ
869 1445 959 1480 μόνον,
974 1445 1044 1472 ἀλλὰ

243 1497 290 1524 καὶ
313 1495 392 1530 ήμῶν
411 1493 512 1526 αὐτῶν,
536 1493 581 1519 ἵνα
604 1492 651 1518 καὶ
677 1491 791 1522 ἑαυτοὺς
815 1491 963 1525 ἑπιδῶμεν,
993 1490 1040 1517 καὶ

243 1539 446 1576 ἀναϐησώμεθα
472 1539 502 1565 οὐ
527 1537 665 1570 τοσοῦτον,
691 1537 754 1563 ὅσον
780 1536 947 1572 κατέϐημεν,
974 1536 1044 1564 ἀλλὰ

244 1586 335 1622 πολλῷ
356 1585 448 1617 πλέον,
470 1584 516 1610 ἐὰν
538 1582 708 1618 βουλώμεθα.
727 1582 782 1609 Καὶ
797 1582 852 1618 γὰρ
866 1583 880 1608 ὁ
895 1582 962 1613 Θεὸς
980 1582 1043 1618 βοη-

246 1633 298 1661 θεῖ·
331 1633 371 1659 Οὐ
386 1631 440 1666 γὰρ
454 1630 599 1663 ,βούλεται
620 1628 674 1655 τὸν
688 1627 820 1656 θάνατον
838 1628 891 1655 τοῦ
908 1628 1042 1662 ἀμαρτω-

244 1679 312 1710 λοῦ,
328 1678 368 1711 ὡς
387 1677 420 1704 τὸ
433 1675 613 1709 ἐπιστρέψαι
627 1674 730 1701 αὐτόν.
747 1673 849 1709 Μηδεὶς
864 1673 954 1700 τοίνυν
973 1675 1042 1700 ἀπο-

245 1723 414 1757 γινωσκέτω,
433 1721 530 1757 μηδεὶς
552 1720 582 1746 τὸ
597 1719 650 1746 τῶν
669 1719 776 1746 ἀσεϐῶν
797 1718 926 1754 πασχέτω
944 1719 1040 1751 πάθος·

245 1771 359 1798 ἐκείνων
379 1769 434 1804 γάρ
454 1769 511 1796 ἐστι
535 1767 565 1794 τὸ
584 1767 703 1793 τοιοῦτον
725 1767 888 1802 ἁμάρτημα.
916 1766 1042 1800 Ἀσεϐὴς

244 1816 317 1852 γὰρ,
335 1815 412 1850 φησὶ,
433 1813 530 1841 ἐλθὼν
547 1814 590 1845 εις
605 1812 703 1845 βάθος
721 1811 832 1845 κακῶν,
850 1812 1040 1846 καταφρονεῖ.

283 1862 364 1888 Ὥστε
382 1861 412 1887 οὗ
430 1860 460 1887 τὸ
481 1859 582 1895 πλῆθος
595 1859 650 1885 τῶν
671 1857 880 1893 ἁμαρτημάτων
905 1858 978 1884 ποιεῖ
992 1858 1041 1893 τὴν

245 1908 410 1942 ἀπόγνωσιν,
426 1906 484 1933 ἀλλ’
501 1907 518 1941 ή
535 1905 581 1931 τοῦ
597 1904 713 1936 ἀσεϐοῦς
733 1902 841 1939 γνώμη.
868 1903 929 1930 Κᾶν
949 1905 1041 1931 πᾶσαν

245 1953 334 1980 τοίνυν
349 1951 468 1986 ἐπέλθῃς
482 1950 591 1980 κακίαν,
607 1949 667 1976 εἰπὲ
680 1949 748 1984 πρὸς
765 1949 871 1975 ἑαυτόν·
887 1948 1042 1984 Φιλάνθρω-

245 1999 295 2031 πός
315 1999 389 2025 ἐστιν
416 1999 430 2024 ό
455 1997 531 2030 Θεὸς,
553 1996 599 2024 καὶ
623 1996 673 2031 τῆς
690 1994 827 2030 σωτηρίας
846 1994 976 2030 ἐπιθυμεῖ
991 1995 1041 2029 τῆς

246 2045 395 2080 ἡμετέρας.
415 2044 488 2070 Ἐὰν
510 2042 565 2077 γὰρ
582 2039 658 2068 ὦσιν
676 2042 706 2068 al
727 2040 868 2075 ἁμαρτίαι
892 2038 976 2074 ὑμῶν
999 2040 1040 2073 ὡς

246 2088 415 2124 φοινικοῦν,
432 2088 472 2119 ὠς
483 2087 570 2121 χιόνα
584 2085 732 2116 λευκανῶ,
749 2085 826 2120 φησι,
843 2084 890 2112 καὶ
905 2085 973 2120 πρὸς
991 2084 1041 2121 τὴν

246 2134 370 2170 ἐναντίαν
392 2134 450 2165 ’έξιν
475 2132 647 2167 μεταστήσω.
663 2131 709 2166 Μὴ
730 2131 821 2157 τοίνυν
845 2130 1041 2166 ἀπαγορεύσω-

247 2189 307 2215 μεν·
321 2180 352 2205 ού
367 2179 420 2215 γὰρ
435 2178 465 2205 τὸ
483 2178 575 2204 πεσεῖν
594 2176 665 2203 οὕτω
681 2176 808 2211 χαλεπὸν,
822 2177 860 2208 ὡς
878 2176 908 2203 τὸ
923 2177 1040 2204 πεσόντα

247 2225 364 2252 κεῖσθαι·
381 2223 443 2250 οὔτε
461 2223 492 2249 τὸ
517 2222 654 2257 τρωθῆναι
673 2222 770 2255 δεινὸν,
787 2222 825 2253 ὼς
849 2222 879 2248 τὸ
901 2222 1040 2258 τρωθέντα

249 2271 287 2307 μὴ
301 2269 444 2304 βούλεσθαι
459 2268 672 2304 θεραπεύεσθαι.
690 2267 740 2301 Τίς
769 2267 826 2303 γὰρ
851 2267 1040 2302 καυχήσεται

248 2317 346 2352 ἁγνὴν
365 2316 448 2351 ἔχειν
461 2315 519 2349 τὴν
537 2314 683 2349 καρδίαν;
701 2315 719 2348 ἢ
732 2314 782 2347 τίς
803 2314 1040 2348 παῤῥησιάσεται

248 2363 378 2397 καθαρὸς
403 2361 480 2389 εἶναι
502 2362 562 2389 ἀπὸ
590 2360 759 2396 ἀμαρτιῶν;
780 2360 873 2387 Ταῦτα
891 2359 973 2394 λέγω,
991 2361 1040 2396 οὐχ

248 2408 292 2434 ἵνα
306 2407 506 2443 ῥᾳθυμοτέρως
521 2406 593 2442 ὑμᾶς
609 2406 725 2442 ποιήσω,
737 2405 797 2432 ἀλλ’
814 2405 857 2432 ἵνα
871 2405 985 2432 κωλύσω
999 2407 1039 2438 είς

247 2454 403 2488 ἀπόγνωσιν
416 2454 560 2488 ἐμπεσεῖν.

283 2503 314 2526 ε’.
321 2499 414 2526 Βούλει
424 2499 518 2535 μαθεῖν
529 2498 587 2530 πῶς
595 2498 668 2526 ἐστιν
676 2498 692 2533 ή
696 2498 754 2533 μῶν
762 2498 863 2533 ἀγαθὸς
869 2498 883 2524 ό
889 2498 1036 2532 Δεσπότης

254 2544 381 2580 ’Δνῆλθεν
402 2546 416 2571 ό
435 2544 553 2580 τελώνης
571 2544 676 2579 μυρίων
689 2543 783 2579 γέμων
807 2543 911 2576 κακῶν,
937 2543 983 2570 καὶ
1000 2544 1039 2570 εί-

247 2591 317 2622 πὼν,
337 2590 489 2624 ἰλάσθητί
497 2598 558 2624 μοι,
580 2589 670 2624 μόνον,
687 2589 804 2624 κατῆλθε
816 2589 1037 2624 δεδικαιωμένος.

247 2636 304 2663 Καὶ
317 2636 361 2662 διὰ
375 2635 420 2662 τοῦ
434 2635 573 2671 προφήτου
587 2635 615 2662 δέ
627 2643 709 2670 φησιν
724 2637 738 2662 ὀ
751 2635 826 2666 Θεός·
843 2635 881 2661 Δι’
891 2635 1039 2669 ἁμαρτίαν

244 2682 347 2716 βραχύ
362 2691 388 2708 τι
400 2682 540 2716 ἐλύπησα
556 2681 660 2714 αὑτὸν,
673 2681 722 2708 καί
738 2681 819 2708 εἶδον
837 2680 881 2708 ὅτι
897 2681 1036 2715 ἐλυπήθη

246 2727 296 2754 καί
317 2727 465 2761 ἐπορεύθη
483 2726 631 2761 στυγνὸς,
653 2725 701 2752 καὶ
720 2725 851 2760 ἰασάμην
873 2726 926 2759 τὰς
949 2725 1038 2759 ὀδοὺς

247 2773 351 2800 αὐτοῦ.
366 2773 398 2798 Τί
410 2773 458 2808 τῆς
475 2771 678 2808 φιλανθρωπίας
693 2771 795 2806 ταύτης
813 2772 885 2804 [σονς
901 2772 960 2799 Ἱνα
975 2780 1038 2799 στυ-

247 2819 335 2856 γνάσῃ
349 2819 440 2854 μόνον,
461 2818 553 2853 φησιν,
566 2818 660 2853 ἀφῆκα
675 2818 708 2845 τὰ
725 2817 923 2853 ἁμαρτήματα.
942 2818 1038 2853 Ἡμεῖς

280 2948 293 2963 ⁸
308 2947 379 2979 Reg,
388 2947 509 2977 κόλλησιν.

1090 190 1119 217 δέ
1134 191 1193 218 οὐδὲ
1210 191 1275 218 αὐτὸ
1295 190 1375 217 τοῦτο
1395 189 1526 225 ποιοῦμεν
1537 196 1543 204 ⁸
1561 188 1602 215 διὸ
1622 187 1740 223 μάλιστα
1758 187 1804 215 τὸν
1818 187 1885 216 Θεὸν

1092 236 1306 274 παροργίζομεν.
1326 237 1356 263 '0
1369 235 1424 271 γὰρ
1443 236 1489 262 καὶ
1507 234 1552 261 διὰ
1576 234 1683 270 μικρῶν
1703 233 1783 265 ἵλεως
1806 234 1885 268 γενό‹

1094 292 1184 319 μενος,
1197 284 1260 310 ὅταν
1276 283 1314 319 μὴ
1328 283 1431 310 τούτων
1441 282 1521 318 τύχῃ,
1536 282 1648 313 εἰκότως
1662 280 1821 315 ἀγανακτεῖ,
1838 280 1885 306 καὶ

1052 337 1055 339 ·
1091 329 1140 364 τὴν
1153 329 1270 364 ἐσχάτην
1286 329 1398 355 ἀπαιτεῖ
1410 327 1545 363 τιμωρίαν
1562 327 1646 362 ἡμᾶς·
1662 324 1886 360 ὑπερϐαλλούσης

1092 375 1147 410 γάρ
1163 375 1220 402 ἐστι
1239 373 1318 401 τοῦτο
1343 373 1583 408 καταφρονήσεως.
1609 372 1658 403 Τίς
1678 370 1744 405 γοῦν
1763 369 1885 406 ἐλυπήθη

1092 421 1159 448 ποτὲ
1187 421 1220 448 δι’
1238 420 1389 457 ἀμαρτίας;
1413 420 1455 452 τίς
1483 418 1627 453 ἐστέναξε;
1657 417 1698 450 τίς
1727 416 1757 443 τὸ
1789 416 1886 451 στῆθος

1093 467 1210 503 ἔπληξε;
1226 467 1267 499 τίς
1279 466 1480 502 ἐμερίμνησεν;
1495 465 1598 492 Οὐδένα
1610 464 1696 498 ἔγωγε
1711 459 1799 498 οἶμαι·
1817 461 1886 488 ἀλλὰ

1095 514 1193 550 μυρίας
1215 515 1264 549 μὲν
1279 513 1385 550 ἡμέρας
1399 512 1543 548 θρηνοῦσιν
1564 511 1703 549 ἄνθρωποι
1724 509 1795 544 ὑπὲρ
1812 508 1886 534 οίκε-

1092 560 1146 587 τῶν
1163 559 1363 591 ἀποθανόντων,
1381 559 1451 594 ὑπὲρ
1476 558 1577 594 ζημίας
1602 557 1767 592 χρημάτων·
1786 554 1836 590 τὴν
1857 554 1886 580 δὲ

1093 607 1181 643 ψυχὴν
1207 605 1373 638 ἀπολλύντες
1397 605 1597 643 καθ’λὲκάστην
1621 602 1738 638 ἡμέραν,
1756 601 1818 628 ούδέ
1844 600 1886 631 είς

1093 654 1155 682 νοῦν
1169 653 1331 689 βαλλόμεθα.
1349 652 1411 684 Πῶς
1426 650 1473 678 οὖν
1486 651 1588 686 δυνήσῃ
1604 649 1647 676 τὸν
1661 648 1726 687 Θεὸν
1739 645 1886 680 ἐξιλεώσα-

1095 700 1167 734 σθαι,
1187 700 1251 727 ὅταν
1270 699 1338 735 μηδὲ
1358 699 1398 725 ὅτι
1424 699 1558 733 ἥμαρτες,
1586 695 1679 730 aiam;
1698 693 1764 725 Ναὶ,
1791 692 1884 727 φησὶν,

1093 749 1227 784 ἥμαρτον.
1236 747 1300 779 Ναὶ,
1317 747 1362 781 μοὶ
1372 746 1460 779 λέγεις
1473 746 1507 779 τῇ
1520 743 1636 778 γλώττῃ,
1653 741 1712 768 είπέ
1727 749 1772 775 μοι
1784 740 1816 775 τῇ
1830 738 1887 765 δια-

1094 794 1164 830 νοίᾳ,
1180 794 1226 820 καὶ
1251 793 1319 829 μετὰ
1341 792 1388 819 τοῦ
1407 792 1528 827 ῥήματος
1542 787 1678 821 στέναξον,
1693 787 1736 814 ἵνα
1753 784 1886 821 διηνεκῶς

1095 842 1225 877 εὐθυμῇς.
1237 841 1291 868 Καὶ
1305 840 1358 874 γὰρ
1369 841 1392 865 εί
1405 838 1541 875 ἦλγοῦμεν
1553 836 1598 864 ἐττί
1607 836 1663 867 τοῖς
1677 833 1885 869 ἁμαρτήμασιν,

1095 889 1118 914 εί
1142 886 1322 921 ἑστενάζομεν
1342 885 1387 911 ἐπὶ
1410 885 1465 915 τοῖς
1488 881 1732 918 πλημμελήμασιν,
1754 877 1831 904 οὐδὲν
1852 876 1886 903 ἃν

1094 927 1158 962 ἄλλο
1172 933 1245 969 ἡμᾶς
1259 932 1387 967 ἐλύπησε,
1404 930 1454 964 τῆς
1471 929 1566 963 ὀδύνης
1581 926 1682 961 ταύτης
1708 926 1799 951 πᾶσαν
1821 923 1886 950 ἀθυ-

1096 980 1160 1015 μίαν
1174 977 1398 1015 παρωθουμένης.
1411 975 1469 1013 ['72]
1487 975 1568 1001 Ὥστε
1594 973 1641 1000 καὶ
1655 973 1748 1007 ἕτερον
1764 970 1796 997 ἂν
1808 970 1887 1005 ἐκερ-

1094 1026 1221 1061 δαίνομεν
1240 1024 1309 1060 μετά
1325 1024 1374 1059 τῆς
1392 1021 1620 1057 ἐξομολογήσεως,
1642 1018 1671 1045 τὸ
1699 1017 1736 1053 μὴ
1759 1015 1886 1052 βαπτίζε-

1096 1072 1158 1099 σθαι
1179 1072 1235 1103 τοῖς
1257 1071 1388 1106 λυπηροῖς
1408 1068 1454 1096 τοῦ
1472 1068 1604 1103 παρόντος
1627 1065 1696 1100 βίον,
1717 1063 1784 1099 μηδὲ
1799 1063 1888 1097 φυσᾶ-

1096 1119 1157 1146 σθαι
1171 1120 1227 1150 τοῖς
1240 1118 1387 1153 λαμπροῖς·
1401 1116 1448 1143 καὶ
1461 1115 1545 1150 ταύτῃ
1557 1113 1638 1140 πάλιν
1657 1111 1787 1147 μειζόνως
1802 1109 1836 1136 ἂν
1846 1108 1887 1142 ἐξ·

1097 1165 1269 1200 ιλεωσάμεοα
1282 1165 1328 1191 τὸν
1346 1163 1423 1196 Θεὸν,
1442 1162 1536 1197 ὥσπερ
1553 1158 1610 1192 οῦν,
1628 1157 1668 1191 οἷς
1683 1157 1813 1192 ποιοῦμεν
1825 1155 1886 1188 νῦν,

1095 1213 1293 1249 παροξύνομεν.
1320 1211 1388 1237 Εἰπὲ
1410 1209 1464 1244 γάρ
1481 1217 1538 1244 μοι,
1558 1207 1584 1233 ετ
1600 1214 1661 1232 τινα
1678 1204 1750 1240 ἔχεις
1765 1203 1886 1238 οἰκέτην,

1095 1261 1142 1288 καὶ
1157 1258 1242 1286 πολλά
1255 1257 1348 1286 παθὼν
1362 1257 1465 1287 ἐκεῖνος
1479 1254 1552 1281 κακά
1567 1252 1641 1287 παρά
1654 1251 1710 1278 τῶν
1722 1249 1885 1285 ὁμοδούλων,

1094 1307 1149 1333 τῶν
1165 1306 1213 1341 μὲν
1228 1305 1314 1332 ἄλλων
1333 1302 1446 1339 μηδενὸς
1459 1300 1537 1336 λόγον
1560 1299 1672 1330 ποιοῖτο,
1695 1297 1766 1332 ὑπὲρ
1785 1295 1812 1322 δὲ
1837 1294 1885 1321 τοῦ

1097 1353 1135 1390 μὴ
1147 1339 1361 1387 παροργίζεσθαι
1375 1349 1420 1376 τὸν
1429 1348 1563 1382 δεσπότην
1574 1344 1711 1381 φροντίζοι
1728 1343 1818 1379 μόνον,
1832 1339 1888 1376 ἀρα

1095 1401 1144 1436 οὐχ
1166 1399 1256 1430 ἱκανὸς
1279 1397 1333 1424 ἀπὸ
1346 1396 1442 1423 τούτου
1458 1395 1538 1430 μόνου
1553 1391 1634 1419 λῦσαί
1658 1400 1704 1417 σου
1719 1390 1768 1426 τὴν
1784 1389 1887 1424 ὀργήν;

1096 1434 1181 1477 Τίυδὲ,
1196 1444 1228 1471 ἂν
1242 1443 1297 1470 τῶν
1316 1442 1365 1478 μὲν
1381 1442 1420 1473 είς
1441 1440 1471 1467 σὲ
1487 1437 1732 1474 πλημμελημάτων
1751 1434 1889 1471 μηδεμίαν
1926 1460 1928 1463 ,

1096 1491 1199 1518 ποιοῖτο
1216 1489 1353 1524 φροντίδα,
1368 1486 1439 1521 ὑπὲρ
1455 1485 1483 1512 δὲ
1494 1485 1549 1511 τῶν
1565 1484 1632 1519 πρὸς
1646 1483 1709 1514 τοὺς
1725 1479 1889 1516 ὁμοδούλους

1096 1536 1245 1572 φροντίζοι,
1261 1535 1321 1570 οὐχὶ
1333 1532 1445 1569 μείζονα
1456 1531 1567 1563 ἐπάξεις
1577 1530 1627 1565 τὴν
1640 1527 1793 1563 τιμωρίαν;
1808 1525 1903 1554 Οὕτω.

1096 1583 1143 1610 καὶ
1155 1584 1169 1610 ὁ
1187 1582 1254 1613 Θεὸς
1268 1582 1348 1607 ποιεῖ’
1367 1580 1431 1606 ὅταν
1447 1578 1497 1614 μὲν
1510 1576 1656 1612 ἀμελῶμεν
1674 1574 1756 1601 αὑτοῦ
1775 1573 1825 1608 τῆς
1841 1573 1890 1608 ὀρ-

1096 1630 1157 1664 γῆς,
1176 1627 1357 1664 σφοδροτέραν
1376 1625 1473 1659 ἐπάγει
1489 1624 1585 1659 αὐτήν·
1605 1623 1668 1649 ὅταν
1685 1621 1713 1648 δὲ
1736 1620 1889 1656 φροντίζω-

1098 1684 1157 1711 μεν,
1180 1673 1379 1709 ἡμερωτέραν·
1408 1671 1508 1706 μᾶλλον
1533 1669 1561 1696 δὲ
1586 1668 1647 1695 οὐδὲ
1662 1667 1760 1701 ἐπάγει
1782 1665 1887 1692 λοιπόν·

1097 1720 1221 1756 βούλεται
1244 1719 1299 1754 γὰρ
1320 1718 1395 1753 ἡμᾶς
1414 1716 1526 1747 ἑαυτοὺς
1540 1714 1666 1741 ἀπαιτεῖν
1688 1713 1738 1748 τὴν
1754 1712 1889 1747 τιμωρίαν

1095 1767 1149 1794 τῶν
1165 1765 1379 1802 ἡμαρτημένων,
1394 1763 1440 1790 καὶ
1452 1762 1544 1789 οὐκέτι
1557 1760 1649 1787 λοιπὸν
1665 1759 1746 1790 αὐτὸς
1766 1759 1887 1785 ἀπαιτεῖ.

1094 1813 1144 1840 Διά
1155 1813 1234 1840 τοῦτο
1248 1811 1302 1847 γὰρ
1317 1811 1364 1837 καὶ
1380 1808 1487 1837 ἀπειλεί
1498 1808 1546 1842 τὴν
1560 1806 1706 1841 τιμωρίαν,
1725 1805 1768 1832 ἵνα
1784 1804 1824 1839 τῷ
1841 1804 1890 1837 φό-

1095 1859 1134 1894 ϐῳ
1147 1858 1197 1894 τὴν
1215 1856 1419 1893 καταφρόνησιν
1431 1854 1523 1890 ἀνέλῃ·
1539 1854 1602 1879 ὃταν
1616 1852 1644 1879 δὲ
1663 1851 1693 1884 ἐξ
1709 1850 1825 1886 ἀπειλῆς
1838 1859 1889 1885 φο-

1094 1905 1222 1941 ϐηθῶμεν
1236 1903 1330 1939 μόνης,
1351 1903 1402 1929 οὐκ
1420 1901 1533 1935 ἀφίησιν
1549 1900 1693 1934 ὑπομεῖναι
1707 1897 1758 1932 τὴν
1776 1899 1886 1932 πεῖραν.

1095 1952 1166 1987 ’Ὀρα
1182 1950 1247 1985 γοῦν
1266 1949 1334 1985 πρὸς
1352 1948 1397 1975 τὸν
1417 1946 1552 1982 Ἰερεμίαν
1575 1945 1602 1971 τί
1621 1952 1713 1979 φησιν·
1733 1945 1794 1978 Οὐχ
1814 1941 1888 1976 ὁρᾷς

1094 1999 1122 2025 τί
1150 1996 1235 2024 αὐτοὶ
1258 1994 1418 2025 ποιοῦσιν;
1439 1994 1470 2020 Ol
1490 1991 1615 2025 πατέρες
1637 1989 1738 2017 αὐτῶν
1765 1989 1888 2015 καίοι-σι

1093 2044 1163 2079 πῦρ,
1180 2042 1207 2070 οὶ
1218 2042 1275 2070 υἱοί
1289 2040 1388 2069 αὐτῶν
1406 2039 1577 2073 συνάγουσι
1595 2037 1684 2069 ξύλα,
1697 2038 1726 2063 αἱ
1745 2035 1889 2070 γυναῖκες

1093 2090 1193 2118 αὐτῶν
1206 2090 1340 2124 τρίϐουσι
1351 2087 1437 2119 σταῖς
1450 2086 1475 2113 1³.
1491 2085 1557 2116 Δέος
1573 2084 1610 2120 μὴ
1621 2083 1741 2118 καὶπερὶ
1754 2081 1833 2118 ἡμῶν
1845 2082 1886 2108 λε-

1093 2137 1144 2173 χθῇ
1159 2145 1185 2163 τι
1199 2135 1329 2163 τοιοῦτον.
1346 2135 1407 2167 Οὐχ
1423 2131 1495 2166 ὁρᾷς
1508 2131 1538 2158 τί
1557 2129 1641 2157 αὐτοὶ
1656 2127 1819 2159 ποιοῦσιν;
1831 2127 1884 2153 Οὑ-

1093 2183 1148 2215 δεὶς
1167 2182 1203 2209 τὰ
1217 2181 1263 2208 τοῦ
1278 2179 1396 2216 Χριστοῦ
1410 2179 1496 2213 ζητεῖ,
1517 2175 1585 2203 ἀλλά
1599 2176 1699 2206 πάντες
1717 2174 1752 2200 τά
1768 2173 1883 2200 ἑαυτῶν.

1093 2229 1126 2255 Οἱ
1139 2228 1192 2255 υἱοὶ
1204 2227 1291 2255 αὐτῶν
1304 2227 1343 2258 είς
1355 2225 1497 2259 ἀσελγείας
1508 2224 1659 2260 τρέχουσιν,
1675 2223 1699 2248 οἰ
1711 2221 1828 2256 πατέρες
1841 2219 1885 2246 αὖ-

1093 2274 1147 2302 τῶν
1161 2275 1201 2305 είς
1215 2272 1370 2305 πλεονεξίαν
1384 2272 1432 2299 καὶ
1449 2270 1588 2306 ἁρπαγὴν,
1606 2270 1633 2295 αἱ
1653 2269 1782 2303 γυναῖκες
1794 2265 1886 2292 αὐτῶν

1093 2322 1140 2348 ἐπὶ
1154 2321 1205 2353 τὰς
1221 2320 1369 2355 φαντασίας
1384 2318 1434 2350 τὰς
1454 2317 1594 2353 βιωτικὰς,
1609 2316 1639 2342 οὐ
1657 2314 1736 2350 μόνον
1748 2313 1798 2340 οὐκ
1809 2311 1889 2347 ἐγκόι

1094 2375 1210 2394 πτουσαι
1226 2366 1289 2397 τοὺς
1304 2365 1413 2400 ἄνδρας,
1432 2363 1500 2390 ἀλλά
1514 2362 1562 2389 καὶ
1575 2360 1787 2397 παροξύνουσαι.
1802 2358 1887 2393 Στῆθι

1092 2413 1159 2448 γοῦν
1179 2413 1226 2440 ἐπὶ
1250 2412 1300 2447 τῆς
1317 2411 1431 2447 ἀγορᾶς·
1449 2409 1588 2445 ἐρώτησον
1605 2407 1669 2439 τοὺς
1686 2406 1815 2437 ἀπιόντας
1837 2405 1888 2432 καὶ

1092 2458 1263 2489 ἐπανιόντας,
1275 2457 1323 2484 καὶ
1339 2456 1434 2483 οὐδένα
1447 2455 1508 2490 ὕψει
1522 2453 1593 2488 ὑπὲρ
1607 2450 1795 2488 πνευματικοῦ
1811 2450 1886 2486 πράο

1091 2513 1196 2541 γματος
1212 2503 1371 2535 σπεύδοντα,
1387 2501 1455 2529 ἀλλὰ
1470 2500 1573 2531 πάντας
1586 2499 1656 2535 ὑπὲρ
1671 2497 1811 2534 σαρκικῶν
1822 2495 1888 2531 τρέ-

1091 2560 1198 2588 χοντας.
1212 2551 1302 2586 Μέχρι
1315 2550 1387 2580 τίνος
1399 2548 1449 2575 οὐκ
1460 2547 1649 2582 ἀνανήφομεν;
1667 2544 1746 2580 μέχρι
1760 2543 1833 2573 τινος
1845 2543 1887 2574 είς

1092 2598 1175 2625 ὕπνον
1186 2595 1394 2632 καταφερόμεθα
1408 2593 1491 2630 βαθύν
1502 2601 1509 2626 ;
1527 2593 1577 2619 οὐκ
1591 2591 1724 2625 ἐλάϐομεν
1736 2589 1816 2624 κόρον
1829 2588 1886 2614 τῶν

1091 2643 1203 2676 κακῶν;
1220 2643 1309 2670 καίτοι
1327 2650 1358 2676 γε
1385 2641 1431 2668 καὶ
1460 2639 1545 2675 χωρὶς
1567 2638 1621 2665 τῶν
1647 2637 1776 2673 ῥημάτων
1804 2635 1886 2670 ἀρκεῖ

1091 2689 1138 2716 καὶ
1154 2687 1224 2723 αὐτὴ
1237 2687 1293 2714 τῶν
1306 2684 1477 2722 πραγμᾴτων
1490 2684 1562 2718 ὑμᾶς
1576 2683 1594 2718 ή
1611 2682 1694 2716 πεῖρα
1708 2679 1813 2712 διδάξαι
1829 2679 1885 2706 τῶν

1091 2735 1232 2769 παρόντων
1246 2733 1295 2768 τὴν
1307 2732 1443 2758 οὐδένειαν
1466 2730 1514 2756 καὶ
1525 2729 1554 2755 τὸ
1568 2727 1705 2764 μοχθηρὸν
1719 2727 1802 2753 ἀπαν.
1819 2726 1886 2751 Ἀν-

1092 2781 1196 2817 θρωποι
1214 2779 1279 2814 γοῦν
1295 2778 1344 2814 τὴν
1364 2777 1464 2810 ἔξωθεν
1483 2775 1577 2810 σοφίαν
1589 2774 1750 2806 ἀσκοῦντες,
1766 2772 1812 2799 καὶ
1829 2780 1885 2807 μη-

1091 2827 1134 2854 δὲν
1149 2826 1203 2853 τῶν
1217 2825 1367 2861 μελλόντων
1381 2823 1496 2855 είδότες,
1508 2821 1602 2856 ἐπειδὴ
1618 2820 1794 2855 κατέγνωσαν
1815 2818 1883 2845 πολ-

1121 2945 1137 2966 ι
1151 2943 1251 2974 Regius,
1263 2942 1344 2972 στέαρ.
