2060 3111
183 126 220 154 T5
703 126 736 153 IN
755 125 862 154 EPIST.
883 126 893 154 Ι
925 126 970 155 AD
989 127 1065 155 COR.
1088 129 1201 156 liOMlL.
1223 128 1290 156 Vili.
1788 134 1821 162 ’Π

183 190 272 221 caput,
284 193 333 213 nos
345 190 435 213 autem
447 192 543 220 corpus
555 194 562 212 :
573 191 605 212 an
620 189 705 220 potest
717 185 902 212 intermedium
914 192 974 213 esse

183 233 298 267 spatium
312 231 392 259 inane
406 225 476 259 inter
489 236 567 267 caput
582 236 609 260 et
622 232 735 267 corpus?
750 232 809 266 ipse
823 232 980 259 fundamen-

185 285 238 306 tum
251 300 259 312 ,
273 286 324 306 nos
341 279 501 312 aedificium;
517 279 572 314 ipse
586 279 661 306 vittea
674 300 681 312 ,
697 287 746 306 nos
765 280 906 314 palmites;
922 280 979 314 ipse

183 333 308 360 sponsus,
324 333 374 352 nos
387 333 504 360 sponsa;
520 326 576 360 ipse
591 330 691 360 pastor,
707 333 756 352 nos
771 334 852 358 oves;
867 326 911 353 ille
925 326 977 359 via,

183 379 232 398 nos
246 371 292 406 qui
307 371 496 407 inecdimus_in
513 379 544 398 ea
559 380 566 398 :
581 378 631 398 nus
649 378 743 398 rursus
761 371 886 406 tetnplutn
899 393 906 404 ,
922 372 978 407 ipse

183 416 333 448 inhabitat;
348 417 405 451 ipse
418 417 620 452 primogenitus,
633 424 682 443 nos
695 416 806 449 fratres;
822 418 877 451 ipse
888 417 976 450 heres,

182 470 232 490 nos
245 462 415 496 coheredes;
432 464 489 497 ipse
504 464 555 490 vita
568 484 575 496 ,
592 470 642 490 nos
655 463 794 496 viventes;
817 463 872 498 ipse
888 470 977 490 resur-

182 511 277 542 rectio,
297 517 347 537 nos
368 514 556 544 resurgentes;
573 510 629 544 ipse
645 510 700 542 lux,
716 517 764 536 nos
785 510 976 537 illuminamur.

182 555 244 582 llzrc
256 555 346 582 omnia
356 555 572 590 conjunctionetn
584 555 710 588 indicant,
719 559 746 582 et
757 555 855 582 nullum
866 563 977 583 vacuum

182 601 375 628 intermedium
390 608 451 628 esse
468 601 579 634 sinunt,
595 609 628 628 ne
641 601 684 630 vel
706 601 844 628 minimum
860 602 975 637 quidem.

180 647 246 673 Nam
262 648 309 682 qui
326 654 419 682 parum
433 647 568 680 abscedit,
584 655 741 682 progressus
753 647 832 674 etiam
843 668 850 680 ,
865 647 976 674 multum

181 692 320 720 abscedet.
344 692 449 720 Etenim
463 700 560 727 corpus
575 693 596 720 si
612 700 720 728 parvam
740 701 787 728 per
799 693 916 728 gladium
933 700 977 720 se-

181 739 350 772 parationem
365 739 503 772 admittat,
520 740 604 773 perit;
622 744 646 766 et
662 739 802 767 aedificium
812 760 819 772 ,
834 740 856 767 si
870 740 912 767 vel
928 748 976 775 pa-

181 790 240 810 rum
255 783 396 815 dehiscat,
412 783 584 816 dissolvitur;
607 789 635 811 et
649 785 671 811 si
686 784 787 819 palmes
801 792 817 812 a
831 784 921 812 radice
934 785 977 812 vel

182 830 325 857 minimum
350 830 542 862 abscindatur,
569 830 597 857 fit
618 830 728 858 inutilis.
753 830 844 866 itaque
866 838 976 866 parvum

183 875 254 902 istud
268 883 320 902 non
335 880 375 903 est
389 883 507 910 parvum,
524 875 572 904 scd
584 876 664 903 etiam
679 876 735 904 fere
749 881 832 904 totum
844 882 895 904 est.
910 877 975 904 Cum

183 928 249 956 ergo
261 929 373 956 parvum
388 921 529 956 quodpiam
545 927 682 956 peccatum
701 922 865 950 admittimus
878 923 918 950 vel
934 930 977 950 So-

180 967 277 995 cordes
299 975 412 1001 smnus,
435 975 469 994 ne
493 968 556 995 illud
581 976 690 1003 parvum
713 969 877 1004 negligemus
891 978 898 996 :
914 976 975 997 nam

181 1014 245 1041 illud
267 1014 417 1049 neglectum
433 1015 486 1042 cito
509 1022 633 1049 magnum
649 1015 773 1042 efficitur.
790 1015 834 1043 Sic
851 1020 877 1043 et
891 1016 976 1043 vesti-

180 1064 301 1088 mentum
318 1061 340 1088 si
355 1061 470 1095 dirumpi
486 1061 594 1097 incipiat
607 1066 634 1089 et
646 1062 810 1097 negligatur,
831 1070 879 1096 per
892 1067 974 1089 totum

179 1107 327 1134 scissuram
339 1107 456 1134 admittit
468 1117 474 1134 :
488 1113 512 1135 et
528 1112 636 1141 tectum,
652 1110 741 1143 paucis
753 1108 868 1143 delapsis
881 1109 976 1144 tegulis

179 1153 344 1187 neglectum,
357 1158 438 1180 totatn
449 1153 558 1180 domum
572 1153 672 1188 dejicit.
688 1154 749 1181 lla-c
760 1161 824 1189 ergo
837 1154 975 1182 nobiscum

178 1203 349 1233 reputantes,
365 1206 446 1233 parva
461 1207 604 1234 numquam
619 1200 813 1234 despiciamus,
831 1208 864 1228 ne
878 1201 904 1227 in
920 1209 976 1228 ma-

177 1251 230 1278 gna
246 1244 395 1272 incidamus
410 1253 417 1271 :
432 1245 472 1272 sin
486 1249 575 1272 autem
590 1244 767 1280 negligantus,
784 1250 810 1273 et
824 1245 851 1272 in
866 1246 975 1280 profun-

177 1289 242 1316 dum
264 1290 398 1317 malorum
413 1291 564 1317 venerimus
576 1311 585 1324 ,
605 1299 639 1318 ne
659 1291 713 1318 illic
733 1291 840 1326 quidem
857 1291 974 1318 animum

176 1333 395 1369 despondeamus
407 1356 415 1368 ,
430 1341 459 1362 ut
478 1343 510 1364 ne
531 1336 556 1363 in
572 1336 666 1372 capitis
685 1336 856 1371 gravedinem
875 1337 976 1364 incida-

178 1387 250 1406 mus.
267 1379 381 1407 Difficile
394 1381 464 1407 enim
478 1380 604 1416 deinceps
616 1381 666 1408 erit
681 1381 742 1408 inde
753 1381 910 1415 ascendere,
923 1382 974 1410 nisi

177 1425 240 1459 quis
255 1425 401 1452 admodum
416 1426 523 1461 vigilet;
539 1434 590 1454 non
606 1426 692 1454 solum
707 1431 815 1461 propter
829 1427 973 1463 longitudi-

177 1479 252 1503 nem,
268 1471 315 1498 sed
330 1472 411 1499 etiam
425 1476 535 1506 propter
548 1472 633 1506 ipsum
646 1472 735 1499 situm.
753 1472 886 1500 Profunda
902 1473 974 1500 enim

177 1525 223 1545 res
245 1522 288 1545 est
310 1522 469 1553 peccatum,
493 1524 520 1546 et
538 1518 663 1546 deorsum
688 1518 777 1546 ferens
799 1520 906 1553 premit.
936 1521 974 1548 Ac

177 1563 248 1590 sicut
262 1564 279 1590 ii
293 1564 338 1598 qui
352 1563 379 1591 in
393 1569 501 1598 puteum
516 1564 675 1597 inciderunt,
691 1572 743 1591 non
758 1564 835 1592 facile
847 1565 974 1594 ascende-

178 1609 252 1642 rint,
270 1608 319 1636 sed
340 1609 400 1636 aliis
412 1617 486 1644 opus
506 1609 659 1642 habebunt,
676 1610 720 1646 qui
742 1618 771 1638 se
785 1610 898 1638 educant
914 1621 920 1638 :
935 1612 975 1639 sic

178 1655 261 1682 etiam
276 1656 322 1690 qui
344 1656 370 1683 in
394 1657 551 1691 profundum
565 1657 668 1684 venerit
682 1661 861 1691 peccatorum.
876 1657 975 1685 Demit-

180 1707 268 1730 tamus
283 1710 348 1738 ergo
368 1703 444 1730 funes
463 1703 496 1730 ad
511 1703 570 1730 illos
585 1708 612 1730 et
627 1711 732 1730 sursum
749 1703 885 1731 trahamus
900 1713 906 1730 :
921 1703 974 1732 imo

179 1757 245 1776 vero
257 1757 312 1776 non
324 1749 386 1776 aliis
401 1753 502 1776 tantum
516 1756 583 1784 opus
596 1753 647 1783 est,
661 1749 708 1776 sed
721 1749 797 1777 nobis
812 1750 891 1785 ipsis:
909 1754 936 1777 ut
948 1754 976 1777 et

179 1803 230 1822 nos
254 1796 328 1829 ipsos
351 1795 491 1830 aiiigemus
512 1799 539 1823 et
561 1795 735 1823 ascendamus
751 1817 756 1829 ,
774 1803 825 1823 non
846 1801 974 1832 quantum

178 1840 382 1874 descendimus,
393 1841 440 1868 sed
453 1841 535 1868 multo
549 1841 643 1877 magis,
656 1842 677 1868 si
689 1842 810 1869 velimus.
825 1843 894 1870 Deus
904 1843 975 1870 enim

179 1885 234 1913 fert
248 1894 327 1921 opem
344 1896 350 1914 :
374 1886 434 1913 Non
455 1887 504 1913 vult
522 1887 592 1914 enim
608 1892 710 1914 morlem
724 1889 859 1922 peccatoris
871 1908 878 1921 ,
893 1888 937 1915 sed
949 1893 976 1915 ιιι

178 1934 361 1968 εοιιυει-ιαιιιτ(
377 1931 471 1961 Exerit.
485 1933 529 1960 25.
549 1934 566 1961 5
579 1933 600 1969 ).
624 1934 708 1961 Nemo
733 1934 812 1969 igitur
832 1935 974 1969 desperet,

179 1987 261 2007 nemo
282 1980 425 2014 impiorutn
447 1979 541 2007 morbo
561 1979 685 2006 laboret:
701 1979 805 2007 illorum
825 1980 922 2014 quippe
936 1985 977 2008 est

179 2031 320 2062 peccatum
336 2025 498 2060 hujusmodi.
515 2025 614 2059 Impius
628 2026 699 2053 enim
713 2034 770 2052 cum
781 2026 807 2052 in
820 2025 976 2061 profundum

179 2073 308 2100 malorum
323 2071 428 2104 venerit,
443 2071 578 2098 contemnit
589 2070 680 2106 (Prov.
697 2071 741 2098 i8.
757 2071 798 2106 5).

218 2117 368 2152 Numquam
386 2117 418 2144 de
435 2117 516 2144 salute
532 2117 727 2151 desperandum.
751 2132 787 2137 —-
809 2117 899 2152 Itaque
922 2125 975 2145 non

179 2167 353 2198 peccatorum
380 2162 522 2189 multitudo
542 2162 758 2196 desperationem
783 2162 901 2196 inducit,
928 2163 974 2190 sed

180 2210 255 2244 impii
271 2216 358 2236 mens.
372 2208 481 2235 Etiamsi
495 2216 558 2243 ergo
571 2208 716 2243 nequitiam
729 2216 836 2236 omnem
849 2216 975 2243 pervase-

179 2256 238 2287 ris,
254 2255 297 2282 dic
317 2254 386 2289 apud
413 2258 458 2281 te:
483 2254 616 2288 Benignus
635 2258 677 2281 est
701 2254 790 2286 Deus,
812 2258 840 2281 et
862 2253 974 2280 salutetn

179 2300 317 2328 desiderat
331 2304 462 2327 nostram.
477 2299 587 2326 Etiamsi
598 2299 664 2326 enim
676 2299 771 2334 fuerint
782 2303 883 2333 peccata
894 2303 975 2326 vestra

179 2348 244 2374 sicut
256 2347 407 2379 coccinum,
421 2351 448 2373 ut
463 2346 546 2373 nivem
559 2366 566 2379 ,
588 2345 673 2380 inquit
685 2366 692 2378 ,
712 2345 833 2372 dealbabo
848 2345 881 2380 (I
885 2346 931 2372 sai.
948 2346 973 2372 i.

180 2394 247 2430 18);
263 2399 290 2422 et
303 2394 331 2421 in
346 2393 509 2421 contrarium
525 2392 644 2420 habitum
659 2391 827 2419 transferam.
851 2391 891 2418 Ne
911 2398 975 2426 ergo

179 2441 298 2466 animum
321 2439 537 2474 despondeamus
561 2447 568 2465 :
591 2445 646 2465 non
667 2438 737 2465 enim
765 2438 801 2465 ita
823 2445 906 2472 grave
933 2441 975 2464 est

180 2485 310 2513 cecidisse
320 2506 328 2518 ,
345 2489 375 2512 ut
390 2485 494 2520 lapsum
508 2484 617 2518 jacere;
636 2483 676 2510 sic
690 2490 776 2518 neque
791 2483 825 2509 ita
839 2490 919 2517 grave
933 2486 975 2509 est

179 2539 239 2558 esse
253 2531 423 2558 vulneratum
435 2550 443 2563 ,
461 2535 516 2557 uta
532 2529 686 2556 vulneribus
699 2529 771 2555 nolle
789 2528 887 2555 curari.
910 2527 974 2560 Qui;

178 2580 249 2606 enim
264 2579 416 2614 gloriabitur
430 2582 526 2605 castum
541 2585 568 2604 se
579 2577 669 2603 habere
682 2575 744 2603 cor?
766 2580 809 2602 aut
824 2575 879 2610 quis
892 2575 974 2601 dicere

178 2635 256 2653 ausus
267 2626 344 2662 fuerit
356 2633 384 2652 se
398 2624 521 2651 mundum
535 2631 588 2650 esse
600 2631 615 2650 a
630 2622 738 2658 peccatis
749 2621 846 2657 (Prov.
859 2621 903 2649 20.
920 2621 937 2648 9
949 2621 973 2654 )?

179 2673 242 2701 llam
255 2672 316 2700 dico
335 2679 390 2698 non
414 2674 444 2697 ut
465 2677 514 2697 vos
531 2669 700 2697 socordiores
723 2667 828 2695 reddam
845 2687 853 2699 ,
877 2667 924 2694 Sed
945 2670 973 2693 ut

179 2719 324 2754 impediam
338 2718 484 2753 quominus
496 2716 524 2744 in
539 2715 752 2750 desperationem
767 2713 902 2741 incidatis.

211 2767 240 2794 5.
264 2766 310 2794 Vis
325 2765 431 2792 discere
445 2771 524 2799 quam
545 2762 631 2789 bonus
652 2762 687 2788 sit
710 2760 838 2788 Dominus
860 2758 971 2785 noster?

181 2813 307 2840 Ascendit
322 2811 498 2847 publicanus,
519 2809 591 2836 mille
610 2808 688 2836 malis
708 2812 820 2835 onustus
833 2827 840 2840 ,
860 2811 887 2833 et
910 2813 970 2832 cum

184 2860 293 2888 dixisset
316 2864 433 2892 tantum,
446 2857 578 2892 Propitius
599 2859 651 2884 esto
667 2855 728 2885 mihi
743 2854 752 2890 (
765 2853 827 2881 Luc.
844 2853 887 2881 i8.
903 2852 936 2880 i3
947 2851 968 2888 ),

1033 185 1172 213 descendit
1187 185 1356 219 justiﬁeatus.
1378 185 1428 214 Per
1451 186 1607 222 prophetam
1631 196 1736 224 quoque
1759 189 1822 218 dicit

1031 231 1102 258 Deus
1117 239 1124 258 :
1144 230 1254 266 Propter
1269 235 1397 266 peccatum
1417 240 1508 267 parum
1529 233 1602 259 illum
1620 235 1784 268 contristari,
1799 241 1823 262 et

1031 276 1082 302 uidi
1095 276 1162 311 quod
1171 276 1258 303 dolore
1272 282 1335 304 esset
1349 277 1455 311 a/fectus
1475 283 1498 304 et
1515 279 1560 305 iret
1576 279 1654 306 tristi:
1664 300 1673 313 ,
1691 285 1715 306 et
1736 283 1823 308 sanavi

1030 322 1084 348 vias
1105 322 1160 356 ejus
1180 322 1266 357 (Isai.
1281 323 1325 350 57.
1342 324 1384 350 l7.
1402 322 1465 360 18).
1487 324 1555 358 Quid
1581 325 1642 353 huic
1665 325 1831 354 humanitati

1032 376 1079 403 par
1093 368 1202 396 est?Ut
1213 369 1299 396 solum
1322 374 1394 397 esset
1412 370 1496 397 tristis
1507 391 1514 402 ,
1532 371 1638 406 inquit,
1655 373 1751 400 remisi
1761 381 1824 408 pec-

1030 418 1099 442 cata.
1115 414 1169 441 Nos
1183 420 1273 442 autem
1290 423 1323 442 ne
1339 415 1389 443 hoc
1401 416 1507 450 quidem
1522 417 1634 445 facimus
1651 427 1657 445 :
1681 418 1741 446 ideo
1766 427 1823 446 tua-

1030 460 1100 488 xime
1116 461 1198 488 Deum
1211 460 1243 487 ad
1259 461 1325 488 iram
1343 469 1528 496 prevocamus.
1539 462 1588 496 Qui
1599 463 1669 491 enim
1684 472 1732 499 per
1742 472 1822 500 parva

1030 511 1102 541 gesta
1119 507 1249 542 propitius
1262 507 1346 534 factus
1358 511 1399 535 est
1411 528 1419 541 ,
1434 508 1539 543 quando
1550 516 1580 536 ea
1592 517 1645 537 non
1659 510 1738 538 fuerit
1751 519 1826 538 asse—

1029 558 1145 588 quutns.
1172 554 1232 589 jure
1259 554 1428 590 indignatur,
1453 560 1480 583 et
1507 561 1655 585 extremum
1682 558 1715 586 de
1743 559 1820 587 nobis

1029 599 1110 626 sumit
1123 599 1281 634 supplicium
1297 609 1302 626 :
1319 605 1360 627 est
1373 600 1445 628 enim
1460 601 1510 628 hoc
1526 602 1625 629 summi
1641 608 1821 638 contemptus.

1029 645 1095 678 Quis
1119 645 1190 672 enim
1215 654 1339 681 umquam
1365 654 1481 674 mmrorc
1503 647 1613 675 affectus
1640 648 1689 675 fuit
1715 655 1823 684 propter

1029 692 1188 726 peccatum?
1214 692 1273 727 quis
1299 693 1448 727 ingemuit?
1472 694 1531 728 quis
1556 699 1649 728 pectus
1675 695 1822 728 pereussitl

1029 738 1089 771 quis
1104 738 1234 765 sollicitus
1246 738 1315 765 fuit?
1327 739 1383 773 Ego
1396 743 1459 774 puto
1472 740 1616 767 neminem.
1629 740 1681 767 Sed
1696 741 1820 769 innume-

1030 783 1066 811 ris
1081 784 1174 812 dicbus
1189 785 1279 819 lugent
1296 785 1417 812 homines
1432 793 1481 820 pro
1497 786 1601 813 famulis
1617 787 1729 814 mortuis
1740 809 1749 820 ,
1772 796 1820 822 pro

1029 829 1148 864 pecuniae
1161 830 1265 864 jactura
1279 839 1285 857 :
1301 838 1362 857 cum
1376 835 1464 858 autem
1484 832 1599 858 animant
1619 832 1735 866 quotidie
1755 841 1818 868 per-

1029 875 1123 902 damus
1133 897 1140 909 ,
1157 875 1181 902 id
1194 884 1227 903 ne
1240 876 1387 911 cogitamus
1399 877 1516 912 quidem.
1540 877 1678 911 Quomodo
1692 886 1756 913 ergo
1770 887 1818 914 [ιο-
1830 900 1833 901 ν

1030 921 1093 948 teris
1106 922 1187 948 Dcutn
1202 922 1249 949 tibi
1264 923 1406 957 propitium
1423 922 1552 956 reddere,
1575 931 1634 950 cum
1656 931 1689 951 ne
1711 924 1835 959 quidem-

1028 967 1095 994 scias
1111 971 1135 993 te
1147 967 1321 1002 peccavisse?
1337 968 1423 995 Etiam
1437 989 1444 1001 ,
1460 968 1564 1003 inquies
1577 989 1584 1002 ,
1600 970 1717 1003 peccavi.
1731 970 1817 997 Etiam

1029 1012 1117 1047 lingua
1132 1012 1239 1047 quidem
1253 1013 1355 1048 profers
1370 1022 1379 1041 :
1395 1013 1438 1041 dic
1452 1014 1516 1040 mihi
1533 1019 1559 1041 et
1582 1019 1670 1042 mente
1681 1035 1690 1048 ,
1710 1019 1738 1043 et
1757 1024 1816 1042 cutn

1027 1059 1128 1086 dixeris
1139 1079 1146 1091 ,
1160 1059 1323 1094 ingemisce,
1341 1064 1368 1086 nt
1383 1060 1420 1087 sis
1434 1067 1540 1094 semper
1555 1060 1625 1087 bono
1638 1062 1737 1088 animo.
1754 1062 1818 1088 Etc-

1028 1105 1081 1132 nitn
1106 1105 1127 1132 si
1149 1105 1301 1132 doleretnus
1323 1111 1432 1140 propter
1453 1111 1560 1141 pet-cata
1573 1127 1581 1140 ,
1601 1107 1622 1134 si
1649 1115 1696 1142 pro
1718 1107 1822 1136 delictis

1028 1150 1265 1185 ingetnisceremus
1279 1171 1286 1183 ,
1314 1151 1381 1178 nihil
1404 1152 1475 1178 aliud
1497 1159 1546 1179 nos
1567 1152 1661 1180 dolore
1684 1153 1822 1188 afﬁceret,

1028 1197 1079 1224 hoc
1099 1197 1192 1225 dolore
1215 1206 1320 1226 omnem
1347 1198 1429 1225 animi
1455 1199 1638 1233 mgritndinem
1659 1200 1822 1234 expellente.

1027 1244 1207 1278 Quatnobrem
1228 1245 1300 1272 aliud
1323 1252 1430 1279 quoque
1449 1245 1615 1272 lucrarentur
1641 1253 1701 1272 cum
1715 1246 1822 1273 confes-

1027 1291 1122 1325 sione,
1148 1298 1246 1326 nempe
1267 1291 1338 1326 quod
1359 1298 1411 1318 non
1437 1291 1659 1326 immergeremur
1688 1292 1715 1319 in
1741 1292 1822 1327 hujus

1028 1337 1087 1364 vita:
1102 1336 1267 1363 calamitates
1279 1356 1286 1369 ,
1303 1343 1390 1371 neque
1407 1336 1432 1363 in
1447 1336 1526 1363 rebus
1541 1336 1679 1371 prosperis
1702 1343 1734 1364 ac
1755 1345 1823 1371 prte-

1027 1383 1107 1410 ciaris
1131 1383 1286 1410 inliaremur
1309 1392 1315 1410 :
1340 1386 1367 1410 et
1396 1383 1445 1410 hac
1474 1382 1578 1410 ratione
1605 1390 1711 1410 rursum
1738 1383 1823 1418 magis

1027 1430 1110 1457 Deum
1125 1430 1308 1465 placaremus;
1327 1433 1355 1456 ut
1378 1429 1432 1464 jam
1455 1437 1502 1464 per
1515 1434 1590 1464 gesta
1604 1435 1694 1457 nostra
1709 1430 1741 1457 ad
1755 1430 1820 1457 iram

1027 1483 1213 1510 provocamus.
1229 1476 1275 1503 Dic
1288 1476 1358 1503 enim
1375 1475 1439 1503 mihi
1454 1497 1461 1509 ,
1476 1476 1497 1502 si
1514 1483 1592 1510 quem
1616 1476 1715 1503 habeas
1735 1476 1820 1504 famu-

1028 1522 1081 1549 lum
1094 1542 1102 1555 ,
1116 1522 1161 1557 qui
1177 1522 1259 1549 multa
1273 1529 1366 1557 passus
1380 1529 1395 1549 a
1410 1523 1547 1549 conservis
1561 1543 1568 1554 ,
1580 1522 1613 1549 de
1636 1523 1695 1550 aliis
1714 1524 1820 1557 quidem

1027 1568 1126 1595 nullam
1141 1568 1238 1595 habeat
1253 1568 1384 1596 rationem
1399 1588 1406 1600 ,
1425 1567 1471 1595 sed
1488 1575 1566 1595 unam
1586 1575 1642 1595 rem
1657 1573 1732 1596 curet
1745 1575 1770 1595 ut
1787 1578 1820 1597 ne

1027 1614 1120 1642 herum
1135 1622 1212 1641 suum
1226 1614 1259 1641 ad
1272 1614 1337 1641 iram
1349 1614 1464 1642 concitet
1478 1623 1484 1641 :
1497 1622 1586 1641 annon
1601 1614 1662 1642 hinc
1674 1615 1758 1642 solum
1774 1624 1821 1650 po-

1028 1661 1089 1689 terit
1104 1661 1171 1688 iram
1187 1665 1257 1688 tuam
1274 1660 1390 1688 sedare?
1406 1660 1473 1694 Quid
1490 1666 1577 1688 autem
1593 1682 1599 1694 ,
1617 1661 1638 1688 si
1655 1668 1747 1688 eorum
1761 1670 1821 1697 qua:

1028 1707 1054 1734 in
1072 1711 1097 1735 te
1111 1707 1224 1741 deliquit
1239 1706 1337 1734 nullam
1351 1714 1441 1734 cttratn
1459 1706 1555 1734 habeat
1567 1728 1574 1740 ,
1598 1711 1674 1734 curet
1688 1711 1775 1734 autem
1791 1716 1822 1735 ea

1027 1761 1087 1788 quae
1101 1753 1127 1780 in
1143 1759 1290 1780 conservos
1303 1752 1430 1787 deliquit,
1444 1759 1532 1779 nonne
1545 1753 1631 1787 majus
1644 1752 1744 1780 iufcres
1758 1761 1819 1787 sup-

1028 1799 1135 1834 plicium
1147 1799 1158 1825 ?
1172 1798 1209 1825 ita
1223 1799 1303 1826 etiam
1318 1798 1381 1825 facit.
1396 1798 1465 1825 Deus
1480 1806 1487 1824 :
1509 1805 1569 1825 cum
1595 1798 1652 1832 ejus
1677 1798 1744 1825 iratn
1768 1806 1822 1825 non

1027 1852 1151 1871 curamus
1164 1865 1170 1876 ,
1186 1844 1257 1871 illam
1280 1843 1359 1871 infert
1382 1843 1631 1875 vehementiorem;
1653 1850 1713 1870 cum
1733 1848 1820 1871 autent

1027 1897 1087 1916 eam
1101 1897 1242 1922 curamus,
1257 1889 1411 1916 mitiorem:
1434 1889 1487 1915 imo
1509 1896 1542 1915 ne
1563 1887 1690 1923 deinceps
1713 1888 1820 1923 quidem

1028 1934 1100 1961 il!am
1113 1933 1194 1961 infert
1208 1942 1216 1961 ε
1230 1934 1285 1960 vult
1298 1933 1368 1960 enim
1381 1953 1388 1965 ,
1406 1938 1433 1959 ut
1450 1940 1498 1959 nos
1513 1933 1562 1966 ipsi
1577 1938 1746 1967 peceatorum
1760 1941 1820 1968 pm-

1028 1988 1104 2007 nasa
1119 1979 1194 2007 nobis
1208 1980 1365 2014 exigamus;
1385 1979 1428 2006 ille
1451 1985 1515 2005 vero
1540 1985 1592 2005 non
1617 1978 1684 2005 ultra
1706 1987 1720 2005 a
1744 1979 1821 2006 nobis

1028 2026 1118 2061 exigit.
1134 2026 1195 2053 Ideo
1210 2033 1324 2060 namque
1335 2024 1513 2052 comminatur
1525 2023 1685 2058 supplicium
1699 2045 1705 2057 ,
1723 2030 1751 2051 ιιι
1764 2033 1817 2052 ιηο«

1029 2076 1055 2099 ιιι
1070 2076 1250 2106 contemptum
1264 2071 1377 2098 auferat.
1394 2070 1460 2097 Cum
1474 2074 1561 2097 autem
1575 2077 1608 2096 ex
1627 2069 1683 2096 sola
1706 2071 1819 2097 commi-

1028 2119 1136 2146 natione
1158 2118 1345 2151 deterremur,
1376 2124 1429 2144 non
1450 2117 1512 2143 sinit
1537 2120 1565 2143 ut
1589 2116 1646 2150 ejus
1670 2115 1817 2150 periculum

1027 2165 1164 2192 faciamus.
1189 2163 1255 2190 Vide
1276 2169 1390 2197 namque
1411 2161 1474 2196 quid
1494 2161 1617 2188 Ieremia:
1640 2161 1735 2188 dicat:
1756 2161 1817 2188 Non

1027 2210 1095 2237 uides
1105 2209 1165 2245 quid
1179 2209 1218 2236 illi
1230 2209 1328 2243 faciunt
1337 2208 1350 2234 ?
1365 2207 1455 2234 Patres
1468 2215 1554 2234 eorum
1565 2207 1647 2242 ignem
1660 2208 1798 2233 accendunt
1810 2216 1819 2234 :

1027 2256 1075 2290 filii
1090 2263 1176 2282 eorum
1191 2254 1312 2289 colligunt
1323 2254 1393 2288 ligna
1408 2261 1417 2279 :
1435 2253 1551 2279 mulieres
1564 2260 1651 2278 eorum
1663 2256 1746 2278 terunt
1759 2253 1818 2278 adi-

1027 2311 1083 2338 pem
1099 2302 1107 2337 (
1122 2302 1176 2329 Jer.
1191 2303 1219 2329 7.
1236 2300 1357 2334 17.18).
1374 2298 1531 2326 Timendum
1552 2302 1593 2325 est
1605 2318 1612 2330 ,
1638 2306 1671 2324 ne
1689 2298 1722 2325 de
1742 2298 1819 2325 nobis

1027 2347 1161 2383 quidpiam
1177 2346 1263 2374 simile
1276 2345 1398 2372 dicatur:
1414 2343 1470 2370 Non
1484 2343 1557 2370 vides
1573 2342 1634 2377 quid
1647 2342 1684 2369 illi
1698 2342 1819 2370 faciunt?
1835 2355 1837 2358 τ

1026 2393 1110 2421 Nemo
1125 2400 1184 2428 qua:
1197 2391 1295 2419 Christi
1309 2396 1371 2417 sunt
1382 2389 1477 2424 qurerit
1489 2409 1496 2421 ,
1511 2388 1557 2415 sed
1573 2395 1666 2415 omnes
1687 2395 1746 2422 qum
1768 2396 1816 2415 sua

1027 2444 1088 2467 sunt
1103 2438 1242 2474 (Philipp.
1256 2437 1283 2464 2.
1297 2437 1329 2464 ‘21
1343 2436 1364 2471 ).
1381 2435 1441 2462 Filii
1454 2441 1546 2462 eorum
1560 2433 1595 2460 ad
1610 2433 1745 2460 libidinem
1758 2441 1818 2460 cur-

1026 2488 1089 2512 runt
1104 2492 1111 2510 :
1129 2487 1218 2518 patres
1230 2489 1322 2510 eorum
1334 2481 1366 2508 ad
1377 2479 1516 2507 avaritiam
1528 2483 1554 2506 et
1564 2478 1685 2513 rapinam
1701 2487 1707 2504 :
1721 2486 1818 2506 uxores

1026 2539 1117 2559 eorum
1132 2531 1164 2558 ad
1181 2530 1336 2557 saecularem
1359 2528 1476 2555 fastum:
1500 2533 1560 2561 qum
1585 2526 1656 2553 viros
1678 2533 1741 2553 SIIOS
1764 2533 1816 2552 non

1026 2578 1106 2605 modo
1122 2585 1174 2604 non
1190 2576 1284 2603 sedant
1295 2595 1303 2608 ,
1319 2574 1366 2601 sed
1380 2574 1461 2601 etiam
1485 2576 1642 2607 provocant.
1666 2571 1712 2599 Sta
1738 2571 1818 2606 igitur

1026 2624 1052 2650 in
1066 2623 1123 2650 foro
1135 2643 1142 2655 ,
1157 2622 1290 2656 interroga
1304 2624 1399 2648 euntes
1411 2623 1439 2646 et
1457 2618 1600 2645 redeuntes
1613 2638 1620 2651 ,
1637 2622 1664 2644 et
1680 2617 1814 2644 neminem

1025 2669 1127 2696 videbis
1140 2675 1188 2702 pro
1200 2675 1229 2694 re
1242 2665 1374 2701 spirituali
1391 2664 1559 2691 festinantem
1573 2683 1581 2696 ,
1595 2662 1642 2690 sed
1659 2670 1752 2690 omnes
1767 2670 1826 2696 pro-

1025 2713 1175 2741 earnalibus
1195 2716 1343 2741 currentes.
1364 2711 1509 2744 Quousque
1531 2717 1583 2736 non
1608 2708 1812 2744 resipiscimus?

1024 2766 1162 2794 quousque
1179 2752 1385 2793 in‘profnndum
1409 2762 1532 2782 somnum
1553 2752 1824 2788 dejicimuriannon.

1025 2805 1155 2832 malorum
1168 2811 1217 2830 nos
1229 2803 1300 2838 cepit
1312 2801 1440 2830 satietas?
1452 2800 1531 2836 Atqui
1545 2799 1625 2827 etiam
1639 2798 1739 2832 absque
1751 2804 1814 2824 vcr-

1025 2852 1070 2880 bis
1081 2852 1136 2887 ipsa
1150 2858 1239 2879 rerum
1253 2849 1417 2886 experientia
1427 2848 1495 2876 satis
1504 2851 1545 2875 est
1558 2845 1591 2873 ad
1603 2843 1738 2873 docendos
1752 2850 1815 2877 nos,
