2060 3111
244 153 278 182 15
564 148 591 176 S.
611 146 749 176 JOANNIS
769 142 1006 173 CllRYSOSTOMi
1026 143 1184 171 ARCIHEP.
1206 145 1472 173 CONSTANTINOP.
1846 147 1879 175 76

243 209 309 238 nihil
325 215 384 236 esse
399 213 442 234 res
457 209 602 242 przesentes
615 209 640 231 et
655 211 732 239 prava
748 209 806 230 esse
821 200 921 228 omnia.
940 198 1035 226 llomi—

243 263 292 284 nes
311 260 385 282 certe
398 253 442 289 qtti
462 257 598 281 externam
622 249 779 285 sapientiam
804 246 984 279 exercebant,
1010 251 1037 272 et

243 301 310 329 nihil
324 302 472 328 futurorum
488 301 614 325 noverant
629 318 636 330 ,
653 303 712 323 cum
728 293 965 328 deprchendisseut
978 299 1035 318 ma-

243 356 322 384 gnam
352 346 521 382 purgantium
549 351 638 371 rerum
668 341 812 373 vilitatem,
848 339 907 366 ideo
934 344 1035 366 tantum

244 396 444 422 abscesserunt.
472 391 556 425 Quam
579 397 643 424 ergo
665 392 692 415 tu
716 387 887 422 consequeris
909 385 1034 419 veniam,

245 441 287 476 qui
303 439 375 467 humi
391 437 461 473 repis
474 457 481 470 ,
497 443 546 463 nec
564 434 679 468 despicis
696 441 775 468 parva
793 433 850 459 hinc
865 440 926 467 qum
949 436 1035 458 trans-

244 491 328 518 eunt,
355 491 404 512 nec
426 482 529 510 deseris
551 488 599 515 pro
624 480 655 507 iis
680 487 739 514 qua:
761 486 854 514 magna
875 482 936 504 sunt
957 482 1035 512 atque

243 537 342 558 auerna
356 551 362 561 ,
377 529 421 564 qui
437 528 522 562 ipsum
538 526 619 553 Deum
639 525 716 552 audis
740 524 791 551 hoc
813 524 858 551 libi
882 526 1035 550 monstran—

243 582 315 610 tem,
336 579 363 602 et
389 574 422 602 ab
445 573 502 608 ipso
527 573 592 600 tales
615 571 698 598 habes
725 567 935 605 promissiones?
959 566 1034 600 Quod

243 623 312 650 enim
327 620 385 648 hinc
401 628 453 647 non
468 619 532 646 satis
550 618 601 645 sint
624 616 657 644 ad
680 615 852 643 detinendum
877 613 1012 641 hominem
1026 633 1032 645 ,

243 666 417 694 ostenderunt
433 666 449 692 ii
464 665 507 700 qui
527 664 628 698 absque
649 662 781 696 majorum
806 668 896 687 rerum
921 658 1034 694 promis-

243 713 318 741 sione
332 713 366 740 ab
378 712 416 739 eis
432 711 627 738 abstinuerunt.
641 708 711 742 Quas
724 707 794 734 enim
806 706 911 733 divitias
925 711 1036 738 exspec-

244 763 332 786 tantes
345 780 354 793 ,
369 758 402 785 ad
415 761 596 793 paupertatem
612 753 763 783 venerunt?
776 753 866 780 Nullas
878 760 885 786 ;
905 750 951 778 sed
963 749 1032 785 quod

1095 199 1162 227 bene
1178 200 1277 227 scirent
1292 201 1370 228 talem
1387 205 1568 236 paupertatem
1584 208 1644 229 esse
1663 202 1762 230 divitiis
1786 203 1879 231 melio-

1091 252 1158 272 rem.
1174 245 1257 278 Quam
1271 251 1409 280 sperantes
1422 246 1502 273 vitam
1523 247 1632 274 delicias
1655 247 1838 282 reliquerunt,
1853 253 1880 276 ct

1092 297 1193 324 asperae
1204 291 1265 318 vitm
1278 299 1306 318 se
1319 291 1478 318 dediderunt
1488 291 1499 317 ?
1510 291 1618 325 Nullas;
1634 292 1681 320 sed
1696 294 1778 328 ipsam
1792 301 1879 321 rerum

1092 341 1213 363 naturam
1233 336 1318 364 edocti
1332 358 1339 370 ,
1353 342 1379 365 et
1399 338 1515 366 scientes
1537 338 1589 366 hoc
1612 339 1698 374 aptius
1722 347 1782 368 esse
1803 346 1826 368 et
1849 341 1881 369 ad

1090 382 1186 408 animm
1206 383 1401 418 philosophiam
1414 405 1421 418 ,
1446 389 1473 411 et
1493 384 1670 420 ad'corporis
1692 387 1880 417 valetudinem.

1091 428 1153 455 [hec
1175 429 1253 463 igitur
1276 437 1325 456 nos
1346 431 1435 458 animo
1458 436 1631 466 reputantes,
1656 437 1682 460 et
1703 432 1789 460 futura
1815 434 1882 461 bona

1091 474 1200 501 assidue
1222 475 1248 502 in
1271 475 1348 503 nobis
1376 482 1532 511 versantes,
1560 485 1575 504 a
1602 478 1681 506 rebus
1708 481 1882 514 prxsentibus

1090 520 1266 547 abscedamus
1278 542 1285 554 ,
1301 526 1329 548 ut
1343 521 1388 549 illa
1403 522 1489 549 futura
1509 531 1704 559 consequamur
1717 546 1724 559 ,
1751 526 1834 560 gratia
1857 531 1884 554 et

1091 566 1254 602 benignitate
1271 568 1376 596 Domini
1393 570 1476 597 nostri
1491 570 1553 597 Jesu
1568 570 1665 598 Christi
1679 592 1686 603 ,
1708 571 1814 606 quicum
1835 573 1884 600 Pa-

1092 613 1124 639 tri
1141 621 1244 648 unaqne
1260 613 1368 648 Spiritui
1389 620 1499 649 sancto,
1523 616 1606 651 gloria
1621 637 1628 649 ,
1650 616 1788 652 imperium
1802 639 1809 650 ,
1835 618 1883 645 lto-

1091 665 1160 690 nor,
1185 666 1254 686 nunc
1282 664 1309 686 et
1333 667 1460 696 semper,
1487 665 1513 688 et
1539 661 1565 688 in
1591 663 1686 689 smcula
1712 663 1882 692 swculorum.

1092 704 1188 730 Amen.

246 810 1880 826 _____—__————————————-——"_——-——_-—___

949 850 1122 882 HOMILIA
1144 850 1202 881 IX.

245 923 306 952 CAP.
323 924 351 952 5.
365 931 392 950 ν.
407 923 451 950 12.
470 921 569 956 Siquis
587 918 771 954 cuperedi/icat
794 924 873 950 διηηά
887 914 1036 950 fundamen-

279 975 332 997 tum
360 969 426 1000 hoc,
454 975 564 998 aurum,
591 970 744 1001 argentum,
769 963 868 998 lapides
890 961 1012 995 pretiosos
1026 980 1034 992 ,

280 1017 348 1051 ﬁgna
361 1036 368 1047 ,
390 1017 483 1049 fanum
497 1034 504 1046 ,
524 1013 665 1047 stipulam,
688 1011 733 1038 15.
755 1009 952 1043 uniuscujusque
973 1013 1036 1040 opus

279 1061 440 1097 manifestum
455 1060 510 1086 erit.
525 1058 586 1086 Dies
599 1058 664 1085 enim
684 1056 788 1083 Domini
807 1053 942 1081 declarabit
954 1073 961 1084 ,
977 1052 1036 1087 quia

278 1109 304 1134 in
317 1108 375 1142 igne
388 1106 556 1137 revelabitur;
568 1109 590 1131 et
606 1103 805 1137 uniuscujusque
817 1108 880 1136 opus
893 1098 969 1135 quale
983 1098 1015 1125 sit
1026 1118 1034 1132 ,

278 1154 344 1188 ignis
357 1151 481 1188 probabit.
499 1151 543 1178 Η.
559 1150 589 1178 Si
602 1150 674 1184 cujus
688 1157 751 1184 opus
769 1148 889 1174 manserit
908 1146 976 1182 quod
991 1153 1036 1173 stt-

279 1197 507 1234 perwdiﬁcaverit,
534 1196 673 1223 mercedem
701 1195 816 1230 accipiet.
847 1193 890 1221 15.
910 1193 940 1220 Si
964 1192 1037 1226 cujus

279 1253 343 1278 opus
355 1243 444 1271 arserit
457 1263 465 1275 ,
479 1242 655 1269 detrimentum
669 1241 779 1275 patietur
791 1247 800 1265 :
811 1240 866 1273 ipse
883 1243 967 1265 autem
986 1237 1038 1264 sal-

278 1298 324 1317 rus
336 1289 382 1316 erit
394 1309 402 1323 ,
417 1289 453 1316 sic
466 1293 550 1316 tamen
563 1287 635 1323 quasi
648 1295 692 1322 per
706 1286 796 1322 ignem.

279 1367 306 1394 l.
325 1367 382 1394 Non
398 1370 438 1394 est
452 1372 534 1400 parva
554 1364 612 1391 hmo
626 1371 686 1399 qua:
700 1362 777 1390 nobis
791 1361 950 1397 proponitur
964 1368 1035 1396 qua:-

244 1414 295 1440 stio
306 1433 313 1445 ,
329 1412 376 1440 sed
391 1411 425 1439 de
440 1411 521 1439 rebus
537 1409 652 1437 maxime
667 1408 826 1436 necessariis
839 1428 845 1440 ,
861 1412 888 1434 et
903 1414 969 1442 quas
980 1414 1038 1433 om-

244 1467 292 1487 nes
300 1461 422 1493 quaerunt
432 1457 554 1484 homines
563 1477 569 1490 ,
579 1463 613 1482 an
623 1454 752 1490 gehennae
762 1454 830 1490 ignis
840 1453 918 1481 ﬁnem
929 1453 1036 1480 habeat.

248 1503 314 1531 Nam
329 1503 399 1539 quod
413 1510 464 1530 non
479 1501 592 1534 habeat,
602 1500 724 1528 Christus
735 1499 916 1534 pronuntiavit
927 1498 1036 1525 dicens:

245 1550 317 1585 Ignis
336 1556 421 1575 eorum
444 1555 493 1574 non
516 1547 687 1582 exstinguetur
699 1566 706 1578 ,
729 1549 752 1572 et
774 1544 863 1571 vermis
883 1552 968 1570 eorum
988 1551 1039 1569 non

245 1594 366 1621 morietur
385 1592 489 1630 (Marc.
512 1592 539 1620 9.
557 1592 591 1620 45
606 1592 626 1627 ).
651 1591 685 1618 Ει
705 1591 762 1618 scio
783 1590 891 1625 quidem
914 1596 962 1617 vos
981 1589 1038 1616 lucc

245 1640 382 1668 audientes
397 1643 548 1673 torpescere
563 1647 570 1665 :
586 1637 632 1665 sed
647 1637 710 1672 quid
732 1636 849 1664 iaciam?
872 1636 941 1663 Deus
966 1635 1037 1662 enim

243 1686 318 1720 jubet
331 1686 387 1713 htec
402 1684 554 1719 frequenter
569 1683 694 1710 insonare
706 1703 713 1715 ,
726 1682 818 1709 dicens
830 1701 837 1713 .
853 1681 969 1715 Prwcipe
980 1680 1038 1707 huic

245 1732 357 1767 populo;
372 1735 398 1758 et
412 1738 461 1758 nos
482 1729 515 1757 ad
538 1729 715 1758 ministerium
738 1728 811 1756 verbi
830 1727 968 1755 constituti
991 1734 1038 1754 su-

245 1785 304 1805 mus
320 1786 326 1804 :
343 1785 373 1805 ac
388 1783 499 1804 necesse
517 1781 558 1803 cst
578 1779 606 1802 ut.
626 1775 676 1802 sim
699 1774 829 1801 molestus
847 1773 1014 1800 auditoribus
1028 1793 1036 1806 ,

245 1831 298 1851 non
315 1823 409 1851 lubens
421 1843 428 1855 ,
445 1822 492 1849 sed
507 1826 626 1849 coactus.
643 1821 699 1848 lino
715 1821 736 1848 si
753 1820 831 1847 vultis
843 1841 850 1853 ,
868 1827 921 1846 non
937 1819 1038 1846 erimus

245 1870 351 1898 onerosi
369 1879 376 1897 :
391 1869 457 1896 Nam
480 1868 502 1896 si
521 1868 620 1896 bonum
633 1888 641 1900 ,
666 1867 771 1902 inquit,
793 1866 874 1893 iacias
887 1887 894 1898 ,
919 1873 953 1893 ne
975 1865 1038 1892 time

246 1915 342 1951 (Rom.
358 1915 401 1942 l5.
421 1913 470 1950 5).
497 1914 588 1950 itaque
614 1913 677 1940 licet
701 1912 779 1940 vobis
801 1919 854 1940 non
876 1911 962 1939 solum
984 1919 1037 1939 non

245 1969 335 1996 πετο,
359 1961 405 1988 sed
428 1960 508 1988 etiam
531 1967 592 1988 cum
615 1959 752 1994 voluptate
769 1965 819 1986 nos
839 1958 942 1985 audire.
960 1957 1036 1991 Quod

245 2006 325 2041 igitur
339 2007 418 2033 ﬁnem
434 2013 486 2033 non
502 2005 600 2032 habeat
612 2025 619 2037 ,
631 2003 755 2031 Christus
768 2004 825 2038 ipse
837 2003 1016 2038 pronuntiavit
1028 2013 1036 2031 :

245 2051 343 2080 Paulus
357 2057 445 2079 autem
461 2051 543 2083 dicit,
560 2050 707 2078 ostendens
723 2050 873 2077 immortale
891 2057 951 2077 esse
972 2057 1037 2085 sup-

245 2097 353 2132 plicittm
366 2116 374 2130 ,
396 2101 552 2130 peceatores
565 2095 676 2122 daturos
691 2101 750 2122 esse
765 2101 858 2129 pinnas
871 2094 997 2121 exitiosas
1011 2099 1038 2122 et

245 2148 360 2170 internas
376 2143 384 2177 (
398 2142 425 2168 ‘2.
444 2142 532 2169 Thess.
550 2141 576 2168 L
592 2141 609 2170 9
621 2140 643 2176 );
657 2145 683 2168 et
696 2147 802 2167 rursum
815 2160 822 2174 ,
836 2139 922 2167 Nolite
933 2149 1037 2168 errare:

246 2198 325 2222 neque
338 2189 518 2225 fornicatores,
535 2195 614 2223 neque
638 2187 746 2215 adulteri
757 2208 765 2220 ,
790 2196 868 2222 neque
888 2189 976 2216 molles
995 2196 1036 2215 re-

245 2243 322 2270 gnum
347 2233 396 2260 Dei
419 2232 581 2269 possidebunt
603 2232 611 2267 (
625 2233 651 2260 1.
666 2232 725 2259 Cor.
742 2232 768 2260 6.
783 2233 809 2259 9.
826 2233 859 2261 10
872 2234 892 2268 ).
919 2233 1037 2262 Ηείπςιὶε

246 2287 352 2315 quoque
365 2279 471 2306 dicebat
485 2287 492 2306 :
516 2277 610 2304 Pacem
626 2278 803 2313 persequimini
817 2287 874 2305 cum
888 2279 1003 2307 omnibus
1015 2284 1038 2307 et

245 2325 490 2360 sancti/irationem,
519 2323 573 2350 sine
593 2331 643 2359 qua
674 2332 746 2350 nemo
778 2324 869 2351 videbit
901 2324 1037 2352 Dominum

246 2371 349 2407 (Hebr.
366 2370 409 2398 12.
425 2370 457 2398 M
470 2372 490 2405 ).
507 2370 541 2397 Et
553 2369 675 2397 Christus
691 2370 723 2396 iis
733 2370 776 2405 qui
787 2371 912 2398 dicebant
924 2392 931 2404 ,
948 2370 981 2398 In
993 2380 1038 2398 no-

246 2419 314 2445 mine
329 2421 371 2443 tuo
385 2416 488 2443 uirtutes
499 2415 590 2442 multas
601 2415 705 2450 fecimus
718 2436 725 2449 ,
739 2416 777 2443 ait
791 2425 798 2442 :
811 2416 940 2444 Discedite
951 2426 967 2443 (ι
979 2425 1018 2444 me
1028 2438 1036 2451 ,

244 2465 288 2498 qui
309 2462 450 2497 operamini
471 2461 647 2496 iniquitatem;
667 2469 717 2488 non
740 2462 798 2490 novi
822 2471 865 2490 vos
878 2462 886 2498 (
900 2464 992 2490 Matth.
1010 2465 1036 2490 7.

244 2508 289 2535 22.
303 2507 339 2535 9.5
351 2507 371 2543 ).
387 2507 421 2534 Et
433 2507 550 2542 virgines
571 2507 686 2535 exclusa:
705 2512 768 2535 sttnt
780 2529 787 2541 ,
812 2516 899 2543 neque
921 2505 1036 2537 inti‘ave-

246 2557 330 2581 runt:
351 2557 377 2580 et
396 2552 429 2580 de
451 2553 505 2586 iis,
529 2553 574 2588 qui
598 2553 685 2588 ipsum
706 2561 758 2581 non
782 2555 952 2587 nutrierunt,
977 2555 1036 2582 ait:

245 2598 323 2627 Ibunt
336 2600 362 2626 in
376 2599 530 2634 supplicium
542 2600 682 2634 wternum(
696 2599 789 2627 Matth.
803 2600 848 2627 25.
864 2600 899 2628 40
909 2599 930 2635 ).

282 2656 449 2685 Peccatorunt
471 2655 625 2690 supplicium
648 2656 724 2690 ﬁnem
749 2663 800 2682 non
819 2656 905 2683 habet.
927 2671 962 2676 —
983 2656 1038 2684 Nec

247 2703 311 2730 mihi
326 2702 399 2729 dicas
413 2711 420 2729 :
434 2701 548 2730 Ubinam
561 2701 631 2736 arqui
646 2701 714 2728 ratio
727 2707 849 2729 servatur
860 2722 868 2734 ,
894 2702 916 2730 si
935 2703 1037 2738 suppli-

246 2749 317 2776 cium
334 2755 387 2774 non
400 2747 480 2774 habet
499 2746 601 2774 linem?
621 2745 731 2780 Quando
753 2747 823 2773 enim
850 2747 920 2775 Deus
937 2748 1037 2783 aliquid

247 2793 311 2821 facit
322 2814 329 2827 ,
345 2793 404 2828 ejus
417 2792 557 2820 sententia:
572 2792 722 2826 obsequere
734 2812 742 2825 ,
754 2796 781 2819 et
800 2800 834 2820 ne
857 2801 888 2820 ea
901 2814 909 2827 ,
924 2801 983 2828 quae
997 2794 1038 2822 di-

247 2845 343 2867 cuntur
354 2859 361 2873 ,
380 2838 502 2866 humanis
517 2837 664 2865 ratiociniis
679 2837 792 2872 subjice.
806 2838 931 2873 Alioquin
947 2845 1036 2867 autem

247 2885 382 2920 quomodo
396 2891 449 2913 non
460 2884 560 2919 justum
574 2883 654 2912 fuerit
666 2905 674 2920 ,
690 2892 748 2920 gum
761 2884 807 2920 qui
820 2885 854 2913 ab
867 2885 944 2914 initio
958 2886 1034 2915 innu-

1094 920 1170 940 mera
1191 915 1294 950 accepit
1318 916 1465 951 beneﬁcia,
1486 917 1635 954 deindcque
1652 920 1782 955 supplicio
1807 922 1887 957 digna

1091 961 1223 994 patravit,
1249 969 1281 990 ac
1303 970 1389 998 neque
1411 964 1491 991 minis
1518 972 1604 1000 neque
1631 965 1768 994 beneﬁciis
1792 969 1888 996 melior

1089 1005 1198 1033 ell‘ectus
1213 1011 1271 1040 est,
1282 1008 1412 1042 supplicio
1426 1009 1523 1043 plecti?
1535 1010 1600 1037 Nam
1612 1010 1633 1037 si
1646 1011 1671 1038 id
1684 1033 1690 1043 ,
1703 1012 1773 1046 quod
1783 1013 1886 1047 justum

1090 1055 1130 1078 est
1143 1071 1150 1084 ,
1166 1052 1266 1086 qumris
1278 1073 1285 1086 ,
1302 1053 1335 1079 ab
1348 1054 1424 1081 initio
1440 1061 1490 1082 nos
1505 1055 1616 1089 periisse
1631 1058 1769 1092 oportuit,
1785 1066 1888 1086 secun-

1090 1096 1154 1125 dum
1168 1099 1236 1133 arqui
1252 1104 1278 1126 ct
1290 1099 1355 1134 justi
1370 1101 1501 1128 rationem
1515 1110 1521 1134 ;
1539 1103 1593 1130 imo
1607 1111 1694 1138 neque
1709 1109 1772 1132 tunc
1786 1114 1886 1133 secun-

1089 1143 1152 1171 dum
1168 1145 1236 1180 tequi
1247 1145 1344 1180 etjusti
1359 1147 1489 1174 rationem
1503 1152 1603 1176 tantum
1621 1158 1627 1176 :
1640 1157 1700 1177 nam
1715 1150 1888 1187 benignitatis

1090 1188 1197 1222 fuisset,
1228 1190 1249 1217 si
1272 1190 1323 1218 hoc
1344 1192 1414 1226 passi
1439 1200 1571 1222 essemus.
1597 1194 1709 1228 Quando
1731 1198 1801 1224 enim
1826 1199 1888 1232 quis

1089 1242 1150 1262 eum
1162 1256 1170 1269 ,
1182 1236 1266 1270 quise
1276 1236 1343 1263 nihil
1355 1238 1423 1265 laesit
1433 1259 1440 1271 ,
1451 1240 1612 1267 contumelia
1623 1240 1705 1268 afﬁcit
1717 1263 1724 1275 ,
1738 1244 1887 1271 secundum

1089 1281 1152 1315 justi
1167 1282 1298 1309 rationem
1311 1283 1356 1310 dat
1371 1291 1464 1318 poenas
1476 1293 1483 1318 ;
1496 1285 1602 1320 quando
1613 1292 1701 1315 autem
1711 1288 1864 1316 beneﬁcum
1879 1312 1887 1323 ,

1090 1328 1134 1362 qui
1149 1328 1214 1355 nihil
1230 1334 1307 1356 antea
1323 1331 1428 1365 accepit
1449 1331 1570 1360 beneﬁcii
1584 1353 1591 1364 ,
1612 1334 1659 1360 sed
1678 1334 1734 1369 ipse
1756 1335 1888 1364 beneﬁcia

1091 1373 1164 1402 mille
1177 1374 1266 1402 intulit
1279 1395 1286 1407 ,
1301 1376 1345 1410 qui
1362 1376 1417 1403 sola
1440 1384 1520 1405 causa
1535 1383 1576 1406 est
1594 1379 1666 1414 quod
1691 1380 1734 1408 ille
1754 1382 1865 1408 exsistat
1879 1402 1887 1414 ,

1090 1420 1134 1454 qtli
1149 1419 1219 1448 Deus
1232 1425 1273 1448 est
1285 1426 1312 1448 et
1325 1422 1441 1449 animam
1458 1423 1596 1458 inspiravit
1610 1425 1801 1462 innumeraque
1817 1428 1888 1456 bona

1091 1465 1200 1498 intulit,
1224 1471 1305 1502 atque
1327 1468 1351 1494 in
1371 1469 1467 1496 caelum
1490 1470 1615 1498 inducere
1639 1472 1746 1500 voluit:
1769 1473 1791 1500 si
1815 1474 1889 1502 hunc

1091 1517 1152 1546 post
1171 1517 1210 1540 tot
1233 1513 1364 1542 beneﬁcia
1377 1536 1384 1548 ,
1404 1524 1457 1543 non
1483 1517 1563 1544 modo
1587 1520 1748 1547 contumelia
1769 1520 1887 1554 alliciat,

1090 1559 1137 1586 sed
1152 1563 1178 1586 et
1193 1560 1369 1588 contumelias
1383 1562 1503 1596 quotidie
1519 1571 1566 1597 per
1579 1570 1660 1598 opera
1675 1571 1798 1600 repetat,
1815 1575 1885 1601 qna-

1091 1612 1151 1632 nam
1168 1605 1264 1640 dignus
1276 1605 1357 1634 fuerit
1371 1608 1469 1635 venia?
1489 1608 1546 1636 Non
1567 1610 1642 1638 vides
1663 1612 1796 1645 quomodo
1817 1613 1888 1640 Ada-

1091 1659 1162 1678 mum
1189 1652 1305 1686 punierit
1331 1658 1441 1687 propter
1466 1662 1549 1682 unum
1585 1659 1749 1692 peacattnn?
1776 1659 1863 1686 Etiam
1879 1681 1887 1692 ,

1090 1697 1213 1732 inquies,
1233 1698 1383 1732 paradisum
1409 1700 1457 1734 ipsi
1481 1700 1554 1728 dedit
1579 1706 1606 1729 et
1625 1702 1714 1730 eﬁ‘ecit
1738 1708 1766 1731 nt
1791 1712 1887 1739 magna

1090 1741 1225 1769 frueretur
1238 1742 1438 1771 benevolentia.
1461 1745 1540 1780 Atqui
1559 1753 1611 1773 non
1629 1754 1676 1782 par
1689 1755 1733 1775 res
1747 1753 1787 1776 est
1800 1770 1807 1781 ,
1823 1757 1887 1777 eum

1090 1787 1134 1822 qui
1151 1787 1176 1815 in
1192 1789 1336 1816 securitate
1348 1790 1412 1817 vivit
1426 1798 1538 1825 peccare
1549 1812 1557 1824 ,
1579 1797 1605 1819 et
1620 1800 1680 1820 eum
1696 1793 1741 1828 qui
1757 1795 1781 1821 in
1796 1795 1888 1823 mttltis

1090 1835 1217 1862 aerumnis
1231 1835 1295 1862 vivit
1307 1856 1314 1867 ,
1331 1835 1355 1863 id
1370 1835 1470 1864 facere.
1486 1838 1521 1864 Et
1542 1838 1593 1866 hoc
1616 1839 1703 1874 ipsum
1726 1849 1806 1875 grave
1823 1846 1865 1869 est
1877 1863 1885 1875 ,

1090 1881 1160 1915 quod
1176 1888 1228 1907 non
1253 1881 1278 1908 in
1305 1883 1428 1916 paradiso
1450 1891 1564 1917 pecces,
1588 1885 1634 1912 sed
1659 1886 1684 1913 in
1710 1887 1785 1915 malis
1805 1887 1887 1923 hujus

1091 1926 1151 1954 vita:
1163 1925 1329 1961 innumeris,
1348 1936 1435 1963 neque
1453 1936 1486 1956 ex
1509 1930 1615 1957 miseria
1638 1933 1740 1959 cautior
1763 1934 1884 1962 evadas:

1089 1979 1120 1999 ac
1132 1972 1155 1999 si
1170 1973 1230 2007 quis
1243 1973 1348 2001 vinctus
1363 1974 1481 2009 nequitia
1496 1980 1625 2005 uteretur.
1650 1978 1709 2005 Tibi
1726 1987 1790 2006 vero
1802 1980 1885 2008 eti‘tm

1091 2018 1214 2053 paradiso
1228 2019 1327 2054 majora
1343 2020 1486 2054 promisit,
1511 2029 1597 2056 neque
1612 2023 1658 2050 tibi
1671 2024 1726 2058 jam
1741 2024 1814 2052 dedit
1826 2048 1832 2057 .
1850 2034 1886 2054 ne

1090 2068 1116 2091 te
1129 2064 1155 2091 in
1170 2068 1290 2099 tempore
1302 2066 1477 2093 certaminum
1495 2068 1645 2096 molliorem
1665 2069 1788 2098 redderet
1805 2081 1811 2098 ε
1835 2080 1885 2100 ne-

1089 2117 1142 2144 que
1157 2112 1238 2137 tacuit
1249 2131 1256 2144 ,
1271 2118 1305 2138 ne
1319 2115 1344 2138 te
1358 2111 1437 2138 nimis
1449 2112 1577 2147 dejiceret
1590 2114 1616 2140 in
1631 2115 1776 2143 laboribus.
1793 2116 1825 2143 Et
1839 2117 1886 2146 illo

1089 2156 1197 2191 quidem
1212 2164 1265 2184 uno
1280 2162 1391 2192 peccato
1405 2162 1486 2185 totam
1509 2159 1543 2185 ad
1568 2166 1597 2187 se
1618 2165 1732 2188 mortem
1755 2163 1884 2196 attraxit;

1090 2210 1139 2230 nos
1154 2208 1242 2230 autem
1255 2203 1373 2237 quotidie
1385 2203 1523 2232 innumera
1539 2211 1648 2239 peccata
1663 2207 1840 2236 admittimus.
1857 2209 1885 2236 Si

1089 2254 1178 2277 autem
1193 2249 1237 2277 ille
1249 2256 1310 2276 cum
1322 2257 1404 2276 unum
1417 2250 1569 2278 admisisset
1584 2272 1591 2284 ,
1605 2255 1706 2279 tantum
1718 2253 1768 2280 sibi
1782 2254 1882 2281 malum

1089 2293 1217 2327 attraxit,
1233 2299 1259 2321 et
1275 2298 1390 2321 mortem
1405 2295 1524 2328 invexit;
1540 2296 1584 2331 qui
1605 2304 1711 2332 semper
1726 2298 1751 2324 in
1767 2300 1885 2333 peccatis

1089 2339 1220 2372 vivimus,
1233 2339 1295 2374 quid
1308 2347 1359 2366 non
1373 2340 1503 2374 patiemur
1513 2361 1521 2374 ,
1536 2341 1580 2376 qui
1595 2349 1642 2376 pro
1655 2343 1778 2376 paradiso
1787 2343 1883 2371 cadum

1090 2384 1250 2419 speramus?
1265 2384 1374 2411 Molesta
1389 2390 1451 2413 sunt
1464 2385 1523 2413 hazc
1536 2383 1551 2418 ,‘
1568 2391 1596 2413 ct
1614 2388 1740 2414 maestitia
1764 2389 1886 2416 afﬁciunt.

1089 2430 1238 2457 auditorem
1262 2439 1268 2456 :
1290 2429 1340 2457 hoc
1355 2430 1424 2458 bene
1439 2431 1499 2458 novi
1515 2439 1547 2459 ex
1564 2432 1595 2459 iis
1608 2453 1615 2465 ,
1632 2441 1691 2468 quae
1708 2434 1765 2469 ipse
1778 2435 1883 2469 patior;

1090 2483 1136 2502 cor
1149 2475 1221 2502 enim
1236 2483 1323 2503 meum
1340 2476 1463 2504 turbatur
1482 2481 1510 2504 et
1526 2478 1636 2512 palpitat
1650 2487 1656 2506 :
1680 2483 1707 2506 et
1724 2488 1777 2515 quo
1798 2482 1885 2515 magis

1090 2521 1168 2548 video
1181 2521 1286 2555 probari
1300 2521 1325 2548 id
1335 2542 1342 2553 ,
1355 2522 1425 2556 quod
1438 2522 1470 2549 de
1481 2523 1604 2557 gehenna
1617 2524 1716 2552 dicitur
1728 2546 1735 2559 ,
1751 2533 1783 2552 eo
1800 2528 1884 2562 magis

1091 2571 1175 2594 tremo
1190 2571 1217 2594 et
1231 2575 1263 2594 ex
1279 2572 1350 2594 metu
1371 2567 1484 2602 refugio.
1502 2568 1555 2596 Sed
1570 2577 1681 2598 necesse
1700 2576 1740 2598 est
1762 2572 1818 2599 lucc
1841 2572 1884 2599 di-

1090 2619 1152 2639 cere
1164 2632 1171 2644 ,
1186 2620 1219 2640 ne
1232 2612 1258 2639 in
1272 2612 1422 2647 gehennam
1437 2613 1596 2641 incidamus.
1623 2614 1681 2642 Non
1707 2617 1833 2651 accepisti
1857 2622 1884 2644 tu

1090 2658 1242 2694 paradisum
1257 2666 1344 2693 neque
1359 2659 1428 2694 ligna
1444 2667 1531 2694 neque
1545 2660 1651 2694 plantas
1664 2682 1672 2694 ,
1687 2661 1733 2689 sed
1749 2662 1842 2689 cadum
1858 2668 1885 2690 et

1090 2704 1208 2732 cmlestia
1228 2704 1308 2732 bona.
1330 2704 1406 2738 Quod
1429 2705 1451 2732 si
1475 2705 1497 2732 is
1517 2705 1562 2740 qui
1577 2706 1681 2733 minora
1696 2708 1817 2742 accepit,
1839 2708 1885 2735 da-

1091 2756 1198 2778 mnatus
1211 2755 1269 2784 est,
1284 2758 1370 2786 neque
1383 2751 1434 2778 ulla
1444 2759 1504 2778 cum
1518 2752 1588 2778 eruit
1600 2752 1667 2780 ratio
1683 2762 1689 2780 :
1703 2754 1787 2782 multo
1802 2755 1885 2789 magis

1090 2805 1140 2824 nos
1150 2818 1157 2830 ,
1168 2797 1211 2831 qui
1224 2797 1300 2831 plura
1313 2798 1480 2831 peccavimus
1491 2802 1517 2825 et
1529 2797 1561 2824 ad
1573 2798 1674 2833 tnajora
1685 2800 1773 2826 vocati
1781 2807 1883 2833 sumus.

1089 2842 1267 2870 intolerabilia
1281 2842 1423 2876 patiemur.
1439 2843 1532 2877 Cogita
1552 2850 1618 2878 ergo
1641 2849 1742 2879 quanto
1763 2849 1885 2880 tempore

1091 2888 1117 2916 in
1131 2892 1217 2916 morte
1229 2892 1320 2916 manet.
1342 2894 1451 2924 propter
1468 2897 1550 2918 unum
1574 2895 1713 2925 peccatum
1731 2898 1816 2926 genus
1837 2898 1885 2919 no-
