2041 3111
161 133 194 162 ιη
711 129 744 157 lN
763 128 895 158 EPlST.l
921 129 966 157 AD
983 128 1060 158 con.
1083 132 1197 162 ttomL.
1219 135 1264 163 Ix.
1757 143 1792 171 ἰε

163 198 253 221 struat.
263 189 389 226 Quinque
401 190 474 218 ntille
485 189 548 217 anni
561 193 588 216 et
602 188 691 224 plures
705 188 890 223 prmteriemut
902 209 909 221 ,
922 192 949 215 et

163 247 232 267 mors
247 237 364 265 nondum
380 237 468 264 soluta
489 237 556 269 luit,
580 241 689 271 propter
709 244 789 263 nttnm
811 240 950 270 peccatum

163 286 274 313 inducta.
298 283 353 311 Nec
367 290 510 318 possumus
521 282 610 310 dicere
628 282 757 309 Adatnum
773 282 886 316 aliquem
902 289 951 308 au-

163 332 230 359 disse
246 331 405 366 prophetam
419 351 426 363 ,
442 330 484 356 vel
508 330 594 364 ipsum
619 328 687 355 alios
710 332 818 362 propter
842 332 950 362 peccata

163 377 265 413 punitos
280 376 379 403 vidisse
391 397 399 408 ,
416 380 443 402 et
457 383 504 410 par
517 375 598 401 luisse
613 379 641 401 ut
656 374 717 401 inde
731 375 837 401 timeret
847 395 853 405 ,
871 379 951 408 atque

163 422 281 456 exemplo
293 422 398 449 cautior
412 423 487 448 lierct
501 429 508 447 :
526 421 626 455 primus
641 421 713 447 enim
728 424 786 448 erat
808 424 834 446 et
853 420 926 447 solus
941 440 948 453 ,

163 475 299 504 tatnenque
311 467 482 503 punicbatur.
493 467 532 493 Tu
546 474 612 493 vero
623 466 689 493 nihil
699 466 792 493 horum
804 465 950 493 obtendere

163 521 248 552 potes,
263 516 308 550 qui
323 519 383 550 post
399 519 437 542 tot
450 514 572 548 exempla
592 513 710 540 deterior
729 511 815 539 factus
837 519 867 539 es
881 533 889 545 ,
905 512 949 546 qui

163 567 230 589 tanto
243 560 367 596 dignatus
381 567 410 587 es
425 559 524 594 Spiritu
538 579 545 592 ,
566 566 598 585 ac
617 565 670 585 non
686 565 766 584 unum
779 557 821 584 vel
836 557 891 584 duo
907 557 949 585 vel

162 608 225 639 tria,
249 606 299 633 sed
324 606 464 633 innumera
488 608 595 639 peccata
619 604 802 631 accumulasti.
821 603 860 631 Ne
878 604 948 630 enim

161 651 322 683 consideres,
337 651 409 685 quod
424 650 497 677 brevi
512 650 639 684 temporis
658 654 795 677 momento
812 653 948 683 peccatum

161 698 331 728 admittatur;
355 704 443 731 neque
465 696 525 724 ideo
539 700 615 730 putes
626 695 785 730 supplicium
802 700 949 722 momenta-

161 751 235 770 neum
250 742 368 769 futurum
381 749 454 769 esse.
471 742 566 769 Annon
580 741 654 769 vides
669 741 790 768 homines
809 741 852 776 qtti
877 749 949 776 swpe

161 798 205 824 pro
218 797 272 816 uno
287 789 357 816 furto
369 809 376 821 ,
393 789 525 816 adulterio
546 795 600 815 uno
612 809 620 821 ,
635 789 662 815 itt
675 795 783 816 carcere
793 793 819 815 et
833 788 949 815 metallis

163 841 240 863 totam
252 836 335 863 vitam
349 835 528 870 insumpsere,
541 842 601 862 cum
615 835 685 862 fame
699 840 826 869 pcrpettta
838 839 865 862 et
877 835 949 862 mille

162 883 289 910 mortibus
303 881 509 909 concertantes?
524 889 555 909 ac
576 889 656 908 nemo
679 881 751 916 ipsos
770 881 868 916 eripuit
879 901 886 913 .
903 889 949 909 ne-

163 937 211 962 que
229 928 315 960 dixit,
338 927 412 955 brevi
434 927 560 961 temporis
581 932 718 953 momento
733 931 871 961 peccatum
888 934 947 961 pcr-

161 980 242 1001 actunt
256 973 352 1006 fuisse,
369 977 396 1000 et
410 978 536 1008 oportere
549 977 575 1000 et
589 977 728 1008 peccatum
749 977 776 1000 et
789 972 948 1007 supplicium

161 1021 226 1055 paris
238 1028 299 1048 esse
315 1020 455 1055 tentporis.
791 1047 794 1050 .

190 1068 215 1094 '2.
236 1068 281 1100 At,
297 1067 414 1102 inquies,
428 1067 550 1094 homines
563 1070 635 1098 sunt,
649 1066 694 1102 qui
709 1066 766 1093 huic
781 1066 947 1098 admittunt;

159 1113 223 1141 Dens
245 1117 338 1140 autem
363 1113 495 1148 benignus
518 1121 580 1148 erga
605 1113 728 1140 homines
753 1117 803 1140 est.
829 1112 947 1140 Primum

158 1160 250 1194 quippe
264 1167 299 1187 ne
314 1160 438 1187 homines
452 1160 558 1194 quidem
575 1159 632 1186 haec
646 1159 746 1186 faciuttt
760 1167 792 1186 ex
804 1159 949 1187 crudelita-

159 1211 190 1236 te,
203 1205 247 1232 scd
261 1213 295 1232 ex
314 1205 495 1240 benignitate;
509 1210 536 1232 et
559 1205 632 1232 Deus
653 1204 746 1238 etiam,
762 1210 790 1232 ut
811 1209 853 1232 est
866 1205 948 1232 homi-

157 1259 216 1278 num
228 1259 335 1286 amans,
347 1252 383 1278 ita
395 1251 475 1279 etiam
490 1256 599 1286 peccata
611 1251 764 1279 ulciscitur:
779 1259 841 1278 ttam
853 1258 949 1278 secun-

157 1299 215 1325 dum
230 1299 448 1326 misericordiam
473 1299 556 1334 ipsius
570 1299 654 1325 multa
670 1302 712 1326 est
725 1298 784 1333 ejus
797 1298 948 1333 redargntio

157 1349 182 1372 et
193 1344 265 1371 ultio.
281 1344 349 1372 Cum
364 1345 430 1372 dicis
445 1353 508 1380 ergo
522 1345 606 1372 Deum
627 1351 687 1372 esse
702 1344 840 1372 hominum
853 1351 948 1371 amano

157 1396 217 1424 tem,
232 1391 366 1425 majorem
381 1390 446 1418 mihi
462 1391 529 1418 dicis
540 1391 664 1425 supplicii
679 1390 858 1422 occasionem,
876 1389 947 1424 quod

156 1438 181 1465 in
194 1446 254 1465 eum
268 1438 317 1472 qui
330 1438 390 1466 talis
404 1438 440 1465 sit
463 1445 614 1472 peccemus.
631 1437 693 1465 ldeo
707 1437 814 1464 dicebat
828 1437 925 1464 Paulus
939 1445 946 1464 :

158 1483 320 1510 llorrendum
334 1489 370 1511 est
386 1484 496 1510 incidere
510 1485 536 1510 in
550 1492 640 1510 manus
662 1483 710 1510 Dei
729 1483 833 1510 viventis
853 1483 945 1519 (Hebr.

158 1529 197 1556 10.
208 1528 262 1565 5i).
280 1530 373 1562 Ferte,
399 1537 501 1564 quaeso,
518 1529 623 1564 igneam
638 1530 690 1556 vim
706 1529 867 1561 verborum;
884 1529 946 1556 hinc

156 1576 262 1604 fortasse
277 1576 355 1603 vobis
367 1575 488 1611 qmedam
500 1576 649 1603 consolatio
662 1576 772 1603 orietur.
790 1576 854 1608 Quis
867 1575 946 1602 homo

155 1627 239 1656 potest
253 1623 288 1649 ita
308 1623 416 1657 punire,
433 1627 460 1649 ut
474 1621 577 1656 punivit
591 1622 672 1655 Dcus,
688 1621 732 1656 qui
749 1621 876 1648 diluvium
894 1621 945 1647 im-

155 1667 233 1699 misit,
249 1673 277 1695 et
293 1671 370 1695 tanto
384 1667 477 1702 generi
491 1668 602 1694 exitium
626 1667 729 1698 intulit;
747 1671 773 1693 et
789 1667 868 1701 paulo
888 1672 947 1701 post

156 1719 254 1739 rursum
271 1712 344 1748 ignis
355 1713 472 1747 pluviam
487 1713 606 1745 immisit,
624 1718 651 1740 et
664 1720 758 1740 omnes
769 1712 888 1740 funditus
896 1713 945 1740 de-

158 1758 231 1785 levit?
247 1766 311 1793 quae
326 1758 466 1785 hominum
493 1758 560 1786 ultio
583 1763 672 1793 potest
695 1766 755 1786 esse
771 1759 861 1786 tanta?
887 1758 945 1785 Non

156 1804 223 1832 vides
246 1806 300 1831 hoc
325 1804 483 1839 supplicium
505 1805 658 1832 immortale
677 1805 733 1832 fere
753 1805 833 1832 esse?
846 1804 947 1838 Quater

156 1850 225 1878 ntillc
246 1851 311 1877 anni
335 1850 474 1883 effluxere,
497 1855 525 1878 et
547 1849 748 1878 Sodontitarum
771 1851 837 1878 ultio
859 1851 947 1878 adhuc

155 1897 222 1931 \igct
233 1901 261 1924 ct
275 1902 378 1924 manet.
395 1896 626 1930 Quemadmodum
638 1897 709 1924 enitn
725 1897 873 1931 benignitas
888 1897 946 1931 ejus

156 1950 246 1977 magna
259 1948 317 1974 est,
337 1943 370 1970 ita
385 1948 412 1970 et
426 1943 595 1978 supplicium.
615 1943 681 1970 Nam
695 1943 716 1970 si
730 1950 844 1970 onerosa
858 1947 884 1970 et
897 1943 946 1970 im-

155 1989 286 2023 possibilia
300 1989 439 2024 jussisset,
454 1993 545 2023 posset
558 1989 671 2016 fortaSSe
689 1989 750 2023 quis
771 1989 859 2023 legum
875 1988 946 2016 dilti-

154 2035 276 2062 cultatem
293 2035 459 2063 obtendere:
473 2035 544 2070 quod
565 2035 588 2063 si
601 2035 746 2063 admodum
769 2035 866 2068 facilia,
882 2035 946 2070 quid

156 2081 286 2115 pussintus
300 2081 390 2108 dicere
404 2081 454 2108 etsi
469 2081 566 2108 nullam
591 2081 685 2108 ltorum
709 2081 840 2108 rationent
864 2081 948 2108 habe-

154 2127 229 2154 mus?
243 2127 374 2161 .lcjunare
388 2135 444 2155 non
457 2132 544 2162 potes,
559 2135 648 2162 neque
664 2127 843 2162 virginitatem
857 2135 947 2154 serva-

155 2174 199 2201 re?
212 2174 293 2209 Atqui
311 2179 397 2208 potes,
414 2174 436 2201 si
450 2174 532 2207 velis;
547 2180 574 2202 et
587 2182 636 2202 nos
650 2178 778 2202 accusant
791 2174 809 2201 ii
822 2174 867 2208 qui
884 2181 946 2209 pos-

154 2227 222 2248 sunt.
247 2223 374 2249 Attamen
391 2221 462 2248 Deus
484 2225 555 2248 tanta
578 2229 639 2257 erga
662 2229 711 2248 nos
724 2222 868 2249 severitate
883 2230 947 2250 usus

154 2274 205 2294 non
221 2272 272 2300 est,
291 2275 379 2302 neque
393 2268 547 2302 ltaccjussit,
565 2275 652 2303 neque
666 2268 747 2295 hasce
756 2268 828 2303 leges
845 2268 946 2302 pesnit,

155 2312 197 2340 sed
219 2312 278 2340 haec
302 2313 456 2340 auditorum
481 2313 611 2341 voluntati
635 2318 662 2341 et
685 2313 797 2340 arbitrio
819 2314 945 2348 reliquit:

155 2364 239 2387 castus
254 2360 281 2387 in
295 2359 432 2387 connubio
443 2367 503 2386 esse
517 2364 602 2394 potes,
612 2367 643 2386 ac
657 2367 738 2394 penes
750 2364 774 2386 te
784 2363 826 2386 est
841 2366 893 2386 non
907 2360 947 2386 in-

154 2405 257 2433 ebriari.
266 2405 402 2433 Pecunias
411 2412 504 2433 omnes
513 2405 676 2439 profundere
685 2413 737 2433 non
749 2406 844 2440 potes?
853 2405 946 2438 Quam-

155 2459 229 2486 quam
246 2455 335 2486 potes,
353 2456 381 2479 et
394 2451 539 2479 ostendunt
553 2452 569 2478 ii
578 2452 623 2486 qui
633 2452 683 2479 hoc
697 2451 808 2479 faciunt.
822 2451 947 2478 Atlanteo

154 2498 196 2526 ille
210 2507 262 2526 non
278 2499 331 2526 hoc
345 2499 486 2534 prrccepit,
509 2498 556 2526 sed
574 2499 655 2533 jussit
675 2506 728 2526 non
750 2506 855 2533 rapere,
873 2503 900 2526 et
913 2505 945 2525 ex

154 2543 325 2572 facultatibus
340 2544 433 2579 egenis
447 2551 568 2579 erogare.
583 2544 612 2571 Si
627 2544 687 2578 quis
702 2548 790 2571 autent
805 2543 901 2570 dixerit
917 2550 948 2571 se

155 2598 204 2617 non
216 2598 303 2618 uxore
319 2595 477 2618 contentum
492 2597 553 2618 esse
565 2597 654 2625 posse,
669 2589 788 2624 seipsum
807 2589 906 2624 decipit
920 2593 948 2616 et

154 2636 227 2669 fallit,
245 2642 274 2664 ttt
287 2642 406 2672 arguunt
417 2637 435 2664 ii
453 2636 498 2671 qui
511 2637 570 2664 sine
584 2644 668 2664 uxore
688 2636 860 2664 continentes
872 2639 944 2662 sunt.

155 2682 219 2716 Quid
237 2690 315 2715 vero,
337 2683 381 2710 dic
403 2690 506 2718 quaeso,
522 2690 574 2710 non
595 2687 672 2717 potes
693 2689 746 2709 non
770 2681 899 2709 conviciis
921 2685 948 2708 ct

155 2729 306 2756 maledictis
319 2728 468 2763 impetere?
481 2729 559 2763 Atqui
576 2728 626 2755 ltoc
641 2728 729 2755 facere
743 2735 885 2755 Onerosum
895 2731 946 2760 est,

156 2783 207 2802 non
221 2781 313 2803 autem
330 2783 384 2803 non
401 2775 500 2803 facere.
515 2775 599 2808 Quam
614 2782 677 2810 ergo
693 2774 823 2801 habemus
836 2781 948 2801 excusa-

157 2822 267 2855 tionem,
282 2823 328 2857 qui
342 2826 396 2849 tam
414 2822 482 2849 lcvia
498 2826 525 2849 ct
537 2821 622 2848 facilia
646 2828 699 2848 tton
726 2821 879 2848 servemus?
893 2820 947 2848 Nos

156 2866 272 2905 aliquant
297 2867 399 2896 habere
412 2867 465 2896 dici
480 2868 580 2904 nequit.
597 2867 673 2901 Quod
698 2874 762 2903 ergo
787 2867 946 2895 immortalis

1004 189 1036 215 sit
1055 190 1130 225 ultio,
1145 199 1176 220 ex
1195 193 1273 221 dictis
1283 194 1369 229 palam
1386 201 1442 223 est:
1456 197 1516 232 quia
1531 205 1595 226 vero
1606 199 1678 226 Pauli
1691 200 1791 229 dictum

1003 237 1109 264 videtur
1118 240 1250 267 nonnullis
1263 241 1409 275 adversari,
1422 250 1470 278 age
1482 243 1532 271 ltoc
1543 245 1627 279 ipsum
1641 246 1666 273 in
1675 247 1793 275 medium

1002 283 1145 311 addttctum
1169 287 1344 314 excutiamus.
1370 288 1436 316 Cum
1460 289 1581 323 dixisset.
1607 291 1637 318 Si
1659 293 1794 327 cujusdam

1002 337 1065 363 opus
1078 331 1208 363 manserit,
1221 333 1288 367 quod
1298 334 1546 368 superediﬁcauerit,
1566 337 1703 364 mercedem
1722 340 1791 365 acci-

1002 374 1052 408 piet
1060 383 1069 406 ;
1081 375 1136 401 etsi
1148 377 1282 411 cujusdam
1295 387 1358 413 opus
1369 380 1467 413 arserit,
1482 381 1658 408 detrimentum
1670 384 1791 416 patietur;

1002 419 1140 454 subjunxit
1153 430 1160 449 :
1176 421 1237 457 Ipse
1251 428 1336 451 autent
1351 424 1435 452 saluus
1449 427 1506 459 erit,
1521 427 1557 453 sic
1567 433 1650 455 tamen
1661 430 1733 462 quasi
1749 438 1792 464 per

1001 466 1093 500 ignctn.
1121 466 1188 500 Quid
1210 476 1275 502 ergo
1296 470 1329 496 ad
1355 470 1407 499 hoc
1429 472 1565 500 dicemus?
1585 475 1791 503 Considerenms

1001 511 1088 546 primo
1099 513 1162 548 quid
1179 514 1214 540 sit
1226 515 1439 550 fundamentum,
1454 520 1523 553 quod
1537 520 1571 546 sit
1581 527 1686 553 aurum,
1706 526 1734 548 et
1747 523 1791 557 qui

1001 558 1102 592 lapides
1119 561 1239 594 pretiosi,
1256 563 1326 603 quod
1349 564 1460 598 frenum,
1477 574 1536 600 qua:
1560 568 1669 601 stipula.
1685 568 1792 596 Funda<

1002 610 1120 632 mentutn
1131 607 1237 641 quidem
1248 608 1305 642 ipse
1315 609 1412 638 Paulus
1421 611 1566 639 declaravit
1575 614 1708 642 Christum
1719 624 1789 650 esse,

1000 651 1110 679 dicens:
1126 652 1331 682 Fundamentum
1346 657 1412 683 enim
1428 658 1498 684 aliud
1512 667 1584 686 nemo
1595 669 1686 695 ponere
1699 668 1789 697 potest,

1000 702 1091 730 prcetcr
1104 699 1197 733 ipsum,
1214 701 1282 735 quod
1293 707 1329 728 est
1343 704 1460 737 positum,
1480 705 1573 740 inquit,
1591 709 1658 741 quod
1672 715 1707 734 est
1719 709 1792 736 Clui-

999 748 1053 770 sttts
1063 744 1148 772 Iesus.
1160 745 1312 774 ABdilicium
1323 753 1411 776 atttcm
1426 751 1490 777 milti
1506 751 1628 780 videntur
1636 762 1696 781 esse
1708 757 1791 783 actio-

1000 797 1058 815 nos.
1076 791 1154 824 Atqui
1179 792 1271 819 dicunt
1296 795 1416 828 quidam,
1439 796 1489 824 hoc
1514 797 1600 832 ipsum
1616 798 1715 826 dictum
1731 809 1790 829 esse

999 834 1032 862 de
1043 836 1198 864 doctoribus
1212 843 1237 865 et
1251 838 1284 866 dc
1296 839 1434 875 discipulis
1450 850 1480 869 ac
1495 842 1528 870 de
1538 846 1671 879 corruptis
1684 846 1790 874 lucrosi-

999 880 1058 908 bus.
1077 882 1128 910 Sed
1145 883 1195 911 ltoc
1210 886 1294 913 series
1315 894 1368 914 tton
1391 888 1518 916 admittit.
1534 890 1600 917 Nam
1628 892 1650 918 si
1673 892 1722 920 hoc
1737 898 1790 927 est,

999 927 1133 961 quomodo
1149 936 1216 963 opus
1239 931 1346 965 quidem
1373 933 1455 967 perit;
1478 935 1522 969 qui
1547 940 1634 963 autem
1659 938 1790 972 aedificat,

999 973 1087 999 salvus
1096 975 1149 1001 erit
1161 976 1201 1002 vel
1215 984 1261 1010 per
1271 977 1379 1012 ignem?
1390 984 1528 1007 auctorem
1543 981 1614 1008 enim
1631 984 1714 1018 magis
1727 992 1789 1018 pere

999 1026 1039 1046 trc
1061 1025 1298 1054 oporteret:nunc
1320 1029 1409 1051 autem
1432 1026 1547 1060 majores
1569 1035 1662 1061 ptenas
1683 1029 1792 1058 dedisse

999 1065 1149 1094 invenietur
1163 1068 1194 1100 is,
1218 1070 1262 1104 qui
1276 1070 1425 1099 indilicatus
1439 1077 1490 1100 est.
1507 1073 1572 1101 Nam
1595 1076 1615 1102 si
1639 1075 1732 1103 doctor
1745 1085 1790 1104 att-

999 1117 1056 1139 ctor
1069 1113 1118 1140 fuit
1139 1114 1212 1147 ntali,
1229 1115 1326 1150 dignus
1347 1122 1388 1144 est
1403 1118 1447 1152 qui
1464 1119 1580 1154 majores
1601 1121 1655 1148 luat
1679 1130 1789 1157 poenas:

999 1159 1134 1193 quomodo
1150 1168 1214 1195 ergo
1228 1162 1318 1189 salvus
1334 1163 1383 1190 erit
1393 1163 1405 1189 ?
1416 1163 1444 1191 Si
1458 1170 1550 1192 auctor
1563 1174 1615 1193 non
1627 1172 1678 1200 est,
1695 1169 1741 1194 scil
1751 1169 1788 1195 ὧν

998 1203 1095 1238 scipuli
1111 1212 1159 1239 pcr
1173 1213 1248 1233 suam
1272 1209 1476 1241 perversitatem
1492 1210 1558 1237 tales
1573 1210 1633 1238 facti
1647 1217 1720 1245 sunt,
1738 1222 1789 1241 tton

999 1249 1095 1284 dignus
1107 1255 1149 1278 est
1162 1251 1184 1278 is
1197 1252 1241 1286 qui
1253 1257 1327 1280 recte
1342 1253 1493 1287 :t-difieavit,
1509 1257 1552 1290 qui
1568 1256 1623 1284 luat
1643 1265 1734 1292 poenas
1749 1260 1792 1287 vel

998 1295 1126 1322 damnum
1141 1297 1244 1324 subeat.
1268 1299 1409 1332 Quomodo
1430 1307 1494 1335 ergo
1514 1301 1589 1333 dicit,
1606 1302 1791 1332 Detrimentum

999 1343 1127 1377 patietur?
1140 1343 1217 1371 Unde
1232 1345 1318 1379 palam
1332 1351 1383 1378 est,
1409 1346 1452 1373 hic
1474 1347 1506 1375 de
1529 1348 1634 1376 ac1ihus
1648 1351 1700 1385 agi.
1724 1351 1790 1384 Quia

998 1389 1070 1416 ettim
1096 1389 1285 1418 fornicatorem
1301 1391 1428 1426 deinceps
1450 1401 1625 1428 aggressurus
1644 1400 1695 1428 est,
1713 1396 1791 1432 longe

998 1440 1076 1461 atttca
1089 1435 1249 1470 principium
1265 1439 1349 1472 ponit.
1367 1438 1441 1465 Solet
1454 1439 1525 1466 cnint
1547 1439 1580 1467 de
1594 1441 1645 1468 alia
1660 1450 1688 1469 re
1700 1442 1790 1470 dictu-

998 1488 1055 1513 rus,
1071 1481 1096 1508 in
1111 1481 1168 1516 ipsa
1185 1481 1218 1509 de
1234 1482 1287 1509 alio
1301 1483 1481 1517 disputatione
1493 1485 1565 1512 aliu'd
1586 1487 1750 1520 prazmittere
1764 1493 1791 1515 et

998 1527 1121 1562 probare,
1132 1535 1184 1562 quo
1196 1533 1288 1562 postea
1301 1533 1427 1556 venturus
1437 1535 1486 1558 est.
1500 1530 1565 1557 Nam
1576 1532 1786 1566 reprehendens,

997 1573 1068 1608 qttod
1083 1574 1109 1600 in
1124 1573 1243 1608 prandiis
1256 1574 1299 1601 alii
1312 1574 1380 1602 alios
1395 1583 1447 1602 tton
1468 1581 1666 1611 exspectarent,
1681 1578 1715 1605 de
1731 1587 1789 1614 my-

997 1619 1086 1646 steriis
1100 1625 1251 1646 sermonem
1266 1620 1413 1654 apparavit.
1427 1620 1492 1654 Quia
1506 1626 1594 1648 autcttt
1609 1630 1679 1649 nunc
1689 1623 1722 1650 ad
1733 1623 1789 1650 for-

997 1665 1142 1692 tticatorem
1153 1665 1270 1698 festinat,
1280 1666 1314 1693 de
1323 1666 1494 1695 fundamento
1506 1668 1629 1703 loquutus
1643 1670 1789 1704 subjunxit:

997 1710 1041 1738 16.
1055 1711 1165 1738 Nescitis
1177 1712 1245 1746 quod
1257 1713 1379 1747 templum
1391 1713 1438 1740 Dei
1447 1715 1516 1746 estis,
1529 1719 1551 1740 et
1563 1714 1676 1750 Spiritus
1688 1715 1735 1742 Dei
1744 1717 1791 1743 Ita-

997 1756 1059 1783 bitat
1073 1757 1099 1784 in
1111 1758 1197 1784 voltis?
1210 1758 1240 1785 Si
1253 1759 1310 1793 quis
1323 1759 1443 1793 templum
1452 1759 1497 1786 Dei
1509 1760 1648 1794 violaverit,
1661 1761 1788 1796 disperdat

997 1803 1069 1829 illum
1085 1802 1162 1830 Dens.
1181 1804 1242 1831 llzrc
1257 1809 1345 1831 autem
1360 1805 1475 1838 dicebat,
1490 1805 1545 1839 jam
1562 1811 1632 1833 metu
1652 1807 1790 1841 exagitans

997 1853 1114 1876 tuentem
1127 1849 1185 1884 ejus
1196 1849 1241 1884 qui
1257 1850 1402 1877 fornicatus
1428 1850 1525 1878 fuerat.
1542 1851 1572 1878 Si
1583 1852 1637 1886 quis
1651 1852 1790 1887 supercili-

997 1897 1140 1930 ﬁcatsupcr
1153 1897 1345 1932 fundamentum
1354 1897 1411 1928 hoc,
1424 1905 1525 1930 aurum,
1535 1902 1678 1932 argentum,
1691 1898 1789 1933 lapist

997 1943 1129 1978 pretiosos,
1152 1943 1232 1978 ligna,
1256 1942 1362 1977 fcenum,
1387 1943 1518 1978 stipulam.
1540 1943 1602 1970 Post
1617 1944 1694 1972 fidem
1716 1945 1789 1972 enim

998 1990 1173 2017 aedificatione
1200 1994 1242 2016 est
1265 1997 1332 2024 optts
1351 1998 1356 2016 :
1380 1994 1406 2016 ct
1433 1989 1493 2016 ideo
1521 1990 1583 2017 alibi
1606 1991 1670 2017 dicit
1688 2000 1694 2017 :
1711 1991 1790 2018 ΛΕ(ιί-

998 2036 1072 2069 ﬁcate
1084 2044 1127 2063 vos
1141 2036 1248 2062 invicem
1260 2035 1286 2062 in
1301 2035 1340 2062 Itis
1355 2035 1511 2062 sertttanibus
1524 2035 1562 2070 (l.
1583 2035 1672 2062 Thess.
1687 2037 1713 2063 5.
1730 2036 1787 2072 Η).

997 2081 1103 2108 Etenim
1118 2080 1225 2114 artifex,
1237 2084 1264 2108 et
1279 2081 1427 2116 discipulus
1438 2081 1518 2108 simul
1531 2081 1670 2108 conferunt
1683 2082 1708 2108 itt
1721 2082 1788 2109 mdi-

997 2127 1146 2154 llcationem
1158 2136 1163 2153 :
1177 2127 1289 2161 ideoque
1305 2127 1384 2154 dicit:
1402 2126 1578 2162 Unusquisque
1601 2133 1685 2155 autent
1707 2129 1790 2156 videat

997 2172 1120 2208 quomodo
1131 2173 1325 2208 superredi/icct.

1033 2221 1058 2247 5.
1079 2220 1106 2247 Si
1121 2219 1178 2247 ham
1192 2226 1280 2247 autem
1293 2220 1364 2247 dicta
1377 2221 1432 2247 sint
1444 2220 1476 2248 de
1494 2221 1555 2254 fide,
1572 2229 1625 2248 non
1642 2226 1682 2249 est
1692 2221 1789 2249 rationi

997 2270 1206 2292 consentaneum
1220 2265 1290 2300 quod
1301 2265 1408 2293 dicitur.
1425 2266 1454 2293 ln
1475 2265 1527 2293 fide
1550 2274 1666 2301 namque
1683 2273 1789 2302 oportet

998 2319 1091 2339 omnes
1102 2319 1162 2339 csse
1178 2319 1268 2347 pares,
1289 2312 1416 2346 quoniam
1431 2320 1482 2338 ttna
1498 2317 1539 2339 est
1552 2313 1633 2340 fides:
1649 2313 1675 2340 in
1691 2313 1789 2340 vit-tuto

998 2363 1087 2385 autem
1110 2359 1172 2385 vita:
1195 2366 1247 2386 non
1272 2363 1384 2393 possuttt
1405 2366 1500 2386 omnes
1521 2366 1580 2386 esse
1602 2359 1691 2386 iidcnt.
1711 2359 1789 2388 Fides

998 2405 1068 2432 enim
1081 2412 1134 2432 non
1149 2410 1190 2433 est
1204 2405 1255 2432 alia
1269 2405 1368 2437 mittor,
1385 2405 1434 2432 alia
1446 2406 1622 2440 prtestantior,
1635 2406 1682 2434 sed
1695 2406 1788 2434 eadem

998 2457 1039 2478 est
1049 2451 1167 2478 omnium
1191 2459 1255 2479 vere
1269 2451 1446 2478 credentium.
1461 2452 1495 2478 At
1507 2451 1533 2478 in
1550 2452 1602 2478 vita
1620 2457 1731 2486 possunt
1745 2452 1788 2479 alii

998 2498 1104 2532 quidem
1119 2506 1179 2526 esse
1192 2498 1378 2530 studiosiores,
1391 2498 1434 2524 alii
1450 2497 1635 2531 socordiores;
1649 2499 1693 2526 alii
1707 2506 1788 2526 accu-

998 2544 1122 2578 ratiorcs,
1134 2544 1159 2571 al
1172 2545 1178 2571 i
1191 2544 1330 2571 inferiores
1341 2553 1348 2577 ;
1359 2544 1403 2571 alii
1415 2544 1527 2579 majora,
1543 2544 1587 2571 alii
1601 2545 1704 2571 minora
1716 2549 1789 2572 recte

999 2597 1094 2626 agere;
1119 2595 1145 2618 et
1164 2591 1208 2617 alii
1232 2590 1347 2625 grav-ius,
1369 2590 1414 2617 alii
1429 2590 1518 2617 minus
1538 2590 1704 2625 delinquere.
1722 2591 1788 2618 Pro-

998 2641 1089 2672 pterea
1105 2636 1172 2664 dixit
1184 2644 1290 2667 aurum.
1309 2640 1460 2671 argentum,
1481 2635 1583 2671 lapides
1597 2638 1738 2671 pretiosos,
1756 2637 1788 2663 Ii-

998 2690 1059 2718 gua,
1070 2683 1181 2714 frenum,
1193 2682 1329 2716 stipulam.
1342 2681 1547 2716 Uniuscujusque
1554 2689 1617 2716 opus
1627 2682 1790 2716 manifestum

999 2730 1054 2755 erit.
1068 2728 1116 2755 ilic
1131 2728 1164 2754 de
1177 2728 1283 2754 actione
1303 2728 1431 2762 loquitur.
1453 2727 1484 2755 Si
1496 2728 1568 2763 cujus
1583 2736 1647 2762 opus
1658 2727 1788 2759 manserit,

998 2774 1066 2809 quod
1075 2773 1322 2808 superwdi/t'caverit,
1334 2773 1472 2800 mercedem
1482 2774 1603 2807 accipiet;
1613 2773 1634 2800 si
1645 2773 1717 2806 cujus
1725 2779 1789 2806 opus

999 2821 1099 2852 amarit,
1117 2820 1292 2858 detrimentum
1304 2820 1420 2854 accipiet.
1436 2820 1514 2854 Atqui
1525 2819 1547 2846 si
1562 2819 1596 2846 de
1610 2817 1746 2852 discipulis
1760 2821 1787 2845 et

999 2866 1153 2895 doctoribus
1167 2865 1191 2894 id
1206 2865 1349 2899 diceretur,
1367 2873 1419 2893 non
1435 2865 1596 2900 oportuisset
1605 2864 1728 2892 doctores
1738 2861 1787 2890 dco
