2041 3111
247 136 281 164 79
616 133 644 160 S.
664 131 802 160 JOANNIS
820 129 1055 158 CIlliYSOSTOMI
1075 128 1232 158 ARCHIEP.
1253 131 1516 161 CONSTANTINOP.
1856 135 1889 163 80

247 195 403 222 tritnenlum
421 191 551 227 recipere,
568 190 591 218 si
606 198 657 218 non
676 189 814 217 attdissent
827 187 962 223 discipuli.
978 187 1042 215 Ideo

246 241 284 268 ait
294 250 300 267 ε
311 239 489 274 Unusquisque
499 237 628 272 prapriam
640 236 778 263 mercedem
787 235 892 269 accipiet
903 233 1043 260 secundum

247 287 381 322 proprium
401 285 530 317 laborem,-
547 291 599 311 non
614 281 760 310 secundum
777 281 869 313 finem,
883 280 929 307 sed
945 287 1042 307 secun-

247 333 312 360 dum
329 332 458 360 laborem.
475 329 543 364 Quid
555 329 637 361 cnim,
653 328 674 355 si
691 335 743 354 ll0n
759 326 922 354 attenderint
936 325 1041 352 audito-

247 379 310 407 res?
331 378 498 413 Quapropter
512 376 573 403 hinc
597 374 727 410 liquidum
748 378 789 401 est
810 373 853 401 ltic
866 373 900 401 de
915 373 1042 408 operibus

246 425 299 460 agi.
316 425 342 452 ld
355 428 443 451 autem
460 423 516 449 vult
531 420 681 456 signiﬁcare
694 429 700 447 :
716 420 738 447 si
753 420 813 454 quis
827 427 887 446 cum
905 424 976 447 recta
989 418 1041 446 fide

247 471 345 498 malant
367 471 449 497 vitam
465 473 536 503 agat,
559 467 622 494 huic
638 474 690 494 tton
714 466 834 502 proderit
858 466 924 493 fldes
940 469 968 492 ut
986 473 1040 492 non

247 515 380 551 puniatur,
398 514 510 541 ardente
525 520 617 548 opere.
631 512 698 540 Illud
711 517 811 545 autem,
827 511 933 543 Arserit,
948 511 971 538 id
987 515 1039 544 est,

247 570 300 589 non
313 561 402 588 tulerit
416 561 469 587 vim
486 560 564 596 ignis.
580 559 633 588 Sed
649 563 678 587 ut
690 559 713 586 si
727 559 787 594 quis
800 566 874 586 arma
894 565 976 585 aurea
993 557 1041 584 ha-

246 608 313 635 bens
339 606 448 634 ﬂuvium
486 607 592 641 igneum
626 599 757 640 trajiciat,
787 605 875 633 alacer
899 604 1038 636 transibit;

245 653 267 680 si
282 657 371 680 autem
382 652 482 680 fmnum
493 651 595 679 habens
610 655 738 684 transeat,
751 658 803 678 non
815 650 895 678 modo
904 650 969 677 nihil
980 657 1041 684 pro-

247 699 311 730 licit,
324 697 370 725 sed
381 697 461 725 etiam
472 698 589 731 scipsum
604 696 706 732 perdit:
720 696 754 723 ita
770 701 811 723 est
825 699 852 723 et
865 695 889 722 in
902 695 1038 730 operibus.

245 745 303 772 Non
315 745 385 772 enim
400 744 443 772 hic
455 744 572 779 loquitur
583 743 658 778 quasi
670 742 704 770 de
717 741 839 777 personis
852 749 913 768 vere
926 741 1037 773 adustis,

245 791 292 819 sed
308 791 396 826 potius
412 795 440 817 ut
463 794 563 817 metum
581 788 703 820 incutiat,
720 787 897 821 ostendatiue
917 793 977 813 eum
994 786 1038 821 qui

247 838 273 865 in
290 837 405 872 nequitia
421 836 485 862 vivit
501 834 599 862 nudum
616 833 740 869 pratsidio
760 837 788 860 et
802 832 947 859 securitate
960 838 1038 859 esse:

246 887 410 918 quapropter
421 881 468 913 ait,
482 880 661 907 Detrimentum
673 879 791 914 patietur.
807 879 874 906 l‘lcce
885 885 965 904 ttnttm
977 884 1040 911 sup-

246 930 364 966 plicium.
390 927 451 964 Ipse
474 932 557 954 autent
578 926 663 953 salvus
686 926 742 959 erit,
759 925 795 952 sic
815 929 897 952 tamen
911 924 982 959 quasi
995 931 1039 958 per

245 975 338 1010 ignem.
361 973 430 1001 Ecce
445 971 603 1000 secundum.
619 971 675 998 Hoc
688 975 777 998 autem
792 970 849 998 vult
868 969 1036 1004 signiﬁcare:

244 1029 297 1048 ttou
313 1021 350 1047 sic
364 1019 409 1047 ille
424 1018 522 1054 peribit
543 1022 572 1045 ut
593 1025 685 1051 opera,
702 1015 735 1044 ad
758 1015 870 1043 nihilum
895 1014 1036 1047 redactus;

243 1066 291 1094 sed
306 1065 424 1093 manebit
439 1064 464 1091 in
479 1064 548 1099 igne.
570 1063 689 1090 Salutem
709 1062 799 1097 itaque
821 1061 890 1088 hanc
906 1068 963 1088 rem
987 1067 1037 1087 vo-

243 1118 296 1144 rat,
313 1111 359 1139 sed
376 1119 428 1138 non
453 1109 629 1145 simpliciter;
657 1109 756 1143 adjecit
779 1108 862 1142 enim,
888 1108 966 1141 Quasi
994 1115 1038 1142 per

243 1160 336 1194 ignem.
350 1157 415 1185 Nam
433 1165 482 1185 nos
497 1164 604 1192 quoque
620 1155 740 1183 solemus
753 1154 855 1188 dicere,
871 1153 897 1180 ln
909 1153 969 1188 igne
981 1152 1036 1180 sal-

242 1212 291 1232 vus
306 1209 357 1237 est,
373 1204 408 1231 de
428 1203 461 1230 iis
480 1211 540 1237 qnze
554 1209 608 1229 non
628 1201 824 1229 comburuntur
836 1207 886 1227 nec
898 1200 989 1227 statim
1010 1199 1036 1226 in

242 1251 360 1278 cinerem
375 1250 484 1276 abeunt.
506 1247 546 1275 Ne
568 1254 632 1282 ergo
648 1247 709 1282 quia
729 1247 817 1282 ignem
834 1245 941 1277 audisti,
960 1249 1036 1280 putes

241 1303 298 1328 eos,
313 1295 357 1330 qui
369 1294 575 1326 comburuntur,
590 1293 616 1320 in
633 1292 745 1320 nihilum
760 1291 856 1326 redigi.
868 1291 896 1318 Si
908 1298 972 1318 vero
984 1290 1036 1318 tale

241 1342 401 1376 supplicium
429 1341 542 1367 salutem
568 1344 656 1372 vocet,
673 1346 707 1366 ne
722 1339 827 1366 mireris
846 1347 852 1365 :
873 1338 942 1365 solet
963 1338 1035 1365 enim

240 1389 320 1416 etiam
337 1388 362 1414 in
379 1387 412 1413 iis
427 1393 486 1421 qua:
495 1385 564 1413 male
576 1388 674 1412 sonant
687 1384 806 1419 pulchris
821 1383 857 1411 uti
871 1383 1034 1417 nominibus,

240 1439 267 1460 ct
283 1433 309 1460 in
327 1432 416 1464 bonis,
427 1431 583 1459 contrariis.
596 1430 678 1458 Verbi
693 1430 789 1465 gratia,
806 1429 969 1464 captivitatis
983 1435 1034 1456 no-

241 1489 302 1508 nteu
324 1480 402 1507 mala:
418 1478 456 1506 rei
478 1486 576 1505 nomen
598 1485 659 1505 esse
674 1477 796 1509 videtur;
811 1476 859 1504 sed
872 1477 898 1503 in
914 1484 944 1503 re
965 1475 1034 1503 bona

240 1530 286 1556 illo
297 1537 360 1556 usus
372 1533 413 1556 est
429 1527 537 1559 Paulus,
561 1527 672 1554 dicens:
692 1525 725 1552 1η
745 1525 914 1560 captivitatem
934 1529 1035 1560 agentes

240 1583 339 1602 omnem
353 1573 546 1608 intelligentiam
560 1572 594 1598 ad
609 1571 775 1599 obedientiam
796 1571 889 1598 Christi
905 1570 945 1605 (‘2.
973 1570 1033 1597 Cor.

240 1621 284 1647 10.
301 1619 340 1655 5).
356 1619 388 1646 Et
403 1620 429 1646 in
443 1626 473 1646 re
487 1618 554 1645 tnala
571 1617 640 1645 bene
654 1622 766 1644 sonante
785 1616 893 1644 nomine
907 1623 970 1643 usus
981 1620 1033 1650 est,

240 1665 343 1698 dicens,
360 1664 483 1700 Regnavit
494 1668 625 1699 peceatum
641 1663 728 1698 (Rom.
746 1663 772 1690 5.
793 1662 858 1697 2i):
874 1669 1034 1697 quamquam

240 1718 340 1738 nomen
356 1711 431 1745 regni
447 1710 536 1744 potius
548 1709 617 1736 bene
631 1712 718 1736 sonet.
733 1708 778 1736 Sic
793 1713 821 1735 et
836 1707 887 1735 hoc
902 1709 962 1735 loco
972 1715 1033 1735 cum

241 1757 316 1789 dicit,
330 1756 424 1784 Salvus
439 1756 496 1789 erit,
511 1755 577 1782 nihil
593 1754 665 1782 aliud
681 1761 760 1790 quam
773 1759 945 1789 augmentum
967 1761 1033 1789 sup-

239 1803 313 1837 plicii
329 1801 523 1833 subindicavit;
538 1808 570 1828 ac
580 1800 602 1828 si
618 1800 742 1833 dixisset,
756 1799 814 1835 Ipse
835 1805 923 1827 autem
940 1806 1033 1827 mane—

238 1848 277 1876 bit
291 1849 315 1875 itt
331 1852 460 1876 retentum
472 1847 616 1875 cruciatus.
634 1846 734 1874 Deinde
745 1846 824 1873 etiarn
837 1846 916 1873 infert
925 1845 1031 1873 dicens:

240 1894 351 1921 Nescitis
363 1893 431 1929 quod
445 1893 565 1928 templum
580 1892 628 1920 Dei
641 1893 718 1920 estis?
731 1892 797 1926 Quia
809 1892 879 1919 enim
891 1891 924 1919 de
935 1892 977 1925 iis,
988 1892 1033 1927 qui

239 1940 365 1968 scindunt
378 1940 535 1972 Ecclesiam,
551 1941 675 1975 superius
695 1939 820 1973 loquutus
834 1943 886 1971 est,
908 1939 1034 1973 deinceps

239 1987 312 2014 illurn
327 1986 492 2022 perstringit,
501 1986 546 2021 qui
558 1985 703 2014 fornicatus
713 1989 781 2018 erat,
797 1985 914 2013 nomium
925 1985 1033 2020 quidem

239 2037 342 2067 aperte,
358 2033 406 2060 sed
432 2032 581 2064 indefinite,
601 2031 660 2066 ejus
673 2036 828 2066 corruptam
845 2033 925 2059 vitam
942 2032 1034 2059 subin-

238 2079 343 2112 dicans,
355 2083 382 2106 et
395 2083 534 2113 peccatum
547 2076 716 2112 amplificans
729 2084 744 2103 a
760 2076 832 2104 dono
843 2076 898 2110 jam
912 2077 962 2112 ipsi
975 2078 1034 2104 cot-

239 2125 304 2152 lato.
322 2125 423 2152 Deinde
438 2124 505 2151 alios
518 2130 623 2158 quoque
637 2123 794 2157 perstringit
807 2122 842 2149 ab
856 2123 899 2156 iis,
912 2123 1033 2158 qumjam

238 2170 289 2204 ipsi
307 2169 466 2197 habuerant.
490 2169 553 2196 Sive
571 2169 642 2195 enim
664 2175 678 2195 a
693 2167 798 2201 futuris,
812 2168 869 2196 sive
881 2168 915 2196 ab
930 2169 962 2196 iis
975 2177 1034 2204 qua:

238 2215 293 2250 jam
306 2216 423 2248 fuerant,
440 2219 467 2242 et
482 2213 601 2241 molestis
617 2217 644 2240 et
657 2213 745 2246 bonis,
762 2220 869 2248 semper
883 2213 908 2241 id
924 2213 1004 2241 facit:
1018 2221 1034 2241 a

238 2261 336 2287 tuturis
349 2259 469 2294 quidem,
487 2258 547 2285 Dies
557 2258 624 2285 enim
634 2257 780 2291 declarabit,
795 2258 862 2293 quod
880 2259 907 2285 in
921 2259 978 2294 igne
992 2267 1034 2286 re-

237 2307 356 2338 uelatur;
371 2305 405 2333 ab
416 2305 449 2332 iis
465 2309 554 2332 autem
569 2311 628 2339 qum
639 2304 694 2339 jam
709 2303 825 2338 fuerant,
841 2303 953 2331 Nescitis
967 2305 1034 2338 quod

237 2352 362 2387 templum
376 2350 425 2377 Dei
438 2351 507 2381 estis,
521 2355 543 2377 et
555 2349 668 2385 Spiritus
681 2349 728 2377 Dei
738 2350 833 2376 habitat
848 2350 873 2377 in
892 2350 970 2376 vobis.
988 2350 1031 2377 Π.

242 2398 272 2425 Si
285 2398 340 2432 quis
355 2396 476 2431 templum
488 2396 536 2424 Dei
570 2396 709 2428 violaverit,
721 2396 849 2431 disperdet
865 2396 938 2423 illum
953 2396 1032 2424 Deus.

243 2444 336 2472 Viden‘
349 2443 479 2470 orationis
490 2442 703 2470 vehementiam?
716 2442 769 2470 Sed
782 2442 908 2478 quamdiu
920 2449 1034 2477 persona

237 2490 396 2525 cstignota,
416 2497 469 2516 nott
492 2493 533 2516 est
552 2489 620 2517 adeo
641 2496 723 2524 grave
745 2489 816 2524 qttod
841 2488 948 2521 dicitur,
972 2496 1033 2516 eum

240 2543 338 2564 omnes
352 2536 473 2563 timorem
486 2536 664 2571 correptionis
683 2536 826 2570 participes
837 2536 960 2563 subeant.
974 2535 1034 2563 Dis.

242 2582 329 2618 perdet
343 2582 416 2609 illum
428 2582 512 2614 Deus;
523 2582 550 2610 id
567 2587 608 2610 est
617 2603 625 2616 ,
637 2582 731 2610 aﬂ‘crct
744 2582 866 2610 exitium.
875 2582 930 2609 lloe
943 2587 1033 2610 autem

242 2636 296 2656 non
320 2633 362 2656 est
384 2628 452 2656 male
467 2628 590 2663 dicentis,
614 2628 661 2656 sed
687 2628 882 2663 prophetantis.
898 2628 1034 2664 Templum

241 2676 307 2702 enim
327 2675 376 2702 Dei
388 2680 503 2702 sanctum
517 2680 564 2702 est.
586 2675 745 2703 Fornicator
756 2682 822 2710 ergo
834 2679 875 2702 est
895 2675 1033 2710 profanus.

241 2720 344 2749 Dcittde
359 2729 392 2749 ne
407 2721 543 2749 videretur
553 2721 585 2748 ad
597 2721 670 2748 illum
686 2721 821 2755 respicere
834 2729 895 2748 cum
910 2721 1032 2756 dixisset,

241 2766 375 2802 Templum
389 2768 455 2795 enim
468 2767 516 2794 Dei
529 2771 646 2794 sanctum
655 2771 702 2800 est,
717 2766 866 2801 subjunxit,
884 2767 959 2800 Quod
976 2768 1034 2795 estis

240 2821 293 2840 eos.
306 2813 349 2841 l8.
361 2812 444 2840 Nemo
458 2814 569 2848 scipsum
589 2812 702 2839 scducat.
720 2812 776 2840 Hoc
789 2820 895 2850 quoque
907 2813 940 2840 ad
957 2813 1033 2841 illum

240 2865 352 2894 spectat,
368 2864 396 2888 ut
409 2860 454 2896 qui
467 2867 496 2888 se
509 2859 674 2887 existimaret
688 2858 786 2895 aliquid
808 2866 876 2894 esse,
892 2863 919 2888 et
936 2859 970 2887 de
984 2867 1028 2888 sa-

1099 189 1198 224 pientia
1211 189 1381 224 gloriaretur.
1394 190 1431 218 Ne
1443 190 1579 218 videretur
1589 196 1678 218 autem
1690 192 1821 220 curiosius
1831 193 1890 220 tliu~

1098 235 1203 270 tiusque
1219 235 1295 262 illum
1311 235 1450 270 impetere,
1466 243 1526 264 cum
1543 237 1569 264 in
1591 244 1718 273 angorem
1742 243 1770 265 et
1790 244 1889 266 metum

1097 280 1172 307 illum
1183 280 1352 314 conjecisset,
1365 289 1458 308 rursus
1466 281 1497 309 ad
1509 289 1679 310 communem
1690 284 1887 312 accusationem

1096 326 1245 353 orationem
1270 326 1378 354 deducit
1402 327 1511 355 dicens:
1524 328 1556 355 Si
1569 329 1625 364 quis
1648 329 1746 357 videtur
1765 330 1831 357 inter
1845 338 1888 357 vos

1095 381 1196 407 saptens
1211 381 1264 400 esse
1278 375 1303 400 in
1323 374 1371 401 Itoc
1384 375 1487 408 smnio,
1502 376 1592 402 stultus
1606 376 1661 410 ﬁat,
1685 381 1714 403 ut
1732 377 1764 404 sit
1777 377 1887 411 sapiens.

1096 419 1153 446 lloc
1175 424 1264 446 autem
1284 419 1381 447 deinde
1397 420 1458 448 facit
1479 429 1539 448 cum
1555 429 1650 456 magna
1667 421 1791 457 loquendi
1809 423 1888 450 liber—

1095 469 1160 498 tate,
1177 470 1268 500 utpote
1282 467 1327 501 qui
1341 467 1401 494 illos
1420 467 1485 495 satis
1504 468 1686 503 expugnarit‘.
1702 469 1767 496 Nam
1782 469 1887 497 etiamsi

1094 512 1153 546 quis
1164 512 1200 540 sit
1212 512 1297 545 dives,
1312 513 1416 541 etiamsi
1432 514 1540 548 nobilis,
1558 515 1649 542 vilium
1664 516 1783 544 omnium
1797 522 1839 544 est
1849 517 1889 544 vi-

1094 557 1222 592 lissimus,
1233 560 1340 594 quando
1350 566 1443 596 captus
1456 561 1535 589 fuerit
1546 569 1561 589 a
1573 568 1692 598 peccato.
1705 564 1885 597 Quemadmo-

1093 603 1156 631 dum
1171 605 1242 632 enim
1255 605 1277 632 si
1290 606 1350 641 quis
1363 614 1408 634 rex
1422 607 1467 639 sit,
1479 612 1506 635 et
1518 608 1691 636 barbarorum
1703 614 1794 644 postea
1806 611 1887 645 capti-

1094 658 1143 678 vus
1157 651 1212 686 fiat,
1226 652 1345 680 omnium
1358 657 1399 680 est
1413 654 1595 688 miserrimus;
1611 655 1646 683 ita
1657 657 1737 683 etiam
1751 657 1778 684 in
1793 665 1886 692 pecca-

1094 702 1132 726 to.
1143 698 1276 726 Barbarus
1287 699 1358 727 enim
1373 700 1482 735 quidam
1493 707 1533 729 est
1545 707 1693 737 peccatum,
1708 703 1777 738 quod
1789 704 1885 732 anima:

1093 745 1176 771 semel
1191 749 1276 780 captae
1291 753 1402 780 parcere
1415 747 1527 781 nesciat,
1541 748 1590 775 sed
1602 749 1627 776 in
1638 749 1781 784 perniciem
1791 757 1886 778 eorum

1091 790 1136 825 qui
1151 791 1220 826 capti
1234 797 1296 818 sunt
1311 792 1480 827 tyrannidem
1498 801 1573 822 suam
1589 800 1723 823 exerceat.

1129 839 1154 865 ι.
1165 838 1266 866 Peccati
1274 839 1419 874 descriptio.
1429 841 1506 868 Acori
1514 842 1716 877 imago.-—Nihil
1725 842 1796 870 enirn
1804 843 1839 870 ita
1847 845 1885 871 in-

1092 884 1290 912 cottsideratum
1298 889 1339 912 est
1350 890 1376 912 ut
1387 892 1535 921 peccatum,
1545 887 1610 914 nihil
1621 888 1655 915 ita
1668 888 1806 923 insipiens,
1815 888 1882 916 stul-

1093 935 1147 958 tum
1159 939 1190 958 ac
1200 931 1344 960 violentum
1354 941 1360 959 :
1370 934 1460 960 omnia
1469 935 1566 962 evertit
1579 939 1606 962 et
1617 935 1764 968 confundit,
1777 941 1804 964 et
1820 945 1880 972 per-

1090 978 1140 1011 dit,
1152 985 1322 1013 quocumque
1336 979 1405 1006 insili
1416 979 1467 1007 erit
1476 981 1545 1007 :visu
1557 980 1688 1014 deforme,
1698 989 1778 1017 grave
1788 987 1815 1010 et
1824 991 1883 1011 mo—

1092 1023 1197 1051 lestum.
1214 1024 1247 1051 Et
1259 1024 1281 1051 si
1295 1025 1354 1059 quis
1366 1025 1453 1059 ipsum
1469 1026 1556 1060 pictor
1566 1026 1717 1062 effingeret,
1734 1035 1787 1055 non
1804 1028 1882 1057 aber-

1091 1074 1209 1096 raturnm
1223 1069 1303 1098 fuisse
1314 1071 1379 1098 mihi
1394 1071 1510 1106 videtur,
1525 1073 1546 1100 si
1559 1072 1599 1100 sic
1611 1073 1696 1108 ipsum
1709 1074 1881 1104 efformaret:

1091 1115 1229 1143 mulierem
1253 1123 1350 1151 nempe
1363 1117 1504 1152 quamdam
1527 1117 1612 1146 forma
1636 1119 1752 1148 bclluina
1764 1142 1771 1154 ,
1788 1121 1883 1149 barba-

1091 1170 1159 1196 ram,
1175 1163 1262 1198 ignem
1279 1164 1426 1198 spirantem
1438 1185 1446 1198 ,
1463 1164 1646 1199 iniucundam,
1662 1167 1776 1202 nigram,
1791 1168 1882 1203 quales

1089 1210 1192 1237 externi
1216 1214 1302 1244 poeta:
1325 1210 1430 1246 Scyllas
1451 1211 1608 1246 depingunt.
1635 1212 1786 1241 lnnumeris
1810 1214 1883 1242 enim

1089 1255 1213 1283 manibus
1227 1256 1403 1291 cogitationes
1417 1262 1523 1285 nostras
1544 1258 1741 1293 apprehendit,
1754 1264 1835 1296 atque
1847 1268 1880 1289 ex

1089 1302 1236 1337 improviso
1252 1302 1401 1337 ingreditur
1412 1324 1420 1336 ,
1437 1304 1582 1339 omniaque
1594 1305 1725 1341 discerpit
1739 1311 1766 1334 et
1778 1307 1881 1335 dilace-

1089 1352 1142 1379 rat,
1154 1348 1223 1375 sicut
1233 1356 1315 1376 canes
1326 1349 1477 1377 clanculum
1491 1350 1656 1379 mordentes.
1669 1352 1726 1379 lmo
1737 1353 1800 1388 quid
1813 1360 1881 1388 opus

1089 1393 1166 1421 nobis
1175 1398 1217 1421 est
1228 1395 1341 1429 pictura,
1353 1403 1415 1422 eum
1424 1396 1503 1424 liceat
1514 1403 1571 1429 eos,
1581 1397 1625 1432 qui
1638 1397 1702 1425 illud
1714 1403 1881 1433 perpetrant,

1088 1438 1115 1466 in
1128 1439 1244 1477 medium
1255 1439 1406 1468 adducere?
1415 1441 1499 1475 Quem
1512 1442 1602 1477 itaque
1614 1443 1696 1471 vultis
1705 1445 1819 1479 primum
1832 1445 1884 1473 ἀε-

1088 1486 1252 1514 scribamus?
1263 1494 1372 1514 avarum
1382 1493 1408 1515 et
1416 1489 1568 1523 raptorem?
1579 1489 1680 1524 Ecquid
1687 1495 1728 1517 est
1736 1491 1821 1518 oculis
1828 1490 1881 1519 illis

1088 1532 1270 1567 impudentius
1282 1533 1293 1560 ‘l
1307 1533 1370 1568 quid
1382 1534 1465 1569 magis
1476 1534 1685 1563 inverecundum
1697 1557 1704 1569 ,
1719 1536 1782 1572 quid
1796 1537 1882 1571 magis

1087 1579 1211 1606 caninunt
1224 1579 1236 1605 *ἶ
1250 1586 1302 1606 nun
1316 1580 1387 1606 enim
1398 1580 1473 1607 canis
1493 1580 1528 1607 ita
1549 1581 1691 1615 impudens
1705 1586 1758 1609 stat
1777 1587 1806 1609 ut
1819 1582 1862 1610 hic
1872 1603 1880 1616 ,

1088 1624 1195 1660 quando
1207 1624 1326 1651 omnium
1341 1625 1410 1652 bona
1427 1626 1506 1660 rapit.
1523 1626 1594 1659 Quid
1608 1627 1732 1655 manibus
1746 1627 1819 1655 illius
1831 1628 1881 1656 de-

1089 1670 1258 1698 testabilius?
1280 1670 1344 1705 quid
1359 1678 1409 1698 ore
1433 1671 1597 1706 petulantius
1620 1672 1696 1707 ejus,
1722 1673 1767 1708 qui
1790 1673 1881 1701 omnia

1088 1717 1214 1749 devorat,
1230 1721 1258 1744 et
1281 1725 1426 1752 numquam
1449 1718 1582 1746 satiatur?
1605 1718 1644 1747 Ne
1665 1720 1724 1754 ejus
1738 1721 1839 1748 vultum
1853 1725 1882 1748 et

1088 1764 1182 1792 oculos
1198 1764 1344 1798 intuearis,
1360 1765 1432 1800 quod
1456 1765 1510 1793 sint
1525 1765 1640 1794 hominis
1657 1776 1662 1793 :
1677 1775 1730 1795 non
1746 1768 1817 1795 enim
1842 1769 1883 1796 sic

1087 1811 1220 1846 aspiciunt
1242 1810 1351 1838 humani
1374 1811 1455 1838 octtli.
1481 1811 1539 1839 Non
1563 1813 1659 1847 aspicit
1686 1814 1732 1842 ille
1758 1814 1881 1843 homines

1089 1861 1223 1892 tamquam
1239 1857 1364 1885 homines
1377 1867 1383 1884 :
1399 1866 1451 1885 non
1464 1859 1558 1893 aspicit
1570 1859 1666 1886 ca'lum
1678 1864 1812 1895 tamquam
1824 1869 1880 1888 ca:-

1088 1903 1142 1930 lutn
1156 1911 1162 1929 :
1176 1903 1210 1930 ad
1233 1903 1376 1930 Dominum
1396 1910 1449 1931 non
1465 1910 1530 1931 nutu
1545 1911 1593 1932 suo
1609 1905 1702 1938 tendit,
1726 1906 1773 1933 sed
1788 1907 1880 1934 omnia

1088 1949 1215 1984 pecunias
1227 1957 1288 1977 esse
1301 1950 1445 1977 existimat.
1460 1950 1573 1978 llnmani
1586 1951 1656 1978 oculi
1669 1952 1757 1979 solent
1767 1952 1880 1980 afﬂictos

1089 1996 1212 2024 homines
1226 1996 1324 2024 intueri
1339 2001 1367 2024 et
1385 1996 1486 2031 frangi;
1499 1998 1635 2032 rapacium
1659 1998 1731 2025 oeuli
1747 2006 1880 2033 pauperes

1087 2043 1196 2076 vident,
1212 2047 1239 2070 et
1252 2043 1397 2070 elfcranlur
1412 2052 1418 2070 :
1434 2042 1543 2070 butnani
1565 2044 1635 2071 oculi
1660 2052 1711 2071 non
1727 2048 1756 2071 ut
1777 2052 1824 2071 sua
1840 2045 1881 2072 in-

1088 2094 1195 2117 tuentur
1210 2090 1296 2117 aliena
1308 2110 1316 2122 ,
1331 2089 1378 2117 sed
1393 2089 1500 2124 propria
1519 2089 1570 2117 sibi
1586 2093 1615 2116 ut
1628 2090 1715 2117 aliena
1727 2090 1818 2118 vident
1831 2099 1838 2118 :
1852 2096 1880 2119 et

1088 2143 1118 2162 ea
1132 2143 1192 2170 qua:
1204 2135 1264 2162 aliis
1278 2134 1339 2162 data
1354 2139 1418 2162 sunt
1444 2143 1496 2162 non
1512 2136 1721 2170 concupiscunt,
1737 2136 1784 2163 sed
1798 2137 1879 2165 etiam

1089 2182 1114 2208 in
1129 2180 1196 2208 alios
1209 2188 1317 2216 quoque
1329 2187 1376 2207 sua
1389 2180 1540 2208 cﬂundunt.
1566 2181 1597 2208 lli
1612 2189 1675 2208 vero
1690 2189 1744 2209 non
1761 2182 1880 2210 contenti

1088 2230 1159 2259 sunt,
1174 2226 1225 2253 nisi
1238 2226 1357 2253 omnium
1373 2225 1443 2253 bona
1458 2226 1593 2261 abripiant
1609 2235 1615 2253 :
1629 2235 1683 2254 non
1699 2227 1771 2254 enim
1785 2227 1881 2254 huma-

1088 2280 1150 2299 num
1163 2293 1170 2305 ,
1186 2271 1232 2299 sed
1256 2272 1369 2299 ferinum
1386 2272 1486 2300 habent
1499 2272 1597 2300 visum.
1614 2272 1728 2300 Humani
1744 2273 1815 2300 oeuli
1829 2281 1880 2300 nu-

1088 2317 1150 2344 dutn
1165 2317 1255 2344 videre
1267 2324 1367 2352 corpus
1379 2325 1456 2345 suum
1471 2326 1523 2345 non
1537 2317 1640 2350 ferunt;
1656 2326 1733 2345 suum
1745 2319 1816 2346 enim
1827 2324 1879 2352 est,

1088 2364 1192 2391 etiamsi
1203 2364 1316 2391 aliorum
1328 2369 1455 2399 quantum
1472 2364 1505 2391 ad
1520 2372 1662 2399 personam
1680 2373 1687 2392 :
1703 2364 1730 2392 hi
1743 2373 1818 2398 vero,
1829 2366 1881 2393 nisi

1088 2410 1177 2437 omnia
1185 2409 1345 2438 denudarint
1354 2414 1380 2437 et
1393 2410 1481 2438 omnia
1490 2410 1561 2437 domi
1571 2411 1727 2443 recondant,
1736 2419 1880 2446 numquam

1088 2458 1227 2491 satiantur,
1239 2458 1291 2484 imo
1306 2465 1371 2485 vero
1385 2465 1528 2492 numquam
1545 2457 1696 2492 implentur.
1709 2457 1771 2486 Ideo
1785 2466 1880 2486 eorum

1089 2512 1182 2531 manus
1198 2511 1250 2531 non
1266 2504 1380 2531 ferarum
1393 2510 1487 2530 manus
1500 2507 1601 2531 tantum
1617 2504 1726 2537 dixeris,
1739 2504 1786 2532 sed
1802 2504 1880 2539 longe

1089 2550 1232 2577 ferociores
1247 2554 1274 2577 et
1290 2549 1472 2577 immaniores.
1494 2549 1554 2577 Ursi
1581 2557 1695 2584 namque
1708 2554 1735 2576 et
1750 2550 1803 2584 lupi
1819 2558 1880 2577 eum

1087 2594 1175 2621 satiati
1191 2594 1298 2627 fuerint,
1309 2602 1323 2621 a
1333 2595 1377 2622 tali
1388 2594 1517 2622 alimento
1529 2595 1672 2623 recedunt:
1684 2595 1710 2622 hi
1723 2603 1788 2623 vero
1802 2603 1881 2622 itum-

1087 2647 1167 2674 quam
1183 2639 1323 2667 satiantur.
1346 2641 1426 2676 Atqui
1449 2646 1590 2676 propterea
1607 2641 1678 2668 Dcus
1694 2648 1788 2668 manus
1802 2641 1882 2668 nobis

1089 2685 1161 2713 dedit
1175 2690 1204 2713 ut
1216 2686 1276 2714 aliis
1298 2694 1378 2722 opem
1393 2687 1510 2715 feramus
1523 2709 1530 2720 ,
1545 2695 1598 2715 non
1618 2693 1647 2715 ut
1662 2688 1695 2715 iis
1709 2688 1879 2716 insidientur.

1088 2732 1154 2760 Nam
1166 2734 1188 2760 si
1203 2733 1268 2769 ipsis
1281 2734 1315 2762 ad
1331 2734 1382 2762 hoc
1394 2735 1467 2762 ttsuri
1479 2742 1610 2768 essemus,
1625 2735 1721 2763 melius
1735 2740 1808 2763 esset
1821 2736 1881 2763 illas

1122 2802 1128 2816 ¹
1142 2802 1241 2834 savtlius
1252 2805 1306 2832 post
1317 2801 1470 2834 expugizttrit,
1480 2801 1551 2834 ponit
1567 2802 1591 2826 in
1613 2802 1732 2833 margine,
1750 2805 1773 2827 et
1788 2805 1881 2834 terrort-

1088 2832 1240 2864 commoverit
1250 2838 1297 2864 non
1307 2832 1458 2864 modo'ltujus
1469 2832 1622 2862 fornicatam
1632 2832 1743 2864 mentem,
1753 2834 1795 2858 sed
1807 2833 1881 2859 etiam

1090 2863 1246 2896 audientium,
1259 2862 1418 2890 dicendortun
1430 2863 1477 2890 vim
1488 2869 1646 2895 pra'mensns.
