2041 3111
142 140 166 168 ει
698 142 731 170 IN
751 142 858 171 EPIST.
884 142 895 170 t
926 144 971 172 AD
990 145 1068 174 con.
1089 147 1205 176 nonin.
1227 148 1261 177 x.
1737 161 1770 187 aa

139 195 248 224 exscindi
259 215 269 230 ,
286 202 314 223 et
340 204 390 224 nos
406 196 458 224 illis
471 197 579 232 privari.
597 197 636 225 Ttt
651 205 715 225 vero
735 199 756 226 si
771 207 847 227 ovem
862 199 920 226 fera

139 243 271 276 discerpat,
282 242 379 275 doles;
395 251 456 270 cutn
469 248 558 270 autem
572 244 597 271 id
612 244 637 271 itt
651 252 830 280 congencrem
846 245 921 279 facis,

138 296 184 316 non
199 293 274 322 putas
296 293 323 315 te
343 288 444 324 aliquid
468 289 587 317 immane
610 288 720 317 facere?
740 295 767 318 et
790 291 924 325 quomodo

138 335 211 362 fueris
223 334 322 361 homo?
338 334 396 362 Non
413 335 487 362 vides
509 342 558 362 nos
573 334 716 363 humanam
731 344 790 364 eam
813 345 868 364 rem
883 337 924 364 di-

137 387 209 413 cere.
231 387 292 415 qua:
317 380 499 408 misericordia
524 381 604 415 plena
629 382 664 409 sit
686 386 713 409 et
739 382 923 417 benignitate?

137 426 234 462 quando
249 430 342 454 autem
356 427 455 462 aliquid
469 434 569 454 satvum
585 432 613 455 et
631 428 740 455 crudele
753 429 855 463 perﬁcit
874 429 922 455 ho-

136 480 183 504 mo,
198 472 373 499 inhumanum
390 472 461 499 illutn
473 480 609 500 vocamus.
627 472 718 508 Itaque
736 473 920 502 characterem

136 517 240 544 hominis
253 517 425 553 depingimus
437 525 452 545 a
467 519 701 546 commiseratione
712 541 719 552 ,
744 519 808 546 ferae
831 525 919 547 autem

134 573 146 592 a
160 565 307 597 contrario,
321 572 427 600 semper
440 564 560 592 dicentes
571 586 578 597 ,
591 565 659 592 Num
677 565 757 592 homo
773 571 812 593 est
826 587 833 598 ,
851 566 919 599 fera,

134 615 172 637 aut
183 610 274 637 canis?
286 610 412 637 llotnines
422 610 493 636 enim
506 614 688 644 paupertatem
701 610 850 644 sublevaut,
865 619 919 639 non

133 661 229 691 augent.
245 656 347 683 llorum
359 660 449 683 autem
460 663 506 682 ora
520 656 636 683 ferarum
650 661 711 683 Sunt
721 664 780 689 ora;
796 657 849 684 imo
863 657 920 684 hrcc

133 708 189 730 sunt
204 702 258 729 illis
271 702 404 730 ferociora
420 710 426 729 :
440 702 520 729 verba
535 703 606 729 enint
622 703 770 737 proferunt,
788 711 848 738 quae
861 711 918 730 ma-

132 750 166 785 gis
181 756 259 784 quam
283 749 399 776 ferarum
421 748 516 776 dentes
532 748 606 775 virus
621 749 775 776 emittentes
787 769 795 782 ,
817 749 918 776 caade

133 799 236 830 patrant.
253 795 286 822 Et
311 795 333 820 si
357 794 415 829 quis
430 794 518 821 omnia
534 799 711 829 persequatur
725 814 733 827 ,
759 799 822 821 ttmc
845 799 918 822 recte

133 839 239 872 videbit,
264 839 400 874 quomodo
415 839 596 866 inhumanitas
611 847 678 871 eos,
700 840 744 875 qui
767 840 806 867 sic
828 839 916 867 affecti

131 891 203 920 sunt,
214 886 284 914 feras
297 894 330 913 ex
351 885 504 913 hominibus
524 886 628 913 reddat.
652 886 728 920 Quod
743 887 764 914 si
780 887 838 922 quis
854 887 915 914 illo-

131 940 186 960 rum
200 937 314 960 tuentem
328 932 521 960 examinaverit
531 953 538 965 ,
553 940 605 960 non
620 932 689 959 ultra
704 933 774 960 feras
787 937 887 959 tantum
899 953 908 966 ,

129 979 172 1006 sed
184 978 265 1005 etiam
285 977 423 1005 daemonas
446 978 506 1005 illos
519 977 634 1005 vocabit.
664 978 733 1005 Sunt
747 979 818 1006 enim
833 978 916 1005 multa

130 1024 289 1051 immanitate
301 1023 371 1058 pleni
382 1044 390 1056 ,
402 1027 429 1050 ct
441 1023 502 1050 odio
514 1024 539 1050 in
550 1031 696 1051 conservos
708 1031 715 1050 :
729 1024 765 1051 ibi
776 1031 828 1050 non
841 1031 916 1051 amor

128 1071 194 1105 regni
207 1074 248 1097 est
273 1078 360 1105 neque
375 1075 460 1098 metus
475 1070 605 1105 gehennae
615 1091 622 1103 ,
650 1078 702 1098 non
718 1071 855 1098 hominum
870 1079 916 1098 re-

128 1116 237 1144 verentia
247 1137 258 1146 ,
274 1123 326 1143 non
347 1117 531 1144 misericordia
545 1137 552 1149 ,
567 1125 619 1144 non
633 1118 832 1145 commiseratio
842 1139 850 1151 ,
868 1118 915 1146 sed

128 1161 285 1196 impudentia
300 1183 307 1194 ,
323 1163 466 1197 petulantia
477 1183 484 1195 ,
499 1167 526 1190 et
550 1162 700 1191 futurorum
714 1164 833 1191 omnium
848 1172 914 1192 con-

128 1212 236 1243 temptus
251 1217 259 1236 :
273 1213 300 1235 et
317 1208 412 1236 fabnhe
425 1209 490 1244 ipsis
503 1209 627 1237 videntur
642 1217 702 1237 esse
723 1211 768 1237 Dei
784 1211 864 1239 verba
880 1211 914 1239 de

127 1253 250 1288 supplicio
266 1253 358 1280 futuro
370 1273 378 1285 ,
393 1259 420 1281 et
432 1254 489 1288 ejus
511 1255 590 1281 mina:
604 1255 684 1282 risus.
701 1254 774 1283 Talis
788 1256 858 1283 ettittt
873 1261 914 1284 est

127 1301 191 1328 avari
205 1308 295 1328 mens.
311 1301 376 1328 Cum
391 1309 454 1337 ergo
467 1301 627 1329 intrinsecus
638 1302 776 1330 dicmones
790 1304 853 1336 sint,
868 1311 915 1331 ex-

127 1347 250 1374 trinsecus
267 1354 336 1374 vero
360 1347 444 1380 ferae,
469 1352 497 1375 et
521 1347 583 1374 feris
598 1348 763 1376 deteriores:
785 1349 911 1382 ubinam,

126 1399 207 1426 quaeso
220 1413 226 1424 ,
243 1392 306 1419 illos
319 1387 528 1420 collocabimus?
541 1392 616 1426 Quod
631 1394 700 1421 enim
723 1393 787 1422 feris
799 1395 852 1421 sint
866 1394 913 1423 de-

975 202 1098 249 teriores,
1112 203 1173 231 hinc
1188 205 1274 239 palam
1288 211 1341 240 est,
1356 209 1425 243 quod
1437 210 1500 238 fera:
1511 216 1604 240 natura
1619 213 1673 241 sint
1687 216 1768 249 tales;

980 248 1006 274 hi
1022 256 1086 276 vero
1099 251 1142 284 qui
1164 252 1309 280 secundum
1329 260 1450 284 naturam
1471 259 1703 289 mansuetudinem
1717 248 1767 288 ha;

978 293 1050 327 bent,
1068 301 1165 330 praeter
1188 302 1309 327 naturam
1331 300 1356 327 in
1373 301 1471 329 ferinos
1492 312 1582 332 tnores
1598 307 1712 334 transire
1727 308 1768 335 tti-

977 343 1080 367 tuntur.
1106 341 1145 369 Ac
1168 342 1303 372 daemones
1328 347 1435 381 quidem
1465 349 1588 377 homines
1611 351 1769 381 insidiantes

977 385 1027 412 sibi
1042 392 1120 420 opem
1135 387 1251 416 ferentes
1272 390 1388 425 habent;
1404 394 1502 430 quippe
1517 396 1539 422 si
1553 403 1630 431 opem
1645 405 1696 424 non
1712 398 1767 425 fer-

975 436 1051 464 rent,
1067 441 1162 468 magna
1179 442 1241 469 pars
1255 436 1318 471 ipsis
1334 438 1491 468 insidiarum
1514 447 1607 469 contra
1632 451 1681 471 nos
1697 450 1768 471 strtt-

975 481 1078 504 ctarum
1090 479 1193 507 sublata
1207 487 1279 508 esset
1294 490 1300 508 :
1316 483 1342 510 hi
1359 492 1422 512 vero
1445 493 1501 519 eos,
1517 488 1561 521 qui
1577 488 1611 515 ab
1626 496 1655 516 se
1669 497 1769 517 vexan-

976 526 1034 555 tur,
1049 525 1128 551 etiam
1143 527 1336 555 contendentes
1350 536 1439 566 sec_ttm
1453 552 1460 562 ,
1483 539 1610 566 sttperare
1633 534 1764 563 nituntur.

974 568 1077 596 Rursus
1092 569 1196 597 daemon
1221 571 1356 600 hominem
1381 562 1449 602 licllo
1468 576 1583 611 impetit,
1600 587 1652 606 non
1674 586 1764 608 autetn

973 614 1109 642 daemonas
1123 617 1162 644 sui
1174 619 1298 652 generis:
1313 619 1356 647 hic
1371 629 1613 658 vermeongeueres
1627 631 1653 652 et
1669 634 1762 654 neces-

973 660 1060 688 sarios
1074 662 1227 690 omnimoda
1243 665 1384 692 vexatione
1405 666 1507 702 afﬂigit,
1524 676 1613 704 neque
1627 676 1766 699 reveretur

973 709 1107 733 naturam.
1124 708 1186 735 Seio
1205 710 1303 737 multos
1324 718 1399 744 esse,
1416 713 1458 747 qui
1483 714 1517 741 ob
1540 715 1597 742 inec
1611 716 1691 744 verba
1715 726 1764 746 nos

972 751 1034 778 odio
1048 751 1146 780 habent
1162 762 1167 779 :
1183 761 1232 789 ego
1248 763 1312 782 vero
1326 756 1385 784 illos
1407 766 1458 786 non
1474 759 1529 792 odi,
1543 761 1591 788 sed
1605 769 1697 789 eorum
1714 765 1763 790 mi-

972 805 1075 832 sereor,
1088 804 1114 826 et
1125 807 1171 827 eos
1183 801 1226 835 qui
1238 801 1276 828 sic
1286 802 1373 830 affecti
1388 809 1449 831 sunt
1460 805 1762 843 lacrymisprosequor:

971 843 1075 870 etiamsi
1094 851 1236 879 percutere
1252 848 1350 880 velint,
1369 849 1482 877 libenter
1506 852 1530 878 id
1549 852 1654 880 tulerim
1667 874 1674 886 ,
1691 855 1714 882 si
1729 855 1763 882 ab

972 887 1021 916 hac
1037 889 1142 918 feritate
1156 891 1291 920 abstinere
1309 895 1401 921 velint.
1423 895 1514 931 Neque
1527 898 1597 925 enim
1610 906 1660 933 ego
1672 900 1762 933 solus,

971 934 1018 961 sed
1031 936 1111 963 etiam
1126 939 1254 972 propheta
1270 939 1407 967 uobiscum
1423 941 1576 976 ltujusmodi
1591 943 1714 971 homines
1726 945 1761 972 ab

970 980 1084 1008 humana
1097 985 1257 1017 cognatione
1276 985 1386 1018 expellit
1398 1007 1406 1019 ,
1422 986 1534 1014 dicens:
1551 988 1636 1015 Homo
1657 998 1714 1016 cum
1734 991 1761 1017 in

969 1028 1064 1054 honore
1078 1033 1150 1061 esset,
1166 1037 1215 1056 non
1229 1030 1364 1063 intellexit,
1379 1032 1424 1058 sed
1438 1038 1599 1068 comparatus
1613 1040 1649 1062 est
1658 1035 1762 1070 jumen-

969 1075 1000 1100 tis
1014 1074 1189 1109 insipientibus
1204 1075 1213 1110 (
1226 1075 1298 1102 Psal.
1313 1077 1357 1103 58.
1371 1077 1401 1104 21
1417 1077 1437 1112 ).
1452 1078 1542 1106 Simus
1561 1087 1625 1114 ergo
1640 1080 1761 1109 ltomines

969 1121 1074 1147 tandem
1089 1121 1231 1155 aliquando
1241 1142 1248 1154 ,
1272 1127 1298 1149 et
1322 1123 1348 1149 in
1362 1123 1457 1150 caelum
1473 1124 1665 1159 respiciamus:
1680 1131 1761 1160 atque

968 1166 1031 1193 illud
1046 1167 1193 1195 secundum
1209 1168 1352 1203 imaginem
1373 1170 1538 1204 accipiamus
1553 1171 1626 1205 (Col.
1643 1173 1669 1200 5.
1691 1173 1760 1208 l0),

967 1217 993 1239 et
1007 1219 1057 1239 nos
1071 1213 1143 1247 ipsos
1167 1220 1358 1247 recuperamus
1371 1235 1377 1246 ,
1393 1219 1422 1241 ttt
1435 1219 1461 1242 ct
1482 1215 1568 1243 futura
1583 1217 1651 1243 bona
1665 1225 1760 1244 consc-

967 1266 1097 1293 quamur,
1113 1259 1199 1293 gratia
1223 1263 1249 1286 et
1271 1259 1436 1295 benignitate
1462 1262 1567 1289 Domini
1589 1264 1672 1290 nostri
1697 1263 1760 1291 Jesu

966 1303 1080 1337 Clu-isti,
1095 1305 1202 1340 quicutn
1218 1305 1288 1332 Patri
1303 1314 1408 1341 unaque
1422 1307 1530 1341 Spiritui
1545 1315 1648 1342 sancto,
1661 1309 1756 1344 gloria,

968 1350 1121 1385 imperium,
1138 1351 1233 1384 honor,
1251 1359 1321 1379 nunc
1334 1356 1361 1379 et
1374 1360 1482 1388 semper
1493 1373 1500 1386 ,
1517 1359 1543 1381 et
1557 1354 1582 1380 in
1598 1355 1695 1382 saecula
1710 1363 1760 1383 sa:-

966 1396 1097 1424 culorum.
1112 1396 1209 1423 Amen.

825 1543 998 1573 HOMILIA
1019 1542 1061 1573 X.

124 1616 182 1644 Car.
197 1617 224 1645 ὅ.
237 1625 264 1644 v.
280 1616 327 1644 l8.
344 1616 426 1644 Nemo
440 1617 550 1652 seipaunt
562 1615 676 1643 seducat.
698 1616 728 1644 Si
745 1616 801 1651 quis
815 1617 914 1643 videtur

156 1663 254 1697 sapiens
267 1663 357 1689 essein
372 1663 418 1689 hoc
427 1662 530 1695 swcnlo,
543 1662 636 1689 stultus
647 1662 702 1696 fiat,
713 1666 740 1688 ut
755 1662 786 1688 sit
799 1662 910 1697 sapiens.

156 1710 195 1738 l9.
212 1710 352 1745 Sapientia
373 1710 439 1737 enim
462 1709 538 1745 hujus
562 1709 650 1735 mundi
671 1708 779 1735 stultitia
798 1713 834 1735 est
845 1708 914 1744 apud

157 1756 244 1783 Deum.

157 1803 180 1829 l.
202 1801 339 1835 Quomodo
355 1801 454 1828 Paulus
478 1801 505 1828 in
525 1800 655 1836 arguendo
670 1799 809 1836 fornicario
824 1808 913 1834 proce-

123 1849 171 1874 dat.
183 1848 252 1875 Μοινί
267 1848 329 1874 ltuit:
344 1847 439 1874 munda
452 1847 513 1882 quid
526 1847 569 1873 sit.
582 1845 664 1873 —Ut
674 1853 752 1880 supra
766 1845 837 1877 dixi,
853 1853 912 1872 cum

122 1899 180 1921 ante
194 1899 380 1929 opportunum
397 1898 501 1928 tempus
512 1892 544 1920 ad
566 1892 743 1919 iucusandum
765 1891 855 1924 illum,
869 1893 913 1926 qui

122 1940 263 1967 fornicatus
287 1939 392 1972 fuerat,
414 1939 544 1966 deductus
579 1942 667 1969 esset,
692 1942 719 1965 et
746 1938 913 1973 :enigmatice

122 1985 190 2011 illum
217 1985 315 2018 paucis
339 1984 563 2019 perstrinxisset,
578 1984 690 2018 ejusque
720 1983 913 2010 conscientiam

121 2032 308 2066 exagitasset;
330 2032 416 2066 pergit
438 2039 531 2058 rursus
560 2030 592 2057 ad
617 2037 732 2064 pugnam
753 2034 845 2057 contra
872 2037 916 2057 sa-

121 2077 245 2110 pientiam
260 2081 405 2104 externam
419 2097 426 2108 ,
443 2081 470 2103 et
486 2076 545 2103 illos
567 2075 702 2108 adoritur,
725 2076 769 2110 qui
784 2075 846 2103 inde
873 2076 914 2102 iu-

121 2121 172 2148 ﬁati
188 2122 352 2150 scindebant
367 2122 517 2149 Ecclesiam
530 2130 538 2153 ;
551 2125 578 2148 ut
593 2122 625 2148 iis
637 2129 697 2156 qua:
719 2121 824 2148 residua
839 2126 915 2149 erant

120 2167 224 2202 additis,
240 2173 385 2203 postquam
399 2167 450 2194 ltoc
463 2171 542 2202 caput
555 2171 681 2194 accurate
700 2168 843 2202 perfecerit
855 2188 862 2200 ,
875 2167 914 2195 sic

121 2221 209 2242 rursus
224 2218 324 2241 contra
337 2213 508 2240 l‘ornicarium
520 2220 580 2240 cum
595 2213 695 2248 itnpetu
708 2213 817 2246 feratur,
834 2221 912 2248 quem

118 2258 168 2292 iam
181 2267 265 2294 supra
283 2259 346 2286 telis
370 2259 477 2286 emissis
500 2266 643 2293 aggressus
665 2263 718 2286 est.
742 2258 808 2286 Nam
831 2258 912 2291 illud,

121 2305 198 2333 Nemo
210 2306 328 2341 seiputm
347 2305 468 2338 seducat,
485 2306 517 2332 ad
535 2306 611 2333 illum
624 2306 740 2334 maxime
752 2305 871 2341 respicit,
885 2310 912 2333 et

120 2352 188 2379 illum
202 2357 279 2380 metu
305 2351 388 2380 afﬁcit
409 2352 588 2387 mitigatque;
604 2352 730 2388 quodque
755 2353 789 2381 de
813 2353 912 2387 stipula

119 2397 230 2432 dicitur,
255 2398 334 2425 illum
356 2399 489 2433 pnecipue
512 2398 682 2431 subindicat;
705 2402 808 2426 etcum
831 2399 911 2432 dicit,

121 2443 227 2471 Nescitis
240 2444 305 2477 quia
319 2444 440 2479 templum
454 2443 503 2471 Dei
512 2445 581 2476 estis,
594 2449 616 2471 et
631 2444 745 2479 Spiritus
757 2444 803 2472 Dei
817 2445 912 2472 habitat

119 2489 143 2515 in
161 2489 227 2516 vobis
238 2489 251 2516 2
266 2489 333 2516 Ηωο
348 2489 446 2524 quippe
458 2490 512 2517 duo
526 2490 642 2517 maxime
655 2490 743 2518 solent
758 2498 806 2518 nos
820 2498 833 2517 a
850 2498 912 2525 pec-

118 2538 175 2567 cato
195 2534 335 2562 abducere
352 2543 358 2560 :
373 2534 479 2569 quando
500 2536 644 2569 repositam
669 2539 777 2570 peccato
800 2543 910 2570 poenam

117 2579 283 2614 cogitamus,
301 2584 328 2608 et
343 2580 449 2615 quando
461 2579 619 2615 dignitatem
635 2585 754 2608 nostram
768 2580 910 2608 nobiscum

116 2631 284 2660 reputamus.
302 2626 369 2654 Cum
384 2634 447 2662 ergo
463 2626 563 2654 [mnum
576 2635 607 2654 ac
620 2627 744 2662 stipulatn
756 2629 781 2654 in
793 2627 909 2654 medium

116 2671 243 2705 adduxit,
271 2672 421 2705 exterruit;
437 2680 498 2700 cum
514 2677 603 2700 autem
625 2673 740 2708 propria:
761 2672 910 2700 nobilitatis

115 2717 272 2752 dignitatem
288 2717 394 2751 intulit,
410 2717 510 2752 pudore
523 2718 625 2752 affecit;
642 2718 688 2746 illo
702 2718 811 2753 quidem
827 2717 908 2745 modo

115 2762 278 2798 stupidiores
291 2783 300 2795 ,
316 2764 366 2790 hoc
378 2767 467 2791 autem
480 2764 673 2792 moderatiores
686 2764 800 2792 reddens
812 2763 909 2791 melio-

116 2815 164 2835 res.
180 2807 269 2835 Nemo
291 2808 404 2842 “ipsum
428 2810 540 2837 seducat.
563 2810 593 2838 Si
612 2811 666 2846 quis
686 2810 783 2837 videtur
806 2809 908 2844 rapiens

118 2860 165 2881 me
183 2855 210 2882 in
233 2855 286 2883 hoc
303 2856 412 2889 secuto,
429 2857 518 2884 stultus
531 2857 585 2891 ﬁat.
603 2856 682 2890 Quasi
696 2860 829 2884 mortuum
844 2855 905 2882 huic

967 1615 1068 1643 mundo
1083 1615 1139 1643 ﬁeri
1153 1616 1230 1650 jubet
1245 1624 1251 1642 τ
1264 1624 1337 1644 mors
1363 1622 1451 1644 autem
1466 1617 1616 1652 ltujusmodi
1632 1617 1696 1644 nihil
1710 1617 1758 1644 hec

967 1663 1015 1695 dit,
1029 1663 1082 1690 imo
1094 1663 1178 1697 juvat.
1194 1670 1254 1690 cum
1269 1663 1304 1690 sit
1318 1663 1378 1690 vitro
1392 1671 1483 1691 causa.
1499 1664 1542 1691 Sic
1555 1663 1634 1691 etiam
1649 1664 1758 1690 stultum

968 1710 1028 1737 huic
1043 1710 1141 1737 mttndo
1156 1709 1213 1737 ﬁeri
1225 1710 1316 1745 jubet,
1333 1710 1395 1737 hinc
1409 1711 1485 1738 nobis
1499 1718 1589 1737 veram
1602 1710 1759 1745 sapientiam

966 1755 1120 1783 concilians.
1143 1755 1247 1783 Stultus
1268 1760 1356 1782 autem
1379 1755 1479 1783 mundo
1502 1755 1635 1788 efﬁcitur,
1651 1756 1695 1791 qui
1711 1763 1759 1783 cx-

967 1806 1069 1829 ternam
1081 1802 1240 1836 sapicntiaut
1253 1801 1375 1836 despicit,
1389 1809 1545 1836 persuasum
1560 1802 1670 1833 habens,
1687 1802 1759 1828 illam

966 1847 1014 1874 sibi
1030 1846 1094 1873 nihil
1109 1847 1141 1874 ad
1158 1847 1236 1873 ﬁdem
1251 1846 1450 1882 adipiscendam
1461 1847 1608 1882 adjumenti
1623 1846 1756 1874 coaferre.

965 1892 1195 1926 Quemadmodum
1219 1900 1283 1927 ergo
1299 1898 1441 1927 paupertas
1455 1893 1601 1919 secundum
1619 1893 1701 1920 Dettm
1716 1893 1758 1919 di-

966 1939 1091 1965 vitiarum
1111 1945 1189 1964 causa
1204 1942 1263 1970 est,
1280 1943 1307 1965 et
1328 1938 1463 1965 humilitas
1478 1938 1638 1970 altitudinis,
1662 1944 1688 1966 et
1701 1939 1759 1973 glo-

966 1986 1012 2012 ria:
1026 1985 1166 2020 despectus
1179 1989 1220 2011 est
1241 1985 1332 2019 gloria:
1347 1992 1426 2011 causa
1440 1993 1447 2016 ;
1461 1984 1496 2011 ita
1510 1989 1535 2011 et
1551 1984 1660 2011 stultum
1677 1984 1732 2011 ﬁeri
1747 1983 1754 2015 ζ

966 2031 1090 2058 omnibus
1105 2030 1296 2065 sapientiorem
1310 2029 1400 2057 efficit.
1419 2030 1458 2056 Ex
1473 2030 1616 2057 contrariis
1630 2030 1700 2056 enim
1716 2037 1759 2056 res

967 2082 1066 2104 nostra:
1079 2079 1212 2104 constant.
1231 2076 1264 2103 Et
1278 2083 1326 2103 cur
1341 2084 1395 2103 non
1410 2076 1493 2109 dixit,
1512 2076 1632 2110 Deponat
1648 2076 1757 2110 sapien-

966 2122 1040 2154 tiam,
1055 2121 1113 2154 scd,
1131 2120 1231 2148 Stultus
1245 2121 1310 2155 ﬁat?
1326 2121 1360 2148 Ut
1380 2126 1518 2148 externam
1533 2121 1700 2155 disciplinam
1714 2128 1758 2146 su-

966 2174 1012 2201 pra
1024 2166 1130 2193 modum
1146 2165 1304 2193 dedecoret.
1324 2166 1416 2201 Neque
1430 2166 1501 2193 ettim
1526 2166 1639 2201 idipsum
1665 2161 1758 2193 luisset

965 2213 1068 2245 dicere,
1084 2213 1192 2247 Depone
1204 2212 1375 2247 sapientiam,
1399 2216 1426 2239 et
1439 2211 1543 2239 Stultus
1557 2211 1615 2238 ﬁas.
1631 2211 1756 2246 Alioquin

965 2266 1028 2286 vero
1043 2258 1122 2286 docet
1138 2259 1219 2286 etiam
1234 2266 1286 2286 non
1301 2258 1513 2286 erubescendum
1527 2265 1587 2286 esse
1602 2257 1636 2286 de
1649 2266 1679 2285 ea
1699 2265 1757 2292 qua:

965 2304 1034 2339 apttd
1060 2312 1108 2332 ttos
1124 2309 1165 2332 est
1187 2304 1500 2339 sitnplicitatezexterna
1525 2305 1597 2331 enim
1613 2303 1757 2331 admodum

965 2349 1068 2377 irridet.
1092 2350 1260 2385 Quapropter
1276 2350 1382 2377 nomina
1407 2358 1458 2377 non
1481 2350 1573 2382 titnet,
1589 2350 1715 2385 quoniatn
1730 2350 1756 2376 itt

964 2405 1053 2424 rerum
1069 2397 1167 2424 virtute
1185 2396 1304 2424 conﬁdit.
1319 2396 1353 2424 Ut
1369 2396 1448 2430 igitur
1461 2403 1536 2428 crux,
1550 2404 1610 2431 qua:
1625 2396 1755 2431 probrosa

963 2451 1007 2471 res
1021 2443 1125 2470 videtur
1138 2451 1209 2476 esse,
1227 2443 1358 2470 bonorum
1373 2443 1604 2470 innumerabilium
1617 2450 1696 2470 causa
1707 2462 1715 2475 ,
1730 2446 1758 2469 et

963 2490 1053 2524 gloria:
1067 2489 1207 2517 iueﬁ‘abilis
1224 2489 1332 2517 occasio
1346 2494 1372 2516 et
1386 2489 1462 2516 radix
1484 2489 1560 2516 nobis
1584 2487 1632 2516 fuit
1646 2497 1653 2515 :
1670 2488 1708 2515 sic
1722 2495 1754 2515 ea

962 2543 1021 2570 qua:
1034 2536 1138 2563 videtur
1149 2542 1209 2563 esse
1223 2535 1346 2568 stultitia,
1358 2535 1497 2569 sapientia:
1511 2534 1589 2561 nobis
1603 2541 1683 2561 causa
1694 2533 1754 2560 fuit.

963 2581 1036 2608 Sicut
1051 2581 1122 2608 ettitn
1135 2581 1157 2608 is
1172 2581 1215 2615 qui
1231 2580 1300 2608 male
1313 2579 1448 2616 quidpiam
1473 2579 1577 2613 didicit,
1596 2580 1646 2607 nisi
1669 2584 1754 2607 totum

963 2627 1091 2662 deponat,
1106 2627 1275 2661 animamque
1289 2627 1313 2653 ei
1328 2626 1373 2661 qui
1387 2627 1534 2661 scripturus
1552 2631 1593 2653 est
1609 2626 1712 2660 planam
1728 2630 1755 2652 ct

963 2681 1055 2707 puram
1069 2673 1181 2705 reddat,
1197 2681 1229 2701 ex
1243 2673 1317 2700 sanis
1339 2673 1420 2700 rebus
1441 2673 1506 2700 nihil
1527 2672 1598 2700 clare
1619 2672 1752 2699 sciet:ita

962 2718 1041 2745 etiam
1065 2719 1091 2746 in
1117 2724 1227 2746 externa
1252 2719 1398 2754 sapientia.
1424 2718 1473 2746 nisi
1499 2723 1583 2745 totum
1608 2718 1703 2745 eradas
1724 2721 1751 2744 et

961 2769 1077 2792 mentem
1091 2772 1198 2792 everras
1208 2786 1216 2799 ,
1231 2769 1258 2793 et
1272 2765 1348 2801 quasi
1371 2765 1453 2792 idiota
1469 2764 1529 2792 ﬁdei
1551 2769 1578 2792 te
1598 2764 1727 2791 obtuleris
1740 2783 1749 2795 ,

962 2810 1027 2838 nihil
1043 2811 1198 2845 praeclarum
1217 2811 1260 2839 vel
1283 2812 1419 2840 sincerum
1442 2815 1566 2838 accurate
1587 2810 1666 2837 scies.
1683 2809 1748 2836 Nam

960 2856 1004 2891 qui
1020 2856 1125 2892 oblique
1139 2857 1246 2893 vident,
1261 2857 1312 2885 nisi
1328 2857 1423 2885 clausis
1437 2856 1522 2885 oculis
1543 2863 1572 2884 se
1590 2855 1649 2882 aliis
1664 2853 1747 2881 tradi-
