2041 3111
255 151 290 179 εδ
629 147 656 176 S.
677 146 815 175 JOANNIS
828 144 1064 174 CIIRYSOSTOMI
1091 144 1248 174 ARCIIIEP.
1265 145 1531 174 CONSTANTINOP.
1863 144 1896 174 εί

256 209 356 240 derint,
369 207 416 235 scd
427 206 498 234 male
511 205 605 233 aﬂ‘ecto
621 206 686 232 visui
702 213 747 233 sua
769 204 948 240 permiserint,
964 205 1049 240 magis

259 255 398 285 crrabunt,
412 261 491 288 quam
507 253 551 288 qui
567 260 620 279 non
635 251 735 278 vident.

307 301 419 328 Externa
449 299 574 334 sapientia
606 297 764 332 reprobatur.
779 311 814 316 —
829 295 864 323 Et
896 294 1050 330 quomodo,

260 348 381 383 inquies,
402 346 488 381 possit
512 345 570 372 haec
592 350 703 372 externa
728 343 858 377 sapientia
886 341 1003 377 deponi?
1023 341 1051 368 Si

259 401 352 421 eorum
374 392 512 426 disciplina
537 398 590 417 non
619 389 709 416 utaris.
734 388 835 416 Deinde
856 393 996 423 postquam
1019 387 1053 414 ab

260 439 304 466 illa
320 438 451 465 desistere
474 440 527 463 tam
542 442 636 469 aspere
649 434 746 468 jussit,
761 441 868 460 causam
883 433 962 460 etiam
977 432 1053 459 ade-rt

259 485 301 511 his
321 483 408 511 verbis
425 491 431 509 :
448 482 491 509 i9.
514 480 648 516 Sapientia
663 480 728 507 enim
751 479 828 514 huius
843 478 932 505 mundi
945 478 1053 505 stultitia

258 534 295 556 est
317 528 386 564 apud
410 527 501 554 Deum.
515 526 573 554 Non
592 526 671 559 modo
686 525 756 553 enim
773 525 838 552 nihil
861 524 982 556 confert,
1005 523 1052 551 sed

258 575 339 602 etiam
355 573 476 608 impedit.
492 572 603 608 Oportet
619 572 698 607 igitur
719 572 752 599 ab
772 571 817 599 illa
840 571 968 598 absistere
979 591 986 603 ,
1009 574 1052 597 ut-

261 625 324 655 pote
336 628 395 655 qua:
409 623 515 647 noceat.
533 618 624 646 Videu‘
637 617 770 653 quomodo
785 618 898 644 ubertim
916 617 1052 644 victoriam

261 666 368 698 tulerit,
385 665 530 692 ostendens
543 665 614 692 illam
630 671 683 691 non
700 663 779 691 modo
793 663 859 691 nihil
879 670 928 690 nos
939 663 1032 698 juvarc
1044 682 1052 696 ,

260 711 308 739 sed
330 712 411 739 etiam
435 711 511 739 nobis
525 710 687 738 contrariam
703 709 786 737 esse?
810 709 901 744 Neque
920 709 975 736 suis
989 715 1054 735 con-

260 761 351 785 tentus
364 757 539 793 argumentis.
554 756 735 784 testimonium
750 762 842 783 rursus
855 755 931 782 aﬂ'ert
941 755 1033 782 dicens
1045 763 1052 782 :

260 803 393 837 Scriptum
416 804 453 829 est
477 802 544 829 enim
568 810 574 828 :
593 801 643 835 Qui
662 801 851 836 comprehendit
875 801 1001 835 sapientes
1027 800 1054 827 in

260 850 353 876 astutia
366 857 463 876 eorum.
480 848 594 881 Astutia,
615 847 640 875 id
653 851 712 880 est,
734 847 789 875 suis
803 847 862 874 illos
876 847 957 874 armis
972 847 1052 882 capit.

261 895 327 928 Quia
347 895 419 922 enim
446 894 543 921 astutia
566 894 607 921 usi
633 898 709 926 sunt,
736 898 765 920 ut
792 901 825 920 ne
851 893 905 920 Dco
924 892 1055 920 haberent

261 947 346 974 opus,
365 947 413 975 per
427 939 497 967 hanc
521 939 605 974 ipsam
621 939 745 966 astutiam
762 938 814 965 illis
838 938 960 973 probavit
983 938 1054 974 quod

261 986 377 1012 maxime
404 986 459 1012 Deo
488 989 594 1020 egeant.
619 985 677 1018 Quo
701 983 800 1011 modo?
826 984 901 1018 Quod
924 991 972 1019 per
994 991 1053 1011 eam

261 1031 334 1057 stulti
351 1030 456 1064 effecti,
482 1031 579 1058 merito
598 1038 646 1065 per
667 1030 789 1057 eamdem
816 1030 886 1065 capti
909 1031 971 1057 sint.
988 1030 1054 1057 Nam

261 1077 306 1112 qui
330 1077 457 1111 putabant
476 1084 506 1104 se
525 1077 580 1104 Deo
601 1084 653 1104 non
672 1084 738 1111 opus
758 1076 874 1109 habere,
897 1076 930 1104 ad
954 1081 1054 1104 tantam

262 1122 365 1149 reducti
385 1126 448 1150 sunt
466 1126 628 1157 egestatem,
650 1126 678 1149 ut
691 1121 868 1156 piscatoribus
881 1126 908 1149 et
923 1121 1055 1149 illiteratis

263 1169 380 1196 minores
392 1173 549 1203 apparerent
563 1188 570 1201 ,
584 1168 703 1203 ipsisque
713 1167 820 1195 demum
832 1175 899 1202 opus
912 1167 1052 1195 haberent.

264 1213 326 1242 Ideo
348 1214 400 1246 ait,
418 1214 446 1241 In
469 1214 566 1242 astutia
582 1214 701 1248 ipsorum
717 1214 788 1248 cepit
810 1213 881 1241 illos.
903 1213 970 1241 Nam
993 1221 1054 1242 cum

263 1259 345 1293 dicit,
369 1259 479 1287 Perdant
498 1260 648 1296 sapientiam
673 1259 721 1296 (i.
743 1259 803 1287 Cor.
824 1260 850 1287 1.
873 1260 946 1295 19),
970 1260 1054 1295 ipsam

262 1305 296 1333 ad
312 1306 378 1333 nihil
409 1306 473 1333 utile
489 1307 615 1333 inducere
635 1306 767 1341 significat
782 1314 788 1333 :
805 1305 868 1333 illud
883 1311 988 1339 autent,
1006 1306 1056 1339 Qui

262 1352 449 1386 comprehendit
460 1353 585 1388 sapientes
596 1353 621 1379 in
632 1353 725 1379 astutia
735 1360 821 1379 eorum
834 1374 841 1387 ,
862 1352 894 1380 ad
907 1353 1054 1380 ostenden-

263 1398 324 1425 dam
341 1398 387 1426 Dei
402 1399 545 1433 potentiam
559 1399 665 1426 dicitur.

297 1445 325 1471 2.
346 1445 447 1472 Deinde
462 1444 570 1472 modum
585 1445 650 1472 dicit
668 1452 722 1481 quo
744 1445 965 1480 comprehendit,
982 1446 1055 1473 aliud

263 1489 392 1524 adjiciens
406 1489 606 1522 testimonium;
623 1489 660 1516 ait
673 1490 744 1516 enim
760 1499 766 1516 :
782 1489 827 1517 20.
848 1489 974 1517 Dominus
989 1491 1055 1517 novit

263 1536 425 1571 cogitationes
450 1536 600 1571 sapientium
628 1536 749 1571 quoniam
783 1545 853 1564 vana:
887 1542 956 1564 sunt.
988 1537 1055 1566 Cum

263 1587 354 1608 autem
375 1581 505 1616 sapientia
521 1581 566 1608 illa
585 1589 644 1616 qua:
657 1586 698 1608 est
712 1581 841 1610 immensa
853 1602 861 1615 ,
878 1582 936 1610 haec
949 1583 982 1610 de
1003 1583 1056 1611 illis

265 1627 495 1663 pronuntiaverit,
511 1632 537 1654 et
552 1627 618 1654 tales
631 1627 704 1662 ipsos
719 1635 778 1655 esse
792 1628 961 1663 probaverit,
976 1637 1055 1664 quam

262 1672 342 1699 aliam
364 1677 491 1700 extremae
505 1672 612 1699 illorum
627 1672 750 1700 amentia:
765 1681 868 1707 quaeres
886 1673 1054 1702 demonstra-

265 1718 386 1752 tionem?
400 1717 466 1745 Nam
487 1717 625 1745 hominum
640 1717 746 1753 quidem
758 1719 857 1753 judicia
873 1727 944 1754 saepe
960 1720 1054 1747 labun-

263 1769 325 1797 tur;
341 1764 387 1792 Dei
404 1771 467 1792 vero
481 1765 610 1792 sententia
627 1772 676 1792 nec
691 1765 852 1800 reprehendi
868 1773 917 1794 nec
931 1773 1055 1794 corrum-

263 1810 290 1845 pi
312 1817 436 1845 umquam
452 1814 550 1845 potest.
568 1810 711 1845 Postquam
732 1811 812 1846 igitur
833 1811 943 1847 superni
962 1812 1054 1847 judicii

264 1860 394 1890 troporum
419 1856 454 1883 ita
474 1855 642 1891 splendidum
668 1861 808 1890 erexerat,
832 1857 1005 1885 vehementer
1027 1858 1054 1885 in

264 1902 384 1929 subditos
394 1909 545 1929 sermonem
557 1903 704 1936 convertit,
717 1903 774 1930 lucc
787 1902 878 1930 dicens
895 1911 901 1930 :
915 1902 960 1930 2i.
973 1902 1056 1930 Nemo

263 1949 348 1984 itaque
367 1948 488 1982 glorietur
502 1948 527 1974 in
541 1948 682 1975 hominibus
697 1956 705 1975 :
720 1948 765 1975 22.
781 1949 865 1975 omnia
886 1949 954 1976 enim
973 1954 1056 1976 vestra

263 1998 334 2021 sinit.
360 1993 575 2028 Rursus'priora
599 1994 713 2029 repetit,
728 1994 872 2021 ostendens
895 1994 953 2021 illos
969 2003 1056 2030 neque

265 2040 293 2066 in
305 2039 486 2074 spiritualibus
500 2041 583 2067 altum
598 2047 691 2075 sapere
705 2041 803 2068 debere
813 2061 820 2074 ,
839 2045 866 2068 ut
880 2042 924 2076 qui
940 2041 1005 2068 nihil
1021 2049 1054 2069 ex

264 2094 294 2113 se
316 2086 440 2114 habeant.
455 2086 522 2113 Cum
537 2093 602 2120 ergo
622 2090 733 2113 externa
759 2087 887 2121 sapientia
908 2087 987 2114 noxia
1001 2087 1054 2121 sit,

264 2137 291 2159 ct
312 2132 460 2167 spiritualia
482 2140 497 2159 a
513 2131 589 2159 vobis
615 2139 667 2158 non
691 2131 745 2158 sint
769 2131 849 2165 data,
877 2131 947 2160 unde
974 2132 1057 2161 habes

263 2177 334 2212 quod
346 2176 488 2212 glorieris?
502 2176 535 2203 Et
549 2176 575 2202 in
591 2180 701 2203 externa
714 2175 821 2210 quidem
835 2176 963 2211 sapientia
977 2184 1056 2205 neruo

265 2224 382 2258 scipsum
401 2222 534 2256 decipiat,
548 2221 651 2256 inquit.
668 2222 728 2257 quia
748 2222 799 2257 ipsi
819 2222 845 2250 in
867 2230 896 2250 re
911 2223 988 2250 noxia
1005 2223 1056 2251 sibi

265 2268 407 2304 placebant
428 2276 434 2294 :
457 2267 499 2294 hic
525 2274 606 2298 vero,
634 2267 694 2302 quia
720 2275 763 2294 res
790 2267 870 2295 habet
895 2268 1054 2302 utilitatem,

267 2322 347 2341 nemo
374 2313 513 2348 glorietur.
545 2313 579 2340 Et
600 2313 780 2341 mansuetiora
804 2315 886 2341 utitur
912 2315 1053 2342 oratione:

267 2360 361 2387 Omnia
377 2360 444 2386 enim
466 2364 546 2386 vestra
558 2364 616 2386 sunt
626 2380 632 2392 ,
655 2360 705 2386 sive
727 2359 826 2387 Paulus
840 2361 890 2387 sive
904 2361 995 2396 Apollo
1005 2361 1056 2388 sive

267 2406 366 2441 Cephas
380 2406 432 2433 sive
446 2405 553 2432 mundus
562 2425 569 2438 ,
585 2406 636 2432 sive
648 2406 698 2432 vita
712 2406 761 2432 sive
780 2414 847 2434 mors
857 2428 864 2440 ,
879 2408 930 2434 sive
942 2415 1055 2442 prterea-

265 2454 301 2478 tia
316 2451 366 2478 sive
377 2453 462 2487 futura
478 2459 487 2477 :
501 2451 585 2477 omnia
603 2455 684 2478 vestra
703 2456 761 2478 sunt
771 2472 778 2484 ,
792 2459 834 2478 vos
848 2457 930 2479 autem
944 2452 1054 2486 Christi,

266 2496 381 2525 Christus
394 2503 476 2524 autem
492 2496 546 2524 Dei.
563 2497 630 2530 Quia
644 2498 715 2524 enim
730 2498 788 2524 illos
802 2499 977 2526 vehementer
992 2507 1054 2533 pcr—

266 2543 427 2577 strinxerat,
440 2551 532 2570 rursus
546 2543 618 2578 ipsos
633 2548 747 2570 recreat.
764 2543 797 2570 Et
812 2543 934 2578 superius
948 2543 1055 2579 quidem

266 2589 391 2623 dicebat,
420 2590 556 2625 Adjutores
584 2598 670 2617 sumus
702 2589 765 2623 Dei,
795 2595 822 2618 et
848 2590 908 2617 aliis
937 2591 1056 2626 pluribus

265 2635 356 2664 verbis
373 2636 446 2671 ipsos
466 2634 654 2664 consolabatur
670 2644 677 2662 :
693 2636 736 2663 hic
755 2640 844 2663 autem
858 2636 940 2670 dicit,
963 2636 1056 2664 Omnia

266 2686 349 2709 vestra
362 2687 419 2710 sunt
429 2703 437 2715 ,
453 2683 592 2712 doctorum
609 2683 705 2710 fastum
721 2690 849 2710 amovens
862 2703 869 2715 ,
890 2683 1052 2710 ostendens-

265 2735 318 2762 que
332 2727 403 2763 ipsos
419 2736 470 2756 non
483 2729 562 2756 modo
580 2729 645 2756 nihil
658 2728 711 2755 illis
725 2727 830 2762 largiri.
852 2728 899 2756 sed
913 2728 977 2763 ipsis
992 2737 1054 2764 gra-

265 2774 316 2800 tias
330 2773 432 2802 rcferre
453 2774 550 2802 debere
568 2783 573 2801 :
590 2779 699 2809 propter
712 2774 771 2802 illos
792 2775 862 2802 cnim
886 2775 952 2802 tales
967 2775 1054 2802 effecti

264 2823 344 2852 sunt,
368 2820 502 2855 etiamque
523 2820 635 2855 gratiam
659 2824 829 2854 acceperunt.
855 2819 907 2847 Sed
929 2819 1054 2855 quoniam

265 2864 382 2893 futurum
394 2870 462 2900 erat,
482 2871 510 2894 ut
531 2865 569 2894 illi
590 2866 669 2894 etiam
686 2866 878 2903 gloriarentur,
903 2865 963 2894 ideo
983 2865 1053 2894 hunc

1105 211 1210 240 quoque
1237 205 1358 232 morbum
1387 203 1507 239 prtedicit
1525 203 1618 230 dicens
1637 212 1642 229 :
1673 202 1813 237 Uniruique
1832 207 1898 230 sicut

1106 249 1173 277 Deus
1188 250 1276 283 dedit;
1299 254 1342 283 et,
1360 250 1428 277 Deus
1452 250 1632 276 incrementum
1647 249 1716 276 dedit
1730 257 1739 281 ;
1763 254 1791 276 ut
1811 256 1898 284 neque

1104 295 1164 328 illi,
1185 296 1245 330 quia
1273 296 1462 331 pr:ebuerunt,
1489 295 1571 322 altum
1598 295 1724 329 sapiant;
1753 302 1839 329 neque
1868 294 1894 322 hi

1105 341 1199 375 etiam,
1225 342 1287 376 quia
1311 342 1462 374 audierunt,
1479 341 1570 368 Omnia
1585 347 1665 368 vestra
1689 347 1763 373 sunt,
1779 349 1840 369 sese
1854 350 1899 368 cx-

1105 387 1207 414 tollant.
1223 387 1328 415 Etenim
1343 387 1448 414 etiatnsi
1468 392 1575 422 propter
1589 395 1650 420 vos,
1665 391 1692 414 at
1714 391 1797 414 totum
1811 395 1826 415 a
1842 388 1898 416 Deo

1106 433 1202 460 tactum
1217 437 1267 461 est.
1297 434 1336 461 Tn
1365 442 1428 461 vero
1449 434 1512 461 mihi
1541 434 1691 469 perpendas
1710 434 1789 461 velim
1802 455 1809 467 ,
1830 442 1897 470 quo-

1105 479 1185 506 tnodo
1204 487 1287 514 usque
1308 480 1341 507 ad
1364 480 1444 507 fincn‘r
1472 487 1625 515 perseveret
1651 489 1747 508 nomen
1768 489 1844 508 suum
1865 487 1892 509 ct

1105 533 1201 552 nomen
1226 525 1296 553 Petri
1311 533 1420 561 ponere.
1436 526 1504 560 Quid
1518 535 1582 554 vero
1596 527 1726 562 significat
1741 528 1803 555 illud
1815 550 1822 561 ,
1838 528 1900 556 Sive

1105 571 1196 597 mors?
1222 571 1330 599 Etiamsi
1359 572 1526 605 moriantur,
1554 581 1602 607 pro
1629 573 1703 600 vobis
1730 574 1895 608 moriuntur,

1106 616 1287 651 periclitantes
1301 624 1349 652 pro
1363 621 1451 645 vestra
1465 618 1559 646 salute.
1581 618 1674 645 Viden’
1689 619 1822 653 quomodo
1836 628 1897 647 rur-

1105 670 1163 689 sum
1178 662 1367 698 discipulorum
1387 662 1483 690 fastum
1504 663 1654 698 deprimat,
1670 664 1794 692 doctores
1808 671 1897 693 autem

1105 708 1233 735 extollat?
1252 708 1317 735 Nam
1332 709 1370 736 sic
1385 709 1445 736 illos
1459 709 1602 744 alloquitur
1616 714 1643 736 ut
1658 717 1753 744 pueros
1774 711 1894 744 nobiles,

1106 752 1264 789 predagogos
1275 753 1414 786 habentes,
1427 754 1470 789 qui
1484 754 1665 782 [nereditatem
1677 756 1811 790 accepturi
1822 761 1895 784 sunt.

1105 798 1177 827 Licet
1200 799 1279 827 etiam
1303 799 1356 827 alio
1378 800 1457 827 modo
1471 800 1573 833 dicere,
1590 805 1703 828 mortem
1725 801 1818 828 Adaini
1834 810 1896 837 pro—

1107 849 1160 879 ptct
1183 853 1232 873 nos
1251 845 1350 879 fuisse,
1379 851 1407 873 ut
1433 846 1672 881 rcsipiseeremus;
1701 853 1813 875 mortem
1833 855 1898 876 vero

1106 890 1222 924 Christi,
1238 897 1267 918 ut
1280 899 1460 920 servaremur.
1486 892 1537 920 Vos
1550 898 1634 920 autent
1651 893 1758 926 Christi,
1783 894 1898 922 Christus

1106 944 1163 963 vero
1189 936 1243 964 Dei.
1266 937 1350 965 Aliter
1375 938 1473 965 Christi
1493 946 1602 972 sumus,
1627 944 1654 967 et
1672 939 1750 967 aliter
1778 940 1899 968 Christus

1108 982 1154 1009 Dei
1174 987 1230 1016 est,
1251 988 1277 1010 et
1300 983 1378 1011 aliter
1402 985 1517 1012 mundus
1536 989 1576 1013 cst
1597 990 1697 1013 noster.
1726 985 1780 1013 Nos
1799 987 1898 1021 quippe

1106 1026 1205 1054 Christi
1219 1036 1326 1061 sumus,
1353 1034 1380 1057 ut
1401 1037 1468 1065 opus
1492 1030 1580 1063 illius;
1605 1031 1728 1058 Christus
1747 1039 1810 1058 vero
1833 1031 1897 1065 Dei,

1108 1077 1134 1100 ut
1151 1080 1278 1108 germana
1303 1075 1391 1109 proles
1402 1095 1408 1107 ,
1425 1083 1476 1102 non
1492 1080 1520 1102 ut
1533 1083 1600 1110 opus
1615 1085 1621 1103 :
1637 1084 1687 1111 qua
1701 1076 1804 1104 ratione
1817 1077 1897 1104 etiam

1107 1127 1156 1146 nec
1169 1119 1283 1147 mundus
1297 1125 1337 1148 est
1351 1126 1442 1149 noster
1455 1122 1474 1148 ί.
1491 1122 1582 1158 Itaque
1595 1122 1644 1149 etsi
1659 1130 1709 1150 una
1723 1124 1758 1150 sit
1771 1123 1862 1156 dictio,
1873 1128 1900 1151 at

1107 1165 1214 1193 diversa
1237 1167 1380 1194 sententia.
1401 1167 1516 1195 Mundus
1538 1168 1609 1195 enim
1624 1173 1716 1195 noster
1728 1173 1786 1203 est,
1807 1174 1900 1204 utpote

1108 1219 1156 1245 pro
1180 1212 1258 1240 nobis
1284 1212 1390 1246 factus;
1418 1213 1541 1242 Christus
1571 1221 1634 1242 vero
1655 1215 1702 1242 Dei
1721 1220 1780 1249 est,
1806 1215 1899 1251 utqui

1107 1258 1193 1292 ipsum
1216 1264 1353 1287 auctorem
1369 1259 1485 1294 habent,
1509 1266 1639 1296 quatenus
1662 1262 1740 1290 Pater
1753 1263 1811 1297 ejus
1833 1269 1897 1291 est:

1107 1311 1156 1331 nos
1170 1309 1258 1332 autern
1269 1313 1361 1333 sumus
1371 1305 1481 1340 Christi,
1495 1307 1556 1342 quia
1569 1307 1603 1335 ab
1613 1307 1671 1343 ipso
1685 1309 1784 1336 conditi
1795 1317 1897 1337 sumus.

1107 1350 1136 1378 Si
1159 1351 1196 1378 illi
1220 1356 1282 1379 sunt
1304 1353 1403 1385 vestri,
1426 1353 1527 1388 inquit,
1543 1361 1591 1381 cur
1614 1353 1700 1382 facitis
1714 1357 1898 1389 contrarium,

1107 1395 1170 1423 dum
1184 1396 1217 1423 ab
1231 1397 1295 1432 ipsis
1308 1398 1533 1432 cognominamini
1547 1419 1554 1430 ,
1569 1406 1622 1426 non
1635 1407 1650 1427 a
1664 1399 1771 1428 Christo
1784 1406 1810 1429 et
1823 1401 1878 1429 Deo
1887 1403 1900 1429 τ

1109 1441 1195 1476 (Cap.
1221 1442 1261 1478 4.)
1285 1443 1309 1470 1.
1335 1443 1379 1471 Sit:
1404 1452 1450 1471 nos
1469 1445 1593 1472 existimet
1618 1447 1692 1472 homo
1718 1450 1745 1473 ut
1771 1448 1899 1476 ministros

1108 1487 1216 1522 Christi,
1237 1493 1261 1515 et
1280 1489 1464 1523 dispensatores
1484 1491 1658 1526 mysteriorum
1677 1491 1734 1522 Dei.
1756 1492 1898 1528 Postquam

1108 1533 1213 1561 illorum
1239 1535 1417 1569 arrogantiam
1440 1536 1588 1571 depressit.
1609 1537 1670 1564 vide
1690 1538 1744 1572 jam
1764 1539 1900 1573 quomodo

1108 1578 1167 1606 illos
1181 1584 1284 1607 recreet
1303 1580 1395 1608 dicens
1410 1590 1416 1608 :
1435 1580 1468 1608 Ut
1482 1582 1608 1609 ministros
1623 1583 1725 1611 Christi.
1746 1584 1784 1612 Ne
1798 1585 1899 1620 itaque,

1108 1624 1190 1652 misso
1202 1625 1313 1653 l‘omino
1324 1647 1330 1658 ,
1343 1633 1358 1652 a
1370 1626 1499 1654 ministris
1509 1632 1536 1654 et
1547 1627 1652 1665 famulis
1663 1636 1760 1657 nomen
1771 1631 1898 1665 accipias.

1109 1670 1313 1706 Dispensatores
1330 1676 1420 1699 autent
1444 1672 1528 1706 dixit,
1544 1663 1688 1702 ostendens
1709 1683 1761 1703 non
1775 1663 1901 1705 omnibus

1108 1716 1166 1744 hmc
1181 1717 1268 1744 danda
1291 1725 1351 1745 esse
1362 1739 1370 1752 ,
1392 1718 1438 1746 sed
1454 1719 1550 1754 quibus
1573 1725 1695 1755 oportet,
1709 1727 1736 1748 et
1757 1723 1854 1757 quibus
1867 1731 1900 1751 ea

1108 1768 1170 1790 sunt
1181 1763 1370 1798 dispensanda.
1384 1764 1412 1791 2.
1430 1764 1479 1791 Hic
1488 1765 1544 1800 jam
1557 1767 1678 1800 queritur
1690 1767 1754 1794 inter
1765 1768 1901 1803 dispensa-

1108 1814 1172 1836 tores
1193 1813 1219 1836 ιιι
1242 1809 1324 1844 ﬁdelis
1346 1810 1401 1845 quis
1426 1811 1577 1837 inveniatur.
1594 1811 1620 1839 id
1633 1817 1690 1844 est,
1715 1821 1820 1848 nequa:
1837 1819 1901 1842 sunt

1109 1854 1214 1882 Domini
1236 1856 1286 1883 sibi
1307 1861 1436 1891 usurpet,
1453 1865 1502 1884 nec
1526 1857 1576 1884 sibi
1599 1862 1732 1893 tamquam
1745 1859 1854 1888 donino
1867 1869 1900 1888 ca

1108 1900 1243 1933 vindicet,
1258 1901 1304 1928 scd
1319 1906 1346 1928 ut
1359 1901 1529 1936 dispensator
1545 1903 1589 1929 illa
1604 1909 1689 1931 curet.
1706 1905 1901 1939 Dispensatoris

1108 1947 1178 1974 enim
1202 1952 1260 1980 est,
1285 1954 1315 1974 ea
1341 1955 1400 1982 qua:
1423 1947 1474 1975 sibi
1488 1948 1589 1975 credita
1610 1954 1673 1976 sunt
1687 1950 1769 1984 probe
1782 1951 1899 1979 admini-

1108 1998 1194 2020 strare
1204 2013 1211 2025 ,
1233 2000 1283 2020 nec
1296 2000 1356 2027 qua:
1369 1993 1468 2020 domini
1482 1998 1543 2020 sunt
1562 2001 1608 2020 sua
1623 1995 1711 2023 dicere
1724 2004 1731 2028 ;
1747 1996 1792 2024 sed
1806 2003 1900 2024 contra

1108 2047 1168 2074 qua:
1195 2043 1257 2066 sunt
1275 2046 1340 2071 sua,
1368 2038 1470 2066 domini
1496 2038 1611 2067 dicere}
1627 2040 1813 2076 Unusquisque
1842 2042 1901 2070 lucc

1108 2084 1227 2119 cogimus
1238 2105 1245 2117 ,
1261 2085 1317 2111 sive
1330 2084 1434 2111 dicendi
1450 2084 1603 2112 facultatem
1618 2086 1730 2119 habeat,
1751 2087 1807 2115 sive
1821 2095 1902 2122 pecu-

1109 2130 1167 2158 nias
1177 2151 1184 2162 ,
1199 2131 1269 2165 quod
1284 2138 1380 2165 nempe
1397 2139 1440 2158 res
1453 2131 1557 2158 Domini
1571 2133 1621 2160 sihi
1637 2133 1745 2161 credita:
1759 2135 1812 2161 sint
1822 2156 1828 2168 ,
1845 2143 1898 2163 non

1108 2181 1198 2203 autem
1224 2183 1297 2209 suae,
1321 2184 1355 2203 ne
1378 2176 1436 2204 illas
1459 2185 1541 2212 penes
1563 2185 1592 2205 se
1611 2179 1724 2206 retineat
1743 2187 1828 2215 neque
1847 2181 1898 2208 sibi

1108 2221 1260 2252 adscribat,
1284 2221 1330 2249 sed
1355 2222 1410 2249 Deo
1433 2223 1521 2250 omnia
1542 2223 1665 2258 largicnti
1692 2225 1750 2252 illas
1775 2232 1900 2261 acceptas

1108 2267 1217 2294 referat.
1235 2266 1280 2294 Vis
1295 2267 1385 2294 videre
1407 2267 1500 2296 ﬁdeles
1521 2268 1741 2303 dispensatores?
1754 2271 1821 2298 Audi
1835 2272 1899 2307 quid

1109 2312 1180 2340 dicat
1194 2313 1287 2340 Petrus
1304 2322 1309 2339 :
1328 2313 1396 2345 Quid
1409 2322 1454 2340 nos
1469 2315 1593 2348 rcspicitis
1606 2316 1678 2350 quasi
1692 2317 1797 2352 propria
1810 2317 1900 2345 virtute

1109 2363 1154 2384 aut
1173 2358 1271 2392 pietate
1297 2359 1426 2394 fecerimus
1446 2360 1512 2386 hunc
1539 2360 1668 2387 ambulare
1687 2361 1762 2396 (Act.
1778 2362 1804 2389 3.
1822 2362 1853 2389 12
1867 2364 1899 2394 )‘t

1109 2409 1136 2432 ct
1150 2405 1273 2432 Cornelio
1287 2405 1392 2432 dicebat
1413 2405 1464 2440 (α)
1481 2415 1485 2429 :
1502 2404 1536 2432 Et
1560 2414 1605 2433 nos
1628 2407 1716 2433 iisdem
1741 2408 1899 2442 parsiunibus

1109 2450 1211 2478 obnoxii
1232 2451 1344 2477 homines
1363 2459 1448 2478 sumus
1469 2450 1542 2486 (Act.
1561 2451 1694 2487 H.155);
1712 2457 1739 2480 et
1760 2451 1793 2480 ad
1818 2453 1899 2481 Chri-

1110 2501 1180 2523 stum
1196 2505 1202 2523 :
1218 2495 1285 2523 Ecce
1311 2496 1458 2530 reliquimus
1487 2497 1572 2524 omnia
1598 2501 1620 2524 et
1648 2499 1745 2533 sequuti
1771 2507 1858 2526 sumus
1877 2504 1900 2526 te

1110 2543 1224 2579 (Matth.
1247 2543 1289 2571 i9.
1309 2543 1375 2578 27),
1406 2543 1438 2570 Et
1465 2542 1562 2570 Paulus
1589 2551 1649 2571 cum
1678 2544 1809 2578 dixisset,
1834 2544 1900 2573 Plus

1109 2597 1185 2624 quant
1208 2597 1293 2616 omnes
1316 2589 1444 2622 laboravi,
1471 2589 1607 2624 subjunxit
1623 2598 1630 2617 :
1644 2590 1705 2618 Non
1725 2599 1770 2626 ego
1795 2597 1896 2626 autem,

1141 2687 1149 2703 ¹
1163 2690 1222 2718 Reg.
1234 2688 1268 2723 sic
1280 2687 1351 2713 εὕει-ι
1361 2688 1425 2714 hunc
1436 2688 1666 2723 locum...gennana
1677 2691 1898 2723 ptoles:mundus-

1109 2724 1155 2749 que
1166 2724 1213 2754 non
1223 2722 1258 2754 est
1270 2723 1358 2754 noster,
1371 2723 1396 2744 ut
1405 2722 1512 2745 nostrum
1527 2727 1595 2753 opus,
1606 2722 1648 2746 sed
1660 2723 1685 2747 iu
1699 2726 1813 2754 quantum
1823 2725 1899 2751 nostri

1109 2756 1183 2774 causa
1193 2753 1271 2804 pimus
1282 2753 1326 2775 est.
1706 2753 1710 2754 ⁷

1134 2780 1177 2815 tu)
1186 2810 1192 2815 _
1218 2781 1240 2815 ie
1245 2781 1318 2815 citata
1325 2781 1399 2815 verba
1407 2788 1455 2815 non
1462 2782 1574 2815 Cornelio
1582 2783 1643 2808 dicta
1652 2783 1722 2809 fuere
1729 2791 1742 2808 a
1749 2784 1840 2815 Petro;
1853 2787 1898 2811 sed

1108 2816 1122 2834 a
1134 2810 1210 2844 Paulo
1222 2812 1317 2842 Lystris,
1330 2813 1360 2836 iis
1371 2814 1412 2844 qui
1425 2813 1539 2844 Barnabas:
1551 2817 1577 2838 et
1588 2815 1636 2838 sibi
1648 2819 1675 2839 ut
1685 2815 1733 2839 dus
1751 2810 1842 2841 hostias
1853 2810 1898 2841 tm:

1108 2841 1226 2897 ἓξὲξιὲ
1325 2843 1366 2868 uie
1376 2841 1492 2869 memoria
1502 2843 1592 2870 labitur
1601 2844 1793 2878 Chrysostomm,
1806 2847 1854 2872 nisi
1865 2848 1898 2874 sit
