2041 3111
127 105 159 133 85
671 111 704 139 IN
723 111 829 140 EPIST.
846 110 857 138 Ι
886 110 934 139 AD
953 111 1032 140 C08.
1053 114 1170 144 HOMIL.
1191 117 1224 144 Χ.
1736 127 1770 153 86

127 164 165 189 sed
191 163 276 198 gratia
307 163 359 192 Dei
384 174 481 194 mecum
508 168 556 203 (l.
576 167 635 196 Cor.
657 169 701 197 l5.
723 170 788 205 l0).
810 169 844 196 Et
863 168 927 195 alibi

128 210 233 237 eosdem
264 211 413 247 alloquens
440 214 544 242 dicebat
560 224 566 242 :
583 215 652 248 Quid
681 216 747 243 enim
765 216 841 242 habes
859 216 927 250 quod

130 265 176 284 non
189 258 311 292 accepisti
324 260 358 294 (1
367 281 373 287 .
389 260 447 287 Cor.
462 261 490 290 4.
507 262 521 288 7
530 261 561 296 )?
574 261 645 289 Nihil
658 262 730 289 enim
746 261 828 290 habes
842 267 928 296 tuum,

133 311 182 331 non
207 306 358 340 pecunias,
384 314 437 334 non
461 307 591 341 verbum,
616 316 669 335 non
683 308 768 343 ipsam
789 308 926 336 animam:

133 359 189 378 nam
201 355 230 378 et
243 351 302 386 ipsa
318 352 426 380 Domini
439 358 489 380 est.

167 397 194 424 5.
214 396 282 424 Cum
306 397 388 433 igitur
402 406 470 434 opus
492 398 582 431 fuerit,
604 399 672 428 hanc
692 408 798 436 quoque
811 400 927 435 depone.

133 443 207 477 Quod
223 444 245 470 si
263 444 348 471 vitam
371 452 457 475 amas.
469 450 497 473 et
511 445 533 473 si
555 445 690 480 deponere
707 446 809 481 jussus,
822 451 929 474 contra-

133 490 208 523 dicis,
222 491 280 526 jam
301 499 356 519 non
384 492 470 520 ﬁdelis
493 492 664 528 dispensator
686 501 726 521 es.
741 493 774 521 Et
794 493 929 528 quomodo

133 538 194 565 licet
219 538 276 565 Deo
297 543 414 566 vocante
436 539 581 566 resistere?
595 539 661 566 Nam
675 547 725 574 ego
747 547 852 574 quoque
877 539 930 566 hoc

134 584 204 617 dico,
221 589 249 612 et
273 589 386 620 propter
399 584 451 613 hoc
472 585 559 619 ipsum
573 585 693 612 admiror
712 585 758 613 Dei
781 585 931 620 benignita—

135 635 205 657 tem:
224 638 286 665 quae
299 631 371 657 enim
386 635 473 665 potest
487 631 541 663 ille,
555 631 634 658 etiam
651 636 676 659 te
691 631 775 658 invito
788 639 804 658 a
819 635 845 658 te
860 631 930 658 acci-

133 683 207 711 pere,
222 684 254 704 ea
269 684 323 704 non
334 676 390 704 vult
410 680 436 704 te
449 676 532 704 invito
554 676 657 708 inferri,
671 681 700 704 ut
712 676 864 704 mercedem
880 676 928 703 ha-

135 722 210 750 beas.
237 722 360 756 Exempli
375 730 465 756 causa,
480 726 568 757 potest
582 722 699 749 animam
726 727 751 749 te
764 722 847 750 invilo
860 723 931 750 acci-

133 776 208 804 pere,
216 769 263 795 sed
275 769 333 796 vult
345 773 371 796 te
385 769 500 800 volente.
511 774 536 796 ut
549 777 609 796 cum
620 769 703 797 Paulo
711 770 799 796 dicas:
811 769 930 802 Quotidie

133 815 231 842 morior
246 815 285 849 (l.
307 815 368 842 Cor.
386 815 430 842 l5.
451 815 508 850 51).
530 815 621 842 Potest
635 815 749 850 gloriam
775 819 845 841 tuam
861 815 931 842 acci-

134 868 200 896 pere
214 866 239 888 te
254 860 348 894 invito,
365 865 445 896 teque
462 860 591 888 humilem
612 860 743 893 reddere;
764 860 812 887 sed
834 860 890 888 vult
904 865 930 888 te

134 914 243 941 quoque
258 907 376 940 volente,
392 911 422 933 ut
445 907 689 934 remunerationem
713 906 821 934 habeas.
839 906 931 934 Potest

135 957 161 979 te
185 953 267 980 etiam
294 953 408 980 invitum
434 959 578 987 pauperem
605 952 734 984 reddere,
755 951 802 979 sed
826 956 852 980 te
876 959 931 979 vo—

136 999 236 1026 lentem
259 999 334 1033 cupit
360 998 440 1025 talem
469 998 545 1030 ﬁeri,
571 1003 600 1025 ut
624 997 671 1025 tibi
691 1005 805 1024 coronas
832 1002 929 1024 nectat.

136 1045 266 1072 \"idistin‘
296 1045 344 1073 Dei
380 1044 602 1080 benignitatem?
631 1043 755 1072 \‘idistin‘
780 1043 931 1072 socordiam

136 1095 256 1118 nostram
267 1091 280 1118 ?

171 1137 269 1165 Fartus
283 1138 442 1165 sacerdotum
463 1137 619 1173 reprimitur.
631 1152 668 1159 -—
679 1137 719 1165 Ad
733 1144 855 1172 magnam
872 1144 931 1171 per-

137 1184 234 1211 venisti
259 1184 436 1219 dignitatem,
460 1189 488 1211 et
514 1184 691 1219 principatum
716 1190 876 1218 assequulus
902 1190 932 1210 es

136 1230 374 1257 ecclesiasticum?
398 1229 438 1257 Ne
460 1230 543 1256 altum
565 1229 673 1264 sapias:
691 1237 744 1256 non
769 1234 796 1256 tu
819 1229 931 1264 gloriam

136 1276 288 1309 obtinuisti,
301 1276 349 1304 sed
366 1276 410 1303 illa
428 1280 452 1303 te
463 1276 535 1303 Deus
545 1276 640 1303 induit.
658 1275 703 1303 llla
716 1276 795 1311 igitur
808 1275 931 1303 utaliena

138 1327 214 1349 utere
227 1330 235 1349 ι
253 1329 288 1349 ne
303 1322 377 1349 illam
396 1322 430 1349 ad
440 1329 483 1356 ea,
495 1329 555 1356 qua:
570 1329 623 1349 non
638 1322 728 1356 decet,
743 1321 881 1353 adhibeas,
899 1328 933 1348 ne

138 1369 251 1402 inﬂeris,
266 1377 301 1397 ne
315 1370 362 1397 tibi
378 1370 508 1403 vindices,
524 1370 570 1397 sed
584 1377 729 1405 pauperem
741 1374 769 1396 et
790 1368 931 1404 inglorium

138 1422 166 1443 te
176 1424 238 1444 esse
250 1421 354 1452 putato.
365 1416 457 1451 Neque
469 1416 553 1449 enim,
568 1417 591 1443 si
603 1423 719 1451 purpura
732 1416 803 1450 regia
816 1414 862 1442 tibi
876 1422 933 1442 ser-

138 1463 226 1490 vanda
246 1463 344 1490 tradita
368 1467 450 1495 esset,
465 1467 603 1498 oporteret
621 1462 695 1490 abuti
710 1466 783 1490 veste
806 1462 933 1497 illamque

137 1509 311 1541 labefactare,
327 1509 374 1536 sed
388 1517 448 1536 cum
464 1509 559 1544 majori
573 1509 744 1536 accuratione
759 1509 844 1543 ipsam
859 1507 933 1535 danti

136 1562 259 1582 scrvare.
277 1555 355 1582 Verbi
371 1554 524 1582 facultatem
540 1555 690 1589 accepisti?
705 1554 744 1581 Ne
757 1554 869 1588 inﬂeris,
884 1561 933 1581 nc-

137 1609 192 1636 que
206 1605 366 1636 arroganter
387 1608 470 1636 agas:
491 1608 578 1636 neque
593 1602 664 1628 enim
681 1605 754 1628 tuum
775 1606 815 1628 est
835 1607 933 1627 munus

138 1651 167 1674 et
181 1647 293 1674 donum.
319 1647 359 1674 Ne
381 1648 499 1682 ingratus
513 1652 570 1674 esto
585 1647 656 1674 circa
676 1653 707 1674 ea
722 1654 781 1681 quin
803 1651 867 1673 sunt
882 1646 934 1673 Do-

137 1693 216 1726 mini,
231 1693 279 1720 scd
294 1700 326 1720 ea
340 1693 478 1720 conScrvis
498 1692 646 1725 distribue;
670 1699 758 1727 neque
779 1691 849 1724 ideo,
866 1699 897 1718 ac
911 1691 934 1719 si

138 1744 185 1766 tua
200 1744 304 1773 essent,
318 1738 465 1770 extollaris,
482 1746 568 1773 neque
592 1745 688 1773 parcns
708 1738 745 1765 sis
760 1737 786 1764 in
811 1737 863 1764 illis
879 1737 934 1764 dis-

136 1784 302 1811 tribuendis.
328 1784 362 1811 Et
385 1784 408 1811 si
431 1784 500 1811 ﬁlios
526 1784 618 1816 habes,
637 1784 682 1811 Dei
701 1783 769 1810 ﬁlios
793 1783 894 1810 habes:
911 1782 933 1810 si

136 1829 177 1857 ita
190 1830 343 1862 existimes,
357 1830 456 1864 gratias
471 1837 533 1864 ages
557 1829 580 1856 si
595 1829 703 1862 habeas,
717 1829 803 1864 iiSque
823 1828 935 1856 sublatis

135 1882 193 1902 non
217 1875 332 1902 dolebis.
347 1875 421 1903 Talis
435 1880 493 1903 erat
507 1875 557 1903 Job
570 1875 662 1903 dicens
684 1883 691 1902 :
716 1874 842 1902 Dominus
854 1875 933 1908 dedit,

135 1921 271 1948 Dominus
286 1921 389 1949 abstulit
400 1921 471 1958 (Job.
489 1922 514 1948 Ι.
528 1920 588 1957 2i).
603 1920 697 1949 Omnia
712 1921 783 1948 enim
795 1928 810 1948 a
826 1921 935 1948 Christo

133 1967 290 2000 habemus;
307 1968 440 2002 etiamque
454 1967 524 2002 quod
538 1967 622 1994 simus
635 1967 669 1994 ab
689 1967 736 1994 illo
755 1966 894 2000 habemus,
907 1971 935 1994 et

132 2013 222 2040 vitam
238 2017 266 2040 et
278 2013 484 2048 respirationem
498 2017 525 2040 et
536 2013 622 2041 lucem
633 2017 660 2041 et
675 2020 764 2040 aerem
778 2017 805 2040 et
819 2017 933 2046 terram;

133 2065 162 2086 et
174 2059 199 2086 si
214 2059 281 2094 quid
302 2066 336 2086 ex
353 2059 405 2086 illis
420 2059 572 2091 abstulerit,
586 2058 715 2093 periimus
726 2063 753 2085 et
767 2058 932 2085 interiimus:

132 2105 254 2132 advena:
266 2105 338 2132 enim
354 2112 448 2132 sumus
461 2109 488 2132 et
505 2104 658 2139 peregrini.
673 2103 740 2132 lllud
756 2105 836 2137 enim,
851 2112 935 2130 mrum

131 2155 159 2179 ct
183 2155 272 2182 tuum,
288 2151 369 2178 verba
387 2155 488 2178 tantum
505 2155 566 2178 sunt
579 2151 637 2178 sine
650 2158 691 2177 re.
707 2149 772 2177 Nam
787 2150 809 2177 si
825 2149 934 2177 domum

130 2204 195 2224 esse
212 2202 288 2224 tuam
310 2196 395 2230 dicas,
413 2196 526 2224 verbum
541 2200 582 2224 est
596 2204 625 2224 re
644 2204 767 2224 vacuum.
784 2196 889 2224 Etenim
908 2200 936 2223 ct

131 2252 179 2272 aer
191 2248 226 2271 et
238 2249 309 2270 terra
325 2249 352 2271 et
367 2244 479 2271 materia
487 2243 641 2270 Conditoris
656 2248 727 2275 sunt,
741 2247 769 2270 ut
782 2247 809 2270 ct
822 2247 849 2270 tu
865 2242 932 2277 ipse,

130 2290 176 2325 qui
192 2290 272 2317 illam
289 2290 422 2321 struxisti,
435 2289 539 2325 aliaque
553 2289 654 2317 omnia.
671 2290 700 2317 Si
713 2295 802 2317 autem
819 2297 882 2317 usus
894 2293 936 2317 est

130 2341 206 2369 tuus,
226 2336 272 2363 ille
286 2344 393 2371 quoque
409 2337 526 2364 incertus
539 2341 591 2369 est,
603 2344 656 2364 non
679 2337 714 2364 ob
737 2341 849 2363 mortem
873 2340 933 2363 tan—

131 2386 209 2416 tum,
228 2381 276 2409 sed
293 2382 375 2409 etiam
398 2387 460 2409 ante
485 2387 598 2409 mortem
614 2382 649 2409 ob
663 2389 752 2409 rerum
773 2381 934 2409 instabilita-

129 2433 198 2456 tem.
221 2428 286 2455 lltcc
300 2435 366 2463 ergo
387 2428 457 2463 apud
473 2436 521 2455 nos
542 2428 650 2456 assidue
663 2428 855 2461 deScribentes,
873 2429 933 2463 phi-

128 2474 315 2509 losopliemur
336 2478 365 2501 et
387 2474 441 2501 duo
454 2482 512 2509 qua:
532 2479 595 2502 sunt
619 2476 734 2502 maxima
761 2475 932 2502 lucrabimnr.

125 2521 195 2548 Nam
212 2524 242 2548 et
257 2520 330 2556 grati
341 2521 444 2548 erimus
457 2526 484 2548 et
499 2521 561 2548 dum
576 2525 696 2548 tenemus
710 2526 737 2548 et
749 2521 814 2549 dum
826 2530 840 2548 a
857 2521 934 2549 nobis

125 2567 305 2600 auferuntur,
331 2575 420 2602 neque
443 2568 591 2595 serviemus
616 2568 649 2596 iis
669 2576 728 2603 quae
748 2569 933 2603 praeterﬂuunt

126 2621 178 2641 nec
190 2618 290 2640 nostra
306 2618 381 2640 sunt.
399 2613 466 2640 Nam
487 2614 508 2640 si
523 2614 650 2648 pecunias
664 2615 808 2649 acceperit,
825 2622 872 2642 sua
887 2622 933 2642 ac-

126 2659 221 2693 cepit;
252 2658 278 2685 si
303 2657 447 2691 honorem,
470 2658 492 2685 si
518 2659 641 2693 gloriam,
659 2660 680 2686 si
691 2667 799 2695 corpus.
811 2661 833 2687 si
849 2661 932 2696 ipsum

126 2705 251 2731 animam
264 2712 272 2736 ;
297 2704 320 2731 si
333 2703 418 2731 ﬁlium
435 2709 509 2731 tuum
523 2705 667 2740 acceperit,
681 2713 733 2732 non
748 2706 829 2733 lilium
846 2711 931 2740 tuum,

129 2750 177 2777 sed
194 2757 311 2778 servum
327 2757 406 2777 suum
426 2750 541 2785 accepit.
555 2750 612 2778 Non
627 2751 698 2778 enim
720 2756 746 2778 tu
771 2751 856 2786 ipsum
876 2751 930 2779 for-

126 2797 220 2829 masti,
234 2796 283 2824 sed
300 2796 346 2823 ille
361 2795 425 2823 fecit
438 2804 445 2822 :
465 2800 492 2822 tu
503 2800 593 2823 autem
604 2797 661 2831 ejus
676 2797 799 2825 δίκηιυί
815 2797 932 2825 admini-

127 2847 183 2871 ster
196 2847 306 2871 tantum
331 2841 416 2874 fuisti,
432 2847 516 2868 totum
540 2847 629 2870 autem
656 2842 702 2872 ille
724 2843 797 2874 fecit.
822 2843 927 2873 Gratias

303 2896 438 2926 PATROL.
461 2895 518 2925 Gn.
543 2894 621 2926 LXI.

984 169 1065 205 igitur
1087 176 1291 210 agamus,quod
1305 177 1394 212 operis
1416 178 1567 207 administri
1592 181 1649 209 ﬁeri
1672 182 1771 217 dignati

981 218 1075 246 simus.
1090 219 1141 247 Sed
1156 221 1241 255 quid?
1266 229 1364 251 eumne
1377 229 1506 259 perpetuo
1524 225 1624 255 habere
1643 227 1772 255 voluisti?

982 264 1038 292 lloc
1062 265 1158 300 ingrati
1172 272 1214 295 est
1228 272 1257 295 et
1272 268 1420 303 ignorantis
1447 275 1473 297 te
1496 271 1612 299 alienum
1634 273 1772 306 imbuisse,

981 318 1032 337 non
1049 311 1096 338 tibi
1111 313 1256 347 proprium.
1271 315 1502 348 Quemadmodum
1519 317 1547 351 ii,
1566 318 1611 353 qui
1632 320 1717 353 parati
1730 327 1774 347 se-

980 356 1089 390 cedunt,
1106 357 1194 385 sciunt
1218 367 1248 386 se
1271 368 1323 387 non
1348 369 1396 389 sua
1420 362 1519 391 habere
1534 372 1541 391 :
1558 364 1596 391 sic
1611 364 1655 400 qui
1671 364 1773 399 dolent,

980 403 1053 438 regia
1076 404 1126 431 sibi
1149 411 1288 439 usurpant.
1312 407 1378 434 Nam
1394 409 1416 435 si
1431 416 1480 435 nos
1494 417 1546 437 non
1568 418 1661 438 sumus
1675 413 1771 444 nostri,

980 449 1116 483 quomodo
1128 450 1164 477 illi
1180 452 1265 478 nostri
1278 453 1360 480 sunt?
1379 453 1483 489 Duplici
1497 456 1568 483 enim
1584 457 1689 485 ratione
1703 457 1775 486 illius

981 501 1083 527 sumus.
1099 499 1126 523 et
1140 497 1286 525 secandum
1302 500 1464 528 creationem
1477 506 1505 529 et
1519 502 1665 530 secundum
1681 503 1772 531 ﬁdem.

981 539 1097 574 Ideoque
1125 542 1207 570 David
1231 543 1295 571 dicit
1321 553 1328 570 :
1356 544 1505 574 Subslanliu
1527 556 1582 575 mea
1606 550 1676 584 apud
1699 555 1722 577 le
1737 555 1775 577 est

983 586 1068 620 (Paul.
1082 587 1127 614 58.
1140 586 1183 623 8);
1209 593 1236 616 et
1252 589 1367 617 Paulus:
1385 590 1419 618 In
1437 592 1492 627 ipso
1510 594 1623 627 uivinms,
1635 603 1772 629 mouemur,

981 637 1005 658 et
1019 641 1106 660 sumus
1128 634 1196 668 (Act.
1217 635 1259 662 17.
1277 636 1335 670 98).
1362 637 1396 664 Et
1414 638 1447 666 de
1468 639 1536 667 Fide
1561 645 1677 669 tractans
1691 642 1773 670 dicit:

982 678 1043 706 Non
1063 681 1121 707 estis
1136 682 1221 715 vestri,
1247 688 1270 709 et
1285 684 1365 718 pretio
1387 685 1464 719 empti
1479 686 1537 713 estis
1561 686 1599 720 (l.
1614 687 1671 714 Cor.
1687 689 1713 716 6.
1729 690 1774 717 l9.

980 723 1038 760 ‘20).
1051 724 1144 753 Omnia
1158 727 1258 762 quippe
1279 727 1326 755 Dei
1349 734 1421 757 sunt.
1436 730 1503 757 Cum
1519 739 1583 766 ergo
1599 733 1734 760 vocaverit
1748 739 1776 761 et

986 772 1110 805 accipere
1124 771 1252 804 voluerit,
1275 779 1308 799 ne
1325 776 1461 806 tamquam
1482 772 1581 808 ingrati
1601 775 1672 801 servi
1690 776 1774 803 ratio-

986 824 1034 844 nes
1049 816 1253 848 conturbemus,
1269 824 1356 850 neque
1369 824 1400 844 ea
1415 824 1476 851 quae
1490 817 1594 845 Domini
1609 823 1674 847 sunt
1687 828 1771 848 usur-

981 870 1085 897 pemus.
1101 864 1196 891 Anima
1212 868 1256 892 tua
1271 873 1324 892 non
1339 871 1381 893 est
1396 871 1450 900 tua,
1462 871 1490 895 et
1501 868 1637 902 quomodo
1653 869 1773 903 pecuniae

983 914 1035 936 tua:
1050 911 1152 938 erunt?
1166 911 1221 938 Cur
1231 919 1296 946 ergo
1305 920 1410 947 ea,qu:c
1422 917 1466 940 tua
1482 920 1534 941 non
1547 919 1620 948 sunt,
1634 915 1660 941 in
1671 915 1704 942 iis
1715 923 1776 950 qua:

983 963 1036 982 non
1050 961 1188 991 oporteret
1202 957 1356 992 impendis?
1372 959 1459 986 nescis
1474 967 1521 986 nos
1538 959 1597 987 ideo
1609 961 1775 988 accusandos

982 1001 1049 1033 fore,
1062 1002 1132 1037 quod
1149 1003 1202 1030 illis
1221 1004 1292 1030 male
1305 1004 1345 1030 usi
1361 1004 1464 1032 simus?
1488 1005 1554 1038 Quia
1569 1013 1633 1041 ergo
1647 1013 1700 1033 non
1713 1012 1777 1034 sunt

984 1052 1093 1081 nostrze,
1110 1048 1156 1076 sed
1170 1049 1286 1082 Domini,
1297 1050 1418 1084 oportuit
1432 1050 1492 1078 illas
1507 1052 1645 1078 conservis
1657 1051 1774 1087 elargiri.

982 1094 1045 1122 ldeo
1055 1100 1128 1123 certe
1142 1096 1218 1123 dives
1242 1096 1289 1123 ille
1305 1097 1490 1130 accusabatur,
1504 1098 1576 1132 quod
1597 1097 1649 1125 hoc
1668 1105 1721 1126 non
1737 1098 1776 1126 fe-

982 1141 1080 1173 cisset;
1096 1141 1135 1168 sic
1154 1145 1182 1168 et
1196 1142 1241 1177 qui
1256 1142 1397 1169 Dominum
1413 1150 1466 1170 non
1481 1142 1616 1170 aluerunt.
1635 1142 1674 1171 Ne
1687 1144 1776 1178 itaque

982 1187 1065 1220 dicas,
1080 1186 1136 1214 Mea
1150 1187 1285 1222 impendo,
1298 1189 1365 1215 meis
1387 1187 1471 1215 fruor.
1495 1188 1552 1216 Non
1562 1189 1615 1216 tuis
1632 1193 1714 1222 certe,
1727 1190 1775 1217 sed

983 1233 1095 1260 alienis:
1108 1233 1204 1261 alienis
1216 1239 1306 1261 autem
1320 1233 1390 1267 dico,
1405 1235 1465 1268 quia
1481 1238 1508 1261 tu
1524 1235 1575 1266 vis,
1585 1235 1647 1270 quia
1662 1240 1705 1262 tua
1720 1236 1776 1262 vult

983 1286 1043 1306 esse
1057 1279 1137 1313 Deus,
1149 1287 1209 1314 qua
1225 1280 1271 1307 tibi
1287 1287 1336 1315 pro
1349 1279 1476 1307 fratribus
1488 1280 1583 1307 tradita
1598 1286 1670 1308 sunt.
1681 1281 1775 1308 Aliena

982 1329 1072 1352 autem
1092 1325 1137 1352 illa
1159 1330 1222 1353 tunc
1245 1330 1288 1352 tua
1304 1325 1381 1358 ﬁunt,
1397 1333 1458 1353 cum
1479 1326 1538 1354 aliis
1552 1326 1708 1359 distribuis;
1733 1328 1774 1354 sin

983 1375 1073 1398 autem
1085 1371 1110 1398 in
1131 1375 1157 1399 te
1173 1372 1259 1406 ipsum
1275 1372 1384 1407 largiter
1399 1372 1586 1406 insumpseris,
1599 1377 1661 1400 tunc
1675 1377 1717 1400 tua
1730 1373 1775 1400 illa

983 1417 1071 1444 aliena
1094 1416 1169 1444 ﬁunt.
1189 1417 1255 1450 Quia
1278 1418 1349 1444 enim
1373 1417 1554 1445 inhumaniter
1575 1418 1628 1445 illis
1649 1425 1713 1445 usus
1733 1426 1774 1452 es,

983 1462 1116 1498 dicisque,
1132 1462 1250 1497 [Equum
1263 1467 1305 1490 est
1318 1468 1347 1491 ut
1362 1471 1421 1490 mea
1439 1463 1464 1490 in
1485 1471 1573 1491 meum
1590 1472 1665 1490 usum
1681 1468 1708 1491 et
1721 1464 1776 1491 frn-

984 1514 1056 1537 ctum
1079 1509 1284 1544 impendantur;
1301 1509 1362 1537 ideo
1376 1510 1463 1537 aliena
1480 1510 1524 1537 illa
1535 1510 1606 1537 dico.
1618 1510 1776 1537 Communia

984 1556 1056 1583 enim
1071 1560 1144 1588 sunt,
1159 1560 1186 1582 et
1200 1555 1233 1582 ad
1255 1562 1413 1583 conservum
1428 1556 1509 1582 etiam
1532 1560 1607 1582 tuum
1630 1556 1775 1590 pertinent.

984 1601 1207 1636 quemadmodum
1220 1606 1247 1629 et
1261 1601 1301 1628 sol
1316 1602 1465 1629 communis
1490 1606 1542 1634 est,
1555 1606 1582 1628 et
1604 1608 1650 1628 aer
1664 1605 1691 1628 et
1707 1605 1775 1628 terra

984 1647 1089 1681 aliaque
1101 1646 1201 1674 omnia.
1213 1646 1245 1673 Et
1256 1646 1326 1674 sicut
1339 1647 1364 1673 in
1377 1653 1489 1681 corpore
1504 1646 1681 1673 ministerium
1696 1650 1737 1673 est
1750 1651 1778 1673 et

985 1692 1066 1719 totius
1080 1691 1202 1727 corporis
1216 1696 1244 1719 et
1267 1692 1477 1727 uniuscujusque
1497 1692 1629 1724 membri;
1650 1699 1711 1718 cum
1726 1699 1776 1718 au-

986 1743 1040 1766 tem
1058 1738 1136 1765 unius
1151 1743 1251 1766 tantum
1265 1738 1379 1766 membri
1392 1744 1443 1772 est,
1461 1739 1594 1773 propriam
1608 1738 1696 1774 perdit
1709 1746 1775 1774 ope-

986 1788 1117 1815 rationem
1135 1794 1142 1812 :
1157 1787 1193 1813 ila
1209 1790 1235 1812 et
1250 1786 1277 1812 in
1294 1783 1416 1820 pecuniis
1432 1783 1544 1810 accidit.

1020 1835 1047 1862 4.
1072 1832 1249 1860 Pecuniarum
1273 1839 1336 1857 usus
1356 1830 1414 1864 quis
1435 1837 1491 1856 esse
1512 1828 1614 1855 debeat.
1629 1841 1664 1848 —
1683 1826 1716 1853 Et
1742 1830 1772 1854 ut

986 1881 1013 1908 id
1043 1879 1115 1915 quod
1145 1879 1206 1906 dico
1236 1877 1338 1904 clarius
1365 1875 1486 1908 evadat,
1515 1875 1593 1902 cibus
1621 1881 1772 1909 corporeus

986 1926 1032 1962 qui
1047 1924 1175 1953 membris
1189 1923 1342 1950 communis
1361 1922 1450 1954 datur,
1469 1921 1492 1949 si
1512 1921 1546 1948 ad
1567 1928 1650 1948 unum
1670 1920 1775 1947 venerit

986 1970 1153 2003 membrum,
1170 1969 1285 2008 alienus
1309 1968 1347 1994 illi
1372 1967 1488 1995 ellieitur
1507 1974 1514 1992 :
1537 1974 1599 1993 cum
1625 1965 1697 1994 enim
1720 1973 1774 1992 non

985 2013 1071 2048 possit
1082 2012 1210 2046 concoqui
1226 2017 1252 2040 ct
1265 2012 1376 2045 nutrire,
1396 2012 1501 2039 alienus
1521 2011 1610 2039 evadit
1623 2021 1629 2038 :
1644 2012 1666 2038 si
1687 2015 1776 2038 autem

986 2059 1136 2086 communis
1151 2059 1202 2090 sit,
1217 2062 1244 2085 et
1258 2058 1327 2085 illius
1341 2064 1368 2085 et
1381 2058 1495 2085 aliorum
1516 2058 1696 2085 membrorum
1713 2065 1777 2092 pro-

986 2105 1060 2140 prius
1068 2109 1118 2132 est.
1129 2105 1167 2131 lla
1177 2104 1293 2132 etiamin
1304 2104 1424 2139 pecuniis
1434 2112 1440 2130 :
1451 2104 1509 2132 situ
1519 2104 1591 2132 solus
1599 2104 1654 2131 illis
1666 2103 1774 2136 fruaris,

986 2155 1014 2178 tu
1023 2158 1128 2185 quoque
1138 2151 1195 2178 illas
1205 2150 1358 2185 perdidisti;
1371 2157 1457 2185 neque
1465 2150 1537 2178 enim
1547 2149 1698 2178 mercedem
1707 2150 1762 2177 acci
1770 2164 1777 2170 -

986 2197 1056 2231 pies:
1066 2196 1088 2223 si
1097 2203 1162 2223 vero
1168 2203 1229 2223 cum
1236 2196 1296 2223 aliis
1306 2196 1454 2230 possideas,
1463 2200 1526 2223 tunc
1536 2196 1619 2231 magis
1628 2200 1679 2222 tum
1687 2201 1776 2227 erunt,

986 2247 1012 2271 et
1021 2247 1083 2270 tunc
1092 2243 1232 2270 utilitatem
1245 2242 1371 2276 accipies.
1388 2242 1483 2269 Annon
1497 2242 1583 2275 vides,
1599 2242 1669 2277 quod
1682 2249 1777 2269 manus

985 2289 1149 2321 ministrent,
1166 2295 1197 2316 os
1208 2288 1340 2321 emolliat,
1353 2293 1379 2315 et
1390 2292 1484 2316 venter
1495 2287 1626 2322 recipiat?
1637 2296 1701 2315 num
1712 2287 1778 2316 dicit

986 2339 1082 2363 venter
1094 2344 1101 2362 :
1115 2335 1181 2368 Quia
1196 2335 1295 2369 recepi,
1313 2339 1396 2361 totum
1411 2335 1527 2362 retinere
1540 2334 1645 2362 debeo?
1659 2334 1698 2362 Ne
1712 2341 1777 2369 ergo

986 2385 1014 2408 tu
1028 2388 1134 2415 quoque
1147 2380 1180 2408 de
1192 2381 1312 2415 pecuniis
1330 2380 1365 2407 ita
1386 2380 1505 2415 loquaris
1517 2389 1524 2407 ι
1539 2380 1692 2415 recipientis
1705 2381 1776 2408 enim

986 2433 1027 2455 est
1042 2428 1159 2463 elargiri.
1175 2427 1405 2460 Quemadmodum
1424 2434 1487 2462 ergo
1502 2428 1602 2455 ventris
1618 2427 1710 2454 vitium
1723 2432 1775 2461 est,

986 2483 1047 2502 cum
1061 2474 1136 2502 cibos
1155 2475 1253 2502 retinet
1275 2481 1326 2502 nec
1338 2473 1492 2506 distribuit;
1509 2474 1556 2501 leti
1576 2474 1647 2501 cnim
1670 2473 1777 2508 corpori

987 2521 1132 2556 perniciem
1153 2519 1234 2547 infert
1248 2529 1254 2547 :
1270 2520 1305 2546 ila
1320 2520 1401 2547 etiam
1417 2520 1530 2547 divitum
1544 2519 1637 2547 vitium
1653 2524 1703 2553 est,
1715 2527 1776 2546 cum

987 2574 1017 2593 ea
1032 2574 1092 2601 qua:
1103 2565 1203 2593 habent
1217 2565 1287 2600 apud
1301 2573 1330 2592 se
1344 2565 1461 2592 retinent
1476 2574 1482 2591 :
1506 2565 1557 2592 hoc
1572 2565 1643 2592 enim
1663 2570 1690 2592 et
1704 2565 1776 2599 ipsos

986 2618 1013 2639 et
1030 2612 1098 2639 alios
1122 2612 1217 2647 perdit.
1236 2611 1335 2639 Oculus
1358 2611 1421 2639 item
1443 2615 1526 2638 totam
1548 2611 1636 2638 lucem
1663 2611 1774 2645 recipit;

986 2659 1033 2686 sed
1045 2666 1098 2686 non
1110 2663 1192 2686 totam
1207 2659 1257 2686 sibi
1271 2658 1386 2692 retinet;
1400 2665 1461 2685 nam
1472 2665 1569 2693 corpus
1583 2662 1668 2685 totum
1679 2658 1776 2684 illumi-

986 2710 1041 2732 nat.
1054 2704 1144 2739 Neque
1157 2705 1227 2732 enim
1239 2704 1265 2732 id
1280 2712 1312 2731 ex
1324 2708 1419 2731 natura
1429 2712 1478 2731 sua
1493 2704 1573 2731 habet
1586 2708 1615 2731 ut
1629 2708 1712 2730 totum
1733 2710 1775 2729 re-

987 2751 1079 2782 tineat,
1094 2750 1180 2778 donec
1195 2751 1289 2778 oculus
1302 2753 1355 2778 est.
1368 2749 1452 2778 Nares
1465 2750 1546 2777 etiam
1563 2750 1648 2777 bonos
1658 2748 1776 2776 sentiunt

986 2796 1103 2830 odores;
1130 2797 1178 2824 scd
1204 2804 1255 2824 non
1281 2801 1351 2824 totos
1373 2797 1501 2828 retinent,
1516 2796 1563 2824 sed
1587 2796 1613 2822 in
1635 2794 1775 2822 cerebrum

987 2843 1105 2879 mittunt,
1117 2848 1143 2872 et
1156 2842 1323 2871 stomachum
1335 2842 1362 2871 in
1374 2842 1445 2871 bono
1455 2842 1538 2870 odore
1549 2845 1667 2876 servant,
1678 2845 1773 2869 tutuur

1568 2892 1588 2924 6
