2041 3111
261 125 292 152 97
608 123 628 149 S
655 121 794 150 JOANNIS
812 119 1047 149 CilRYSOSTUMi
1068 118 1225 149 ARCHIEP.
1245 120 1511 149 CONSTANTINOP.
1863 119 1897 146 83

256 189 309 216 que
319 180 454 208 hominem
466 183 599 208 recreant.
609 180 694 208 Pedes
705 179 768 207 item
779 179 828 206 soli
841 178 983 209 incedunt;
999 177 1048 205 sed

261 235 315 254 non
330 234 362 255 se
372 226 444 254 solos
457 227 634 260 transferunt,
645 226 693 254 sed
708 230 735 253 et
749 230 834 252 totum
845 232 944 259 corpus
962 231 1051 251 trans-

259 278 379 301 tttovent.
389 273 431 302 illa
446 279 473 302 et
487 279 514 301 tu
526 273 598 309 quod
611 273 658 300 tibi
672 270 857 300 concreditum
872 271 923 298 fuit
935 279 968 298 tte
979 271 1052 298 solus

258 320 387 351 retineas,
398 319 459 355 quia
470 320 596 347 omnibus
609 318 711 353 tibique
723 318 836 353 primum
851 318 997 352 perniciem
1013 317 1053 344 in-

259 366 340 394 l'eres.
359 365 418 393 Non
444 366 469 392 in
484 366 612 392 membris
633 369 736 392 tantum
758 364 784 392 id
805 364 943 392 observes.
964 363 1053 391 Faber

258 412 331 439 enim
342 412 482 444 ferrarius,
498 413 519 438 si
535 411 669 438 neminem
684 411 748 438 velit
760 416 819 438 arte
830 418 877 438 sua
892 411 956 443 frui,
969 415 996 438 ct
1006 419 1052 438 se-

260 459 349 493 ipsunt
359 461 386 485 et
396 458 463 484 alias
477 462 551 484 artes
562 457 727 492 pessumdat.
742 457 824 485 Sutor
835 457 970 490 similiter,
983 457 1052 492 agri-

259 494 328 538 cola,
339 504 432 539 piStor,
443 508 471 531 et
484 505 582 539 singuli
593 504 640 539 qui
653 505 818 532 necessarias
832 508 904 532 artes
913 508 1051 537 exercent,

258 551 282 578 si
298 550 433 578 neminem
448 551 529 578 alium
544 557 602 579 arte
614 551 728 579 stta'frui
743 551 835 584 velint,
850 559 902 578 non
916 551 984 578 alios
995 555 1053 578 tan-

261 601 329 628 tum.
343 597 391 624 sed
411 604 515 624 secum
528 597 588 624 aliis
610 597 736 632 perdunt.
753 597 852 632 Ecquid
873 597 907 624 de
926 597 1053 624 divitibus

260 642 377 678 loquor?
396 643 463 670 Nam
479 651 612 678 pauperes
626 651 734 678 quoque
747 643 768 670 si
783 647 898 670 vestram
911 649 1052 670 avarorum

258 693 287 716 et
308 688 420 716 divitum
448 690 594 724 nequitiam
621 694 801 722 sectarentur,
823 697 871 716 vos
891 697 1053 725 magnopere

259 734 390 761 hedcrettt
403 742 435 762 ac
446 735 500 762 cito
520 743 570 762 vos
585 743 717 770 pauperes
726 735 884 768 redderent,
900 736 954 763 imo
971 737 1052 763 etiam

259 780 414 815 perderent,
430 781 452 808 si
468 781 500 808 iis
514 781 558 816 qttl
579 787 647 815 opus
662 781 762 808 habent
782 789 829 808 sua
850 782 970 816 pra-bere
991 782 1052 809 nol-

259 826 315 853 ient
328 835 335 853 :
350 826 466 861 exempli
479 833 569 858 causa,
584 827 699 862 agricola
715 835 842 854 manuum
857 834 965 855 suarum
979 828 1053 855 labo-

259 879 326 904 rent,
343 877 422 899 nauta
436 873 627 900 commercium
649 880 697 908 per
716 874 915 909 navigationem
934 879 1049 909 partum,

258 918 336 945 miles
350 925 426 945 suam
440 919 466 945 itt
482 919 552 945 bello
564 918 760 947 fortitudinem.
776 920 850 954 idco,
863 920 887 948 si
903 927 955 948 n0n
968 921 1051 953 aliud,

259 964 363 999 pudore
373 964 461 992 allecti
474 964 634 993 benevolum
647 965 753 993 illorum
768 966 887 994 animant
900 966 1050 994 imitemini.

257 1009 363 1037 Nemini
378 1010 486 1037 divitias
500 1010 642 1045 impertis?
663 1011 735 1046 Ergo
749 1018 783 1039 ne
796 1012 940 1047 quidquam
954 1012 988 1039 ab
999 1012 1052 1040 alio

256 1056 374 1092 accipias
387 1066 393 1084 :
408 1057 430 1084 sl
444 1062 534 1085 autent
550 1059 586 1085 ita
601 1059 657 1091 fiat,
669 1063 825 1086 evertcntur
836 1060 936 1087 omnia.
947 1060 1052 1095 Ubique

255 1103 328 1130 enim
339 1103 404 1130 dare
414 1108 441 1131 et
454 1105 577 1139 accipere
588 1104 717 1132 bonorum
730 1105 874 1133 tnultorum
884 1106 986 1133 initium
997 1110 1049 1141 est,

257 1149 284 1176 in
306 1149 465 1184 seminibus,
482 1151 508 1177 itt
524 1151 673 1186 discipulis,
691 1151 718 1178 in
739 1152 853 1179 artibus.
875 1152 940 1179 Nam
955 1153 977 1179 si
992 1153 1052 1187 quis

257 1194 372 1222 voluerit
393 1199 477 1222 artem
498 1203 582 1231 penes
603 1204 634 1224 sc
656 1197 783 1231 retinere,
798 1201 824 1224 et
838 1205 899 1225 sese
919 1201 947 1225 ct
967 1203 1050 1226 totttm

256 1241 385 1268 mundum
407 1243 516 1270 evertit.
532 1243 656 1278 Agricola
678 1244 701 1271 si
716 1245 820 1271 sentina
843 1244 915 1272 domi
938 1245 1050 1274 suffossa

256 1288 381 1321 retineat,
394 1295 503 1323 gravem
526 1289 635 1318 inducet
658 1290 767 1318 famem.
789 1291 834 1319 Sic
848 1296 875 1319 et
894 1292 970 1319 dives
987 1292 1009 1319 si
1024 1293 1050 1320 in

255 1335 377 1369 pecuniis
400 1335 452 1363 ltoc
473 1335 565 1368 faciat,
580 1337 699 1372 seipsum
723 1337 797 1372 prius
819 1345 899 1373 quam
919 1345 1051 1373 pauperes

253 1381 360 1416 perdel,
374 1381 506 1416 gehennae
528 1381 664 1410 flammam
677 1383 829 1418 graviorem
844 1384 923 1418 capiti
938 1392 987 1411 suo
1001 1392 1049 1420 ap‘

255 1430 363 1461 parans.
380 1427 416 1454 Ut
437 1435 503 1463 ergo
523 1428 657 1461 doctores,
680 1429 785 1457 etiamsi
811 1430 909 1457 multos
933 1428 1050 1458 habeant

253 1471 412 1506 discipulos,
426 1473 538 1507 singulis
551 1479 635 1500 artem
649 1482 725 1501 suum
741 1474 896 1509 impertiunt
912 1483 919 1501 :
935 1475 969 1502 ita
984 1481 1010 1502 ct
1022 1481 1049 1503 tu

253 1517 353 1544 multos
368 1518 491 1553 acquiras
505 1518 638 1546 beneﬂcio
650 1519 762 1547 affectos
777 1529 783 1547 :
799 1525 826 1547 et
840 1520 931 1548 dicant
944 1529 1047 1554 omnes,

1106 176 1183 205 lianc
1205 178 1327 206 liberavit
1348 185 1362 204 a
1385 183 1553 213 paupertate,
1569 178 1643 206 illum
1659 177 1836 212 apericulis:
1855 181 1898 209 et,

1105 223 1151 251 ille
1165 225 1303 258 periisset,
1317 225 1367 251 nisi
1382 232 1442 251 cum
1454 224 1539 258 gratia
1553 224 1599 252 Dei
1614 223 1764 259 patrocinio
1777 228 1824 250 tuo
1836 230 1896 250 ere-

1105 275 1166 304 ptus
1179 271 1271 298 fuisset
1286 280 1292 297 :
1306 275 1334 298 et
1355 271 1426 306 quod
1441 272 1511 298 hunc
1526 273 1541 298 ἡ
1557 270 1661 304 morbo,
1677 270 1758 296 alium
1780 277 1795 297 a
1819 277 1896 305 syni-

1104 317 1213 351 pltantia
1225 318 1368 350 exemeris,
1389 318 1471 344 aliutn
1496 318 1627 352 hospitem
1652 317 1802 351 exceperis,
1815 316 1896 343 aliuttt

1105 362 1205 390 nudttm
1220 363 1352 391 vestiet-is.
1370 363 1519 390 lnnumeris
1540 362 1640 390 divitiis
1653 368 1680 390 ct
1692 362 1825 390 thesauris
1839 370 1896 388 me-

1105 409 1172 436 liora
1193 414 1257 436 sunt
1277 409 1335 437 haec
1348 410 1450 442 verba;
1472 416 1621 444 omnesque
1640 408 1674 436 ad
1696 416 1726 436 se
1739 412 1898 435 convertunt

1105 456 1190 491 magis
1212 463 1291 490 quam
1315 456 1477 483 vestimenta
1505 463 1602 488 aurea,
1617 454 1678 489 equi
1704 459 1731 482 et
1754 454 1895 488 mancipia.

1105 503 1169 530 Haec
1182 503 1254 530 enim
1275 502 1301 530 id
1315 502 1444 535 efficiunt,
1460 506 1490 529 ut
1507 501 1596 536 gravis
1608 504 1636 529 et
1656 500 1785 528 molestus
1802 500 1896 527 videa-

1105 554 1166 582 tur;
1188 554 1269 584 atque
1291 554 1320 577 ut
1333 546 1486 577 communis
1511 548 1598 576 hostis
1610 548 1672 575 odio
1686 547 1816 575 habeatur
1831 556 1837 573 :
1853 548 1896 574 illa

1104 602 1170 623 vero
1195 600 1224 622 ttt
1247 600 1350 630 patrem
1364 599 1536 622 communem
1549 602 1580 621 ac
1596 593 1745 621 beneficum
1763 593 1896 628 depra-di-

1103 647 1182 675 cant;
1193 646 1222 670 et
1237 640 1308 677 quod
1321 642 1440 670 omnium
1457 642 1602 668 maximum
1614 641 1722 674 cst,Bei
1736 640 1899 668 benevolen-

1106 688 1140 715 tia
1153 693 1196 715 tua
1207 695 1314 723 semper
1333 692 1407 723 gesta
1416 692 1553 722 sequetur.
1573 687 1647 713 Dicat
1658 689 1722 721 (ξι-ςο
1734 685 1787 716 hic,
1804 685 1897 712 Filiam

1105 739 1191 761 meant
1198 739 1258 761 cum
1267 733 1330 760 dote
1338 733 1451 766 locavit;
1461 732 1538 764 alius,
1547 732 1643 759 Filium
1651 738 1738 759 nteum
1749 731 1773 758 itt
1781 731 1896 758 virorum

1105 768 1245 806 numerum
1261 778 1355 806 efferri
1372 778 1492 810 curavit;
1508 778 1587 809 alius,
1606 776 1789 804 Calamitatem
1811 784 1896 803 ineant

1103 826 1199 858 solvit;
1211 825 1290 858 alius,
1298 825 1339 852 Me
1347 832 1361 851 :t
1373 824 1499 860 periculis
1509 824 1615 858 eripuit.
1625 823 1687 850 llarc
1695 823 1802 851 coronis
1810 823 1898 849 aureis

1105 872 1216 900 ntcliora
1224 871 1304 899 verba
1314 875 1386 903 sunt,
1398 871 1472 898 ntille
1486 870 1612 898 nimiruttt
1625 876 1762 904 prmeones
1775 868 1897 903 benigni-

1104 918 1166 946 tatis
1179 917 1294 953 propriaa
1312 917 1338 944 in
1360 917 1468 944 civitate
1483 916 1605 943 habere:
1622 916 1663 942 ttae
1683 921 1780 947 voces,
1802 921 1898 948 praeco-

1104 971 1167 992 num
1176 965 1220 1000 qui
1230 969 1291 991 ante
1301 963 1484 1000 magistratum
1493 963 1622 990 incedunt
1632 969 1697 989 voce
1708 962 1787 997 longe
1795 960 1899 988 dulcio-

1103 1018 1147 1038 res
1162 1010 1351 1045 suavioresque
1360 1013 1432 1042 sunt,
1442 1009 1531 1036 vocari
1542 1016 1638 1043 nempe
1655 1013 1834 1040 servatorem,
1852 1007 1897 1034 be-

1104 1058 1229 1091 neficum,
1240 1062 1457 1092 patronum,quat
1469 1060 1532 1084 sunt
1548 1054 1594 1083 Dei
1611 1056 1718 1083 nomina
1728 1064 1735 1082 :
1745 1062 1797 1082 non
1807 1059 1897 1082 artem

1103 1107 1408 1137 avarum,ttrrogantem,
1419 1102 1605 1134 insatiabilem,
1615 1109 1735 1137 parcum.
1744 1100 1896 1136 Ne,qua:so,

1104 1157 1137 1178 ne
1154 1150 1235 1178 ullam
1252 1149 1333 1176 talem
1347 1156 1440 1176 vocem
1456 1152 1624 1182 appetamus,
1639 1147 1686 1174 sed
1707 1147 1817 1174 omnino
1831 1153 1898 1173 con~

1105 1196 1210 1223 trarias.
1225 1194 1292 1222 Nam
1305 1194 1328 1221 si
1344 1194 1402 1221 iure
1418 1194 1443 1220 in
1459 1193 1538 1221 terris
1550 1193 1664 1227 prolata,
1680 1193 1716 1219 ita
1729 1192 1898 1226 splendidum

1103 1245 1131 1270 et
1141 1242 1274 1269 illustrem
1286 1240 1420 1273 reddunt;
1436 1247 1497 1267 cum
1507 1248 1538 1267 ca
1550 1240 1649 1274 scripta
1662 1238 1760 1267 fuerint
1774 1239 1800 1266 in
1811 1239 1896 1272 caelis,

1103 1293 1131 1316 ct
1153 1289 1180 1316 in
1201 1288 1246 1316 die
1268 1287 1358 1315 futuro
1381 1287 1450 1314 Deus
1472 1286 1515 1314 illa
1532 1286 1684 1321 protulerit,
1696 1286 1784 1321 cogita
1798 1291 1898 1320 quanta

1103 1335 1201 1362 frueris
1212 1334 1344 1366 claritate,
1360 1338 1460 1369 quanto
1472 1332 1631 1367 splendore:
1645 1340 1723 1368 quem
1741 1340 1789 1360 nos
1803 1340 1899 1360 omnes

1103 1381 1207 1415 assequi
1219 1379 1365 1415 contingat,
1380 1379 1465 1414 gratia
1477 1383 1503 1406 et
1516 1378 1680 1413 benignitate
1695 1379 1800 1405 Domini
1812 1378 1898 1406 nostri

1102 1428 1167 1455 .Icsn
1182 1427 1292 1459 Christi,
1316 1427 1424 1463 quicunt
1451 1426 1523 1453 Patri
1544 1433 1650 1460 unaque
1672 1426 1782 1460 Spiritui
1803 1430 1899 1453 sancto

1103 1474 1198 1508 gloria,
1212 1472 1365 1507 imperium,
1381 1472 1478 1504 honor,
1495 1479 1567 1498 nunc
1581 1475 1610 1499 et
1622 1479 1737 1506 semper,
1752 1477 1779 1499 et
1798 1471 1825 1498 in
1846 1479 1898 1499 sa:-

1103 1522 1163 1549 cula
1178 1520 1351 1548 surculorum.
1363 1519 1461 1546 Amen.

253 1576 1256 1589 ————_.__—_____

962 1620 1137 1655 HOMILIA
1159 1624 1217 1654 XI.

253 1687 319 1716 Car.
334 1689 360 1716 4.
376 1689 444 1727 ν.ς5.
460 1690 526 1717 Milli
547 1696 631 1718 autem
655 1699 701 1725 pro
720 1692 824 1719 minimo
841 1696 882 1719 ιειι
905 1696 934 1719 ut
948 1700 964 1719 a
980 1693 1049 1721 vobis

287 1734 400 1769 jmlt'cer,
415 1740 459 1762 aut
472 1736 503 1762 ab
516 1736 626 1764 humano
638 1737 679 1763 die
690 1745 700 1768 ;
713 1737 757 1763 sed
777 1745 856 1772 neque
871 1738 992 1773 meipsum
1000 1739 1049 1773 ju-

289 1780 388 1813 Αἰακὲ.
404 1780 481 1816 (ni/ti!
502 1782 568 1808 enim
591 1782 651 1809 mihi
671 1783 787 1810 conscius
809 1791 882 1815 sum;
903 1784 947 1810 sed
959 1792 1009 1811 non
1023 1785 1050 1812 in

287 1826 333 1852 ltoc
348 1826 504 1861 jutiﬂcatus
516 1827 597 1863 sunt);
616 1828 657 1862 qui
670 1833 753 1855 autent
769 1829 871 1863 judicut
884 1837 933 1862 me,
960 1829 1050 1857 Domi-

291 1881 339 1900 πω
352 1878 399 1900 εει.

288 1921 313 1946 1.
330 1919 396 1946 Cum
414 1919 475 1947 aliis
497 1919 573 1947 malis
597 1920 689 1948 nescio
713 1920 849 1955 quomodo
863 1921 988 1949 inductus
1008 1926 1050 1950 est

251 1966 278 1992 in
288 1966 424 1993 hominum
436 1972 557 1993 naturam
567 1967 731 1994 curiositatis
739 1973 766 1994 ct
775 1968 934 2002 importunae
943 1969 1049 2004 perqui-

251 2011 355 2038 sitionis
362 2012 473 2039 morbus
481 2020 487 2038 :
494 2020 574 2047 quem
581 2012 661 2040 etiant
671 2012 792 2040 Christus
799 2014 1047 2048 castigavitdiccns:

256 2057 484 2093 Nalitejudicare,
501 2063 528 2085 ut
542 2059 749 2094 nonjudicrmini
763 2059 869 2094 (Matth.
881 2060 909 2086 7.
924 2060 1047 2095 l).Qttod

254 2110 327 2133 certe
339 2106 437 2133 nullam
451 2105 615 2138 voluptatem
627 2105 718 2138 habet,
733 2111 759 2132 ut
770 2105 972 2134 ltabcntcattera
986 2114 1049 2141 pec-

251 2157 321 2183 cata,
334 2151 380 2178 sed
390 2151 475 2178 solum
489 2158 594 2185 penam
605 2158 637 2178 ac
647 2151 817 2185 supplicium.
826 2151 891 2178 Nam
899 2159 959 2179 cttttt
972 2152 1050 2179 innu-

254 2197 337 2224 meris
347 2197 441 2231 rcplcti
457 2197 540 2223 simus
551 2196 640 2228 malis,
650 2201 677 2223 et
687 2196 776 2224 trabes
787 2197 904 2225 feramus
915 2197 940 2224 itt
952 2197 1048 2231 oculis,

251 2243 366 2277 proximi
386 2246 505 2277 peccata,
520 2242 601 2269 etiam
613 2249 644 2269 ea
658 2250 718 2277 qua:
732 2250 747 2270 a
769 2241 881 2270 festucis
906 2243 972 2270 nihil
993 2243 1048 2270 dif-

251 2287 351 2320 ferunt,
366 2292 491 2315 accurate
505 2287 690 2315 examinamus
708 2296 715 2314 :
733 2288 804 2315 sicut
822 2289 902 2316 etiam
926 2289 1048 2316 Corinthi

254 2335 363 2362 accidit.
389 2334 467 2361 V‘iros
490 2342 606 2369 namque
633 2337 691 2369 pios
703 2340 731 2362 et
758 2335 812 2363 Deo
836 2343 913 2364 caros
937 2341 1047 2371 propter

258 2381 391 2408 inscitiam
412 2380 587 2408 traducebant
601 2385 628 2408 et
649 2380 803 2415 eji'ciebant,
826 2382 895 2409 alios
915 2390 988 2415 vero,
1003 2383 1048 2417 qui

257 2427 406 2455 innumeris
428 2431 506 2455 erant
521 2427 593 2455 vitiis
609 2428 708 2461 onuSti,
724 2429 812 2463 magni
828 2428 963 2456 faciebant
984 2436 1048 2463 pro-

253 2478 314 2508 pter
328 2473 519 2508 cloquentiam.
529 2473 643 2507 Deinde,
653 2474 897 2509 tamquamjudices
913 2475 1048 2509 sedentes,

254 2519 311 2546 hate
325 2520 478 2554 petulanter
500 2521 724 2555 pronuntiabant:
748 2521 797 2548 Hic
811 2521 907 2556 dignus
926 2527 977 2555 est,
999 2523 1049 2550 iste

254 2566 351 2593 melior
365 2566 409 2593 illo
429 2571 486 2599 est;
501 2571 528 2594 et
549 2566 592 2594 ltic
607 2567 645 2594 illi
671 2567 792 2600 inferior,
817 2571 845 2594 et
858 2568 902 2594 ille
923 2567 974 2595 isto
992 2575 1049 2595 nte-

254 2613 316 2645 lior;
333 2618 359 2640 et
371 2620 418 2640 sua
434 2613 525 2649 lugere
542 2614 613 2641 mala
627 2620 680 2641 non
692 2618 828 2645 curantes,
845 2613 958 2640 aliorum
972 2614 1044 2648 judio

253 2668 300 2687 res
311 2664 402 2693 erant;
418 2660 533 2696 hincque
554 2661 644 2695 gravia
658 2659 727 2688 bella
742 2660 924 2687 concitabant.
950 2660 1048 2687 Paulus

255 2713 319 2741 ergo
345 2705 416 2734 ltunc
440 2707 563 2734 morbum
588 2706 696 2738 tollens,
722 2705 782 2733 vide
801 2714 880 2741 quatn
902 2706 1048 2741 prudenter

255 2752 316 2779 illos
335 2753 463 2787 corrigat.
485 2752 629 2787 Postquam
650 2751 722 2779 enim
738 2752 815 2784 dixit,
837 2752 888 2779 Hic
904 2753 961 2788 jam
977 2760 1050 2788 qua:-

252 2802 319 2824 rttur
338 2797 406 2824 inter
420 2797 607 2832 dispensatores
627 2802 654 2823 ut
674 2797 757 2831 ﬁdelis
776 2798 832 2833 quis
853 2797 1006 2830 inueniatur,
1021 2801 1049 2824 et

256 2842 395 2870 videbatur
415 2842 468 2870 illis
488 2842 590 2871 aditum
608 2843 674 2871 dare
688 2843 722 2871 ad
743 2843 917 2878 iudicandam
938 2849 964 2871 et
978 2850 1047 2871 etta-

1104 1694 1257 1722 minandam
1281 1694 1412 1730 cujusque
1438 1694 1535 1728 vitam;
1566 1695 1617 1722 hoc
1644 1703 1709 1722 vero
1728 1695 1896 1725 .seditioncm

1102 1740 1268 1767 concitabat:
1282 1747 1315 1767 ne
1325 1739 1376 1767 hoc
1389 1740 1441 1767 illis
1455 1736 1599 1773 accideret,
1614 1741 1647 1768 ab
1660 1741 1710 1769 hac
1722 1741 1897 1769 altercatione

1102 1785 1164 1813 illos
1177 1785 1298 1818 abduxit,
1318 1786 1426 1814 dicens:
1446 1786 1513 1813 Mihi
1527 1792 1612 1814 autem
1632 1796 1680 1822 pro
1700 1787 1803 1814 minimo
1819 1793 1854 1815 est
1870 1793 1898 1814 ut

1102 1839 1118 1858 tt
1127 1831 1194 1859 vobis
1200 1832 1318 1867 judicer;
1328 1839 1419 1859 rursus
1430 1839 1580 1860 sermonem
1593 1840 1734 1868 personam
1746 1841 1820 1860 suam
1832 1841 1898 1868 spc-

1099 1883 1217 1905 ctantetn
1233 1878 1380 1913 proferens.
1403 1879 1471 1912 Quid
1491 1879 1541 1906 sibi
1556 1879 1611 1906 vult
1623 1884 1712 1906 autcttt
1727 1879 1803 1912 illud,
1830 1880 1898 1906 Miltt'

1101 1929 1186 1950 autem
1199 1932 1244 1959 pro
1260 1924 1364 1951 minimo
1373 1929 1411 1951 est
1426 1930 1454 1951 ιιι
1468 1933 1483 1951 a
1498 1925 1565 1952 vobis
1575 1925 1687 1960 judicer,
1702 1930 1747 1952 aut
1762 1926 1792 1952 ab
1805 1926 1897 1952 [tumn-

1102 1977 1134 1996 no
1150 1969 1210 1996 die?
1233 1969 1371 2004 Indignum
1387 1977 1429 1998 me
1441 1970 1544 2005 judico,
1560 1971 1656 2006 inquit,
1671 1971 1715 2006 qui
1729 1979 1743 1998 a
1758 1971 1836 1999 vobis
1847 1972 1894 2006 ju-

1101 2014 1194 2046 dicer;
1208 2019 1235 2042 ct
1248 2015 1311 2050 quid
1326 2015 1386 2043 dico
1399 2024 1413 2043 a
1427 2015 1522 2043 vobis?
1536 2016 1582 2043 sed
1597 2017 1676 2044 etiam
1690 2025 1704 2044 a
1724 2025 1896 2052 quocumque

1101 2061 1198 2094 aliquo.
1226 2061 1279 2088 Sed
1306 2068 1386 2089 nemo
1405 2061 1516 2089 Paulum
1544 2063 1708 2097 arrogantia:
1732 2068 1849 2095 aceusct,
1872 2064 1895 2091 si

1101 2108 1202 2135 nttlluttt
1224 2108 1361 2135 hominem
1383 2109 1493 2144 dignum
1516 2117 1576 2137 esse
1596 2110 1678 2143 dit-at,
1693 2111 1737 2145 qui
1758 2115 1851 2138 contra
1866 2118 1896 2138 se

1100 2154 1231 2181 calculum
1243 2154 1320 2182 ferat.
1334 2155 1424 2182 Primo
1435 2155 1506 2182 enim
1522 2164 1574 2182 non
1590 2160 1699 2190 propter
1710 2163 1740 2184 se
1754 2156 1805 2183 hoc
1818 2156 1894 2188 dicit,

1100 2199 1147 2227 sed
1163 2204 1190 2226 ttt
1203 2200 1269 2227 alios
1282 2200 1315 2226 ab
1330 2200 1434 2228 illorum
1449 2201 1571 2228 molestia
1590 2201 1701 2235 eripiat:
1722 2201 1819 2230 deinde
1841 2210 1894 2229 non

1101 2246 1133 2274 ad
1148 2246 1299 2274 Corinthios
1312 2251 1413 2274 tantum
1428 2255 1472 2274 res
1486 2252 1605 2282 spectat;
1619 2247 1665 2275 sed
1679 2249 1760 2275 etiam
1775 2248 1895 2283 scipsum

1100 2299 1116 2318 a
1129 2291 1175 2318 tali
1188 2291 1289 2325 judicio
1303 2292 1427 2325 rctnovit,
1444 2292 1530 2327 majus
1543 2300 1591 2319 sua
1605 2298 1694 2320 mente
1706 2293 1798 2320 dicens
1811 2294 1845 2321 de
1857 2298 1897 2320 ta-

1101 2337 1169 2364 libus
1182 2337 1314 2364 calculum
1330 2337 1414 2365 ferre:
1428 2338 1648 2373 subjunxitcrgo,
1666 2337 1756 2374 Neque
1770 2339 1896 2373 meipnmt

1096 2383 1196 2418 judico.
1221 2383 1261 2410 Ad
1276 2383 1334 2411 iure
1347 2391 1411 2411 vero
1431 2390 1511 2411 causa
1525 2391 1631 2418 quoque
1645 2385 1827 2411 examinanda
1843 2389 1895 2417 est,

1100 2436 1152 2464 qua
1166 2434 1253 2456 motus
1265 2429 1322 2456 inec
1345 2430 1466 2457 dicebat:
1488 2431 1556 2458 solet
1574 2431 1645 2457 enim
1667 2438 1740 2465 saepe
1754 2431 1897 2465 magnifice

1101 2475 1183 2510 loqui,
1208 2483 1260 2503 non
1284 2484 1317 2503 ex
1336 2475 1404 2503 fastu
1427 2477 1468 2503 vel
1490 2476 1654 2511 arrogantia,
1679 2476 1725 2503 sed
1748 2484 1780 2503 cx
1794 2476 1896 2511 optima

1100 2520 1316 2555 dispensatione:
1339 2521 1554 2556 quandoquidem
1581 2530 1651 2549 nuttc
1679 2530 1732 2550 non
1757 2522 1813 2556 ipse
1834 2530 1896 2550 sese

1100 2567 1252 2601 extollens,
1274 2567 1320 2594 sed
1342 2567 1410 2595 alios
1433 2568 1604 2603 deprimens,
1629 2568 1687 2595 haec
1709 2568 1844 2604 loquitur,
1867 2573 1897 2596 ttt

1100 2613 1255 2648 dignitatem
1278 2614 1378 2641 sanctis
1391 2613 1481 2641 addat.
1506 2613 1582 2647 Quod
1596 2614 1668 2641 enitn
1683 2614 1825 2642 admodum
1843 2615 1896 2641 htt-

1100 2659 1170 2686 milis
1191 2664 1272 2690 esset,
1292 2659 1354 2686 audi
1376 2659 1440 2694 quid
1462 2660 1542 2692 dicat,
1565 2659 1734 2687 inimicorum
1758 2659 1807 2686 hac
1820 2659 1855 2687 de
1867 2667 1898 2687 ro

1101 2705 1282 2732 testimonium
1294 2705 1320 2732 in
1331 2705 1446 2732 mediutn
1460 2705 1615 2733 adducens:
1629 2705 1770 2735 Prwsenlia
1781 2705 1898 2740 corporis

1099 2751 1202 2784 inﬁrma
1212 2755 1258 2786 est,
1273 2755 1296 2777 et
1316 2759 1398 2778 sermo
1419 2757 1576 2787 contemptu:
1593 2752 1631 2788 (2.
1648 2753 1705 2780 Cor.
1721 2753 1765 2780 l0.
1782 2753 1847 2787 ‘10);
1869 2757 1900 2780 et

1100 2805 1218 2830 rursum,
1247 2797 1391 2825 Nouissime
1405 2804 1489 2825 autem
1505 2803 1625 2833 tanquam
1644 2799 1758 2826 abortivo
1773 2799 1842 2826 vim:
1857 2803 1896 2825 εει

1100 2848 1122 2870 ει
1138 2842 1197 2870 nti/ti
1215 2842 1253 2877 (l.
1269 2841 1328 2870 Cor.
1344 2843 1387 2871 15.
1404 2843 1441 2879 8).
1459 2845 1584 2872 Attamen
1599 2843 1707 2872 humilis
1719 2843 1778 2880 ille,
1791 2849 1898 2879 tempo-
