2041 3111
173 149 206 177 ετ)

175 217 203 237 re
214 212 339 240 vocante,
354 208 418 235 vide
431 214 484 242 quo
502 205 694 240 discipulOrimi
717 203 878 231 sententiam
892 206 968 229 extu-

176 256 245 287 lcrit',
261 262 315 281 non
329 254 429 281 fastum
450 253 563 285 docens,
584 251 630 279 scd
645 257 725 278 sanos
739 249 834 277 indens
848 248 969 283 spiritus.

174 301 248 336 Ipsos
261 300 334 327 enim
348 299 489 334 alloquens
501 297 622 325 dicebat:
639 296 670 323 Et
683 297 705 323 si
718 296 743 323 in
757 295 826 322 vobis
836 294 971 329 judicatur

176 346 296 378 mundus,
320 345 421 380 indigni
443 345 502 372 estis
517 343 627 370 minimis
641 343 743 376 iudiciis
759 342 798 376 (1,
815 340 874 368 Cor.
888 340 915 367 ϐ.
929 339 968 375 2).

176 393 210 422 Ut
229 393 302 421 enim
326 392 507 420 Christianum
532 394 639 425 oportet
662 390 740 424 longe
765 388 800 415 ab
818 387 969 422 arrogantia

176 447 244 470 esse,
261 439 297 465 ita
310 442 338 465 et
349 437 382 465 ab
396 436 548 464 adulatione
562 440 589 462 et
610 435 644 462 ab
659 434 783 462 illiberali
799 440 890 460 sensu.
916 431 969 459 Ne-

175 493 227 517 que
249 485 322 511 enim
346 484 368 510 si
394 483 524 517 quispiam
547 481 654 513 dixerit,
682 480 811 508 Pecunias
833 479 897 506 nihil
911 485 971 506 esse

174 535 250 566 puto,
264 529 312 557 sed
326 528 468 564 praesentia
483 527 572 554 omnia
594 527 659 554 milii
674 526 768 553 umbra
784 530 810 552 et
834 525 969 552 somnium

175 581 239 604 sunt
252 583 285 604 ac
305 583 448 611 puerorum
463 574 592 607 ludibria;
617 573 776 608 arrogantia:
790 572 876 606 ipsum
891 579 970 598 accu-

175 624 295 651 sabimus
312 623 394 650 :Nain
410 622 449 649 sic
469 621 640 649 Salomonem
654 620 734 647 etiam
749 618 909 654 arrogantia:
924 625 969 644 ac-

176 670 332 697 riisabimus
352 675 411 695 cum
427 667 461 695 de
473 668 514 694 his
527 666 608 694 rebus
624 665 828 700 philosophatur
839 669 866 691 ct
888 663 969 691 dicit:

183 716 288 742 i’anitas
311 715 462 747 vanitatum,
486 718 511 740 et
532 713 616 740 omnia
630 713 728 739 vanitas
752 710 863 748 (Eccles.
880 711 905 738 Ι.
925 710 967 745 2).

176 763 228 791 Sed
243 762 309 789 absit
325 765 353 788 ut
366 759 524 795 arrogantia:
538 758 646 786 nomine
662 757 860 792 pbilosoiihiam
876 756 971 791 appel-

177 809 274 837 lemus.
300 807 356 835 Non
371 811 412 834 est
427 811 492 841 ergo
510 805 662 840 arrogantia
685 803 743 830 lizcc
756 803 906 837 despicere,
922 801 970 829 sed

179 855 259 882 animi
274 852 441 888 magnitudo,
467 852 527 879 licet
543 851 681 878 videamus
696 857 773 885 reges
789 854 816 877 et
837 849 971 884 principes

179 902 224 928 illa
239 900 288 927 sibi
303 899 449 926 vindicare.
463 898 560 926 Verum
573 904 673 931 panper
692 897 737 931 qui
757 895 969 930 philosophatur,

178 948 224 975 ille
236 954 308 981 smpe
328 945 459 980 despicit:
488 951 575 978 neque
600 942 661 970 ideo
688 942 763 969 illum
788 947 970 977 arrogantem,

176 994 223 1021 scd
238 993 435 1028 magnanimum
451 991 570 1018 dicemus
593 998 600 1018 :
625 990 694 1017 sicut
709 997 758 1016 nec
770 997 842 1021 eum,
854 989 898 1023 qui
914 988 972 1016 lucc

176 1046 340 1074 magnopere
357 1038 408 1065 sibi
423 1037 547 1069 vindicat,
566 1035 692 1062 humilem
707 1040 733 1062 et
747 1035 907 1067 modestum,
923 1034 972 1062 sed

176 1085 324 1116 infirmum,
339 1083 427 1119 pusilli
442 1082 524 1110 animi
550 1087 577 1109 et
599 1081 756 1108 illiberalem
776 1081 907 1108 dicemus.
925 1080 972 1107 Et-

175 1131 248 1158 enim
265 1131 287 1157 si
303 1131 362 1165 quis
378 1129 448 1156 lilius
470 1136 501 1156 ea
514 1136 573 1163 qua:
598 1127 634 1154 ad'
646 1131 748 1162 patrem
773 1127 907 1161 pertinent
925 1126 971 1154 de-

174 1178 302 1212 spiceret,
311 1177 416 1204 Servilia
433 1181 521 1203 autem
546 1174 732 1206 admiraretur,
758 1180 810 1200 non
825 1173 900 1208 quasi
920 1173 969 1199 liii-

175 1224 268 1251 milem
302 1222 376 1250 illum
408 1221 589 1253 laudaremus,
621 1219 668 1247 sed
695 1225 724 1246 ut
758 1218 914 1246 illiberalem
943 1223 970 1246 et

175 1271 305 1299 servilem
327 1271 557 1305 vituperaremus;
579 1268 718 1303 ipsumque
730 1274 794 1294 vero
813 1266 971 1294 tuiraremur

175 1318 197 1344 si
221 1317 266 1344 illa
287 1316 447 1351 despiceret,
468 1320 495 1342 et
515 1319 626 1350 paterna
641 1314 734 1349 magni
759 1313 868 1341 faceret.
888 1313 970 1340 Arro-

174 1364 273 1398 gantia:
287 1364 359 1390 enim
375 1367 426 1394 est,
443 1370 472 1389 se
486 1361 625 1389 conservis
649 1360 787 1388 meliorem
801 1366 861 1387 esse
876 1359 970 1386 existi-

176 1417 269 1441 mare;
286 1408 332 1436 scd
345 1416 403 1436 eam
420 1416 479 1443 qua:
494 1415 556 1435 vere
571 1412 611 1435 est
632 1406 666 1434 de
681 1406 760 1433 rebus
775 1406 846 1433 ferre
860 1409 969 1432 senten-

176 1457 251 1489 tiam,
271 1464 324 1483 non
345 1455 504 1490 arrogantia:
529 1459 581 1487 est,
598 1454 644 1482 sed
664 1453 851 1488 philosophiae.

210 1503 238 1530 2.
255 1503 319 1530 Ideo
335 1502 434 1530 Paulus
457 1510 510 1529 non
538 1508 567 1529 se
581 1501 722 1533 extollens,
732 1499 783 1527 Sed
800 1499 868 1526 alios
883 1499 971 1526 humi-

175 1549 254 1581 lians,
269 1552 299 1576 et
309 1555 369 1576 sese
383 1547 525 1576 etierentes
545 1547 698 1581 deprimens
713 1550 740 1574 ct
761 1545 897 1572 modestos
910 1551 983 1572 esse-

176 1593 303 1624 suadcns,
319 1593 443 1621 dicebat:
468 1592 533 1619 Mi/u'
560 1597 643 1618 autem
669 1599 719 1626 pro
739 1591 842 1617 minimo
861 1596 897 1617 est
917 1595 971 1617 uta

177 1639 366 1673 robisjudicer,
389 1644 434 1665 aut
450 1638 481 1665 ab
501 1638 613 1665 humano
638 1637 688 1664 die.
719 1636 813 1664 Viden‘
836 1635 971 1672 quomodo

178 1687 239 1714 illos
257 1686 413 1713 curaverit?
433 1685 498 1713 Nam
514 1686 558 1720 qui
576 1685 689 1712 audierit
703 1684 773 1719 quod
789 1691 882 1712 omnes
896 1683 969 1712 simi-

179 1732 239 1759 liter
252 1732 396 1766 despiciat,
413 1735 439 1759 et
453 1739 467 1758 a
483 1731 557 1758 nullo
567 1730 682 1766 judicari
696 1729 829 1765 dignetur,
851 1738 902 1757 non
917 1729 968 1757 uti-

177 1786 229 1813 que
243 1778 343 1806 dolebit
358 1778 433 1813 quasi
448 1778 504 1813 ipse
515 1777 589 1805 solus
603 1777 715 1812 ejectus.
731 1776 796 1803 Nam
811 1777 833 1803 si
847 1776 969 1809 dixisset,

177 1825 198 1851 Λ
208 1824 285 1851 vobis
294 1829 407 1855 tantum,
418 1829 445 1851 et
456 1823 584 1856 siluisset,
592 1823 642 1851 hoc
651 1822 711 1850 illos
720 1822 844 1851 mordere
856 1827 969 1857 poterat,

177 1870 254 1905 quasi
269 1870 387 1905 despecti
403 1870 533 1897 fuiSsent:
549 1877 620 1898 nunc
632 1874 720 1897 autem
737 1876 796 1896 cum
811 1868 900 1902 addit,
917 1867 971 1895 Nec

177 1917 208 1943 ab
225 1918 334 1943 Immano
349 1917 411 1949 Δία,
426 1917 510 1951 plaga:
524 1915 748 1944 medicamentum
769 1916 899 1948 adhibuit,
910 1922 971 1942 cum

177 1963 244 1998 ipsis
261 1963 320 1990 talis
337 1966 507 1997 contemptus
526 1962 615 1990 socios
631 1961 788 1998 assignavit.
804 1961 857 1989 Sed
870 1964 898 1989 et
915 1961 973 1995 ipse

177 2017 285 2045 quoque
297 2010 358 2036 huic
369 2010 408 2037 rei
418 2017 511 2037 rursus
523 2009 656 2041 medetur,
669 2009 797 2044 adjicicns
809 2017 814 2034 :
828 2007 880 2035 Sed
894 2015 974 2043 neque

179 2055 304 2090 meipsum
313 2055 414 2091 judico.
426 2055 494 2083 Vide
504 2055 638 2090 quomodo
648 2054 748 2082 dictum
760 2053 822 2081 illud
838 2061 890 2080 non
902 2060 974 2080 arro-

179 2102 296 2137 gantiam
308 2101 410 2136 sapiat:
422 2108 509 2136 neque
517 2101 587 2128 enim
601 2108 630 2128 se
648 2100 713 2127 satis
721 2107 780 2127 esse
795 2099 859 2126 dicit
875 2099 906 2126 ad
921 2098 974 2126 hoc

179 2154 305 2176 accurate
322 2148 513 2184 praestandum.
530 2148 632 2175 Deinde
646 2148 707 2182 quia
730 2147 780 2174 hoc
800 2147 899 2173 dictum
914 2153 975 2173 sese

179 2195 326 2223 admodum
332 2195 486 2223 extollentis
492 2195 632 2222 videbatur
638 2201 708 2226 esse,
715 2193 740 2221 id
748 2193 862 2221 correxit
870 2193 973 2220 dicens:

181 2242 234 2269 Sed
254 2250 305 2268 non
321 2242 347 2268 in
362 2242 409 2268 Iioc
418 2241 576 2276 justiﬁcatus
599 2249 665 2268 sum.
681 2239 750 2272 Quid
771 2239 870 2274 igitur?
884 2245 973 2265 annon

180 2291 319 2322 oportetet
326 2294 355 2314 se
364 2291 390 2315 et
397 2291 504 2322 peccata
511 2286 633 2321 judicare
641 2285 652 2312 ?
661 2285 774 2312 Maxime
781 2285 887 2320 quidem
896 2292 976 2319 opor-

182 2339 218 2360 tet
226 2334 276 2361 lioc
285 2334 373 2361 facere
384 2341 443 2361 cum
452 2340 602 2368 peccamus;
613 2332 659 2360 sed
667 2331 763 2359 Paulus
772 2331 822 2358 hoc
831 2339 882 2358 non
891 2330 974 2358 dixit:

183 2380 255 2406 Nihil
264 2381 331 2407 enim
342 2380 404 2406 mihi
414 2380 530 2406 conscius
551 2387 617 2411 sum,
641 2378 736 2413 inquit.
751 2378 889 2412 Quodnam
910 2384 976 2412 ergo

183 2431 320 2461 peccatum
336 2426 504 2461 judicaturus
518 2430 586 2459 erat,
602 2433 662 2453 cum
689 2425 754 2452 nihil
779 2425 830 2452 sibi
853 2424 976 2452 conscius

183 2473 270 2500 esset?
281 2473 329 2499 Ille
340 2480 404 2499 vero
414 2479 467 2499 non
477 2472 541 2499 dicit
551 2479 579 2499 se
591 2471 841 2506 essejustiiicatum.
851 2470 901 2503 Qui
912 2477 976 2505 ergo

182 2518 374 2546 conscientiam
387 2517 518 2545 habemus
531 2517 603 2545 mille
624 2517 780 2544 vulneribus
799 2516 914 2543 sauciam
926 2536 933 2549 ,
949 2519 976 2543 et

182 2563 280 2590 nullius
289 2563 354 2590 boni
370 2563 447 2590 nobis
463 2563 563 2590 conscii
574 2570 685 2595 sumus,
701 2562 747 2589 sed
767 2566 850 2588 totum
867 2565 975 2588 contra-

185 2609 252 2637 rium
267 2629 276 2642 ,
289 2609 353 2644 quid
367 2608 533 2636 dixerimus?
553 2613 580 2636 et
595 2607 729 2643 quomodo
751 2607 796 2634 ille
809 2607 907 2634 nullius
924 2605 974 2634 sibi

181 2655 305 2682 conscius
318 2655 392 2687 mali,
405 2662 458 2681 non
467 2654 628 2689 justiﬁcatus
640 2653 714 2681 erat?
727 2653 793 2687 Quia
806 2652 976 2688 contingebat

182 2701 256 2728 illum
264 2701 354 2736 aliqua
362 2700 504 2728 admittere
517 2704 636 2735 peccata,
649 2707 708 2735 quae
718 2699 775 2734 ipse
785 2699 901 2727 nesciret
915 2706 976 2726 esse

181 2751 301 2781 peccata.
316 2745 385 2773 Hinc
404 2746 491 2780 cogita
505 2753 585 2780 quam
608 2745 660 2773 erit
680 2748 834 2772 accuratum
858 2744 974 2771 futurum

177 2793 320 2828 judicium.
332 2792 391 2819 Non
401 2799 475 2827 ergo,
485 2791 556 2826 quod
566 2792 638 2818 omni
646 2790 853 2826 reprehensione
864 2798 975 2818 vacuum

181 2847 211 2866 se
220 2843 337 2873 putaret,
347 2846 377 2866 se
385 2838 521 2873 indignum
529 2845 589 2865 esse
597 2837 670 2870 dicit,
678 2837 722 2872 qui
730 2837 762 2864 ab
773 2836 974 2871 illisjudicetnr,

183 2886 230 2914 scd
244 2884 372 2921 reprimit
381 2892 429 2913 eos
442 2885 487 2920 qui
501 2883 696 2912 inconsiderate
709 2883 759 2911 hoc
774 2882 901 2911 facerent.
917 2882 972 2910 Ali-

729 144 763 172 ΙΝ
782 143 889 171 EPlST.
908 143 916 170 1
949 143 995 170 ΑΙ)
1015 142 1094 171 COR.
1114 143 1230 172 HOMIL.
1253 143 1298 171 XI.

1781 145 1818 174 90

1028 202 1053 230 bi
1062 202 1144 234 enim,
1152 202 1255 230 etiamsi
1266 206 1373 237 peccata
1384 209 1436 230 non
1445 203 1584 230 manifesta
1595 207 1695 236 essent,
1706 204 1764 232 aliis
1774 204 1817 238 ju-

1024 248 1122 276 dicium
1129 248 1200 276 ferre
1208 249 1339 283 permisit,
1349 251 1474 285 quoniam
1481 250 1532 278 hoc
1540 250 1691 285 postulabat
1700 255 1815 285 tempus.

1060 295 1099 322 De
1113 296 1171 322 aliis
1186 304 1236 322 non
1253 297 1425 332 judicandum
1439 302 1486 324 est.
1503 312 1539 317 —
1562 297 1630 330 Quid
1651 298 1722 324 enim
1734 318 1742 329 ,
1758 298 1793 324 ait
1805 317 1814 328 .

1020 341 1128 377 judicae
1139 341 1243 374 fratrem
1261 347 1333 369 tuum
1344 343 1357 370 ?
1378 348 1402 370 et
1420 348 1447 370 tu
1470 351 1517 370 cur
1530 343 1637 377 fratrem
1658 348 1727 369 tuum
1742 343 1818 371 nihili

1025 388 1088 422 facis
1103 387 1190 422 (Rom.
1203 388 1248 415 14.
1269 388 1343 422 Hi)?-
1360 389 1418 416 Non
1441 389 1511 417 enim
1528 388 1579 416 hoc
1599 389 1646 417 tibi
1661 389 1815 416 mandatum
1832 418 1835 424 ί

1024 439 1081 466 est,
1095 442 1111 461 ο
1125 434 1206 461 homo
1216 455 1223 468 ,
1237 439 1266 462 ut
1287 435 1354 463 alios
1364 435 1468 470 judices
1481 457 1488 469 ,
1503 435 1549 463 sed
1564 439 1593 463 ut
1607 441 1650 463 tua
1665 437 1814 463 examines.

1024 479 1078 507 Cur
1091 488 1140 516 ego
1154 481 1258 508 Domini
1279 487 1368 516 partes
1383 483 1499 517 arripis?
1521 483 1598 510 illius.
1613 487 1656 510 est
1672 483 1793 517 judicare
1806 503 1813 514 ,

1025 534 1077 553 non
1100 531 1184 554 tuum.
1207 527 1295 561 Quare
1318 528 1455 563 subjiingit
1477 537 1482 555 :
1504 529 1530 556 5.
1549 528 1640 563 Itaque
1657 529 1735 556 nolite
1755 535 1815 556 ante

1024 577 1124 608 tempus
1144 574 1264 608 judicare
1278 594 1286 606 ,
1302 575 1467 610 quoadusque
1481 577 1562 601 ueniat
1578 575 1702 602 Dominus
1713 596 1719 607 ,
1734 575 1778 609 qui
1790 580 1814 602 et

1023 619 1178 646 illuminabit
1188 618 1336 647 abscondita
1350 620 1525 652 tenebrarum,
1539 625 1562 646 et
1576 621 1747 656 manifestabit
1757 629 1814 647 ron-

1024 666 1082 692 silia
1097 666 1231 693 cordiunt:
1247 671 1269 693 ct
1285 671 1344 693 tum:
1360 667 1416 694 laus
1430 667 1475 693 erit
1489 667 1623 702 unicuith
1637 676 1653 693 (ι
1667 667 1730 694 Deo.
1745 667 1814 701 Quid

1024 719 1098 746 ergo,
1115 719 1167 739 non
1183 717 1289 747 oportet
1303 713 1427 741 doctores
1442 713 1493 741 hoc
1508 713 1616 741 facere?
1631 714 1740 748 Oportet
1753 715 1812 749 qni-

1024 757 1084 786 dcin
1104 758 1129 785 in
1146 759 1262 793 peccatis
1278 759 1426 786 manifestis
1437 780 1444 793 ,
1461 767 1523 794 qua:
1545 759 1570 786 in
1586 759 1712 788 confesso
1731 765 1792 786 sunt
1806 781 1813 792 ,

1024 804 1105 839 idque
1129 806 1286 840 congruenti
1316 810 1452 841 tempore;
1478 814 1538 834 cum
1566 811 1629 834 tunc
1656 806 1762 834 doleant
1788 812 1818 834 ct

1024 851 1207 879 mordeantur.
1233 852 1291 880 Non
1315 857 1342 879 ut
1362 857 1425 880 tunc
1448 853 1486 880 illi
1513 853 1661 887 faciebant,
1684 862 1720 881 cxv
1744 855 1814 881 inani

1024 897 1107 932 gloria
1120 902 1148 925 et
1168 899 1329 933 arrogantia.
1348 899 1395 925 llic
1410 899 1480 926 enim
1501 907 1554 926 non
1577 900 1610 927 de
1626 900 1742 934 peccatis
1762 901 1815 928 illis

1024 943 1141 978 loquitur
1154 965 1160 976 ,
1177 952 1235 979 qua:
1249 944 1275 971 in
1289 944 1414 972 confesso
1428 950 1520 978 erant,
1537 945 1584 972 sed
1606 946 1675 980 quod
1691 946 1763 973 illum
1777 947 1815 972 al-

1025 990 1073 1016 teri
1096 989 1266 1024 prteferrent,
1279 994 1306 1017 et
1327 990 1409 1017 vitam
1426 990 1531 1017 illarum
1556 997 1752 1025 compararent.
1778 992 1814 1019 Dc

1024 1036 1066 1063 liis
1081 1037 1151 1064 enim
1168 1036 1211 1064 ille
1226 1037 1299 1064 solus
1324 1041 1449 1064 accurate
1470 1037 1591 1072 judicare
1605 1038 1693 1070 nevit,
1709 1038 1753 1072 qui
1767 1046 1815 1065 oc-

1023 1082 1094 1109 culta
1108 1086 1199 1109 nostra
1210 1082 1376 1117 judicaturus
1387 1086 1445 1116 est;
1457 1090 1578 1117 qnmnain
1593 1083 1694 1110 scilicet
1709 1083 1812 1118 majori,

1023 1137 1146 1165 quamam
1160 1129 1257 1157 minori
1273 1129 1314 1156 vcl
1330 1129 1461 1164 supplicio
1477 1129 1517 1157 vel
1532 1129 1633 1157 honore
1648 1130 1725 1164 digna
1740 1132 1813 1157 sint:

1024 1185 1072 1204 nos
1084 1185 1148 1205 vero
1160 1177 1307 1205 secundum
1321 1177 1346 1203 id
1365 1177 1434 1210 quod
1451 1181 1561 1211 apparet
1575 1176 1633 1204 lia-.c
1649 1176 1769 1203 facimus.
1786 1177 1816 1204 Si

1022 1224 1092 1250 enim
1105 1245 1113 1257 ,
1129 1225 1212 1259 inqttit
1224 1245 1231 1257 ,
1244 1225 1270 1251 in
1281 1224 1377 1259 quibus
1391 1224 1449 1258 ipse
1465 1224 1588 1258 peccavi,
1603 1223 1666 1250 nihil
1682 1223 1754 1250 clare
1768 1231 1816 1250 nn-

1023 1271 1058 1304 vi,
1071 1271 1207 1305 quomodo
1218 1270 1315 1305 dignus
1329 1270 1423 1298 fuerim
1436 1270 1479 1305 qui
1491 1269 1525 1297 de
1535 1270 1594 1297 aliis
1608 1269 1691 1296 feram
1705 1273 1815 1297 sentcn-

1024 1316 1110 1344 tiam?
1131 1316 1266 1351 quomodo
1279 1316 1324 1351 qui
1343 1323 1402 1343 inca
1418 1323 1469 1342 non
1489 1320 1614 1342 accurate
1636 1315 1712 1347 novi,
1728 1315 1814 1341 aliena

1023 1362 1305 1398 poterojudicare?‘Si
1316 1369 1380 1389 vero
1388 1361 1491 1388 [Paulus
1507 1361 1558 1388 hoc
1571 1360 1643 1392 fecit,
1660 1361 1743 1387 multo
1757 1369 1814 1386 ina-

1021 1409 1061 1444 gis
1078 1416 1136 1436 nos.
1156 1408 1218 1435 ilice
1238 1409 1309 1435 enim
1330 1407 1451 1440 dicebat,
1468 1414 1520 1434 non
1536 1410 1565 1433 ut
1588 1413 1617 1434 se
1633 1406 1697 1433 nulli
1721 1414 1813 1440 reprc-

1023 1455 1146 1483 hcnsioni
1168 1455 1311 1482 obnoxium
1333 1453 1506 1486 ostenderet,
1531 1452 1578 1480 sed
1594 1457 1623 1480 ut
1643 1452 1813 1484 declararet,

1022 1502 1126 1529 etiamsi
1139 1502 1199 1536 quis
1210 1500 1279 1536 apud
1294 1500 1353 1527 illos
1366 1503 1438 1528 esset
1453 1499 1497 1534 qui
1512 1507 1563 1526 non
1576 1498 1749 1534 peccavisset,
1761 1506 1814 1524 non

1021 1549 1132 1583 dignum
1155 1553 1245 1575 tamen
1267 1555 1327 1575 esse
1349 1546 1394 1581 qui
1425 1546 1459 1573 de
1483 1545 1596 1573 aliorum
1619 1545 1671 1572 vita
1690 1544 1813 1579 judiceti;

1023 1600 1049 1622 et
1063 1594 1135 1630 quod
1155 1595 1178 1622 si
1198 1594 1220 1621 is
1231 1615 1238 1627 ,
1254 1593 1300 1628 qui
1316 1593 1414 1619 nullius
1427 1591 1489 1619 ntali
1504 1592 1554 1619 sibi
1575 1591 1698 1618 conscius
1712 1595 1770 1622 est,
1786 1597 1815 1617 se

1023 1640 1170 1668 obnoxium
1185 1647 1245 1667 esse
1259 1638 1334 1670 dicit,
1350 1638 1435 1665 multo
1445 1637 1530 1672 magis
1541 1637 1578 1664 illi
1592 1641 1688 1669 erunt,
1704 1636 1747 1670 qui
1760 1636 1816 1662 util-

1023 1687 1047 1714 le
1072 1691 1245 1722 peccatorum
1268 1685 1318 1712 sibi
1341 1684 1441 1712 conscii
1463 1688 1539 1711 sunt:
1558 1681 1623 1710 Cum
1639 1682 1679 1710 sic
1698 1689 1762 1717 ergo
1785 1689 1816 1710 os

1023 1733 1204 1761 obstruxisset
1225 1739 1318 1759 eorum
1332 1751 1339 1764 ,
1362 1731 1411 1766 qui
1429 1730 1491 1757 talia
1512 1729 1610 1764 judicia
1633 1729 1747 1762 ferrent,
1769 1727 1816 1755 de-

1023 1786 1096 1805 inum
1119 1778 1293 1813 parturientis
1308 1784 1382 1804 more
1394 1776 1472 1812 gestit
1492 1776 1643 1810 irrumpere
1658 1775 1683 1802 in
1699 1774 1815 1802 fornica-

1025 1830 1111 1852 torem
1127 1833 1134 1851 :
1151 1828 1185 1851 et‘
1202 1823 1271 1850 sicut
1292 1823 1432 1858 ingruente
1455 1825 1631 1856 tempestate,
1646 1825 1818 1856 praecurrunt

1024 1870 1109 1897 nubes
1119 1869 1240 1904 quaedam
1251 1873 1333 1900 atraz;
1348 1867 1445 1895 deinde
1459 1871 1518 1902 post
1528 1867 1673 1894 tonitruum
1685 1866 1816 1901 fragorem

1024 1921 1051 1944 ct
1068 1919 1209 1951 postquam
1227 1915 1321 1942 caelum
1336 1921 1388 1941 una
1405 1914 1489 1941 nubes
1504 1912 1601 1940 factum
1623 1917 1683 1945 est,
1708 1917 1770 1939 tunc
1789 1912 1816 1938 in

1025 1967 1126 1990 terram
1150 1961 1289 1989 confertim
1313 1959 1429 1994 erumpit
1454 1958 1560 1993 pluvia;
1576 1958 1671 1985 eodem
1692 1957 1771 1984 modo
1790 1961 1818 1984 et

1026 2014 1089 2036 tunc
1102 2008 1208 2036 accidit.
1225 2007 1291 2034 Nam
1305 2013 1365 2034 cum
1378 2009 1470 2040 posset
1482 2012 1542 2032 cum
1558 2003 1738 2038 indignatione
1749 2002 1818 2030 mul-

1027 2061 1052 2083 ta
1067 2062 1147 2090 agere
1161 2055 1186 2081 iii
1203 2053 1390 2081 t'ornicatorem
1403 2073 1410 2085 ,
1424 2059 1477 2078 non
1492 2051 1526 2078 ita
1542 2051 1596 2085 agit
1608 2050 1678 2083 ;‘sed
1695 2050 1816 2081 priemis-

1027 2102 1064 2129 sis
1078 2100 1241 2129 terribilibus
1251 2099 1340 2126 verbis
1348 2098 1406 2133 ejus
1416 2101 1547 2124 tumorem
1556 2096 1684 2130 reprimit.
1694 2093 1819 2128 Quando~

1027 2147 1135 2182 quidem
1150 2145 1248 2180 duplex
1269 2144 1361 2172 aderat
1377 2148 1532 2178 peccatum,
1548 2140 1687 2168 fornicatio
1703 2148 1796 2175 nempe
1807 2161 1816 2174 ,

1027 2199 1054 2222 et
1066 2193 1242 2221 fornicatione
1257 2191 1333 2226 pejus
1347 2190 1430 2222 aliud,
1442 2189 1512 2224 quod
1523 2187 1625 2215 scilicet
1639 2187 1705 2214 tanti
1718 2187 1818 2221 peccati

1027 2248 1081 2267 non
1097 2239 1240 2275 pceniterct
1260 2238 1357 2272 ipsum.
1380 2235 1438 2264 Non
1452 2235 1523 2263 enim
1547 2234 1582 2261 ita
1597 2237 1763 2268 peccatorein
1778 2232 1820 2258 Ιιιι-

1027 2291 1090 2322 get,
1107 2290 1135 2313 ut
1149 2288 1315 2320 peceatorcm
1331 2290 1385 2310 non
1407 2281 1579 2316 pmuitentem
1596 2289 1602 2306 :
1618 2279 1726 2314 Liigebo
1748 2278 1819 2305 enim

1030 2332 1128 2359 multos
1140 2351 1147 2364 ,
1163 2330 1267 2365 inquit,
1283 2336 1335 2356 non
1351 2335 1445 2356 eorum
1460 2331 1560 2354 tantum
1575 2325 1620 2361 qui
1636 2326 1709 2360 prius
1723 2331 1820 2359 pecca-

1028 2383 1112 2411 runt,
1128 2376 1175 2404 sed
1191 2383 1284 2404 eorum
1302 2374 1345 2410 qui
1360 2373 1542 2409 paenitentiam
1565 2379 1618 2398 non
1641 2374 1753 2406 egerunt
1764 2390 1771 2402 ,
1786 2369 1821 2397 de

1028 2423 1193 2458 impudicitia
1207 2426 1233 2449 et
1254 2421 1288 2449 de
1309 2419 1475 2447 immiinditia
1495 2425 1574 2453 quam
1589 2417 1754 2444 admiserunt
1767 2416 1777 2450 (
1790 2415 1819 2442 (Ξ.

1028 2469 1087 2497 Cor.
1105 2468 1232 2504 12121).
1257 2467 1323 2494 Nam
1348 2466 1394 2501 qui
1417 2469 1478 2501 post
1501 2468 1639 2499 peccatum
1664 2462 1821 2498 pcenitentia

1030 2515 1112 2542 utitur
1123 2535 1131 2547 ,
1148 2522 1202 2542 non
1223 2513 1318 2548 dignus
1331 2517 1372 2539 est
1393 2511 1438 2546 qui
1454 2511 1592 2545 lugeatur,
1607 2509 1653 2537 sed
1669 2510 1712 2544 qui
1722 2509 1822 2536 beatus

1028 2560 1208 2596 praedicetur,
1226 2562 1317 2593 utpote
1332 2558 1375 2592 qui
1390 2557 1415 2584 in
1428 2555 1684 2591 justorum'cliorum
1706 2554 1821 2582 transla-

1029 2611 1071 2634 tus
1085 2606 1129 2633 sit.
1146 2605 1194 2632 Dic
1210 2606 1276 2631 enim
1290 2609 1317 2630 tu
1331 2604 1416 2638 prius,
1434 2603 1519 2637 inquit
1532 2623 1539 2635 ,
1553 2601 1698 2636 iniquitates
1714 2606 1780 2631 tuas,
1795 2602 1822 2626 ut

1026 2652 1176 2689 justiﬁceris
1191 2650 1267 2686 (Iani.
1285 2651 1328 2678 45.
1345 2649 1403 2685 20).
1419 2648 1448 2676 Si
1468 2653 1556 2676 autem
1571 2652 1711 2682 postquam
1728 2652 1822 2681 pecca-

1031 2699 1086 2732 vit,
1102 2698 1271 2732 iinpudenter
1284 2700 1363 2731 agat,
1389 2703 1443 2723 non
1466 2696 1501 2722 ita
1522 2694 1755 2723 commiseratione
1776 2691 1820 2718 di-

1029 2751 1099 2779 gnus
1112 2748 1154 2770 est
1168 2742 1237 2777 quod
1252 2742 1396 2774 ceciderit,
1409 2749 1489 2776 quam
1503 2740 1573 2776 quod
1587 2741 1676 2774 lapsus
1686 2739 1784 2774 jaceat.

1068 2791 1095 2817 5.
1111 2789 1189 2823 Quod
1204 2789 1226 2816 si
1242 2793 1301 2824 post
1313 2793 1450 2823 peccatum
1465 2782 1517 2814 noii
1534 2786 1664 2822 pmnitere
1677 2792 1757 2820 grave
1768 2789 1821 2815 est.

1033 2836 1066 2864 de
1088 2835 1212 2862 admissis
1227 2834 1344 2869 peccatis
1365 2834 1543 2860 intumescere
1564 2835 1690 2867 quantum
1705 2835 1824 2857 tueretur

1033 2881 1217 2918 supplicium?
1228 2880 1293 2908 Nam
1311 2880 1333 2907 si
1346 2880 1369 2908 is
1379 2900 1386 2914 ,
1401 2880 1445 2916 qui
1459 2879 1492 2907 de
1503 2882 1575 2907 recte
1588 2877 1663 2905 factis
1676 2876 1819 2909 extollitur,
