2041 3111
229 178 258 207 91
587 177 616 206 5.
635 175 772 205 JOANNIS
796 169 1034 202 CHRYSDSTOMI
1059 169 1217 201 ARCIUEP-
1236 168 1503 200 CONSTANTINOP.
1831 172 1866 199 91

230 237 383 265 immundus
396 240 454 269 est;
476 236 522 271 qui
537 236 572 263 de
590 235 706 270 peccatis
720 232 843 264 inflatur,
860 236 939 266 quam
951 235 1018 257 con-

230 288 358 318 sequetur
373 283 498 310 veniam?
512 282 578 317 Quia
589 288 653 316 ergo
672 280 732 311 talis
745 282 803 306 erat
816 277 979 306 fornicator.
995 278 1023 304 et

230 330 346 357 animam
362 337 409 364 per
431 334 567 364 peccatum
584 328 619 354 ita
640 325 802 362 petulantem
815 329 842 351 et
855 324 1022 359 pervicacem

233 375 399 409 reddiderat,
411 374 562 402 necessario
575 373 633 408 ejus
645 372 741 399 fastum
756 371 841 406 primo
854 369 955 404 dejicit.
970 368 1022 396 Ne-

231 431 284 457 qtte
303 422 353 449 hoc
367 421 470 448 crimen
486 421 572 455 primo
585 418 659 453 ponit
669 439 676 449 ,
690 421 720 445 ut
733 425 766 444 ne
784 417 828 444 ille
840 421 920 444 exuat
934 415 1022 451 pudo-

233 475 300 499 rem,
311 475 343 495 eo
353 466 424 502 quod
436 471 498 492 ante
508 465 576 492 alios
588 469 728 491 accusetur
740 471 747 496 ;
759 470 846 497 neque
856 466 1021 497 postremum

233 514 310 540 illum
335 512 427 546 ponit,
442 516 470 538 ut
487 518 520 538 ne
536 514 611 545 putet
634 509 677 536 ille
698 517 755 536 rem
776 516 851 536 suam
864 512 894 535 ut
914 507 1023 535 levioris

231 558 360 588 momenti
375 557 451 592 quasi
466 556 539 584 aliud
554 555 659 591 agendo
674 554 780 587 tractari
794 563 800 581 :
816 553 862 581 sed
876 560 936 581 cum
950 553 1023 587 prius

232 603 281 635 ipsi
296 603 407 633 multum
420 601 576 628 incussisset
589 601 711 633 timorem
725 607 758 627 ex
768 598 873 631 dicendi
887 598 1021 630 libertate,

231 657 282 684 qua
296 652 389 675 contra
409 647 476 675 alios
499 654 562 674 usus
582 650 641 679 est,
667 650 729 673 tunc
751 645 826 674 illum
849 643 1020 679 aggreditur,

233 699 373 729 postquam
384 693 445 728 ejus
456 693 634 728 arrogantiam
646 699 694 726 per
703 692 815 719 aliorum
827 690 1022 720 correctionem

232 741 307 776 prius
320 740 514 775 exagitaverat.
529 740 591 768 Huic
606 739 677 767 enim
691 739 746 773 ipsa
765 737 846 765 verba
858 757 865 769 ,
883 736 956 767 Nihil
972 735 1022 762 mi-

233 787 260 813 Iti
274 786 388 813 conscius
401 794 475 818 tum;
493 785 538 813 aed
550 793 601 817 non
615 785 640 813 in
656 784 702 811 hoc
715 783 874 819 justi/iaetu:
886 790 943 809 sum
955 791 964 814 ,'
977 785 1004 809 et
1014 801 1021 813 .

235 832 284 865 Qui
293 833 395 868 judieat
414 839 453 859 me
463 852 471 866 ,
487 831 611 861 Dominus
623 834 659 857 est
671 850 678 866 ,
692 830 735 864 qui
754 834 778 859 et
802 827 956 859 illumth
977 827 1023 856 ab-

233 879 347 907 scondita
361 878 517 906 tenebrarum
529 897 536 909 ,
553 881 575 907 et
588 875 758 911 manifestahit
768 875 876 906 consilia
885 874 1000 906 toralium
1014 894 1022 907 ,

236 931 288 954 non
301 923 396 952 leviter
408 927 435 951 et
445 929 506 951 eum
517 927 546 952 et
556 929 617 954 eos,
633 922 678 957 qui
690 921 740 956 ipsi
755 920 952 955 applaudebant
962 927 1024 952 sun-

235 974 346 1003 etosque
360 967 553 1002 despiciebant,
565 967 732 1002 perstringit.
745 966 813 1000 Quid
827 966 911 1000 enim.
926 966 1021 1001 inquit,

234 1014 257 1043 si
272 1013 379 1048 quidam
399 1013 567 1047 extrinsecus
591 1012 688 1044 virtute
704 1012 806 1046 praediti
825 1016 853 1039 et
875 1011 1024 1045 admirandi

233 1060 387 1095 apparent?
401 1058 459 1087 Non
472 1059 507 1088 de
520 1059 699 1091 exterioribus
714 1063 816 1091 tantum
831 1058 881 1091 fert
893 1057 1024 1093 judicium

234 1106 278 1138 ille
289 1105 381 1142 jttdex,
393 1105 440 1134 sed
450 1105 530 1135 etiam
541 1112 638 1137 arcana
653 1105 679 1132 in
692 1104 810 1137 medium
823 1103 940 1137 adducit.
955 1103 1024 1135 Dua-

234 1151 284 1179 bus
299 1159 380 1187 ergo,
395 1151 437 1179 vel
454 1151 542 1186 potius
558 1151 641 1178 tribus
671 1150 706 1177 de
728 1150 816 1184 causis
829 1149 958 1184 judicium
974 1156 1024 1176 ηο-

234 1201 318 1229 strnm
328 1201 480 1228 accuratum
495 1204 547 1228 non
557 1201 598 1230 est
608 1204 615 1229 ;
627 1196 713 1231 primo
727 1195 798 1231 quia.
811 1195 916 1223 etiamsi
927 1194 1025 1222 nullius

236 1242 337 1276 peccati
358 1242 436 1274 nobis
456 1241 557 1269 conscii
573 1241 675 1273 simus,
697 1248 764 1276 opus
787 1245 874 1270 tamen
897 1239 1026 1267 habemus

235 1295 286 1320 eo,
299 1288 343 1322 qui
364 1292 470 1323 peccata
493 1291 583 1314 nostra
610 1291 733 1315 accurate
757 1291 866 1321 arguai:
887 1285 1023 1319 secundo,

235 1334 296 1368 quia
313 1341 344 1367 es
360 1333 391 1360 iis
406 1341 464 1368 quae
480 1334 546 1364 fiunt
565 1333 693 1368 pleraque
706 1339 755 1366 nos
768 1332 867 1364 latent;
886 1332 965 1365 tertio
978 1332 1026 1360 de-

237 1386 307 1411 mum
318 1399 326 1411 ,
349 1379 410 1413 quia
425 1378 507 1412 multa
521 1378 633 1409 aliorum
647 1381 723 1415 gesta
738 1377 815 1407 nobis
832 1377 939 1417 quidem
955 1377 1025 1408 bona

235 1423 373 1456 videntur,
396 1423 444 1455 sed
475 1430 528 1455 non
551 1430 584 1451 ex
611 1427 683 1450 recta
706 1422 840 1457 sententia
865 1422 1024 1458 procedunt.

236 1469 305 1503 Quid
320 1477 383 1504 ergo
398 1469 502 1505 dicitis,
518 1469 566 1497 llle
583 1474 630 1497 aut
642 1469 687 1497 ille
700 1469 766 1503 nihil
787 1469 927 1504 peccavit,
940 1474 968 1497 et
983 1469 1026 1500 hic

237 1517 283 1543 illo
298 1516 392 1544 melior
404 1516 463 1543 est?
478 1515 535 1543 Hoc
546 1516 618 1547 enim
631 1523 684 1549 non
700 1515 761 1544 licet
776 1516 960 1555 pronuntiare,
976 1523 1026 1544 ne-

236 1570 289 1597 que
302 1561 336 1595 de
356 1562 401 1595 illo
412 1582 420 1594 ,
442 1562 486 1599 qui
501 1561 600 1595 nullius
621 1561 671 1589 sibi
686 1561 808 1594 conscius
832 1565 891 1589 est:
906 1569 966 1591 nam
981 1563 1026 1597 qui

236 1616 333 1636 arcana
354 1608 474 1643 judicat,
489 1608 535 1636 ille
559 1612 600 1636 est
621 1608 665 1643 qui
681 1613 806 1636 accurate
818 1607 931 1643 iudicat.
956 1608 1027 1640 Ecce

237 1655 336 1689 igitur,
351 1662 401 1688 ego
422 1654 488 1684 nihil
504 1653 568 1687 mihi
590 1653 713 1681 conscius
731 1661 790 1687 sum
806 1662 813 1686 ;
828 1653 874 1681 sed
888 1661 975 1689 neque
990 1654 1026 1681 ita

235 1700 394 1735 jttstiticatus
408 1707 468 1728 sum
482 1709 489 1726 :
507 1699 558 1727 hoc
572 1703 614 1727 est
626 1720 633 1732 ,
650 1699 708 1730 Non
729 1706 786 1731 sum
803 1707 818 1732 a
839 1699 972 1734 reddenda
984 1708 1026 1728 ra-

237 1746 308 1780 tione
321 1750 348 1773 et
362 1753 377 1779 a
391 1745 503 1780 crimine
517 1745 653 1779 liberatus.
665 1745 723 1774 Non
734 1746 804 1774 enim
819 1745 869 1774 hoc
885 1746 1025 1781 dicit,Non

237 1792 264 1824 ip
281 1799 392 1825 numero
412 1796 440 1819 et
453 1791 691 1824 ordinejustorum
712 1798 787 1825 sum;
811 1792 878 1830 sed,
894 1791 952 1819 Non
966 1799 1024 1820 sum

236 1838 351 1872 mundus
365 1845 380 1870 a
392 1842 510 1873 peccato.
526 1837 592 1871 Nam
603 1837 666 1871 alibi
681 1837 718 1865 ait
730 1846 736 1864 :
752 1838 802 1870 Qui
814 1842 898 1870 autem
911 1843 1026 1868 martum

235 1888 289 1917 est,
300 1883 457 1919 jttstiﬁcatus
469 1888 504 1918 est
517 1888 646 1920 apeccato
667 1882 753 1918 (Rata.
773 1883 799 1910 6.
814 1883 842 1918 ’1)
857 1892 863 1909 :
879 1883 903 1910 id
916 1888 958 1911 est
968 1903 975 1915 ,
991 1883 1024 1910 li-

236 1930 342 1962 beratus
358 1934 407 1957 est.
422 1929 502 1963 Multa
521 1937 585 1963 vero
598 1928 729 1967 facimus,
751 1936 811 1965 qua:
833 1929 902 1959 bona
918 1929 1025 1965 quidem

235 1980 312 2009 sunt.
326 1975 373 2009 sed
394 1983 447 2003 non
471 1983 504 2013 ex
526 1980 597 2003 recta
621 1975 754 2009 sententia
776 1975 934 2010 procedunt.
959 1975 1025 2006 Nam

235 2022 333 2055 multos
347 2021 502 2055 laudamus,
519 2029 572 2056 pop
586 2026 615 2052 ut
628 2022 689 2049 illos
700 2021 857 2057 splendidos
872 2022 1023 2056 reddamus,

234 2066 282 2095 sed
304 2071 332 2101 ut
347 2074 394 2102 per
417 2067 479 2094 illos
492 2067 560 2094 alios
575 2066 714 2101 quospiam
730 2066 909 2095 mordeamus.
927 2068 1026 2097 Et’res

234 2113 341 2148 quidem
355 2113 410 2148 ipsa
433 2121 479 2149 per
503 2120 532 2147 se
549 2112 618 2139 bona
634 2116 691 2145 est;
708 2112 831 2140 laudatur
850 2113 921 2141 enitn
937 2114 959 2141 is
980 2114 1026 2149 qui

234 2164 307 2187 recte
319 2159 397 2190 fecit;
412 2159 458 2186 sed
473 2166 549 2186 mens
569 2158 700 2189 laudantis
717 2163 841 2199 corrupta
858 2164 917 2188 est:
934 2167 968 2188 ex
980 2167 1026 2187 sa-

237 2206 323 2238 tanica
337 2206 408 2233 enim
424 2205 555 2237 sententia
568 2204 697 2240 procedit.
710 2205 767 2239 Non
783 2206 853 2238 enim
873 2205 949 2239 fratri
962 2213 1025 2241 gra-

234 2253 322 2283 tttlans
331 2272 338 2283 ,
353 2251 400 2281 sed
414 2251 496 2285 alium
509 2250 594 2285 ferire
606 2251 716 2289 cupiens
729 2251 781 2283 hoc
793 2259 865 2293 saepe
877 2252 936 2288 quis
950 2252 1024 2280 fecit.

233 2299 336 2329 Rursus
348 2297 478 2332 quispiam
488 2297 591 2332 grande
601 2296 707 2330 admisit
718 2302 869 2332 peccatum;
882 2297 950 2330 alius
961 2305 1026 2325 vero

237 2345 323 2379 ipsum
338 2343 508 2378 supplantare
522 2343 629 2374 volens,
645 2342 710 2375 nihil
724 2343 817 2375 fecisse
830 2342 910 2375 dicit,
926 2347 952 2370 et
964 2350 1025 2370 eon-

235 2390 337 2419 solatur
351 2395 411 2422 ettm
426 2392 596 2427 peccantem,
608 2388 640 2415 ad
654 2396 823 2418 communem
835 2392 936 2421 natura:
947 2396 1024 2416 usum

233 2435 406 2469 confugiens:
426 2442 517 2467 verum
532 2441 603 2470 szepc
627 2441 681 2461 non
702 2433 773 2469 quod
788 2433 928 2468 ignoscere
941 2434 1024 2467 velit,

233 2481 280 2514 sed
294 2486 323 2514 ut
335 2481 484 2516 segniorem
499 2481 572 2511 illttm
584 2479 681 2510 reddat
695 2480 744 2507 hoc
757 2479 826 2506 facit.
843 2479 957 2512 Rursum
972 2487 1024 2508 sm-

232 2535 265 2562 pe
284 2527 408 2562 corripit.
431 2535 483 2554 non
498 2531 525 2553 ut
537 2532 630 2564 arguat
648 2530 676 2553 et
689 2530 812 2557 moneat,
833 2525 880 2554 sed
893 2530 921 2553 ut
935 2526 1024 2566 proxi-

232 2574 268 2601 mi
289 2579 425 2608 peocatum
448 2573 555 2608 publice
586 2572 679 2602 efferat
702 2577 728 2600 et
757 2572 886 2604 traducat.
909 2571 1024 2604 Consilia

231 2624 320 2650 autem
336 2619 457 2650 homines
476 2626 529 2646 non
548 2623 664 2653 norunt;
679 2619 723 2653 qui
741 2618 821 2646 corda
834 2625 898 2646 vero
921 2623 1024 2650 seruta-

231 2672 291 2700 tttr,
304 2671 428 2695 accurate
438 2667 503 2699 scit,
519 2671 546 2694 et
560 2666 604 2693 illa
625 2665 714 2692 omnia
729 2669 791 2692 tunc
806 2664 831 2691 in
845 2664 962 2694 medium
977 2664 1022 2692 ad—

229 2712 318 2744 ducet.
335 2712 448 2747 Ideoque
461 2712 567 2739 dicebat
579 2720 586 2737 τ
606 2711 656 2744 Qui
669 2715 692 2737 et
708 2709 862 2737 illttmittabit
875 2710 1023 2741 abscondita

230 2759 388 2791 tepeltrarum
401 2780 407 2792 ,
424 2765 448 2785 et
469 2758 642 2792 manifestabit
656 2757 763 2785 consilia
777 2757 902 2787 cet-diuiti.

268 2804 388 2832 Homines
416 2812 492 2839 quant
509 2804 634 2839 falluntur
654 2803 680 2829 in
690 2802 805 2839 judict't't.
821 2818 856 2822 —
868 2802 933 2832 Cum
945 2810 1020 2838 ergo,

231 2851 339 2885 quando
350 2851 431 2881 etiam
447 2850 512 2877 nihil
529 2849 605 2877 nobis
617 2849 719 2877 conscii
733 2849 954 2883 sumus,crimine
963 2849 1022 2884 puri

230 2904 288 2926 esse
303 2906 357 2926 non
377 2896 520 2932 possimus,
532 2900 628 2924 etcum
644 2895 741 2931 aliquid
764 2894 827 2924 boni
841 2894 955 2931 agimus,
972 2901 1021 2922 nec

1081 234 1145 254 vero
1158 234 1191 254 ex
1201 230 1274 259 recta
1289 226 1372 259 animi
1385 227 1517 259 sententia
1534 227 1654 265 agimus,
1669 228 1800 262 supplicio
1814 229 1864 258 ob-

1076 273 1149 305 noxii
1162 273 1262 303 simus:
1277 273 1363 308 cogita
1373 280 1453 308 quam
1469 273 1592 306 fallantur
1605 273 1728 309 homines
1750 275 1776 303 in
1794 275 1866 311 judi-

1075 319 1134 347 ciis.
1151 318 1214 346 Haec
1239 319 1338 354 quippe
1351 319 1440 346 omnia
1454 327 1507 346 non
1523 324 1635 354 possunt
1650 320 1772 353 homines
1788 329 1865 350 asse-

1076 364 1132 398 qui,
1145 364 1191 396 sed
1204 364 1250 392 ille
1265 369 1366 397 tantum
1379 372 1523 399 numquam
1535 365 1674 393 dormiens
1684 366 1780 398 oculus
1792 387 1799 394 .
1814 367 1865 397 etsi

1077 409 1198 441 homines
1209 409 1348 443 fallamus,
1364 409 1437 437 illum
1462 418 1605 445 numquam
1625 411 1800 446 decipiemus.
1827 412 1866 441 Ne

1076 455 1166 490 itaque
1185 455 1261 483 dicas
1272 476 1280 489 ,
1295 455 1426 488 Tenebrae
1438 460 1463 483 et
1476 457 1594 491 parietes
1608 457 1634 484 in
1648 458 1761 487 circuitu
1777 463 1838 486 sunt
1855 479 1865 492 ι

1075 501 1136 537 quis
1152 508 1195 528 me
1210 501 1307 534 videt?
1324 509 1384 528 nam
1405 502 1449 537 qui
1464 501 1539 535 finxit
1561 502 1697 537 sigillatim
1720 503 1800 532 corda
1820 512 1867 535 na-

1075 553 1143 579 stra,
1157 547 1214 579 ipse
1229 546 1318 573 omnia
1335 547 1409 574 novit
1425 555 1431 573 :
1449 548 1565 582 tenebrae
1576 548 1647 580 enim
1659 549 1728 583 apud
1739 557 1800 582 cum
1811 558 1866 583 pun

1076 591 1299 625 obscurabuntur.
1315 592 1398 619 Recte
1411 597 1501 620 autem
1515 593 1579 626 dicit
1592 594 1615 621 is
1630 594 1674 630 qui
1690 600 1799 629 peccat,
1815 595 1866 623 'l'eo

1076 637 1166 667 nebraa
1179 642 1206 669 et
1220 638 1335 672 parietes
1347 637 1375 666 in
1390 638 1503 670 circuitu
1516 646 1575 665 meo
1587 631 1660 671 sunt.
1674 631 1731 667 Nisi
1747 641 1817 668 enim
1840 642 1867 669 in

1076 688 1165 710 mente
1177 683 1235 718 ejus
1249 683 1365 711 tenebrtc
1376 689 1478 719 essent,
1492 693 1544 712 non
1557 686 1606 719 sic,
1622 686 1709 721 ejecta
1728 687 1774 715 Dei
1787 688 1866 719 timo-

1076 737 1115 766 re,
1129 737 1189 757 eum
1201 730 1324 757 libertate
1338 730 1363 758 id
1373 729 1491 758 fecisset.
1508 730 1573 764 Nam
1590 723 1725 767 nisiprius
1738 733 1791 763 dux
1804 734 1864 764 ani.

1076 775 1336 808 musobtenebratns
1348 776 1438 809 fuerit,
1469 782 1606 812 peccatum
1618 785 1678 810 eum
1703 779 1796 810 fiducia
1825 780 1867 807 in-

1075 822 1150 858 gredi
1164 830 1217 856 non
1233 826 1330 857 potest.
1344 822 1381 850 Ne
1392 830 1457 858 ergo
1472 823 1563 855 dicas:
1577 825 1643 863 Quis
1658 833 1700 858 me
1712 826 1809 859 videt?
1824 831 1867 855 est

1076 869 1147 902 enim
1175 868 1219 903 qui
1246 873 1366 905 penetrat
1390 877 1473 904 usque
1494 870 1527 903 ad
1549 871 1665 905 animam
1680 877 1707 903 et
1721 873 1866 909 spiritum,

1076 922 1272 951 compagesque
1282 921 1310 942 et
1324 915 1454 949 medullas
1466 926 1472 943 :
1487 917 1534 945 sed
1543 921 1570 945 tu
1584 921 1610 946 te
1621 918 1708 957 ipsum
1719 927 1771 948 non
1781 921 1869 957 vides,

1077 969 1127 995 nec
1150 966 1223 997 potes
1252 962 1349 994 nubem
1370 962 1525 997 dissecare;
1554 972 1646 999 verum
1669 973 1701 997 ac
1719 966 1741 994 si
1762 975 1867 995 murum

1078 1008 1194 1044 undique
1208 1007 1425 1044 circumpositum
1438 1009 1561 1043 haberes,
1576 1017 1630 1043 non
1643 1016 1718 1050 potes
1731 1012 1764 1045 ad
1773 1013 1868 1045 ett-lum

1077 1061 1221 1088 respicere.

1112 1101 1140 1130 ι.
1170 1100 1360 1135 Forniaatianic
1377 1102 1482 1137 spiritu
1501 1108 1619 1131 eumut.
1640 1118 1677 1130 q—
1697 1104 1772 1138 Quod
1795 1105 1868 1134 enim

1079 1149 1218 1181 peccatum
1231 1147 1272 1173 vis
1291 1146 1366 1181 prius
1388 1147 1596 1176 examinemus?
1618 1154 1646 1177 et
1658 1149 1697 1183 sit;
1709 1149 1807 1181 factum
1822 1151 1869 1178 ad-

1078 1192 1245 1227 missumque
1257 1191 1341 1220 fuisse
1358 1192 1472 1223 videbis.
1493 1194 1722 1232 Quemadmodum
1745 1196 1816 1225 enim
1827 1197 1868 1224 la-

1079 1241 1206 1271 troneset
1219 1245 1358 1267 murorum
1384 1238 1537 1272 effossores,
1561 1248 1622 1269 cum
1636 1241 1699 1276 quid
1718 1243 1866 1276 pretiosum

1078 1283 1184 1317 auferre
1200 1284 1293 1317 volunt
1306 1305 1314 1323 ,_
1329 1284 1462 1315 exstincta
1488 1285 1597 1314 lucerna
1619 1286 1670 1317 hoc
1691 1293 1844 1322 perpetrant
1860 1297 1868 1315 :

1079 1330 1117 1363 sic
1132 1329 1157 1357 in
1170 1329 1286 1364 peccatis
1313 1329 1378 1362 facit
1391 1334 1516 1365 corrupta
1532 1331 1612 1363 ratio.
1635 1325 1779 1366 Etenim’in
1791 1333 1871 1365 nobis

1079 1382 1183 1415 quoque
1200 1376 1247 1409 lu;
1260 1380 1301 1409 est
1313 1376 1480 1410 rationabilis
1493 1383 1601 1412 semper
1611 1378 1720 1406 ardens.
1736 1378 1763 1406 Si
1779 1383 1869 1406 autem

1079 1422 1189 1461 spiritus,
1219 1421 1406 1455 fornicationis
1428 1430 1490 1456 cum
1515 1416 1616 1458 impetu
1645 1432 1742 1460 magno
1765 1425 1870 1453 irruens

1079 1466 1214 1501 flammam
1229 1467 1302 1495 illam
1328 1469 1497 1503 exstinxerit,
1510 1470 1601 1503 statim
1624 1470 1740 1505 animam
1760 1471 1871 1503 obtene—

1079 1513 1149 1549 brat.
1165 1519 1301 1556 expunat
1315 1520 1341 1543 et
1355 1516 1444 1543 omnia
1456 1524 1516 1551 quae
1542 1517 1640 1550 adsunt
1653 1518 1743 1551 statim
1766 1518 1870 1554 diripit.

1079 1560 1147 1590 Cum
1160 1561 1231 1591 enim
1245 1561 1334 1593 anima
1349 1570 1363 1590 a
1381 1562 1480 1595 lasciva
1501 1564 1717 1598 concupiscentia
1744 1566 1849 1600 capitur
1861 1586 1869 1598 ,

1079 1609 1109 1633 ut
1122 1606 1210 1639 nubes
1222 1610 1250 1635 et
1268 1606 1355 1644 caligo
1368 1608 1489 1644 corporis
1509 1609 1612 1643 oculos,
1636 1610 1670 1638 ita
1692 1611 1788 1643 mentis
1809 1602 1870 1647 pro?

1079 1652 1209 1693 spiciendi
1221 1652 1372 1684 facultatem
1383 1661 1527 1689 occupans,
1541 1655 1606 1685 nihil
1620 1656 1684 1685 sinit
1696 1657 1787 1692 videre
1801 1658 1871 1686 ulte-

1079 1697 1144 1734 rius,
1162 1705 1214 1728 non
1228 1699 1414 1734 prmcipitium,
1427 1706 1479 1733 non
1492 1701 1653 1735 gehennam,
1671 1710 1723 1735 non
1735 1703 1868 1742 timorem,

1079 1743 1127 1770 sed
1141 1744 1174 1771 ab
1189 1743 1240 1777 illis
1253 1744 1357 1775 insidiis
1373 1745 1511 1780 tyrannice
1524 1751 1652 1782 Occupata
1667 1748 1787 1782 demum,
1808 1757 1870 1785 pecs

1079 1793 1140 1816 cato
1161 1789 1246 1824 facilis
1273 1795 1426 1826 expugnata
1452 1791 1542 1826 evadit
1559 1801 1566 1820 :
1582 1797 1609 1820 et
1627 1793 1696 1826 sicut
1711 1794 1798 1829 paries
1812 1786 1871 1830 sine

1079 1835 1206 1869 fenestris
1220 1841 1283 1864 ante
1295 1838 1387 1865 oculos
1409 1838 1540 1866 excitatus
1553 1847 1605 1866 non
1619 1840 1683 1866 sinit
1705 1840 1808 1867 radium
1828 1841 1871 1876 ju-

1078 1882 1159 1913 stitite
1178 1883 1259 1913 menti
1275 1882 1377 1916 lucere,
1392 1883 1518 1917 absurdis
1530 1884 1648 1912 libidinis
1665 1886 1872 1920 cogitationibus

1080 1929 1165 1970 ipsam
1176 1928 1292 1963 undique
1307 1929 1477 1964 cingentibus
1490 1938 1497 1962 ;
1512 1935 1538 1962 et
1553 1934 1615 1957 tunc
1628 1932 1745 1959 occurrit
1761 1931 1797 1958 illi
1811 1939 1870 1959 me-

1079 1974 1162 2008 retrix
1177 1979 1238 2001 ante
1254 1974 1355 2007 oculos,
1370 1979 1433 2008 ante
1446 1980 1562 2002 mentem
1574 1997 1582 2009 ,
1608 1981 1671 2007 ante
1693 1977 1871 2011 cogitationes

1079 2024 1153 2050 stans
1166 2023 1355 2054 etapparens;
1379 2027 1410 2047 ac
1429 2020 1654 2056 quemadmodum
1679 2015 1744 2048 caeci
1761 2022 1785 2049 in
1810 2022 1870 2058 ipso

1078 2065 1189 2099 meridie
1204 2065 1253 2092 sub
1267 2066 1325 2093 caeli
1341 2065 1429 2093 medio
1440 2070 1541 2094 stantes
1557 2067 1643 2094 lucem
1655 2075 1707 2094 non
1719 2068 1867 2103 excipiunt,

1078 2112 1178 2145 clausis
1189 2111 1240 2142 sibi
1253 2111 1356 2139 oculis:
1371 2112 1410 2139 sic
1425 2116 1452 2139 et
1462 2112 1511 2147 illi,
1527 2112 1577 2140 etsi
1591 2113 1729 2146 innumera
1751 2114 1871 2149 undique

1079 2157 1143 2192 ipsis
1167 2156 1294 2184 insoneut
1315 2157 1441 2185 salutaria
1462 2157 1598 2193 dogmata,
1610 2159 1697 2185 anima
1710 2159 1761 2186 hoc
1775 2160 1870 2188 morbo

1079 2206 1212 2237 carrepta,
1230 2203 1281 2230 illis
1292 2203 1416 2232 omnibus
1430 2204 1519 2231 verbis
1532 2211 1611 2232 aures
1625 2205 1776 2232 obstruunt.
1788 2204 1870 2240 quue

1079 2248 1162 2290 probe
1176 2248 1266 2281 sciunt
1277 2248 1306 2282 ii,
1322 2249 1368 2289 qui
1384 2256 1441 2276 rem
1454 2250 1560 2284 experti
1574 2254 1646 2277 sunt.
1666 2250 1764 2278 Verum
1779 2250 1868 2284 absit,

1079 2298 1108 2320 ut
1123 2301 1170 2321 vos
1182 2293 1208 2322 id
1222 2294 1385 2328 experientia
1410 2294 1569 2322 didiceritis.
1597 2295 1689 2330 Neque
1708 2295 1759 2323 hoc
1780 2296 1869 2324 solum

1079 2345 1217 2375 peccatum
1232 2341 1258 2368 id
1272 2340 1352 2374 facit,
1369 2341 1415 2368 scd
1433 2341 1513 2369 etiam
1533 2342 1619 2377 quivis
1629 2341 1698 2370 alius
1716 2350 1793 2369 amor
1805 2350 1868 2377 pra-

1078 2395 1137 2414 VUS.

1116 2433 1288 2463 Pecuniarttm
1310 2443 1382 2461 amor
1396 2439 1490 2470 quanta
1504 2435 1572 2462 mala
1587 2436 1680 2473 pariat.
1695 2451 1731 2457 -—
1742 2436 1869 2464 Transfe-

1078 2487 1168 2507 ramus
1181 2480 1264 2512 enim,
1276 2479 1297 2506 si
1315 2480 1411 2514 placet.
1424 2487 1575 2508 sermonem
1591 2488 1605 2507 a
1621 2481 1764 2510 meretrice
1775 2482 1808 2509 ad
1820 2490 1868 2517 pe-

1078 2526 1181 2559 cunias,
1202 2531 1229 2553 et
1247 2526 1290 2552 hic
1312 2534 1418 2561 quoque
1444 2526 1591 2554 videbimus
1615 2527 1712 2559 densas
1732 2528 1867 2556 tenebras.

1079 2573 1134 2600 lllic
1145 2573 1215 2601 enim
1230 2573 1300 2607 quod
1316 2581 1366 2600 una
1378 2578 1479 2600 tantum
1491 2573 1525 2600 sit
1538 2574 1647 2606 amasia,
1661 2575 1686 2601 itt
1701 2582 1754 2601 uno
1765 2575 1867 2603 inclusa

1078 2618 1148 2650 loco,
1164 2625 1215 2645 non
1229 2618 1264 2645 ita
1288 2618 1434 2647 vehemens
1452 2623 1493 2646 est
1506 2619 1616 2650 morbus
1628 2628 1634 2646 :
1647 2619 1672 2653 in
1686 2620 1806 2659 pecuniis
1817 2628 1864 2648 au-

1078 2669 1143 2698 tem,
1160 2671 1220 2698 qua:
1244 2664 1341 2699 ubique
1362 2668 1502 2699 apparent,
1512 2665 1538 2698 ip
1560 2666 1719 2705 argentariis
1741 2666 1865 2698 ofﬁcinis.

1077 2709 1103 2737 in
1119 2710 1286 2742 diversoriis,
1300 2710 1326 2737 in
1340 2710 1498 2747 aurificiuis,
1514 2711 1539 2738 in
1552 2711 1664 2742 divitum
1680 2712 1784 2739 aedibus
1797 2733 1804 2744 ,
1819 2720 1867 2740 ve-

1078 2756 1189 2783 hemens
1208 2756 1292 2790 spirat
1307 2764 1393 2789 amor.
1417 2757 1530 2795 Quando
1544 2758 1615 2785 enim
1633 2766 1729 2799 pueros
1751 2758 1868 2793 superbe

1076 2807 1186 2837 agentes
1199 2802 1226 2829 in
1237 2801 1306 2836 foro,
1319 2810 1402 2838 equos
1413 2810 1480 2838 auro
1493 2809 1615 2839 onustos,
1629 2803 1752 2832 homines
1764 2804 1869 2839 magni-

1076 2847 1132 2876 ficis
1143 2849 1343 2883 ctsumptuosis
1362 2849 1481 2882 vestibus
1505 2853 1632 2883 ornatos,
1649 2849 1867 2885 concupiscentia

1077 2899 1164 2924 motus
1183 2894 1289 2923 videtis
1301 2895 1344 2930 qui
1358 2894 1409 2923 hoc
1419 2895 1512 2930 morbo
1531 2895 1675 2931 detinetur,
1692 2896 1782 2924 multis
1793 2900 1867 2930 tene-
