2041 3111
155 177 187 206 9’5
688 172 721 200 IN
740 170 848 199 EPlST.
865 169 875 197 l
898 168 944 196 AD
962 167 1039 196 COR.
1060 165 1174 195 HOMIL.
1196 166 1244 194 Xl.
1760 172 1795 201 94

157 235 209 263 bris
230 233 471 262 circumfunditur.
498 231 601 268 Ecquid
616 237 684 266 opus
697 229 839 257 estdicere
853 227 948 254 domos

156 287 181 310 et
190 281 358 315 argentarias
372 281 492 309 ofﬁcinas
502 280 513 306 ’ἔ
523 279 592 307 Puto
603 279 674 305 enim
688 277 747 304 illos
761 276 783 303 si
803 274 846 302 vel
860 274 886 301 in
895 273 949 307 pic~

157 333 213 356 tura
223 329 267 356 vel
279 329 306 356 in
323 329 441 364 imagine
461 328 566 355 divitias
589 326 649 353 illas
670 324 796 355 viderim,
809 319 924 354 discerpi
939 339 947 350 ,

155 373 260 402 elfcrari
276 375 341 402 etin
358 374 460 402 rabiem
474 373 540 401 verti
554 382 561 400 :
577 372 644 399 adeo
659 375 687 397 ut
700 369 816 403 undique
831 364 950 394 tenebris

156 418 341 446 olfundantur.
362 419 428 446 Nam
444 419 466 446 si
481 418 581 453 regiam
597 416 738 451 imaginem
763 411 949 448 conspiciant,

157 473 209 492 non
225 465 358 492 mirantur
373 464 523 500 lapillorum
536 462 831 498 pulchritudinem,uon
843 464 949 488 aurum,

157 518 208 538 non
223 516 326 537 vestem
341 517 511 545 purpuream,
529 509 576 536 sed
592 507 750 542 liqueﬁunt;
764 510 792 532 et
806 504 875 531 sicut
888 501 950 529 infe-

156 558 191 584 lix
203 558 247 585 ille
260 562 375 590 amator,
391 557 412 584 si
427 556 535 583 amasia:
546 555 688 589 imaginem
699 553 804 583 viderit,
820 551 953 578 inanima-

157 608 190 630 tae
212 603 251 630 rei
268 603 352 630 lueret
375 602 488 629 afﬁxus:
504 601 539 628 ita
553 605 580 627 et
596 600 639 627 hic
658 598 831 626 inanimatam
854 595 951 623 videns

157 649 312 675 divitiarum
327 648 481 682 imaginem,
498 646 548 673 hoc
563 646 650 680 ipsntn
674 643 759 678 magis
776 643 874 677 patitur
885 663 892 675 ,
909 645 952 668 ut-

158 698 220 729 pote
241 694 329 729 magis
356 694 494 728 tyrannico
514 692 641 719 detentus
666 690 781 717 morbo:
802 694 830 716 et
844 692 952 723 oportet

157 741 266 767 demum
282 740 325 767 vel
338 740 412 766 domi
433 746 552 771 manere,
568 738 611 765 vel
632 737 658 764 in
672 736 759 763 forum
775 735 925 763 venientem
942 755 950 767 ,

158 787 233 814 mille
255 786 340 821 plagis
356 786 473 820 acceptis
488 785 596 812 domum
613 789 736 818 repetere
751 791 757 809 :
774 783 854 810 multa
878 783 950 809 cuitu

159 833 229 860 illius
243 833 337 860 oculos
351 831 445 859 dolore
464 831 593 858 afﬁcittnt.
608 831 646 857 Ac
659 829 885 863 quemadmodum
907 829 952 855 ille

159 880 226 908 nihil
239 880 310 907 aliud
324 879 397 907 videt
408 886 487 914 quain
503 878 652 908 mulierem.
666 877 701 904 ita
716 881 743 904 et
756 877 806 903 iste
820 882 953 911 pauperes

160 927 268 961 quidem
280 930 307 954 et
320 926 371 952 alia
382 925 471 952 omnia
493 926 622 959 prmterit,
637 928 666 951 ut
682 931 715 951 ne
734 923 948 950 consolationem

159 973 268 1008 quidem
293 972 407 1006 accipiat
421 980 428 998 :
446 971 472 998 in
484 971 625 1005 opulentos
635 975 723 997 autem
737 969 829 996 oculos
842 969 951 1003 dirigit,

158 1026 189 1045 cx
206 1022 318 1052 aspectu
345 1017 391 1043 illo
419 1016 532 1044 multum
546 1016 571 1042 in
583 1017 698 1042 animam
723 1022 798 1042 suam
822 1015 953 1042 inducens

159 1066 260 1098 ignem.
272 1064 341 1098 ignis
355 1063 453 1098 quippe
463 1067 512 1094 est,
530 1062 575 1097 qui
588 1061 762 1089 vehementer
774 1061 908 1088 consuluit
918 1060 952 1087 il-

159 1111 224 1143 lum,
239 1111 284 1145 qui
299 1110 324 1137 in
339 1110 425 1144 ipsum
442 1109 552 1136 incidit:
569 1113 650 1142 atque
664 1107 767 1135 etiamsi
788 1114 838 1134 nec
849 1107 952 1141 gehen-

159 1165 210 1189 uzc,
235 1163 286 1183 nec
310 1155 433 1190 supplicii
448 1155 529 1182 minae
556 1154 692 1181 intentata:
715 1153 837 1184 fuissent,
855 1151 896 1179 hae
910 1159 954 1180 res

160 1207 307 1237 praesentes
317 1205 407 1229 essent
426 1201 596 1236 supplicium,
613 1200 720 1227 assidue
733 1207 830 1234 nempe
843 1204 952 1232 torque-

159 1248 190 1279 ri,
207 1254 296 1281 neque
310 1247 396 1273 morbi
413 1246 491 1273 llnetu
506 1246 637 1272 invenire.
653 1246 685 1272 Et
700 1245 757 1271 haec
771 1246 836 1272 satis
849 1249 951 1278 essent,

160 1298 187 1320 ut
200 1293 236 1320 ab
251 1292 403 1327 hujnsmodi
419 1291 576 1326 mgritudine
587 1294 734 1318 avoc:trent
747 1299 753 1316 :
769 1290 816 1317 sed
831 1290 897 1317 nihil
908 1298 954 1324 peh

159 1338 202 1373 ius
215 1337 344 1370 amentia,
356 1345 415 1372 qua:
427 1337 452 1364 id
463 1336 545 1364 efﬁcit
555 1341 583 1363 ut
597 1336 676 1363 rebus
684 1343 828 1363 maerorem
844 1340 871 1363 et
885 1336 953 1363 nihil

159 1383 225 1411 lucri
239 1383 416 1410 affereutibus
428 1383 464 1409 illi
479 1382 608 1409 hiereant.
624 1381 814 1414 Quamobrem,
830 1382 954 1415 obsecro,

160 1430 335 1464 incipientem
351 1429 434 1456 animi
448 1429 570 1456 morbum
587 1429 778 1463 exstinguatis.
793 1428 868 1455 Sicut
879 1428 953 1456 cnim

160 1476 245 1503 febris
264 1476 341 1502 initio
356 1483 409 1502 non
434 1475 511 1502 valde
533 1475 576 1502 siti
590 1475 679 1501 adurit
699 1479 877 1509 tegrotantes;
894 1481 954 1501 cum

160 1527 252 1550 autem
273 1522 387 1550 creverit
400 1526 426 1549 et
439 1521 573 1549 flammam
599 1521 771 1552 excitaverit,
795 1525 860 1547 tunc
884 1520 955 1548 sitim

162 1568 234 1602 parit
243 1567 490 1601 inexstinguibilem
503 1575 509 1598 ;
525 1566 631 1593 etiamsi
645 1573 709 1592 vero
720 1566 780 1600 quis
789 1570 881 1600 potum
892 1566 957 1600 ipsis

164 1614 277 1648 largiter
292 1613 422 1648 praebeat,
442 1620 493 1639 non
506 1612 659 1646 exstinguit,
675 1612 721 1638 sed
735 1611 858 1638 accendit
871 1611 958 1638 forna-

160 1667 219 1687 cem
252 1670 259 1688 :
292 1660 331 1687 sic
339 1660 419 1686 etiam
432 1659 457 1686 in
475 1659 525 1686 hoc
537 1659 631 1685 morbo
641 1658 748 1685 aeeidit.
767 1658 794 1685 Si
811 1658 885 1685 initio
896 1665 958 1685 cum

164 1707 281 1733 animam
306 1710 426 1733 nostram
453 1704 572 1737 invadit,
590 1712 641 1730 nou
660 1704 846 1738 impcdiamus,
872 1711 959 1738 neque

167 1752 238 1779 fures
251 1751 302 1786 ipsi
314 1751 481 1781 claudamus,
505 1751 642 1784 ingressus
655 1749 763 1776 demum
784 1749 957 1776 incurabiletn

165 1797 363 1831 cxcipientibus
391 1796 460 1830 parit
486 1795 679 1829 aegritudinem.
709 1795 813 1821 Etenim
837 1799 863 1821 et
889 1794 960 1821 bona

164 1847 191 1870 et
206 1842 287 1873 mala,
297 1849 359 1869 cum
383 1841 482 1868 diutius
492 1841 518 1867 iu
534 1840 610 1867 nobis
635 1840 792 1873 manserint,
807 1839 958 1874 potentiora

166 1889 246 1916 fiunt.

201 1935 229 1962 5.
256 1935 283 1962 In
304 1932 561 1969 omnibusque-aliis
575 1932 689 1967 idipsum
704 1931 795 1959 videre
820 1935 871 1958 est.
892 1930 960 1958 Nam

166 1981 257 2015 planta
272 1988 367 2007 recens
391 1980 485 2012 insita,
505 1979 582 2005 facile
595 1978 739 2011 evellitur;
756 1978 777 2004 si
793 1978 873 2012 longo
893 1982 961 2004 tctu-

167 2035 234 2062 pore
249 2027 335 2062 egerit
352 2026 468 2058 radices,
484 2033 537 2052 non
563 2026 646 2058 item,
662 2024 709 2052 sed
732 2024 822 2051 valido
836 2031 905 2059 opus
920 2028 962 2051 est

167 2079 247 2101 vecte
260 2082 266 2100 :
282 2078 309 2100 et
322 2073 466 2100 :cdiﬁcinm
479 2079 575 2099 recens
588 2071 665 2098 facile
677 2071 816 2103 evertitur;
825 2078 884 2097 cum
898 2078 962 2097 vero

169 2119 325 2146 ﬁrmitatem
337 2118 480 2153 acceperit,
495 2117 604 2144 difﬁcile
618 2125 632 2143 a
645 2117 804 2144 conantibus
818 2116 961 2143 decutitur:

168 2171 196 2191 et
207 2165 264 2192 fera
275 2172 335 2199 qua:
343 2164 423 2199 longo
436 2168 554 2198 tempore
563 2163 660 2190 alicubi
673 2163 779 2194 mansit,
787 2170 856 2198 :cgre
863 2162 963 2196 dispel-

169 2212 245 2239 litur.
260 2211 323 2238 Illos
334 2211 475 2245 igitur,qui
488 2209 629 2237 noudnma
644 2209 793 2236 morboillo
801 2209 963 2240 detinentur,

170 2265 238 2292 rogo
250 2264 283 2284 ne
289 2256 438 2291 capiantur:
447 2256 549 2282 facilius
559 2256 655 2290 quippe
664 2259 707 2282 est
714 2262 809 2281 cavere
817 2262 850 2281 ne
857 2254 963 2284 cadant,

170 2311 254 2338 quam
269 2303 361 2337 lapsos
376 2302 494 2328 exsilire.
520 2301 574 2328 Illis
588 2309 661 2332 vero.
688 2301 732 2336 qtti
746 2301 801 2336 jam
815 2300 967 2327 inciderunt

171 2355 225 2377 eta
238 2349 335 2376 morbo
360 2349 406 2375 illo
426 2348 543 2382 correpti
566 2352 638 2380 sunt,
653 2350 674 2374 si
693 2347 788 2374 rationi
808 2346 913 2374 medico
937 2353 967 2373 se

171 2395 275 2422 dedere
286 2394 369 2421 velint
381 2414 389 2426 ,
405 2393 515 2420 multam
541 2393 635 2420 salutis
648 2400 722 2427 spem
737 2400 783 2426 per
795 2392 841 2418 Dei
854 2392 966 2426 gratiam

175 2441 318 2476 polliceor.
344 2440 409 2467 Nam
422 2441 443 2466 si
464 2446 511 2466 eos
530 2439 575 2474 qtti
588 2438 613 2465 iu
634 2439 756 2465 morbum
778 2437 929 2465 inciderunt
941 2440 969 2463 et

175 2492 269 2522 postea
285 2486 478 2514 convaluerunt
490 2485 675 2520 cogitaverim,
686 2484 782 2511 bonam
796 2491 871 2518 spem
887 2482 968 2509 hahe-

176 2531 243 2558 bunt
255 2531 313 2558 fore
326 2534 354 2557 ut
367 2537 381 2555 a
396 2529 491 2556 morbo
504 2529 661 2555 liberentur.
676 2527 740 2560 Quis
754 2534 819 2561 ergo
835 2526 927 2553 incidit
939 2526 966 2552 in

177 2577 249 2604 hunc
262 2577 399 2608 morbum,
411 2579 439 2602 et
450 2575 526 2602 facile
536 2575 664 2601 liberatus
678 2574 739 2601 est?
753 2573 898 2600 Zacchteus
912 2572 967 2599 ille.

176 2623 244 2656 Quis
264 2622 336 2649 enim
354 2621 496 2656 publicano
522 2621 641 2655 pecunia:
655 2619 777 2654 cupidior
799 2618 879 2645 fuerit
893 2618 903 2645 ?
916 2617 968 2645 Sed

177 2669 268 2695 statim
292 2667 468 2702 philosopluts
491 2666 602 2693 effectus
626 2670 677 2698 est,
690 2670 717 2692 et
731 2669 814 2691 totum
843 2663 970 2691 exstinxit

178 2713 344 2741 incendium.
361 2712 492 2740 Similiter
506 2709 665 2739 Matthzeus':
681 2718 741 2737 nam
752 2714 779 2737 et
794 2710 838 2737 ille
852 2709 971 2744 publica-

177 2767 231 2786 nns
243 2763 312 2792 erat,
327 2759 352 2785 in
376 2762 503 2793 perpettta
527 2758 618 2791 rapina
642 2757 746 2784 vivens.
760 2756 813 2783 Sed
829 2755 851 2782 is
864 2763 971 2790 quoque

178 2809 292 2839 repente
306 2812 403 2830 noxam
417 2804 489 2830 exuit
501 2824 508 2834 ,
520 2803 590 2829 sitim
614 2802 757 2833 exstinxit,
772 2805 799 2828 et
813 2800 972 2836 negotiatio-

180 2857 247 2877 nem
260 2850 326 2877 adiit
340 2847 518 2884 spiritttalem.
530 2848 584 2875 Hos
598 2855 662 2882 ergo
675 2853 702 2875 ct
717 2847 758 2874 his
771 2847 871 2874 similes
884 2850 971 2873 tecum

179 2901 320 2932 reputans,
336 2903 386 2924 nec
395 2899 422 2924 tu
438 2895 573 2931 desperes.
583 2895 611 2923 Si
629 2894 693 2923 velis
707 2894 789 2929 enim,
803 2894 856 2922 cito
871 2893 972 2929 poteris

1005 231 1153 258 emergere.
1164 223 1207 256 Et,
1219 222 1242 250 si
1255 222 1339 255 velis,
1359 221 1506 251 secundum
1521 224 1685 253 medicorum
1708 228 1794 263 legem

1003 277 1035 298 ea
1063 277 1123 304 qua;
1148 269 1250 304 agenda
1271 273 1334 296 sunt
1356 269 1403 297 tibi
1423 275 1547 298 accurate
1578 274 1793 306 praescribemus.

1003 315 1115 350 Oportet
1138 321 1202 349 ergo
1221 319 1284 342 ante
1296 315 1348 342 alia
1363 316 1453 343 omnia
1473 315 1524 344 hoc
1537 322 1610 345 recte
1623 326 1726 353 gerere,
1741 330 1794 350 non

1003 362 1120 387 animum
1137 360 1305 395 despondere
1324 368 1411 395 neque
1426 361 1569 396 desperare
1579 363 1613 390 de
1627 365 1713 392 salute
1725 374 1772 394 sua
1786 378 1794 395 :

1003 405 1100 433 deinde
1114 413 1166 433 non
1182 405 1262 432 modo
1272 413 1364 433 eorum
1380 407 1424 442 qui
1440 411 1514 435 recte
1528 407 1646 436 fecerunt
1660 412 1794 447 exempla,

1003 452 1050 480 sed
1064 452 1143 479 etiam
1157 459 1249 479 eorum
1263 453 1306 486 qui
1327 459 1530 487 perseverarunt
1551 463 1686 484 aerumnas
1709 458 1794 492 inspi-

1003 505 1074 525 cere.
1091 497 1166 525 Sicut
1183 498 1254 524 enim
1278 497 1434 524 Zacchmum
1448 503 1476 526 et
1487 499 1641 528 lllatthazum
1666 503 1794 537 cogitavi-

1003 553 1064 574 mus
1076 565 1083 578 ,
1116 544 1151 570 ita
1165 548 1192 571 et
1203 543 1300 571 Judam
1314 544 1407 571 animo
1420 550 1546 580 reputare
1556 552 1672 581 oportet,
1689 556 1793 578 necnon

1004 590 1087 622 Giezi,
1103 590 1201 621 Achar.
1215 590 1318 623 Achab,
1329 590 1459 617 Ananiam
1469 596 1496 618 et
1508 592 1684 627 Sapphiram;
1707 599 1736 623 ut
1746 603 1794 630 per

1004 635 1064 662 illos
1078 635 1294 669 desperationem
1317 635 1465 669 ejiciamus,
1494 644 1540 671 per
1553 637 1602 665 hos
1615 646 1679 666 vero
1700 648 1794 669 socor-

1004 680 1075 708 diam
1089 680 1390 716 exsciudamushneque
1404 682 1515 716 supinus
1529 683 1563 709 sit
1574 684 1718 713 animusad
1733 695 1792 714 mo-

1005 728 1058 754 nita
1071 735 1131 762 quae
1144 728 1353 762 przescribnntnr
1366 737 1372 754 :
1389 736 1421 756 ac
1436 736 1484 755 nos
1496 729 1568 763 ipsos
1581 730 1750 760 instituamus
1760 734 1794 761 ad

1005 774 1048 800 illa
1061 773 1183 806 dicenda,
1208 782 1267 809 qua;
1284 779 1346 801 tunc
1356 774 1390 801 ad
1405 774 1514 802 Petrum
1527 776 1689 804 accedentes
1703 777 1791 806 Judaei

1004 818 1150 846 dicebant:
1179 819 1247 852 Quid
1269 828 1327 854 ergo
1354 825 1451 854 oportet
1481 821 1565 855 facere
1585 826 1611 848 ut
1630 822 1694 849 salvi
1718 824 1795 852 sintut

1006 864 1014 899 (
1033 865 1125 891 Act.2.
1143 865 1176 892 57
1194 865 1265 899 )?ct
1279 865 1418 892 audiamus
1444 873 1475 893 ea
1501 874 1560 901 qure
1575 867 1693 895 facienda
1720 875 1793 897 sttut.

1005 910 1072 944 Quid
1082 918 1146 946 ergo
1161 916 1268 946 oportet
1281 911 1369 939 facere
1385 912 1396 939 ?
1409 912 1494 939 Nosse
1510 921 1599 940 rerutn
1615 914 1755 948 vilitatem,
1769 921 1797 943 et

1005 957 1076 991 quod
1089 957 1188 984 divitiae
1197 958 1353 985 sintservus
1367 958 1490 993 fugitivus
1504 963 1531 986 et
1544 959 1674 994 ingratus,
1687 966 1713 988 et
1723 962 1795 996 quod

1006 1009 1175 1036 possessores
1188 1010 1252 1029 suos
1267 1002 1292 1028 in
1307 1003 1375 1030 mala
1399 1003 1518 1038 injiciant
1533 1004 1752 1033 innumerabilia:
1768 1011 1796 1034 et

1005 1047 1137 1082 ejusmodi
1153 1048 1232 1075 verba
1248 1049 1355 1076 assidue
1370 1049 1552 1078 decantemus.
1570 1051 1608 1078 Ac
1619 1053 1795 1087 quemadmo-

1006 1093 1069 1120 dum
1081 1093 1178 1120 tnedici
1189 1101 1274 1129 πει-οε
1286 1094 1408 1129 frigidam
1422 1095 1588 1130 postulantes
1602 1098 1774 1126 consolantur
1785 1120 1793 1132 ,

1006 1146 1036 1166 se
1052 1139 1212 1174 prtebituros
1221 1140 1353 1172 dicentes,
1371 1140 1472 1168 fontem
1499 1149 1753 1176 commemorantes,
1768 1149 1796 1172 et

1007 1193 1053 1212 vas
1076 1190 1102 1213 et
1130 1190 1235 1220 tempus
1262 1193 1453 1221 opportunum,
1479 1187 1609 1222 pluraque
1646 1188 1798 1224 hujusmodi

1007 1231 1017 1268 (
1032 1240 1093 1259 nam
1106 1233 1127 1259 si
1142 1232 1231 1259 statim
1248 1237 1387 1267 negarent,
1403 1232 1429 1260 in
1440 1232 1556 1261 furorem
1570 1238 1596 1261 et
1612 1235 1711 1263 rabiem
1726 1236 1798 1270 ipsos

1007 1278 1269 1313 conjicereut):ita
1293 1282 1320 1305 et
1342 1285 1390 1305 nos
1416 1286 1476 1305 cuiu
1497 1280 1623 1313 pecunias
1649 1281 1798 1309 amantibus

1007 1331 1136 1359 agamus:
1160 1329 1259 1352 etcum
1279 1324 1405 1357 dixerint,
1433 1324 1532 1352 Divitcs
1544 1333 1603 1352 esse
1617 1327 1748 1359 volumus,
1765 1335 1799 1354 ne

1008 1371 1097 1399 statim
1112 1370 1231 1397 dicamtts
1248 1369 1332 1397 malas
1340 1377 1400 1397 esse
1413 1370 1520 1397 divitias
1533 1379 1540 1403 ;
1556 1371 1601 1398 sed
1617 1373 1798 1400 assentiauutr

1009 1422 1036 1445 et
1051 1417 1171 1444 dicamus
1193 1425 1241 1444 nos
1256 1417 1336 1445 etiam
1361 1417 1412 1444 hoc
1428 1417 1496 1444 velle
1508 1438 1514 1450 ,
1530 1418 1577 1445 sed
1591 1419 1617 1445 in
1642 1420 1800 1454 congruenti

1011 1469 1140 1499 tempore,
1156 1463 1203 1491 sed
1217 1463 1324 1491 divitias
1339 1471 1428 1496 veras,
1441 1464 1488 1491 sed
1504 1472 1550 1491 eas
1563 1473 1621 1499 quae
1637 1465 1800 1500 voluptatem

1010 1510 1126 1537 habeant
1140 1509 1330 1540 immortalem,
1342 1509 1390 1536 sed
1403 1517 1450 1536 eas
1461 1518 1521 1543 qua:
1535 1510 1698 1544 colliguntur
1710 1510 1798 1543 nobis,

1011 1563 1065 1582 non
1093 1555 1162 1587 aliis,
1187 1562 1259 1589 saepe
1281 1559 1369 1581 autem
1386 1560 1412 1582 et
1430 1555 1544 1582 initnicis
1559 1563 1566 1587 ;
1581 1562 1612 1582 ac
1625 1556 1802 1590 philosophitn

1010 1600 1091 1628 verba
1106 1600 1132 1627 in
1147 1599 1264 1626 mediutn
1272 1599 1413 1627 allevamus
1427 1607 1458 1627 ac
1469 1600 1598 1628 dicamus:
1612 1601 1668 1628 Non
1679 1602 1803 1636 jubemus

1011 1654 1064 1674 non
1079 1647 1176 1674 divites
1189 1653 1258 1680 esse,
1273 1646 1321 1674 sed
1335 1647 1403 1674 tnale
1416 1647 1512 1674 divites
1523 1655 1582 1675 esse
1594 1654 1713 1676 velamus
1723 1659 1729 1677 :
1740 1650 1802 1677 licet

1012 1694 1082 1721 enim
1092 1692 1199 1719 divitem
1213 1700 1282 1725 esse,
1294 1692 1341 1719 sed
1356 1693 1413 1720 sine
1426 1693 1545 1723 avaritia.
1554 1694 1613 1721 sine
1623 1702 1697 1729 raptu
1707 1704 1713 1720 ι
1724 1700 1751 1722 et
1763 1696 1798 1728 vi,

1012 1738 1048 1766 ita
1056 1738 1159 1772 utapud
1166 1745 1259 1766 omnes
1266 1739 1334 1766 male
1341 1738 1429 1766 audiat
1437 1739 1512 1766 dives
1519 1739 1681 1774 hujusmodi.
1691 1741 1736 1768 llis
1744 1742 1804 1769 illos

1013 1784 1101 1812 verbis
1114 1784 1187 1819 prius
1198 1784 1340 1818 leniamus,
1350 1785 1463 1812 necdum
1470 1785 1507 1813 .de
1514 1785 1636 1820 gehenna
1645 1786 1803 1821 loquamur:

1014 1839 1075 1858 nam
1084 1831 1129 1866 qui
1140 1835 1261 1866 aegrotat,
1272 1831 1334 1858 talia
1344 1832 1423 1859 verba
1435 1831 1524 1858 statim
1535 1840 1587 1859 non
1603 1833 1694 1860 ferret.
1711 1834 1806 1867 Quant-

1013 1877 1106 1904 obrem
1116 1885 1149 1904 ex
1162 1877 1338 1912 prtesentibus
1354 1877 1395 1904 his
1406 1877 1439 1904 de
1449 1878 1529 1905 rebus
1540 1878 1620 1905 verba
1638 1879 1766 1907 faciamus
1779 1885 1806 1908 ct

1014 1923 1133 1951 dicamus
1144 1923 1213 1950 :Cur
1225 1931 1256 1950 ex
1272 1924 1381 1950 avaritia
1394 1924 1528 1956 visditari,
1545 1929 1572 1950 ut
1585 1925 1645 1951 aliis
1656 1933 1750 1952 aurum
1759 1934 1805 1954 re-

1015 1969 1156 2002 condatur,
1168 1970 1214 1997 tibi
1225 1978 1290 1997 vero
1299 1971 1445 1997 innumerae
1460 1970 1666 2005 itnprecatioues
1677 1976 1704 1999 et
1712 1973 1805 2000 crimi-

1015 2017 1155 2044 nationes?
1166 2021 1193 2044 et
1206 2016 1250 2051 qtti
1266 2017 1318 2043 illis
1331 2017 1450 2051 privatus
1464 2021 1516 2048 est,
1532 2025 1562 2044 ex
1577 2025 1667 2044 rerntn
1683 2026 1808 2046 neccssa~

1017 2063 1115 2090 riarum
1136 2063 1245 2097 penuria
1260 2061 1429 2095 mordeatur,
1444 2062 1535 2096 ejnlel,
1552 2068 1747 2098 sexcentosque
1762 2063 1807 2091 tibi

1017 2109 1134 2136 attrahat
1159 2113 1332 2136 accusatores
1347 2129 1354 2141 ,
1368 2113 1396 2136 et
1410 2107 1569 2135 adveniente
1590 2116 1699 2143 vespera
1721 2110 1807 2136 forum

1018 2155 1176 2188 circumeat,
1191 2159 1218 2182 et
1232 2155 1257 2182 in
1272 2155 1422 2190 angiportis
1433 2162 1529 2182 omnes
1543 2155 1697 2187 conveniat,
1712 2155 1809 2183 dubius

1019 2205 1046 2228 et
1058 2200 1162 2231 anxius,
1178 2207 1213 2227 ne
1224 2199 1258 2227 de
1272 2199 1442 2234 transigenda
1456 2199 1564 2234 quidem
1577 2205 1656 2227 nocte
1666 2200 1749 2228 ﬁdere
1762 2208 1809 2227 au-

1019 2248 1099 2275 dens.
1114 2246 1253 2280 Quomodo
1261 2246 1332 2273 enim
1341 2246 1396 2280 jam
1410 2245 1536 2279 dormiet,
1549 2245 1611 2273 dum
1626 2246 1730 2273 mordet
1746 2254 1810 2274 ven-

1020 2297 1070 2325 ter,
1087 2293 1196 2327 ipseqne
1208 2291 1315 2326 vigilat,
1331 2291 1412 2318 fames
1428 2291 1542 2324 obsidet,
1555 2291 1653 2326 ingruit
1664 2299 1735 2327 stupe
1749 2292 1809 2327 gelu

1020 2344 1047 2367 et
1062 2339 1156 2373 pluviae
1168 2338 1316 2366 decidunt?
1330 2337 1364 2364 Et
1375 2341 1401 2364 tu
1415 2337 1522 2372 quidem
1535 2344 1568 2364 ex
1586 2337 1681 2364 balneo
1705 2337 1812 2365 ablutus

1021 2385 1104 2417 redis,
1120 2384 1247 2411 mollibus
1260 2377 1383 2411 amictus
1403 2383 1533 2416 vestibus,
1561 2383 1638 2410 laetus
1651 2388 1678 2411 et
1691 2384 1809 2419 gaudens

1022 2432 1055 2460 ad
1070 2432 1168 2459 lautam
1195 2438 1299 2458 cmnam
1326 2431 1460 2457 accurris:
1477 2429 1521 2457 ille
1533 2435 1622 2456 autem
1637 2437 1685 2464 per
1697 2429 1783 2457 forutn
1796 2439 1812 2458 a

1023 2477 1120 2512 frigore
1132 2481 1159 2504 ct
1172 2476 1242 2503 fame
1261 2483 1333 2508 Saepe
1347 2476 1439 2509 pulsus
1454 2475 1587 2506 circumit,
1604 2482 1689 2509 prono
1704 2475 1789 2510 capite
1803 2497 1811 2509 ,

1023 2531 1118 2552 manus
1131 2523 1295 2554 extendens;
1309 2530 1357 2549 nec
1369 2530 1424 2557 prie
1443 2526 1516 2549 metu
1531 2521 1611 2548 audet
1625 2523 1723 2549 satiato
1736 2526 1763 2549 ct
1775 2530 1814 2550 t'e-

1023 2570 1157 2597 cumbenti
1183 2569 1262 2596 verba
1283 2568 1401 2603 proferre
1427 2576 1476 2603 pro
1490 2568 1617 2595 alimento
1643 2569 1811 2601 necessario;

1024 2623 1096 2650 smpe
1110 2623 1173 2643 vero
1195 2613 1355 2642 contumelia
1370 2613 1482 2641 affectus
1504 2613 1627 2640 recessit.
1653 2614 1720 2641 Cum
1749 2622 1813 2649 ergo

1024 2662 1134 2689 domum
1149 2668 1274 2688 reversus
1288 2667 1327 2691 es,
1339 2666 1399 2686 cum
1412 2659 1437 2686 in
1453 2658 1522 2686 lecto
1535 2659 1670 2686 recumbis
1695 2667 1754 2687 cum
1769 2659 1812 2687 lux

1025 2706 1165 2742 splendida
1179 2705 1278 2740 ubiqtte
1291 2705 1373 2740 fulget
1392 2704 1417 2731 iu
1436 2705 1550 2737 aedibus,
1562 2712 1623 2731 cum
1636 2705 1706 2732 lattta
1721 2712 1812 2733 mensa

1025 2758 1116 2788 parata
1130 2756 1181 2784 est,
1203 2756 1259 2778 tum
1272 2750 1417 2778 recordare
1440 2750 1531 2777 miseri
1544 2755 1571 2777 et
1584 2749 1700 2777 infelicis
1721 2750 1793 2776 illius
1806 2771 1814 2782 ,

1025 2799 1081 2833 qui,
1097 2801 1125 2825 ut
1137 2805 1217 2825 canes
1231 2797 1330 2829 solent,
1344 2797 1370 2823 in
1382 2795 1540 2830 angiportis,
1553 2795 1580 2822 in
1593 2795 1712 2822 tenebris
1720 2798 1748 2821 et
1757 2794 1814 2821 luto

1026 2844 1171 2872 circumit:
1193 2842 1297 2870 etiamsi
1310 2849 1383 2876 smpe
1397 2841 1460 2868 hinc
1485 2841 1573 2873 abeat,
1600 2848 1653 2867 non
1679 2839 1788 2866 domutn
1804 2859 1813 2872 ,

1027 2899 1080 2919 non
1094 2889 1126 2918 ad
1141 2896 1252 2918 uxorem
1262 2909 1270 2924 ,
1286 2888 1334 2917 sed
1346 2889 1372 2916 in
1386 2887 1450 2916 foeni
1463 2891 1586 2921 stratum,
1603 2890 1670 2914 utet
1677 2893 1759 2914 canes
1772 2885 1812 2912 vi-
