2041 3111
231 170 266 198 95
594 168 622 193 ὃ.
641 162 778 192 ιωκχιε
796 160 1020 190 ειιιιῑεοετου

1072 155 1217 189 ηΙῗϐΠΙΕΡᾸ
1232 159 1501 190 CONSTANTINOP.
1835 167 1870 195 96

232 228 340 260 demus,
368 226 412 261 qui
428 233 475 262 per
489 229 572 252 totam
588 228 693 250 noctem
706 220 791 249 rabidi
807 221 914 262 latrant.
942 218 976 245 Et
997 221 1025 245 tu

231 273 340 308 quidem
355 272 376 299 si
394 279 502 307 parvam
515 270 614 298 stillam
629 267 729 295 videris
743 274 758 293 e
771 271 842 292 tecto
864 264 1002 300 delapsam
1015 285 1022 296 ,

233 323 314 346 totam
330 318 429 346 evertis
444 316 567 349 domum,
590 314 701 342 famulos
725 319 839 343 vocans,
855 311 943 338 omnia
964 317 1023 340 mo-

232 372 298 393 vens
313 373 320 392 :
337 365 382 392 ille
403 371 469 391 vero
489 363 585 396 jaccns
597 362 624 388 in
640 360 748 395 parmis,
771 358 843 386 [ωηο
854 358 966 390 ctlttto,
981 357 1024 384 in-

233 418 300 446 gens
310 411 406 438 tolerat
417 410 511 444 frigus.

267 457 295 484 6.
315 457 380 490 Qua:
402 456 455 482 fera
479 454 521 481 his
543 460 597 480 non
615 452 752 487 frangatur
764 451 865 479 rebus?
883 450 942 486 quis
956 450 1024 477 adeo

231 508 318 529 saevus
337 505 365 528 et
387 499 559 531 inhumanius,
583 498 658 526 hisce
681 498 761 525 rebus
782 504 835 524 non
859 496 1024 523 mansuetior

230 547 376 574 reddatur?
393 545 447 573 Sed
460 545 573 580 quidam
589 545 623 571 ad
641 549 741 571 tantam
763 543 957 570 immanitatem
977 542 1024 570 de.

230 597 370 626 venerunt,
387 597 416 620 ut
429 592 520 620 dicant
536 592 611 627 ipsos
621 591 700 626 digna
715 590 778 624 pati.
798 589 870 617 Cum
885 592 1025 623 oporteret

229 640 301 667 enim
315 638 453 671 misereri,
471 637 610 674 lacrymari
621 658 632 671 ,
644 642 670 664 et
684 636 862 664 calamitatem
878 634 955 662 simul
970 633 1024 661 sol-

229 693 292 713 vere
308 694 315 712 :
330 685 367 712 illi
383 692 447 712 vero
463 685 536 719 ipsos
551 683 732 711 inhumaniter
745 687 882 709 accusant.
899 681 971 715 Quos
987 681 1023 709 li-

228 731 323 759 benter
337 731 531 764 interrogarem
543 751 551 763 ,
564 730 618 757 Cur
628 751 635 762 ,
652 736 754 764 quaeso,
770 728 849 763 digna
865 727 1001 763 patiuntur
1010 727 1025 753 ἱ)

228 785 262 804 an
277 777 348 813 quod
364 777 400 804 ali
415 777 498 804 velint
509 781 537 803 et
549 783 601 803 non
617 775 687 802 fame
700 774 794 802 conﬁci
804 773 895 806 TNon,
909 773 1025 807 inquiet,

228 824 276 852 sed
291 824 353 859 quia
369 823 447 850 otiosi
463 827 535 850 sunt.
552 822 592 849 Tu
607 830 671 849 vero
683 828 773 848 annon
789 821 891 847 otiosus
909 819 1021 846 delicia-

229 870 284 896 ris?
295 869 364 903 Quid
380 877 443 896 vero
454 889 461 900 ,
477 876 566 895 annon
581 875 649 902 opus
671 875 743 902 smpe
756 874 866 894 exerces
880 866 935 893 otio
948 866 1026 893 omni

228 916 345 949 gravius,
366 915 430 941 dum
450 914 532 947 rapis,
556 915 608 940 vim
629 912 712 940 infers
730 917 758 940 et
772 912 890 940 avaritia:
909 912 1026 940 studes?

229 961 323 988 Melius
336 965 407 988 esset
420 960 442 987 si
459 964 486 987 tu
502 967 608 995 quoque
623 959 685 986 huic
700 963 727 987 te
741 959 854 987 dederes
868 959 923 986 otio
937 968 943 986 :
960 967 1026 986 nam

228 1006 264 1033 ita
285 1006 362 1034 otiari
386 1006 481 1033 melius
500 1010 551 1038 est,
575 1013 654 1040 quam
674 1005 795 1032 avaritia:
812 1005 930 1033 studere.
945 1004 1026 1033 Nunc

227 1057 317 1080 autem
331 1052 427 1079 alienis
440 1051 522 1079 etiam
535 1051 651 1078 insultas
659 1050 867 1084 calamitatibus,
878 1059 932 1078 non
941 1050 1026 1079 modo

227 1098 254 1124 in
269 1098 324 1125 otio
336 1097 447 1132 degens,
462 1104 513 1125 nec
527 1097 607 1124 modo
620 1104 690 1131 opus
707 1096 866 1132 aggrediens
888 1097 942 1124 otio
962 1104 1021 1132 gra-

228 1145 297 1178 vius,
322 1144 369 1172 sed
392 1143 471 1171 etiam
488 1143 515 1170 in
535 1143 641 1170 miseria
657 1142 785 1178 degentes
799 1150 936 1170 accusans.
955 1142 1020 1177 Ipsis

227 1197 334 1225 quoque
359 1197 498 1217 narremus
527 1189 629 1216 alienas
655 1188 837 1221 calamitates,
865 1188 1024 1216 immaturas

227 1236 364 1268 orbitates,
380 1243 427 1263 eos
442 1235 486 1270 qui
509 1234 534 1262 in
550 1242 658 1262 carcere
671 1234 780 1269 degunt,
796 1241 845 1262 eos
861 1234 905 1270 qui
917 1234 1019 1262 discer-

227 1286 326 1316 puntur
339 1281 365 1308 io
376 1281 484 1316 jndiciis
494 1302 500 1313 ,
517 1287 565 1308 eos
577 1281 622 1315 qui
636 1280 669 1308 de
683 1281 734 1307 vita
750 1281 852 1313 timent,
870 1280 1020 1315 inopinatas

227 1327 368 1354 mulierum
384 1326 534 1358 viduitates,
549 1327 703 1360 repentinas
718 1326 829 1354 divitum
846 1327 1017 1361 mutationes,

225 1378 252 1400 ct
265 1373 316 1400 hoc
329 1377 400 1400 metu
416 1380 508 1399 eorum
523 1372 628 1399 anii'nos
643 1372 805 1399 molliamus.
821 1371 886 1399 Nam
901 1380 949 1407 per
960 1373 1022 1400 illas

225 1420 325 1446 alienas
347 1419 512 1446 narrationes
532 1418 704 1445 suadebimus
719 1418 770 1445 illis
781 1439 788 1451 ,
805 1423 834 1446 ut
848 1418 940 1446 eadem
962 1420 1018 1453 ipsa

225 1466 274 1494 sibi
291 1466 408 1493 timeant.
422 1464 488 1492 Cum
502 1465 574 1491 enim
588 1464 732 1497 audierint,
746 1464 894 1499 cuiuspiam
907 1465 980 1492 avari
992 1469 1019 1492 et

225 1512 339 1547 raptoris
354 1511 436 1538 illium
448 1531 455 1543 ,
470 1510 618 1545 cujuspiam
633 1510 677 1545 qui
693 1511 775 1537 multa
791 1511 930 1545 tyranuice
945 1511 1017 1539 fece-

226 1562 267 1585 rat
281 1565 401 1589 uxorem,
412 1561 472 1592 post
484 1561 597 1584 mortem
614 1556 736 1591 conjugis
750 1556 892 1584 innumera»
911 1565 1019 1592 passam

226 1611 286 1632 esse
299 1604 378 1636 mala,
389 1610 449 1630 eum
465 1603 481 1630 ii
496 1603 541 1638 qui
555 1603 651 1638 injuste
666 1602 721 1629 l:csi
733 1602 847 1635 merant,
868 1603 893 1630 in
907 1611 1017 1631 uxorem

225 1654 251 1676 et
261 1648 330 1676 filios
343 1648 494 1679 irruisseut,
507 1652 535 1674 et
543 1655 685 1675 comnmne
696 1648 794 1676 bellum
805 1653 898 1675 contra
909 1648 1017 1676 domum

227 1694 299 1721 illius
312 1693 429 1729 undique
443 1694 586 1720 excitatum
602 1699 674 1721 esset
690 1703 697 1721 :
711 1694 816 1722 etiamsi
830 1694 946 1722 maxime
957 1702 1017 1722 om-

227 1738 299 1765 nium
320 1746 401 1766 sensu
416 1738 559 1766 destitutus
572 1739 606 1766 sit
617 1760 624 1771 ,
641 1745 800 1774 exspectans
814 1744 901 1767 tamen
914 1747 943 1768 se
957 1740 1016 1767 talia

226 1793 365 1819 passurum
375 1806 382 1817 ,
398 1790 424 1813 et
444 1785 499 1812 suis
515 1785 611 1812 timens
625 1793 657 1812 ne
672 1785 769 1812 similia
782 1787 915 1821 patiantur
925 1807 932 1818 ,
949 1791 1017 1814 tem-

227 1831 363 1864 perantior
389 1831 450 1858 erit.
476 1830 543 1858 Tota
566 1832 618 1858 vita
643 1837 734 1858 nostra
765 1832 861 1859 talibus
888 1833 1018 1867 exemplis

227 1877 317 1904 multis
339 1877 415 1911 plena
431 1881 491 1909 est,
508 1884 558 1904 nec
572 1877 679 1904 deﬁciet
700 1877 778 1904 nobis
800 1877 843 1905 hic
866 1877 1018 1912 corrigendi

227 1923 330 1950 modos.
343 1922 410 1950 Cum
426 1926 514 1949 autent
531 1923 588 1949 litec
601 1923 713 1950 dicimus
725 1943 733 1956 ,
746 1931 798 1950 non
813 1924 888 1959 quasi
903 1924 1018 1950 suadeo-

227 1974 267 1996 tcs
282 1967 323 1995 vel
337 1968 411 2003 quasi
427 1968 598 1995 consulentes
613 1967 670 1995 haec
684 1969 803 1996 dicamus
813 1989 821 2002 ,
836 1977 869 1996 ne
880 1969 1017 1996 molestior

1081 217 1115 244 sit
1128 218 1224 250 oratio,
1240 219 1288 246 sed
1300 219 1325 248 id
1341 225 1475 255 tamquam
1490 222 1669 251 narrationem
1685 223 1852 257 proferamus
1861 235 1875 258 ;.

1076 269 1102 292 et
1118 272 1149 292 ex
1163 264 1214 292 alia
1232 268 1424 301 consequentia
1440 268 1471 295 ad
1486 268 1600 297 similem
1616 276 1724 304 semper
1734 271 1868 301 narratio-

1076 317 1137 341 nem
1152 311 1289 341 veniamus
1301 332 1308 344 ,
1323 319 1355 342 ac
1369 312 1521 347 frequenter
1534 315 1574 344 eis
1592 314 1653 345 talia
1672 315 1793 350 exempla
1809 324 1870 350 pro-

1076 363 1217 390 ponamus,
1244 365 1296 385 non
1322 359 1501 390 concedentes
1526 365 1554 388 ut
1577 361 1629 389 alia
1653 370 1732 396 quam
1756 362 1870 390 lia-clo-

1075 408 1192 437 quantur
1203 413 1210 430 :
1221 404 1361 438 Quomodo
1374 405 1454 440 hujus
1464 407 1560 435 domus
1571 408 1710 443 splendida
1721 413 1747 436 et
1759 409 1870 438 illustris

1075 449 1224 482 corruerit;
1245 451 1380 485 quomodo
1401 451 1435 481 ita
1450 452 1558 482 deserta
1573 453 1625 487 sit,
1647 458 1676 483 ut
1698 455 1779 488 ipsius
1799 455 1870 483 bona

1075 493 1164 521 omnia
1193 494 1219 522 in
1242 495 1355 523 aliorum
1379 504 1473 525 manus
1494 498 1659 531 inciderint;
1681 505 1745 534 quot
1767 501 1870 535 judicia

1075 540 1192 574 quotidie
1205 540 1239 568 de
1253 541 1296 569 his
1312 542 1480 571 lacunalibus
1491 549 1553 573 sunt
1566 547 1707 574 constituta
1718 567 1726 579 ,
1740 553 1804 582 quot
1819 555 1869 575 nea-

1074 586 1144 620 gotia
1157 594 1164 619 ;
1179 593 1244 621 quot
1262 595 1299 615 ει
1314 587 1421 617 famulis
1435 589 1506 618 illius
1516 590 1561 620 alii
1576 593 1747 620 emendicant
1759 614 1766 626 ,
1781 594 1826 621 alii
1842 595 1868 622 in

1074 638 1182 661 carcere
1192 633 1309 661 conclusi
1322 635 1418 662 mortui
1433 640 1506 662 sunt.
1523 636 1557 663 Et
1572 636 1629 664 lucc
1644 639 1732 667 ninnia
1747 639 1869 667 dicamus

1074 678 1149 712 quasi
1173 678 1298 713 lugentes
1317 688 1392 713 eum,
1414 682 1458 716 qui
1481 690 1513 711 ex
1539 682 1589 711 hac
1611 683 1665 712 vita
1685 685 1817 720 migravit,
1840 691 1869 714 et

1074 724 1148 759 quasi
1171 726 1314 759 prtesentia
1335 726 1532 761 dcspicientes;
1550 733 1577 757 ut
1591 733 1618 757 et
1634 729 1729 758 timore
1744 736 1770 758 et
1785 733 1865 760 mise-

1074 770 1188 798 ricordia
1202 772 1372 801 emollit-mus
1387 773 1517 801 immitem
1532 774 1608 802 illum
1620 776 1749 803 animum.
1764 777 1866 805 Etcum

1074 816 1134 844 illos
1157 817 1304 846 viderimus
1334 818 1376 846 his
1399 820 1596 849 narrationibus
1618 821 1780 856 depressos,
1803 828 1868 851 tunc

1074 861 1181 892 demum
1203 863 1256 891 illis
1276 864 1309 891 de
1327 864 1448 899 gebenna
1466 873 1618 897 sermonem
1634 867 1778 897 inferamus
1789 890 1795 900 ,
1813 877 1867 897 nou

1074 912 1207 943 tamquam
1219 909 1278 936 illos
1290 914 1433 941 terrentes.
1445 911 1492 938 sed
1507 915 1536 942 ut
1548 912 1616 942 alios
1630 913 1866 946 eommiseraules;

1073 957 1099 980 et
1109 953 1229 982 dicamus
1241 963 1248 980 :
1261 954 1297 981 Et
1306 955 1368 990 quid
1384 961 1489 990 oportet
1502 956 1594 989 dicere
1608 959 1765 992 prwsentia?
1778 968 1867 995 neque

1073 1000 1144 1029 enim
1167 1006 1257 1028 nostra
1278 1000 1320 1028 his
1339 1007 1402 1031 sunt
1423 1002 1552 1032 limitibus
1574 1003 1795 1039 cincumscripta;
1818 1007 1865 1033 Sed

1072 1045 1179 1080 gravius
1192 1047 1351 1081 supplicium
1366 1047 1432 1074 tales
1447 1047 1568 1076 homines
1583 1050 1713 1084 excipiet.
1727 1056 1754 1078 et
1769 1051 1866 1079 fluvios

1073 1091 1166 1126 igneus
1178 1098 1205 1119 et
1218 1093 1316 1121 vermis
1326 1101 1476 1121 veneuosus
1486 1098 1513 1125 et
1526 1095 1642 1122 tenebrae
1653 1095 1866 1125 imerminabilcs

1072 1141 1101 1164 et
1112 1139 1241 1173 supplicia
1260 1139 1429 1166 inmortalia.
1444 1139 1471 1166 Si
1487 1139 1528 1167 his
1544 1140 1604 1167 illos
1618 1141 1787 1169 incantemus
1802 1151 1866 1169 nar-

1072 1184 1236 1217 rationibus,
1253 1189 1280 1212 et
1300 1192 1348 1212 nos
1369 1185 1447 1220 ipsos.
1455 1190 1482 1212 et
1504 1185 1563 1213 illos
1582 1187 1765 1221 corrigemus,
1785 1195 1867 1224 atque

1072 1230 1106 1257 ab
1120 1231 1277 1266 mgritmliue
1291 1231 1345 1261 cito
1359 1231 1542 1264 liberabimus,
1559 1232 1584 1259 in
1601 1233 1698 1268 dieque
1714 1234 1758 1261 illo
1774 1234 1866 1263 lauda-

1072 1282 1157 1305 torem
1172 1278 1255 1306 Dcum
1268 1278 1438 1311 habebimus,
1454 1283 1482 1305 ut
1493 1284 1520 1307 et
1534 1279 1630 1307 Paulus
1641 1280 1649 1296 '
1665 1280 1748 1308 dicit:
1761 1281 1793 1308 Et
1806 1287 1867 1311 tum:

1071 1324 1128 1354 laus
1143 1325 1188 1352 erit
1202 1324 1359 1359 unicuiquca
1371 1324 1434 1354 Dea.
1450 1325 1521 1354 Laus
1539 1326 1610 1355 enim
1624 1334 1684 1361 qure
1698 1327 1732 1356 ab
1747 1327 1865 1356 hominiw

1072 1371 1123 1401 bus
1132 1371 1262 1406 procedit,
1278 1375 1306 1398 et
1318 1371 1414 1398 difﬂuit
1428 1376 1456 1399 et
1469 1371 1612 1406 aliquando
1625 1381 1678 1401 non
1693 1381 1708 1400 a
1725 1374 1794 1401 bono
1806 1375 1866 1401 ani-

1072 1424 1116 1446 tuo
1138 1416 1315 1451 proficiscitur
1331 1425 1337 1442 :
1354 1424 1413 1451 qua:
1433 1421 1522 1446 autem
1543 1425 1559 1444 a
1583 1418 1643 1445 Deo
1659 1423 1712 1450 est,
1728 1424 1755 1446 et
1776 1426 1870 1448 manet

1072 1467 1200 1497 perpetuo
1221 1467 1249 1490 et
1270 1463 1342 1490 clare
1363 1463 1497 1496 splendet.
1521 1463 1639 1497 Quando
1655 1466 1727 1493 enim
1752 1466 1793 1497 is.
1818 1467 1864 1501 qni

1071 1508 1159 1537 omnia
1175 1508 1247 1534 novit
1259 1512 1404 1543 antequam
1420 1508 1485 1537 liant
1497 1514 1523 1536 et
1538 1509 1572 1536 ab
1585 1509 1657 1537 omni
1675 1511 1798 1544 passione
1820 1521 1861 1539 va-

1070 1561 1136 1581 cuus
1149 1559 1199 1587 est,
1217 1554 1326 1586 laudat;
1339 1559 1401 1583 tunc
1415 1554 1566 1584 indubitata:
1576 1559 1617 1582 est
1632 1556 1736 1586 virtutis
1751 1557 1866 1585 demon-

1070 1600 1174 1627 stratio.
1189 1599 1251 1627 lituo
1264 1607 1328 1634 ergo
1343 1607 1404 1628 cum
1417 1601 1535 1627 sciamus
1548 1621 1555 1632 ,
1573 1601 1634 1628 talia
1649 1609 1792 1636 operemur
1807 1609 1834 1630 ut
1849 1612 1868 1632 a

1071 1645 1126 1673 lico
1140 1645 1289 1677 laudemur,
1304 1649 1332 1672 et
1345 1646 1458 1672 maxima
1474 1653 1670 1680 consequamur
1685 1647 1754 1675 bona
1776 1658 1782 1679 ς
1805 1657 1866 1684 quae

1071 1692 1172 1719 utinam
1190 1699 1238 1723 nos
1249 1699 1342 1718 onmes
1358 1689 1548 1726 adipiscamur,
1562 1693 1645 1728 gratia
1661 1697 1688 1721 ot
1703 1693 1866 1729 benignitate

1071 1738 1175 1766 Domini
1196 1738 1279 1765 nostri
1302 1737 1363 1765 Jesu
1385 1738 1499 1771 Christi,
1523 1739 1630 1772 quicum
1662 1740 1731 1768 i’atri
1760 1748 1866 1776 unaque

1070 1785 1178 1820 Spiritui
1191 1789 1284 1812 sancto
1294 1785 1389 1819 gloria,
1402 1785 1552 1819 imperium,
1565 1785 1660 1818 honor,
1671 1794 1741 1815 nunc
1752 1792 1779 1815 ct
1792 1795 1866 1815 scm-

1072 1839 1118 1866 per
1130 1852 1138 1865 ,
1160 1837 1188 1859 ct
1201 1832 1227 1863 in
1242 1831 1341 1861 stt-cuia
1355 1831 1524 1858 saeculorum.
1540 1832 1638 1860 Amen.

1103 1944 1109 1959 ι
1129 1942 1211 1967 Morel.
1225 1942 1350 1966 habet.....
1360 1942 1407 1967 cito
1419 1941 1619 1972 liberubint’us,.ut
1630 1946 1653 1968 et
1665 1943 1865 1973 I’aulus,omissis

1071 1974 1228 2006 interpositis.

920 2083 1093 2115 HOMILIA
1114 2082 1189 2113 ΧΠ.

225 2153 288 2180 αλιι.
305 2154 331 2180 ι.
343 2161 369 2180 v.
385 2153 411 2180 6.
429 2153 491 2180 "tu
505 2157 603 2186 autent,
618 2155 725 2188 fratres,
740 2155 919 2189 transﬁguruvi
933 2154 957 2181 in
978 2163 1018 2181 me

264 2205 286 2226 et
302 2199 393 2234 Apollo
409 2204 512 2234 propter
526 2207 579 2231 vos,
595 2205 622 2226 ut
638 2200 665 2226 in
679 2199 750 2226 nobis
764 2200 866 2227 dictatis
881 2208 931 2227 non
947 2200 1015 2234 plus,

261 2252 337 2278 quam
350 2244 472 2277 scriptum
485 2249 532 2278 eu,
547 2251 645 2279 rapere.

262 2290 288 2316 l.
303 2289 437 2323 Quamdiu
451 2289 572 2317 molestis
590 2291 745 2326 asperisque
764 2290 853 2318 verbis
866 2298 933 2326 opus
947 2291 997 2319 fuit
1008 2313 1016 2325 ,

226 2343 334 2363 scenam
362 2343 414 2362 non
440 2336 560 2370 aperuit;
584 2336 630 2363 sed
649 2336 715 2364 sesi
742 2337 798 2372 ipse
811 2341 882 2365 esset
895 2337 939 2372 qui
960 2337 1018 2365 haec

225 2381 340 2413 audiret,
355 2381 393 2408 sic
408 2381 581 2416 loquebatur,
598 2386 627 2409 ut
639 2382 754 2417 dignitas
769 2390 943 2417 personarum
957 2391 1018 2419 qua

225 2427 420 2455 accusabantur
430 2428 565 2456 obsistens
575 2429 772 2462 accusantibus,
788 2437 840 2457 non
852 2430 1019 2465 permitteret

227 2473 259 2501 ad
276 2474 342 2501 iram
356 2475 519 2501 commoveri
537 2484 544 2502 :
559 2482 620 2502 cum
635 2480 725 2502 autem
739 2480 876 2510 oporteret
890 2476 1018 2512 deinceps

227 2519 326 2555 aliquid
342 2519 479 2548 remittere
491 2540 499 2553 ,
515 2524 578 2548 tunc
591 2521 675 2555 posita
689 2521 761 2548 larva
771 2542 778 2553 ,
794 2521 940 2548 occultatas
955 2530 1017 2556 pcr-

227 2573 307 2593 snoas
320 2565 436 2593 ostendit
451 2567 553 2600 prolato
574 2566 650 2593 Pauli
663 2570 690 2593 et
708 2567 804 2601 Apollo
819 2567 936 2594 tio-nine.
956 2567 1018 2595 Ideo

226 2611 354 2638 dicebat:
372 2610 434 2638 Ηατ
445 2616 546 2645 autem,
563 2610 672 2642 fratres,
688 2612 866 2647 transﬁgurari
884 2612 912 2638 in
935 2620 974 2640 me
994 2616 1018 2639 ιι

226 2657 329 2690 Apollo.
356 2657 387 2684 Et
401 2658 470 2685 sicut
488 2657 514 2684 in
535 2657 743 2692 argrotanlibus,
768 2658 874 2692 quando
889 2658 1018 2692 puerulus

226 2711 297 2738 a‘ger
310 2703 428 2731 calcibus
442 2703 514 2736 ferit,
529 2708 556 2731 et
569 2708 708 2730 aversatur
720 2703 796 2731 cibos
809 2704 854 2739 qui
869 2703 1018 2732 oil‘eruntur

225 2759 241 2778 a
256 2750 378 2782 medicis.
391 2750 549 2778 advocatum
564 2756 666 2786 patrem
683 2751 724 2777 vel
738 2751 911 2786 ptedagogum
921 2771 929 2784 ,
945 2751 962 2778 ii
973 2751 1018 2786 qui

227 2796 357 2830 assident,
369 2796 465 2832 iubent
480 2804 512 2824 ex
530 2797 625 2824 medici
647 2804 727 2824 manu
747 2797 870 2831 accipere
882 2818 889 2829 ,
903 2801 930 2825 et
944 2797 1019 2824 cibos

227 2842 342 2877 afferre,
363 2848 392 2871 ut
410 2851 444 2872 ex
469 2844 565 2872 timore
588 2844 706 2879 ipsorum
734 2843 808 2878 pueri
836 2843 967 2878 accipiant
992 2847 1019 2870 et

229 2888 367 2923 quiescant
382 2899 388 2917 :
404 2890 442 2918 sic
455 2895 481 2918 et
504 2889 601 2918 Paulus
620 2898 681 2918 cum
696 2897 743 2925 pro
757 2889 816 2917 aliis
829 2893 900 2917 esset
913 2896 1020 2916 accusa-

1071 2159 1155 2188 turus,
1178 2155 1231 2183 illis
1254 2155 1360 2190 quidem
1383 2155 1471 2190 utqui
1491 2155 1586 2191 injuria
1609 2156 1799 2189 afﬁcerentur,
1822 2158 1864 2185 his

1071 2209 1135 2229 vero
1149 2206 1178 2228 ut
1199 2202 1244 2236 qui
1267 2209 1347 2236 supra
1372 2201 1481 2228 modum
1505 2202 1718 2234 honorarentur,
1736 2210 1863 2237 personas

1070 2247 1177 2282 quidem
1189 2255 1282 2275 eorum
1294 2255 1346 2274 non
1360 2247 1480 2282 protulit,
1490 2247 1537 2275 sed
1548 2255 1597 2275 suo
1609 2252 1636 2275 et
1648 2248 1744 2282 Apollo
1755 2249 1864 2277 nomine

1070 2299 1224 2320 sermonem
1235 2292 1366 2326 adhibuit,
1379 2297 1408 2319 ut
1419 2299 1468 2319 eos
1482 2293 1600 2325 rereriti,
1615 2293 1776 2321 medicinam
1791 2295 1862 2321 acci-

1070 2343 1167 2373 perent
1182 2348 1188 2365 :
1204 2343 1345 2374 postquam
1368 2343 1457 2366 autem
1482 2344 1644 2374 acceperunt
1654 2360 1662 2373 ,
1678 2343 1740 2368 tunc
1753 2341 1863 2368 dentom

1070 2385 1177 2419 aperuit
1193 2384 1226 2412 de
1248 2385 1407 2420 quibusnam
1432 2384 1490 2412 h:cc
1511 2385 1675 2420 loqueretur.
1698 2386 1761 2413 litae
1773 2392 1862 2414 autem

1071 2438 1125 2457 non
1141 2430 1277 2458 simulatio
1291 2435 1367 2458 erant
1378 2451 1386 2463 ,
1400 2430 1448 2457 sed
1462 2431 1651 2466 attemperatio
1663 2435 1690 2459 ct
1701 2433 1862 2460 (economia.

1071 2475 1136 2502 Nam
1152 2476 1173 2503 si
1188 2480 1281 2510 aperte
1296 2475 1411 2503 dixisset
1423 2495 1430 2508 ,
1444 2475 1521 2503 Viros
1534 2480 1642 2504 sanctos
1655 2482 1681 2504 et
1694 2477 1864 2506 admirabiles

1071 2520 1202 2554 indicatis,
1217 2520 1242 2547 id
1254 2525 1326 2547 certe
1338 2528 1409 2556 aegre
1422 2520 1545 2548 tulissent
1555 2525 1582 2549 et
1593 2522 1755 2550 resiliisscnt
1772 2533 1778 2551 :
1794 2531 1865 2551 mmc

1071 2574 1135 2594 vero
1157 2574 1216 2593 cum
1232 2565 1361 2598 dixisset,
1382 2566 1448 2592 Mihi
1463 2572 1546 2600 autem
1560 2575 1606 2601 pro
1620 2568 1724 2595 minimo
1746 2574 1782 2596 at
1804 2575 1830 2595 ut
1850 2579 1867 2597 a

1070 2613 1138 2640 vobis
1147 2613 1300 2648 judiccr;et
1310 2620 1427 2644 rursmn,
1441 2613 1504 2646 Qui:
1512 2617 1547 2639 cst
1560 2612 1741 2647 Paulut?quis
1753 2615 1844 2650 Apollo
1857 2624 1867 2642 :

1070 2658 1264 2692 acceptabilem
1295 2659 1444 2685 orationcm
1474 2657 1572 2685 effecit.
1598 2659 1743 2693 Propterea
1773 2660 1863 2686 dixit:
1889 2691 1891 2693 _

1073 2704 1135 2731 Ilwc
1148 2709 1231 2731 autent
1246 2704 1273 2730 in
1288 2711 1328 2730 me
1340 2703 1520 2739 trans/iguraui
1533 2709 1636 2739 propter
1649 2712 1702 2737 vos,
1718 2709 1744 2731 ut
1758 2705 1866 2732 innubis

1071 2751 1175 2778 discetis
1188 2758 1237 2777 non
1252 2749 1310 2783 plus
1324 2758 1400 2784 quam
1413 2751 1535 2784 scriptum
1550 2755 1586 2777 est
1598 2757 1707 2786 sapere;
1719 2750 1864 2778 ostendens

1071 2796 1141 2831 quod
1156 2796 1178 2823 si
1191 2796 1225 2823 de
1238 2795 1291 2823 illis
1305 2795 1385 2822 verba
1400 2795 1516 2827 fecisset,
1532 2803 1584 2823 non
1596 2795 1753 2823 didicissent!
1763 2803 1794 2823 ea
1804 2803 1865 2830 qua:

1072 2842 1178 2869 discere
1191 2841 1351 2876 oportebat,
1368 2848 1456 2875 neque
1469 2841 1664 2869 correctionem
1678 2841 1844 2876 accepissent
1853 2860 1863 2873 .

1073 2896 1105 2916 ea
1128 2895 1187 2923 qua:
1209 2887 1369 2915 dicebantur
1391 2887 1505 2915 molesto
1525 2886 1651 2915 ferentes.
1674 2886 1750 2915 Nunc
1774 2891 1863 2916 autem
