2041 3111
658 49 669 63 I

123 129 152 157 97
642 125 677 153 ΙΝ
695 123 805 152 E‘HST.
822 123 834 150 1
871 122 916 150 ΔΙ)

987 121 1020 150 R.
1041 122 1157 151 HOMIL.
1178 121 1236 150 ΧΠ.
1733 126 1768 155 93

125 186 234 216 Paulum
250 190 279 214 et
292 186 405 214 socium
423 189 592 217 revereiites,
609 183 686 211 facile
701 183 866 210 admiserunt
880 179 922 207 iii-

125 233 322 268 crepetionem.
346 232 417 266 Quid
438 236 528 259 autem
553 230 603 257 sibi
616 229 674 256 vult
695 228 771 262 illud,
793 227 854 254 Non
868 227 925 262 plus

127 287 199 315 quam
213 279 345 313 scriptum
365 283 403 305 est
420 277 531 312 sapere?
543 276 683 310 Scriptum
698 280 740 303 est
753 283 760 301 :
776 273 845 307 Quid
856 273 925 300 vides

130 327 247 360 festucam
263 323 291 350 in
313 323 392 351 oculo
411 324 498 358 fratris
518 323 577 354 tui;
597 321 691 348 trabem
706 325 799 352 autem,
821 327 877 354 quae
900 319 926 345 in

130 372 198 398 ocqu
218 375 263 396 tuo
286 375 340 402 est,
362 378 414 396 nou
435 368 579 396 consideras
598 367 704 402 (Matth.
728 367 754 393 7.
775 367 802 393 5.
818 365 925 400 1)1et,

132 416 216 444 Nolite
225 416 367 450 judicare.
383 419 410 441 ut
431 423 481 441 non
491 413 651 448 judicentini.
667 413 733 439 Nam
747 412 769 439 si
784 419 864 438 unum
878 418 926 437 su-

132 471 188 491 mus
201 468 228 490 et
244 469 298 489 una
313 461 444 496 colligati.
461 468 512 488 non
527 464 633 494 oportet
645 463 738 486 contra
753 465 802 485 nos
814 457 926 484 invicem

132 509 280 543 insurgere.
297 507 350 540 Qui
368 508 434 534 enim
452 515 479 533 se
493 506 628 538 huuiiliat,
652 505 753 539 inquit,
775 503 928 529 excitabitur

134 554 238 589 (Hau/1.
252 553 301 581 ‘25.
318 553 381 588 l2);
397 557 434 583 et,
453 551 502 584 Qui
515 552 567 577 uult
580 551 677 585 primus
690 557 742 576 esse
755 549 878 580 onmium,
895 548 928 574 sit

134 601 246 627 omnium
269 599 386 625 minister
401 597 497 633 (Marc.
519 597 562 625 10.
587 596 643 632 43).
658 596 722 623 Haec
742 599 805 622 sunt
825 602 855 621 ea
870 602 928 629 qua:

135 647 234 681 scripta
250 650 325 673 sunt.
341 644 385 671 Ne
401 652 470 671 unus
492 652 538 679 pro
552 652 603 671 uno
615 643 718 677 inﬂetur
733 642 852 668 adversus
866 641 929 667 alte—

135 701 199 719 rum.
216 692 334 719 Rursum
349 691 438 718 missis
451 689 618 722 doctoribus,
632 689 778 723 discipulos
791 688 927 722 increpat:

135 739 174 766 illi
194 739 267 766 enim
284 742 362 765 erant
381 737 426 771 qui
451 737 499 763 hos
514 734 690 763 extollebant.
713 733 836 768 Alioquin
848 733 929 760 etiam

136 784 272 818 principes
285 791 339 810 non
356 782 433 809 facile
447 782 525 809 talem
539 781 710 808 admisissent
724 779 883 810 orationem,
898 785 932 805 eo

136 831 207 865 quod
219 835 359 858 externam
370 829 483 864 gloriam
497 831 627 863 cuperent
640 836 646 853 ε
662 827 713 854 hoc
724 826 823 861 quippe
837 825 932 852 morbo

136 875 268 903 exueeati
292 879 370 902 erant
387 884 393 901 :
410 874 460 909 ipsi
479 881 543 901 vero
561 873 645 908 gloria
662 879 714 899 non
730 872 848 898 fruentes
859 891 867 903 ,
884 870 932 897 sed

137 922 212 949 illam
226 921 286 948 aliis
302 921 458 956 przebentcs
468 940 476 953 ,
492 924 519 947 et
534 919 638 946 facilius
659 917 869 945 admonitionem
890 920 932 942 tu-

136 967 253 1000 lissent,
276 971 304 994 et
326 966 446 1001 aptiores
468 965 500 992 ad
524 964 647 991 morbum
673 962 834 990 solvendum
856 966 933 989 erant

137 1020 218 1049 quam
233 1012 379 1047 principes.
397 1011 469 1046 Ergo
482 1010 562 1037 etiam
578 1010 628 1036 hoc
647 1013 689 1036 est
702 1008 800 1039 inﬂari,
818 1015 868 1042 pro
881 1007 933 1033 alio

138 1058 231 1086 extolli
242 1078 251 1092 ,
267 1058 373 1086 etiamsi
389 1057 414 1083 in
430 1057 509 1084 rebus
524 1056 579 1083 suis
593 1055 643 1082 hoc
655 1054 734 1081 alicui
749 1061 802 1081 non
817 1052 931 1080 accidat.

137 1104 214 1132 Sicut
226 1104 300 1131 enim
317 1103 349 1136 is,
365 1102 409 1138 qui
424 1102 458 1129 de
472 1101 568 1129 alienis
588 1100 697 1128 elfertur
711 1100 794 1131 vitiis,
808 1106 842 1126 ex
855 1106 933 1124 arro-

136 1150 226 1185 gantia
249 1150 302 1176 hoc
324 1148 410 1176 facit:
426 1149 462 1175 ita
480 1147 563 1175 etiam
587 1146 631 1181 qui
651 1146 685 1173 de
708 1145 793 1180 gloria
813 1145 932 1172 alterius.

138 1197 222 1224 ﬂecte
233 1202 327 1223 autem
343 1194 508 1222 inﬂationem
521 1193 636 1220 vocavit.

175 1242 340 1277 Arrogantiw
361 1240 467 1267 malum.
491 1254 526 1259 ——
548 1238 613 1265 Cum
631 1237 701 1265 enim
717 1236 866 1263 membrum
887 1235 935 1262 ali-

138 1287 210 1322 quod
225 1286 358 1321 insuigit,
381 1285 434 1313 hec
448 1284 512 1312 nihil
527 1283 597 1310 aliud
612 1287 653 1310 est
670 1289 748 1317 qttam
763 1280 936 1308 inﬂammatio

138 1338 168 1360 et
182 1332 294 1360 morbus
309 1341 317 1359 :
332 1339 385 1358 non
408 1331 480 1359 enim
502 1331 581 1357 aliter
600 1330 713 1356 alterum
737 1327 885 1355 membrum
907 1327 937 1353 lit

138 1379 227 1406 altero
240 1378 331 1408 altius,
347 1385 428 1412 quam
447 1383 506 1403 eum
519 1380 607 1402 tumor
617 1375 702 1402 adest.
720 1374 766 1401 Sic
778 1374 856 1408 igitur
870 1377 897 1399 et
910 1373 936 1400 in

138 1432 254 1458 corpore
271 1423 412 1455 Ecclesia),
427 1422 471 1456 qui
487 1421 668 1448 inﬂammatur
681 1424 708 1447 et
721 1419 828 1446 inﬂatur
838 1439 845 1451 ,
862 1419 884 1445 is
895 1423 936 1445 est

138 1471 183 1505 qui
199 1470 296 1496 inorbo
313 1469 417 1495 laboiat
433 1477 440 1494 :
456 1472 539 1494 tumet
559 1467 630 1493 enim
652 1470 749 1500 prarter
768 1472 937 1492 communem

139 1523 310 1543 mensuram.
335 1514 390 1540 lloc
403 1513 475 1540 enim
489 1517 529 1539 est
549 1511 659 1539 inﬂatio.
675 1511 720 1539 Sic
739 1511 819 1538 etiam
838 1510 863 1537 in
876 1517 937 1537 eor-

140 1568 209 1596 pore
223 1560 332 1591 accidit,
346 1558 453 1594 quando
467 1559 573 1592 spurius
585 1558 691 1592 quidam
703 1561 731 1584 et
744 1557 829 1584 malus
843 1557 938 1583 humor

140 1606 291 1638 inﬂuxerit,
308 1613 362 1632 non
378 1609 470 1631 autem
487 1604 594 1630 solitum
608 1603 776 1629 alimentum.
793 1602 830 1629 lta
852 1602 940 1629 nasci-

141 1657 185 1679 tur
207 1651 362 1686 arrogantia
386 1649 482 1676 alienis
502 1657 551 1676 nos
571 1649 775 1683 cogitationibus
789 1647 938 1675 invadenti-

142 1698 202 1724 bus.
220 1697 254 1724 Et
269 1697 330 1724 vide
344 1703 425 1731 quam
438 1695 559 1729 apposite
571 1694 669 1721 dixerit
682 1715 688 1726 ,
707 1693 747 1720 Ne
767 1694 851 1728 iii/luti
872 1693 938 1720 sitis.

142 1743 221 1777 Quod
236 1743 308 1770 enim
322 1742 441 1770 inﬂatum
455 1747 506 1774 est,
523 1746 652 1768 tumorem
668 1741 746 1768 habet
757 1740 866 1774 spiritus
877 1760 884 1773 ,
898 1747 939 1766 re-

142 1791 246 1825 pletuin
264 1790 377 1816 humore
390 1793 527 1822 corrupto.
544 1787 606 1814 Hice
623 1793 702 1820 porro
722 1786 796 1818 dicit,
820 1792 872 1812 non
892 1793 940 1811 cu-

142 1836 282 1863 ratiOnein
297 1834 468 1866 exscindens,
491 1833 539 1860 sed
559 1833 724 1860 curationem
740 1832 811 1858 illam
831 1839 890 1866 qua:
914 1831 940 1857 iu

141 1882 249 1909 malum
263 1881 386 1908 vertitur.
402 1880 446 1907 Vis
462 1880 540 1907 istum
552 1879 667 1906 curare?
682 1878 738 1905 Non
755 1878 881 1912 impedio,
893 1876 941 1904 sed

141 1937 196 1956 non
215 1929 243 1956 in
258 1928 405 1963 perniciem
426 1927 548 1953 alterius.
570 1925 626 1952 Non
643 1926 713 1952 enim
729 1930 757 1951 ut
777 1929 870 1951 contra
893 1930 941 1950 nos

141 1977 262 2003 invicem
275 1975 358 2002 aciem
373 1975 536 2000 instruamus
546 1993 554 2005 ,
568 1972 645 1999 nobis
660 1971 714 1998 dati
729 1976 789 1998 sunt
800 1971 940 2003 doctores,

140 2023 188 2050 sed
216 2026 245 2048 ut
266 2029 316 2048 nos
334 2028 428 2047 omnes
442 2024 535 2046 mutuo
545 2018 697 2053 jungaiuus.
714 2017 771 2044 Dux
790 2016 862 2044 enim
882 2016 942 2043 ideo

141 2067 280 2096 exercitui
298 2065 442 2101 prieﬁeitur
454 2085 462 2096 ,
479 2068 508 2091 ut
521 2069 659 2098 separatos
673 2071 754 2090 unum
768 2069 866 2096 corpus
881 2061 942 2088 cfii-

141 2115 196 2142 ciat
214 2123 223 2141 :
235 2114 257 2140 si
271 2121 335 2139 vero
348 2110 497 2139 exercitum
508 2110 662 2137 divulsurus
682 2109 731 2140 sit,
745 2107 845 2134 inimici
859 2106 943 2141 magis

141 2169 228 2197 quam
245 2160 322 2187 ducis
337 2160 424 2186 locum
440 2158 543 2192 implet.
559 2157 585 2184 7.
600 2157 663 2189 Quis
676 2156 741 2182 enini
761 2160 784 2181 te
801 2153 944 2181 discernit?

141 2207 204 2243 quid
231 2207 300 2233 enim
322 2205 397 2232 habes
415 2204 483 2239 quod
503 2212 553 2230 non
574 2203 714 2238 accepisti?
729 2201 814 2228 Missis
836 2201 943 2228 demum

143 2255 284 2287 subditis,
300 2252 334 2280 ad
355 2251 488 2287 principes
502 2249 674 2278 convertitur.
698 2249 755 2276 Hoc
777 2252 865 2275 autem
887 2246 944 2273 vult

143 2300 324 2336 signiﬁcare:
341 2297 480 2326 Undenam
503 2296 586 2330 liquet
603 2294 673 2330 quod
695 2299 722 2321 tu
744 2294 842 2328 dignus
865 2291 944 2319 laude

143 2347 202 2374 sis?
223 2345 365 2373 factumne
387 2347 430 2370 est
453 2341 604 2377 judicium?
625 2340 797 2375 praccessitne
810 2337 945 2366 examen?

144 2401 177 2420 an
192 2391 324 2427 probatio
336 2410 343 2423 ,
359 2397 393 2416 an
409 2393 532 2416 accurata
548 2386 725 2422 perquisitio?
746 2385 798 2413 Sed
817 2385 868 2411 hoc
891 2391 945 2411 non

145 2438 235 2473 possis
258 2436 361 2463 dicere.
382 2434 459 2468 Quod
481 2434 502 2460 si
517 2433 639 2459 homines
651 2431 782 2459 calculum
798 2430 903 2463 ferunt;
919 2435 946 2465 at

145 2491 199 2510 non
216 2487 325 2509 rectum
340 2485 382 2507 est
394 2480 501 2507 illorum
513 2478 655 2513 judicium.
672 2477 805 2504 Potiamus
820 2480 909 2503 autem
921 2480 947 2503 te

143 2530 261 2565 dignum
275 2528 354 2556 laude
365 2534 437 2559 esse,
452 2530 479 2553 et
491 2534 553 2553 sere
562 2525 674 2560 gratiam
685 2529 710 2551 et
721 2523 821 2551 donum
835 2522 944 2556 habere,

144 2585 196 2604 nec
212 2580 373 2609 corruptum
396 2581 457 2601 esse
477 2572 615 2599 hominum
633 2570 763 2606 judicium
779 2579 786 2597 :
800 2577 887 2605 neque
908 2569 947 2596 sic

144 2622 294 2658 oportebat
307 2621 392 2647 altum
408 2627 513 2654 sapere.
526 2618 596 2646 Nihil
610 2618 682 2645 enim
696 2625 729 2645 ex
743 2622 770 2644 te
786 2616 866 2644 habes
875 2636 882 2649 ,
899 2615 947 2642 sed

144 2676 159 2695 a
177 2669 236 2696 Deo
249 2666 389 2702 accepisti.
406 2666 462 2693 Cur
474 2672 538 2700 ergo
551 2668 577 2691 te
589 2663 690 2691 habere
704 2662 813 2690 simulas
825 2662 861 2694 id,
875 2662 947 2697 quod

146 2723 201 2742 non
219 2714 328 2742 habes?
352 2713 388 2740 At
408 2717 436 2739 tu
459 2711 510 2738 hoc
525 2710 627 2744 habes,
642 2715 669 2737 et
691 2709 735 2736 alii
757 2714 854 2736 tecum.
876 2709 947 2743 Ergo

145 2767 208 2788 cum
233 2758 374 2794 acceperis
395 2757 488 2791 babes,
503 2764 556 2784 non
580 2756 631 2784 hoc
646 2755 688 2783 vel
702 2755 781 2790 illud,
797 2755 844 2783 sed
856 2755 946 2782 omnia

145 2814 207 2841 qua:
225 2805 322 2833 babes.

180 2851 211 2880 2.
227 2850 290 2880 Non
304 2853 379 2879 enim
395 2850 455 2878 haec
466 2853 510 2878 tua
525 2853 598 2878 recte
612 2847 682 2877 facta
701 2852 774 2884 sunt,
788 2847 834 2876 sed
850 2854 884 2876 ex
899 2846 947 2875 Dei

978 180 1062 214 gratia
1077 181 1244 215 proveniunt.
1259 179 1288 208 Si
1303 179 1384 208 ﬂdcm
1399 180 1509 214 dixeris,
1523 188 1556 209 ex
1570 182 1709 211 vocatione
1724 184 1767 212 illa

975 229 1068 261 venit;
1087 229 1109 256 si
1122 228 1308 256 remissionem
1321 232 1501 263 peccatorum,
1518 230 1540 256 si
1558 230 1730 262 charismata.
1745 233 1767 259 si

975 273 1102 301 doctrinm
1117 274 1240 306 verbum,
1255 273 1277 301 si
1288 274 1415 302 virtutes‘
1432 283 1438 301 :
1452 275 1540 301 omnia
1555 274 1617 303 inde
1630 276 1769 311 accopisti.

976 319 1044 352 Quid
1059 327 1122 354 ergo
1137 319 1231 351 habes.
1245 327 1337 354 qumso
1352 325 1387 352 te,
1405 320 1475 354 quod
1491 328 1543 348 non
1555 321 1702 355 acceperis,
1721 321 1768 349 sed

976 371 1010 391 ex
1025 369 1050 391 te
1064 365 1121 399 ipso
1132 369 1204 392 recte
1219 365 1375 400 acquisieris
1386 366 1398 391 Ἰν
1410 366 1475 392 nihil
1496 366 1585 393 dicere
1605 367 1702 402 possis.
1716 366 1768 395 Sed

977 410 1113 444 accepisti.
1127 414 1154 437 et
1167 410 1227 437 ideo
1241 411 1323 438 altum
1344 411 1415 445 sapis
1430 410 1441 437 ?
1457 411 1519 438 Ideo
1539 416 1612 439 certe
1629 412 1770 446 oportebat

978 457 1091 491 tcipsiim
1111 457 1263 492 deprimere
1277 465 1284 489 ;
1301 465 1352 484 non
1365 458 1435 485 enim
1451 463 1523 485 tuum
1539 463 1581 486 est
1596 459 1622 486 id
1637 460 1706 493 quod
1723 460 1770 487 tibi

977 501 1068 529 datum
1081 507 1132 535 est,
1146 503 1192 530 sed
1205 503 1301 530 dantis.
1313 503 1340 530 Si
1355 503 1426 530 enim
1439 504 1574 538 accepisti,
1589 505 1621 532 ab
1636 505 1681 532 illo
1695 513 1771 532 acce-

979 549 1039 584 pisti
1058 558 1064 575 :
1081 549 1102 576 si
1116 550 1150 577 ab
1165 549 1210 576 illo
1231 549 1372 584 accepisti,
1389 557 1442 576 non
1459 558 1514 577 rem
1530 555 1600 577 tuam
1620 551 1744 585 accepisti
1762 561 1769 579 :

979 595 1050 630 quod
1070 596 1092 622 si
1117 603 1170 622 non
1191 603 1247 622 rem
1269 601 1340 622 tuam
1355 596 1499 630 accepisti,
1520 604 1567 624 cur
1583 598 1664 624 altum
1680 598 1769 633 sapis,

979 641 1055 676 quasi
1070 649 1125 669 rem
1143 647 1214 669 tuam
1230 641 1331 669 habens
1346 641 1358 668 ?
1378 641 1557 675 Quamobrem
1571 643 1725 678 subjungit:
1741 644 1773 671 Si

980 692 1063 715 anteiit
1084 688 1214 723 accepisti,
1234 688 1296 723 quid
1314 688 1433 723 gloriaris
1455 689 1527 723 quasi
1548 697 1599 715 non
1621 690 1746 724 acceperis
1760 690 1773 717 .9

980 733 1047 761 Cum
1061 741 1125 768 ergo
1137 741 1170 761 ex
1186 741 1318 761 concursu
1329 733 1428 761 dictum
1438 741 1514 760 suum
1525 734 1674 768 probasset,
1684 740 1774 762 osten-

981 779 1021 806 dit
1031 779 1072 806 vel
1084 779 1165 806 multa
1181 779 1233 806 illis
1245 779 1351 812 deesse,
1367 784 1394 806 et
1405 780 1460 806 ait:
1476 779 1555 807 Certe
1569 780 1672 807 etiamsi
1685 782 1774 807 omnia

981 825 1163 859 accepissctis,
1179 832 1231 851 non
1247 829 1383 859 oporteret
1401 825 1530 860 gloriari;
1554 825 1618 852 nihil
1640 825 1712 853 enim
1727 834 1775 853 ve-

982 875 1067 897 strum
1081 875 1140 898 est:
1156 878 1227 897 nunc
1242 875 1329 897 autem
1346 870 1427 898 multa
1443 871 1517 898 vobis
1530 871 1636 898 deSunt.
1653 871 1687 899 Et
1700 872 1775 899 initio

982 915 1089 950 quidem
1109 915 1159 943 hoc
1173 916 1352 943 subindicavit
1364 917 1476 945 dicens:
1494 916 1554 944 Non
1569 918 1640 952 potui
1652 918 1720 945 vobis
1737 919 1776 945 lo.-

982 961 1025 996 qui
1039 965 1065 987 ut
1078 961 1250 996 spiritualibus
1263 969 1273 993 ;
1287 965 1324 994 et,
1345 960 1420 988 Nihil
1433 962 1548 997 jtulieatii
1569 971 1608 989 me
1626 963 1692 990 scire
1710 963 1776 990 inter

983 1014 1037 1040 vos,
1048 1007 1097 1033 nisi
1107 1006 1196 1034 Jesum
1209 1007 1347 1039 Christum,
1357 1013 1379 1034 et
1390 1008 1473 1042 ipsum
1482 1009 1630 1042 cruciﬁxum
1642 1016 1650 1035 :
1660 1009 1702 1036 hic
1713 1017 1777 1036 vero

984 1052 1045 1079 illos
1066 1052 1168 1087 pudore
1181 1052 1322 1080 afficicuilo
1343 1053 1368 1080 id
1384 1053 1448 1080 facit
1461 1054 1554 1081 dicens
1568 1063 1574 1080 :
1591 1054 1618 1082 8.
1632 1054 1693 1082 Jam
1707 1061 1777 1082 satu-

984 1098 1034 1124 rati
1047 1099 1115 1131 estis,
1127 1099 1184 1132 jam
1195 1098 1283 1126 divites
1298 1099 1359 1134 facti
1373 1099 1445 1131 estis;
1459 1100 1485 1127 ld
1500 1104 1550 1131 est,
1565 1100 1640 1127 Nulla
1660 1108 1690 1128 re
1703 1101 1774 1128 indi-

985 1144 1052 1178 getis
1067 1144 1203 1179 deinceps,
1215 1144 1325 1179 perfecti
1336 1145 1469 1178 evasistis,
1484 1146 1571 1180 ipsum
1582 1147 1689 1174 culmen
1699 1147 1778 1174 attin-

984 1189 1056 1224 gitis,
1071 1189 1169 1216 nullius
1181 1197 1231 1224 ope
1242 1197 1289 1217 vos
1302 1198 1379 1225 cgere
1396 1191 1506 1225 putatis.
1517 1199 1569 1218 non
1585 1193 1776 1226 apostolorum,

986 1243 1039 1262 non
1053 1235 1203 1263 doctorum.
1219 1236 1279 1262 Jam
1289 1237 1396 1263 suturati
1410 1238 1478 1264 estis.
1489 1238 1603 1265 Etrecte
1616 1238 1690 1272 illud,
1706 1238 1777 1269 Jaiii.

986 1281 1123 1315 usurpavit
1141 1288 1156 1308 a
1174 1285 1293 1315 tempore
1314 1282 1459 1309 ostendens
1481 1283 1654 1317 improbabile
1673 1291 1733 1311 esse
1753 1284 1778 1310 id

986 1325 1056 1360 quod
1067 1326 1167 1359 dicunt,
1180 1330 1229 1353 eta
1241 1327 1345 1354 ratione
1359 1327 1473 1354 alienam
1488 1335 1548 1355 esse
1557 1329 1662 1356 illorum
1677 1330 1780 1364 opinio-

987 1379 1061 1399 nem.
1079 1371 1194 1406 ldeoque
1216 1372 1356 1398 traducens
1380 1373 1438 1399 illos
1454 1373 1557 1400 diccbat
1573 1382 1579 1400 :
1596 1373 1660 1400 Tam
1680 1375 1733 1402 cito
1746 1381 1779 1401 ait

988 1416 1068 1443 finem
1094 1416 1273 1451 pervenistis,
1298 1417 1369 1452 quod
1396 1418 1451 1445 licri
1473 1426 1525 1445 non
1549 1424 1652 1453 poterat
1672 1425 1779 1454 propter

990 1468 1105 1498 tempus.
1122 1463 1286 1490 Pcrfectiora
1305 1465 1376 1490 enim
1397 1465 1422 1491 in
1440 1464 1527 1491 futuro
1544 1471 1652 1492 manent
1669 1475 1675 1493 :
1692 1467 1782 1500 paucis

988 1508 1059 1536 enim
1076 1509 1190 1536 saturari
1213 1508 1308 1535 infirmi
1330 1514 1372 1536 est
1396 1509 1498 1542 animi;
1514 1511 1604 1545 paucis
1627 1511 1780 1539 existimare

988 1562 1018 1583 se
1032 1555 1141 1582 divitem
1156 1554 1224 1588 ﬁeri,
1239 1555 1392 1582 nauseantis
1403 1559 1444 1582 est
1459 1561 1486 1583 et
1500 1557 1590 1583 miseri
1605 1566 1610 1583 :
1625 1557 1781 1584 insatiabilis

989 1601 1059 1628 enim
1071 1604 1113 1628 est
1127 1601 1211 1635 pietas
1224 1609 1231 1627 ε
1245 1605 1272 1628 et
1286 1601 1395 1635 puerilis
1408 1607 1448 1628 est
1464 1602 1562 1629 mentis
1573 1609 1586 1628 a
1601 1603 1688 1636 primo
1702 1611 1781 1631 acce-

991 1646 1041 1681 ptis
1063 1651 1157 1681 putare
1171 1654 1201 1674 se
1223 1651 1307 1674 totum
1321 1647 1467 1682 accepisse,
1482 1652 1509 1675 et
1524 1656 1584 1675 cum
1601 1649 1642 1676 vix
1656 1649 1743 1676 adhuc
1757 1650 1781 1676 iu

990 1693 1128 1728 prooemiis
1153 1693 1217 1726 sint,
1233 1700 1264 1720 ac
1285 1693 1307 1720 si
1329 1692 1408 1720 ﬁnem
1432 1694 1684 1728 apprelieudisseut,
1700 1695 1782 1722 altum

991 1747 1097 1773 sapere.
1113 1739 1215 1766 Deinde
1232 1739 1256 1765 in
1271 1739 1444 1774 sequentibus
1460 1739 1543 1774 magis
1559 1739 1619 1766 illos
1631 1739 1732 1774 pudore
1746 1740 1784 1767 af-

991 1784 1055 1812 ﬁcit.
1068 1785 1133 1812 Cum
1145 1785 1256 1812 dixisset
1267 1785 1349 1816 enim,
1360 1785 1420 1811 Jmii
1429 1786 1538 1811 satitruti
1546 1786 1615 1818 estis,
1625 1786 1762 1820 subjunxit
1775 1795 1783 1812 ε

990 1830 1051 1857 Jam
1064 1831 1153 1857 divites
1168 1831 1229 1865 facti
1243 1831 1302 1857 estis
1315 1839 1324 1856 :
1337 1830 1390 1857 sine
1405 1831 1475 1857 nobis
1490 1832 1612 1865 regnustis
1628 1836 1671 1858 :et
1686 1832 1784 1858 utinam

991 1879 1138 1912 regnareti’s,
1147 1882 1174 1902 ut
1182 1878 1257 1903 etiam
1269 1885 1314 1903 nos
1325 1877 1450 1904 vobiscum
1464 1886 1635 1912 regnat-emus.
1646 1879 1784 1906 Gravitale

992 1922 1074 1948 multa
1091 1922 1182 1956 plenus
1195 1927 1235 1949 est
1247 1929 1346 1949 sermo.
1361 1922 1422 1948 lileo
1444 1922 1565 1949 ultimum
1587 1922 1661 1950 illum
1678 1923 1782 1951 induxit

992 1972 1053 2002 post
1066 1967 1174 1994 inultam
1198 1968 1419 2002 iiicrepationein.
1433 1967 1470 1994 lia
1492 1968 1562 1994 enim
1578 1969 1667 2003 gravis
1685 1969 1785 1996 estad-

993 2013 1105 2040 inouitio
1123 2017 1150 2040 ct
1163 2013 1345 2047 aceeptabilis,
1360 2021 1421 2040 cum
1437 2017 1497 2048 post
1512 2014 1696 2041 accusationes
1716 2014 1785 2041 infe-

993 2063 1089 2087 runtur
1102 2059 1184 2086 verba
1199 2067 1258 2094 quae
1279 2058 1408 2094 pudorem
1432 2059 1570 2086 incutiant.
1588 2059 1645 2086 lloc
1656 2060 1728 2087 enim
1743 2060 1785 2087 vel

994 2104 1176 2139 impudentem
1193 2108 1282 2139 potest
1298 2104 1415 2131 animum
1431 2104 1558 2131 cohibere
1568 2125 1575 2136 ,
1589 2109 1616 2131 et
1630 2106 1713 2139 magis
1727 2112 1788 2140 per-

995 2151 1137 2186 stringere,
1159 2157 1238 2185 quam
1260 2148 1399 2176 manifesta
1414 2149 1565 2181 accusatio,
1583 2153 1786 2184 temperareque

995 2197 1115 2225 dolorem
1139 2200 1167 2224 et
1191 2195 1381 2230 impudentiam
1407 2203 1442 2222 ex
1465 2195 1634 2222 aceusatione
1658 2195 1786 2223 inducen-

995 2243 1066 2270 dam.
1084 2242 1149 2269 lllud
1172 2246 1261 2269 autem
1288 2241 1313 2268 in
1334 2241 1423 2268 verbis
1444 2241 1571 2275 pudorem
1599 2241 1788 2268 incutientibns

995 2290 1079 2325 magis
1093 2289 1213 2316 mirabile
1228 2292 1284 2319 est,
1299 2287 1370 2322 quod
1386 2286 1440 2314 duo
1456 2287 1572 2314 habeant
1586 2287 1721 2314 contraria
1736 2295 1743 2319 ς
1761 2291 1789 2314 et

996 2336 1146 2372 graviorem
1169 2335 1289 2370 inﬂigaut
1312 2334 1415 2369 plagam
1433 2341 1512 2368 quam
1535 2334 1676 2361 manifesta
1695 2335 1787 2361 crimi-

997 2384 1078 2414 natio,
1094 2387 1120 2410 et
1131 2390 1191 2410 eum
1206 2382 1250 2416 qui
1264 2381 1383 2415 arguitur
1397 2379 1544 2415 graviorem
1563 2379 1710 2407 sectionem
1726 2387 1786 2414 pas-

997 2436 1066 2459 sum,
1083 2428 1115 2454 ad
1138 2427 1266 2462 majorem
1284 2426 1450 2454 tolerantiam
1472 2430 1611 2460 apparent.
1634 2425 1698 2452 Sine
1718 2426 1789 2452 nobis

997 2474 1128 2509 regnantis.
1146 2473 1194 2500 Hic
1207 2480 1300 2507 magna
1315 2476 1356 2499 est
1369 2471 1505 2506 emphasis
1517 2475 1545 2498 et
1559 2476 1651 2498 contra
1666 2470 1789 2497 doctores

998 2526 1026 2548 et
1039 2525 1132 2548 contra
1145 2519 1301 2554 discipulos.
1313 2518 1469 2546 Ostenditur
1482 2517 1545 2545 hinc
1556 2518 1615 2545 illos
1628 2517 1727 2544 nullam
1743 2516 1792 2544 ha-

999 2566 1063 2594 bere
1081 2565 1274 2592 conscientiam
1288 2569 1370 2599 atque
1383 2563 1527 2591 admodum
1541 2563 1636 2590 stultos
1650 2569 1720 2590 esse.
1735 2563 1789 2590 Hoc

999 2611 1070 2639 cuitu
1083 2611 1140 2638 vult
1161 2610 1252 2637 dicere
1272 2618 1278 2636 :
1294 2609 1322 2636 lii
1337 2609 1471 2636 laboribus
1483 2609 1572 2635 omnia
1587 2613 1650 2636 sunt
1669 2615 1789 2635 commu-

1000 2658 1043 2685 nia
1057 2662 1084 2684 et
1101 2656 1180 2684 nobis
1201 2661 1227 2684 et
1243 2655 1338 2688 vobis;
1363 2655 1388 2682 in
1403 2655 1520 2690 prarmiis
1539 2659 1628 2682 autem
1643 2658 1671 2682 et
1683 2653 1789 2681 coronis

999 2710 1048 2730 vos
1069 2703 1146 2737 primi
1169 2702 1244 2729 estis.
1265 2701 1317 2728 Sed
1340 2701 1398 2728 hinc
1412 2701 1503 2728 dicens
1523 2708 1576 2727 non
1596 2700 1674 2728 doleo
1690 2709 1697 2726 :
1711 2699 1788 2727 ideo-

1000 2757 1053 2785 que
1076 2748 1213 2784 subjunxit
1237 2757 1243 2774 :
1269 2748 1302 2775 Et
1329 2748 1427 2775 utinam
1453 2748 1602 2782 regnantis.
1630 2745 1729 2775 Deinde
1753 2753 1787 2773 ne
1809 2759 1812 2765 ι

1564 2811 1568 2823 t

1038 2849 1044 2864 '
1059 2852 1125 2881 Haec.
1136 2849 1157 2875 si
1167 2848 1273 2879 virtutes,
1285 2846 1376 2871 desunt
1385 2846 1410 2871 in
1421 2844 1502 2870 editis.
