2041 3111
270 165 304 195 99
654 159 684 186 s.
702 155 838 184 manus
856 149 1088 181 CIIRYSOSTOMI
1108 149 1262 177 AltClllEP.
1283 139 1543 178 co'nsmnrixor.

272 217 407 250 videretur
426 218 510 247 ironia
527 216 585 244 lucc
600 221 659 242 esse
670 235 677 247 ,
692 213 800 247 adjecit.
817 210 850 238 Ut
871 211 895 237 et
916 211 964 236 not
978 207 1059 234 uobis-

271 275 330 295 cum
346 268 518 302 regnoremus.
535 260 640 289 Etenim
659 260 686 285 et
706 264 770 289 nos,
793 255 895 302 inquit,
911 253 968 302 111110
990 252 1059 302 bona

271 299 428 347 consequuti
443 310 576 337 csSemns.
592 304 684 332 Viden’
697 300 830 337 quomodo
851 299 929 347 simul
950 301 977 325 et
1003 299 1061 347 grtia

272 343 379 385 vitatem
406 360 433 383 et
458 356 548 382 curant
579 348 702 378 ostendat
733 345 974 382 philosophumth
1002 343 1060 370 ani-

273 403 371 431 mum?
399 399 492 428 Vltien'
525 395 658 432 quomodo
688 393 768 422 eliam
805 392 901 419 flatum
934 389 1058 417 auferat:

272 451 299 477 9.
315 449 381 475 Puto
391 447 457 474 enim
466 444 532 480 quod
543 443 612 470 Deus
622 447 668 468 nos
680 440 806 475 apostolos
817 437 962 466 novissimos
973 440 1057 463 osten-

272 495 327 527 dit,
352 497 478 526 tamquam
505 489 580 516 morti
601 488 749 515 destinatos.
783 485 891 513 Multam
911 483 1059 518 emphasim

271 544 298 569 et
309 540 466 575 gravitatem
478 538 571 564 rursus
581 534 706 567 exhibet,
720 532 857 561 cum'dicit
866 552 874 564 ,
889 530 954 558 Nos.
969 530 1060 564 Neque

273 585 323 614 hoc
334 585 370 612 illi
382 585 446 612 satis
462 582 520 616 fuit,
535 580 582 610 sed
593 585 621 609 et
632 580 787 615 dignitatem
803 578 950 612 ‘subjunxit,
967 577 1060 604 111101οι

271 633 334 661 11001
345 638 392 659 eos
401 629 598 666 perstringens:
608 625 634 654 Ν
637 626 775 661 oa,inquit,
783 623 924 660 apostolos,-
934 623 979 658 qui
990 622 1060 650 mala

272 672 387 713 patimur
406 676 542 702 innumera
553 694 560 706 ,
576 672 620 708 qui
635 671 770 715 religionis
786 669 999 705 prsidio-stionem
1013 673 1058 695 sea

273 723 417 752 minamus,
431 720 475 756 qui
490 727 537 747 vos
550 719 582 746 ad
595 723 694 746 tantam
709 715 903 751 philosophiam
917 715 1039 742 ducimus
1051 716 1057 741 1

274 768 323 795 hos
341 767 500 794 novissimos
514 763 631 791 ostendit
646 767 779 797 tamquam
794 761 871 788 morti
892 760 1038 787 destinatos
1049 780 1057 792 .

274 814 325 841 1100
341 814 399 846 est,
421 815 449 839 111
469 812 616 838 damnatos.
632 809 776 842 Postquam
796 807 867 834 enim
883 806 964 838 dixit,
989 805 1022 833 Ut
1036 806 1060 832 ct

274 863 319 886 nos
336 858 461 885 uobiscum
476 863 652 891 regnaremns,
676 854 702 880 et
722 852 852 880 sermonis
866 851 1059 879 vehementiam

275 903 425 938 mitigavit;
441 907 469 929 ut
482 907 515 929 ne
531 901 590 927 Illos
605 900 740 934 fl'angeret
751 918 759 929 .
775 898 888 932 idipsum
910 899 1001 924 rursus
1014 903 1059 922 tis-

274 950 354 977 sumit
374 952 433 975 01110
459 946 552 980 majori
571 945 713 980 gravitate,
734 946 760 970 et
772 943 829 970 ait:
847 942 912 969 Puto
930 950 975 978 ego
993 941 1060 976 quod

275 995 342 1023 Deus
353 998 397 1021 ‘nos
411 993 538 1028 apodtolos
553 991 700 1018 novissimos
715 989 831 1022 ostendit,
848 992 974 1024 tantquth
986 988 1060 1015 morti

273 1042 420 1068 destinatas.
433 1039 499 1066 Nam
512 1043 540 1065 ut
552 1046 602 1073 ego
618 1037 707 1069 video,
722 1036 816 1071 inquit,
833 1036 967 1071 etiamque
981 1043 1015 1062 ex
1028 1035 1060 1063 1111

273 1093 332 1121 quae
348 1094 394 1113 vos
408 1084 506 1117 dicitis,
524 1084 643 1111 onminm
657 1082 828 1117 ahjectissimi
843 1089 891 1108 nos
905 1086 931 1108 et
942 1081 1059 1108 damnati

272 1136 374 1165 sumus,
391 1132 435 1166 qni
455 1131 488 1157 ad
509 1130 662 1165 patiendum
687 1134 793 1163 semper
806 1127 922 1163 expositi
944 1132 1058 1160 sumus;

272 1185 320 1206 vos
334 1182 422 1205 autent
439 1177 493 1211 jam
507 1182 617 1210 regnum
631 1180 658 1202 ct
673 1175 787 1202 honores
802 1180 828 1202 ct
841 1174 948 1209 pra-mia
966 1174 1059 1208 intag’ia

271 1225 381 1252 namini.
398 1223 496 1251 Voletts
510 1228 598 1249 autem
615 1222 647 1249 ad
658 1222 784 1256 majorem
801 1218 990 1248 absurditatcm
1001 1225 1062 1248 ora-

271 1271 370 1297 tionem
391 1267 542 1300 deducere‘,
564 1270 591 1294 et
611 1267 754 1294 ostendere
775 1274 835 1294 esse
858 1266 931 1294 illam
951 1267 1060 1296 omnino

271 1315 474 1351 improbabilem
492 1323 499 1347 ;
516 1318 568 1342 non
583 1314 664 1346 dixit,
675 1312 730 1341 Nos
749 1314 822 1341 Certe
837 1316 928 1340 sumus
944 1313 1060 1340 novissi-

271 1363 307 1390 mi
323 1361 399 1394 ;sed.
414 1360 468 1388 Nos
479 1361 549 1388 Deus
565 1360 724 1387 novissimos
737 1359 807 1387 fecit.
823 1357 877 1387 Nec
890 1360 954 1387 satis
971 1359 1061 1387 habuit

270 1407 384 1440 dixisse,
406 1406 565 1434 Nouissimas
580 1415 588 1437 ;
604 1405 650 1433 sed
665 1405 802 1440 subjunxit
814 1410 841 1432 et
856 1402 935 1432 Morti
950 1404 1060 1432 destina-

271 1456 320 1486 tos,
335 1457 362 1479 ut
375 1452 416 1480 vel
435 1450 577 1479 admodum
593 1451 701 1478 insanus
714 1451 801 1485 quivis
816 1450 947 1477 dictorum
962 1451 1060 1484 impro-

271 1497 435 1524 habilitatetn
450 1496 571 1528 videret,
593 1495 727 1530 verbaque
746 1493 860 1523 dolentis
874 1500 901 1523 et
919 1495 1060 1523 admodum

270 1539 330 1570 illos
345 1542 446 1577 pudore
457 1540 598 1568 aﬁicientis
610 1547 679 1567 esse.

306 1589 333 1616 5.
356 1582 432 1614 Pauli
452 1587 595 1622 prudentia.
609 1601 644 1606 —
657 1585 691 1612 Et
710 1584 770 1613 vide
787 1585 861 1612 Pauli
882 1584 1059 1620 prudentum.

272 1635 292 1661 Δ
310 1634 406 1668 quibus
426 1633 516 1667 seipse
535 1636 686 1666 Opportune
706 1634 827 1665 tempore
847 1632 964 1664 extollit,
980 1636 1062 1665 seque

273 1679 457 1706 honorabilem
479 1682 505 1704 et
530 1680 654 1711 magnum
670 1677 809 1709 ostendit;
832 1676 865 1704 ab
885 1677 978 1704 iisdem
1001 1676 1061 1705 111οε

273 1730 343 1752 nunc
357 1724 458 1759 pudore
472 1723 553 1751 afficit
563 1743 570 1754 ,
585 1722 738 1750 damnatum
752 1725 782 1750 se
796 1726 904 1750 'vocans.
921 1722 1005 1750 Tanta
1019 1728 1062 1751 res

273 1774 315 1797 est
328 1769 485 1804 congruenti
501 1774 620 1803 tempore
639 1768 727 1795 omnia
741 1768 839 1795 facere.
855 1768 932 1795 Morti
947 1768 1062 1796 110111111οι

274 1815 378 1848 tos,hos
387 1814 527 1842 damnatos
538 1818 624 1846 vocat,
635 1814 678 1848 qui
688 1813 760 1841 mille
769 1813 898 1840 mortibus
907 1813 978 1848 digni
989 1815 1060 1841 sunt.

275 1862 343 1895 Quia
355 1860 525 1895 spectaculum
538 1860 600 1894 facti
614 1867 700 1886 sumus
713 1859 818 1891 mundo,
835 1864 857 1885 et
870 1860 967 1894 angelis
981 1860 1004 1886 et
1017 1859 1063 1885 Ιιοὁ

273 1907 394 1934 minibus.
402 1905 469 1939 Quid
478 1909 519 1933 est
527 1905 602 1936 illud,
612 1905 789 1939 Spectoculum
796 1905 856 1940 facti
864 1911 949 1932 sumus
956 1905 1063 1932 mundo?

273 1952 332 1980 Non
351 1952 377 1979 in
398 1951 494 1986 angulo
508 1954 561 1978 uno
576 1956 661 1985 neque
681 1951 706 1977 in
727 1954 807 1984 parva
826 1950 898 1977 orbis
913 1956 989 1985 parte
1007 1950 1063 1978 111110

274 1998 408 2033 patimur.
430 1996 534 2031 inquit;
552 1995 599 2023 sed
621 1995 718 2030 ubique
734 1999 761 2022 et
780 1995 849 2030 apud
870 2002 974 2022 omnes.
994 1995 1062 2028 Quid

275 2041 325 2069 sibi
340 2041 396 2068 vult
411 2044 512 2074 autem,
529 2040 561 2067 Et
576 2040 693 2075 angelis?
713 2040 827 2067 Possunt
839 2039 991 2068 ltominibus
1003 2046 1063 2068 esse

274 2087 468 2122 spectaculum,
483 2085 530 2113 sed
546 2093 598 2112 non
619 2085 731 2120 angelis,
745 2085 852 2120 quando
865 2080 926 2112 vilia
940 2091 1003 2112 sunt
1016 2093 1064 2120 gen-

274 2137 314 2160 stu
326 2142 333 2165 ;
347 2137 374 2159 at
387 2131 534 2159 certamina
551 2135 639 2158 nostra
653 2130 712 2157 talia
728 2134 799 2162 sunt,
813 2134 841 2156 ut
853 2130 931 2165 digna
942 2131 996 2157 sint
1005 2133 1064 2165 quati

275 2181 429 2214 spectentur
438 2177 471 2204 ah
481 2176 593 2211 angelis.
609 2176 674 2202 Vide
683 2175 816 2209 quomodo
825 2180 855 2202 ex
871 2176 976 2209 iisdem,
990 2177 1065 2211 queis

275 2231 305 2252 se
320 2224 398 2250 vilem
413 2222 494 2254 dicit,
509 2228 538 2249 se
559 2226 651 2248 rursus
666 2224 790 2255 maguum
803 2221 946 2248 ostendat:
960 2227 992 2249 ex
1007 2222 1065 2257 qui-

276 2270 326 2297 bus
338 2272 426 2295 autem
442 2267 479 2294 illi
494 2267 575 2294 ultum
591 2267 739 2302 sapiehant,
756 2267 816 2294 illos
829 2272 888 2295 esse
903 2269 969 2296 viles
980 2273 1006 2295 et
1019 2268 1066 2295 alr-

253 2319 256 2323 ‘
275 2314 361 2349 jectos
375 2312 538 2348 prouuntiet.
548 2310 615 2344 Quia
625 2311 695 2339 enim
710 2313 804 2338 stultos
818 2320 878 2340 esse
891 2320 969 2347 quam
982 2313 1065 2340 videri

277 2359 432 2394 prudentes,
446 2363 474 2385 et
488 2357 607 2384 infirmos
617 2365 677 2384 esse
691 2364 770 2392 quam
782 2357 863 2385 fortes
877 2376 884 2391 ,
901 2363 928 2386 et
940 2356 1066 2393 inglorios

276 2412 338 2433 esse
349 2411 428 2439 quam
443 2404 575 2439 gloriosos
593 2409 621 2432 et
634 2404 762 2436 illustres,
778 2405 907 2440 abjectius
921 2413 981 2432 esse
995 2406 1067 2433 vidc-

278 2451 372 2483 batur;
384 2455 411 2478 et
421 2450 478 2477 haec
486 2449 593 2485 quidem
602 2450 628 2477 111
640 2450 698 2477 illos
709 2455 750 2478 est
760 2451 941 2485 eonjecturus,
951 2451 993 2479 illa
1003 2458 1067 2479 vero

278 2497 336 2532 ipse
353 2496 403 2523 sibi
416 2496 560 2523 vindicavit
576 2505 583 2522 :
599 2496 717 2523 ostendit
735 2496 792 2523 haec
805 2497 857 2523 illis
872 2499 932 2524 esse
945 2497 1065 2529 meliora,

278 2543 301 2570 si
316 2542 422 2577 quidem
438 2549 485 2577 per
498 2543 555 2569 haec
569 2549 621 2569 non
643 2540 779 2569 hominum
802 2543 899 2576 modo,
921 2543 967 2571 sed
988 2544 1066 2570 etiam

279 2588 434 2622 angelorum
457 2588 581 2622 populum
607 2588 640 2615 ad
665 2587 705 2615 sui
726 2588 906 2622 spectaculum
924 2590 1066 2617 convertit.

279 2633 336 2660 Non
359 2633 430 2660 enim
453 2633 531 2660 nobis
554 2637 596 2660 est
616 2632 772 2660 colluctatio
796 2633 924 2661 adversus
947 2634 1068 2662 homines

280 2679 399 2711 tantum.
415 2677 462 2705 sed
484 2678 565 2705 etiam
587 2678 717 2705 adversus
737 2677 908 2713 ineorporeas
923 2685 1068 2714 potestates

281 2723 394 2758 (Ephes.
409 2723 436 2750 ϐ.
453 2722 517 2759 12).
544 2722 659 2756 ldeoqtte
678 2725 802 2757 magnum
823 2724 898 2751 sedet
923 2725 1065 2752 theatrum.

281 2768 324 2795 10.
337 2768 392 2795 Nos
404 2769 475 2794 stulti
489 2773 592 2802 propter
603 2767 741 2802 Christum,
753 2773 795 2795 uos
805 2775 887 2796 autem
900 2771 1034 2806 prudentes
1042 2773 1069 2799 in

281 2813 390 2841 Christo.
412 2813 514 2840 Rursus
534 2813 586 2840 hoc
605 2812 638 2840 ad
652 2813 781 2848 pudorem
796 2814 975 2843 incutiendum
992 2817 1067 2850 dixit,

281 2859 425 2888 ostendens
441 2858 497 2886 fieri
519 2867 571 2886 non
594 2866 674 2894 posse
696 2864 723 2887 ut
744 2860 802 2889 hac
814 2862 946 2889 contraria
961 2862 1068 2890 contiu-

1847 143 1899 176 100

1106 212 1181 244 gant,
1197 216 1247 235 nec
1258 215 1336 242 posse
1351 215 1392 240 ea,
1409 215 1469 242 qmc
1485 211 1586 234 tantum
1600 210 1615 235 a
1630 214 1659 236 se
1675 213 1768 236 111111110
1788 209 1902 243 distant,

1109 256 1134 283 111
1150 262 1231 282 unum
1247 254 1401 283 convenire.
1428 254 1569 288 Quomodo
1583 255 1654 282 enim
1671 255 1730 283 fieri
1744 260 1844 290 potest,
1861 257 1901 284 iu-

1111 296 1178 331 ttuit,
1195 303 1244 324 vos
1258 297 1403 331 prodentes
1414 300 1441 325 et
1456 304 1505 324 nos
1515 297 1611 325 stultos
1624 298 1720 325 essein
1733 298 1823 330 rebus,
1838 301 1898 333 quat

1111 346 1173 370 sunt
1187 342 1285 370 Christi
1300 343 1312 370 1
1326 343 1392 377 Quia
1407 343 1477 370 enim
1493 343 1530 370 illi
1551 343 1657 378 quidem
1677 344 1897 376 verberabantur.

1111 387 1340 422 despiciebantur,
1359 384 1490 416 dedecore
1504 388 1694 422 efﬁciebantur,
1710 393 1737 417 et
1758 390 1822 417 nihil
1838 396 1900 418 esse

1111 433 1352 466 existimabantur;
1375 434 1425 469 ipsi
1444 439 1532 461 autem
1548 434 1650 462 honore
1665 434 1829 470 fruebantur,
1853 444 1898 464 sa-

1112 479 1266 514 pientesque
1277 487 1308 508 ac
1317 481 1458 515 prudentes
1468 481 1536 516 apud
1550 482 1648 509 multos
1659 483 1897 511 existimabantur:

1113 523 1172 551 11100
1188 524 1244 552 haec
1257 525 1321 553 dicit
1337 534 1345 552 :
1358 526 1423 559 Quia
1436 527 1569 562 quomodo
1588 527 1643 555 fieri
1658 533 1746 563 potest
1764 533 1793 556 ut
1808 530 1836 561 ii,
1853 530 1898 565 qui

1112 568 1170 596 haec
1180 570 1323 604 praedicant
1336 591 1343 603 ,
1354 572 1538 600 existimentur
1550 573 1576 600 in
1591 574 1623 600 iis
1635 575 1745 607 versari,
1760 582 1820 610 quae
1836 578 1900 604 sunt

1112 615 1164 642 illis
1176 617 1308 644 contraria
1322 617 1334 644 τ
1350 616 1406 645 Nos
1418 619 1514 652 infirmi
1524 640 1531 650 ,
1547 628 1590 646 vos
1600 624 1683 647 autem
1693 620 1779 654 fortes.
1797 620 1823 648 Id
1837 626 1896 655 est,

1111 660 1164 688 N05
1177 662 1298 697 pellimur
1310 666 1336 690 et
1356 665 1588 699 persequutionem
1604 666 1726 700 patimur,
1746 669 1792 694 vos
1807 673 1896 695 autent

1110 707 1252 735 securitate
1272 712 1299 735 et
1318 708 1445 736 famulatu
1466 710 1550 737 multo
1572 706 1700 739 fruimini.
1724 712 1776 741 Sed
1797 707 1822 741 id
1842 721 1895 742 non

1111 753 1210 788 patitur
1230 754 1424 788 praedicationis
1440 761 1543 783 natura.
1559 757 1615 784 Nos
1632 757 1743 794 inglorii,
1758 766 1801 786 vos
1813 764 1897 787 autem

1110 798 1223 832 gloriosi.
1241 799 1288 827 Hic
1300 801 1404 828 nobiles
1425 802 1543 837 respicit,
1558 804 1602 838 qui
1617 803 1651 831 de
1665 805 1844 834 exterioribus
1858 808 1898 834 al—

1112 848 1167 871 tttm
1183 846 1330 880 capiebant.
1349 848 1391 875 11.
1409 847 1494 883 Usque
1506 849 1532 876 in
1550 850 1614 876 lianc
1634 850 1722 878 [torum
1738 854 1759 878 et
1774 854 1898 880 esurimus

1110 894 1134 916 et
1146 891 1243 918 sitintus
1253 912 1259 924 ,
1276 897 1300 918 et
1313 893 1376 919 nudi
1390 901 1488 926 sumus,
1503 898 1528 921 et
1546 895 1660 929 colaphis
1672 898 1801 930 (wtlitttttr,
1820 899 1861 926 1⁸2.
1875 905 1898 926 ct

1111 935 1254 964 turbarum”
1273 943 1404 972 operatttes
1424 939 1538 967 mnibus
1561 942 1661 969 nostris.
1683 943 1737 970 1100
1758 949 1817 976 est,
1839 944 1896 972 Non

1112 984 1202 1009 vetera
1217 990 1308 1014 narro,
1323 984 1369 1011 sed
1383 985 1452 1020 quod
1471 986 1534 1012 011111
1550 994 1668 1021 praesens
1683 992 1786 1022 tempus
1801 991 1897 1017 testifi-

1110 1031 1194 1054 catur.
1205 1028 1384 1056 Humanarum
1396 1030 1493 1065 quippe
1504 1036 1593 1059 reruth
1605 1032 1681 1060 nobis
1691 1034 1760 1060 nulla
1770 1035 1836 1062 ratio
1845 1040 1896 1069 est,

1112 1080 1199 1107 neque
1213 1075 1314 1101 externi
1326 1076 1494 1110 splendoris;
1509 1077 1555 1104 sed
1571 1077 1603 1104 ad
1618 1077 1699 1105 Deum
1710 1079 1795 1106 solum
1811 1082 1897 1116 respi-

1110 1118 1218 1146 cimus:
1234 1119 1303 1154 quod
1318 1120 1415 1155 ubique
1436 1121 1525 1149 facere
1544 1123 1622 1150 nobis
1643 1126 1824 1152 necessarium
1845 1132 1896 1153 ost.

1111 1162 1202 1198 Neque
1219 1165 1288 1191 enim
1304 1166 1390 1200 angeli
1412 1170 1513 1194 tantum
1536 1175 1584 1194 nos
1601 1171 1738 1203 spectant,
1753 1171 1798 1198 sed
1817 1171 1897 1198 etiam

1111 1213 1172 1236 ante
1193 1209 1252 1237 illos
1268 1211 1325 1245 ipse
1341 1212 1512 1246 agonothcta.
1529 1213 1585 1240 Non
1607 1214 1696 1249 itaque
1712 1215 1771 1242 aliis
1789 1224 1899 1251 egentius

1111 1254 1301 1284 laudatoribus.
1318 1257 1374 1284 lloc
1388 1258 1458 1285 enim
1473 1263 1515 1286 est
1530 1259 1566 1286 illi
1580 1261 1766 1289 contumeliam
1779 1262 1877 1290 infc'rrc
1888 1285 1896 1296 ,

1110 1307 1171 1328 cum
1187 1301 1259 1329 illum
1273 1304 1347 1337 quosi
1362 1304 1395 1330 ad
1412 1311 1461 1332 nos
1472 1304 1619 1333 laudandos
1632 1314 1684 1334 non
1702 1308 1767 1335 satis
1780 1309 1815 1336 sit
1828 1317 1898 1344 pra:-

1112 1348 1301 1380 tercurrentes.
1316 1348 1349 1375 ad
1361 1356 1505 1377 conservas
1517 1358 1702 1385 properamus.
1716 1352 1897 1387 Quemadmo~

1111 1390 1174 1418 dum
1188 1393 1258 1420 enim
1276 1393 1320 1428 qui
1335 1394 1361 1421 in
1377 1402 1458 1429 parvo
1473 1395 1577 1423 theatro
1595 1397 1750 1432 decertant,
1772 1402 1897 1434 magnum

1111 1442 1249 1472 qumrunt,
1261 1439 1337 1474 quasi
1349 1439 1413 1467 illud
1428 1448 1480 1467 non
1496 1440 1611 1469 sufﬁciat
1623 1442 1655 1469 ad
1671 1445 1875 1473 ostentationem
1888 1454 1897 1474 :

1111 1483 1150 1510 sic
1169 1488 1196 1510 et
1214 1484 1242 1517 ii,
1255 1485 1300 1518 qui
1315 1490 1377 1512 ante
1398 1486 1444 1513 Dei
1463 1486 1554 1514 oculos
1576 1487 1732 1521 decertant,
1748 1489 1898 1526 deindequc

1111 1527 1217 1556 laudem
1233 1529 1369 1558 hominum
1379 1537 1543 1566 quaarentes,
1558 1535 1584 1560 et
1597 1533 1723 1568 majorem
1735 1535 1898 1565 dimittente:

1111 1580 1140 1601 111
1152 1575 1283 1603 minorem
1292 1581 1479 1612 assequamur,
1491 1585 1616 1613 magnum
1626 1580 1677 1607 sibi
1687 1581 1823 1608 attrahunt
1831 1584 1897 1618 sup.

1111 1622 1231 1656 plicium.
1246 1622 1301 1650 Hoc
1314 1630 1378 1658 ergo
1391 1625 1479 1651 omnia
1490 1632 1534 1652 sus
1544 1625 1630 1659 deque
1644 1627 1731 1659 vertit,
1744 1627 1796 1654 hoc
1805 1628 1898 1656 orbem

1113 1672 1196 1695 totum
1214 1668 1346 1701 turbavit,
1359 1669 1431 1704 quod
1444 1669 1477 1697 ad
1492 1670 1613 1698 homines
1624 1672 1796 1706 respicientes
1808 1674 1898 1702 amula

1113 1713 1240 1742 faciamus
1252 1724 1258 1742 :
1273 1720 1301 1743 et
1312 1715 1338 1742 111
1351 1716 1429 1743 bonis
1440 1716 1506 1744 nihil
1521 1724 1581 1745 esse
1593 1717 1719 1745 ducamus
1732 1719 1802 1753 quod
1814 1720 1898 1748 Deum

1113 1760 1258 1788 habeamus
1270 1762 1446 1795 laudatorem,
1462 1763 1509 1790 sed
1520 1771 1534 1789 a
1549 1764 1686 1791 conservis
1701 1771 1849 1799 quaeramus
1861 1765 1900 1794 fa-

1113 1814 1183 1834 mam
1196 1812 1223 1834 ct
1236 1807 1346 1842 gloriam
1359 1817 1367 1835 :
1382 1812 1409 1836 et
1422 1809 1447 1836 in
1460 1810 1602 1837 contrariis
1616 1815 1720 1837 rursum
1734 1811 1788 1839 Deo
1803 1811 1900 1846 despo-

1112 1858 1166 1886 cto,
1182 1853 1303 1881 homines
1319 1854 1502 1882 formidemus.
1518 1856 1598 1890 Atqui
1621 1856 1670 1891 ipsi
1686 1857 1822 1884 nobiscum
1843 1862 1900 1885 staa

1113 1900 1179 1927 bunt
1202 1904 1265 1927 ante
1289 1901 1403 1928 tribunal
1427 1901 1510 1934 illud,
1527 1901 1592 1929 nihil
1614 1902 1813 1937 nasjuvantes;
1831 1904 1901 1932 Deus

1113 1950 1202 1972 autem
1213 1965 1221 1978 ,
1237 1952 1315 1980 quem
1325 1945 1380 1980 jam
1394 1946 1570 1981 despicimus,
1586 1948 1745 1976 sententiam
1759 1950 1784 1976 in
1798 1957 1846 1977 nos
1860 1950 1900 1978 1ολ

1114 1995 1165 2018 ret.
1182 1991 1305 2018 Attamen
1319 1999 1379 2018 01110
1402 1991 1459 2019 inec
1481 1993 1612 2027 sciamus,
1629 1993 1660 2021 ad
1675 1993 1796 2022 homines
1815 1995 1901 2023 inhia-

1114 2044 1173 2063 mus
1181 2045 1186 2062 :
1194 2037 1263 2071 quod
1271 2041 1312 2064 ost
1322 2037 1436 2072 primum
1448 2043 1585 2072 peccatum
1601 2049 1608 2066 :
1622 2039 1782 2075 homineque
1793 2041 1900 2070 vidente

1114 2081 1239 2109 forniCari
1252 2090 1332 2109 nemo
1346 2083 1469 2116 voluerit,
1484 2083 1530 2111 sed
1543 2085 1646 2112 etiamsi
1659 2085 1723 2112 vitio
1738 2086 1782 2113 illo
1795 2088 1899 2120 ardeat,

1115 2127 1225 2155 affectus
1247 2128 1317 2155 illius
1333 2129 1452 2164 tyrannis
1468 2129 1501 2156 ab
1524 2129 1659 2157 hominum
1679 2132 1827 2159 reverentia
1841 2133 1901 2160 vin-

1115 2174 1203 2200 citur:
1220 2174 1274 2200 Deo
1289 2178 1376 2201 autem
1393 2174 1501 2202 vidente
1523 2183 1575 2202 non
1589 2175 1670 2202 modo
1689 2176 1715 2203 in
1730 2176 1860 2204 adulteria
1874 2182 1901 2206 et

1115 2219 1142 2246 10
1159 2219 1348 2246 fornicationes
1361 2225 1552 2255 prorumpunt.
1571 2221 1618 2248 sed
1634 2225 1662 2248 et
1675 2221 1726 2248 alia
1744 2222 1822 2257 longe
1843 2230 1903 2257 gres

1115 2265 1190 2292 viora
1205 2265 1305 2292 audent
1319 2270 1346 2293 et
1367 2266 1424 2292 ausi
1446 2271 1518 2293 sunt.
1535 2267 1575 2293 An
1591 2267 1640 2293 hoc
1658 2275 1723 2302 ergo
1741 2268 1827 2295 solum
1850 2276 1902 2296 0011

1116 2310 1214 2338 sufficit
1227 2314 1255 2337 ut
1268 2310 1340 2338 mille
1358 2310 1468 2338 fulmina
1487 2310 1521 2338 de
1536 2311 1600 2338 ctclo
1616 2312 1782 2340 inferantur?
1797 2313 1829 2340 Et
1840 2314 1902 2348 quid

1116 2356 1177 2383 dico
1186 2356 1316 2383 adulteria
1327 2361 1353 2383 et
1363 2356 1572 2384 fornicationes?
1583 2357 1647 2384 Nam
1661 2357 1703 2385 his
1712 2358 1789 2393 longe
1801 2359 1903 2386 minora

1117 2406 1178 2430 ante
1190 2402 1311 2429 homines
1326 2403 1479 2437 perpetrare
1493 2402 1637 2430 metuimus
1647 2423 1654 2434 ,
1670 2403 1716 2430 sed
1733 2403 1787 2431 Deo
1798 2404 1904 2431 vidente

1118 2457 1171 2476 non
1185 2449 1258 2476 item.
1271 2448 1338 2476 Hinc
1352 2453 1424 2483 parta
1439 2452 1501 2475 sunt
1512 2448 1580 2475 mala
1593 2449 1691 2481 omnia,
1706 2449 1775 2482 quod
1788 2449 1813 2476 in
1825 2449 1905 2477 rebus

1118 2501 1177 2529 qua:
1189 2502 1251 2522 vere
1270 2501 1358 2529 pravae
1373 2498 1434 2520 sunt
1447 2501 1500 2520 non
1515 2493 1595 2520 Deum
1606 2514 1614 2528 ,
1631 2494 1677 2521 sed
1690 2494 1812 2522 homines
1828 2502 1905 2522 reve-

1119 2544 1235 2568 reamur.
1249 2539 1363 2575 Ideoque
1376 2540 1455 2567 etiam
1469 2547 1511 2572 ea,
1524 2548 1584 2574 quae
1596 2548 1658 2568 vere
1671 2541 1737 2567 bona
1748 2543 1819 2573 sunt,
1833 2548 1907 2575 qua:-

1119 2594 1171 2621 que
1184 2587 1273 2613 multis
1286 2594 1338 2613 non
1354 2586 1421 2613 bona
1435 2593 1494 2613 esse
1507 2586 1640 2618 videntur,
1655 2586 1780 2621 fugimus,
1796 2594 1849 2614 non
1865 2594 1906 2614 rea-

1120 2639 1179 2658 rum
1205 2635 1326 2658 naturam
1349 2631 1548 2665 examinantes,
1573 2631 1620 2659 sed
1646 2631 1679 2659 ad
1701 2632 1773 2667 vulgi
1794 2632 1907 2667 gloriam

1121 2677 1304 2711 respicientes.
1688 2674 1694 2678 ’

1155 2723 1182 2750 1.
1199 2722 1227 2749 111
1242 2723 1318 2750 malis
1334 2726 1440 2757 quoque
1458 2722 1574 2757 idipsum
1588 2726 1744 2758 pmstamus
1759 2732 1766 2751 :
1780 2723 1902 2758 quadam

1120 2768 1191 2796 enim
1203 2775 1262 2803 quat
1272 2775 1335 2795 vere
1350 2768 1419 2794 bona
1432 2772 1484 2795 non
1498 2773 1570 2801 sunt,
1582 2768 1629 2796 sed
1642 2769 1701 2795 talia
1714 2767 1838 2796 videntur
1849 2776 1910 2796 esse

1122 2815 1221 2847 multis,
1238 2821 1270 2842 ex
1283 2813 1377 2841 eadem
1386 2814 1577 2841 consuetudine
1589 2819 1616 2840 nt
1628 2814 1696 2841 bona
1707 2815 1908 2849 persequimur;

1123 2861 1159 2889 ita
1170 2866 1198 2889 ut.
1211 2861 1334 2896 utrinque
1349 2863 1559 2897 corrumpantur.
1586 2861 1708 2889 Fortasse
1719 2861 1908 2890 multisobscu-
