1991 3121
110 154 142 182 llll
638 154 670 180 IN
691 152 797 181 EPIST.
820 151 828 177 Ι
861 152 905 178 ΑΙ)
924 150 1001 178 εοιι.
1024 151 1137 179 ιιοιιιι.
1160 152 1217 180 Xll.

110 219 216 240 nusesse
229 212 336 240 videtur
351 211 376 239 id
398 212 467 246 quod
489 212 589 239 dictum
610 215 652 238 est
666 220 673 225 -
689 217 799 238 necesse
818 216 884 244 ergo

110 263 138 286 est
156 258 179 284 id
201 258 304 285 clarius
324 258 478 292 explanare.
500 257 569 284 Cum
590 257 754 284 fornicamur
767 256 886 290 (oportet

110 304 163 332 enim
174 311 190 330 a
201 304 258 337 jam
271 304 354 331 dictis
366 303 505 338 incipere),
519 303 640 330 homines
653 303 736 338 magis
747 302 884 334 timemus,

110 358 169 386 quam
193 350 290 378 Deum.
307 350 374 384 Quia
390 350 469 385 igitur
485 357 534 377 nos
548 349 587 377 sic
605 350 644 376 eis
659 349 831 384 subjecimus,
851 347 884 374 il-

112 397 184 429 losque
197 396 322 423 dominos
339 400 445 423 nostros
458 395 661 426 constituimus;
672 394 753 421 multa
766 401 830 421 vero
844 393 885 420 Itis

111 442 204 469 demittis
216 449 278 469 esse
294 442 365 468 mala
382 442 514 474 videntur,
536 449 595 475 qua:
612 442 679 467 mala
703 448 755 466 non
769 444 840 469 sunt,
857 444 883 465 ct

113 488 268 515 illasintiliter
284 488 410 522 fugimus.
432 488 550 521 Exempli
572 494 661 518 causa,
685 486 709 512 in
728 489 882 520 paupertate

112 535 179 560 vivere
196 533 286 559 ttntltis
300 538 377 566 turpe
391 541 449 560 esse
466 533 569 559 videtur
587 542 592 558 :
605 538 631 558 et
645 536 825 565 paupertatem
842 530 881 556 lu-

113 580 186 614 gitnus,
202 587 254 605 non
271 579 342 612 quod
367 579 449 612 turpis
464 579 498 605 sit
522 586 569 604 ore
585 578 654 612 quod
672 583 775 611 turpem
790 577 881 602 creda-

113 634 162 656 llllli,
174 626 219 653 sed
235 626 295 660 quia
313 626 427 652 dominis
443 625 539 651 nostris
555 632 614 651 esse
631 624 713 657 turpis
727 624 840 653 videtur,
855 627 881 648 ct

113 672 298 698 illnstintemns.
323 671 424 698 Rursus
448 671 600 696 inltonorari
626 674 652 696 et
667 670 800 696 contemni
824 669 882 694 nul—

113 719 194 752 lamque
216 720 315 745 habere
330 723 500 752 potestatem.
521 725 534 743 a
550 717 638 743 multis
655 721 729 750 turpe
747 721 773 742 et
787 715 881 740 \ilissi-

112 773 167 791 ruunt
186 765 363 791 existimatur.
390 764 444 790 line
466 772 568 791 rursum
595 763 722 796 fugimus,
749 769 800 787 non
824 768 880 786 rem

111 811 256 840 datnnantes,
277 811 323 837 sed
342 815 449 844 propter
469 810 636 835 tlotnitmrunt
657 814 805 834 nostrorum
821 815 881 833 sen-

110 858 206 883 tentiam.
225 856 341 883 Rursum
356 865 370 882 e
385 856 518 882 eorttrario
532 855 651 882 canalem
665 863 680 888 p
690 854 777 879 .tinmr
790 853 878 887 perni—

111 903 164 929 ciem
177 912 183 928 ί
195 911 253 929 nant
269 903 378 929 divitem
395 910 464 932 esse,
483 903 580 928 bonum
596 909 654 927 esse
671 900 783 931 videlur,
801 901 877 925 item-

109 956 151 982 que
163 948 234 975 fastus
250 954 275 975 et
290 948 372 980 gloria
386 953 412 973 et
427 947 531 973 claritas
546 956 550 972 :
566 946 653 972 ethoc
669 953 772 972 rursum
789 953 878 978 perse-

108 994 202 1026 quimttr,
216 1002 271 1020 non
287 1001 375 1020 rerum
393 998 512 1019 naturam
530 997 558 1019 ut
582 993 677 1018 bonam
692 992 875 1025 reSpicientcs,

106 1040 143 1066 sed
155 1048 181 1066 cx
192 1039 498 1074 opinionedominorum
514 1043 664 1065 uostrowm
681 1037 809 1070 persuasi.
828 1037 877 1062 Dn-

106 1086 176 1112 minns
185 1086 284 1120 quippe
298 1091 390 1112 uoster
405 1090 443 1112 est
466 1085 593 1118 populus;
610 1089 634 1111 et
651 1084 718 1118 vulgi
737 1083 810 1110 turba
827 1082 875 1109 (ln-

105 1133 174 1158 minus
186 1137 234 1163 est,
249 1139 339 1158 saevus
354 1131 529 1165 immanisque
544 1135 681 1165 tyrannus.
699 1129 789 1163 Neque
805 1128 875 1155 cnim

102 1184 156 1211 opus
164 1181 201 1204 est
216 1181 242 1203 nt
258 1177 383 1211 imperet.
399 1180 425 1202 ut
438 1176 460 1202 ei
477 1175 670 1209 obsequantur;
686 1173 732 1200 sed
747 1173 810 1199 satis
824 1178 873 1205 est,

102 1223 119 1248 si
131 1230 171 1250 nos
188 1222 249 1257 quid
273 1222 311 1249 illi
328 1222 429 1255 placeat
444 1221 568 1252 scianms,
586 1224 614 1247 et
629 1220 685 1246 sine
705 1219 779 1253 juSsu
796 1227 875 1254 pare—

100 1274 164 1293 mus:
179 1272 246 1294 tanta
263 1266 366 1293 utimur
379 1273 440 1300 erga
460 1266 533 1292 illum
549 1265 741 1292 benevolentia.
764 1265 795 1291 Et
807 1265 875 1291 Dens

100 1312 188 1346 quidem
200 1313 324 1349 quotidie
340 1313 426 1340 minas
448 1313 581 1338 intentans
599 1316 626 1339 et
647 1311 804 1344 admonens,
822 1319 873 1337 non

98 1359 205 1392 auditur;
219 1360 300 1386 turba
315 1363 404 1386 autent
421 1358 604 1392 incomposita,
618 1357 665 1384 lteri
678 1357 825 1389 hominum,
841 1365 874 1384 ne

98 1405 205 1431 mandato
217 1405 329 1440 quidem
342 1411 410 1439 opus
424 1404 519 1434 habet:
535 1403 580 1431 sed
595 1404 659 1430 satis
673 1408 723 1434 est,
736 1408 764 1430 ut
777 1403 874 1431 indicet

95 1451 146 1484 quid
158 1451 204 1478 sibi
217 1452 335 1486 placeat,
352 1456 379 1478 et
394 1451 482 1477 statim
500 1450 524 1476 in
540 1450 663 1477 omnibus
684 1450 732 1484 ipsi
747 1450 872 1484 obsequi-

94 1503 150 1523 mur.
165 1496 196 1523 Et
213 1496 365 1531 quomodo,
381 1495 493 1530 inquies,
515 1495 596 1521 hosce
615 1495 738 1521 dominos
757 1495 873 1530 elfugcre

92 1543 140 1577 quis
151 1543 250 1577 possit?
272 1542 303 1570 Si
325 1541 452 1577 majorem
467 1548 544 1575 quam
560 1541 596 1567 illi
612 1548 720 1567 sensum
743 1546 871 1574 assumat,

43 1592 45 1594 '
91 1588 335 1617 sireruntnatnrant
346 1593 458 1623 spectet,
470 1588 492 1615 si
506 1587 576 1622 vulgi
591 1587 721 1615 calculum
733 1587 871 1621 chpiciat,

90 1634 107 1660 si
117 1640 172 1662 ante
185 1635 236 1662 alia
250 1634 348 1662 omnia
363 1635 388 1660 iu
405 1634 445 1666 iis,
462 1641 520 1667 qum
537 1641 599 1661 vere
615 1634 699 1668 turpia
714 1638 786 1667 sunt,
798 1634 871 1668 svip-

88 1687 135 1707 sunt
149 1681 181 1708 ita
195 1682 334 1712 instituat,
353 1685 381 1707 ut
397 1688 449 1707 non
468 1680 599 1710 homines,
612 1679 658 1706 sed
674 1680 823 1706 insomni-nt
840 1679 870 1705 il-

89 1725 133 1752 lunt
144 1728 247 1754 oculum
273 1731 390 1757 metuat,
405 1731 430 1753 et
449 1725 474 1752 in
492 1725 568 1752 bonis
591 1733 695 1752 rursum
713 1733 826 1752 coronas
839 1726 872 1752 ab

86 1771 123 1798 illo
135 1778 242 1807 qua-rat.
259 1773 299 1799 ita
315 1772 386 1799 enim
404 1780 488 1806 neque
509 1772 534 1798 irt
556 1772 613 1797 aliis
630 1772 765 1798 hominum
780 1779 870 1797 anrant

84 1816 195 1846 feremus.
209 1818 281 1846 Nam
297 1818 345 1852 qni
365 1825 425 1844 cum
442 1823 512 1845 recte
532 1818 596 1851 agit.
614 1825 645 1843 ne
658 1817 752 1851 dignos
764 1817 870 1851 quidem

81 1869 162 1890 censet
174 1864 246 1896 illos,
259 1863 309 1899 qui
326 1872 372 1890 sua
388 1869 459 1890 recte
471 1864 537 1889 facta
549 1864 646 1895 norint,
661 1862 759 1889 scdltei
770 1862 872 1889 eali-nlo

79 1914 209 1938 contentus
221 1917 276 1942 est,
297 1918 388 1943 neque
400 1910 425 1936 irt
437 1910 577 1936 contrariis
589 1911 703 1943 aliquam
719 1916 809 1935 eorum
828 1916 871 1934 ηις

80 1955 167 1982 ιίυιιιιιιι
183 1956 309 1982 habebit.
342 1954 376 1981 Et
396 1955 528 1989 quomodo
543 1975 549 1985 ,
572 1955 687 1988 inquies,
715 1953 763 1979 hoc
787 1954 871 1987 ip<um

77 2001 136 2027 crit?

108 2046 243 2073 "aurium"
259 2047 357 2073 Iaudes
377 2054 426 2071 non
440 2046 590 2079 quitrtmtlu’,
610 2045 652 2070 scd
671 2044 724 2070 Del.
737 2060 770 2063 —
781 2044 871 2078 Cogita

75 2093 127 2125 quid
142 2094 175 2119 sit
188 2095 286 2123 homo.
302 2092 371 2126 quid
385 2093 415 2117 ιιι
433 2091 509 2123 licus,
526 2096 553 2116 cl
564 2099 614 2124 qun
626 2090 736 2116 dimisso
748 2090 779 2115 ad
793 2098 870 2124 qttern

75 2140 209 2174 confugias,
227 2145 258 2166 t'l
274 2140 336 2165 citu
352 2143 436 2164 totum
449 2137 575 2171 corriges.
589 2136 673 2162 llemo
686 2140 773 2162 tecum
785 2136 870 2161 eidem

75 2191 170 2215 [torento
195 2185 343 2218 sultjac-et,
372 2183 458 2208 cidem
477 2182 587 2217 judicio,
609 2181 695 2207 cidem
718 2181 870 2214 supplicio:

75 2239 142 2258 nomo
157 2232 274 2259 vanitati
292 2231 397 2258 similis
414 2232 497 2257 factus
505 2235 556 2263 est,
567 2236 669 2257 rectum
680 2229 807 2264 judicium
820 2236 871 2255 non

74 2276 149 2308 habet.
166 2283 195 2305 et
215 2285 348 2312 superna
369 2281 432 2310 eget
446 2275 612 2303 correctione
632 2283 639 2301 :
659 2275 749 2306 homo,
764 2278 874 2308 terravct

72 2322 135 2354 cinis,
151 2325 173 2351 si
192 2324 306 2355 laudet,
333 2329 409 2356 smpe
433 2326 531 2348 temere
549 2320 676 2353 laudabit,
697 2325 742 2347 aut
762 2320 795 2347 ad
814 2327 873 2354 gra-

74 2372 123 2394 mm
143 2374 189 2396 aut
209 2377 244 2397 ex
262 2369 353 2399 odio;
371 2368 394 2394 si
408 2367 585 2394 calumnietur
600 2371 627 2393 et
642 2371 760 2398 accuset,
781 2373 874 2393 rursus

72 2414 151 2440 eodem
165 2416 263 2442 animo
280 2415 309 2440 id
329 2413 406 2439 facit.
422 2413 456 2439 At
470 2420 521 2438 non
539 2412 573 2438 ita
591 2412 677 2443 Deus;
698 2411 744 2438 sed
761 2411 874 2445 irrepre—

74 2458 196 2488 In-nsibilis
207 2466 252 2488 est
266 2461 335 2495 ejus
349 2458 481 2489 calculus,
497 2463 521 2484 et
537 2466 630 2492 purum
644 2457 773 2492 judicium
790 2457 872 2484 illius.

72 2503 173 2541 Ideoque
194 2511 316 2543 oportet
339 2512 452 2538 semper
465 2504 497 2531 ad
521 2505 594 2532 illum
608 2503 770 2539 confugere;
787 2511 876 2538 neque

72 2551 121 2579 ideo
132 2558 249 2585 tantum,
267 2552 323 2579 sed
340 2552 407 2587 quia
418 2551 496 2578 etiam
508 2551 564 2585 ipse
575 2555 600 2577 te
612 2550 682 2583 fecit,
692 2555 717 2577 et
726 2552 784 2585 p'us
794 2558 874 2585 quarti

72 2604 152 2626 omnes
170 2601 217 2627 tibi
234 2600 350 2634 paruit,
379 2598 515 2632 magisque
537 2602 561 2624 te
583 2601 665 2629 amat,
679 2604 757 2630 quarti
777 2600 804 2622 ιιι
819 2596 876 2630 ipse

73 2651 91 2670 Ie
102 2653 181 2674 ames.
200 2646 260 2674 Cur
281 2653 359 2679 ergo
387 2647 440 2669 tant
460 2643 572 2670 mirabili
588 2643 672 2670 misso
687 2642 822 2669 laudatore
842 2642 875 2669 ad

74 2690 192 2721 imminent
205 2693 400 2728 confugimus
413 2690 457 2724 qui
472 2691 537 2717 nihil
551 2695 602 2723 est,
618 2690 662 2724 qui
678 2689 774 2716 frustra
788 2694 815 2716 et
834 2694 875 2716 te-

75 2745 133 2765 mere
143 2741 235 2767 omnia
253 2738 347 2766 facit?
365 2736 466 2764 Malunt
483 2741 508 2763 te
528 2736 593 2763 dicit
605 2741 630 2763 et
642 2735 797 2766 scelestum,
814 2742 874 2761 cnttt

76 2785 121 2812 talis
135 2795 186 2814 non
206 2787 270 2815 sis?
296 2785 352 2813 Illa
377 2782 415 2810 de
428 2791 506 2810 causa
521 2783 606 2818 magis
620 2783 694 2810 illum
710 2782 839 2809 miserare
850 2786 878 2809 ct

77 2830 138 2863 idle.
151 2834 212 2869 quia
228 2835 400 2866 corruptus
412 2833 462 2862 est,
475 2829 586 2864 ejusque
597 2829 710 2864 gloriam
723 2832 876 2860 contemne,

79 2878 123 2911 illia
139 2887 195 2916 ejus
221 2879 335 2908 trientis
359 2875 436 2903 oculi
459 2875 582 2903 exca'cati
605 2880 666 2903 sunt
686 2874 836 2909 :siquidcm
850 2879 877 2902 et

217 2929 381 2957 ΡΑτιιοι..
410 2922 467 2952 (in.
494 2923 572 2953 LXI.

1683 151 1732 183 t0!

941 209 1053 242 apostoli
1070 209 1126 236 btec
1141 210 1289 241 audierunt,
1306 216 1332 237 et
1347 211 1406 237 illos
1419 218 1448 238 se
1463 212 1657 240 calumniantes
1672 214 1731 240 im-

938 259 1042 281 serunt.
1057 255 1091 282 At
1101 260 1126 282 te
1143 256 1239 283 bouuut
1256 262 1281 282 et
1297 256 1388 284 utilem
1401 257 1485 284 dicit?
1504 257 1533 285 Si
1548 259 1608 285 talis
1622 259 1730 293 quidem

937 298 984 332 sis,
1001 299 1074 326 nullo
1087 300 1167 327 modo
1187 308 1202 327 a
1227 301 1271 328 tali
1295 301 1378 336 gloria
1392 303 1556 335 emolliaris;
1570 304 1591 331 si
1605 312 1657 331 non
1670 304 1730 332 talis

936 344 985 377 sis,
996 345 1078 380 magis
1089 346 1207 380 despice,
1223 352 1247 374 et
1262 355 1317 374 rem
1329 354 1388 375 (μεθ
1402 348 1456 375 risu
1471 348 1577 384 dignata
1592 354 1664 385 puta.
1682 350 1729 378 Vis

936 390 1004 416 scire
1017 397 1095 423 quam
1106 396 1230 425 corrupta
1245 391 1298 419 sint
1312 392 1381 428 vulgi
1393 393 1504 427 judicia,
1519 402 1598 429 quam
1612 395 1728 428 inutilia,

935 442 1013 469 quam
1033 436 1161 469 ridicula;
1189 442 1216 464 et
1234 439 1284 465 alia
1304 439 1410 474 quidem
1427 440 1570 469 furentium
1593 447 1619 469 et
1638 448 1729 471 mente

934 485 1082 514 captorum,
1098 481 1148 508 alia
1173 490 1237 509 vero
1262 483 1400 512 infantium
1422 485 1597 515 lactentiutu?
1613 490 1682 517 Audi
1697 495 1728 519 ut

935 524 1033 552 fuerint
1045 526 1100 560 jant
1113 528 1187 554 olim.
1200 527 1303 555 Judicia
1319 537 1383 557 vero
1395 531 1440 558 tibi
1456 532 1600 567 proferam,
1615 543 1667 563 non
1678 543 1727 570 po-

935 571 989 604 puli
1004 576 1117 604 taututtt,
1129 573 1175 600 sed
1196 582 1289 601 eorum
1302 575 1346 609 qni
1365 577 1553 611 sapientissimi
1570 588 1629 608 esse
1651 582 1726 610 vide-

935 616 1047 650 bantur,
1062 619 1161 654 quique
1175 620 1340 653 lcgislatores
1355 622 1471 650 fuerunt.
1487 625 1551 657 Quis
1563 627 1633 653 enim
1654 629 1725 663 apud

935 662 1027 697 vulgus
1042 665 1187 698 sapientior
1201 666 1284 694 rideri
1298 668 1381 702 possit
1394 676 1438 702 eo,
1452 671 1496 705 qui
1508 671 1604 706 dignus
1620 662 1725 702 habitus

932 713 983 740 est,
1001 714 1027 736 ut
1040 709 1191 738 civitatibus
1203 716 1230 739 et
1247 713 1351 747 populis
1367 713 1439 749 leges
1449 718 1580 750 poneret?
1596 719 1720 747 Attamen

933 756 1006 784 hisce
1031 758 1195 790 sapientibus
1218 759 1342 787 fornicari
1368 761 1432 788 nihil
1461 762 1566 790 videtur
1585 772 1645 792 esse
1661 765 1723 793 mali

933 810 982 829 ore
996 803 1132 836 punitione
1146 804 1266 839 dignum.
1283 805 1359 833 Nulla
1375 807 1445 834 enini
1459 814 1567 836 externa
1585 810 1626 837 lex
1642 811 1725 838 fonti-

931 852 1035 875 Catores
1050 848 1103 875 ulla
1128 854 1183 882 est,
1201 858 1287 885 neque
1310 851 1360 879 hac
1387 852 1421 880 de
1441 861 1522 881 causa
1541 855 1573 882 ad
1592 855 1722 890 judicium

932 893 1028 925 traxit;
1042 894 1088 921 sed
1100 895 1202 921 etiamsi
1218 896 1277 930 quis
1292 904 1325 924 eo
1340 897 1469 931 trahatur,
1486 899 1559 926 multi
1572 900 1683 928 irrident
1696 907 1723 928 ιιι

928 939 1008 972 judex
1028 939 1053 966 id
1067 948 1120 967 nort
1136 941 1244 975 patitur.
1262 943 1326 969 Alea
1344 943 1436 971 ludere
1455 953 1548 973 rursus
1568 947 1639 981 apud
1662 947 1721 975 illos

930 986 1059 1020 supplicio
1075 987 1189 1014 liberum
1210 993 1261 1020 est,
1281 994 1308 1016 et
1324 998 1402 1017 uerno
1418 991 1469 1017 hac
1485 992 1519 1019 de
1532 1000 1611 1020 causa
1629 1001 1720 1028 ptem!

929 1032 1011 1059 dedit.
1026 1033 1154 1061 lnebriari
1168 1039 1194 1061 et
1210 1034 1363 1071 ingurgitari
1378 1038 1439 1064 cibo
1455 1046 1507 1065 non
1524 1039 1604 1066 modo
1617 1041 1720 1068 crimen

930 1087 981 1104 non
994 1083 1045 1112 est,
1066 1080 1113 1107 sed
1127 1084 1200 1108 recte
1214 1081 1311 1109 factum
1332 1090 1347 1110 a
1363 1083 1454 1111 multis
1477 1088 1597 1119 putatum
1611 1085 1678 1113 fuit:
1693 1090 1721 1114 et

929 1124 954 1150 in
973 1125 1057 1153 omnis
1075 1126 1234 1153 militaribus
1248 1127 1331 1155 multa
1351 1135 1382 1155 ea
1396 1128 1430 1156 de
1448 1137 1476 1156 re
1491 1134 1532 1157 est
1544 1131 1718 1164 concertatio,

927 1175 954 1197 et
968 1172 1013 1206 qui
1028 1172 1143 1199 maxime
1157 1178 1236 1208 egent
1248 1181 1311 1200 sana
1327 1180 1415 1203 mente
1427 1180 1456 1203 et
1470 1176 1581 1205 robusto
1593 1185 1718 1213 corpore,

928 1215 954 1243 hi
966 1217 1081 1245 maxime
1095 1218 1233 1246 ebrietatis
1249 1220 1383 1254 tyrannidi
1405 1228 1434 1248 se
1449 1221 1559 1256 dedunt.
1579 1227 1608 1251 et
1620 1231 1719 1259 corpus

927 1262 1103 1292 dissitlventes
1118 1269 1146 1292 et
1158 1266 1274 1292 animam
1290 1266 1406 1294 tenebris
1417 1267 1604 1302 ulfundentes;
1617 1269 1720 1299 nullus-

926 1316 979 1344 que
993 1309 1127 1344 legislator
1140 1309 1191 1337 hoe
1202 1310 1293 1338 vitium
1308 1312 1421 1346 punivit.

961 1354 988 1382 5.
1005 1354 1073 1387 Quid
1088 1355 1137 1382 hac
1151 1355 1252 1383 insania
1269 1357 1362 1391 pejus?
1373 1357 1440 1385 Nunt
1455 1366 1519 1393 ergo
1529 1359 1621 1388 laudes
1632 1360 1719 1389 horni-

926 1407 999 1432 num,
1021 1400 1065 1434 qui
1085 1400 1124 1428 sic
1143 1400 1230 1429 affecti
1245 1408 1316 1433 suttt,
1342 1403 1466 1438 requiris.
1480 1410 1507 1431 et
1529 1413 1581 1431 ltnn
1602 1406 1716 1440 teipsuut

925 1445 1048 1474 defodis?
1062 1446 1090 1475 Si
1105 1447 1176 1475 enim
1191 1455 1286 1475 omnes
1300 1448 1429 1483 ejusmodi
1448 1452 1568 1478 homines
1582 1456 1607 1479 te
1626 1451 1719 1479 lauda-

925 1497 996 1525 rent,
1011 1499 1100 1520 annon
1114 1497 1251 1528 oporteret
1263 1495 1423 1523 erubescere
1437 1500 1464 1523 et
1480 1496 1582 1531 pudore
1601 1498 1716 1526 suﬂ'undi

926 1537 1112 1572 plaudentibus
1127 1539 1289 1572 horninibus,
1305 1549 1419 1575 quorum
1431 1541 1529 1576 judicia
1545 1543 1717 1580 incorrupta

924 1584 1004 1611 sunt?
1020 1584 1121 1612 Rursus
1137 1585 1302 1620 blasphemia
1317 1586 1512 1621 legislatoribus
1529 1597 1581 1615 non
1596 1590 1717 1619 terribile

924 1629 1060 1664 quidpiam
1069 1637 1130 1658 esse
1144 1630 1248 1659 videtur
1259 1641 1266 1658 :
1279 1639 1357 1659 nemo
1370 1633 1441 1659 crrint
1455 1633 1499 1668 qui
1513 1634 1539 1661 in
1552 1634 1633 1662 Deum
1646 1636 1717 1663 blas-

925 1674 1066 1709 phetnarit,
1087 1676 1121 1703 ad
1141 1677 1255 1704 tribunal
1274 1683 1394 1713 raptatus
1417 1677 1466 1706 fuit
1486 1685 1513 1707 et
1527 1687 1619 1715 pinnas
1631 1681 1714 1709 dedit.

924 1722 975 1750 Sed
990 1723 1012 1750 si
1026 1723 1085 1759 quis
1100 1728 1201 1752 vestem
1221 1724 1333 1759 furetur,
1347 1731 1393 1753 aut
1416 1734 1570 1754 crumenam
1589 1728 1714 1762 dissecet,

925 1775 951 1797 et
964 1769 1046 1797 latera
1071 1770 1119 1805 ipsi
1139 1771 1290 1799 lacerantur
1304 1777 1331 1799 et
1351 1780 1421 1807 sa-pe
1442 1778 1527 1801 morte
1549 1775 1714 1803 tnnlctatur:

923 1817 968 1851 qui
981 1822 1071 1844 autern
1085 1817 1110 1844 in
1124 1818 1207 1845 Deum
1223 1818 1389 1853 blasplretnat
1399 1840 1407 1851 ,
1425 1827 1476 1847 non
1492 1827 1634 1849 accusatur
1645 1823 1715 1857 apud

924 1867 1048 1890 externos
1062 1863 1239 1898 legislatores.
1256 1864 1289 1891 Et
1308 1866 1329 1891 si
1344 1866 1405 1900 quis
1420 1873 1530 1893 uxorem
1542 1867 1654 1899 habens,
1667 1876 1715 1895 an—

924 1909 1012 1936 cillarn
1028 1910 1113 1942 vitiet,
1137 1910 1162 1937 id
1183 1910 1249 1937 nihil
1274 1911 1343 1946 apud
1357 1916 1481 1939 externas
1505 1912 1576 1948 leges
1597 1918 1625 1941 et
1645 1915 1715 1949 apud

925 1957 1022 1982 inultos
1037 1963 1096 1983 esse
1109 1956 1223 1983 videtur.

960 2000 1127 2027 Tlteatrorum
1148 2000 1423 2035 ratioJlippodromus
1446 2008 1469 2029 et
1490 2012 1582 2038 pugna:
1602 2005 1714 2039 ferarum

924 2047 1020 2081 quam.
1035 2061 1071 2066 —
1086 2046 1133 2074 Vis
1144 2047 1194 2073 alia
1208 2055 1313 2081 quoque
1328 2047 1421 2075 audire
1434 2056 1492 2082 qua:
1507 2048 1624 2084 ipsorum
1645 2051 1715 2078 insa-

927 2093 996 2118 niam
1011 2092 1172 2119 ostendant?
1185 2100 1245 2119 nam
1268 2093 1324 2120 lucc
1337 2093 1444 2127 quidem
1462 2102 1515 2121 non
1530 2096 1654 2130 puniunt,
1667 2098 1714 2124 sed

925 2138 991 2164 alias
1005 2137 1076 2172 leges
1091 2142 1220 2165 statuunt.
1234 2139 1387 2171 Quasnam?
1398 2139 1512 2166 Theatra
1525 2140 1664 2174 colligunt,
1681 2142 1714 2169 il-

926 2183 1005 2218 Inque
1027 2183 1196 2211 meretricum
1219 2183 1316 2211 choros
1335 2184 1479 2216 inducunt,
1499 2190 1526 2212 et
1546 2193 1642 2220 pueros
1656 2195 1715 2214 cor-

926 2234 1028 2263 ruptos,
1051 2229 1096 2263 qui
1119 2234 1240 2256 naturaut
1261 2231 1421 2257 contumelia
1443 2231 1572 2264 afficiunt,
1589 2234 1714 2267 poptrlttm

927 2279 1010 2302 totuut
1025 2275 1050 2301 in
1066 2276 1203 2309 superiore
1218 2277 1276 2303 loco
1292 2276 1386 2303 sedere
1398 2276 1511 2311 julteut;
1527 2278 1567 2304 sic
1579 2279 1715 2307 civitati-ut

926 2326 1088 2353 recreantes,
1102 2322 1141 2349 sic
1154 2329 1264 2356 magnos
1276 2322 1336 2349 illos
1349 2330 1435 2357 reges,
1450 2330 1517 2357 quos
1528 2331 1635 2358 semper
1645 2327 1715 2353 tele-

927 2368 1004 2395 brant
1016 2368 1051 2396 ob
1066 2373 1164 2403 tropaea
1184 2373 1262 2402 atque
1280 2369 1414 2401 victorias,
1430 2374 1600 2397 coronantes.
1617 2371 1716 2399 verum

927 2413 989 2448 quid
1001 2419 1041 2441 est
1054 2414 1104 2441 ltoc
1118 2414 1219 2441 honore
1233 2414 1374 2449 frigidius?
1384 2414 1446 2449 quid
1461 2415 1511 2442 hac
1522 2416 1658 2450 voluptate
1674 2419 1712 2444 iu-

927 2459 1026 2494 gratius
1035 2460 1045 2486 ?
1054 2467 1086 2486 ex
1095 2459 1170 2487 hisne
1179 2460 1276 2494 qumris
1287 2465 1421 2494 gestorum
1432 2465 1536 2487 tuorntn
1548 2461 1718 2491 laudatores?

928 2509 1028 2532 etcum
1043 2505 1223 2536 saltatoribus,
1250 2505 1385 2538 omnibus,
1409 2506 1498 2533 mimis
1517 2514 1548 2534 ac
1570 2510 1718 2537 meretrici-

929 2551 988 2582 bus.
1011 2552 1067 2584 vis,
1092 2559 1183 2585 qua-so
1205 2555 1249 2582 te,
1270 2551 1348 2578 laude
1369 2552 1439 2578 frui?
1463 2557 1491 2579 et
1510 2553 1645 2587 quontodo
1667 2563 1720 2583 non

929 2596 1028 2624 fuerint
1042 2597 1098 2624 haec
1112 2602 1239 2624 extrema:
1255 2597 1397 2624 dementire
1407 2599 1419 2623 '!
1433 2597 1558 2625 Libenter
1571 2599 1643 2627 enim
1659 2601 1721 2628 illos

930 2644 1122 2678 interrogarem
1134 2651 1144 2670 .'
1158 2643 1331 2678 Indignumne
1340 2648 1381 2670 est
1392 2649 1491 2670 natura:
1506 2643 1578 2678 leges
1587 2649 1721 2676 evertere,

931 2696 957 2717 et
973 2691 1087 2717 nefarios
1112 2689 1238 2717 inducere
1260 2690 1363 2716 coitus?
1389 2690 1503 2717 Omnino
1522 2689 1613 2717 dicent
1626 2698 1722 2718 omnes

931 2744 987 2764 rem
1002 2744 1062 2764 esse
1077 2735 1210 2770 indignam
1223 2744 1231 2767 ;
1247 2735 1371 2762 videnlur
1385 2736 1456 2763 enim
1471 2736 1521 2763 hoc
1535 2735 1628 2770 ptruire
1644 2734 1722 2770 ﬂagi-

932 2782 1007 2809 tiunt.
1020 2781 1073 2809 Cur
1088 2788 1152 2816 ergo
1161 2781 1279 2808 cinmdos
1290 2781 1350 2808 illos
1361 2780 1475 2814 inducis,
1490 2788 1539 2808 nec
1550 2779 1630 2807 modo
1643 2779 1723 2806 indu-

933 2828 982 2861 cis,
999 2827 1046 2854 sed
1062 2827 1142 2854 etiam
1163 2826 1311 2854 inntnucris
1322 2831 1350 2854 et
1372 2826 1548 2853 incﬂabilihus
1562 2824 1647 2852 donas
1663 2832 1723 2852 mu-

934 2873 1066 2902 neribus?
1081 2873 1149 2901 Cum
1162 2872 1225 2900 alibi
1238 2879 1285 2900 eos
1298 2872 1344 2907 qui
1358 2870 1420 2898 talia
1441 2870 1540 2897 audent
1557 2868 1661 2904 punias,
1682 2869 1725 2898 hic

1511 2923 1530 2952 '1
