2041 3111
232 161 282 190 103

231 227 305 254 quast
313 222 470 245 contmunes
477 215 591 243 civitatis
600 213 734 241 beneﬁcos
745 208 886 244 insumptis
895 205 1022 242 pecuniis.

233 253 340 300 publico
352 268 460 298 sumptu
474 261 547 296 ipsos
561 260 622 286 alis.
635 259 680 291 At,
695 255 810 291 inquies,
825 253 939 300 infames
951 255 1022 277 sunt.

233 298 285 338 Cor
297 317 361 345 ergo
377 309 436 336 illos
452 305 585 334 instituis?
598 312 646 331 cur
668 310 715 337 per
730 301 844 328 infames
866 298 928 326 illos
949 302 1026 345 rcges

234 342 370 384 hmanas?
383 362 431 382 cur
445 353 566 381 civitates
578 348 694 378 cnecas?
707 355 755 374 cur
769 347 795 374 in
813 346 874 373 illos
890 348 962 371 tanta
977 342 1028 369 im-

235 402 350 437 tendis?
361 409 420 428 nam
431 400 452 426 si
469 398 581 425 infames
591 399 665 428 sunt,
674 391 887 428 expellidebent.
897 389 951 416 (an
961 395 1027 437 ergo

235 434 297 477 illos
321 447 432 475 infames
449 443 555 472 fecisti?
568 449 602 469 an
619 445 648 468 ut
665 439 787 470 laudans,
809 445 841 464 an
871 441 901 463 ut
925 434 1026 462 conde-

236 493 382 522 muans?L’t
390 490 571 520 condemnans
582 485 793 522 utiquc.Erg0ne
803 487 833 511 ut
845 482 1028 510 condcmnnns

235 536 348 568 infames
363 537 437 567 facis,
449 539 476 562 ct
490 539 518 561 ut
530 531 702 560 honorabiles
711 530 773 557 illos
781 529 887 556 visurus
897 524 1026 556 acciti-ris,

235 583 352 615 miraris,
367 581 469 614 laudas,
483 578 645 614 applaudis?
665 575 732 611 Quid
748 582 815 610 opus
830 578 872 602 est
886 573 977 600 dicere
995 570 1029 598 de

237 628 358 661 fallaciis,
374 635 435 663 qua:
453 627 479 653 in
503 623 686 660 Itippodrotnis
703 627 730 650 et
754 622 780 648 in
798 619 892 656 pugnis
913 618 1028 646 ferarum

236 673 433 702 admittuntur?
446 672 508 699 Ihee
528 671 626 706 quippe
644 668 717 696 omni
739 672 849 702 stupore
863 669 926 693 sttnt
938 664 1027 700 plena,

236 721 387 754 ducemque
414 718 520 746 assidue
544 716 671 751 populum
699 720 760 742 esse
779 709 1029 741 imtuisericordem,

237 774 337 795 stevnm
353 770 381 793 et
399 764 584 795 inhumanum,
599 766 761 796 exercetque
774 759 807 786 ad
821 757 965 786 videndum
979 755 1031 783 ho-

239 814 325 841 miues
349 813 507 847 discerptus,
528 810 685 845 sanguinem
711 807 835 838 effusum,
863 810 887 832 el
915 804 1030 832 ferarum

239 858 430 886 immanitatem
453 858 540 884 omnia
563 853 783 883 confundentem.
809 852 844 879 Et
868 851 918 877 hos
937 855 1032 876 omnes

240 905 349 932 morbos
361 903 494 938 Sapientes
508 901 544 929 illi
556 900 721 935 lcgislatores
731 899 764 925 ab
777 897 852 925 initio
861 896 1031 928 induxerunt,

241 950 426 987 plaudentibus
437 946 638 982 achmirantibus
652 944 816 973 civitatibus.
826 942 889 973 Sed.
900 942 921 970 si
937 941 1032 975 placet,

242 999 283 1025 his
297 996 405 1024 omissis
420 1003 478 1029 quae
500 998 604 1030 aperte,
619 997 648 1020 nt
670 993 695 1019 in
714 988 839 1019 confelsso
852 994 903 1022 est,
918 988 1033 1016 absurda

240 1048 314 1074 sunt,
329 1043 392 1069 licet
405 1041 444 1068 sic
460 1047 512 1068 non
534 1039 620 1066 visum
641 1038 676 1065 sit
689 1037 808 1065 externis
827 1034 1032 1070 lcgislatoribus,

242 1090 276 1117 ad
300 1088 455 1117 honoranda
473 1091 605 1122 praecepta
626 1084 775 1115 veniamus,
799 1088 826 1110 ct
841 1081 941 1109 videbis
955 1080 1034 1107 ctiant

244 1137 289 1163 illa
306 1144 338 1163 cx
366 1135 510 1162 multorum
526 1132 652 1166 opinione
676 1133 803 1164 corrupta
824 1128 914 1155 fuisse.
929 1127 1036 1154 (leonu-

243 1184 316 1210 biutn
338 1183 409 1209 enim
430 1188 474 1208 res
495 1178 660 1206 honorabilis
680 1184 739 1204 esse
754 1175 859 1203 videtur
875 1178 902 1202 et
915 1173 993 1201 nobis
1010 1177 1037 1199 et

244 1228 362 1257 externis
377 1237 384 1254 :
399 1232 426 1254 et
439 1230 479 1253 est
493 1233 555 1252 vere
567 1223 742 1254 honorabile;
758 1220 804 1249 sed
817 1221 843 1247 in
859 1219 1037 1247 celebratione

245 1275 397 1310 nuptiarum
410 1294 417 1304 .
435 1278 473 1300 tot
487 1271 606 1299 ridicula:
620 1278 663 1297 res
677 1268 811 1300 accidunt,
823 1271 887 1302 quot
901 1271 962 1300 post
981 1264 1039 1292 lure

245 1319 360 1349 audituri
375 1320 449 1346 estis.
472 1318 537 1345 Nam
561 1324 593 1344 ex
612 1314 807 1343 consuetudine
827 1311 901 1340 multi
916 1310 1037 1345 occupati

245 1376 277 1395 ac
291 1367 406 1402 decepti,
420 1373 510 1393 earnm
522 1363 713 1391 absurditatcm
724 1369 775 1388 non
787 1363 892 1391 norunt,
901 1358 947 1386 sed
959 1362 1037 1392 egent

246 1414 305 1441 aliis
319 1413 362 1447 qui
379 1413 438 1439 illos
452 1411 577 1438 doceant.
595 1408 701 1436 Etenim
724 1406 841 1438 chorcze,
856 1404 988 1441 cymbala,
1005 1402 1039 1430 ti-

246 1460 308 1493 bim,
323 1458 403 1486 verba
418 1457 574 1491 canticaque
595 1455 692 1489 turpia,
710 1452 884 1483 temulentiac.
903 1457 1040 1478 comessa-

248 1507 345 1537 tiones.
363 1505 499 1538 multaque
514 1502 612 1529 diaboli
626 1500 756 1528 colluvies
773 1503 837 1525 tunc
853 1497 994 1524 inducitur.
1009 1495 1039 1522 Et

249 1553 306 1579 scio
321 1550 428 1586 quidem
450 1556 492 1576 me
512 1547 656 1575 ridiculum
679 1545 774 1575 videri,
796 1543 867 1579 qttod
882 1545 939 1570 haec
952 1550 1036 1576 repre-

249 1598 377 1628 hendam,
398 1600 427 1623 et
439 1595 518 1629 vulgo
540 1593 666 1620 stolidum
687 1590 845 1621 existimari,
870 1589 914 1624 qtti
938 1594 1042 1615 veteres

250 1646 323 1680 leges
337 1648 534 1671 transuuoveam
547 1649 554 1666 :
569 1647 641 1671 nam,
663 1643 690 1665 ut
704 1645 784 1672 supra
796 1637 862 1669 dixi,
881 1644 912 1663 ex
927 1642 1042 1663 consue-

251 1691 344 1719 tudine
357 1697 450 1724 magna
466 1688 588 1721 dcccptio
603 1686 703 1720 paritur
718 1692 724 1710 :
738 1689 854 1711 attamen
871 1683 927 1709 haec
937 1681 1042 1708 dicendi

253 1739 332 1766 fiuctn
347 1745 398 1764 non
415 1736 519 1763 l'aciam.
545 1733 669 1761 Fortase
688 1731 768 1762 enim,
787 1730 908 1761 fortasse,
925 1728 974 1755 etsi
991 1735 1043 1754 non

253 1790 356 1814 omnes,
371 1781 447 1817 pauci
463 1785 552 1808 tamen
575 1786 623 1806 nos
637 1777 786 1811 excipit-nt.
800 1779 827 1802 et
842 1775 940 1802 malent
954 1773 1045 1800 nobis-

252 1837 314 1857 cttm
327 1827 453 1859 derideri,
469 1833 549 1861 quam
564 1831 624 1852 cutn
640 1823 692 1850 illis
706 1830 754 1850 nos
762 1821 896 1854 deridere,
909 1820 963 1847 risu
972 1824 1046 1847 certe

254 1874 380 1910 lacrymis
402 1873 483 1908 digno
507 1870 664 1906 magnisque
688 1867 774 1903 poenis
795 1873 876 1902 atque
896 1865 1044 1900 suppliciis.

254 1920 394 1957 Quomodo
415 1920 485 1947 enim
509 1925 561 1944 non
586 1916 665 1944 fuerit
680 1920 799 1943 extrema
819 1913 990 1940 damnatione
1004 1911 1046 1938 di-

254 1976 346 2002 gnum,
369 1966 498 2001 virginem
520 1971 580 1999 qua:
603 1966 734 1997 pcrpctuo
755 1961 859 1988 vixerat
875 1959 901 1986 iu
918 1958 1045 1990 thalamo,

255 2021 368 2051 qna-quc
381 2021 394 2039 a
410 2011 494 2047 prima
515 2014 595 2038 :etate
610 2007 798 2035 Verecundiam
814 2005 954 2035 didicerat,
970 2003 1048 2030 derc-

257 2050 336 2095 peute
350 2059 407 2094 cogi
423 2058 456 2085 ad
477 2055 664 2091 deponendum
681 2053 820 2088 pudorem,
844 2055 871 2078 et
896 2050 1047 2095 nuptiarum

257 2094 333 2133 initio
347 2102 536 2138 impudentiam
551 2100 653 2131 doceri,
668 2103 693 2125 et
710 2106 724 2125 ιι
738 2096 843 2124 lascivis
855 2094 1049 2130 petulantibus-

257 2159 309 2186 qne
325 2150 400 2181 viris,
412 2146 616 2175 fornicatoribns
632 2149 658 2172 ct
674 2143 797 2170 mollibus
813 2143 838 2169 itt
855 2141 969 2169 medium
986 2148 1049 2176 pro-

257 2196 336 2223 duci?
352 2193 423 2229 quod
437 2193 509 2221 enim
526 2191 624 2218 malum
639 2191 665 2216 in
681 2197 747 2216 nova
762 2196 860 2223 sponso
876 2196 929 2215 non
946 2188 1050 2214 insere-

258 2247 302 2268 tur
314 2240 348 2267 ab
362 2239 405 2266 illo
419 2237 483 2265 die?
494 2235 669 2272 lmpndentia,
682 2235 839 2269 petulantia,
850 2233 1050 2268 inverecundia,

258 2294 335 2314 vana:
355 2284 447 2320 gloriae
468 2291 544 2310 amor
563 2291 569 2309 :
588 2281 659 2309 volet
681 2281 751 2308 enim
770 2280 827 2308 dies
840 2288 933 2308 omnes
953 2280 1052 2308 habere

260 2332 302 2358 his
314 2330 425 2359 similes.
435 2329 502 2356 Hine
511 2327 635 2355 mulieres
646 2326 760 2362 profusa:
769 2331 796 2354 et
804 2330 965 2362 sumptuosa!
975 2328 1051 2360 fiunt,

260 2378 324 2405 hinc
348 2375 527 2410 impudentes,
552 2373 614 2401 hinc
636 2373 699 2408 ipsis
715 2373 782 2400 mala
799 2373 948 2400 innumera.
964 2373 1054 2407 Neque

261 2423 325 2450 mihi
337 2421 410 2450 dicas
420 2419 651 2448 consuetudinem.
666 2418 731 2446 Nam
747 2419 769 2446 si
786 2419 883 2445 malntn
898 2423 948 2451 est,
963 2426 997 2446 ne
1011 2427 1055 2446 sc-

261 2468 312 2496 tuel
327 2466 434 2501 quidem
452 2465 513 2497 fiat;
535 2465 557 2492 si
581 2464 692 2494 bnntltn,
714 2471 821 2497 semper
838 2464 893 2491 fiat.
916 2463 963 2490 Die
983 2464 1053 2490 enim

261 2514 338 2546 ntihi,
354 2512 493 2540 fornicatio
504 2518 592 2539 nonne
603 2511 670 2538 mala
686 2515 727 2537 est
737 2510 747 2536 ?
758 2518 791 2537 an
805 2517 868 2544 ergo
878 2510 1056 2537 concedemtts

261 2561 333 2587 illam
348 2559 390 2586 vel
407 2557 493 2586 semel
509 2556 649 2585 exerceri?
663 2555 846 2590 Nequaquam.
862 2555 973 2587 Quare?
988 2555 1054 2588 Quia

262 2605 368 2632 etiamsi
382 2604 465 2632 semel
481 2608 582 2631 tanttun
598 2602 652 2632 fiat,
678 2602 743 2628 mala
760 2605 848 2628 tamen
864 2605 914 2628 est.
932 2601 1022 2635 liaqne
1033 2601 1054 2626 si

265 2659 360 2678 novam
375 2657 499 2684 Sponsam
519 2649 558 2676 sic
580 2648 708 2675 oblectari
730 2648 827 2674 malum
842 2652 899 2678 est,
921 2654 954 2673 ne
973 2646 1056 2673 semel

265 2697 372 2733 quidem
387 2697 449 2729 fiat;
466 2696 488 2723 si
503 2695 601 2722 bonum
615 2699 666 2724 est.
682 2700 788 2726 semper
799 2692 854 2719 ﬁat.

302 2744 328 2770 6.
349 2742 505 2777 Nuptiarum
524 2741 587 2767 ritus
610 2738 757 2765 describitur
771 2742 793 2764 et
806 2737 1057 2772 dontuatur.-—Qnid

267 2788 356 2823 igitur,
372 2794 463 2822 qnteso
477 2791 517 2818 te,
534 2786 647 2819 inquies.
663 2787 803 2818 nuptiasne
819 2783 946 2810 incusas?
960 2784 1035 2810 Absit
1049 2791 1056 2809 :

269 2843 321 2863 non
337 2836 370 2862 ita
386 2834 506 2864 insanio,
520 2832 566 2858 sed
581 2839 611 2858 ea
625 2839 684 2865 qua:
705 2831 730 2858 in
747 2830 850 2865 nuptias
866 2830 974 2858 advecta
986 2835 1057 2861 sunt,

270 2882 418 2916 pigmenta,
435 2879 522 2906 fucunt
535 2881 561 2905 et
580 2876 712 2912 superflua
735 2877 785 2904 alia
805 2876 923 2911 ejusdem
941 2876 1056 2911 generis.

581 156 609 185 S.
629 153 767 184 10.“le
786 146 1021 180 Clll‘va‘USTOMI
1041 146 1202 175 ARCHIEP.
1222 146 1488 174 CONSTANTINOP.

1819 144 1869 173 104

1079 204 1144 232 Nam
1167 205 1205 233 sic
1227 205 1327 233 multos
1348 205 1382 232 ab
1401 205 1448 232 illo
1462 205 1506 232 die
1517 204 1633 232 alti-abet
1653 208 1807 236 amatores,
1824 211 1872 230 an-

1079 255 1185 286 thnam
1201 259 1261 279 cum
1287 258 1387 286 sponso
1399 255 1486 279 coeat.
1502 250 1553 278 Sed
1570 250 1645 277 multi
1666 250 1786 278 mulieris
1807 257 1870 284 spe-

1079 297 1146 324 ciem
1159 297 1336 324 mirahuntur.
1351 298 1384 324 Et
1394 297 1456 332 quid
1469 298 1543 324 tum?
1556 296 1666 324 Etiamsi
1680 301 1752 323 casta
1772 296 1850 323 fuerit
1861 314 1869 329 ,

1080 343 1122 370 vix
1144 343 1252 378 effugiet
1266 344 1362 371 malam
1385 344 1564 378 suspicionem
1578 351 1585 376 ;
1607 343 1647 370 sin
1663 343 1799 377 negligens
1815 343 1873 370 fne-

1079 389 1130 420 rit.
1144 389 1198 416 cito
1209 390 1328 424 capietur
1338 410 1345 422 ,
1359 395 1468 425 accepta
1488 389 1521 416 ab
1535 389 1580 416 illo
1594 389 1638 416 die
1654 389 1771 416 libidinis
1791 395 1871 416 ocea-

1080 436 1165 462 sione.
1187 435 1309 462 Attamen
1328 443 1388 462 cum
1410 440 1482 462 tanta
1503 435 1564 462 hinc
1595 435 1663 462 mala
1686 435 1823 466 oriantur,
1848 435 1873 463 si

1080 480 1187 514 quando
1206 480 1247 507 his
1257 479 1634 513 abstineatur,contumeliam
1655 488 1711 508 rem
1728 481 1805 508 istam
1825 489 1877 507 vo-

1081 530 1141 554 cant
1157 526 1208 559 illi,
1225 527 1268 561 qui
1285 526 1425 561 pecoribus
1446 534 1499 553 non
1514 527 1640 554 meliores
1653 531 1733 560 sunt,
1753 532 1780 554 et
1801 527 1873 553 imii-

1081 580 1159 607 guam
1175 581 1231 600 t‘cltl
1257 577 1366 607 putant,
1380 573 1402 599 si
1417 573 1513 600 mulier
1534 572 1577 600 illa
1591 573 1682 600 multis
1696 581 1748 599 non
1772 573 1874 607 produ-

1082 623 1157 645 catur
1171 626 1258 653 neque
1271 626 1413 646 commune
1423 617 1554 646 theatrum
1568 619 1750 653 spectantibus
1761 623 1872 654 prostet.

1082 663 1161 698 Atqui
1181 664 1299 698 oportuit
1322 664 1477 692 existimare
1500 685 1509 699 ,
1545 666 1589 694 illa
1614 670 1742 694 constteta
1769 670 1873 693 contu—

1083 710 1207 741 meliam,
1235 710 1318 737 risum
1341 714 1369 737 et
1393 710 1552 738 comoediam
1579 709 1686 737 inferre.
1711 710 1777 737 Nam
1803 717 1875 737 nunc

1083 762 1190 790 quoque
1202 755 1257 782 scio
1273 755 1329 783 fore
1341 760 1370 782 ιιι
1385 755 1459 782 mulli
1472 762 1520 782 nos
1532 759 1561 782 ιιι
1570 755 1666 782 stultos
1676 759 1701 782 ct
1714 756 1767 782 risu
1780 754 1877 790 dignos

1085 801 1237 835 improbent
1260 810 1267 828 :
1287 801 1334 828 sed
1361 801 1466 828 irrideri
1491 801 1596 836 patiar,
1611 801 1675 828 dttm
1700 802 1762 830 hinc
1777 801 1876 836 aliquid

1085 846 1150 874 lucri
1175 847 1316 874 referatur.
1345 848 1450 874 Etenim
1486 847 1613 875 ridiculus
1633 855 1738 881 essem,
1763 848 1785 875 si
1812 848 1878 875 dum

1085 892 1178 920 hortor
1200 898 1226 919 ut
1242 893 1312 927 vulgi
1333 892 1418 927 gloria
1446 892 1629 928 despiciatnr,
1642 895 1698 928 ipse
1719 897 1783 921 ante
1809 894 1879 921 alios

1086 938 1137 966 hoc
1166 939 1260 966 tnorbo
1281 947 1400 974 caperer.
1425 939 1490 966 \‘ide
1515 947 1574 975 quae
1594 939 1656 967 hinc
1683 940 1809 975 deinceps
1832 947 1878 967 se-

1086 990 1202 1020 quantur
1224 993 1299 1012 :non
1315 986 1401 1013 solum
1427 985 1564 1018 interdiu,
1586 985 1634 1014 sed
1659 987 1739 1014 etiam
1763 993 1879 1022 vespere.

1087 1031 1158 1058 viros
1171 1031 1261 1059 ebrius
1272 1036 1298 1059 et
1319 1032 1424 1060 deliciis
1438 1032 1561 1060 incensos
1571 1054 1578 1065 ,
1592 1033 1637 1068 qui
1651 1033 1682 1060 ad
1699 1033 1811 1060 formam
1823 1034 1880 1062 vir-

1087 1078 1156 1112 ginei
1180 1079 1267 1105 vultus
1290 1078 1506 1113 conspiciendam
1533 1086 1594 1106 sese
1617 1084 1759 1113 apparant.
1788 1079 1882 1114 Neque

1088 1124 1159 1151 domi
1176 1129 1277 1151 tautttm
1289 1145 1296 1157 ,
1311 1125 1358 1151 sed
1372 1125 1452 1152 etiam
1468 1133 1515 1159 per
1528 1124 1614 1152 forttm
1628 1125 1660 1152 ad
1674 1126 1881 1152 ostentationem

1089 1170 1214 1198 incedunt
1225 1191 1232 1202 ,
1248 1178 1308 1198 cum
1324 1171 1440 1198 lue-ruis
1453 1171 1525 1198 illam
1542 1179 1647 1199 summo
1660 1180 1770 1206 vespere
1789 1173 1882 1199 tradu-

1089 1221 1198 1249 centes,
1214 1221 1242 1243 nt
1264 1224 1278 1243 a
1299 1217 1402 1244 cunctis
1421 1217 1618 1251 conspiciatur,
1639 1218 1703 1245 nihil
1725 1218 1795 1245 aliud
1818 1218 1882 1245 hinc

1090 1261 1233 1288 suadentes
1244 1282 1250 1293 ,
1266 1269 1345 1294 quam
1362 1266 1391 1288 ut
1409 1269 1516 1289 omnem
1539 1262 1583 1290 illa
1608 1263 1736 1298 pttdorem
1755 1263 1882 1298 deinceps

1091 1311 1180 1342 ponat.
1205 1307 1295 1342 Neqttc
1310 1307 1353 1335 hic
1364 1307 1474 1343 gradum
1490 1308 1603 1341 sistunt,
1620 1308 1666 1336 sed
1687 1317 1747 1336 cum
1763 1310 1884 1344 turpibus

1091 1353 1180 1380 verbis
1195 1353 1266 1380 illam
1279 1353 1378 1381 ducunt
1394 1363 1400 1380 :
1413 1354 1505 1381 ethoc
1517 1363 1623 1390 quoque
1639 1355 1664 1382 in
1682 1356 1767 1390 legem
1779 1356 1886 1384 transiit

1092 1401 1161 1434 aptul
1177 1399 1283 1426 tnultos.
1299 1399 1332 1427 Et
1346 1400 1446 1435 fugitivi
1456 1421 1463 1432 ,
1481 1401 1643 1428 verbi-renes
1658 1401 1808 1436 innumeri,
1823 1410 1886 1438 per-

1093 1446 1186 1473 niciosi
1210 1446 1225 1473 h
1239 1447 1332 1474 nnincs
1343 1455 1403 1474 cuin
1420 1447 1526 1475 licentia
1538 1448 1647 1475 demum
1661 1449 1748 1476 innuia
1762 1458 1808 1483 pro
1824 1449 1886 1477 libi-
1900 1448 1902 1450 ⁷

1093 1491 1156 1519 dine
1169 1492 1316 1526 proferunt,
1329 1493 1385 1520 sive
1400 1493 1426 1520 in
1438 1493 1508 1520 illum
1522 1493 1580 1520 sive
1593 1493 1618 1521 in
1633 1502 1758 1529 sponsum
1771 1503 1829 1522 cum
1842 1496 1886 1522 illa

1095 1538 1291 1570 babitatnrum;
1313 1542 1340 1565 cl
1364 1539 1428 1565 nihil
1445 1539 1607 1572 honestum,
1623 1540 1669 1567 sed
1687 1541 1771 1574 turpia
1797 1541 1887 1569 omnia

1095 1591 1120 1612 et
1142 1585 1317 1612 obscoenitate
1340 1585 1426 1619 plena.
1442 1586 1537 1612 Annon
1554 1585 1662 1621 probam
1677 1588 1806 1614 castitatis
1820 1588 1888 1615 doc-

1097 1630 1191 1657 trinam
1207 1630 1334 1666 percipiet
1347 1638 1456 1666 spensa,
1474 1631 1537 1658 talia
1554 1631 1657 1663 videns,
1675 1632 1737 1658 talia
1753 1632 1888 1660 audiens?

1096 1676 1128 1703 Et
1143 1682 1279 1703 certamen
1298 1676 1431 1711 quoddam
1447 1681 1488 1703 est
1500 1676 1659 1704 diabolicnm
1674 1678 1742 1704 inter
1758 1685 1819 1711 eos,
1842 1679 1888 1713 qui

1096 1721 1129 1748 ad
1143 1722 1203 1748 talia
1215 1722 1400 1756 cohortantur,
1418 1727 1446 1749 ιιι
1458 1723 1503 1750 alti
1517 1723 1585 1750 alios
1600 1729 1728 1758 superent
1739 1725 1890 1759 opprobriis

1096 1773 1123 1796 et
1134 1770 1245 1804 impuris
1260 1769 1353 1801 dictis,
1366 1769 1442 1804 queis
1456 1775 1602 1805 prmsentes
1617 1770 1761 1806 deturpant
1774 1779 1780 1797 :
1797 1771 1891 1806 illique

1098 1816 1214 1844 victores
1229 1816 1380 1850 discedunt,
1401 1817 1445 1852 qui
1462 1817 1558 1852 probra
1574 1822 1601 1845 et
1616 1818 1699 1852 magis
1714 1818 1799 1853 turpia
1820 1819 1891 1846 dicta

1098 1863 1247 1898 projeccrc.
1270 1862 1337 1890 Novi
1351 1863 1459 1898 quidem
1482 1871 1525 1891 me
1540 1864 1692 1897 molestum,
1709 1871 1852 1891 Onerosum
1864 1870 1892 1891 et

1100 1908 1281 1943 itnportunntn
1292 1916 1362 1942 esse,
1374 1909 1419 1944 qui
1433 1909 1494 1937 vitae
1512 1910 1675 1945 voluptatem
1690 1911 1831 1946 quamdam
1845 1911 1893 1938 ab-

1100 1954 1231 1983 scindam.
1247 1954 1310 1982 Ideo
1323 1955 1416 1986 doleo.
1433 1954 1504 1990 quod
1518 1962 1561 1982 res
1574 1960 1628 1982 tam
1645 1955 1756 1990 ingrata:
1770 1956 1893 1990 voluptas

1101 2007 1160 2027 esse
1175 2004 1310 2035 putentur.
1325 2000 1465 2034 Quomodo
1478 2021 1484 2032 ,
1498 2007 1588 2034 quzeso
1599 2021 1606 2032 ,
1622 2009 1674 2028 non
1688 2001 1818 2035 ingratum
1835 2002 1894 2028 fae-

1101 2047 1146 2079 rit,
1160 2046 1327 2074 contumeliis
1341 2051 1368 2074 et
1390 2047 1493 2081 probris
1506 2047 1586 2079 afﬁci,
1601 2052 1627 2074 et
1641 2047 1675 2074 ab
1694 2048 1817 2074 omnibus
1830 2056 1890 2074 cum

1102 2099 1198 2128 sponsa
1213 2092 1343 2135 dedecore
1362 2097 1389 2120 et
1402 2092 1545 2128 ignominia
1561 2093 1669 2120 notari?
1683 2093 1714 2120 Et
1727 2093 1749 2120 si
1764 2093 1855 2128 quispi.
1868 2101 1893 2120 ιιι

1102 2146 1135 2166 ex
1161 2138 1218 2165 foro
1239 2138 1344 2172 coniugi
1361 2142 1412 2165 tute
1435 2138 1619 2170 tnaledixerit,
1641 2138 1779 2165 innutuera
1802 2146 1895 2165 moves

1103 2183 1227 2218 negotia,
1252 2188 1278 2210 et
1299 2191 1351 2210 non
1374 2183 1479 2210 vitalem
1503 2191 1563 2211 esse
1588 2183 1667 2210 vitam
1689 2184 1842 2215 existimas;
1869 2188 1896 2210 et

1104 2230 1211 2257 civitate
1226 2234 1279 2257 tota
1296 2234 1428 2264 prmsente
1446 2229 1509 2257 dum
1531 2230 1644 2265 turpiter
1658 2230 1714 2265 agis
1726 2238 1786 2257 cttm
1808 2230 1894 2257 futura

1104 2275 1216 2310 conjuge
1228 2295 1235 2306 ,
1252 2274 1351 2310 gaudes
1364 2280 1392 2302 et
1406 2279 1432 2302 te
1446 2275 1585 2302 ostentas?
1598 2280 1624 2302 ct
1637 2281 1742 2310 quantm
1763 2275 1819 2301 ha-c
1834 2279 1897 2302 sunt

1106 2322 1235 2349 insaniat?
1248 2322 1281 2348 At
1293 2342 1301 2354 ,
1316 2322 1420 2356 inquies
1430 2343 1437 2353 ,
1453 2321 1510 2349 haec
1522 2330 1553 2349 ex
1565 2322 1757 2349 consuetudine
1772 2321 1846 2348 fiunt.
1864 2321 1897 2349 Et

1107 2368 1167 2396 ideo
1178 2368 1292 2395 maxime
1306 2366 1447 2402 lugendum
1459 2388 1466 2399 .
1483 2367 1553 2402 qttod
1568 2375 1623 2395 rem
1637 2368 1662 2394 in
1676 2367 1897 2395 consuetudinem

1106 2413 1268 2441 concluserit
1283 2414 1415 2440 diabolus.
1433 2413 1499 2447 Qttia
1514 2414 1585 2440 cnim
1600 2414 1699 2448 nuptia:
1715 2422 1757 2440 res
1772 2419 1834 2441 sunt
1850 2414 1898 2441 ho-

1108 2459 1253 2491 norabilis,
1269 2467 1329 2493 qua:
1350 2467 1434 2493 genus
1450 2464 1570 2486 mistrum
1584 2465 1724 2486 conservet
1737 2464 1763 2486 et
1783 2465 1899 2494 augeat,

1108 2509 1134 2532 et
1149 2505 1291 2532 multorum
1307 2505 1342 2531 sit
1354 2512 1435 2532 causa
1449 2504 1579 2532 bonorum
1589 2526 1596 2537 ,
1611 2504 1704 2533 dolore
1718 2505 1829 2533 affectus
1843 2514 1899 2532 tua-

1110 2551 1196 2586 lignus
1211 2550 1265 2583 illc,
1282 2555 1308 2577 et
1321 2551 1408 2578 sciens
1423 2551 1488 2578 illud
1503 2552 1728 2586 propugnaculum
1740 2560 1800 2580 esse
1808 2558 1900 2580 contra

1111 2596 1311 2623 fornicationem
1321 2617 1329 2629 .
1353 2597 1406 2624 alio
1422 2597 1466 2623 ille
1479 2597 1559 2624 modo
1574 2605 1681 2624 omnem
1696 2597 1901 2626 fornicationem

1112 2641 1221 2669 inducit.
1238 2641 1266 2668 ln
1278 2641 1374 2669 talibus
1387 2642 1457 2669 cnim
1469 2643 1582 2670 cmtibus
1592 2643 1682 2670 multa:
1691 2643 1809 2678 virgines
1821 2643 1904 2671 dedc-

1111 2695 1175 2715 core
1197 2692 1258 2715 sunt
1279 2688 1390 2722 affectae.
1407 2689 1481 2722 Quod
1498 2689 1520 2716 si
1543 2697 1594 2716 non
1610 2697 1730 2724 semper,
1749 2693 1777 2717 at
1797 2690 1903 2717 interim

1112 2734 1178 2761 satis
1191 2738 1232 2762 est
1248 2734 1378 2766 diemOni.
1392 2735 1462 2769 quod
1480 2735 1522 2762 illa
1539 2735 1618 2762 verba
1634 2740 1658 2762 et
1671 2735 1790 2770 improba
1800 2736 1904 2763 cantica

1113 2787 1139 2808 et
1152 2788 1278 2815 sponsam
1294 2780 1470 2811 traduxerim.
1485 2786 1510 2808 ct
1526 2788 1654 2816 sponsum
1669 2789 1729 2808 cum
1745 2789 1840 2817 pompa
1857 2790 1905 2817 per

1114 2827 1200 2854 forum
1222 2827 1427 2854 transmiserint.
1455 2827 1554 2854 Deinde
1576 2828 1635 2861 quia
1663 2827 1719 2855 lucc
1744 2828 1769 2855 in
1795 2834 1906 2862 vespera

1116 2873 1202 2908 fiunt,
1218 2882 1250 2902 ne
1275 2875 1391 2902 Icuebne
1418 2874 1548 2901 malorum
1570 2873 1697 2901 horumce
1722 2875 1810 2902 ve'um
1834 2880 1908 2905 snit,
