  <div class='ocr_page' id='page_1' title='image "/cluster/home/n/w/nwhite01/storage/ocr_20150623/61/njp.32101077772679/114.png"; bbox 0 0 2041 3111; ppageno 0'>
   <div class='ocr_carea' id='block_1_1' title="bbox 158 248 955 284">
    <p class='ocr_par' dir='ltr' id='par_1_1' title="bbox 158 248 955 284">
     <span class='ocr_line' id='line_1_1' title="bbox 158 248 955 284; baseline 0 -7"><span class='ocrx_word' id='word_1_1' title='bbox 158 250 271 277; x_wconf 63' lang='lat' dir='ltr'><strong>[aliterue</strong></span> <span class='ocrx_word' id='word_1_2' title='bbox 287 249 453 277; x_wconf 81' lang='lat' dir='ltr'><strong>inducuntur</strong></span> <span class='ocrx_word' id='word_1_3' title='bbox 471 248 576 280; x_wconf 68' lang='lat' dir='ltr'><strong>multm,</strong></span> <span class='ocrx_word' id='word_1_4' title='bbox 590 256 650 283; x_wconf 80' lang='lat' dir='ltr'><strong>qua:</strong></span> <span class='ocrx_word' id='word_1_5' title='bbox 666 248 860 284; x_wconf 87' lang='lat' dir='ltr'><strong>turpitttdinem</strong></span> <span class='ocrx_word' id='word_1_6' title='bbox 871 249 955 277; x_wconf 85' lang='lat' dir='ltr'><strong>latere</strong></span> 
     </span>
    </p>
   </div>
   <div class='ocr_carea' id='block_1_2' title="bbox 156 295 956 329">
    <p class='ocr_par' dir='ltr' id='par_1_2' title="bbox 156 295 956 329">
     <span class='ocr_line' id='line_1_2' title="bbox 156 295 956 329; baseline -0.001 -6"><span class='ocrx_word' id='word_1_7' title='bbox 156 303 209 323; x_wconf 79' lang='lat' dir='ltr'><strong>non</strong></span> <span class='ocrx_word' id='word_1_8' title='bbox 234 295 338 322; x_wconf 73' lang='lat' dir='ltr'><strong>sinunt.</strong></span> <span class='ocrx_word' id='word_1_9' title='bbox 363 295 432 329; x_wconf 83' lang='lat' dir='ltr'><strong>Quid</strong></span> <span class='ocrx_word' id='word_1_10' title='bbox 458 295 529 322; x_wconf 86' lang='lat' dir='ltr'><strong>enim</strong></span> <span class='ocrx_word' id='word_1_11' title='bbox 549 295 600 323; x_wconf 84' lang='lat' dir='ltr'><strong>sibi</strong></span> <span class='ocrx_word' id='word_1_12' title='bbox 621 295 678 323; x_wconf 83' lang='lat' dir='ltr'><strong>vult</strong></span> <span class='ocrx_word' id='word_1_13' title='bbox 703 295 786 322; x_wconf 85' lang='lat' dir='ltr'><strong>multa</strong></span> <span class='ocrx_word' id='word_1_14' title='bbox 801 295 844 322; x_wconf 86' lang='lat' dir='ltr'><strong>illa</strong></span> <span class='ocrx_word' id='word_1_15' title='bbox 860 295 956 322; x_wconf 82' lang='lat' dir='ltr'><strong>turba?</strong></span> 
     </span>
    </p>
   </div>
   <div class='ocr_carea' id='block_1_3' title="bbox 155 340 955 376">
    <p class='ocr_par' dir='ltr' id='par_1_3' title="bbox 155 340 955 376">
     <span class='ocr_line' id='line_1_3' title="bbox 155 340 955 376; baseline 0.003 -9"><span class='ocrx_word' id='word_1_16' title='bbox 155 341 219 376; x_wconf 85' lang='lat' dir='ltr'><strong>quid</strong></span> <span class='ocrx_word' id='word_1_17' title='bbox 238 341 378 368; x_wconf 78' lang='lat' dir='ltr'><strong>ebrietas?</strong></span> <span class='ocrx_word' id='word_1_18' title='bbox 402 340 464 376; x_wconf 83' lang='lat' dir='ltr'><strong>quid</strong></span> <span class='ocrx_word' id='word_1_19' title='bbox 486 340 600 367; x_wconf 69' lang='lat' dir='ltr'><strong>fistulae?</strong></span> <span class='ocrx_word' id='word_1_20' title='bbox 616 348 706 368; x_wconf 84' lang='lat' dir='ltr'><strong>nonne</strong></span> <span class='ocrx_word' id='word_1_21' title='bbox 723 341 810 375; x_wconf 84' lang='lat' dir='ltr'><strong>palam</strong></span> <span class='ocrx_word' id='word_1_22' title='bbox 831 345 870 368; x_wconf 83' lang='lat' dir='ltr'><strong>est</strong></span> <span class='ocrx_word' id='word_1_23' title='bbox 898 340 955 369; x_wconf 71' lang='lat' dir='ltr'><strong>haec</strong></span> 
     </span>
    </p>
   </div>
   <div class='ocr_carea' id='block_1_4' title="bbox 156 386 953 421">
    <p class='ocr_par' dir='ltr' id='par_1_4' title="bbox 156 386 953 421">
     <span class='ocr_line' id='line_1_4' title="bbox 156 386 953 421; baseline 0 -7"><span class='ocrx_word' id='word_1_24' title='bbox 156 387 277 414; x_wconf 77' lang='lat' dir='ltr'><strong>adhiberi</strong></span> <span class='ocrx_word' id='word_1_25' title='bbox 292 407 301 419; x_wconf 85' lang='lat'><em>.</em></span> <span class='ocrx_word' id='word_1_26' title='bbox 327 391 356 414; x_wconf 89' lang='lat' dir='ltr'><strong>ut</strong></span> <span class='ocrx_word' id='word_1_27' title='bbox 383 395 417 414; x_wconf 85' lang='lat' dir='ltr'><strong>tte</strong></span> <span class='ocrx_word' id='word_1_28' title='bbox 442 386 459 413; x_wconf 91' lang='lat' dir='ltr'><strong>ii</strong></span> <span class='ocrx_word' id='word_1_29' title='bbox 477 386 603 421; x_wconf 80' lang='lat' dir='ltr'><strong>quidem,</strong></span> <span class='ocrx_word' id='word_1_30' title='bbox 620 386 665 421; x_wconf 90' lang='lat' dir='ltr'><strong>qui</strong></span> <span class='ocrx_word' id='word_1_31' title='bbox 688 387 713 413; x_wconf 87' lang='lat' dir='ltr'><strong>itt</strong></span> <span class='ocrx_word' id='word_1_32' title='bbox 737 386 860 414; x_wconf 83' lang='lat' dir='ltr'><strong>domibus</strong></span> <span class='ocrx_word' id='word_1_33' title='bbox 873 391 953 419; x_wconf 81' lang='lat' dir='ltr'><strong>sunt.</strong></span> 
     </span>
    </p>
   </div>
   <div class='ocr_carea' id='block_1_5' title="bbox 155 432 954 468">
    <p class='ocr_par' dir='ltr' id='par_1_5' title="bbox 155 432 954 468">
     <span class='ocr_line' id='line_1_5' title="bbox 155 432 954 468; baseline -0.001 -7"><span class='ocrx_word' id='word_1_34' title='bbox 155 435 230 468; x_wconf 69' lang='lat' dir='ltr'><strong>gravi</strong></span> <span class='ocrx_word' id='word_1_35' title='bbox 243 441 341 461; x_wconf 82' lang='lat' dir='ltr'><strong>somno</strong></span> <span class='ocrx_word' id='word_1_36' title='bbox 354 433 445 461; x_wconf 87' lang='lat' dir='ltr'><strong>obruti</strong></span> <span class='ocrx_word' id='word_1_37' title='bbox 461 433 516 460; x_wconf 87' lang='lat' dir='ltr'><strong>ha-c</strong></span> <span class='ocrx_word' id='word_1_38' title='bbox 531 433 664 466; x_wconf 68' lang='lat' dir='ltr'><strong>ignorent,</strong></span> <span class='ocrx_word' id='word_1_39' title='bbox 680 432 727 460; x_wconf 86' lang='lat' dir='ltr'><strong>scd</strong></span> <span class='ocrx_word' id='word_1_40' title='bbox 742 441 756 460; x_wconf 84' lang='lat' dir='ltr'><strong>a</strong></span> <span class='ocrx_word' id='word_1_41' title='bbox 771 433 866 460; x_wconf 88' lang='lat' dir='ltr'><strong>listulis</strong></span> <span class='ocrx_word' id='word_1_42' title='bbox 880 433 954 461; x_wconf 62' lang='lat' dir='ltr'><strong>exci-</strong></span> 
     </span>
    </p>
   </div>
   <div class='ocr_carea' id='block_1_6' title="bbox 157 478 955 513">
    <p class='ocr_par' dir='ltr' id='par_1_6' title="bbox 157 478 955 513">
     <span class='ocr_line' id='line_1_6' title="bbox 157 478 955 513; baseline 0 -7"><span class='ocrx_word' id='word_1_43' title='bbox 157 480 203 506; x_wconf 97' lang='lat' dir='ltr'><strong>tati</strong></span> <span class='ocrx_word' id='word_1_44' title='bbox 226 484 253 506; x_wconf 90' lang='lat' dir='ltr'><strong>et</strong></span> <span class='ocrx_word' id='word_1_45' title='bbox 266 486 386 513; x_wconf 86' lang='lat' dir='ltr'><strong>superne</strong></span> <span class='ocrx_word' id='word_1_46' title='bbox 401 487 433 505; x_wconf 71' lang='lat' dir='ltr'><strong>es</strong></span> <span class='ocrx_word' id='word_1_47' title='bbox 450 478 577 505; x_wconf 72' lang='lat' dir='ltr'><strong>cancellis</strong></span> <span class='ocrx_word' id='word_1_48' title='bbox 594 485 653 505; x_wconf 88' lang='lat' dir='ltr'><strong>sese</strong></span> <span class='ocrx_word' id='word_1_49' title='bbox 672 478 850 511; x_wconf 84' lang='lat' dir='ltr'><strong>inclinantes,</strong></span> <span class='ocrx_word' id='word_1_50' title='bbox 873 484 955 506; x_wconf 84' lang='lat' dir='ltr'><strong>testes</strong></span> 
     </span>
    </p>
   </div>
   <div class='ocr_carea' id='block_1_7' title="bbox 156 523 952 558">
    <p class='ocr_par' dir='ltr' id='par_1_7' title="bbox 156 523 952 558">
     <span class='ocr_line' id='line_1_7' title="bbox 156 523 952 558; baseline -0.001 -7"><span class='ocrx_word' id='word_1_51' title='bbox 156 525 210 553; x_wconf 81' lang='lat' dir='ltr'><strong>sint</strong></span> <span class='ocrx_word' id='word_1_52' title='bbox 224 524 295 551; x_wconf 86' lang='lat' dir='ltr'><strong>iilius</strong></span> <span class='ocrx_word' id='word_1_53' title='bbox 308 524 469 552; x_wconf 56' lang='lat' dir='ltr'><strong>comoediai?</strong></span> <span class='ocrx_word' id='word_1_54' title='bbox 482 523 550 557; x_wconf 83' lang='lat' dir='ltr'><strong>Quid</strong></span> <span class='ocrx_word' id='word_1_55' title='bbox 564 524 665 550; x_wconf 77' lang='lat' dir='ltr'><strong>dixeris</strong></span> <span class='ocrx_word' id='word_1_56' title='bbox 679 523 714 551; x_wconf 87' lang='lat' dir='ltr'><strong>de</strong></span> <span class='ocrx_word' id='word_1_57' title='bbox 736 524 802 558; x_wconf 80' lang='lat' dir='ltr'><strong>ipsis</strong></span> <span class='ocrx_word' id='word_1_58' title='bbox 823 525 952 558; x_wconf 83' lang='lat' dir='ltr'><strong>canticis,</strong></span> 
     </span>
    </p>
   </div>
   <div class='ocr_carea' id='block_1_8' title="bbox 157 569 954 604">
    <p class='ocr_par' dir='ltr' id='par_1_8' title="bbox 157 569 954 604">
     <span class='ocr_line' id='line_1_8' title="bbox 157 569 954 604; baseline -0.001 -7"><span class='ocrx_word' id='word_1_59' title='bbox 157 578 218 603; x_wconf 60' lang='lat' dir='ltr'><strong>qua:</strong></span> <span class='ocrx_word' id='word_1_60' title='bbox 239 571 312 597; x_wconf 91' lang='lat' dir='ltr'><strong>omni</strong></span> <span class='ocrx_word' id='word_1_61' title='bbox 328 571 407 604; x_wconf 81' lang='lat' dir='ltr'><strong>plena</strong></span> <span class='ocrx_word' id='word_1_62' title='bbox 429 574 489 596; x_wconf 90' lang='lat' dir='ltr'><strong>sunt</strong></span> <span class='ocrx_word' id='word_1_63' title='bbox 504 569 684 603; x_wconf 77' lang='lat' dir='ltr'><strong>impudicitia,</strong></span> <span class='ocrx_word' id='word_1_64' title='bbox 700 577 812 604; x_wconf 84' lang='lat' dir='ltr'><strong>qua-que</strong></span> <span class='ocrx_word' id='word_1_65' title='bbox 824 569 954 596; x_wconf 70' lang='lat' dir='ltr'><strong>altSlrl‘dliS</strong></span> 
     </span>
    </p>
   </div>
   <div class='ocr_carea' id='block_1_9' title="bbox 156 615 953 650">
    <p class='ocr_par' dir='ltr' id='par_1_9' title="bbox 156 615 953 650">
     <span class='ocr_line' id='line_1_9' title="bbox 156 615 953 650; baseline 0.003 -9"><span class='ocrx_word' id='word_1_66' title='bbox 156 623 265 643; x_wconf 84' lang='lat' dir='ltr'><strong>autores</strong></span> <span class='ocrx_word' id='word_1_67' title='bbox 275 637 282 648; x_wconf 87' lang='lat'><strong>,</strong></span> <span class='ocrx_word' id='word_1_68' title='bbox 297 617 450 650; x_wconf 82' lang='lat' dir='ltr'><strong>illegitimos</strong></span> <span class='ocrx_word' id='word_1_69' title='bbox 463 615 631 646; x_wconf 75' lang='lat' dir='ltr'><strong>concubitus,</strong></span> <span class='ocrx_word' id='word_1_70' title='bbox 646 615 787 642; x_wconf 89' lang='lat' dir='ltr'><strong>domorum</strong></span> <span class='ocrx_word' id='word_1_71' title='bbox 800 617 953 644; x_wconf 83' lang='lat' dir='ltr'><strong>eversiones</strong></span> 
     </span>
    </p>
   </div>
   <div class='ocr_carea' id='block_1_10' title="bbox 156 661 952 696">
    <p class='ocr_par' dir='ltr' id='par_1_10' title="bbox 156 661 952 696">
     <span class='ocr_line' id='line_1_10' title="bbox 156 661 952 696; baseline 0.001 -7"><span class='ocrx_word' id='word_1_72' title='bbox 156 668 182 689; x_wconf 84' lang='lat' dir='ltr'><strong>ct</strong></span> <span class='ocrx_word' id='word_1_73' title='bbox 197 663 352 689; x_wconf 87' lang='lat' dir='ltr'><strong>innutneras</strong></span> <span class='ocrx_word' id='word_1_74' title='bbox 365 662 493 689; x_wconf 84' lang='lat' dir='ltr'><strong>inducunt</strong></span> <span class='ocrx_word' id='word_1_75' title='bbox 503 661 658 696; x_wconf 73' lang='lat' dir='ltr'><strong>tragtedias.</strong></span> <span class='ocrx_word' id='word_1_76' title='bbox 674 667 702 689; x_wconf 89' lang='lat' dir='ltr'><strong>et</strong></span> <span class='ocrx_word' id='word_1_77' title='bbox 716 670 786 696; x_wconf 68' lang='lat' dir='ltr'><strong>szepe</strong></span> <span class='ocrx_word' id='word_1_78' title='bbox 801 662 952 691; x_wconf 62' lang='lat' dir='ltr'><strong>numen-di-</strong></span> 
     </span>
    </p>
   </div>
   <div class='ocr_carea' id='block_1_11' title="bbox 158 707 952 742">
    <p class='ocr_par' dir='ltr' id='par_1_11' title="bbox 158 707 952 742">
     <span class='ocr_line' id='line_1_11' title="bbox 158 707 952 742; baseline 0 -8"><span class='ocrx_word' id='word_1_79' title='bbox 158 707 218 735; x_wconf 88' lang='lat' dir='ltr'><strong>lecti</strong></span> <span class='ocrx_word' id='word_1_80' title='bbox 239 713 267 735; x_wconf 89' lang='lat' dir='ltr'><strong>et</strong></span> <span class='ocrx_word' id='word_1_81' title='bbox 281 708 396 733; x_wconf 62' lang='lat' dir='ltr'><strong>amantis</strong></span> <span class='ocrx_word' id='word_1_82' title='bbox 412 707 528 739; x_wconf 86' lang='lat' dir='ltr'><strong>habent,</strong></span> <span class='ocrx_word' id='word_1_83' title='bbox 545 715 695 742; x_wconf 85' lang='lat' dir='ltr'><strong>nomenque</strong></span> <span class='ocrx_word' id='word_1_84' title='bbox 708 708 813 735; x_wconf 55' lang='grc' dir='ltr'>«ιιι-εμπ</span> <span class='ocrx_word' id='word_1_85' title='bbox 828 714 854 734; x_wconf 89' lang='lat' dir='ltr'><strong>ct</strong></span> <span class='ocrx_word' id='word_1_86' title='bbox 879 716 952 735; x_wconf 88' lang='lat' dir='ltr'><strong>ama-</strong></span> 
     </span>
    </p>
   </div>
   <div class='ocr_carea' id='block_1_12' title="bbox 156 753 952 788">
    <p class='ocr_par' dir='ltr' id='par_1_12' title="bbox 156 753 952 788">
     <span class='ocr_line' id='line_1_12' title="bbox 156 753 952 788; baseline 0.005 -12"><span class='ocrx_word' id='word_1_87' title='bbox 156 754 226 780; x_wconf 66' lang='lat' dir='ltr'><strong>situ?</strong></span> <span class='ocrx_word' id='word_1_88' title='bbox 245 753 376 788; x_wconf 78' lang='lat' dir='ltr'><strong>Quodque</strong></span> <span class='ocrx_word' id='word_1_89' title='bbox 389 753 498 787; x_wconf 61' lang='lat' dir='ltr'><strong>gravius</strong></span> <span class='ocrx_word' id='word_1_90' title='bbox 513 758 563 784; x_wconf 81' lang='lat' dir='ltr'><strong>est,</strong></span> <span class='ocrx_word' id='word_1_91' title='bbox 585 753 625 779; x_wconf 87' lang='lat' dir='ltr'><strong>ltis</strong></span> <span class='ocrx_word' id='word_1_92' title='bbox 639 753 737 779; x_wconf 69' lang='lat' dir='ltr'><strong>{ltlalllll</strong></span> <span class='ocrx_word' id='word_1_93' title='bbox 752 754 879 788; x_wconf 71' lang='lat' dir='ltr'><strong>virgines,</strong></span> <span class='ocrx_word' id='word_1_94' title='bbox 893 762 952 788; x_wconf 74' lang='lat' dir='ltr'><strong>qua:</strong></span> 
     </span>
    </p>
   </div>
   <div class='ocr_carea' id='block_1_13' title="bbox 156 798 951 834">
    <p class='ocr_par' dir='ltr' id='par_1_13' title="bbox 156 798 951 834">
     <span class='ocr_line' id='line_1_13' title="bbox 156 798 951 834; baseline 0 -8"><span class='ocrx_word' id='word_1_95' title='bbox 156 806 264 826; x_wconf 81' lang='lat' dir='ltr'><strong>omnem</strong></span> <span class='ocrx_word' id='word_1_96' title='bbox 279 804 409 826; x_wconf 78' lang='lat' dir='ltr'><strong>emerunt</strong></span> <span class='ocrx_word' id='word_1_97' title='bbox 429 799 565 832; x_wconf 81' lang='lat' dir='ltr'><strong>pudorem,</strong></span> <span class='ocrx_word' id='word_1_98' title='bbox 582 798 608 824; x_wconf 87' lang='lat' dir='ltr'><strong>in</strong></span> <span class='ocrx_word' id='word_1_99' title='bbox 622 798 750 825; x_wconf 77' lang='lat' dir='ltr'><strong>honorem</strong></span> <span class='ocrx_word' id='word_1_100' title='bbox 765 806 881 834; x_wconf 74' lang='lat' dir='ltr'><strong>sponsze,</strong></span> <span class='ocrx_word' id='word_1_101' title='bbox 898 800 951 826; x_wconf 87' lang='lat' dir='ltr'><strong>imo</strong></span> 
     </span>
    </p>
   </div>
   <div class='ocr_carea' id='block_1_14' title="bbox 159 844 946 879">
    <p class='ocr_par' dir='ltr' id='par_1_14' title="bbox 159 844 946 879">
     <span class='ocr_line' id='line_1_14' title="bbox 159 844 946 879; baseline 0 -8"><span class='ocrx_word' id='word_1_102' title='bbox 159 844 405 877; x_wconf 79' lang='lat' dir='ltr'><strong>iueontumeliatn;</strong></span> <span class='ocrx_word' id='word_1_103' title='bbox 420 850 445 871; x_wconf 90' lang='lat' dir='ltr'><strong>et</strong></span> <span class='ocrx_word' id='word_1_104' title='bbox 459 846 573 871; x_wconf 85' lang='lat' dir='ltr'><strong>salutent</strong></span> <span class='ocrx_word' id='word_1_105' title='bbox 589 852 664 871; x_wconf 88' lang='lat' dir='ltr'><strong>suam</strong></span> <span class='ocrx_word' id='word_1_106' title='bbox 677 844 805 878; x_wconf 75' lang='lat' dir='ltr'><strong>produnt,</strong></span> <span class='ocrx_word' id='word_1_107' title='bbox 823 846 946 879; x_wconf 90' lang='lat' dir='ltr'><strong>interque</strong></span> 
     </span>
    </p>
   </div>
   <div class='ocr_carea' id='block_1_15' title="bbox 157 889 947 924">
    <p class='ocr_par' dir='ltr' id='par_1_15' title="bbox 157 889 947 924">
     <span class='ocr_line' id='line_1_15' title="bbox 157 889 947 924; baseline 0.001 -8"><span class='ocrx_word' id='word_1_108' title='bbox 157 891 272 924; x_wconf 70' lang='lat' dir='ltr'><strong>juvenes</strong></span> <span class='ocrx_word' id='word_1_109' title='bbox 296 890 425 916; x_wconf 76' lang='lat' dir='ltr'><strong>indecore</strong></span> <span class='ocrx_word' id='word_1_110' title='bbox 446 898 476 916; x_wconf 84' lang='lat' dir='ltr'><strong>se</strong></span> <span class='ocrx_word' id='word_1_111' title='bbox 499 893 614 924; x_wconf 72' lang='lat' dir='ltr'><strong>gerunt,</strong></span> <span class='ocrx_word' id='word_1_112' title='bbox 640 889 740 922; x_wconf 70' lang='lat' dir='ltr'><strong>ineptis</strong></span> <span class='ocrx_word' id='word_1_113' title='bbox 763 890 906 917; x_wconf 76' lang='lat' dir='ltr'><strong>cantilenis</strong></span> <span class='ocrx_word' id='word_1_114' title='bbox 921 894 947 917; x_wconf 81' lang='lat' dir='ltr'><strong>et</strong></span> 
     </span>
    </p>
   </div>
   <div class='ocr_carea' id='block_1_16' title="bbox 159 934 942 970">
    <p class='ocr_par' dir='ltr' id='par_1_16' title="bbox 159 934 942 970">
     <span class='ocr_line' id='line_1_16' title="bbox 159 934 942 970; baseline -0.001 -7"><span class='ocrx_word' id='word_1_115' title='bbox 159 936 252 963; x_wconf 75' lang='lat' dir='ltr'><strong>Verbis</strong></span> <span class='ocrx_word' id='word_1_116' title='bbox 260 935 384 970; x_wconf 88' lang='lat' dir='ltr'><strong>turpibus</strong></span> <span class='ocrx_word' id='word_1_117' title='bbox 395 943 456 962; x_wconf 83' lang='lat' dir='ltr'><strong>cum</strong></span> <span class='ocrx_word' id='word_1_118' title='bbox 467 936 587 962; x_wconf 79' lang='lat' dir='ltr'><strong>satauica</strong></span> <span class='ocrx_word' id='word_1_119' title='bbox 599 934 758 969; x_wconf 75' lang='lat' dir='ltr'><strong>symphonia</strong></span> <span class='ocrx_word' id='word_1_120' title='bbox 768 939 883 962; x_wconf 75' lang='lat' dir='ltr'><strong>utentes.</strong></span> <span class='ocrx_word' id='word_1_121' title='bbox 895 937 942 962; x_wconf 86' lang='lat' dir='ltr'><strong>Ad-</strong></span> 
     </span>
    </p>
   </div>
   <div class='ocr_carea' id='block_1_17' title="bbox 156 979 950 1013">
    <p class='ocr_par' dir='ltr' id='par_1_17' title="bbox 156 979 950 1013">
     <span class='ocr_line' id='line_1_17' title="bbox 156 979 950 1013; baseline 0.005 -9"><span class='ocrx_word' id='word_1_122' title='bbox 156 979 255 1011; x_wconf 84' lang='lat' dir='ltr'><strong>bncne,</strong></span> <span class='ocrx_word' id='word_1_123' title='bbox 270 987 372 1012; x_wconf 62' lang='lat' dir='ltr'><strong>tnta-so,</strong></span> <span class='ocrx_word' id='word_1_124' title='bbox 399 979 546 1013; x_wconf 74' lang='lat' dir='ltr'><strong>interrogas</strong></span> <span class='ocrx_word' id='word_1_125' title='bbox 561 979 694 1006; x_wconf 82' lang='lat' dir='ltr'><strong>undenatn</strong></span> <span class='ocrx_word' id='word_1_126' title='bbox 717 979 866 1007; x_wconf 83' lang='lat' dir='ltr'><strong>adulteria?</strong></span> <span class='ocrx_word' id='word_1_127' title='bbox 880 981 950 1009; x_wconf 79' lang='lat' dir='ltr'><strong>unde</strong></span> 
     </span>
    </p>
   </div>
   <div class='ocr_carea' id='block_1_18' title="bbox 155 1024 948 1058">
    <p class='ocr_par' dir='ltr' id='par_1_18' title="bbox 155 1024 948 1058">
     <span class='ocr_line' id='line_1_18' title="bbox 155 1024 948 1058; baseline 0.006 -9"><span class='ocrx_word' id='word_1_128' title='bbox 155 1024 362 1052; x_wconf 66' lang='lat' dir='ltr'><strong>inruit-stiones?</strong></span> <span class='ocrx_word' id='word_1_129' title='bbox 376 1025 447 1051; x_wconf 84' lang='lat' dir='ltr'><strong>unde</strong></span> <span class='ocrx_word' id='word_1_130' title='bbox 462 1025 613 1058; x_wconf 79' lang='lat' dir='ltr'><strong>nuptiarum</strong></span> <span class='ocrx_word' id='word_1_131' title='bbox 628 1025 814 1058; x_wconf 74' lang='lat' dir='ltr'><strong>correptiones</strong></span> <span class='ocrx_word' id='word_1_132' title='bbox 825 1026 836 1052; x_wconf 83' lang='lat'><strong>?</strong></span> <span class='ocrx_word' id='word_1_133' title='bbox 849 1027 882 1053; x_wconf 78' lang='lat' dir='ltr'><strong>At</strong></span> <span class='ocrx_word' id='word_1_134' title='bbox 896 1035 948 1054; x_wconf 88' lang='lat' dir='ltr'><strong>non</strong></span> 
     </span>
    </p>
   </div>
   <div class='ocr_carea' id='block_1_19' title="bbox 154 1070 949 1106">
    <p class='ocr_par' dir='ltr' id='par_1_19' title="bbox 154 1070 949 1106">
     <span class='ocr_line' id='line_1_19' title="bbox 154 1070 949 1106; baseline 0.003 -11"><span class='ocrx_word' id='word_1_135' title='bbox 154 1070 277 1104; x_wconf 63' lang='lat' dir='ltr'><strong>ingenua</strong></span> <span class='ocrx_word' id='word_1_136' title='bbox 290 1075 317 1096; x_wconf 79' lang='lat' dir='ltr'><strong>et</strong></span> <span class='ocrx_word' id='word_1_137' title='bbox 330 1070 450 1096; x_wconf 57' lang='lat' dir='ltr'><strong>honesta-</strong></span> <span class='ocrx_word' id='word_1_138' title='bbox 460 1090 467 1100; x_wconf 83' lang='lat'><strong>,</strong></span> <span class='ocrx_word' id='word_1_139' title='bbox 483 1070 587 1103; x_wconf 85' lang='lat' dir='ltr'><strong>inquies</strong></span> <span class='ocrx_word' id='word_1_140' title='bbox 597 1091 604 1102; x_wconf 94' lang='lat'><strong>,</strong></span> <span class='ocrx_word' id='word_1_141' title='bbox 621 1070 671 1097; x_wconf 91' lang='lat' dir='ltr'><strong>hoc</strong></span> <span class='ocrx_word' id='word_1_142' title='bbox 684 1070 794 1098; x_wconf 89' lang='lat' dir='ltr'><strong>faciunt.</strong></span> <span class='ocrx_word' id='word_1_143' title='bbox 810 1071 865 1098; x_wconf 81' lang='lat' dir='ltr'><strong>Cur</strong></span> <span class='ocrx_word' id='word_1_144' title='bbox 884 1080 949 1106; x_wconf 73' lang='lat' dir='ltr'><strong>ergo</strong></span> 
     </span>
    </p>
   </div>
   <div class='ocr_carea' id='block_1_20' title="bbox 153 1114 949 1149">
    <p class='ocr_par' dir='ltr' id='par_1_20' title="bbox 153 1114 949 1149">
     <span class='ocr_line' id='line_1_20' title="bbox 153 1114 949 1149; baseline 0.005 -8"><span class='ocrx_word' id='word_1_145' title='bbox 153 1123 197 1142; x_wconf 89' lang='lat' dir='ltr'><strong>tne</strong></span> <span class='ocrx_word' id='word_1_146' title='bbox 221 1115 333 1146; x_wconf 81' lang='lat' dir='ltr'><strong>irrides,</strong></span> <span class='ocrx_word' id='word_1_147' title='bbox 355 1122 417 1142; x_wconf 84' lang='lat' dir='ltr'><strong>cunt</strong></span> <span class='ocrx_word' id='word_1_148' title='bbox 440 1114 496 1148; x_wconf 78' lang='lat' dir='ltr'><strong>ipse</strong></span> <span class='ocrx_word' id='word_1_149' title='bbox 513 1115 580 1142; x_wconf 87' lang='lat' dir='ltr'><strong>hanc</strong></span> <span class='ocrx_word' id='word_1_150' title='bbox 603 1115 688 1149; x_wconf 73' lang='lat' dir='ltr'><strong>legem</strong></span> <span class='ocrx_word' id='word_1_151' title='bbox 709 1120 770 1144; x_wconf 83' lang='lat' dir='ltr'><strong>ante</strong></span> <span class='ocrx_word' id='word_1_152' title='bbox 793 1125 836 1144; x_wconf 91' lang='lat' dir='ltr'><strong>me</strong></span> <span class='ocrx_word' id='word_1_153' title='bbox 860 1117 949 1145; x_wconf 80' lang='lat' dir='ltr'><strong>scias?</strong></span> 
     </span>
    </p>
   </div>
   <div class='ocr_carea' id='block_1_21' title="bbox 151 1161 946 1198">
    <p class='ocr_par' dir='ltr' id='par_1_21' title="bbox 151 1161 946 1198">
     <span class='ocr_line' id='line_1_21' title="bbox 151 1161 946 1198; baseline 0.004 -10"><span class='ocrx_word' id='word_1_154' title='bbox 151 1161 218 1188; x_wconf 77' lang='lat' dir='ltr'><strong>Nam</strong></span> <span class='ocrx_word' id='word_1_155' title='bbox 240 1162 263 1187; x_wconf 88' lang='lat' dir='ltr'><strong>si</strong></span> <span class='ocrx_word' id='word_1_156' title='bbox 279 1161 348 1187; x_wconf 84' lang='lat' dir='ltr'><strong>bona</strong></span> <span class='ocrx_word' id='word_1_157' title='bbox 368 1165 431 1188; x_wconf 85' lang='lat' dir='ltr'><strong>sunt</strong></span> <span class='ocrx_word' id='word_1_158' title='bbox 454 1161 496 1188; x_wconf 87' lang='lat' dir='ltr'><strong>illa</strong></span> <span class='ocrx_word' id='word_1_159' title='bbox 509 1181 518 1194; x_wconf 85' lang='lat'><strong>,</strong></span> <span class='ocrx_word' id='word_1_160' title='bbox 540 1161 599 1188; x_wconf 87' lang='lat' dir='ltr'><strong>sine</strong></span> <span class='ocrx_word' id='word_1_161' title='bbox 619 1161 678 1188; x_wconf 89' lang='lat' dir='ltr'><strong>illas</strong></span> <span class='ocrx_word' id='word_1_162' title='bbox 698 1169 804 1197; x_wconf 89' lang='lat' dir='ltr'><strong>qttoque</strong></span> <span class='ocrx_word' id='word_1_163' title='bbox 817 1162 842 1189; x_wconf 89' lang='lat' dir='ltr'><strong>id</strong></span> <span class='ocrx_word' id='word_1_164' title='bbox 856 1170 946 1198; x_wconf 80' lang='lat' dir='ltr'><strong>agerc.</strong></span> 
     </span>
    </p>
   </div>
   <div class='ocr_carea' id='block_1_22' title="bbox 151 1207 947 1243">
    <p class='ocr_par' dir='ltr' id='par_1_22' title="bbox 151 1207 947 1243">
     <span class='ocr_line' id='line_1_22' title="bbox 151 1207 947 1243; baseline 0.003 -9"><span class='ocrx_word' id='word_1_165' title='bbox 151 1207 219 1234; x_wconf 76' lang='lat' dir='ltr'><strong>Num</strong></span> <span class='ocrx_word' id='word_1_166' title='bbox 241 1207 304 1242; x_wconf 85' lang='lat' dir='ltr'><strong>quia</strong></span> <span class='ocrx_word' id='word_1_167' title='bbox 319 1207 370 1235; x_wconf 71' lang='lat' dir='ltr'><strong>ille</strong></span> <span class='ocrx_word' id='word_1_168' title='bbox 384 1207 410 1234; x_wconf 92' lang='lat' dir='ltr'><strong>in</strong></span> <span class='ocrx_word' id='word_1_169' title='bbox 425 1211 582 1242; x_wconf 74' lang='lat' dir='ltr'><strong>paupertate</strong></span> <span class='ocrx_word' id='word_1_170' title='bbox 599 1207 715 1234; x_wconf 76' lang='lat' dir='ltr'><strong>vivunt?</strong></span> <span class='ocrx_word' id='word_1_171' title='bbox 730 1216 818 1235; x_wconf 88' lang='lat' dir='ltr'><strong>nonne</strong></span> <span class='ocrx_word' id='word_1_172' title='bbox 839 1213 866 1236; x_wconf 90' lang='lat' dir='ltr'><strong>et</strong></span> <span class='ocrx_word' id='word_1_173' title='bbox 881 1209 947 1243; x_wconf 82' lang='lat' dir='ltr'><strong>ipsa:</strong></span> 
     </span>
    </p>
   </div>
   <div class='ocr_carea' id='block_1_23' title="bbox 149 1253 946 1290">
    <p class='ocr_par' dir='ltr' id='par_1_23' title="bbox 149 1253 946 1290">
     <span class='ocr_line' id='line_1_23' title="bbox 149 1253 946 1290; baseline 0.005 -11"><span class='ocrx_word' id='word_1_174' title='bbox 149 1254 269 1288; x_wconf 73' lang='lat' dir='ltr'><strong>virgines</strong></span> <span class='ocrx_word' id='word_1_175' title='bbox 281 1258 360 1286; x_wconf 88' lang='lat' dir='ltr'><strong>sunt,</strong></span> <span class='ocrx_word' id='word_1_176' title='bbox 375 1253 487 1288; x_wconf 84' lang='lat' dir='ltr'><strong>illasque</strong></span> <span class='ocrx_word' id='word_1_177' title='bbox 499 1253 630 1281; x_wconf 82' lang='lat' dir='ltr'><strong>castitatis</strong></span> <span class='ocrx_word' id='word_1_178' title='bbox 644 1261 735 1281; x_wconf 82' lang='lat' dir='ltr'><strong>curam</strong></span> <span class='ocrx_word' id='word_1_179' title='bbox 751 1255 850 1282; x_wconf 86' lang='lat' dir='ltr'><strong>habere</strong></span> <span class='ocrx_word' id='word_1_180' title='bbox 863 1263 946 1290; x_wconf 88' lang='lat' dir='ltr'><strong>opor-</strong></span> 
     </span>
    </p>
   </div>
   <div class='ocr_carea' id='block_1_24' title="bbox 148 1297 945 1333">
    <p class='ocr_par' dir='ltr' id='par_1_24' title="bbox 148 1297 945 1333">
     <span class='ocr_line' id='line_1_24' title="bbox 148 1297 945 1333; baseline 0.003 -8"><span class='ocrx_word' id='word_1_181' title='bbox 148 1304 185 1326; x_wconf 85' lang='lat' dir='ltr'><strong>tet</strong></span> <span class='ocrx_word' id='word_1_182' title='bbox 195 1299 208 1325; x_wconf 70' lang='lat'>2</span> <span class='ocrx_word' id='word_1_183' title='bbox 222 1298 299 1326; x_wconf 80' lang='lat' dir='ltr'><strong>Nunc</strong></span> <span class='ocrx_word' id='word_1_184' title='bbox 319 1304 407 1325; x_wconf 87' lang='lat' dir='ltr'><strong>autem</strong></span> <span class='ocrx_word' id='word_1_185' title='bbox 418 1297 480 1325; x_wconf 90' lang='lat' dir='ltr'><strong>dum</strong></span> <span class='ocrx_word' id='word_1_186' title='bbox 491 1299 573 1326; x_wconf 82' lang='lat' dir='ltr'><strong>saltat</strong></span> <span class='ocrx_word' id='word_1_187' title='bbox 585 1298 660 1333; x_wconf 70' lang='lat' dir='ltr'><strong>virgo</strong></span> <span class='ocrx_word' id='word_1_188' title='bbox 681 1298 706 1324; x_wconf 94' lang='lat' dir='ltr'><strong>in</strong></span> <span class='ocrx_word' id='word_1_189' title='bbox 719 1300 854 1326; x_wconf 91' lang='lat' dir='ltr'><strong>communi</strong></span> <span class='ocrx_word' id='word_1_190' title='bbox 867 1300 945 1327; x_wconf 90' lang='lat' dir='ltr'><strong>thea-</strong></span> 
     </span>
    </p>
   </div>
   <div class='ocr_carea' id='block_1_25' title="bbox 147 1344 945 1380">
    <p class='ocr_par' dir='ltr' id='par_1_25' title="bbox 147 1344 945 1380">
     <span class='ocr_line' id='line_1_25' title="bbox 147 1344 945 1380; baseline 0.004 -9"><span class='ocrx_word' id='word_1_191' title='bbox 147 1350 191 1372; x_wconf 85' lang='lat' dir='ltr'><strong>tro</strong></span> <span class='ocrx_word' id='word_1_192' title='bbox 202 1344 397 1379; x_wconf 78' lang='lat' dir='ltr'><strong>impudicorum</strong></span> <span class='ocrx_word' id='word_1_193' title='bbox 409 1344 547 1378; x_wconf 80' lang='lat' dir='ltr'><strong>jttvcttum,</strong></span> <span class='ocrx_word' id='word_1_194' title='bbox 558 1351 658 1377; x_wconf 76' lang='lat' dir='ltr'><strong>annon,</strong></span> <span class='ocrx_word' id='word_1_195' title='bbox 668 1352 769 1380; x_wconf 70' lang='lat' dir='ltr'><strong>quzrso,</strong></span> <span class='ocrx_word' id='word_1_196' title='bbox 779 1345 884 1373; x_wconf 84' lang='lat' dir='ltr'><strong>videtur</strong></span> <span class='ocrx_word' id='word_1_197' title='bbox 897 1347 945 1374; x_wconf 87' lang='lat' dir='ltr'><strong>tibi</strong></span> 
     </span>
    </p>
   </div>
   <div class='ocr_carea' id='block_1_26' title="bbox 147 1391 945 1425">
    <p class='ocr_par' dir='ltr' id='par_1_26' title="bbox 147 1391 945 1425">
     <span class='ocr_line' id='line_1_26' title="bbox 147 1391 945 1425; baseline 0.006 -8"><span class='ocrx_word' id='word_1_198' title='bbox 147 1392 190 1418; x_wconf 68' lang='grc' dir='ltr'><strong>νει</strong></span> <span class='ocrx_word' id='word_1_199' title='bbox 205 1391 348 1418; x_wconf 69' lang='lat' dir='ltr'><strong>increta-ioc</strong></span> <span class='ocrx_word' id='word_1_200' title='bbox 366 1391 552 1418; x_wconf 82' lang='lat' dir='ltr'><strong>inhonestior?</strong></span> <span class='ocrx_word' id='word_1_201' title='bbox 564 1391 641 1425; x_wconf 84' lang='lat' dir='ltr'><strong>Quod</strong></span> <span class='ocrx_word' id='word_1_202' title='bbox 665 1392 686 1418; x_wconf 89' lang='lat' dir='ltr'><strong>si</strong></span> <span class='ocrx_word' id='word_1_203' title='bbox 707 1392 809 1420; x_wconf 79' lang='lat' dir='ltr'><strong>dixeris</strong></span> <span class='ocrx_word' id='word_1_204' title='bbox 831 1393 945 1422; x_wconf 82' lang='lat' dir='ltr'><strong>ancillas</strong></span> 
     </span>
    </p>
   </div>
   <div class='ocr_carea' id='block_1_27' title="bbox 147 1437 946 1476">
    <p class='ocr_par' dir='ltr' id='par_1_27' title="bbox 147 1437 946 1476">
     <span class='ocr_line' id='line_1_27' title="bbox 147 1437 946 1476; baseline 0.004 -11"><span class='ocrx_word' id='word_1_205' title='bbox 147 1438 173 1465; x_wconf 84' lang='lat' dir='ltr'><strong>id</strong></span> <span class='ocrx_word' id='word_1_206' title='bbox 190 1437 282 1465; x_wconf 81' lang='lat' dir='ltr'><strong>facere</strong></span> <span class='ocrx_word' id='word_1_207' title='bbox 291 1458 299 1470; x_wconf 83' lang='grc'>,</span> <span class='ocrx_word' id='word_1_208' title='bbox 313 1445 400 1472; x_wconf 86' lang='lat' dir='ltr'><strong>neque</strong></span> <span class='ocrx_word' id='word_1_209' title='bbox 413 1437 452 1465; x_wconf 87' lang='lat' dir='ltr'><strong>sic</strong></span> <span class='ocrx_word' id='word_1_210' title='bbox 465 1438 545 1465; x_wconf 86' lang='lat' dir='ltr'><strong>finem</strong></span> <span class='ocrx_word' id='word_1_211' title='bbox 559 1437 628 1465; x_wconf 89' lang='lat' dir='ltr'><strong>facio</strong></span> <span class='ocrx_word' id='word_1_212' title='bbox 642 1443 668 1465; x_wconf 90' lang='lat' dir='ltr'><strong>te</strong></span> <span class='ocrx_word' id='word_1_213' title='bbox 682 1439 826 1466; x_wconf 86' lang='lat' dir='ltr'><strong>accusandi</strong></span> <span class='ocrx_word' id='word_1_214' title='bbox 838 1448 845 1467; x_wconf 88' lang='lat'><strong><em>:</em></strong></span> <span class='ocrx_word' id='word_1_215' title='bbox 859 1448 946 1476; x_wconf 90' lang='lat' dir='ltr'><strong>neque</strong></span> 
     </span>
    </p>
   </div>
   <div class='ocr_carea' id='block_1_28' title="bbox 145 1483 624 1518">
    <p class='ocr_par' dir='ltr' id='par_1_28' title="bbox 145 1483 624 1518">
     <span class='ocr_line' id='line_1_28' title="bbox 145 1483 624 1518; baseline 0 -8"><span class='ocrx_word' id='word_1_216' title='bbox 145 1484 221 1511; x_wconf 82' lang='lat' dir='ltr'><strong>enim</strong></span> <span class='ocrx_word' id='word_1_217' title='bbox 235 1483 288 1510; x_wconf 89' lang='lat' dir='ltr'><strong>illis</strong></span> <span class='ocrx_word' id='word_1_218' title='bbox 301 1483 326 1510; x_wconf 93' lang='lat' dir='ltr'><strong>id</strong></span> <span class='ocrx_word' id='word_1_219' title='bbox 341 1483 483 1518; x_wconf 83' lang='lat' dir='ltr'><strong>oportebat</strong></span> <span class='ocrx_word' id='word_1_220' title='bbox 496 1483 624 1518; x_wconf 82' lang='lat' dir='ltr'><strong>permitti.</strong></span> 
     </span>
    </p>
   </div>
   <div class='ocr_carea' id='block_1_29' title="bbox 183 1528 945 1564">
    <p class='ocr_par' dir='ltr' id='par_1_29' title="bbox 183 1528 945 1564">
     <span class='ocr_line' id='line_1_29' title="bbox 183 1528 945 1564; baseline 0.005 -9"><span class='ocrx_word' id='word_1_221' title='bbox 183 1529 211 1556; x_wconf 82' lang='grc'><strong>7.</strong></span> <span class='ocrx_word' id='word_1_222' title='bbox 226 1528 324 1556; x_wconf 88' lang='lat' dir='ltr'><strong>Omnia</strong></span> <span class='ocrx_word' id='word_1_223' title='bbox 337 1528 409 1556; x_wconf 87' lang='lat' dir='ltr'><strong>enint</strong></span> <span class='ocrx_word' id='word_1_224' title='bbox 426 1528 488 1555; x_wconf 91' lang='lat' dir='ltr'><strong>hinc</strong></span> <span class='ocrx_word' id='word_1_225' title='bbox 502 1528 571 1555; x_wconf 83' lang='lat' dir='ltr'><strong>mala</strong></span> <span class='ocrx_word' id='word_1_226' title='bbox 591 1529 724 1561; x_wconf 87' lang='lat' dir='ltr'><strong>oriuntur,</strong></span> <span class='ocrx_word' id='word_1_227' title='bbox 739 1530 810 1564; x_wconf 87' lang='lat' dir='ltr'><strong>quod</strong></span> <span class='ocrx_word' id='word_1_228' title='bbox 837 1530 945 1559; x_wconf 75' lang='lat' dir='ltr'><strong>familitc</strong></span> 
     </span>
    </p>
   </div>
   <div class='ocr_carea' id='block_1_30' title="bbox 147 1573 944 1610">
    <p class='ocr_par' dir='ltr' id='par_1_30' title="bbox 147 1573 944 1610">
     <span class='ocr_line' id='line_1_30' title="bbox 147 1573 944 1610; baseline 0.001 -8"><span class='ocrx_word' id='word_1_229' title='bbox 147 1574 251 1602; x_wconf 85' lang='lat' dir='ltr'><strong>nullam</strong></span> <span class='ocrx_word' id='word_1_230' title='bbox 271 1573 417 1601; x_wconf 83' lang='lat' dir='ltr'><strong>habeamus</strong></span> <span class='ocrx_word' id='word_1_231' title='bbox 438 1574 570 1601; x_wconf 84' lang='lat' dir='ltr'><strong>rationem</strong></span> <span class='ocrx_word' id='word_1_232' title='bbox 585 1582 592 1607; x_wconf 90' lang='lat'><strong>;</strong></span> <span class='ocrx_word' id='word_1_233' title='bbox 608 1574 654 1602; x_wconf 88' lang='lat' dir='ltr'><strong>sed</strong></span> <span class='ocrx_word' id='word_1_234' title='bbox 668 1575 701 1602; x_wconf 90' lang='lat' dir='ltr'><strong>ad</strong></span> <span class='ocrx_word' id='word_1_235' title='bbox 725 1582 781 1603; x_wconf 90' lang='lat' dir='ltr'><strong>rem</strong></span> <span class='ocrx_word' id='word_1_236' title='bbox 795 1575 944 1610; x_wconf 86' lang='lat' dir='ltr'><strong>despicien-</strong></span> 
     </span>
    </p>
   </div>
   <div class='ocr_carea' id='block_1_31' title="bbox 144 1619 939 1651">
    <p class='ocr_par' dir='ltr' id='par_1_31' title="bbox 144 1619 939 1651">
     <span class='ocr_line' id='line_1_31' title="bbox 144 1619 939 1651; baseline 0.003 -3"><span class='ocrx_word' id='word_1_237' title='bbox 144 1621 210 1649; x_wconf 83' lang='lat' dir='ltr'><strong>dam</strong></span> <span class='ocrx_word' id='word_1_238' title='bbox 232 1621 299 1648; x_wconf 84' lang='lat' dir='ltr'><strong>satis</strong></span> <span class='ocrx_word' id='word_1_239' title='bbox 319 1624 361 1648; x_wconf 65' lang='lat' dir='ltr'><strong>est</strong></span> <span class='ocrx_word' id='word_1_240' title='bbox 388 1619 494 1650; x_wconf 81' lang='lat' dir='ltr'><strong>dicere.</strong></span> <span class='ocrx_word' id='word_1_241' title='bbox 516 1619 616 1648; x_wconf 83' lang='lat' dir='ltr'><strong>Servus</strong></span> <span class='ocrx_word' id='word_1_242' title='bbox 638 1624 698 1651; x_wconf 83' lang='lat' dir='ltr'><strong>est,</strong></span> <span class='ocrx_word' id='word_1_243' title='bbox 723 1621 831 1648; x_wconf 68' lang='lat' dir='ltr'><strong>ancilla:</strong></span> <span class='ocrx_word' id='word_1_244' title='bbox 846 1626 910 1649; x_wconf 88' lang='lat' dir='ltr'><strong>sunt</strong></span> <span class='ocrx_word' id='word_1_245' title='bbox 931 1630 939 1650; x_wconf 88' lang='lat'><strong>:</strong></span> 
     </span>
    </p>
   </div>
   <div class='ocr_carea' id='block_1_32' title="bbox 145 1665 941 1701">
    <p class='ocr_par' dir='ltr' id='par_1_32' title="bbox 145 1665 941 1701">
     <span class='ocr_line' id='line_1_32' title="bbox 145 1665 941 1701; baseline 0 -7"><span class='ocrx_word' id='word_1_246' title='bbox 145 1666 253 1695; x_wconf 68' lang='lat' dir='ltr'><strong>etiatmi</strong></span> <span class='ocrx_word' id='word_1_247' title='bbox 267 1665 387 1701; x_wconf 81' lang='lat' dir='ltr'><strong>quotidie</strong></span> <span class='ocrx_word' id='word_1_248' title='bbox 396 1666 505 1693; x_wconf 82' lang='lat' dir='ltr'><strong>audiant</strong></span> <span class='ocrx_word' id='word_1_249' title='bbox 522 1676 529 1694; x_wconf 92' lang='lat'><strong>:</strong></span> <span class='ocrx_word' id='word_1_250' title='bbox 543 1665 576 1692; x_wconf 88' lang='lat' dir='ltr'><strong>In</strong></span> <span class='ocrx_word' id='word_1_251' title='bbox 590 1665 691 1694; x_wconf 78' lang='lat' dir='ltr'><strong>Christo</strong></span> <span class='ocrx_word' id='word_1_252' title='bbox 704 1666 767 1694; x_wconf 74' lang='lat' dir='ltr'><strong>Jesu</strong></span> <span class='ocrx_word' id='word_1_253' title='bbox 781 1675 832 1694; x_wconf 81' lang='lat' dir='ltr'><strong>non</strong></span> <span class='ocrx_word' id='word_1_254' title='bbox 842 1675 941 1701; x_wconf 74' lang='lat' dir='ltr'><strong>servus,</strong></span> 
     </span>
    </p>
   </div>
   <div class='ocr_carea' id='block_1_33' title="bbox 146 1712 942 1749">
    <p class='ocr_par' dir='ltr' id='par_1_33' title="bbox 146 1712 942 1749">
     <span class='ocr_line' id='line_1_33' title="bbox 146 1712 942 1749; baseline 0.001 -9"><span class='ocrx_word' id='word_1_255' title='bbox 146 1722 198 1740; x_wconf 75' lang='lat' dir='ltr'><strong>non</strong></span> <span class='ocrx_word' id='word_1_256' title='bbox 211 1714 274 1740; x_wconf 82' lang='lat' dir='ltr'><strong>liber</strong></span> <span class='ocrx_word' id='word_1_257' title='bbox 289 1718 328 1740; x_wconf 68' lang='lat' dir='ltr'><strong>est</strong></span> <span class='ocrx_word' id='word_1_258' title='bbox 355 1712 426 1747; x_wconf 77' lang='lat' dir='ltr'><strong>(Gul.</strong></span> <span class='ocrx_word' id='word_1_259' title='bbox 447 1713 474 1739; x_wconf 83' lang='lat'><strong>5.</strong></span> <span class='ocrx_word' id='word_1_260' title='bbox 498 1712 555 1747; x_wconf 74' lang='grc'><strong>28).</strong></span> <span class='ocrx_word' id='word_1_261' title='bbox 571 1712 612 1739; x_wconf 89' lang='lat' dir='ltr'><strong>Ttt</strong></span> <span class='ocrx_word' id='word_1_262' title='bbox 627 1721 690 1740; x_wconf 88' lang='lat' dir='ltr'><strong>vero</strong></span> <span class='ocrx_word' id='word_1_263' title='bbox 710 1721 808 1748; x_wconf 89' lang='lat' dir='ltr'><strong>eqttum</strong></span> <span class='ocrx_word' id='word_1_264' title='bbox 833 1714 942 1749; x_wconf 84' lang='lat' dir='ltr'><strong>quidem</strong></span> 
     </span>
    </p>
   </div>
   <div class='ocr_carea' id='block_1_34' title="bbox 146 1758 943 1794">
    <p class='ocr_par' dir='ltr' id='par_1_34' title="bbox 146 1758 943 1794">
     <span class='ocr_line' id='line_1_34' title="bbox 146 1758 943 1794; baseline 0.003 -9"><span class='ocrx_word' id='word_1_265' title='bbox 146 1767 201 1785; x_wconf 91' lang='lat' dir='ltr'><strong>non</strong></span> <span class='ocrx_word' id='word_1_266' title='bbox 221 1758 339 1792; x_wconf 76' lang='lat' dir='ltr'><strong>despicis</strong></span> <span class='ocrx_word' id='word_1_267' title='bbox 353 1765 403 1785; x_wconf 79' lang='lat' dir='ltr'><strong>nec</strong></span> <span class='ocrx_word' id='word_1_268' title='bbox 417 1758 523 1785; x_wconf 82' lang='lat' dir='ltr'><strong>asinum</strong></span> <span class='ocrx_word' id='word_1_269' title='bbox 536 1777 544 1790; x_wconf 93' lang='lat'><strong>,</strong></span> <span class='ocrx_word' id='word_1_270' title='bbox 569 1758 616 1784; x_wconf 82' lang='lat' dir='ltr'><strong>scd</strong></span> <span class='ocrx_word' id='word_1_271' title='bbox 639 1758 704 1786; x_wconf 87' lang='lat' dir='ltr'><strong>nihil</strong></span> <span class='ocrx_word' id='word_1_272' title='bbox 721 1767 773 1785; x_wconf 91' lang='lat' dir='ltr'><strong>non</strong></span> <span class='ocrx_word' id='word_1_273' title='bbox 787 1759 844 1794; x_wconf 74' lang='lat' dir='ltr'><strong>agis</strong></span> <span class='ocrx_word' id='word_1_274' title='bbox 866 1764 895 1787; x_wconf 93' lang='lat' dir='ltr'><strong>ut</strong></span> <span class='ocrx_word' id='word_1_275' title='bbox 909 1768 943 1788; x_wconf 88' lang='lat' dir='ltr'><strong>ne</strong></span> 
     </span>
    </p>
   </div>
   <div class='ocr_carea' id='block_1_35' title="bbox 145 1803 942 1839">
    <p class='ocr_par' dir='ltr' id='par_1_35' title="bbox 145 1803 942 1839">
     <span class='ocr_line' id='line_1_35' title="bbox 145 1803 942 1839; baseline 0.003 -9"><span class='ocrx_word' id='word_1_276' title='bbox 145 1804 234 1831; x_wconf 77' lang='lat' dir='ltr'><strong>vitiosi</strong></span> <span class='ocrx_word' id='word_1_277' title='bbox 256 1804 341 1836; x_wconf 83' lang='lat' dir='ltr'><strong>fiant;</strong></span> <span class='ocrx_word' id='word_1_278' title='bbox 363 1810 456 1830; x_wconf 85' lang='lat' dir='ltr'><strong>servos</strong></span> <span class='ocrx_word' id='word_1_279' title='bbox 479 1807 567 1830; x_wconf 88' lang='lat' dir='ltr'><strong>autem</strong></span> <span class='ocrx_word' id='word_1_280' title='bbox 590 1803 708 1837; x_wconf 84' lang='lat' dir='ltr'><strong>despicis</strong></span> <span class='ocrx_word' id='word_1_281' title='bbox 728 1804 823 1831; x_wconf 86' lang='lat' dir='ltr'><strong>eadem</strong></span> <span class='ocrx_word' id='word_1_282' title='bbox 837 1812 888 1839; x_wconf 89' lang='lat' dir='ltr'><strong>qua</strong></span> <span class='ocrx_word' id='word_1_283' title='bbox 914 1810 942 1832; x_wconf 94' lang='lat' dir='ltr'><strong>ttt</strong></span> 
     </span>
    </p>
   </div>
   <div class='ocr_carea' id='block_1_36' title="bbox 145 1848 941 1884">
    <p class='ocr_par' dir='ltr' id='par_1_36' title="bbox 145 1848 941 1884">
     <span class='ocr_line' id='line_1_36' title="bbox 145 1848 941 1884; baseline 0.003 -9"><span class='ocrx_word' id='word_1_284' title='bbox 145 1849 275 1883; x_wconf 70' lang='lat' dir='ltr'><strong>pra-ditas</strong></span> <span class='ocrx_word' id='word_1_285' title='bbox 288 1848 399 1875; x_wconf 84' lang='lat' dir='ltr'><strong>anima?</strong></span> <span class='ocrx_word' id='word_1_286' title='bbox 415 1848 446 1875; x_wconf 85' lang='lat' dir='ltr'><strong>Et</strong></span> <span class='ocrx_word' id='word_1_287' title='bbox 460 1848 522 1883; x_wconf 91' lang='lat' dir='ltr'><strong>quid</strong></span> <span class='ocrx_word' id='word_1_288' title='bbox 537 1848 598 1875; x_wconf 85' lang='lat' dir='ltr'><strong>dico</strong></span> <span class='ocrx_word' id='word_1_289' title='bbox 609 1856 712 1880; x_wconf 73' lang='lat' dir='ltr'><strong>sertos,</strong></span> <span class='ocrx_word' id='word_1_290' title='bbox 728 1850 836 1884; x_wconf 85' lang='lat' dir='ltr'><strong>quando</strong></span> <span class='ocrx_word' id='word_1_291' title='bbox 860 1850 941 1877; x_wconf 88' lang='lat' dir='ltr'><strong>etiattt</strong></span> 
     </span>
    </p>
   </div>
   <div class='ocr_carea' id='block_1_37' title="bbox 142 1894 940 1929">
    <p class='ocr_par' dir='ltr' id='par_1_37' title="bbox 142 1894 940 1929">
     <span class='ocr_line' id='line_1_37' title="bbox 142 1894 940 1929; baseline 0.001 -7"><span class='ocrx_word' id='word_1_292' title='bbox 142 1902 171 1923; x_wconf 78' lang='lat' dir='ltr'><strong>et</strong></span> <span class='ocrx_word' id='word_1_293' title='bbox 195 1895 266 1922; x_wconf 84' lang='lat' dir='ltr'><strong>lilios</strong></span> <span class='ocrx_word' id='word_1_294' title='bbox 279 1899 306 1922; x_wconf 89' lang='lat' dir='ltr'><strong>et</strong></span> <span class='ocrx_word' id='word_1_295' title='bbox 321 1894 411 1921; x_wconf 82' lang='lat' dir='ltr'><strong>tilias?</strong></span> <span class='ocrx_word' id='word_1_296' title='bbox 424 1894 493 1928; x_wconf 88' lang='lat' dir='ltr'><strong>Quid</strong></span> <span class='ocrx_word' id='word_1_297' title='bbox 520 1902 586 1921; x_wconf 88' lang='lat' dir='ltr'><strong>vero</strong></span> <span class='ocrx_word' id='word_1_298' title='bbox 609 1900 700 1928; x_wconf 87' lang='lat' dir='ltr'><strong>postea</strong></span> <span class='ocrx_word' id='word_1_299' title='bbox 712 1895 724 1921; x_wconf 83' lang='lat'><strong>?</strong></span> <span class='ocrx_word' id='word_1_300' title='bbox 738 1894 856 1923; x_wconf 86' lang='lat' dir='ltr'><strong>Necesse</strong></span> <span class='ocrx_word' id='word_1_301' title='bbox 879 1901 920 1923; x_wconf 87' lang='lat' dir='ltr'><strong>est</strong></span> <span class='ocrx_word' id='word_1_302' title='bbox 932 1917 940 1929; x_wconf 92' lang='lat'><strong>,</strong></span> 
     </span>
    </p>
   </div>
   <div class='ocr_carea' id='block_1_38' title="bbox 143 1941 939 1976">
    <p class='ocr_par' dir='ltr' id='par_1_38' title="bbox 143 1941 939 1976">
     <span class='ocr_line' id='line_1_38' title="bbox 143 1941 939 1976; baseline 0.001 -8"><span class='ocrx_word' id='word_1_303' title='bbox 143 1946 174 1968; x_wconf 87' lang='lat' dir='ltr'><strong>ut</strong></span> <span class='ocrx_word' id='word_1_304' title='bbox 187 1941 266 1968; x_wconf 89' lang='lat' dir='ltr'><strong>dolor</strong></span> <span class='ocrx_word' id='word_1_305' title='bbox 279 1941 368 1968; x_wconf 83' lang='lat' dir='ltr'><strong>statim</strong></span> <span class='ocrx_word' id='word_1_306' title='bbox 385 1941 490 1974; x_wconf 85' lang='lat' dir='ltr'><strong>subeat,</strong></span> <span class='ocrx_word' id='word_1_307' title='bbox 506 1948 567 1968; x_wconf 91' lang='lat' dir='ltr'><strong>cum</strong></span> <span class='ocrx_word' id='word_1_308' title='bbox 581 1941 619 1967; x_wconf 93' lang='lat' dir='ltr'><strong>illi</strong></span> <span class='ocrx_word' id='word_1_309' title='bbox 634 1949 729 1968; x_wconf 84' lang='lat' dir='ltr'><strong>omnes</strong></span> <span class='ocrx_word' id='word_1_310' title='bbox 743 1948 849 1976; x_wconf 82' lang='lat' dir='ltr'><strong>pessum</strong></span> <span class='ocrx_word' id='word_1_311' title='bbox 860 1947 939 1976; x_wconf 86' lang='lat' dir='ltr'><strong>cant;</strong></span> 
     </span>
    </p>
   </div>
   <div class='ocr_carea' id='block_1_39' title="bbox 142 1986 939 2022">
    <p class='ocr_par' dir='ltr' id='par_1_39' title="bbox 142 1986 939 2022">
     <span class='ocr_line' id='line_1_39' title="bbox 142 1986 939 2022; baseline 0.001 -8"><span class='ocrx_word' id='word_1_312' title='bbox 142 1994 220 2022; x_wconf 71' lang='grc' dir='ltr'>δςιιρθ</span> <span class='ocrx_word' id='word_1_313' title='bbox 242 1991 331 2014; x_wconf 85' lang='lat' dir='ltr'><strong>autem</strong></span> <span class='ocrx_word' id='word_1_314' title='bbox 359 1986 505 2013; x_wconf 88' lang='lat' dir='ltr'><strong>maximutn</strong></span> <span class='ocrx_word' id='word_1_315' title='bbox 529 1994 635 2021; x_wconf 87' lang='lat' dir='ltr'><strong>quoque</strong></span> <span class='ocrx_word' id='word_1_316' title='bbox 656 1987 803 2020; x_wconf 89' lang='lat' dir='ltr'><strong>datnnum,</strong></span> <span class='ocrx_word' id='word_1_317' title='bbox 829 1995 890 2014; x_wconf 89' lang='lat' dir='ltr'><strong>cum</strong></span> <span class='ocrx_word' id='word_1_318' title='bbox 913 1988 939 2015; x_wconf 95' lang='lat' dir='ltr'><strong>in</strong></span> 
     </span>
    </p>
   </div>
   <div class='ocr_carea' id='block_1_40' title="bbox 143 2032 939 2067">
    <p class='ocr_par' dir='ltr' id='par_1_40' title="bbox 143 2032 939 2067">
     <span class='ocr_line' id='line_1_40' title="bbox 143 2032 939 2067; baseline 0.001 -7"><span class='ocrx_word' id='word_1_319' title='bbox 143 2032 225 2060; x_wconf 87' lang='lat' dir='ltr'><strong>turba</strong></span> <span class='ocrx_word' id='word_1_320' title='bbox 240 2037 269 2059; x_wconf 88' lang='lat' dir='ltr'><strong>et</strong></span> <span class='ocrx_word' id='word_1_321' title='bbox 291 2032 405 2059; x_wconf 83' lang='lat' dir='ltr'><strong>tumultu</strong></span> <span class='ocrx_word' id='word_1_322' title='bbox 428 2032 510 2059; x_wconf 85' lang='lat' dir='ltr'><strong>multa</strong></span> <span class='ocrx_word' id='word_1_323' title='bbox 523 2040 604 2059; x_wconf 85' lang='lat' dir='ltr'><strong>aurea</strong></span> <span class='ocrx_word' id='word_1_324' title='bbox 621 2033 735 2066; x_wconf 85' lang='lat' dir='ltr'><strong>pretiosa</strong></span> <span class='ocrx_word' id='word_1_325' title='bbox 751 2038 871 2067; x_wconf 85' lang='lat' dir='ltr'><strong>pereant.</strong></span> <span class='ocrx_word' id='word_1_326' title='bbox 888 2034 939 2062; x_wconf 88' lang='lat' dir='ltr'><strong>Dc-</strong></span> 
     </span>
    </p>
   </div>
   <div class='ocr_carea' id='block_1_41' title="bbox 142 2078 938 2114">
    <p class='ocr_par' dir='ltr' id='par_1_41' title="bbox 142 2078 938 2114">
     <span class='ocr_line' id='line_1_41' title="bbox 142 2078 938 2114; baseline 0.003 -8"><span class='ocrx_word' id='word_1_327' title='bbox 142 2079 209 2109; x_wconf 86' lang='lat' dir='ltr'><strong>inde</strong></span> <span class='ocrx_word' id='word_1_328' title='bbox 233 2083 294 2114; x_wconf 88' lang='lat' dir='ltr'><strong>post</strong></span> <span class='ocrx_word' id='word_1_329' title='bbox 317 2079 424 2113; x_wconf 88' lang='lat' dir='ltr'><strong>nuptias</strong></span> <span class='ocrx_word' id='word_1_330' title='bbox 448 2078 471 2105; x_wconf 89' lang='lat' dir='ltr'><strong>si</strong></span> <span class='ocrx_word' id='word_1_331' title='bbox 493 2083 571 2105; x_wconf 85' lang='lat' dir='ltr'><strong>natus</strong></span> <span class='ocrx_word' id='word_1_332' title='bbox 594 2078 675 2106; x_wconf 88' lang='lat' dir='ltr'><strong>fuerit</strong></span> <span class='ocrx_word' id='word_1_333' title='bbox 697 2078 799 2112; x_wconf 87' lang='lat' dir='ltr'><strong>infans,</strong></span> <span class='ocrx_word' id='word_1_334' title='bbox 815 2080 938 2108; x_wconf 76' lang='lat' dir='ltr'><strong>eamdem</strong></span> 
     </span>
    </p>
   </div>
   <div class='ocr_carea' id='block_1_42' title="bbox 143 2125 937 2161">
    <p class='ocr_par' dir='ltr' id='par_1_42' title="bbox 143 2125 937 2161">
     <span class='ocr_line' id='line_1_42' title="bbox 143 2125 937 2161; baseline 0.003 -10"><span class='ocrx_word' id='word_1_335' title='bbox 143 2125 298 2152; x_wconf 78' lang='lat' dir='ltr'><strong>videbimus</strong></span> <span class='ocrx_word' id='word_1_336' title='bbox 321 2125 469 2152; x_wconf 86' lang='lat' dir='ltr'><strong>amentiam</strong></span> <span class='ocrx_word' id='word_1_337' title='bbox 489 2129 517 2152; x_wconf 91' lang='lat' dir='ltr'><strong>et</strong></span> <span class='ocrx_word' id='word_1_338' title='bbox 541 2125 621 2151; x_wconf 90' lang='lat' dir='ltr'><strong>multa</strong></span> <span class='ocrx_word' id='word_1_339' title='bbox 646 2125 767 2160; x_wconf 81' lang='lat' dir='ltr'><strong>sytnhola</strong></span> <span class='ocrx_word' id='word_1_340' title='bbox 780 2126 834 2152; x_wconf 89' lang='lat' dir='ltr'><strong>risu</strong></span> <span class='ocrx_word' id='word_1_341' title='bbox 849 2126 937 2161; x_wconf 86' lang='lat' dir='ltr'><strong>plena.</strong></span> 
     </span>
    </p>
   </div>
   <div class='ocr_carea' id='block_1_43' title="bbox 142 2171 937 2206">
    <p class='ocr_par' dir='ltr' id='par_1_43' title="bbox 142 2171 937 2206">
     <span class='ocr_line' id='line_1_43' title="bbox 142 2171 937 2206; baseline 0 -6"><span class='ocrx_word' id='word_1_342' title='bbox 142 2172 211 2200; x_wconf 74' lang='lat' dir='ltr'><strong>Nam</strong></span> <span class='ocrx_word' id='word_1_343' title='bbox 234 2179 298 2199; x_wconf 76' lang='lat' dir='ltr'><strong>cum</strong></span> <span class='ocrx_word' id='word_1_344' title='bbox 319 2171 413 2198; x_wconf 88' lang='lat' dir='ltr'><strong>infanti</strong></span> <span class='ocrx_word' id='word_1_345' title='bbox 429 2179 527 2198; x_wconf 83' lang='lat' dir='ltr'><strong>nomen</strong></span> <span class='ocrx_word' id='word_1_346' title='bbox 542 2172 680 2206; x_wconf 87' lang='lat' dir='ltr'><strong>imponere</strong></span> <span class='ocrx_word' id='word_1_347' title='bbox 695 2173 860 2205; x_wconf 75' lang='lat' dir='ltr'><strong>oportuerit,</strong></span> <span class='ocrx_word' id='word_1_348' title='bbox 885 2181 937 2200; x_wconf 81' lang='lat' dir='ltr'><strong>noti</strong></span> 
     </span>
    </p>
   </div>
   <div class='ocr_carea' id='block_1_44' title="bbox 141 2217 937 2252">
    <p class='ocr_par' dir='ltr' id='par_1_44' title="bbox 141 2217 937 2252">
     <span class='ocr_line' id='line_1_44' title="bbox 141 2217 937 2252; baseline -0.001 -6"><span class='ocrx_word' id='word_1_349' title='bbox 141 2224 299 2246; x_wconf 84' lang='lat' dir='ltr'><strong>sanctorum</strong></span> <span class='ocrx_word' id='word_1_350' title='bbox 314 2218 422 2246; x_wconf 89' lang='lat' dir='ltr'><strong>nomine</strong></span> <span class='ocrx_word' id='word_1_351' title='bbox 438 2217 593 2252; x_wconf 84' lang='lat' dir='ltr'><strong>appellant,</strong></span> <span class='ocrx_word' id='word_1_352' title='bbox 610 2222 638 2243; x_wconf 89' lang='lat' dir='ltr'><strong>ttt</strong></span> <span class='ocrx_word' id='word_1_353' title='bbox 660 2222 765 2244; x_wconf 83' lang='lat' dir='ltr'><strong>veteres</strong></span> <span class='ocrx_word' id='word_1_354' title='bbox 778 2217 841 2244; x_wconf 92' lang='lat' dir='ltr'><strong>olim</strong></span> <span class='ocrx_word' id='word_1_355' title='bbox 857 2217 937 2246; x_wconf 88' lang='lat' dir='ltr'><strong>facie-</strong></span> 
     </span>
    </p>
   </div>
   <div class='ocr_carea' id='block_1_45' title="bbox 143 2262 936 2298">
    <p class='ocr_par' dir='ltr' id='par_1_45' title="bbox 143 2262 936 2298">
     <span class='ocr_line' id='line_1_45' title="bbox 143 2262 936 2298; baseline -0.001 -6"><span class='ocrx_word' id='word_1_356' title='bbox 143 2265 224 2297; x_wconf 88' lang='lat' dir='ltr'><strong>bant;</strong></span> <span class='ocrx_word' id='word_1_357' title='bbox 239 2264 287 2291; x_wconf 90' lang='lat' dir='ltr'><strong>sed</strong></span> <span class='ocrx_word' id='word_1_358' title='bbox 311 2263 431 2291; x_wconf 81' lang='lat' dir='ltr'><strong>accensis</strong></span> <span class='ocrx_word' id='word_1_359' title='bbox 453 2262 569 2290; x_wconf 86' lang='lat' dir='ltr'><strong>lucernis</strong></span> <span class='ocrx_word' id='word_1_360' title='bbox 585 2262 682 2298; x_wconf 83' lang='lat' dir='ltr'><strong>quibus</strong></span> <span class='ocrx_word' id='word_1_361' title='bbox 697 2263 805 2290; x_wconf 88' lang='lat' dir='ltr'><strong>nomina</strong></span> <span class='ocrx_word' id='word_1_362' title='bbox 821 2263 936 2297; x_wconf 90' lang='lat' dir='ltr'><strong>indunt,</strong></span> 
     </span>
    </p>
   </div>
   <div class='ocr_carea' id='block_1_46' title="bbox 143 2308 936 2344">
    <p class='ocr_par' dir='ltr' id='par_1_46' title="bbox 143 2308 936 2344">
     <span class='ocr_line' id='line_1_46' title="bbox 143 2308 936 2344; baseline 0 -7"><span class='ocrx_word' id='word_1_363' title='bbox 143 2314 207 2337; x_wconf 79' lang='lat' dir='ltr'><strong>nato</strong></span> <span class='ocrx_word' id='word_1_364' title='bbox 221 2317 320 2337; x_wconf 78' lang='lat' dir='ltr'><strong>nomen</strong></span> <span class='ocrx_word' id='word_1_365' title='bbox 334 2308 429 2336; x_wconf 86' lang='lat' dir='ltr'><strong>indunt</strong></span> <span class='ocrx_word' id='word_1_366' title='bbox 441 2308 509 2342; x_wconf 84' lang='lat' dir='ltr'><strong>ejus.</strong></span> <span class='ocrx_word' id='word_1_367' title='bbox 524 2316 584 2343; x_wconf 75' lang='lat' dir='ltr'><strong>qua:</strong></span> <span class='ocrx_word' id='word_1_368' title='bbox 598 2308 697 2335; x_wconf 90' lang='lat' dir='ltr'><strong>diutius</strong></span> <span class='ocrx_word' id='word_1_369' title='bbox 712 2308 798 2335; x_wconf 89' lang='lat' dir='ltr'><strong>lucem</strong></span> <span class='ocrx_word' id='word_1_370' title='bbox 813 2309 936 2344; x_wconf 89' lang='lat' dir='ltr'><strong>dederit;</strong></span> 
     </span>
    </p>
   </div>
   <div class='ocr_carea' id='block_1_47' title="bbox 143 2354 938 2391">
    <p class='ocr_par' dir='ltr' id='par_1_47' title="bbox 143 2354 938 2391">
     <span class='ocr_line' id='line_1_47' title="bbox 143 2354 938 2391; baseline 0 -7"><span class='ocrx_word' id='word_1_371' title='bbox 143 2356 208 2384; x_wconf 80' lang='lat' dir='ltr'><strong>hinc</strong></span> <span class='ocrx_word' id='word_1_372' title='bbox 219 2355 396 2391; x_wconf 79' lang='lat' dir='ltr'><strong>conjicietttes</strong></span> <span class='ocrx_word' id='word_1_373' title='bbox 408 2355 523 2382; x_wconf 90' lang='lat' dir='ltr'><strong>futurum</strong></span> <span class='ocrx_word' id='word_1_374' title='bbox 538 2359 565 2381; x_wconf 91' lang='lat' dir='ltr'><strong>ut</strong></span> <span class='ocrx_word' id='word_1_375' title='bbox 578 2354 625 2382; x_wconf 87' lang='lat' dir='ltr'><strong>ditt</strong></span> <span class='ocrx_word' id='word_1_376' title='bbox 639 2355 721 2382; x_wconf 90' lang='lat' dir='ltr'><strong>vivat.</strong></span> <span class='ocrx_word' id='word_1_377' title='bbox 737 2355 838 2383; x_wconf 86' lang='lat' dir='ltr'><strong>Deinde</strong></span> <span class='ocrx_word' id='word_1_378' title='bbox 850 2356 874 2383; x_wconf 88' lang='lat' dir='ltr'><strong>si</strong></span> <span class='ocrx_word' id='word_1_379' title='bbox 888 2357 938 2384; x_wconf 92' lang='lat' dir='ltr'><strong>im-</strong></span> 
     </span>
    </p>
   </div>
   <div class='ocr_carea' id='block_1_48' title="bbox 142 2399 936 2435">
    <p class='ocr_par' dir='ltr' id='par_1_48' title="bbox 142 2399 936 2435">
     <span class='ocr_line' id='line_1_48' title="bbox 142 2399 936 2435; baseline -0.001 -6"><span class='ocrx_word' id='word_1_380' title='bbox 142 2407 278 2429; x_wconf 77' lang='lat' dir='ltr'><strong>matrum</strong></span> <span class='ocrx_word' id='word_1_381' title='bbox 290 2405 377 2428; x_wconf 86' lang='lat' dir='ltr'><strong>morte</strong></span> <span class='ocrx_word' id='word_1_382' title='bbox 391 2399 490 2434; x_wconf 81' lang='lat' dir='ltr'><strong>corripi</strong></span> <span class='ocrx_word' id='word_1_383' title='bbox 502 2399 661 2435; x_wconf 77' lang='lat' dir='ltr'><strong>contigerit,</strong></span> <span class='ocrx_word' id='word_1_384' title='bbox 685 2404 714 2426; x_wconf 86' lang='lat' dir='ltr'><strong>ut</strong></span> <span class='ocrx_word' id='word_1_385' title='bbox 733 2407 805 2435; x_wconf 74' lang='lat' dir='ltr'><strong>srepe</strong></span> <span class='ocrx_word' id='word_1_386' title='bbox 819 2401 936 2435; x_wconf 87' lang='lat' dir='ltr'><strong>accidit,</strong></span> 
     </span>
    </p>
   </div>
   <div class='ocr_carea' id='block_1_49' title="bbox 143 2445 937 2481">
    <p class='ocr_par' dir='ltr' id='par_1_49' title="bbox 143 2445 937 2481">
     <span class='ocr_line' id='line_1_49' title="bbox 143 2445 937 2481; baseline -0.001 -5"><span class='ocrx_word' id='word_1_387' title='bbox 143 2449 244 2476; x_wconf 85' lang='lat' dir='ltr'><strong>multus</strong></span> <span class='ocrx_word' id='word_1_388' title='bbox 266 2452 394 2481; x_wconf 81' lang='lat' dir='ltr'><strong>sequetur</strong></span> <span class='ocrx_word' id='word_1_389' title='bbox 405 2446 504 2474; x_wconf 86' lang='lat' dir='ltr'><strong>diaboli</strong></span> <span class='ocrx_word' id='word_1_390' title='bbox 520 2446 600 2480; x_wconf 85' lang='lat' dir='ltr'><strong>risus,</strong></span> <span class='ocrx_word' id='word_1_391' title='bbox 616 2445 688 2481; x_wconf 88' lang='lat' dir='ltr'><strong>quod</strong></span> <span class='ocrx_word' id='word_1_392' title='bbox 702 2446 764 2474; x_wconf 87' lang='lat' dir='ltr'><strong>illos</strong></span> <span class='ocrx_word' id='word_1_393' title='bbox 777 2454 826 2474; x_wconf 85' lang='lat' dir='ltr'><strong>ceu</strong></span> <span class='ocrx_word' id='word_1_394' title='bbox 841 2448 937 2476; x_wconf 85' lang='lat' dir='ltr'><strong>stultos</strong></span> 
     </span>
    </p>
   </div>
   <div class='ocr_carea' id='block_1_50' title="bbox 144 2493 446 2530">
    <p class='ocr_par' dir='ltr' id='par_1_50' title="bbox 144 2493 446 2530">
     <span class='ocr_line' id='line_1_50' title="bbox 144 2493 446 2530; baseline -0.003 -7"><span class='ocrx_word' id='word_1_395' title='bbox 144 2502 243 2530; x_wconf 85' lang='lat' dir='ltr'><strong>pueros</strong></span> <span class='ocrx_word' id='word_1_396' title='bbox 255 2493 446 2522; x_wconf 79' lang='lat' dir='ltr'><strong>ludiﬁcaverit.</strong></span> 
     </span>
    </p>
   </div>
   <div class='ocr_carea' id='block_1_51' title="bbox 191 2540 939 2576">
    <p class='ocr_par' dir='ltr' id='par_1_51' title="bbox 191 2540 939 2576">
     <span class='ocr_line' id='line_1_51' title="bbox 191 2540 939 2576; baseline 0 -9"><span class='ocrx_word' id='word_1_397' title='bbox 191 2541 326 2576; x_wconf 70' lang='lat' dir='ltr'><strong>Ligauiina</strong></span> <span class='ocrx_word' id='word_1_398' title='bbox 354 2545 378 2568; x_wconf 76' lang='lat' dir='ltr'><strong>et</strong></span> <span class='ocrx_word' id='word_1_399' title='bbox 409 2540 565 2574; x_wconf 83' lang='lat' dir='ltr'><strong>crepitacula</strong></span> <span class='ocrx_word' id='word_1_400' title='bbox 599 2540 797 2574; x_wconf 74' lang='lat' dir='ltr'><strong>superstitiosa,</strong></span> <span class='ocrx_word' id='word_1_401' title='bbox 832 2541 939 2576; x_wconf 64' lang='lat' dir='ltr'><strong>aliaque</strong></span> 
     </span>
    </p>
   </div>
   <div class='ocr_carea' id='block_1_52' title="bbox 142 2585 939 2622">
    <p class='ocr_par' dir='ltr' id='par_1_52' title="bbox 142 2585 939 2622">
     <span class='ocr_line' id='line_1_52' title="bbox 142 2585 939 2622; baseline 0.001 -9"><span class='ocrx_word' id='word_1_402' title='bbox 142 2586 344 2622; x_wconf 62' lang='lat' dir='ltr'><strong>“partitiones.</strong></span> <span class='ocrx_word' id='word_1_403' title='bbox 356 2585 470 2618; x_wconf 86' lang='lat' dir='ltr'><strong>—Quid</strong></span> <span class='ocrx_word' id='word_1_404' title='bbox 494 2585 594 2612; x_wconf 81' lang='lat' dir='ltr'><strong>dixcris</strong></span> <span class='ocrx_word' id='word_1_405' title='bbox 617 2585 651 2612; x_wconf 90' lang='lat' dir='ltr'><strong>de</strong></span> <span class='ocrx_word' id='word_1_406' title='bbox 666 2585 837 2621; x_wconf 80' lang='lat' dir='ltr'><strong>ligaminibus</strong></span> <span class='ocrx_word' id='word_1_407' title='bbox 856 2591 884 2613; x_wconf 91' lang='lat' dir='ltr'><strong>et</strong></span> <span class='ocrx_word' id='word_1_408' title='bbox 904 2586 939 2614; x_wconf 89' lang='lat' dir='ltr'><strong>de</strong></span> 
     </span>
    </p>
   </div>
   <div class='ocr_carea' id='block_1_53' title="bbox 141 2631 937 2666">
    <p class='ocr_par' dir='ltr' id='par_1_53' title="bbox 141 2631 937 2666">
     <span class='ocr_line' id='line_1_53' title="bbox 141 2631 937 2666; baseline 0 -7"><span class='ocrx_word' id='word_1_409' title='bbox 141 2632 314 2666; x_wconf 87' lang='lat' dir='ltr'><strong>crcpitacnlis</strong></span> <span class='ocrx_word' id='word_1_410' title='bbox 328 2631 420 2659; x_wconf 87' lang='lat' dir='ltr'><strong>manui</strong></span> <span class='ocrx_word' id='word_1_411' title='bbox 432 2631 558 2666; x_wconf 81' lang='lat' dir='ltr'><strong>appensis</strong></span> <span class='ocrx_word' id='word_1_412' title='bbox 571 2636 599 2658; x_wconf 89' lang='lat' dir='ltr'><strong>et</strong></span> <span class='ocrx_word' id='word_1_413' title='bbox 612 2631 648 2658; x_wconf 88' lang='lat' dir='ltr'><strong>de</strong></span> <span class='ocrx_word' id='word_1_414' title='bbox 660 2632 775 2658; x_wconf 81' lang='lat' dir='ltr'><strong>stamine</strong></span> <span class='ocrx_word' id='word_1_415' title='bbox 787 2632 915 2659; x_wconf 88' lang='lat' dir='ltr'><strong>coccineo</strong></span> <span class='ocrx_word' id='word_1_416' title='bbox 929 2652 937 2665; x_wconf 89' lang='lat'><strong>,</strong></span> 
     </span>
    </p>
   </div>
   <div class='ocr_carea' id='block_1_54' title="bbox 142 2675 938 2712">
    <p class='ocr_par' dir='ltr' id='par_1_54' title="bbox 142 2675 938 2712">
     <span class='ocr_line' id='line_1_54' title="bbox 142 2675 938 2712; baseline 0.001 -8"><span class='ocrx_word' id='word_1_417' title='bbox 142 2678 230 2712; x_wconf 81' lang='lat' dir='ltr'><strong>deque</strong></span> <span class='ocrx_word' id='word_1_418' title='bbox 241 2678 301 2705; x_wconf 83' lang='lat' dir='ltr'><strong>aliis</strong></span> <span class='ocrx_word' id='word_1_419' title='bbox 312 2677 406 2705; x_wconf 89' lang='lat' dir='ltr'><strong>multis</strong></span> <span class='ocrx_word' id='word_1_420' title='bbox 418 2676 521 2705; x_wconf 90' lang='lat' dir='ltr'><strong>insania</strong></span> <span class='ocrx_word' id='word_1_421' title='bbox 535 2677 620 2712; x_wconf 90' lang='lat' dir='ltr'><strong>plenis</strong></span> <span class='ocrx_word' id='word_1_422' title='bbox 630 2685 638 2710; x_wconf 89' lang='lat'><strong>;</strong></span> <span class='ocrx_word' id='word_1_423' title='bbox 650 2684 711 2704; x_wconf 90' lang='lat' dir='ltr'><strong>cum</strong></span> <span class='ocrx_word' id='word_1_424' title='bbox 721 2675 858 2712; x_wconf 59' lang='lat' dir='ltr'><strong>oporteret</strong></span> <span class='ocrx_word' id='word_1_425' title='bbox 871 2678 938 2706; x_wconf 89' lang='lat' dir='ltr'><strong>nihil</strong></span> 
     </span>
    </p>
   </div>
   <div class='ocr_carea' id='block_1_55' title="bbox 142 2723 937 2758">
    <p class='ocr_par' dir='ltr' id='par_1_55' title="bbox 142 2723 937 2758">
     <span class='ocr_line' id='line_1_55' title="bbox 142 2723 937 2758; baseline 0.003 -8"><span class='ocrx_word' id='word_1_426' title='bbox 142 2724 216 2751; x_wconf 76' lang='lat' dir='ltr'><strong>aliud</strong></span> <span class='ocrx_word' id='word_1_427' title='bbox 231 2732 315 2758; x_wconf 84' lang='lat' dir='ltr'><strong>puero</strong></span> <span class='ocrx_word' id='word_1_428' title='bbox 335 2724 556 2758; x_wconf 79' lang='lat' dir='ltr'><strong>circumponerc,</strong></span> <span class='ocrx_word' id='word_1_429' title='bbox 571 2731 650 2758; x_wconf 92' lang='lat' dir='ltr'><strong>quam</strong></span> <span class='ocrx_word' id='word_1_430' title='bbox 665 2724 752 2751; x_wconf 89' lang='lat' dir='ltr'><strong>crucis</strong></span> <span class='ocrx_word' id='word_1_431' title='bbox 765 2723 937 2752; x_wconf 83' lang='lat' dir='ltr'><strong>custodiam?</strong></span> 
     </span>
    </p>
   </div>
   <div class='ocr_carea' id='block_1_56' title="bbox 142 2768 940 2805">
    <p class='ocr_par' dir='ltr' id='par_1_56' title="bbox 142 2768 940 2805">
     <span class='ocr_line' id='line_1_56' title="bbox 142 2768 940 2805; baseline 0.003 -9"><span class='ocrx_word' id='word_1_432' title='bbox 142 2769 219 2796; x_wconf 81' lang='lat' dir='ltr'><strong>Nunc</strong></span> <span class='ocrx_word' id='word_1_433' title='bbox 232 2774 321 2797; x_wconf 84' lang='lat' dir='ltr'><strong>autent</strong></span> <span class='ocrx_word' id='word_1_434' title='bbox 337 2768 382 2797; x_wconf 89' lang='lat' dir='ltr'><strong>hic</strong></span> <span class='ocrx_word' id='word_1_435' title='bbox 403 2768 511 2803; x_wconf 87' lang='lat' dir='ltr'><strong>quidem</strong></span> <span class='ocrx_word' id='word_1_436' title='bbox 530 2768 671 2804; x_wconf 89' lang='lat' dir='ltr'><strong>despectui</strong></span> <span class='ocrx_word' id='word_1_437' title='bbox 690 2773 733 2797; x_wconf 86' lang='lat' dir='ltr'><strong>est</strong></span> <span class='ocrx_word' id='word_1_438' title='bbox 746 2769 868 2803; x_wconf 87' lang='lat' dir='ltr'><strong>habitus,</strong></span> <span class='ocrx_word' id='word_1_439' title='bbox 892 2770 940 2805; x_wconf 89' lang='lat' dir='ltr'><strong>qui</strong></span> 
     </span>
    </p>
   </div>
   <div class='ocr_carea' id='block_1_57' title="bbox 143 2814 940 2849">
    <p class='ocr_par' dir='ltr' id='par_1_57' title="bbox 143 2814 940 2849">
     <span class='ocr_line' id='line_1_57' title="bbox 143 2814 940 2849; baseline -0.003 -5"><span class='ocrx_word' id='word_1_440' title='bbox 143 2817 276 2844; x_wconf 80' lang='lat' dir='ltr'><strong>convertit</strong></span> <span class='ocrx_word' id='word_1_441' title='bbox 289 2820 375 2843; x_wconf 87' lang='lat' dir='ltr'><strong>totum</strong></span> <span class='ocrx_word' id='word_1_442' title='bbox 390 2814 485 2842; x_wconf 88' lang='lat' dir='ltr'><strong>orbem</strong></span> <span class='ocrx_word' id='word_1_443' title='bbox 499 2819 628 2842; x_wconf 87' lang='lat' dir='ltr'><strong>terrarum</strong></span> <span class='ocrx_word' id='word_1_444' title='bbox 640 2834 647 2847; x_wconf 86' lang='grc'><em>,</em></span> <span class='ocrx_word' id='word_1_445' title='bbox 663 2819 688 2842; x_wconf 85' lang='lat' dir='ltr'><strong>et</strong></span> <span class='ocrx_word' id='word_1_446' title='bbox 707 2822 815 2849; x_wconf 72' lang='lat' dir='ltr'><strong>gravem</strong></span> <span class='ocrx_word' id='word_1_447' title='bbox 831 2815 940 2843; x_wconf 88' lang='lat' dir='ltr'><strong>diabolo</strong></span> 
     </span>
    </p>
   </div>
   <div class='ocr_carea' id='block_1_58' title="bbox 146 2862 940 2897">
    <p class='ocr_par' dir='ltr' id='par_1_58' title="bbox 146 2862 940 2897">
     <span class='ocr_line' id='line_1_58' title="bbox 146 2862 940 2897; baseline 0.001 -8"><span class='ocrx_word' id='word_1_448' title='bbox 146 2863 249 2897; x_wconf 76' lang='lat' dir='ltr'><strong>plagam</strong></span> <span class='ocrx_word' id='word_1_449' title='bbox 277 2862 377 2889; x_wconf 78' lang='lat' dir='ltr'><strong>inflixit</strong></span> <span class='ocrx_word' id='word_1_450' title='bbox 393 2865 528 2896; x_wconf 85' lang='lat' dir='ltr'><strong>totamque</strong></span> <span class='ocrx_word' id='word_1_451' title='bbox 543 2862 600 2895; x_wconf 83' lang='lat' dir='ltr'><strong>ejus</strong></span> <span class='ocrx_word' id='word_1_452' title='bbox 622 2862 768 2895; x_wconf 81' lang='lat' dir='ltr'><strong>potentiam</strong></span> <span class='ocrx_word' id='word_1_453' title='bbox 789 2862 940 2891; x_wconf 83' lang='lat' dir='ltr'><strong>subvertit:</strong></span> 
     </span>
    </p>
   </div>
   <div class='ocr_carea' id='block_1_59' title="bbox 147 2906 936 2944">
    <p class='ocr_par' dir='ltr' id='par_1_59' title="bbox 147 2906 936 2944">
     <span class='ocr_line' id='line_1_59' title="bbox 147 2906 936 2944; baseline 0 -9"><span class='ocrx_word' id='word_1_454' title='bbox 147 2909 303 2944; x_wconf 72' lang='lat' dir='ltr'><strong>subtegmcn</strong></span> <span class='ocrx_word' id='word_1_455' title='bbox 324 2913 415 2935; x_wconf 85' lang='lat' dir='ltr'><strong>autem</strong></span> <span class='ocrx_word' id='word_1_456' title='bbox 431 2911 458 2935; x_wconf 91' lang='lat' dir='ltr'><strong>et</strong></span> <span class='ocrx_word' id='word_1_457' title='bbox 478 2912 581 2934; x_wconf 85' lang='lat' dir='ltr'><strong>stamen</strong></span> <span class='ocrx_word' id='word_1_458' title='bbox 602 2906 709 2942; x_wconf 84' lang='lat' dir='ltr'><strong>aliaque</strong></span> <span class='ocrx_word' id='word_1_459' title='bbox 724 2907 847 2942; x_wconf 73' lang='lat' dir='ltr'><strong>ligamina</strong></span> <span class='ocrx_word' id='word_1_460' title='bbox 862 2907 936 2936; x_wconf 89' lang='lat' dir='ltr'><strong>simi-</strong></span> 
     </span>
    </p>
   </div>
   <div class='ocr_carea' id='block_1_60' title="bbox 712 171 1286 209">
    <p class='ocr_par' dir='ltr' id='par_1_60' title="bbox 712 171 1286 209">
     <span class='ocr_line' id='line_1_60' title="bbox 712 171 1286 209; baseline 0.017 -11"><span class='ocrx_word' id='word_1_461' title='bbox 712 172 743 199; x_wconf 82' lang='grc' dir='ltr'><strong>ΙΝ</strong></span> <span class='ocrx_word' id='word_1_462' title='bbox 762 171 870 199; x_wconf 82' lang='lat' dir='ltr'><strong>EPIST.</strong></span> <span class='ocrx_word' id='word_1_463' title='bbox 892 172 901 199; x_wconf 95' lang='grc' dir='ltr'><strong>Ι</strong></span> <span class='ocrx_word' id='word_1_464' title='bbox 933 173 978 200; x_wconf 81' lang='lat' dir='ltr'><strong>AD</strong></span> <span class='ocrx_word' id='word_1_465' title='bbox 996 173 1074 202; x_wconf 80' lang='lat' dir='ltr'><strong>COR.</strong></span> <span class='ocrx_word' id='word_1_466' title='bbox 1095 176 1207 205; x_wconf 77' lang='lat' dir='ltr'><strong>llOMlL.</strong></span> <span class='ocrx_word' id='word_1_467' title='bbox 1231 180 1286 209; x_wconf 78' lang='grc' dir='ltr'><strong>ΧΙΙ.</strong></span> 
     </span>
    </p>
   </div>
   <div class='ocr_carea' id='block_1_61' title="bbox 1753 197 1801 225">
    <p class='ocr_par' dir='ltr' id='par_1_61' title="bbox 1753 197 1801 225">
     <span class='ocr_line' id='line_1_61' title="bbox 1753 197 1801 225; baseline 0.063 -3"><span class='ocrx_word' id='word_1_468' title='bbox 1753 197 1801 225; x_wconf 62' lang='grc' dir='ltr'><strong>Ιθῧ</strong></span> 
     </span>
    </p>
   </div>
   <div class='ocr_carea' id='block_1_62' title="bbox 1015 232 1799 282">
    <p class='ocr_par' dir='ltr' id='par_1_62' title="bbox 1015 232 1799 282">
     <span class='ocr_line' id='line_1_62' title="bbox 1015 232 1799 282; baseline 0.031 -24"><span class='ocrx_word' id='word_1_469' title='bbox 1015 232 1064 282; x_wconf 75' lang='lat' dir='ltr'><strong>lia,</strong></span> <span class='ocrx_word' id='word_1_470' title='bbox 1088 242 1118 262; x_wconf 88' lang='lat' dir='ltr'><strong>ea</strong></span> <span class='ocrx_word' id='word_1_471' title='bbox 1134 242 1196 264; x_wconf 89' lang='lat' dir='ltr'><strong>sunt</strong></span> <span class='ocrx_word' id='word_1_472' title='bbox 1215 240 1292 273; x_wconf 88' lang='lat' dir='ltr'><strong>queis</strong></span> <span class='ocrx_word' id='word_1_473' title='bbox 1314 242 1431 270; x_wconf 88' lang='lat' dir='ltr'><strong>creditur</strong></span> <span class='ocrx_word' id='word_1_474' title='bbox 1451 247 1526 279; x_wconf 85' lang='lat' dir='ltr'><strong>pueri</strong></span> <span class='ocrx_word' id='word_1_475' title='bbox 1554 250 1643 277; x_wconf 87' lang='lat' dir='ltr'><strong>tutela.</strong></span> <span class='ocrx_word' id='word_1_476' title='bbox 1673 252 1799 282; x_wconf 81' lang='lat' dir='ltr'><strong>l)ican.u:</strong></span> 
     </span>
    </p>
   </div>
   <div class='ocr_carea' id='block_1_63' title="bbox 1008 277 1802 331">
    <p class='ocr_par' dir='ltr' id='par_1_63' title="bbox 1008 277 1802 331">
     <span class='ocr_line' id='line_1_63' title="bbox 1008 277 1802 331; baseline 0.031 -28"><span class='ocrx_word' id='word_1_477' title='bbox 1008 277 1079 306; x_wconf 88' lang='lat' dir='ltr'><strong>aliud</strong></span> <span class='ocrx_word' id='word_1_478' title='bbox 1093 281 1176 316; x_wconf 83' lang='lat' dir='ltr'><strong>magis</strong></span> <span class='ocrx_word' id='word_1_479' title='bbox 1189 283 1348 313; x_wconf 84' lang='lat' dir='ltr'><strong>ridiculum?</strong></span> <span class='ocrx_word' id='word_1_480' title='bbox 1361 287 1413 315; x_wconf 88' lang='lat' dir='ltr'><strong>Sed</strong></span> <span class='ocrx_word' id='word_1_481' title='bbox 1428 277 1507 318; x_wconf 80' lang='lat' dir='ltr'><strong>nemo</strong></span> <span class='ocrx_word' id='word_1_482' title='bbox 1529 301 1577 321; x_wconf 89' lang='lat' dir='ltr'><strong>nos</strong></span> <span class='ocrx_word' id='word_1_483' title='bbox 1592 296 1802 331; x_wconf 83' lang='lat' dir='ltr'><strong>importunitatis</strong></span> 
     </span>
    </p>
   </div>
   <div class='ocr_carea' id='block_1_64' title="bbox 1007 327 1801 380">
    <p class='ocr_par' dir='ltr' id='par_1_64' title="bbox 1007 327 1801 380">
     <span class='ocr_line' id='line_1_64' title="bbox 1007 327 1801 380; baseline 0.03 -31"><span class='ocrx_word' id='word_1_484' title='bbox 1007 330 1128 380; x_wconf 54' lang='lat' dir='ltr'><strong>alecuset,</strong></span> <span class='ocrx_word' id='word_1_485' title='bbox 1143 327 1165 380; x_wconf 75' lang='lat' dir='ltr'><strong>si</strong></span> <span class='ocrx_word' id='word_1_486' title='bbox 1186 336 1304 366; x_wconf 87' lang='lat' dir='ltr'><strong>eousque</strong></span> <span class='ocrx_word' id='word_1_487' title='bbox 1317 335 1442 368; x_wconf 89' lang='lat' dir='ltr'><strong>procedat</strong></span> <span class='ocrx_word' id='word_1_488' title='bbox 1458 338 1553 366; x_wconf 89' lang='lat' dir='ltr'><strong>oratio.</strong></span> <span class='ocrx_word' id='word_1_489' title='bbox 1571 327 1635 368; x_wconf 72' lang='lat' dir='ltr'><strong>Nam</strong></span> <span class='ocrx_word' id='word_1_490' title='bbox 1650 344 1694 378; x_wconf 85' lang='lat' dir='ltr'><strong>qui</strong></span> <span class='ocrx_word' id='word_1_491' title='bbox 1708 350 1801 380; x_wconf 87' lang='lat' dir='ltr'><strong>putre-</strong></span> 
     </span>
    </p>
   </div>
   <div class='ocr_carea' id='block_1_65' title="bbox 1007 368 1799 424">
    <p class='ocr_par' dir='ltr' id='par_1_65' title="bbox 1007 368 1799 424">
     <span class='ocr_line' id='line_1_65' title="bbox 1007 368 1799 424; baseline 0.032 -30"><span class='ocrx_word' id='word_1_492' title='bbox 1007 368 1096 397; x_wconf 87' lang='lat' dir='ltr'><strong>dinctn</strong></span> <span class='ocrx_word' id='word_1_493' title='bbox 1114 373 1168 399; x_wconf 73' lang='lat' dir='ltr'><strong>vult</strong></span> <span class='ocrx_word' id='word_1_494' title='bbox 1186 377 1341 411; x_wconf 81' lang='lat' dir='ltr'><strong>emundare,</strong></span> <span class='ocrx_word' id='word_1_495' title='bbox 1359 387 1411 407; x_wconf 89' lang='lat' dir='ltr'><strong>non</strong></span> <span class='ocrx_word' id='word_1_496' title='bbox 1428 384 1562 412; x_wconf 85' lang='lat' dir='ltr'><strong>recusabit</strong></span> <span class='ocrx_word' id='word_1_497' title='bbox 1575 387 1648 420; x_wconf 88' lang='lat' dir='ltr'><strong>prius</strong></span> <span class='ocrx_word' id='word_1_498' title='bbox 1658 368 1799 424; x_wconf 66' lang='lat' dir='ltr'><strong>inquinare</strong></span> 
     </span>
    </p>
   </div>
   <div class='ocr_carea' id='block_1_66' title="bbox 1008 421 1796 470">
    <p class='ocr_par' dir='ltr' id='par_1_66' title="bbox 1008 421 1796 470">
     <span class='ocr_line' id='line_1_66' title="bbox 1008 421 1796 470; baseline 0.032 -30"><span class='ocrx_word' id='word_1_499' title='bbox 1008 423 1103 443; x_wconf 85' lang='lat' dir='ltr'><strong>manus</strong></span> <span class='ocrx_word' id='word_1_500' title='bbox 1122 425 1193 446; x_wconf 90' lang='lat' dir='ltr'><strong>snas.</strong></span> <span class='ocrx_word' id='word_1_501' title='bbox 1210 421 1339 453; x_wconf 87' lang='lat' dir='ltr'><strong>Quidnam</strong></span> <span class='ocrx_word' id='word_1_502' title='bbox 1355 433 1419 461; x_wconf 83' lang='lat' dir='ltr'><strong>ergo</strong></span> <span class='ocrx_word' id='word_1_503' title='bbox 1431 434 1471 455; x_wconf 86' lang='lat' dir='ltr'><strong>est</strong></span> <span class='ocrx_word' id='word_1_504' title='bbox 1485 429 1535 458; x_wconf 88' lang='lat' dir='ltr'><strong>ltoc</strong></span> <span class='ocrx_word' id='word_1_505' title='bbox 1548 421 1707 462; x_wconf 51' lang='lat' dir='ltr'><strong>ridiculumi</strong></span> <span class='ocrx_word' id='word_1_506' title='bbox 1721 437 1796 470; x_wconf 82' lang='lat' dir='ltr'><strong>Quod</strong></span> 
     </span>
    </p>
   </div>
   <div class='ocr_carea' id='block_1_67' title="bbox 1007 462 1798 516">
    <p class='ocr_par' dir='ltr' id='par_1_67' title="bbox 1007 462 1798 516">
     <span class='ocr_line' id='line_1_67' title="bbox 1007 462 1798 516; baseline 0.033 -29"><span class='ocrx_word' id='word_1_507' title='bbox 1007 462 1113 496; x_wconf 86' lang='lat' dir='ltr'><strong>quidem</strong></span> <span class='ocrx_word' id='word_1_508' title='bbox 1134 465 1199 493; x_wconf 87' lang='lat' dir='ltr'><strong>nihil</strong></span> <span class='ocrx_word' id='word_1_509' title='bbox 1213 475 1272 496; x_wconf 86' lang='lat' dir='ltr'><strong>esse</strong></span> <span class='ocrx_word' id='word_1_510' title='bbox 1295 471 1416 505; x_wconf 85' lang='lat' dir='ltr'><strong>videtur,</strong></span> <span class='ocrx_word' id='word_1_511' title='bbox 1432 475 1545 512; x_wconf 84' lang='lat' dir='ltr'><strong>ideoque</strong></span> <span class='ocrx_word' id='word_1_512' title='bbox 1557 480 1702 514; x_wconf 80' lang='lat' dir='ltr'><strong>ingetnisco</strong></span> <span class='ocrx_word' id='word_1_513' title='bbox 1715 462 1798 516; x_wconf 40' lang='lat' dir='ltr'><strong>;‘scd</strong></span> 
     </span>
    </p>
   </div>
   <div class='ocr_carea' id='block_1_68' title="bbox 1007 510 1806 558">
    <p class='ocr_par' dir='ltr' id='par_1_68' title="bbox 1007 510 1806 558">
     <span class='ocr_line' id='line_1_68' title="bbox 1007 510 1806 558; baseline 0.034 -25"><span class='ocrx_word' id='word_1_514' title='bbox 1007 513 1046 534; x_wconf 88' lang='lat' dir='ltr'><strong>est</strong></span> <span class='ocrx_word' id='word_1_515' title='bbox 1061 510 1220 547; x_wconf 90' lang='lat' dir='ltr'><strong>principium</strong></span> <span class='ocrx_word' id='word_1_516' title='bbox 1237 515 1346 544; x_wconf 60' lang='lat' dir='ltr'><strong>insaniat</strong></span> <span class='ocrx_word' id='word_1_517' title='bbox 1361 524 1386 546; x_wconf 87' lang='lat' dir='ltr'><strong>et</strong></span> <span class='ocrx_word' id='word_1_518' title='bbox 1400 510 1527 551; x_wconf 59' lang='lat' dir='ltr'><strong>extretnte</strong></span> <span class='ocrx_word' id='word_1_519' title='bbox 1541 510 1685 557; x_wconf 75' lang='lat' dir='ltr'><strong>dementia:</strong></span> <span class='ocrx_word' id='word_1_520' title='bbox 1701 510 1726 558; x_wconf 36' lang='grc' dir='ltr'>ιζ</span> <span class='ocrx_word' id='word_1_521' title='bbox 1743 531 1806 558; x_wconf 77' lang='lat' dir='ltr'><strong>Lu-&#39;</strong></span> 
     </span>
    </p>
   </div>
   <div class='ocr_carea' id='block_1_69' title="bbox 1008 558 1794 608">
    <p class='ocr_par' dir='ltr' id='par_1_69' title="bbox 1008 558 1794 608">
     <span class='ocr_line' id='line_1_69' title="bbox 1008 558 1794 608; baseline 0.031 -27"><span class='ocrx_word' id='word_1_522' title='bbox 1008 560 1061 582; x_wconf 92' lang='lat' dir='ltr'><strong>tum</strong></span> <span class='ocrx_word' id='word_1_523' title='bbox 1080 558 1206 586; x_wconf 65' lang='lat' dir='ltr'><strong>mulieres</strong></span> <span class='ocrx_word' id='word_1_524' title='bbox 1218 561 1243 588; x_wconf 92' lang='lat' dir='ltr'><strong>in</strong></span> <span class='ocrx_word' id='word_1_525' title='bbox 1259 562 1353 591; x_wconf 83' lang='lat' dir='ltr'><strong>balneo</strong></span> <span class='ocrx_word' id='word_1_526' title='bbox 1367 567 1537 602; x_wconf 79' lang='lat' dir='ltr'><strong>accipientes.</strong></span> <span class='ocrx_word' id='word_1_527' title='bbox 1553 575 1670 602; x_wconf 85' lang='lat' dir='ltr'><strong>murices</strong></span> <span class='ocrx_word' id='word_1_528' title='bbox 1683 597 1690 608; x_wconf 85' lang='lat'><strong>,</strong></span> <span class='ocrx_word' id='word_1_529' title='bbox 1707 581 1733 603; x_wconf 90' lang='lat' dir='ltr'><strong>et</strong></span> <span class='ocrx_word' id='word_1_530' title='bbox 1746 586 1794 604; x_wconf 88' lang='lat' dir='ltr'><strong>att-</strong></span> 
     </span>
    </p>
   </div>
   <div class='ocr_carea' id='block_1_70' title="bbox 1005 601 1794 656">
    <p class='ocr_par' dir='ltr' id='par_1_70' title="bbox 1005 601 1794 656">
     <span class='ocr_line' id='line_1_70' title="bbox 1005 601 1794 656; baseline 0.03 -29"><span class='ocrx_word' id='word_1_531' title='bbox 1005 601 1089 635; x_wconf 65' lang='lat' dir='ltr'><strong>cillat,</strong></span> <span class='ocrx_word' id='word_1_532' title='bbox 1106 603 1188 639; x_wconf 82' lang='lat' dir='ltr'><strong>digito</strong></span> <span class='ocrx_word' id='word_1_533' title='bbox 1202 607 1332 642; x_wconf 86' lang='lat' dir='ltr'><strong>tingentes</strong></span> <span class='ocrx_word' id='word_1_534' title='bbox 1343 631 1350 642; x_wconf 90' lang='lat'><strong>,</strong></span> <span class='ocrx_word' id='word_1_535' title='bbox 1366 612 1391 638; x_wconf 91' lang='lat' dir='ltr'><strong>in</strong></span> <span class='ocrx_word' id='word_1_536' title='bbox 1414 615 1487 647; x_wconf 60' lang='lat' dir='ltr'><strong>ptn‘ri</strong></span> <span class='ocrx_word' id='word_1_537' title='bbox 1512 615 1599 645; x_wconf 85' lang='lat' dir='ltr'><strong>fronte</strong></span> <span class='ocrx_word' id='word_1_538' title='bbox 1620 619 1794 656; x_wconf 81' lang='lat' dir='ltr'><strong>itnptimttnt:</strong></span> 
     </span>
    </p>
   </div>
   <div class='ocr_carea' id='block_1_71' title="bbox 1005 650 1803 705">
    <p class='ocr_par' dir='ltr' id='par_1_71' title="bbox 1005 650 1803 705">
     <span class='ocr_line' id='line_1_71' title="bbox 1005 650 1803 705; baseline 0.031 -31"><span class='ocrx_word' id='word_1_539' title='bbox 1005 653 1032 675; x_wconf 91' lang='lat' dir='ltr'><strong>et</strong></span> <span class='ocrx_word' id='word_1_540' title='bbox 1053 650 1076 676; x_wconf 92' lang='lat' dir='ltr'><strong>si</strong></span> <span class='ocrx_word' id='word_1_541' title='bbox 1103 652 1161 686; x_wconf 87' lang='lat' dir='ltr'><strong>quis</strong></span> <span class='ocrx_word' id='word_1_542' title='bbox 1186 653 1346 690; x_wconf 76' lang='lat' dir='ltr'><strong>interroget,</strong></span> <span class='ocrx_word' id='word_1_543' title='bbox 1364 658 1431 692; x_wconf 89' lang='lat' dir='ltr'><strong>Quid</strong></span> <span class='ocrx_word' id='word_1_544' title='bbox 1456 661 1505 689; x_wconf 89' lang='lat' dir='ltr'><strong>sibi</strong></span> <span class='ocrx_word' id='word_1_545' title='bbox 1529 665 1586 691; x_wconf 63' lang='lat' dir='ltr'><strong>\‘ult</strong></span> <span class='ocrx_word' id='word_1_546' title='bbox 1607 650 1705 701; x_wconf 76' lang='lat' dir='ltr'><strong>llllllm,</strong></span> <span class='ocrx_word' id='word_1_547' title='bbox 1731 671 1803 705; x_wconf 39' lang='lat' dir='ltr'><strong>qltitl‘</strong></span> 
     </span>
    </p>
   </div>
   <div class='ocr_carea' id='block_1_72' title="bbox 1005 699 1795 752">
    <p class='ocr_par' dir='ltr' id='par_1_72' title="bbox 1005 699 1795 752">
     <span class='ocr_line' id='line_1_72' title="bbox 1005 699 1795 752; baseline 0.03 -31"><span class='ocrx_word' id='word_1_548' title='bbox 1005 702 1110 724; x_wconf 59' lang='lat' dir='ltr'><strong>comunt</strong></span> <span class='ocrx_word' id='word_1_549' title='bbox 1121 699 1132 724; x_wconf 70' lang='grc' dir='ltr'><strong>ζ’</strong></span> <span class='ocrx_word' id='word_1_550' title='bbox 1143 699 1238 728; x_wconf 79' lang='lat' dir='ltr'><strong>Malum</strong></span> <span class='ocrx_word' id='word_1_551' title='bbox 1252 705 1345 731; x_wconf 81' lang='lat' dir='ltr'><strong>avertit</strong></span> <span class='ocrx_word' id='word_1_552' title='bbox 1357 706 1473 740; x_wconf 81' lang='lat' dir='ltr'><strong>oculum,</strong></span> <span class='ocrx_word' id='word_1_553' title='bbox 1487 709 1618 745; x_wconf 69' lang='lat' dir='ltr'><strong>inquiunt.</strong></span> <span class='ocrx_word' id='word_1_554' title='bbox 1631 699 1795 752; x_wconf 53' lang='lat' dir='ltr'><strong>livorem-que</strong></span> 
     </span>
    </p>
   </div>
   <div class='ocr_carea' id='block_1_73' title="bbox 1005 743 1791 796">
    <p class='ocr_par' dir='ltr' id='par_1_73' title="bbox 1005 743 1791 796">
     <span class='ocr_line' id='line_1_73' title="bbox 1005 743 1791 796; baseline 0.028 -28"><span class='ocrx_word' id='word_1_555' title='bbox 1005 749 1030 768; x_wconf 87' lang='lat' dir='ltr'><strong>et</strong></span> <span class='ocrx_word' id='word_1_556' title='bbox 1046 743 1183 774; x_wconf 82' lang='lat' dir='ltr'><strong>invidiam.</strong></span> <span class='ocrx_word' id='word_1_557' title='bbox 1201 748 1254 783; x_wconf 83' lang='lat' dir='ltr'><strong>Pap</strong></span> <span class='ocrx_word' id='word_1_558' title='bbox 1265 759 1288 778; x_wconf 77' lang='grc' dir='ltr'>ιι,</span> <span class='ocrx_word' id='word_1_559' title='bbox 1301 757 1397 784; x_wconf 84' lang='lat' dir='ltr'><strong>quanta</strong></span> <span class='ocrx_word' id='word_1_560' title='bbox 1412 755 1451 779; x_wconf 81' lang='lat' dir='ltr'><strong>vis</strong></span> <span class='ocrx_word' id='word_1_561' title='bbox 1467 743 1529 788; x_wconf 62' lang='lat' dir='ltr'><strong>luti,</strong></span> <span class='ocrx_word' id='word_1_562' title='bbox 1540 763 1637 792; x_wconf 84' lang='lat' dir='ltr'><strong>quanta</strong></span> <span class='ocrx_word' id='word_1_563' title='bbox 1651 763 1720 788; x_wconf 79' lang='lat' dir='ltr'><strong>comi</strong></span> <span class='ocrx_word' id='word_1_564' title='bbox 1742 743 1791 796; x_wconf 69' lang='lat' dir='ltr'><strong>tio-</strong></span> 
     </span>
    </p>
   </div>
   <div class='ocr_carea' id='block_1_74' title="bbox 1005 791 1794 843">
    <p class='ocr_par' dir='ltr' id='par_1_74' title="bbox 1005 791 1794 843">
     <span class='ocr_line' id='line_1_74' title="bbox 1005 791 1794 843; baseline 0.03 -29"><span class='ocrx_word' id='word_1_565' title='bbox 1005 791 1106 817; x_wconf 82' lang='lat' dir='ltr'><strong>testas?</strong></span> <span class='ocrx_word' id='word_1_566' title='bbox 1121 796 1227 821; x_wconf 88' lang='lat' dir='ltr'><strong>tantane</strong></span> <span class='ocrx_word' id='word_1_567' title='bbox 1237 801 1263 821; x_wconf 92' lang='lat' dir='ltr'><strong>ut</strong></span> <span class='ocrx_word' id='word_1_568' title='bbox 1282 801 1362 824; x_wconf 81' lang='lat' dir='ltr'><strong>lotam</strong></span> <span class='ocrx_word' id='word_1_569' title='bbox 1378 799 1476 828; x_wconf 82' lang='lat' dir='ltr'><strong>diaboli</strong></span> <span class='ocrx_word' id='word_1_570' title='bbox 1490 791 1574 831; x_wconf 86' lang='lat' dir='ltr'><strong>aciem</strong></span> <span class='ocrx_word' id='word_1_571' title='bbox 1590 807 1720 843; x_wconf 83' lang='lat' dir='ltr'><strong>proﬂiget.</strong></span> <span class='ocrx_word' id='word_1_572' title='bbox 1737 791 1794 838; x_wconf 53' lang='lat' dir='ltr'><strong>heu</strong></span> 
     </span>
    </p>
   </div>
   <div class='ocr_carea' id='block_1_75' title="bbox 1005 836 1794 884">
    <p class='ocr_par' dir='ltr' id='par_1_75' title="bbox 1005 836 1794 884">
     <span class='ocr_line' id='line_1_75' title="bbox 1005 836 1794 884; baseline 0.032 -25"><span class='ocrx_word' id='word_1_573' title='bbox 1005 836 1116 870; x_wconf 74' lang='lat' dir='ltr'><strong>pudore,</strong></span> <span class='ocrx_word' id='word_1_574' title='bbox 1131 846 1232 872; x_wconf 79' lang='lat' dir='ltr'><strong>qmcso,</strong></span> <span class='ocrx_word' id='word_1_575' title='bbox 1250 843 1462 873; x_wconf 74' lang='lat' dir='ltr'><strong>sufl&#39;undemini?</strong></span> <span class='ocrx_word' id='word_1_576' title='bbox 1478 856 1529 875; x_wconf 91' lang='lat' dir='ltr'><strong>non</strong></span> <span class='ocrx_word' id='word_1_577' title='bbox 1545 836 1794 884; x_wconf 40' lang='lat' dir='ltr'><strong>vel-serowtandem</strong></span> 
     </span>
    </p>
   </div>
   <div class='ocr_carea' id='block_1_76' title="bbox 1003 882 1801 930">
    <p class='ocr_par' dir='ltr' id='par_1_76' title="bbox 1003 882 1801 930">
     <span class='ocr_line' id='line_1_76' title="bbox 1003 882 1801 930; baseline 0.029 -23"><span class='ocrx_word' id='word_1_578' title='bbox 1003 882 1100 910; x_wconf 85' lang='lat' dir='ltr'><strong>diaboli</strong></span> <span class='ocrx_word' id='word_1_579' title='bbox 1126 884 1236 920; x_wconf 83' lang='lat' dir='ltr'><strong>laqueos</strong></span> <span class='ocrx_word' id='word_1_580' title='bbox 1264 889 1433 925; x_wconf 78' lang='lat' dir='ltr'><strong>intelligetis,</strong></span> <span class='ocrx_word' id='word_1_581' title='bbox 1462 897 1598 929; x_wconf 86' lang='lat' dir='ltr'><strong>quomodo</strong></span> <span class='ocrx_word' id='word_1_582' title='bbox 1624 900 1658 926; x_wconf 87' lang='lat' dir='ltr'><strong>ab</strong></span> <span class='ocrx_word' id='word_1_583' title='bbox 1686 901 1801 930; x_wconf 75' lang='lat' dir='ltr'><strong>ineunte</strong></span> 
     </span>
    </p>
   </div>
   <div class='ocr_carea' id='block_1_77' title="bbox 1002 931 1794 975">
    <p class='ocr_par' dir='ltr' id='par_1_77' title="bbox 1002 931 1794 975">
     <span class='ocr_line' id='line_1_77' title="bbox 1002 931 1794 975; baseline 0.028 -22"><span class='ocrx_word' id='word_1_584' title='bbox 1002 932 1081 956; x_wconf 65' lang='lat' dir='ltr'><strong>astate</strong></span> <span class='ocrx_word' id='word_1_585' title='bbox 1104 931 1241 959; x_wconf 87' lang='lat' dir='ltr'><strong>machinas</strong></span> <span class='ocrx_word' id='word_1_586' title='bbox 1254 941 1315 962; x_wconf 79' lang='lat' dir='ltr'><strong>snas</strong></span> <span class='ocrx_word' id='word_1_587' title='bbox 1340 938 1464 970; x_wconf 79' lang='lat' dir='ltr'><strong>paulatim</strong></span> <span class='ocrx_word' id='word_1_588' title='bbox 1482 940 1606 969; x_wconf 74' lang='lat' dir='ltr'><strong>inducat&quot;</strong></span> <span class='ocrx_word' id='word_1_589' title='bbox 1620 944 1685 972; x_wconf 85' lang='lat' dir='ltr'><strong>Nam</strong></span> <span class='ocrx_word' id='word_1_590' title='bbox 1709 947 1731 975; x_wconf 89' lang='lat' dir='ltr'><strong>si</strong></span> <span class='ocrx_word' id='word_1_591' title='bbox 1753 949 1794 975; x_wconf 90' lang='lat' dir='ltr'><strong>ln-</strong></span> 
     </span>
    </p>
   </div>
   <div class='ocr_carea' id='block_1_78' title="bbox 1004 975 1794 1026">
    <p class='ocr_par' dir='ltr' id='par_1_78' title="bbox 1004 975 1794 1026">
     <span class='ocr_line' id='line_1_78' title="bbox 1004 975 1794 1026; baseline 0.03 -28"><span class='ocrx_word' id='word_1_592' title='bbox 1004 978 1057 999; x_wconf 93' lang='lat' dir='ltr'><strong>Inm</strong></span> <span class='ocrx_word' id='word_1_593' title='bbox 1074 975 1123 1002; x_wconf 82' lang='lat' dir='ltr'><strong>hue</strong></span> <span class='ocrx_word' id='word_1_594' title='bbox 1137 976 1226 1010; x_wconf 67' lang='lat' dir='ltr'><strong>faciat,</strong></span> <span class='ocrx_word' id='word_1_595' title='bbox 1241 988 1289 1006; x_wconf 82' lang='lat' dir='ltr'><strong>cur</strong></span> <span class='ocrx_word' id='word_1_596' title='bbox 1301 989 1353 1008; x_wconf 86' lang='lat' dir='ltr'><strong>non</strong></span> <span class='ocrx_word' id='word_1_597' title='bbox 1370 987 1398 1010; x_wconf 89' lang='lat' dir='ltr'><strong>tu</strong></span> <span class='ocrx_word' id='word_1_598' title='bbox 1423 984 1447 1011; x_wconf 91' lang='lat' dir='ltr'><strong>iu</strong></span> <span class='ocrx_word' id='word_1_599' title='bbox 1463 985 1551 1014; x_wconf 84' lang='lat' dir='ltr'><strong>fronte</strong></span> <span class='ocrx_word' id='word_1_600' title='bbox 1566 994 1606 1015; x_wconf 74' lang='lat' dir='ltr'><strong>tu:</strong></span> <span class='ocrx_word' id='word_1_601' title='bbox 1625 991 1738 1026; x_wconf 73' lang='lat' dir='ltr'><strong>i-lipsutn</strong></span> <span class='ocrx_word' id='word_1_602' title='bbox 1753 995 1794 1021; x_wconf 84' lang='lat' dir='ltr'><strong>fa-</strong></span> 
     </span>
    </p>
   </div>
   <div class='ocr_carea' id='block_1_79' title="bbox 1002 1022 1793 1074">
    <p class='ocr_par' dir='ltr' id='par_1_79' title="bbox 1002 1022 1793 1074">
     <span class='ocr_line' id='line_1_79' title="bbox 1002 1022 1793 1074; baseline 0.029 -30"><span class='ocrx_word' id='word_1_603' title='bbox 1002 1022 1135 1074; x_wconf 24' lang='lat' dir='ltr'><strong>cisincum</strong></span> <span class='ocrx_word' id='word_1_604' title='bbox 1158 1022 1198 1049; x_wconf 83' lang='lat' dir='ltr'><strong>vir</strong></span> <span class='ocrx_word' id='word_1_605' title='bbox 1211 1025 1247 1051; x_wconf 81' lang='lat' dir='ltr'><strong>sis</strong></span> <span class='ocrx_word' id='word_1_606' title='bbox 1261 1031 1289 1052; x_wconf 94' lang='lat' dir='ltr'><strong>et</strong></span> <span class='ocrx_word' id='word_1_607' title='bbox 1313 1028 1388 1060; x_wconf 86' lang='lat' dir='ltr'><strong>plena</strong></span> <span class='ocrx_word' id='word_1_608' title='bbox 1411 1035 1543 1063; x_wconf 71' lang='lat' dir='ltr'><strong>tetate,ct</strong></span> <span class='ocrx_word' id='word_1_609' title='bbox 1564 1022 1703 1070; x_wconf 75' lang='lat' dir='ltr'><strong>plusquam</strong></span> <span class='ocrx_word' id='word_1_610' title='bbox 1728 1047 1793 1074; x_wconf 84' lang='lat' dir='ltr'><strong>puer</strong></span> 
     </span>
    </p>
   </div>
   <div class='ocr_carea' id='block_1_80' title="bbox 1001 1064 1793 1120">
    <p class='ocr_par' dir='ltr' id='par_1_80' title="bbox 1001 1064 1793 1120">
     <span class='ocr_line' id='line_1_80' title="bbox 1001 1064 1793 1120; baseline 0.029 -30"><span class='ocrx_word' id='word_1_611' title='bbox 1001 1064 1106 1093; x_wconf 86' lang='lat' dir='ltr'><strong>invidos</strong></span> <span class='ocrx_word' id='word_1_612' title='bbox 1120 1066 1239 1096; x_wconf 85' lang='lat' dir='ltr'><strong>habeas?</strong></span> <span class='ocrx_word' id='word_1_613' title='bbox 1250 1078 1299 1098; x_wconf 92' lang='lat' dir='ltr'><strong>cur</strong></span> <span class='ocrx_word' id='word_1_614' title='bbox 1313 1081 1365 1100; x_wconf 89' lang='lat' dir='ltr'><strong>nott</strong></span> <span class='ocrx_word' id='word_1_615' title='bbox 1380 1075 1436 1102; x_wconf 90' lang='lat' dir='ltr'><strong>luto</strong></span> <span class='ocrx_word' id='word_1_616' title='bbox 1461 1077 1541 1105; x_wconf 76' lang='lat' dir='ltr'><strong>illinis</strong></span> <span class='ocrx_word' id='word_1_617' title='bbox 1566 1085 1574 1106; x_wconf 92' lang='grc' dir='ltr'><strong>ι</strong></span> <span class='ocrx_word' id='word_1_618' title='bbox 1595 1064 1650 1108; x_wconf 80' lang='lat' dir='ltr'><strong>tum</strong></span> <span class='ocrx_word' id='word_1_619' title='bbox 1674 1064 1770 1120; x_wconf 71' lang='lat' dir='ltr'><strong>corpus</strong></span> <span class='ocrx_word' id='word_1_620' title='bbox 1783 1089 1793 1114; x_wconf 86' lang='lat'><em>&#39;!</em></span> 
     </span>
    </p>
   </div>
   <div class='ocr_carea' id='block_1_81' title="bbox 1002 1112 1792 1161">
    <p class='ocr_par' dir='ltr' id='par_1_81' title="bbox 1002 1112 1792 1161">
     <span class='ocr_line' id='line_1_81' title="bbox 1002 1112 1792 1161; baseline 0.03 -24"><span class='ocrx_word' id='word_1_621' title='bbox 1002 1119 1062 1138; x_wconf 87' lang='lat' dir='ltr'><strong>nam</strong></span> <span class='ocrx_word' id='word_1_622' title='bbox 1077 1113 1098 1139; x_wconf 91' lang='lat' dir='ltr'><strong>si</strong></span> <span class='ocrx_word' id='word_1_623' title='bbox 1115 1113 1141 1141; x_wconf 90' lang='lat' dir='ltr'><strong>in</strong></span> <span class='ocrx_word' id='word_1_624' title='bbox 1156 1114 1245 1143; x_wconf 88' lang='lat' dir='ltr'><strong>fronte</strong></span> <span class='ocrx_word' id='word_1_625' title='bbox 1260 1112 1360 1147; x_wconf 82' lang='lat' dir='ltr'><strong>tantam</strong></span> <span class='ocrx_word' id='word_1_626' title='bbox 1373 1121 1452 1149; x_wconf 82' lang='lat' dir='ltr'><strong>habet</strong></span> <span class='ocrx_word' id='word_1_627' title='bbox 1467 1126 1603 1156; x_wconf 72' lang='lat' dir='ltr'><strong>virtutem.</strong></span> <span class='ocrx_word' id='word_1_628' title='bbox 1620 1137 1668 1156; x_wconf 81' lang='lat' dir='ltr'><strong>cur</strong></span> <span class='ocrx_word' id='word_1_629' title='bbox 1688 1112 1739 1158; x_wconf 71' lang='lat' dir='ltr'><strong>non</strong></span> <span class='ocrx_word' id='word_1_630' title='bbox 1767 1139 1792 1161; x_wconf 81' lang='lat' dir='ltr'><strong>te</strong></span> 
     </span>
    </p>
   </div>
   <div class='ocr_carea' id='block_1_82' title="bbox 1000 1161 1791 1206">
    <p class='ocr_par' dir='ltr' id='par_1_82' title="bbox 1000 1161 1791 1206">
     <span class='ocr_line' id='line_1_82' title="bbox 1000 1161 1791 1206; baseline 0.027 -21"><span class='ocrx_word' id='word_1_631' title='bbox 1000 1162 1084 1186; x_wconf 87' lang='lat' dir='ltr'><strong>totum</strong></span> <span class='ocrx_word' id='word_1_632' title='bbox 1100 1161 1156 1188; x_wconf 89' lang='lat' dir='ltr'><strong>luto</strong></span> <span class='ocrx_word' id='word_1_633' title='bbox 1169 1163 1294 1199; x_wconf 78' lang='lat' dir='ltr'><strong>inungis?</strong></span> <span class='ocrx_word' id='word_1_634' title='bbox 1308 1165 1370 1194; x_wconf 73' lang='lat' dir='ltr'><strong>llmc</strong></span> <span class='ocrx_word' id='word_1_635' title='bbox 1383 1173 1444 1196; x_wconf 91' lang='lat' dir='ltr'><strong>sunt</strong></span> <span class='ocrx_word' id='word_1_636' title='bbox 1458 1171 1527 1199; x_wconf 82' lang='lat' dir='ltr'><strong>risus</strong></span> <span class='ocrx_word' id='word_1_637' title='bbox 1541 1178 1566 1200; x_wconf 89' lang='lat' dir='ltr'><strong>et</strong></span> <span class='ocrx_word' id='word_1_638' title='bbox 1579 1177 1708 1204; x_wconf 72' lang='grc' dir='ltr'><strong>ροιηωειὶτι</strong></span> <span class='ocrx_word' id='word_1_639' title='bbox 1724 1185 1791 1206; x_wconf 65' lang='lat' dir='ltr'><strong>sata-</strong></span> 
     </span>
    </p>
   </div>
   <div class='ocr_carea' id='block_1_83' title="bbox 1000 1204 1791 1259">
    <p class='ocr_par' dir='ltr' id='par_1_83' title="bbox 1000 1204 1791 1259">
     <span class='ocr_line' id='line_1_83' title="bbox 1000 1204 1791 1259; baseline 0.028 -28"><span class='ocrx_word' id='word_1_640' title='bbox 1000 1204 1058 1232; x_wconf 89' lang='lat' dir='ltr'><strong>nica</strong></span> <span class='ocrx_word' id='word_1_641' title='bbox 1072 1226 1079 1236; x_wconf 86' lang='lat'><strong>,</strong></span> <span class='ocrx_word' id='word_1_642' title='bbox 1095 1214 1154 1241; x_wconf 67' lang='lat' dir='ltr'><strong>qua:</strong></span> <span class='ocrx_word' id='word_1_643' title='bbox 1168 1217 1220 1236; x_wconf 85' lang='lat' dir='ltr'><strong>non</strong></span> <span class='ocrx_word' id='word_1_644' title='bbox 1233 1210 1266 1237; x_wconf 91' lang='lat' dir='ltr'><strong>ad</strong></span> <span class='ocrx_word' id='word_1_645' title='bbox 1281 1211 1430 1241; x_wconf 90' lang='lat' dir='ltr'><strong>irrisionem</strong></span> <span class='ocrx_word' id='word_1_646' title='bbox 1445 1220 1547 1245; x_wconf 88' lang='lat' dir='ltr'><strong>tantum</strong></span> <span class='ocrx_word' id='word_1_647' title='bbox 1561 1239 1567 1251; x_wconf 90' lang='grc'>,</span> <span class='ocrx_word' id='word_1_648' title='bbox 1582 1221 1629 1249; x_wconf 89' lang='lat' dir='ltr'><strong>sed</strong></span> <span class='ocrx_word' id='word_1_649' title='bbox 1645 1223 1678 1250; x_wconf 90' lang='lat' dir='ltr'><strong>ad</strong></span> <span class='ocrx_word' id='word_1_650' title='bbox 1691 1225 1791 1259; x_wconf 81' lang='lat' dir='ltr'><strong>gelu-n-</strong></span> 
     </span>
    </p>
   </div>
   <div class='ocr_carea' id='block_1_84' title="bbox 999 1254 1790 1306">
    <p class='ocr_par' dir='ltr' id='par_1_84' title="bbox 999 1254 1790 1306">
     <span class='ocr_line' id='line_1_84' title="bbox 999 1254 1790 1306; baseline 0.029 -30"><span class='ocrx_word' id='word_1_651' title='bbox 999 1257 1061 1278; x_wconf 89' lang='lat' dir='ltr'><strong>nam</strong></span> <span class='ocrx_word' id='word_1_652' title='bbox 1090 1254 1238 1287; x_wconf 66' lang='lat' dir='ltr'><strong>praecipitat</strong></span> <span class='ocrx_word' id='word_1_653' title='bbox 1264 1265 1311 1284; x_wconf 87' lang='lat' dir='ltr'><strong>eos</strong></span> <span class='ocrx_word' id='word_1_654' title='bbox 1330 1260 1374 1293; x_wconf 87' lang='lat' dir='ltr'><strong>qui</strong></span> <span class='ocrx_word' id='word_1_655' title='bbox 1405 1261 1583 1297; x_wconf 83' lang='lat' dir='ltr'><strong>decipiuntur.</strong></span> <span class='ocrx_word' id='word_1_656' title='bbox 1612 1254 1705 1297; x_wconf 37' lang='lat' dir='ltr'><strong>Certev</strong></span> <span class='ocrx_word' id='word_1_657' title='bbox 1721 1273 1790 1306; x_wconf 86' lang='lat' dir='ltr'><strong>quod</strong></span> 
     </span>
     <span class='ocr_line' id='line_1_85' title="bbox 999 1297 1298 1306; baseline 0.03 0"><span class='ocrx_word' id='word_1_658' title='bbox 999 1303 1047 1306; x_wconf 58' lang='grc' dir='ltr'><strong>-..η</strong></span> <span class='ocrx_word' id='word_1_659' title='bbox 1061 1297 1067 1306; x_wconf 94' lang='grc' dir='ltr'><strong>Ι</strong></span> <span class='ocrx_word' id='word_1_660' title='bbox 1085 1297 1103 1306; x_wconf 72' lang='lat' dir='ltr'><strong>l‘</strong></span> <span class='ocrx_word' id='word_1_661' title='bbox 1212 1305 1215 1306; x_wconf 58' lang='grc' dir='ltr'><em>ν</em></span> <span class='ocrx_word' id='word_1_662' title='bbox 1237 1301 1252 1306; x_wconf 80' lang='grc'><strong>⁵·</strong></span> <span class='ocrx_word' id='word_1_663' title='bbox 1288 1304 1298 1306; x_wconf 88' lang='grc'><strong><em>“</em></strong></span> 
     </span>
    </p>
   </div>
   <div class='ocr_carea' id='block_1_85' title="bbox 998 1297 1790 1349">
    <p class='ocr_par' dir='ltr' id='par_1_85' title="bbox 998 1297 1790 1349">
     <span class='ocr_line' id='line_1_86' title="bbox 998 1297 1790 1349; baseline 0.032 -28"><span class='ocrx_word' id='word_1_664' title='bbox 998 1297 1067 1330; x_wconf 90' lang='lat' dir='ltr'><strong>apud</strong></span> <span class='ocrx_word' id='word_1_665' title='bbox 1083 1297 1192 1327; x_wconf 74' lang='lat' dir='ltr'><strong>Gnecos</strong></span> <span class='ocrx_word' id='word_1_666' title='bbox 1209 1301 1268 1329; x_wconf 84' lang='lat' dir='ltr'><strong>talia</strong></span> <span class='ocrx_word' id='word_1_667' title='bbox 1283 1304 1356 1335; x_wconf 79' lang='lat' dir='ltr'><strong>fiant,</strong></span> <span class='ocrx_word' id='word_1_668' title='bbox 1370 1306 1466 1334; x_wconf 90' lang='lat' dir='ltr'><strong>mirttm</strong></span> <span class='ocrx_word' id='word_1_669' title='bbox 1481 1317 1532 1337; x_wconf 90' lang='lat' dir='ltr'><strong>tton</strong></span> <span class='ocrx_word' id='word_1_670' title='bbox 1544 1316 1603 1345; x_wconf 88' lang='lat' dir='ltr'><strong>est;</strong></span> <span class='ocrx_word' id='word_1_671' title='bbox 1617 1316 1689 1349; x_wconf 88' lang='lat' dir='ltr'><strong>quod</strong></span> <span class='ocrx_word' id='word_1_672' title='bbox 1700 1297 1790 1346; x_wconf 54' lang='lat' dir='ltr'><strong>att-teni</strong></span> 
     </span>
    </p>
   </div>
   <div class='ocr_carea' id='block_1_86' title="bbox 997 1343 1790 1391">
    <p class='ocr_par' dir='ltr' id='par_1_86' title="bbox 997 1343 1790 1391">
     <span class='ocr_line' id='line_1_87' title="bbox 997 1343 1790 1391; baseline 0.03 -24"><span class='ocrx_word' id='word_1_673' title='bbox 997 1343 1066 1376; x_wconf 87' lang='lat' dir='ltr'><strong>apud</strong></span> <span class='ocrx_word' id='word_1_674' title='bbox 1081 1351 1128 1371; x_wconf 87' lang='lat' dir='ltr'><strong>eos</strong></span> <span class='ocrx_word' id='word_1_675' title='bbox 1142 1346 1186 1380; x_wconf 92' lang='lat' dir='ltr'><strong>qui</strong></span> <span class='ocrx_word' id='word_1_676' title='bbox 1199 1354 1305 1376; x_wconf 87' lang='lat' dir='ltr'><strong>crucem</strong></span> <span class='ocrx_word' id='word_1_677' title='bbox 1321 1350 1432 1379; x_wconf 88' lang='lat' dir='ltr'><strong>adorant</strong></span> <span class='ocrx_word' id='word_1_678' title='bbox 1446 1374 1454 1385; x_wconf 84' lang='grc'>,</span> <span class='ocrx_word' id='word_1_679' title='bbox 1474 1359 1501 1381; x_wconf 89' lang='lat' dir='ltr'><strong>et</strong></span> <span class='ocrx_word' id='word_1_680' title='bbox 1514 1343 1701 1391; x_wconf 73' lang='lat' dir='ltr'><strong>mysteriorum</strong></span> <span class='ocrx_word' id='word_1_681' title='bbox 1715 1369 1790 1390; x_wconf 88' lang='lat' dir='ltr'><strong>arca-</strong></span> 
     </span>
    </p>
   </div>
   <div class='ocr_carea' id='block_1_87' title="bbox 998 1392 1788 1442">
    <p class='ocr_par' dir='ltr' id='par_1_87' title="bbox 998 1392 1788 1442">
     <span class='ocr_line' id='line_1_88' title="bbox 998 1392 1788 1442; baseline 0.028 -28"><span class='ocrx_word' id='word_1_682' title='bbox 998 1397 1092 1416; x_wconf 89' lang='lat' dir='ltr'><strong>norum</strong></span> <span class='ocrx_word' id='word_1_683' title='bbox 1116 1392 1260 1427; x_wconf 84' lang='lat' dir='ltr'><strong>participes</strong></span> <span class='ocrx_word' id='word_1_684' title='bbox 1273 1401 1333 1422; x_wconf 90' lang='lat' dir='ltr'><strong>sunt</strong></span> <span class='ocrx_word' id='word_1_685' title='bbox 1346 1417 1354 1429; x_wconf 82' lang='lat'><strong>,</strong></span> <span class='ocrx_word' id='word_1_686' title='bbox 1368 1402 1395 1424; x_wconf 87' lang='lat' dir='ltr'><strong>et</strong></span> <span class='ocrx_word' id='word_1_687' title='bbox 1416 1402 1488 1426; x_wconf 89' lang='lat' dir='ltr'><strong>tanta</strong></span> <span class='ocrx_word' id='word_1_688' title='bbox 1515 1401 1746 1442; x_wconf 82' lang='lat' dir='ltr'><strong>philosophantur,</strong></span> <span class='ocrx_word' id='word_1_689' title='bbox 1763 1410 1788 1436; x_wconf 90' lang='lat' dir='ltr'><strong>id</strong></span> 
     </span>
    </p>
   </div>
   <div class='ocr_carea' id='block_1_88' title="bbox 996 1438 1789 1487">
    <p class='ocr_par' dir='ltr' id='par_1_88' title="bbox 996 1438 1789 1487">
     <span class='ocr_line' id='line_1_89' title="bbox 996 1438 1789 1487; baseline 0.026 -26"><span class='ocrx_word' id='word_1_690' title='bbox 996 1441 1068 1464; x_wconf 87' lang='lat' dir='ltr'><strong>certe</strong></span> <span class='ocrx_word' id='word_1_691' title='bbox 1089 1438 1179 1466; x_wconf 89' lang='lat' dir='ltr'><strong>multis</strong></span> <span class='ocrx_word' id='word_1_692' title='bbox 1194 1439 1319 1476; x_wconf 86' lang='lat' dir='ltr'><strong>lacrymis</strong></span> <span class='ocrx_word' id='word_1_693' title='bbox 1332 1447 1372 1470; x_wconf 88' lang='lat' dir='ltr'><strong>est</strong></span> <span class='ocrx_word' id='word_1_694' title='bbox 1386 1443 1505 1479; x_wconf 77' lang='lat' dir='ltr'><strong>dignum.</strong></span> <span class='ocrx_word' id='word_1_695' title='bbox 1531 1448 1600 1476; x_wconf 86' lang='lat' dir='ltr'><strong>Deus</strong></span> <span class='ocrx_word' id='word_1_696' title='bbox 1615 1438 1640 1478; x_wconf 82' lang='lat' dir='ltr'><strong>te</strong></span> <span class='ocrx_word' id='word_1_697' title='bbox 1656 1438 1789 1487; x_wconf 76' lang='lat' dir='ltr'><strong>unguento</strong></span> 
     </span>
    </p>
   </div>
   <div class='ocr_carea' id='block_1_89' title="bbox 997 1483 1787 1534">
    <p class='ocr_par' dir='ltr' id='par_1_89' title="bbox 997 1483 1787 1534">
     <span class='ocr_line' id='line_1_90' title="bbox 997 1483 1787 1534; baseline 0.027 -25"><span class='ocrx_word' id='word_1_698' title='bbox 997 1483 1128 1517; x_wconf 82' lang='lat' dir='ltr'><strong>spirituali</strong></span> <span class='ocrx_word' id='word_1_699' title='bbox 1142 1485 1295 1520; x_wconf 85' lang='lat' dir='ltr'><strong>honoravit,</strong></span> <span class='ocrx_word' id='word_1_700' title='bbox 1309 1494 1335 1516; x_wconf 70' lang='lat' dir='ltr'><strong>ct</strong></span> <span class='ocrx_word' id='word_1_701' title='bbox 1349 1495 1374 1518; x_wconf 92' lang='lat' dir='ltr'><strong>tu</strong></span> <span class='ocrx_word' id='word_1_702' title='bbox 1393 1492 1447 1518; x_wconf 87' lang='lat' dir='ltr'><strong>lttto</strong></span> <span class='ocrx_word' id='word_1_703' title='bbox 1460 1494 1543 1522; x_wconf 84' lang='lat' dir='ltr'><strong>tilium</strong></span> <span class='ocrx_word' id='word_1_704' title='bbox 1557 1483 1705 1534; x_wconf 54' lang='lat' dir='ltr'><strong>tlelurpasi</strong></span> <span class='ocrx_word' id='word_1_705' title='bbox 1718 1502 1787 1530; x_wconf 86' lang='lat' dir='ltr'><strong>Deus</strong></span> 
     </span>
    </p>
   </div>
   <div class='ocr_carea' id='block_1_90' title="bbox 998 1530 1788 1582">
    <p class='ocr_par' dir='ltr' id='par_1_90' title="bbox 998 1530 1788 1582">
     <span class='ocr_line' id='line_1_91' title="bbox 998 1530 1788 1582; baseline 0.027 -26"><span class='ocrx_word' id='word_1_706' title='bbox 998 1534 1023 1557; x_wconf 88' lang='lat' dir='ltr'><strong>te</strong></span> <span class='ocrx_word' id='word_1_707' title='bbox 1035 1530 1191 1565; x_wconf 88' lang='lat' dir='ltr'><strong>decoravit,</strong></span> <span class='ocrx_word' id='word_1_708' title='bbox 1207 1538 1231 1560; x_wconf 89' lang='lat' dir='ltr'><strong>ct</strong></span> <span class='ocrx_word' id='word_1_709' title='bbox 1249 1538 1275 1561; x_wconf 86' lang='lat' dir='ltr'><strong>tu</strong></span> <span class='ocrx_word' id='word_1_710' title='bbox 1288 1536 1402 1570; x_wconf 84' lang='lat' dir='ltr'><strong>teipsum</strong></span> <span class='ocrx_word' id='word_1_711' title='bbox 1415 1538 1582 1569; x_wconf 84' lang='lat' dir='ltr'><strong>dedecoras?</strong></span> <span class='ocrx_word' id='word_1_712' title='bbox 1595 1548 1622 1570; x_wconf 86' lang='lat' dir='ltr'><strong>et</strong></span> <span class='ocrx_word' id='word_1_713' title='bbox 1633 1530 1693 1573; x_wconf 73' lang='lat' dir='ltr'><strong>cum</strong></span> <span class='ocrx_word' id='word_1_714' title='bbox 1710 1555 1788 1582; x_wconf 88' lang='lat' dir='ltr'><strong>opor-</strong></span> 
     </span>
    </p>
   </div>
   <div class='ocr_carea' id='block_1_91' title="bbox 997 1576 1786 1625">
    <p class='ocr_par' dir='ltr' id='par_1_91' title="bbox 997 1576 1786 1625">
     <span class='ocr_line' id='line_1_92' title="bbox 997 1576 1786 1625; baseline 0.025 -24"><span class='ocrx_word' id='word_1_715' title='bbox 997 1579 1066 1602; x_wconf 87' lang='lat' dir='ltr'><strong>teret</strong></span> <span class='ocrx_word' id='word_1_716' title='bbox 1077 1576 1102 1603; x_wconf 92' lang='lat' dir='ltr'><strong>in</strong></span> <span class='ocrx_word' id='word_1_717' title='bbox 1114 1576 1202 1606; x_wconf 84' lang='lat' dir='ltr'><strong>fronte</strong></span> <span class='ocrx_word' id='word_1_718' title='bbox 1214 1587 1321 1608; x_wconf 91' lang='lat' dir='ltr'><strong>crucem</strong></span> <span class='ocrx_word' id='word_1_719' title='bbox 1332 1582 1485 1612; x_wconf 71' lang='lat' dir='ltr'><strong>adscribere</strong></span> <span class='ocrx_word' id='word_1_720' title='bbox 1493 1607 1501 1619; x_wconf 95' lang='lat'><strong>,</strong></span> <span class='ocrx_word' id='word_1_721' title='bbox 1513 1595 1572 1622; x_wconf 62' lang='lat' dir='ltr'><strong>qua:</strong></span> <span class='ocrx_word' id='word_1_722' title='bbox 1581 1576 1786 1625; x_wconf 77' lang='lat' dir='ltr'><strong>insuperabilcm</strong></span> 
     </span>
    </p>
   </div>
   <div class='ocr_carea' id='block_1_92' title="bbox 997 1621 1788 1667">
    <p class='ocr_par' dir='ltr' id='par_1_92' title="bbox 997 1621 1788 1667">
     <span class='ocr_line' id='line_1_93' title="bbox 997 1621 1788 1667; baseline 0.025 -20"><span class='ocrx_word' id='word_1_723' title='bbox 997 1621 1107 1649; x_wconf 87' lang='lat' dir='ltr'><strong>tutelam</strong></span> <span class='ocrx_word' id='word_1_724' title='bbox 1119 1624 1240 1658; x_wconf 70' lang='lat' dir='ltr'><strong>praebet;</strong></span> <span class='ocrx_word' id='word_1_725' title='bbox 1258 1632 1284 1654; x_wconf 88' lang='grc' dir='ltr'><strong>ιιι</strong></span> <span class='ocrx_word' id='word_1_726' title='bbox 1299 1627 1340 1655; x_wconf 89' lang='lat' dir='ltr'><strong>Itis</strong></span> <span class='ocrx_word' id='word_1_727' title='bbox 1359 1629 1477 1658; x_wconf 80' lang='lat' dir='ltr'><strong>dimissis</strong></span> <span class='ocrx_word' id='word_1_728' title='bbox 1491 1621 1677 1664; x_wconf 17' lang='lat' dir='ltr'><strong>inrsatauica‘m</strong></span> <span class='ocrx_word' id='word_1_729' title='bbox 1693 1646 1788 1667; x_wconf 81' lang='lat' dir='ltr'><strong>amen-</strong></span> 
     </span>
    </p>
   </div>
   <div class='ocr_carea' id='block_1_93' title="bbox 997 1667 1788 1714">
    <p class='ocr_par' dir='ltr' id='par_1_93' title="bbox 997 1667 1788 1714">
     <span class='ocr_line' id='line_1_94' title="bbox 997 1667 1788 1714; baseline 0.027 -21"><span class='ocrx_word' id='word_1_730' title='bbox 997 1667 1059 1695; x_wconf 87' lang='lat' dir='ltr'><strong>tiam</strong></span> <span class='ocrx_word' id='word_1_731' title='bbox 1072 1668 1194 1697; x_wconf 83' lang='lat' dir='ltr'><strong>decidis?</strong></span> <span class='ocrx_word' id='word_1_732' title='bbox 1206 1672 1232 1699; x_wconf 89' lang='lat' dir='ltr'><strong>Si</strong></span> <span class='ocrx_word' id='word_1_733' title='bbox 1243 1673 1339 1708; x_wconf 89' lang='lat' dir='ltr'><strong>quibus</strong></span> <span class='ocrx_word' id='word_1_734' title='bbox 1349 1681 1438 1704; x_wconf 86' lang='lat' dir='ltr'><strong>autent</strong></span> <span class='ocrx_word' id='word_1_735' title='bbox 1448 1677 1505 1706; x_wconf 71' lang='lat' dir='ltr'><strong>hazc</strong></span> <span class='ocrx_word' id='word_1_736' title='bbox 1512 1687 1592 1714; x_wconf 82' lang='lat' dir='ltr'><strong>parra</strong></span> <span class='ocrx_word' id='word_1_737' title='bbox 1607 1690 1667 1710; x_wconf 84' lang='lat' dir='ltr'><strong>esse</strong></span> <span class='ocrx_word' id='word_1_738' title='bbox 1679 1685 1788 1714; x_wconf 87' lang='lat' dir='ltr'><strong>videan-</strong></span> 
     </span>
    </p>
   </div>
   <div class='ocr_carea' id='block_1_94' title="bbox 996 1716 1786 1768">
    <p class='ocr_par' dir='ltr' id='par_1_94' title="bbox 996 1716 1786 1768">
     <span class='ocr_line' id='line_1_95' title="bbox 996 1716 1786 1768; baseline 0.024 -26"><span class='ocrx_word' id='word_1_739' title='bbox 996 1718 1056 1748; x_wconf 89' lang='lat' dir='ltr'><strong>tur,</strong></span> <span class='ocrx_word' id='word_1_740' title='bbox 1070 1716 1175 1745; x_wconf 87' lang='lat' dir='ltr'><strong>discant</strong></span> <span class='ocrx_word' id='word_1_741' title='bbox 1197 1719 1222 1746; x_wconf 92' lang='lat' dir='ltr'><strong>id</strong></span> <span class='ocrx_word' id='word_1_742' title='bbox 1243 1727 1303 1749; x_wconf 87' lang='lat' dir='ltr'><strong>esse</strong></span> <span class='ocrx_word' id='word_1_743' title='bbox 1326 1731 1482 1758; x_wconf 79' lang='lat' dir='ltr'><strong>magnorum</strong></span> <span class='ocrx_word' id='word_1_744' title='bbox 1503 1734 1611 1755; x_wconf 86' lang='lat' dir='ltr'><strong>causam</strong></span> <span class='ocrx_word' id='word_1_745' title='bbox 1634 1731 1763 1760; x_wconf 88' lang='lat' dir='ltr'><strong>malorum</strong></span> <span class='ocrx_word' id='word_1_746' title='bbox 1778 1755 1786 1768; x_wconf 87' lang='lat'><strong>,</strong></span> 
     </span>
    </p>
   </div>
   <div class='ocr_carea' id='block_1_95' title="bbox 996 1764 1786 1813">
    <p class='ocr_par' dir='ltr' id='par_1_95' title="bbox 996 1764 1786 1813">
     <span class='ocr_line' id='line_1_96' title="bbox 996 1764 1786 1813; baseline 0.022 -24"><span class='ocrx_word' id='word_1_747' title='bbox 996 1770 1082 1797; x_wconf 76' lang='lat' dir='ltr'><strong>tneque</strong></span> <span class='ocrx_word' id='word_1_748' title='bbox 1093 1764 1175 1792; x_wconf 84' lang='lat' dir='ltr'><strong>Paulo</strong></span> <span class='ocrx_word' id='word_1_749' title='bbox 1184 1766 1271 1794; x_wconf 82' lang='lat' dir='ltr'><strong>visum</strong></span> <span class='ocrx_word' id='word_1_750' title='bbox 1282 1767 1363 1797; x_wconf 88' lang='lat' dir='ltr'><strong>fuisse</strong></span> <span class='ocrx_word' id='word_1_751' title='bbox 1379 1777 1458 1804; x_wconf 88' lang='lat' dir='ltr'><strong>parva</strong></span> <span class='ocrx_word' id='word_1_752' title='bbox 1470 1773 1614 1809; x_wconf 79' lang='lat' dir='ltr'><strong>negligere.</strong></span> <span class='ocrx_word' id='word_1_753' title='bbox 1623 1776 1691 1809; x_wconf 86' lang='lat' dir='ltr'><strong>Quid</strong></span> <span class='ocrx_word' id='word_1_754' title='bbox 1703 1764 1786 1813; x_wconf 57' lang='lat' dir='ltr'><strong>enim;</strong></span> 
     </span>
    </p>
   </div>
   <div class='ocr_carea' id='block_1_96' title="bbox 994 1811 1785 1856">
    <p class='ocr_par' dir='ltr' id='par_1_96' title="bbox 994 1811 1785 1856">
     <span class='ocr_line' id='line_1_97' title="bbox 994 1811 1785 1856; baseline 0.021 -21"><span class='ocrx_word' id='word_1_755' title='bbox 994 1817 1096 1844; x_wconf 75' lang='lat' dir='ltr'><strong>qumso,</strong></span> <span class='ocrx_word' id='word_1_756' title='bbox 1113 1811 1200 1839; x_wconf 90' lang='lat' dir='ltr'><strong>minus</strong></span> <span class='ocrx_word' id='word_1_757' title='bbox 1212 1818 1263 1846; x_wconf 87' lang='lat' dir='ltr'><strong>est,</strong></span> <span class='ocrx_word' id='word_1_758' title='bbox 1277 1822 1357 1849; x_wconf 88' lang='lat' dir='ltr'><strong>quam</strong></span> <span class='ocrx_word' id='word_1_759' title='bbox 1369 1820 1397 1842; x_wconf 91' lang='lat' dir='ltr'><strong>ut</strong></span> <span class='ocrx_word' id='word_1_760' title='bbox 1411 1817 1491 1844; x_wconf 86' lang='lat' dir='ltr'><strong>homo</strong></span> <span class='ocrx_word' id='word_1_761' title='bbox 1503 1825 1582 1854; x_wconf 86' lang='lat' dir='ltr'><strong>caput</strong></span> <span class='ocrx_word' id='word_1_762' title='bbox 1597 1824 1720 1856; x_wconf 79' lang='lat' dir='ltr'><strong>operiat?</strong></span> <span class='ocrx_word' id='word_1_763' title='bbox 1733 1811 1785 1854; x_wconf 88' lang='lat' dir='ltr'><strong>Sed</strong></span> 
     </span>
    </p>
   </div>
   <div class='ocr_carea' id='block_1_97' title="bbox 996 1855 1785 1905">
    <p class='ocr_par' dir='ltr' id='par_1_97' title="bbox 996 1855 1785 1905">
     <span class='ocr_line' id='line_1_98' title="bbox 996 1855 1785 1905; baseline 0.024 -25"><span class='ocrx_word' id='word_1_764' title='bbox 996 1855 1054 1882; x_wconf 81' lang='lat' dir='ltr'><strong>vide</strong></span> <span class='ocrx_word' id='word_1_765' title='bbox 1066 1861 1192 1890; x_wconf 86' lang='lat' dir='ltr'><strong>quantam</strong></span> <span class='ocrx_word' id='word_1_766' title='bbox 1208 1858 1287 1894; x_wconf 92' lang='lat' dir='ltr'><strong>hujus</strong></span> <span class='ocrx_word' id='word_1_767' title='bbox 1301 1860 1339 1887; x_wconf 86' lang='lat' dir='ltr'><strong>rei</strong></span> <span class='ocrx_word' id='word_1_768' title='bbox 1353 1869 1443 1888; x_wconf 86' lang='lat' dir='ltr'><strong>curam</strong></span> <span class='ocrx_word' id='word_1_769' title='bbox 1456 1862 1551 1892; x_wconf 86' lang='lat' dir='ltr'><strong>habeat</strong></span> <span class='ocrx_word' id='word_1_770' title='bbox 1561 1886 1569 1898; x_wconf 91' lang='lat'><strong>,</strong></span> <span class='ocrx_word' id='word_1_771' title='bbox 1580 1855 1677 1896; x_wconf 83' lang='lat' dir='ltr'><strong>etcum</strong></span> <span class='ocrx_word' id='word_1_772' title='bbox 1688 1877 1785 1905; x_wconf 87' lang='lat' dir='ltr'><strong>quanta</strong></span> 
     </span>
    </p>
   </div>
   <div class='ocr_carea' id='block_1_98' title="bbox 996 1900 1784 1948">
    <p class='ocr_par' dir='ltr' id='par_1_98' title="bbox 996 1900 1784 1948">
     <span class='ocr_line' id='line_1_99' title="bbox 996 1900 1784 1948; baseline 0.023 -22"><span class='ocrx_word' id='word_1_773' title='bbox 996 1900 1134 1934; x_wconf 88' lang='lat' dir='ltr'><strong>prohibeat</strong></span> <span class='ocrx_word' id='word_1_774' title='bbox 1149 1903 1315 1932; x_wconf 86' lang='lat' dir='ltr'><strong>vehementia</strong></span> <span class='ocrx_word' id='word_1_775' title='bbox 1327 1926 1335 1938; x_wconf 88' lang='lat'><strong>,</strong></span> <span class='ocrx_word' id='word_1_776' title='bbox 1361 1911 1415 1934; x_wconf 88' lang='lat' dir='ltr'><strong>ttttn</strong></span> <span class='ocrx_word' id='word_1_777' title='bbox 1429 1908 1480 1935; x_wconf 92' lang='lat' dir='ltr'><strong>alia</strong></span> <span class='ocrx_word' id='word_1_778' title='bbox 1500 1911 1580 1937; x_wconf 90' lang='lat' dir='ltr'><strong>multa</strong></span> <span class='ocrx_word' id='word_1_779' title='bbox 1595 1900 1705 1948; x_wconf 61' lang='lat' dir='ltr'><strong>dicens;</strong></span> <span class='ocrx_word' id='word_1_780' title='bbox 1730 1921 1784 1943; x_wconf 93' lang='lat' dir='ltr'><strong>tum</strong></span> 
     </span>
    </p>
   </div>
   <div class='ocr_carea' id='block_1_99' title="bbox 994 1946 1782 1993">
    <p class='ocr_par' dir='ltr' id='par_1_99' title="bbox 994 1946 1782 1993">
     <span class='ocr_line' id='line_1_100' title="bbox 994 1946 1782 1993; baseline 0.022 -22"><span class='ocrx_word' id='word_1_781' title='bbox 994 1946 1064 1980; x_wconf 88' lang='lat' dir='ltr'><strong>quod</strong></span> <span class='ocrx_word' id='word_1_782' title='bbox 1079 1953 1246 1980; x_wconf 87' lang='lat' dir='ltr'><strong>eapntsuum</strong></span> <span class='ocrx_word' id='word_1_783' title='bbox 1257 1950 1415 1980; x_wconf 85' lang='lat' dir='ltr'><strong>dehonestet</strong></span> <span class='ocrx_word' id='word_1_784' title='bbox 1431 1953 1454 1988; x_wconf 86' lang='grc' dir='ltr'><strong>(Ι</strong></span> <span class='ocrx_word' id='word_1_785' title='bbox 1473 1954 1531 1982; x_wconf 88' lang='lat' dir='ltr'><strong>Cor.</strong></span> <span class='ocrx_word' id='word_1_786' title='bbox 1544 1957 1587 1984; x_wconf 87' lang='lat' dir='ltr'><strong>ll.</strong></span> <span class='ocrx_word' id='word_1_787' title='bbox 1599 1957 1637 1993; x_wconf 72' lang='grc'><strong>4).</strong></span> <span class='ocrx_word' id='word_1_788' title='bbox 1654 1959 1681 1986; x_wconf 89' lang='lat' dir='ltr'><strong>Si</strong></span> <span class='ocrx_word' id='word_1_789' title='bbox 1694 1946 1782 1988; x_wconf 85' lang='lat' dir='ltr'><strong>autem</strong></span> 
     </span>
    </p>
   </div>
   <div class='ocr_carea' id='block_1_100' title="bbox 994 1993 1782 2038">
    <p class='ocr_par' dir='ltr' id='par_1_100' title="bbox 994 1993 1782 2038">
     <span class='ocr_line' id='line_1_101' title="bbox 994 1993 1782 2038; baseline 0.019 -19"><span class='ocrx_word' id='word_1_790' title='bbox 994 1993 1038 2029; x_wconf 90' lang='lat' dir='ltr'><strong>qui</strong></span> <span class='ocrx_word' id='word_1_791' title='bbox 1063 1995 1126 2028; x_wconf 75' lang='lat' dir='ltr'><strong>tegit</strong></span> <span class='ocrx_word' id='word_1_792' title='bbox 1155 2001 1232 2029; x_wconf 83' lang='lat' dir='ltr'><strong>caput</strong></span> <span class='ocrx_word' id='word_1_793' title='bbox 1246 2016 1254 2029; x_wconf 88' lang='lat'><strong>,</strong></span> <span class='ocrx_word' id='word_1_794' title='bbox 1277 1997 1363 2032; x_wconf 88' lang='lat' dir='ltr'><strong>ipsunt</strong></span> <span class='ocrx_word' id='word_1_795' title='bbox 1388 1999 1563 2034; x_wconf 81' lang='lat' dir='ltr'><strong>dehonestat;</strong></span> <span class='ocrx_word' id='word_1_796' title='bbox 1580 2005 1624 2038; x_wconf 90' lang='lat' dir='ltr'><strong>qui</strong></span> <span class='ocrx_word' id='word_1_797' title='bbox 1644 2004 1699 2033; x_wconf 91' lang='lat' dir='ltr'><strong>luto</strong></span> <span class='ocrx_word' id='word_1_798' title='bbox 1719 2007 1782 2034; x_wconf 85' lang='lat' dir='ltr'><strong>illud</strong></span> 
     </span>
    </p>
   </div>
   <div class='ocr_carea' id='block_1_101' title="bbox 994 2039 1784 2080">
    <p class='ocr_par' dir='ltr' id='par_1_101' title="bbox 994 2039 1784 2080">
     <span class='ocr_line' id='line_1_102' title="bbox 994 2039 1784 2080; baseline 0.02 -15"><span class='ocrx_word' id='word_1_799' title='bbox 994 2039 1068 2074; x_wconf 74' lang='lat' dir='ltr'><strong>ungit</strong></span> <span class='ocrx_word' id='word_1_800' title='bbox 1081 2061 1088 2072; x_wconf 87' lang='lat'><strong>,</strong></span> <span class='ocrx_word' id='word_1_801' title='bbox 1111 2042 1246 2075; x_wconf 89' lang='lat' dir='ltr'><strong>quomodo</strong></span> <span class='ocrx_word' id='word_1_802' title='bbox 1261 2051 1313 2070; x_wconf 90' lang='lat' dir='ltr'><strong>non</strong></span> <span class='ocrx_word' id='word_1_803' title='bbox 1328 2052 1438 2078; x_wconf 88' lang='lat' dir='ltr'><strong>puerum</strong></span> <span class='ocrx_word' id='word_1_804' title='bbox 1453 2047 1539 2075; x_wconf 88' lang='lat' dir='ltr'><strong>reddit</strong></span> <span class='ocrx_word' id='word_1_805' title='bbox 1551 2048 1758 2080; x_wconf 86' lang='lat' dir='ltr'><strong>abominandum</strong></span> <span class='ocrx_word' id='word_1_806' title='bbox 1771 2054 1784 2080; x_wconf 83' lang='lat'><strong>?</strong></span> 
     </span>
    </p>
   </div>
   <div class='ocr_carea' id='block_1_102' title="bbox 992 2085 1785 2126">
    <p class='ocr_par' dir='ltr' id='par_1_102' title="bbox 992 2085 1785 2126">
     <span class='ocr_line' id='line_1_103' title="bbox 992 2085 1785 2126; baseline 0.02 -16"><span class='ocrx_word' id='word_1_807' title='bbox 992 2085 1136 2119; x_wconf 84' lang='lat' dir='ltr'><strong>quomodo,</strong></span> <span class='ocrx_word' id='word_1_808' title='bbox 1151 2094 1253 2121; x_wconf 68' lang='lat' dir='ltr'><strong>qnmso,</strong></span> <span class='ocrx_word' id='word_1_809' title='bbox 1269 2089 1377 2116; x_wconf 75' lang='lat' dir='ltr'><strong>adducit</strong></span> <span class='ocrx_word' id='word_1_810' title='bbox 1393 2099 1452 2118; x_wconf 90' lang='lat' dir='ltr'><strong>cum</strong></span> <span class='ocrx_word' id='word_1_811' title='bbox 1469 2092 1501 2120; x_wconf 92' lang='lat' dir='ltr'><strong>ad</strong></span> <span class='ocrx_word' id='word_1_812' title='bbox 1517 2101 1611 2122; x_wconf 89' lang='lat' dir='ltr'><strong>manus</strong></span> <span class='ocrx_word' id='word_1_813' title='bbox 1621 2098 1785 2126; x_wconf 80' lang='lat' dir='ltr'><strong>sacerdotis?</strong></span> 
     </span>
    </p>
   </div>
   <div class='ocr_carea' id='block_1_103' title="bbox 992 2131 1781 2176">
    <p class='ocr_par' dir='ltr' id='par_1_103' title="bbox 992 2131 1781 2176">
     <span class='ocr_line' id='line_1_104' title="bbox 992 2131 1781 2176; baseline 0.02 -21"><span class='ocrx_word' id='word_1_814' title='bbox 992 2131 1126 2165; x_wconf 88' lang='lat' dir='ltr'><strong>quomodo</strong></span> <span class='ocrx_word' id='word_1_815' title='bbox 1140 2135 1266 2167; x_wconf 76' lang='lat' dir='ltr'><strong>precaris,</strong></span> <span class='ocrx_word' id='word_1_816' title='bbox 1280 2140 1308 2161; x_wconf 94' lang='lat' dir='ltr'><strong>ut</strong></span> <span class='ocrx_word' id='word_1_817' title='bbox 1322 2137 1470 2172; x_wconf 67' lang='lat' dir='ltr'><strong>presbyteri</strong></span> <span class='ocrx_word' id='word_1_818' title='bbox 1485 2146 1564 2166; x_wconf 89' lang='lat' dir='ltr'><strong>mantt</strong></span> <span class='ocrx_word' id='word_1_819' title='bbox 1576 2141 1740 2176; x_wconf 80' lang='lat' dir='ltr'><strong>signaculum</strong></span> <span class='ocrx_word' id='word_1_820' title='bbox 1754 2149 1781 2171; x_wconf 83' lang='lat' dir='ltr'><strong>in</strong></span> 
     </span>
    </p>
   </div>
   <div class='ocr_carea' id='block_1_104' title="bbox 972 2176 1783 2219">
    <p class='ocr_par' dir='ltr' id='par_1_104' title="bbox 972 2176 1783 2219">
     <span class='ocr_line' id='line_1_105' title="bbox 972 2176 1783 2219; baseline 0.02 -18"><span class='ocrx_word' id='word_1_821' title='bbox 972 2186 976 2195; x_wconf 89' lang='lat'><strong><em>-</em></strong></span> <span class='ocrx_word' id='word_1_822' title='bbox 992 2176 1079 2204; x_wconf 90' lang='lat' dir='ltr'><strong>fronte</strong></span> <span class='ocrx_word' id='word_1_823' title='bbox 1090 2181 1263 2212; x_wconf 75' lang='lat' dir='ltr'><strong>apponatur,</strong></span> <span class='ocrx_word' id='word_1_824' title='bbox 1289 2180 1332 2207; x_wconf 91' lang='lat' dir='ltr'><strong>ubi</strong></span> <span class='ocrx_word' id='word_1_825' title='bbox 1348 2181 1402 2208; x_wconf 92' lang='lat' dir='ltr'><strong>luto</strong></span> <span class='ocrx_word' id='word_1_826' title='bbox 1417 2184 1600 2218; x_wconf 72' lang='lat' dir='ltr'><strong>tntxisti?Ne,</strong></span> <span class='ocrx_word' id='word_1_827' title='bbox 1616 2187 1712 2216; x_wconf 78' lang='lat' dir='ltr'><strong>fratres</strong></span> <span class='ocrx_word' id='word_1_828' title='bbox 1723 2211 1730 2219; x_wconf 79' lang='lat'><strong><em>.</em></strong></span> <span class='ocrx_word' id='word_1_829' title='bbox 1751 2199 1783 2218; x_wconf 83' lang='lat' dir='ltr'><strong>ne</strong></span> 
     </span>
    </p>
   </div>
   <div class='ocr_carea' id='block_1_105' title="bbox 992 2222 1778 2268">
    <p class='ocr_par' dir='ltr' id='par_1_105' title="bbox 992 2222 1778 2268">
     <span class='ocr_line' id='line_1_106' title="bbox 992 2222 1778 2268; baseline 0.017 -19"><span class='ocrx_word' id='word_1_830' title='bbox 992 2222 1049 2250; x_wconf 65' lang='lat' dir='ltr'><strong>haec</strong></span> <span class='ocrx_word' id='word_1_831' title='bbox 1060 2223 1180 2256; x_wconf 86' lang='lat' dir='ltr'><strong>faciatis;</strong></span> <span class='ocrx_word' id='word_1_832' title='bbox 1197 2225 1244 2252; x_wconf 85' lang='lat' dir='ltr'><strong>sed</strong></span> <span class='ocrx_word' id='word_1_833' title='bbox 1257 2227 1290 2253; x_wconf 87' lang='lat' dir='ltr'><strong>ah</strong></span> <span class='ocrx_word' id='word_1_834' title='bbox 1304 2227 1411 2255; x_wconf 88' lang='lat' dir='ltr'><strong>ineunte</strong></span> <span class='ocrx_word' id='word_1_835' title='bbox 1424 2234 1502 2257; x_wconf 63' lang='lat' dir='ltr'><strong>attate</strong></span> <span class='ocrx_word' id='word_1_836' title='bbox 1514 2239 1610 2265; x_wconf 87' lang='lat' dir='ltr'><strong>pueros</strong></span> <span class='ocrx_word' id='word_1_837' title='bbox 1634 2235 1778 2268; x_wconf 89' lang='lat' dir='ltr'><strong>spirituali-</strong></span> 
     </span>
    </p>
   </div>
   <div class='ocr_carea' id='block_1_106' title="bbox 991 2270 1781 2308">
    <p class='ocr_par' dir='ltr' id='par_1_106' title="bbox 991 2270 1781 2308">
     <span class='ocr_line' id='line_1_107' title="bbox 991 2270 1781 2308; baseline 0.015 -12"><span class='ocrx_word' id='word_1_838' title='bbox 991 2270 1042 2297; x_wconf 88' lang='lat' dir='ltr'><strong>l)us</strong></span> <span class='ocrx_word' id='word_1_839' title='bbox 1065 2271 1147 2298; x_wconf 86' lang='lat' dir='ltr'><strong>armis</strong></span> <span class='ocrx_word' id='word_1_840' title='bbox 1171 2272 1289 2304; x_wconf 81' lang='lat' dir='ltr'><strong>muttito,</strong></span> <span class='ocrx_word' id='word_1_841' title='bbox 1305 2277 1332 2299; x_wconf 89' lang='lat' dir='ltr'><strong>et</strong></span> <span class='ocrx_word' id='word_1_842' title='bbox 1347 2273 1441 2301; x_wconf 82' lang='lat' dir='ltr'><strong>docete</strong></span> <span class='ocrx_word' id='word_1_843' title='bbox 1454 2282 1500 2302; x_wconf 90' lang='lat' dir='ltr'><strong>eos</strong></span> <span class='ocrx_word' id='word_1_844' title='bbox 1511 2284 1591 2303; x_wconf 89' lang='lat' dir='ltr'><strong>manu</strong></span> <span class='ocrx_word' id='word_1_845' title='bbox 1615 2277 1729 2307; x_wconf 84' lang='lat' dir='ltr'><strong>frontem</strong></span> <span class='ocrx_word' id='word_1_846' title='bbox 1744 2290 1781 2308; x_wconf 75' lang='lat' dir='ltr'><strong>si-</strong></span> 
     </span>
    </p>
   </div>
   <div class='ocr_carea' id='block_1_107' title="bbox 991 2317 1783 2360">
    <p class='ocr_par' dir='ltr' id='par_1_107' title="bbox 991 2317 1783 2360">
     <span class='ocr_line' id='line_1_108' title="bbox 991 2317 1783 2360; baseline 0.014 -18"><span class='ocrx_word' id='word_1_847' title='bbox 991 2323 1091 2350; x_wconf 84' lang='lat' dir='ltr'><strong>gnare;</strong></span> <span class='ocrx_word' id='word_1_848' title='bbox 1107 2317 1186 2344; x_wconf 85' lang='lat' dir='ltr'><strong>etiam</strong></span> <span class='ocrx_word' id='word_1_849' title='bbox 1201 2318 1275 2352; x_wconf 90' lang='lat' dir='ltr'><strong>prius</strong></span> <span class='ocrx_word' id='word_1_850' title='bbox 1287 2326 1365 2353; x_wconf 84' lang='lat' dir='ltr'><strong>quam</strong></span> <span class='ocrx_word' id='word_1_851' title='bbox 1390 2321 1489 2354; x_wconf 88' lang='lat' dir='ltr'><strong>possint</strong></span> <span class='ocrx_word' id='word_1_852' title='bbox 1509 2322 1559 2350; x_wconf 90' lang='lat' dir='ltr'><strong>hoc</strong></span> <span class='ocrx_word' id='word_1_853' title='bbox 1580 2331 1658 2351; x_wconf 85' lang='lat' dir='ltr'><strong>manu</strong></span> <span class='ocrx_word' id='word_1_854' title='bbox 1675 2325 1761 2354; x_wconf 84' lang='lat' dir='ltr'><strong>facere</strong></span> <span class='ocrx_word' id='word_1_855' title='bbox 1775 2347 1783 2360; x_wconf 80' lang='grc'><em>,</em></span> 
     </span>
    </p>
   </div>
   <div class='ocr_carea' id='block_1_108' title="bbox 992 2361 1445 2398">
    <p class='ocr_par' dir='ltr' id='par_1_108' title="bbox 992 2361 1445 2398">
     <span class='ocr_line' id='line_1_109' title="bbox 992 2361 1445 2398; baseline 0.011 -11"><span class='ocrx_word' id='word_1_856' title='bbox 992 2369 1039 2389; x_wconf 80' lang='lat' dir='ltr'><strong>vos</strong></span> <span class='ocrx_word' id='word_1_857' title='bbox 1052 2361 1101 2396; x_wconf 85' lang='lat' dir='ltr'><strong>ipsi</strong></span> <span class='ocrx_word' id='word_1_858' title='bbox 1116 2361 1156 2389; x_wconf 84' lang='lat' dir='ltr'><strong>eis</strong></span> <span class='ocrx_word' id='word_1_859' title='bbox 1168 2369 1275 2390; x_wconf 89' lang='lat' dir='ltr'><strong>crucem</strong></span> <span class='ocrx_word' id='word_1_860' title='bbox 1290 2364 1445 2398; x_wconf 87' lang='lat' dir='ltr'><strong>imprimite.</strong></span> 
     </span>
    </p>
   </div>
   <div class='ocr_carea' id='block_1_109' title="bbox 1027 2408 1781 2445">
    <p class='ocr_par' dir='ltr' id='par_1_109' title="bbox 1027 2408 1781 2445">
     <span class='ocr_line' id='line_1_110' title="bbox 1027 2408 1781 2445; baseline 0.012 -9"><span class='ocrx_word' id='word_1_861' title='bbox 1027 2408 1197 2444; x_wconf 75' lang='lat' dir='ltr'><strong>Prwﬁcarum</strong></span> <span class='ocrx_word' id='word_1_862' title='bbox 1214 2418 1284 2437; x_wconf 82' lang='lat' dir='ltr'><strong>usus.</strong></span> <span class='ocrx_word' id='word_1_863' title='bbox 1295 2411 1406 2444; x_wconf 82' lang='lat' dir='ltr'><strong>—Qnid</strong></span> <span class='ocrx_word' id='word_1_864' title='bbox 1422 2411 1521 2440; x_wconf 77' lang='lat' dir='ltr'><strong>dixeris</strong></span> <span class='ocrx_word' id='word_1_865' title='bbox 1535 2414 1568 2441; x_wconf 86' lang='lat' dir='ltr'><strong>de</strong></span> <span class='ocrx_word' id='word_1_866' title='bbox 1581 2415 1640 2442; x_wconf 73' lang='lat' dir='ltr'><strong>aliis</strong></span> <span class='ocrx_word' id='word_1_867' title='bbox 1656 2419 1781 2445; x_wconf 76' lang='lat' dir='ltr'><strong>satanicis</strong></span> 
     </span>
    </p>
   </div>
   <div class='ocr_carea' id='block_1_110' title="bbox 992 2456 1781 2497">
    <p class='ocr_par' dir='ltr' id='par_1_110' title="bbox 992 2456 1781 2497">
     <span class='ocr_line' id='line_1_111' title="bbox 992 2456 1781 2497; baseline 0.011 -15"><span class='ocrx_word' id='word_1_868' title='bbox 992 2456 1224 2484; x_wconf 81' lang='lat' dir='ltr'><strong>observationibus</strong></span> <span class='ocrx_word' id='word_1_869' title='bbox 1247 2457 1272 2483; x_wconf 92' lang='lat' dir='ltr'><strong>in</strong></span> <span class='ocrx_word' id='word_1_870' title='bbox 1294 2457 1429 2485; x_wconf 90' lang='lat' dir='ltr'><strong>doloribus</strong></span> <span class='ocrx_word' id='word_1_871' title='bbox 1445 2460 1512 2486; x_wconf 91' lang='lat' dir='ltr'><strong>uteri</strong></span> <span class='ocrx_word' id='word_1_872' title='bbox 1526 2465 1553 2488; x_wconf 85' lang='lat' dir='ltr'><strong>et</strong></span> <span class='ocrx_word' id='word_1_873' title='bbox 1571 2461 1596 2488; x_wconf 92' lang='lat' dir='ltr'><strong>in</strong></span> <span class='ocrx_word' id='word_1_874' title='bbox 1611 2468 1688 2497; x_wconf 62' lang='lat' dir='ltr'><strong>[virtu</strong></span> <span class='ocrx_word' id='word_1_875' title='bbox 1704 2464 1781 2491; x_wconf 85' lang='lat' dir='ltr'><strong>adhi-</strong></span> 
     </span>
    </p>
   </div>
   <div class='ocr_carea' id='block_1_111' title="bbox 991 2502 1782 2539">
    <p class='ocr_par' dir='ltr' id='par_1_111' title="bbox 991 2502 1782 2539">
     <span class='ocr_line' id='line_1_112' title="bbox 991 2502 1782 2539; baseline 0.014 -11"><span class='ocrx_word' id='word_1_876' title='bbox 991 2502 1065 2535; x_wconf 86' lang='lat' dir='ltr'><strong>bitis,</strong></span> <span class='ocrx_word' id='word_1_877' title='bbox 1077 2510 1142 2537; x_wconf 91' lang='lat' dir='ltr'><strong>quas</strong></span> <span class='ocrx_word' id='word_1_878' title='bbox 1153 2503 1311 2530; x_wconf 86' lang='lat' dir='ltr'><strong>obstetrices</strong></span> <span class='ocrx_word' id='word_1_879' title='bbox 1323 2504 1349 2530; x_wconf 93' lang='lat' dir='ltr'><strong>in</strong></span> <span class='ocrx_word' id='word_1_880' title='bbox 1363 2506 1457 2539; x_wconf 85' lang='lat' dir='ltr'><strong>capitis</strong></span> <span class='ocrx_word' id='word_1_881' title='bbox 1468 2507 1508 2533; x_wconf 92' lang='lat' dir='ltr'><strong>sui</strong></span> <span class='ocrx_word' id='word_1_882' title='bbox 1521 2508 1618 2535; x_wconf 85' lang='lat' dir='ltr'><strong>malum</strong></span> <span class='ocrx_word' id='word_1_883' title='bbox 1634 2509 1782 2539; x_wconf 85' lang='lat' dir='ltr'><strong>inducunt?</strong></span> 
     </span>
    </p>
   </div>
   <div class='ocr_carea' id='block_1_112' title="bbox 991 2547 1778 2589">
    <p class='ocr_par' dir='ltr' id='par_1_112' title="bbox 991 2547 1778 2589">
     <span class='ocr_line' id='line_1_113' title="bbox 991 2547 1778 2589; baseline 0.014 -15"><span class='ocrx_word' id='word_1_884' title='bbox 991 2547 1026 2575; x_wconf 83' lang='lat' dir='ltr'><strong>de</strong></span> <span class='ocrx_word' id='word_1_885' title='bbox 1053 2548 1087 2576; x_wconf 87' lang='lat' dir='ltr'><strong>iis</strong></span> <span class='ocrx_word' id='word_1_886' title='bbox 1108 2549 1170 2576; x_wconf 88' lang='lat' dir='ltr'><strong>item</strong></span> <span class='ocrx_word' id='word_1_887' title='bbox 1185 2556 1244 2584; x_wconf 77' lang='lat' dir='ltr'><strong>qua:</strong></span> <span class='ocrx_word' id='word_1_888' title='bbox 1265 2550 1290 2576; x_wconf 93' lang='lat' dir='ltr'><strong>in</strong></span> <span class='ocrx_word' id='word_1_889' title='bbox 1307 2554 1393 2578; x_wconf 85' lang='lat' dir='ltr'><strong>morte</strong></span> <span class='ocrx_word' id='word_1_890' title='bbox 1404 2571 1413 2584; x_wconf 81' lang='lat'><strong>,</strong></span> <span class='ocrx_word' id='word_1_891' title='bbox 1431 2555 1458 2578; x_wconf 90' lang='lat' dir='ltr'><strong>et</strong></span> <span class='ocrx_word' id='word_1_892' title='bbox 1475 2560 1534 2579; x_wconf 89' lang='lat' dir='ltr'><strong>cum</strong></span> <span class='ocrx_word' id='word_1_893' title='bbox 1551 2562 1649 2589; x_wconf 84' lang='lat' dir='ltr'><strong>corpus</strong></span> <span class='ocrx_word' id='word_1_894' title='bbox 1671 2557 1778 2585; x_wconf 86' lang='lat' dir='ltr'><strong>elfertur</strong></span> 
     </span>
    </p>
   </div>
   <div class='ocr_carea' id='block_1_113' title="bbox 992 2594 1782 2636">
    <p class='ocr_par' dir='ltr' id='par_1_113' title="bbox 992 2594 1782 2636">
     <span class='ocr_line' id='line_1_114' title="bbox 992 2594 1782 2636; baseline 0.015 -15"><span class='ocrx_word' id='word_1_895' title='bbox 992 2594 1170 2628; x_wconf 88' lang='lat' dir='ltr'><strong>adhibentur;</strong></span> <span class='ocrx_word' id='word_1_896' title='bbox 1185 2595 1298 2630; x_wconf 82' lang='lat' dir='ltr'><strong>cjulatus</strong></span> <span class='ocrx_word' id='word_1_897' title='bbox 1312 2605 1408 2632; x_wconf 88' lang='lat' dir='ltr'><strong>nempe</strong></span> <span class='ocrx_word' id='word_1_898' title='bbox 1418 2619 1425 2631; x_wconf 87' lang='lat'><strong>,</strong></span> <span class='ocrx_word' id='word_1_899' title='bbox 1442 2598 1564 2633; x_wconf 64' lang='lat' dir='ltr'><strong>pianetus</strong></span> <span class='ocrx_word' id='word_1_900' title='bbox 1580 2601 1665 2629; x_wconf 89' lang='lat' dir='ltr'><strong>insani</strong></span> <span class='ocrx_word' id='word_1_901' title='bbox 1678 2624 1685 2636; x_wconf 93' lang='lat'><strong>,</strong></span> <span class='ocrx_word' id='word_1_902' title='bbox 1701 2605 1782 2632; x_wconf 87' lang='lat' dir='ltr'><strong>stulta</strong></span> 
     </span>
    </p>
   </div>
   <div class='ocr_carea' id='block_1_114' title="bbox 992 2640 1783 2683">
    <p class='ocr_par' dir='ltr' id='par_1_114' title="bbox 992 2640 1783 2683">
     <span class='ocr_line' id='line_1_115' title="bbox 992 2640 1783 2683; baseline 0.014 -16"><span class='ocrx_word' id='word_1_903' title='bbox 992 2640 1019 2667; x_wconf 92' lang='lat' dir='ltr'><strong>in</strong></span> <span class='ocrx_word' id='word_1_904' title='bbox 1038 2641 1167 2676; x_wconf 83' lang='lat' dir='ltr'><strong>sepulcris</strong></span> <span class='ocrx_word' id='word_1_905' title='bbox 1188 2642 1314 2676; x_wconf 88' lang='lat' dir='ltr'><strong>admissa,</strong></span> <span class='ocrx_word' id='word_1_906' title='bbox 1329 2644 1398 2670; x_wconf 87' lang='lat' dir='ltr'><strong>circa</strong></span> <span class='ocrx_word' id='word_1_907' title='bbox 1413 2651 1582 2673; x_wconf 86' lang='lat' dir='ltr'><strong>monumenta</strong></span> <span class='ocrx_word' id='word_1_908' title='bbox 1598 2648 1726 2683; x_wconf 88' lang='lat' dir='ltr'><strong>studium,</strong></span> <span class='ocrx_word' id='word_1_909' title='bbox 1739 2651 1783 2678; x_wconf 90' lang='lat' dir='ltr'><strong>in-</strong></span> 
     </span>
    </p>
   </div>
   <div class='ocr_carea' id='block_1_115' title="bbox 993 2687 1780 2729">
    <p class='ocr_par' dir='ltr' id='par_1_115' title="bbox 993 2687 1780 2729">
     <span class='ocr_line' id='line_1_116' title="bbox 993 2687 1780 2729; baseline 0.013 -16"><span class='ocrx_word' id='word_1_910' title='bbox 993 2687 1181 2722; x_wconf 82' lang='lat' dir='ltr'><strong>tempestivum</strong></span> <span class='ocrx_word' id='word_1_911' title='bbox 1202 2693 1229 2715; x_wconf 88' lang='lat' dir='ltr'><strong>et</strong></span> <span class='ocrx_word' id='word_1_912' title='bbox 1252 2688 1393 2716; x_wconf 90' lang='lat' dir='ltr'><strong>ridiculum</strong></span> <span class='ocrx_word' id='word_1_913' title='bbox 1409 2691 1575 2725; x_wconf 66' lang='lat' dir='ltr'><strong>pt&#39;arficarum</strong></span> <span class='ocrx_word' id='word_1_914' title='bbox 1591 2702 1685 2728; x_wconf 76' lang='lat' dir='ltr'><strong>agmen</strong></span> <span class='ocrx_word' id='word_1_915' title='bbox 1698 2717 1705 2729; x_wconf 89' lang='lat'><strong>,</strong></span> <span class='ocrx_word' id='word_1_916' title='bbox 1724 2697 1780 2723; x_wconf 79' lang='lat' dir='ltr'><strong>lliu-</strong></span> 
     </span>
    </p>
   </div>
   <div class='ocr_carea' id='block_1_116' title="bbox 994 2732 1780 2771">
    <p class='ocr_par' dir='ltr' id='par_1_116' title="bbox 994 2732 1780 2771">
     <span class='ocr_line' id='line_1_117' title="bbox 994 2732 1780 2771; baseline 0.01 -12"><span class='ocrx_word' id='word_1_917' title='bbox 994 2739 1051 2760; x_wconf 92' lang='lat' dir='ltr'><strong>rum</strong></span> <span class='ocrx_word' id='word_1_918' title='bbox 1065 2732 1275 2766; x_wconf 84' lang='lat' dir='ltr'><strong>observationes,</strong></span> <span class='ocrx_word' id='word_1_919' title='bbox 1291 2742 1394 2762; x_wconf 81' lang='lat' dir='ltr'><strong>necnon</strong></span> <span class='ocrx_word' id='word_1_920' title='bbox 1408 2736 1544 2771; x_wconf 77' lang='lat' dir='ltr'><strong>ingressns</strong></span> <span class='ocrx_word' id='word_1_921' title='bbox 1559 2742 1584 2765; x_wconf 88' lang='lat' dir='ltr'><strong>ct</strong></span> <span class='ocrx_word' id='word_1_922' title='bbox 1603 2739 1711 2766; x_wconf 78' lang='lat' dir='ltr'><strong>exitus?</strong></span> <span class='ocrx_word' id='word_1_923' title='bbox 1727 2741 1780 2767; x_wconf 87' lang='lat' dir='ltr'><strong>llo-</strong></span> 
     </span>
    </p>
   </div>
   <div class='ocr_carea' id='block_1_117' title="bbox 995 2781 1781 2818">
    <p class='ocr_par' dir='ltr' id='par_1_117' title="bbox 995 2781 1781 2818">
     <span class='ocr_line' id='line_1_118' title="bbox 995 2781 1781 2818; baseline 0.01 -12"><span class='ocrx_word' id='word_1_924' title='bbox 995 2787 1088 2806; x_wconf 88' lang='lat' dir='ltr'><strong>nnnne</strong></span> <span class='ocrx_word' id='word_1_925' title='bbox 1099 2799 1107 2811; x_wconf 88' lang='lat'><strong>,</strong></span> <span class='ocrx_word' id='word_1_926' title='bbox 1132 2787 1222 2814; x_wconf 83' lang='lat' dir='ltr'><strong>qua-so</strong></span> <span class='ocrx_word' id='word_1_927' title='bbox 1236 2800 1242 2811; x_wconf 88' lang='grc'><em>,</em></span> <span class='ocrx_word' id='word_1_928' title='bbox 1259 2781 1365 2808; x_wconf 87' lang='lat' dir='ltr'><strong>venaris</strong></span> <span class='ocrx_word' id='word_1_929' title='bbox 1377 2781 1510 2816; x_wconf 77' lang='lat' dir='ltr'><strong>gloriam?</strong></span> <span class='ocrx_word' id='word_1_930' title='bbox 1527 2787 1554 2810; x_wconf 92' lang='lat' dir='ltr'><strong>et</strong></span> <span class='ocrx_word' id='word_1_931' title='bbox 1567 2785 1702 2818; x_wconf 90' lang='lat' dir='ltr'><strong>quomodo</strong></span> <span class='ocrx_word' id='word_1_932' title='bbox 1725 2786 1781 2814; x_wconf 76' lang='lat' dir='ltr'><strong>lure</strong></span> 
     </span>
    </p>
   </div>
   <div class='ocr_carea' id='block_1_118' title="bbox 1023 2844 1780 2881">
    <p class='ocr_par' dir='ltr' id='par_1_118' title="bbox 1023 2844 1780 2881">
     <span class='ocr_line' id='line_1_119' title="bbox 1023 2844 1780 2881; baseline 0.003 -12"><span class='ocrx_word' id='word_1_933' title='bbox 1023 2845 1032 2881; x_wconf 66' lang='grc' dir='ltr'>ξ</span> <span class='ocrx_word' id='word_1_934' title='bbox 1045 2844 1090 2869; x_wconf 87' lang='lat' dir='ltr'><strong>llic</strong></span> <span class='ocrx_word' id='word_1_935' title='bbox 1102 2845 1170 2881; x_wconf 72' lang='lat' dir='ltr'><strong>locus</strong></span> <span class='ocrx_word' id='word_1_936' title='bbox 1183 2845 1225 2881; x_wconf 75' lang='lat' dir='ltr'><strong>_sie</strong></span> <span class='ocrx_word' id='word_1_937' title='bbox 1237 2845 1318 2880; x_wconf 45' lang='lat' dir='ltr'><strong>habet.</strong></span> <span class='ocrx_word' id='word_1_938' title='bbox 1328 2845 1352 2881; x_wconf 79' lang='lat' dir='ltr'><strong>in</strong></span> <span class='ocrx_word' id='word_1_939' title='bbox 1366 2853 1413 2870; x_wconf 86' lang='lat' dir='ltr'><strong>uno</strong></span> <span class='ocrx_word' id='word_1_940' title='bbox 1427 2847 1509 2881; x_wconf 29' lang='lat' dir='ltr'><strong>Roga:</strong></span> <span class='ocrx_word' id='word_1_941' title='bbox 1525 2846 1594 2881; x_wconf 69' lang='lat' dir='ltr'><strong>Quod</strong></span> <span class='ocrx_word' id='word_1_942' title='bbox 1606 2846 1703 2881; x_wconf 69' lang='lat' dir='ltr'><strong>quidem</strong></span> <span class='ocrx_word' id='word_1_943' title='bbox 1717 2847 1780 2872; x_wconf 81' lang='lat' dir='ltr'><strong>nihil</strong></span> 
     </span>
    </p>
   </div>
   <div class='ocr_carea' id='block_1_119' title="bbox 991 2874 1779 2911">
    <p class='ocr_par' dir='ltr' id='par_1_119' title="bbox 991 2874 1779 2911">
     <span class='ocr_line' id='line_1_120' title="bbox 991 2874 1779 2911; baseline 0.003 -11"><span class='ocrx_word' id='word_1_944' title='bbox 991 2874 1078 2911; x_wconf 52' lang='lat' dir='ltr'><strong>[urbere</strong></span> <span class='ocrx_word' id='word_1_945' title='bbox 1090 2874 1150 2900; x_wconf 78' lang='lat' dir='ltr'><strong>mali</strong></span> <span class='ocrx_word' id='word_1_946' title='bbox 1157 2876 1283 2911; x_wconf 73' lang='lat' dir='ltr'><strong>plerisque</strong></span> <span class='ocrx_word' id='word_1_947' title='bbox 1294 2876 1396 2911; x_wconf 66' lang='lat' dir='ltr'><strong>videtur.</strong></span> <span class='ocrx_word' id='word_1_948' title='bbox 1412 2878 1454 2901; x_wconf 72' lang='lat' dir='ltr'><strong>sed</strong></span> <span class='ocrx_word' id='word_1_949' title='bbox 1464 2874 1499 2903; x_wconf 69' lang='lat' dir='ltr'><strong>Est</strong></span> <span class='ocrx_word' id='word_1_950' title='bbox 1511 2874 1656 2908; x_wconf 69' lang='lat' dir='ltr'><strong>principium</strong></span> <span class='ocrx_word' id='word_1_951' title='bbox 1667 2876 1779 2903; x_wconf 62' lang='lat' dir='ltr'><strong>inarcdu-</strong></span> 
     </span>
    </p>
   </div>
   <div class='ocr_carea' id='block_1_120' title="bbox 992 2906 1453 2939">
    <p class='ocr_par' dir='ltr' id='par_1_120' title="bbox 992 2906 1453 2939">
     <span class='ocr_line' id='line_1_121' title="bbox 992 2906 1453 2939; baseline 0.007 -8"><span class='ocrx_word' id='word_1_952' title='bbox 992 2906 1077 2938; x_wconf 73' lang='lat' dir='ltr'><strong>litatis,</strong></span> <span class='ocrx_word' id='word_1_953' title='bbox 1087 2909 1110 2932; x_wconf 73' lang='grc' dir='ltr'><strong>ιι</strong></span> <span class='ocrx_word' id='word_1_954' title='bbox 1121 2906 1237 2933; x_wconf 68' lang='lat' dir='ltr'><strong>extrean</strong></span> <span class='ocrx_word' id='word_1_955' title='bbox 1246 2907 1372 2934; x_wconf 75' lang='lat' dir='ltr'><strong>demntia:</strong></span> <span class='ocrx_word' id='word_1_956' title='bbox 1385 2914 1453 2939; x_wconf 72' lang='lat' dir='ltr'><strong>opus.</strong></span> 
     </span>
    </p>
   </div>
  </div>
