2041 3111
245 191 293 220 107

245 257 297 276 non
312 251 436 276 extrcmrr
454 246 596 275 dementim
612 246 727 278 fuerint,
744 245 879 272 hominum
895 245 929 271 ita
948 247 1036 271 utcutc

244 302 432 333 corruptorum
444 301 472 324 et
485 296 573 324 omnia
588 300 688 322 temere
698 294 832 329 agentium
844 293 953 328 gloriaut
965 299 1036 327 quat-

244 351 315 376 rere.
326 352 387 371 cuttt
401 348 537 378 oporteret
550 349 656 376 semper
669 340 701 367 ad
719 340 866 366 insomnem
887 339 960 365 illuttt
969 345 1029 365 con-

244 391 336 425 fugere
350 390 459 418 oculum
469 410 477 421 ,
492 393 519 416 ct
532 389 588 422 ejus
601 387 762 414 sententiam
777 390 930 421 spectantes
945 384 1034 412 omnia

244 440 334 464 tacere
356 444 388 464 ac
399 435 490 463 dicere
500 435 513 461 ἵ
527 434 557 460 lli
570 438 643 460 certe
656 433 761 460 etiamsi
775 432 893 463 laudcttt,
908 430 973 458 nihil
988 438 1034 456 vos

242 483 335 518 iurare
351 486 477 516 poterunt
491 489 497 507 :
510 481 554 507 ille
567 487 641 512 vero,
653 480 675 507 si
686 485 759 514 gesta
773 482 862 506 nostra
875 478 924 513 ipsi
937 476 1034 504 fuerim.

633 189 661 218 3.
677 188 815 218 JOANNIS
833 185 1071 216 CHRYSOS'I'UH!
1091 187 1250 216 Al‘tGillEP.
1270 189 1535 218 CUNSTAM‘lNUP.

1830 183 1880 220 tos

1088 249 1197 280 accepta
1211 265 1218 279 ,
1243 251 1270 273 et
1295 246 1338 275 hic
1355 247 1511 281 splendidos
1527 249 1621 277 reddet
1647 255 1673 278 et
1687 250 1712 277 itt
1733 250 1770 278 l’ut
1782 259 1820 277 'ru
1836 252 1880 278 die

1088 298 1184 318 arcana
1211 292 1252 319 illa
1279 292 1347 320 bona
1370 294 1470 322 trilntet
1492 305 1498 321 :
1522 305 1582 331 qua:
1598 304 1647 324 nos
1666 305 1760 325 omnes
1773 299 1879 332 assequi

1088 338 1242 373 eoutiugat,
1259 339 1343 373 gratia
1359 345 1385 367 ct
1402 341 1569 377 benignitate
1587 344 1692 370 Itomiui
1712 345 1794 371 nostri
1816 345 1880 372 Jesu

1088 383 1206 416 Christi,
1223 385 1329 420 quicum
1347 385 1417 414 Patri
1429 392 1456 414 ct
1481 395 1531 414 una
1540 389 1655 423 Spiritui
1669 394 1762 416 sancto
1783 390 1878 424 gloria,

1088 429 1184 463 honor,
1197 431 1348 466 iutpcrimu,
1362 441 1430 461 ttuttc
1439 438 1590 470 etsctttpcr,
1602 441 1629 463 et
1642 437 1667 463 itt
1681 436 1779 464 swcula
1791 444 1878 464 smon-

1088 476 1185 504 lortttn.
1200 478 1296 506 Antea.

898 540 1081 599 ἨΟΜΠΑΙΑ
1103 567 1190 598 XIII.

241 650 304 678 CAP.
320 650 346 677 ι.
363 657 390 676 v.
406 648 450 676 l0.
473 647 528 675 Nos
548 647 618 674 stulti
633 650 734 682 propter
756 644 881 672 Christum
900 643 1028 679 (necesse

276 696 347 724 enim
369 699 411 722 est
426 695 488 722 bittc
508 702 612 721 rursuut
628 699 778 720 sermonem
802 690 974 722 resutttcre);
991 695 1032 714 vos

276 746 362 768 autent
376 740 512 775 prudentes
524 740 550 765 in
564 738 664 766 Cltristo
679 745 687 764 :
702 745 747 763 nos
770 735 876 769 inﬁrmi,
893 743 935 761 vos
950 738 1034 760 autent

277 789 374 822 fortes;
388 794 430 813 vos
442 785 558 820 gloriosi,
573 792 619 810 nos
634 788 717 809 autent
728 781 839 817 iuglarii.

276 835 305 862 1.
328 834 472 868 Postquam
486 831 616 867 gravitate
639 830 721 857 tuulta
737 836 888 856 sermonem
907 826 1034 860 impleve-

240 886 292 913 rat,
317 879 342 906 id
363 878 434 914 quod
459 878 530 905 outtti
555 877 667 904 crimine
690 875 819 910 majorem
835 873 962 901 inferebat
979 873 1034 907 pla-

240 934 312 961 gam.
329 925 372 952 hic
387 932 447 951 cum
464 924 592 958 d‘guitate
610 922 658 949 sibi
676 920 834 956 congruenti
847 920 898 946 hoc
914 923 1009 945 tractat
1024 925 1032 945 :

241 977 343 1000 etcum
359 971 481 1003 dixisset,
503 969 567 997 Siue
581 969 652 995 nobis
671 967 815 1004 regnastis;
836 970 874 998 et,
898 965 967 992 Deus
988 972 1033 990 nos

241 1017 391 1044 novissimos
417 1015 536 1047 ostendit,
562 1019 692 1049 tamquam
713 1017 787 1040 morti
809 1012 963 1042 destinatos;
987 1017 1034 1044 per

240 1063 379 1098 sequentia
399 1061 516 1089 ostendit
531 1060 666 1096 quomodo
691 1059 771 1087 morti
786 1057 911 1086 destinati
931 1060 1033 1089 essent,

239 1110 332 1137 dicens
347 1117 354 1136 :
371 1108 426 1136 Nos
447 1108 517 1135 stulti
531 1113 553 1134 et
572 1106 668 1141 inﬁrmi
681 1112 704 1133 et
719 1106 833 1141 iuglorii,
848 1105 892 1131 Η.
913 1108 936 1130 et
951 1105 1034 1130 esuri-

240 1164 295 1182 mus
309 1160 333 1182 et
346 1155 455 1186 sitimus,
470 1158 493 1180 et
508 1153 569 1180 nudi
584 1161 680 1185 sumus,
696 1158 720 1179 et
740 1151 854 1186 colaphis
866 1149 996 1179 credimur,
1011 1153 1034 1175 et

240 1200 368 1228 instabiles
389 1207 484 1231 sanius,
505 1198 549 1225 ιε.
568 1203 590 1225 et
609 1198 752 1225 laboramus
771 1201 904 1232 operante:
919 1195 1034 1222 manibus

240 1246 334 1273 nostris
350 1253 358 1273 :
373 1253 432 1280 qua:
452 1245 547 1272 ittdicia
564 1252 626 1271 vere
641 1249 716 1271 rraut
728 1243 868 1270 doctorum
885 1247 911 1269 et
923 1245 1033 1276 aposto-

240 1292 336 1319 lorutu.
348 1292 381 1318 At
394 1291 430 1318 illi
445 1291 470 1317 itt
481 1290 622 1317 contrariis
634 1289 715 1316 altunt
726 1288 876 1323 sapiebaut,
891 1287 916 1314 itt
930 1286 1034 1321 sapien-

241 1339 286 1368 tia,
304 1337 328 1363 itt
342 1337 436 1372 gloria,
452 1336 478 1363 itt
492 1335 603 1368 diVilliS,
619 1334 689 1370 quod
705 1334 908 1360 ltouorareutur.
926 1332 958 1360 Ut
970 1339 1035 1366 ergo

241 1385 347 1411 illormu
358 1384 454 1410 fastum
468 1383 611 1417 deprimat,
625 1387 651 1408 et
662 1380 788 1408 ostendat
799 1380 824 1407 in
841 1380 873 1406 iis
889 1387 942 1406 ttutt
955 1378 1034 1405 modo

241 1438 294 1457 ttott
307 1429 426 1464 gloriari,
440 1428 487 1455 sed
501 1428 580 1455 etiam
596 1426 698 1461 pudore
712 1426 780 1453 allici
796 1429 931 1459 oportere,
949 1424 1034 1459 priuto

241 1476 301 1503 illos
316 1475 431 1502 traducit
444 1474 547 1506 dicens,
560 1473 623 1500 Sine
642 1472 713 1499 nobis
728 1472 862 1507 regttaslis.
885 1471 942 1505 Ego
962 1470 1033 1498 ettittt

240 1521 311 1551 dico,
328 1519 423 1555 inquit,
439 1527 556 1554 pra-scus
572 1523 676 1552 tempus
689 1526 741 1544 uott
755 1517 865 1544 honoris
877 1523 964 1550 neque
975 1516 1033 1550 glo-

242 1566 287 1592 ria:
302 1573 373 1597 esse,
389 1564 466 1599 queis
481 1571 527 1591 \‘0s
549 1563 684 1595 l‘ruitniui;
707 1562 753 1590 sed
771 1561 987 1597 persequutiouis
1008 1564 1034 1588 et

241 1612 478 1644 contumeliarum,
494 1617 560 1646 quas
584 1618 633 1637 uos
655 1609 778 1644 patimur.
794 1608 868 1642 Quod
891 1607 913 1635 si
927 1607 978 1634 hoc
999 1607 1034 1634 ita

242 1666 294 1684 ttott
310 1657 355 1689 sit,
369 1657 419 1684 etsi
431 1657 485 1691 jaut
501 1660 606 1690 tempus
617 1655 840 1682 reutmrcratiuuis
852 1654 897 1686 sit,
914 1658 943 1680 ut
957 1653 1034 1680 video

243 1704 307 1738 (hoc
326 1708 416 1731 autem
429 1711 476 1738 per
491 1702 604 1729 ironiam
625 1701 712 1736 dicit),
728 1708 775 1727 vos
791 1700 897 1735 quidem
911 1699 1033 1734 discipuli

241 1749 299 1784 jaut
316 1750 465 1783 regnast'ts;
482 1756 531 1775 nos
552 1752 639 1774 :uttcttt
663 1747 787 1774 doctores
801 1750 827 1773 et
850 1745 973 1781 apostoli,
989 1745 1033 1780 qui

244 1800 308 1823 ante
333 1802 427 1822 outnes
452 1793 604 1821 mercedem
628 1793 750 1827 accipere
777 1791 951 1824 debebamus,
980 1799 1032 1818 uott

242 1841 323 1868 modo
336 1841 413 1868 vobis
433 1839 596 1875 posteriores
616 1846 716 1871 sumus,
739 1839 786 1866 sed
811 1839 890 1866 etiam
907 1843 935 1864 ιιι
955 1838 1033 1865 morti

243 1887 379 1919 destinati,
400 1886 425 1914 id
441 1892 481 1914 est
502 1885 633 1918 damnati,
653 1892 759 1919 semper
781 1885 805 1912 itt
827 1884 981 1919 ignominia,
1007 1884 1033 1910 itt

247 1933 384 1968 periculis,
400 1932 425 1958 itt
438 1932 508 1958 l'autc
527 1931 656 1966 degitnus,
673 1931 834 1957 contumelia
855 1930 943 1957 allecti
965 1935 1033 1956 tatu—

242 1987 321 2013 qtlztltt
345 1978 428 2010 stulti,
452 1977 518 2014 pulsi
546 1982 574 2004 et
602 1977 779 2004 intolerabilia
801 1977 940 2011 patientes.
971 1975 1034 2003 llazc

244 2032 324 2057 porro
337 2024 453 2056 dicebat,
471 2028 497 2050 ut
512 2030 544 2049 ex
561 2022 592 2049 iis
607 2022 780 2056 persuaderet
795 2022 870 2056 ipsis,
884 2022 953 2058 quod
969 2030 1034 2057 apo-

243 2071 373 2097 stolot-uut
389 2074 463 2105 gesta
477 2069 608 2096 deberent
621 2069 750 2100 aemulari,
764 2069 881 2103 perieula
898 2077 994 2103 nempe
1007 2073 1035 2096 et

246 2116 434 2147 eotttuntclias,
461 2123 514 2142 non
530 2120 618 2142 autem
635 2115 762 2141 honorent
787 2119 812 2141 et
830 2114 941 2150 gloriam
958 2123 965 2142 :
982 2122 1034 2142 nou

243 2162 316 2189 cuitu
339 2161 393 2194 illa,
414 2161 460 2187 sed
476 2160 533 2187 lta-c
549 2160 664 2194 postulat
686 2160 847 2195 praedicatio.
862 2160 913 2188 Sed
928 2160 979 2188 hoc
994 2166 1034 2187 ta-

245 2215 306 2234 ιιιιιιι
322 2215 373 2234 non
390 2206 491 2233 directe
505 2205 581 2238 dicit,
598 2211 626 2232 ιιι
641 2213 674 2232 tte
690 2206 811 2232 videatur
827 2206 890 2240 ipsis
906 2207 1035 2233 molestus

243 2261 322 2285 esse;
336 2253 382 2280 Sed
400 2257 428 2279 ut
443 2253 516 2279 illuttt
532 2252 655 2285 decebat,
671 2252 709 2279 sic
724 2257 819 2279 tractat
834 2253 902 2280 hanc
916 2253 1036 2288 inerepa-

245 2301 354 2327 tioueut.
380 2298 445 2326 Nam
468 2299 489 2325 si
515 2298 617 2326 directe
637 2306 789 2327 sermonem
813 2299 971 2332 induxisset,
995 2300 1035 2327 sic

245 2346 364 2372 dit-turus
376 2349 434 2372 erat
449 2353 455 2371 :
470 2345 571 2371 Erratis
585 2349 612 2372 et
625 2344 746 2372 falliutini
761 2349 788 2371 ct.
801 2345 878 2380 longe
891 2345 990 2373 abestis
1002 2345 1036 2373 ab

246 2390 428 2419 admonitione
441 2390 586 2425 apostolica
602 2399 609 2418 :
626 2395 733 2425 oportet
752 2391 823 2418 enim
837 2392 985 2426 apostolum
1009 2395 1036 2418 et

248 2437 400 2465 ministrum
413 2436 511 2463 Christi
526 2436 635 2463 stultum
647 2436 743 2469 videri,
758 2441 838 2471 atque
854 2437 879 2463 itt
893 2437 1036 2464 afﬂictione

247 2490 274 2511 et
288 2487 441 2518 contemptu
456 2482 564 2517 degere,
579 2487 608 2510 ut
624 2490 673 2510 nos
688 2482 824 2518 degituus;
848 2491 894 2510 vos
907 2489 995 2510 autem
1010 2484 1035 2510 in

247 2529 391 2557 contrariis
411 2529 484 2557 estis.
501 2528 553 2556 Sed
568 2529 605 2556 sic
622 2528 678 2556 hare
691 2530 775 2564 magis
789 2529 848 2556 illos
869 2529 1035 2556 commovis-

249 2583 320 2610 sem,
341 2580 432 2611 utpote
445 2583 503 2611 quze
525 2575 706 2610 apostolorum
730 2575 850 2602 encomia
865 2583 919 2610 pra:
940 2583 971 2602 se
986 2576 1038 2603 ier-

247 2626 319 2654 I‘ctll,
333 2627 360 2648 rt
374 2621 434 2648 illos
449 2620 626 2648 reddidissent
639 2620 806 2652 audaciores,
823 2625 851 2647 ttt
865 2620 910 2655 qui
924 2629 1037 2649 accusa-

249 2674 342 2694 rcutur
354 2667 495 2698 socordior,
512 2667 598 2693 inanis
612 2666 704 2701 gloria:
719 2671 745 2693 ct
760 2666 922 2694 divitiarum.
936 2668 1037 2696 Idcirco

252 2721 303 2741 non
319 2713 369 2741 huc
389 2713 468 2740 tnodo
481 2712 551 2739 dicta
573 2711 731 2747 procaduut,
754 2712 800 2739 sed
816 2713 879 2745 alio,
893 2714 937 2748 qui
954 2715 1038 2750 magis

249 2759 356 2795 quidcttt
368 2759 532 2794 perstringit,
546 2758 592 2785 scd
607 2758 694 2785 minus
707 2758 834 2786 molestus
848 2766 899 2788 est.
914 2761 1039 2796 Quapro—

249 2809 307 2842 pter
321 2804 355 2831 ita
372 2803 475 2840 profert
489 2803 636 2830 orationem
659 2811 705 2837 per
721 2804 843 2839 ironiam,
860 2806 951 2833 dicens
965 2816 971 2835 :
990 2807 1039 2835 Vos

247 2856 333 2878 autem
348 2852 424 2885 fortes
439 2855 463 2877 et
473 2849 586 2885 gloriosi.
600 2849 665 2876 Nam
680 2850 702 2877 si
717 2850 800 2878 ironia
814 2859 865 2878 nntt
879 2860 942 2879 ttsus
955 2859 1037 2885 esset,

246 2896 282 2924 ita
299 2896 428 2924 dttissct:
447 2895 514 2923 Fieri
537 2903 588 2923 non
612 2900 706 2931 potest,
723 2903 749 2925 ut
770 2897 836 2925 alius
851 2898 947 2926 stultus
963 2903 1038 2934 pute-

1089 646 1141 674 tur,
1158 642 1227 670 alius
1239 642 1368 678 prudens,
1392 645 1459 672 alius
1473 645 1559 679 fortis,
1582 647 1650 676 alius
1666 649 1795 681 'ntinnu-,
1813 657 1879 683 ιινςιι-

1087 688 1220 716 diratione
1234 695 1376 725 utrumque
1388 699 1439 719 ttott
1456 693 1461 707 '
1479 694 1637 727 postultutte.
1659 695 1724 722 Nam
1747 697 1768 723 si
1786 697 1880 724 liceret

1088 734 1136 760 hos
1150 734 1225 768 tales,
1240 735 1307 763 alios
1320 736 1392 764 aliud
1405 744 1474 770 esse,
1490 746 1550 773 qme
1572 748 1586 765 a
1601 741 1676 766 nobie
1692 741 1875 774 proferuntur.

1087 780 1201 813 aliquam
1215 781 1329 809 fortasse
1339 783 1470 812 rationem
1484 784 1632 814 baberent:
1647 795 1682 814 nu
1696 796 1717 813 ι(-
1727 794 1814 816 ιιιιιιιιιι
1829 790 1880 818 hoc

1088 833 1140 851 ttott
1157 825 1231 859 licet,
1254 827 1378 855 nimirum
1395 830 1551 863 prudentem
1573 832 1614 859 vel
1635 833 1780 868 glorlosum
1795 835 1879 863 videri

1087 879 1119 898 ac
1141 872 1199 899 sine
1213 874 1333 907 periculo
1353 874 1461 910 degere.
1482 877 1528 904 Sin
1548 878 1648 912 minus,
1668 887 1778 908 necesse
1797 887 1838 909 est
1851 887 1881 910 ut

1090 917 1160 945 Deus
1174 926 1223 946 vos
1237 920 1314 947 nobis
1328 922 1485 955 prmtulerit,
1496 931 1544 950 vos
1555 924 1698 959 discipulos
1712 927 1879 960 doctortbus,

1085 963 1131 998 qui
1146 964 1284 992 innutnera
1302 967 1371 1001 passi
1393 974 1495 996 sumus.
1517 969 1629 1002 Quodsi
1644 971 1695 999 ltoc
1708 980 1788 1000 ttemo
1801 973 1879 1001 dixe-

1087 1009 1130 1042 rit,
1150 1014 1234 1038 restat
1254 1015 1283 1037 ut
1305 1017 1396 1039 nostra
1411 1020 1457 1040 vos
1480 1017 1686 1050 persequamini.
1712 1017 1746 1045 Et
1765 1026 1799 1046 ne
1818 1020 1880 1054 quis

1087 1061 1171 1090 ptlcl,
1199 1057 1293 1091 inquit,
1318 1065 1361 1084 me
1375 1059 1506 1092 praeterita
1522 1065 1622 1089 tantum
1643 1069 1876 1093 commemorare:

1089 1100 1173 1135 Usque
1196 1102 1222 1128 in
1243 1102 1308 1128 Itum:
1323 1102 1412 1129 harant
1435 1108 1458 1130 ct
1481 1106 1606 1133 uariunt:
1626 1111 1650 1133 et
1661 1107 1760 1135 silium:
1781 1114 1804 1136 et
1817 1111 1880 1137 muli

1086 1155 1184 1174 sumus.
1202 1147 1292 1175 Vidctt'
1305 1153 1385 1176 totam
1400 1149 1611 1179 Christianorum
1628 1153 1709 1180 vitam
1725 1155 1803 1182 talem
1818 1164 1880 1183 esse

1086 1192 1196 1226 debere,
1211 1202 1263 1221 ttou
1279 1203 1331 1222 ttno
1345 1195 1387 1222 vel
1402 1196 1487 1224 altero
1499 1197 1563 1224 die?
1577 1198 1667 1234 Neque
1680 1200 1752 1229 enim
1766 1202 1876 1234 athleta,

1086 1239 1131 1274 qni
1153 1241 1179 1266 itt
1195 1248 1248 1267 uno
1268 1245 1369 1268 tantum
1388 1242 1473 1269 victor
1494 1244 1641 1271 certatnine
1662 1251 1807 1274 coronatus
1824 1253 1877 1279 est,

1088 1285 1183 1312 iterum
1197 1291 1341 1314 coronatur
1353 1294 1413 1314 cum
1429 1288 1609 1317 succubuerit.
1627 1290 1661 1317 Et
1676 1292 1809 1325 esurimus,
1831 1293 1880 1320 ad-

1087 1339 1180 1359 versus
1194 1339 1241 1359 eos
1254 1332 1298 1367 qui
1313 1332 1338 1360 iu
1352 1333 1456 1362 deliciis
1465 1340 1548 1370 agunt
1561 1344 1568 1362 :
1584 1341 1607 1363 at
1617 1337 1733 1372 colaphis
1745 1339 1877 1373 credimur,

1087 1378 1216 1406 adversus
1225 1387 1273 1406 eos
1284 1379 1328 1414 qui
1340 1380 1423 1407 iullati
1432 1386 1494 1408 suttt
1505 1391 1512 1409 :
1527 1388 1550 1409 et
1562 1383 1690 1412 instabiles
1702 1394 1789 1412 sumas
1799 1387 1876 1421 pulsi,

1087 1425 1214 1452 adversus
1229 1433 1276 1453 eos
1289 1426 1332 1461 qui
1347 1426 1473 1454 labuntur
1489 1437 1496 1455 :
1511 1434 1534 1456 et
1552 1430 1615 1456 nudi
1633 1439 1731 1465 sumus,
1750 1432 1879 1460 adversus

1087 1479 1133 1498 eos
1147 1472 1191 1506 qui
1207 1477 1269 1499 suttt
1282 1472 1377 1500 divites
1391 1482 1397 1499 ι
1411 1478 1435 1500 et
1447 1474 1602 1508 laboramus,
1614 1476 1669 1511 jam
1689 1483 1782 1506 contra
1798 1479 1880 1507 falsos

1087 1518 1233 1551 apostolos,
1249 1518 1293 1552 qui
1308 1525 1356 1545 nec
1372 1519 1494 1547 laborare
1509 1528 1560 1548 nec
1573 1522 1719 1556 periclitari
1735 1525 1878 1557 sustinent,

1087 1563 1133 1590 sed
1149 1563 1197 1598 ipsi
1213 1563 1324 1591 fructum
1340 1565 1498 1600 percipiuttt.
1514 1568 1549 1594 At
1562 1574 1612 1595 nos
1624 1576 1677 1596 non
1699 1569 1749 1603 sic,
1772 1571 1878 1606 inquit;

1087 1611 1134 1637 Sed
1146 1619 1206 1638 cum
1218 1613 1335 1640 externis
1347 1615 1473 1649 periculis
1483 1623 1532 1643 nos
1543 1624 1647 1652 quoque
1661 1624 1788 1653 perpetuo
1802 1627 1879 1647 exer.

1086 1663 1177 1684 cemus
1190 1657 1290 1686 labore.
1313 1659 1443 1695 Quodque
1457 1661 1542 1696 majus
1564 1667 1615 1696 est,
1639 1671 1718 1690 nemo
1733 1665 1815 1699 possit
1837 1666 1878 1691 di-

1086 1709 1148 1729 cere
1163 1710 1211 1730 uos
1226 1703 1282 1731 haec
1295 1712 1366 1740 aegre
1380 1706 1449 1733 ferre
1463 1713 1507 1733 aut
1522 1715 1713 1743 persequentes
1727 1717 1776 1737 uos
1795 1718 1877 1737 act-u-

1087 1754 1164 1775 sare:
1180 1749 1237 1776 illos
1251 1749 1322 1776 enim
1335 1751 1379 1785 qui
1394 1759 1443 1778 ttos
1457 1757 1563 1786 vexant,
1586 1761 1632 1788 per
1643 1755 1775 1782 contraria
1790 1764 1880 1783 ι-ι-ιιιιι-

1087 1801 1223 1821 ucratnus.
1239 1794 1295 1822 lloc
1306 1796 1404 1831 quippe
1426 1805 1551 1832 maguum
1566 1804 1616 1830 est.
1639 1807 1691 1827 non
1705 1806 1794 1828 autent
1809 1802 1880 1830 male

1086 1840 1158 1873 pati;
1180 1841 1251 1875 quod
1271 1843 1395 1870 otnuibus
1411 1849 1453 1871 est
1477 1853 1636 1879 commune;
1658 1855 1750 1875 verum
1775 1850 1878 1884 patien-

1088 1890 1127 1913 tes
1141 1894 1190 1914 ttee
1204 1895 1275 1922 :egre
1289 1896 1340 1916 nec
1356 1889 1464 1925 indigne
1479 1891 1549 1919 ferre

1121 1931 1149 1958 2.
1169 1931 1223 1960 Nos
1243 1938 1332 1961 autem
1358 1942 1410 1962 non
1434 1937 1514 1964 modo
1537 1945 1588 1965 nou
1612 1947 1683 1974 a‘gre
1695 1940 1815 1974 ferimus,
1831 1942 1878 1969 sed

1085 1977 1165 2005 etiam
1184 1979 1367 2013 exsultantes;
1389 1982 1465 2016 cujus
1488 1983 1526 2010 rei
1542 1984 1592 2011 hoc
1612 1986 1717 2020 signum
1742 1993 1793 2020 est,
1807 1990 1877 2021 quod

1086 2030 1143 2055 eos,
1165 2024 1209 2058 qui
1232 2025 1308 2052 nobis
1331 2026 1399 2053 mala
1415 2027 1541 2062 inferunt,
1557 2032 1700 2059 contrariis
1720 2040 1878 2061 renumere-

1087 2077 1156 2096 tuus.
1171 2069 1246 2103 Quod
1260 2076 1348 2099 autem
1363 2072 1413 2099 ltoc
1427 2073 1556 2107 facerent,
1570 2076 1630 2102 audi
1643 2079 1780 2112 soqueutia
1795 2088 1802 2103 τ
1817 2079 1878 2107 Μη-

1086 2114 1229 2147 lcdt'ct'mur,
1244 2120 1268 2142 et
1284 2116 1467 2150 benedicimus;
1487 2122 1704 2155 persequulionem
1718 2124 1838 2157 patimur,
1854 2130 1878 2152 et

1087 2160 1256 2194 sustinentur,-
1278 2163 1321 2190 l3.
1337 2162 1553 2199 blasphemamur,
1575 2171 1598 2193 et
1619 2167 1789 2203 obsecramus,
1811 2175 1879 2197 taru-

1086 2214 1162 2240 quam
1175 2213 1341 2242 puryamenta
1363 2210 1451 2236 numdi
1462 2211 1523 2245 facti
1542 2220 1638 2239 sumus.
1656 2213 1712 2242 Iloc
1732 2219 1782 2247 est,
1805 2217 1878 2244 stulti

1089 2258 1197 2286 propter
1207 2253 1353 2281 Christum.
1364 2255 1429 2283 Nam
1441 2257 1484 2290 qui
1500 2258 1569 2285 male
1583 2266 1677 2294 passus
1688 2266 1738 2293 est,
1753 2266 1782 2289 et
1793 2270 1880 2298 neque

1088 2307 1116 2326 ει·
1131 2301 1268 2329 ulciscitur
1291 2310 1377 2338 neque
1398 2303 1480 2337 dolet,
1496 2306 1593 2334 stultus
1607 2307 1713 2336 videtur
1733 2318 1794 2338 esse
1807 2313 1877 2346 apud

1090 2352 1216 2374 externos
1238 2353 1265 2375 et
1285 2349 1413 2384 inglorius
1427 2351 1612 2387 inﬁrmusque.
1638 2354 1676 2381 Ac
1690 2362 1724 2382 ne
1740 2357 1876 2385 molestio-

1089 2400 1145 2420 retu
1158 2393 1282 2422 redderet
1292 2395 1452 2427 orationem.
1467 2397 1499 2424 ad
1512 2397 1617 2425 illorttttt
1632 2400 1768 2429 civitatem
1782 2410 1881 2430 ternm-

1089 2447 1138 2467 uas
1158 2440 1298 2473 reducens,
1321 2442 1384 2477 quid
1409 2443 1497 2471 dicit?
1522 2443 1707 2480 Purgomenta,
1730 2456 1782 2475 non
1807 2449 1882 2478 urbis

1089 2492 1196 2519 vestrm,
1219 2487 1266 2514 sed
1280 2489 1369 2515 mundi
1387 2490 1448 2524 [acti
1468 2499 1570 2525 sumtu;
1588 2498 1615 2520 et
1639 2502 1741 2528 rursus,
1760 2495 1880 2523 Omnium

1090 2533 1242 2567 peripsemu,
1263 2541 1316 2561 non
1331 2539 1448 2562 vestrum
1468 2541 1580 2570 tantutn,
1596 2539 1643 2566 sed
1658 2541 1789 2568 ouutiutu.
1805 2542 1880 2570 Sicut

1090 2585 1155 2613 ergo
1176 2586 1236 2605 cum
1257 2579 1291 2606 de
1312 2580 1411 2608 Christi
1431 2589 1495 2609 cura
1512 2584 1638 2618 loquitttr,
1656 2590 1735 2619 terra,
1763 2588 1830 2615 caelo
1852 2595 1880 2616 et

1090 2624 1162 2650 omni
1185 2629 1306 2652 creatura
1321 2626 1431 2657 relictis,
1455 2635 1562 2655 crucem
1581 2629 1606 2656 itt
1623 2631 1712 2658 medio
1733 2634 1807 2666 ponit
1823 2642 1829 2659 :
1844 2634 1880 2662 ita

1090 2668 1169 2694 eliattt
1185 2669 1292 2703 quando
1306 2670 1338 2697 ad
1352 2679 1382 2698 se
1392 2671 1449 2698 vult
1459 2673 1602 2707 attrahere,
1617 2676 1699 2710 signis
1715 2679 1874 2711 praetermis-

1091 2713 1138 2745 sis,
1155 2721 1214 2748 qua:
1236 2720 1344 2750 propter
1365 2717 1437 2752 ipsos
1457 2726 1551 2753 passus
1575 2721 1703 2748 esbdicit.
1719 2722 1755 2750 lta
1773 2731 1880 2759 quoque

1090 2759 1209 2787 solemus
1222 2768 1281 2787 cuttt
1296 2761 1393 2796 injuria
1407 2763 1539 2792 alliciutur
1551 2766 1592 2792 vel
1606 2766 1768 2802 despicimur
1787 2777 1801 2796 a
1822 2773 1882 2805 qni-

1093 2805 1214 2841 busdam,
1231 2815 1290 2842 qua:
1304 2816 1352 2843 pro
1366 2809 1420 2837 illis
1433 2812 1502 2845 passi
1518 2820 1610 2840 smnus
1627 2814 1652 2840 itt
1667 2815 1784 2843 medium
1797 2817 1882 2845 addu-

1124 2907 1130 2922 ι
1151 2905 1176 2931 In
1189 2906 1332 2936 quibusdam
1344 2906 1416 2933 Codd.
1429 2908 1500 2935 deest
1513 2910 1621 2942 negatio.
