2041 3111
140 149 189 179 109

143 215 211 235 tere.
233 205 358 233 Omnium
378 206 520 241 peripaenm
542 213 620 239 usque
636 205 731 231 ull/mc.
748 204 937 231 Velietnrntetn

145 254 245 290 plagam
260 251 367 279 inducit
390 251 416 279 in
431 252 493 278 fine.
512 251 642 284 Omnium,
659 251 755 285 inquit,
777 258 830 277 non
846 257 938 284 perse-

144 298 291 336 quentium.
317 297 368 325 scd
391 305 486 325 eorutn
508 301 617 331 propter
638 303 707 331 quos
723 296 779 324 lucc
802 295 939 329 patimur:

145 346 196 372 hoc
219 349 271 375 est,
284 343 411 378 Magnam
426 342 491 378 ipsis
513 341 625 377 gratiam
646 341 742 368 habeo.
762 341 885 368 Graviter
899 339 940 367 fe-

98 404 101 406 ·
145 391 228 419 rentis
240 394 283 418 est
295 389 420 422 verbum,
437 396 491 416 non
504 387 576 423 quod
590 388 647 422 ipse
669 392 791 421 angatur,
806 386 853 413 sed
869 385 939 420 quod

144 437 206 463 illos
226 435 409 474 perstringere
430 433 505 461 velit.
530 433 595 460 Nam
621 432 666 467 qui
687 436 774 467 potest
797 432 938 458 innumera

146 482 265 518 proferre
287 481 414 514 crimina,
437 480 498 507 illos
519 479 628 506 salutat.
651 478 712 505 Ideo
723 478 799 512 jubet
817 477 940 505 Christus

145 527 323 555 contumelias
342 532 392 553 nos
415 529 552 551 mansuete
566 525 645 556 ferre,
669 527 697 549 ut
711 527 735 550 et
757 522 806 556 ipsi
822 521 939 556 philom-

147 574 271 608 phemur,
286 576 314 600 et
327 570 538 599 contumeliosos
556 569 658 604 pudore
680 568 763 602 magis
778 568 936 594 afﬁciamus.

146 607 203 645 Non
217 618 290 645 enim
310 617 346 644 ita
366 615 528 644 contumelia
548 615 679 646 aflieiens,
698 618 725 641 ut
739 614 820 640 silens
835 614 884 639 hoc
900 607 943 639 fa:

145 665 191 692 rit.
221 664 325 693 Deinde
346 663 407 698 quia
430 662 495 690 vidit
519 662 715 689 intolerabilem
743 668 802 688 esse
824 662 937 696 plagam,

145 712 235 738 statim
260 711 296 737 illi
318 710 440 737 medetur
458 709 571 736 dicens:
592 709 632 736 M.
651 707 710 734 Non
734 713 760 734 ut
783 708 938 742 confundam

146 766 188 783 ros
201 757 256 784 Iure
271 756 360 787 scribo,
376 756 420 782 sed
433 760 460 782 ut
480 755 548 790 lilio:
561 763 628 781 meos
648 754 752 781 dilectos
766 762 865 780 moueo.
882 753 937 781 Non

145 808 172 830 ut
189 803 293 838 pudore
306 802 422 830 afﬁciam
444 808 502 834 vos,
525 801 619 836 inquit,
639 800 696 827 haec
710 800 781 827 dico.
799 799 873 833 Quod
892 808 938 834 per

145 851 227 878 ιοιιιει
241 850 312 878 fecit.
328 856 357 876 se
371 856 423 875 non
440 847 535 875 fecisse
548 847 626 879 dicit;
649 847 702 873 imo
717 854 780 873 vero
800 854 829 873 se
844 847 938 873 fecisse

145 896 223 928 dicit,
245 895 289 922 sed
315 902 367 921 non
394 894 464 921 malo
487 893 576 920 anitno
600 893 639 919 vel
660 900 692 919 ex
716 891 787 919 odio.
813 891 875 918 lla-.c
897 896 938 918 est

146 943 220 970 enim
235 942 332 977 Optima
355 940 468 973 t‘llrulitt,
486 948 546 967 etnu
569 939 680 967 verbum
695 939 807 971 dixeris,
822 945 936 965 excusa-

146 989 247 1016 tionem
262 995 292 1014 i-x
307 992 397 1015 mente
412 986 542 1021 proferre.
555 985 621 1013 Nam
638 985 694 1012 lucc
709 993 760 1012 non
774 984 864 1011 dicere
884 992 937 1010 non

146 1034 254 1064 licebat,
268 1032 329 1068 quia
345 1032 486 1059 incol-recti
501 1032 681 1058 mansissent:
693 1034 832 1065 postquam
847 1034 936 1056 autetn

145 1078 262 1111 dixerat,
276 1077 378 1112 plagam
395 1077 541 1103 incntatam
555 1075 719 1111 relinquere,
731 1082 812 1110 grave
826 1074 936 1102 fuissot:

143 1131 226 1160 quare
245 1131 306 1151 ctnn
329 1123 458 1159 gravitate
478 1126 597 1150 excusat.
621 1122 676 1150 hoc
690 1122 761 1149 cnitn
784 1129 836 1148 non
853 1121 933 1148 ntodo

145 1170 302 1197 incisiom-tn
317 1177 369 1196 non
383 1169 461 1198 tollit.
473 1168 520 1196 sed
534 1169 614 1196 etiam
625 1167 718 1201 efﬁcit,
733 1172 761 1195 ut
777 1167 935 1202 profundius

143 1216 279 1252 inligatur,
305 1215 368 1242 dum
393 1216 474 1250 plaga:
497 1214 617 1242 dolorem
641 1221 748 1241 omnem
773 1212 936 1240 consolatur.

142 1262 193 1295 Qui
203 1261 277 1288 enim
291 1260 366 1287 audit
379 1261 465 1295 ipsum
480 1266 534 1286 non
546 1258 764 1294 exprobrautem,
780 1258 826 1285 sed
840 1265 935 1285 antan-

143 1313 196 1335 tem
211 1307 269 1334 haec
279 1307 379 1338 dicere,
391 1305 516 1333 libentius
524 1305 718 1332 correctionem
734 1304 840 1339 accipit.
852 1303 933 1331 Multa

142 1357 184 1381 est
195 1353 242 1381 hic
263 1359 372 1388 quoque
385 1351 503 1387 gravitas
522 1355 550 1378 et
570 1350 604 1379 ad
620 1351 748 1386 pudorem
771 1350 935 1385 provocatio.

144 1399 202 1428 Non
224 1399 298 1427 enitn
315 1404 344 1426 ιιι
355 1399 463 1431 doctor,
487 1406 540 1425 non
561 1403 590 1425 ut
612 1397 761 1433 apostolus,
777 1405 830 1424 non
850 1402 878 1424 ιιι
891 1400 934 1432 qut

142 1445 290 1481 discipulos
305 1445 430 1478 habeant,
443 1443 514 1480 quod
527 1444 663 1479 dignitatis
679 1448 730 1475 est,
747 1443 804 1476 sed,
821 1442 856 1471 Ut
867 1443 936 1477 ﬁlios

144 1500 213 1519 mon
232 1491 377 1518 carissimo;
391 1498 478 1518 moneo
492 1498 502 1516 :
516 1497 567 1518 nec
581 1494 683 1516 tantum
699 1489 779 1522 ﬁlios,
796 1489 843 1517 sed
862 1489 935 1516 desi-

144 1538 264 1566 deratos.
287 1537 420 1573 Ignoscite
444 1535 519 1569 mihi,
543 1535 637 1570 inquit,
662 1535 683 1562 si
707 1534 770 1571 quid
793 1535 935 1563 molestum

144 1584 200 1611 dixi
216 1594 223 1612 :
241 1584 299 1610 ha-c
323 1591 356 1610 ex
376 1582 518 1610 dilectione
540 1582 615 1608 fiunt.
637 1580 690 1608 Nec
704 1581 781 1613 dixit,
804 1580 935 1615 Corripio,

145 1628 203 1661 sed,
221 1628 323 1655 Moneo.
345 1627 412 1661 Quis
425 1634 488 1654 vero
508 1634 560 1653 tton
583 1626 651 1653 ferat
665 1631 768 1661 patrem
789 1626 935 1659 dolentem,

144 1679 170 1701 et
183 1682 243 1710 qua:
253 1673 332 1701 decet
344 1672 548 1701 consulentem?
564 1672 625 1699 Ideo
639 1679 691 1699 non
703 1672 760 1699 haec
774 1673 847 1706 prius
858 1671 934 1705 dixit,

146 1719 193 1746 sed
208 1725 349 1754 postquam
362 1719 464 1753 plagam
476 1718 618 1745 inflixerat.
635 1717 702 1751 Quid
718 1718 796 1752 ergo?
808 1717 931 1752 inquies;

146 1772 200 1792 non
215 1769 327 1798 parcunt
348 1763 426 1790 nobis
449 1763 491 1789 alii
505 1762 648 1790 doctores?
663 1762 720 1789 Non
741 1762 780 1789 sie
793 1761 864 1796 dico,
886 1761 933 1789 sed

146 1818 198 1837 non
222 1811 258 1837 ita
281 1814 403 1844 parcunt.
425 1808 523 1844 Vertup
538 1809 590 1835 hoc
611 1807 718 1842 quidem
743 1807 860 1835 breviter
882 1815 934 1834 non

145 1855 223 1888 dixit,
238 1856 284 1882 sed
303 1863 349 1890 per
364 1854 451 1881 stttdia
471 1859 497 1882 et
512 1854 618 1881 nomina
632 1853 685 1881 hoc
698 1854 835 1886 indicavit,
851 1857 879 1881 ut
891 1853 935 1888 qui

145 1901 321 1935 pa-dagngtnn
337 1899 452 1934 posuerit
467 1905 492 1926 et
508 1905 620 1934 patrem.
637 1899 680 1927 15.
696 1897 764 1926 Ναηι
775 1903 797 1926 et
810 1899 832 1926 si
845 1898 937 1925 multos

145 1946 309 1981 prcdugogos,
325 1946 420 1980 inqttit,
438 1945 549 1972 [iubentia
561 1945 585 1971 in
600 1944 709 1976 Christo,
726 1944 770 1971 sed
782 1953 832 1971 non
847 1945 937 1971 multo:

144 1997 241 2025 patres.
266 1990 323 2018 Non
345 1991 501 2025 dgnitatont
523 1991 565 2018 hic
588 1991 716 2021 ostendit,
742 1990 789 2017 sed
815 1991 936 2018 caritatis

144 2036 376 2071 magnitudinem;
393 2044 478 2071 neque
502 2037 561 2062 illos
574 2036 731 2071 perstrinxit
743 2044 803 2062 cunt
823 2035 934 2068 addidit,

144 2081 177 2108 In
193 2082 309 2114 Christo,
324 2082 371 2109 scd
391 2082 546 2109 Consolatus
561 2087 602 2108 est
617 2081 688 2114 illos,
706 2089 757 2108 non
770 2081 934 2114 adulatores,

142 2128 191 2154 sed
212 2128 371 2162 pzcdagogos
390 2136 489 2155 vocans
514 2128 582 2160 illos,
603 2128 647 2162 qui
671 2128 757 2155 studia
781 2133 808 2154 et
831 2127 937 2155 labores

141 2173 276 2206 ferebant,
299 2182 428 2209 suamque
447 2182 537 2201 curaui
561 2173 686 2200 ostendit.
705 2173 766 2200 Ideo
791 2181 843 2200 non
858 2174 935 2206 dixit,

141 2219 195 2247 Sed
211 2227 265 2246 non
280 2220 378 2246 multos
391 2220 523 2251 doctores,
537 2219 595 2252 sed,
609 2219 667 2246 Non
684 2219 775 2246 multos
786 2224 877 2254 patres.
893 2219 936 2246 Sic

142 2274 197 2293 non
221 2265 380 2300 dignitatem
404 2273 539 2302 apponere
563 2266 657 2298 voluit,
681 2273 767 2300 neque
794 2265 937 2293 ostendere

143 2311 213 2346 quod
226 2311 338 2338 multam
353 2311 492 2338 utilitatem
507 2311 540 2338 ab
553 2312 611 2346 ipso
621 2311 800 2346 accepissent;
815 2311 862 2338 scd
875 2318 936 2338 Clltll

141 2357 335 2390 concessisset,
351 2358 422 2392 quod
439 2357 474 2384 illi
491 2357 571 2384 multa
586 2357 771 2392 przt‘uiliSseul
786 2358 848 2392 ipsis
863 2358 937 2393 (talis

141 2403 214 2429 enim
229 2403 482 2438 eratpa-dagogus),
494 2402 643 2430 dilectionis
656 2403 871 2438 exsuperantiam
885 2403 935 2430 sibi

142 2455 277 2477 reservat.
291 2449 363 2476 Talis
373 2450 443 2477 enim
458 2454 499 2477 est
514 2455 599 2484 pater.
611 2449 665 2477 Nec
678 2449 840 2481 dicitniodo,
852 2449 936 2476 Nemo

143 2501 193 2521 vos
214 2495 249 2522 ita
274 2500 357 2526 atnat,
382 2495 452 2530 quod
475 2495 576 2530 absque
597 2495 805 2529 reprehensione
825 2495 935 2528 fuisset;

142 2543 191 2570 sed
207 2551 263 2570 rem
281 2543 318 2570 uti
334 2547 408 2577 gesta
423 2547 464 2569 est
475 2543 500 2569 in
517 2542 633 2570 mediutn
649 2542 766 2570 adducit.
780 2542 872 2576 Qualis
894 2542 936 2569 illa

141 2588 221 2616 erat?
236 2588 305 2616 Nam
329 2589 356 2615 in
371 2588 470 2616 Christo
493 2588 556 2615 .lmt
581 2597 624 2624 per
637 2589 802 2624 Evangelium
825 2597 870 2624 ego
893 2596 936 2615 vos

143 2635 231 2667 qenui.
258 2635 286 2662 In
312 2634 420 2663 Christo
448 2634 510 2661 Jesu
532 2643 539 2661 :
564 2642 615 2661 non
642 2634 705 2660 mihi
730 2634 780 2661 hoc
801 2633 935 2661 adscr-ibo.

143 2680 247 2709 Rursus
259 2681 320 2709 illos
334 2682 438 2717 pungit,
450 2681 494 2716 qtti
507 2681 556 2708 sibi
574 2681 677 2708 laudem
690 2680 819 2707 doctrina:
835 2680 936 2708 tribue-

143 2727 218 2755 bant.
239 2726 288 2754 Vas
304 2727 374 2754 enim
397 2727 466 2759 estis,
490 2727 584 2761 inquit,
608 2726 768 2761 signaculum
782 2725 937 2760 apostolatus

144 2775 193 2800 mei
206 2774 246 2810 (I.
262 2773 324 2801 Cor.
342 2773 370 2801 9.
385 2773 424 2807 2).
440 2772 473 2800 Ει
488 2780 605 2804 rursum,
624 2772 677 2807 Ego
693 2772 822 2807 plantavi;
840 2777 868 2799 et
883 2772 936 2804 hic,

142 2819 197 2854 Ego
210 2821 298 2856 genui.
317 2819 378 2847 Non
392 2818 469 2850 dixit,
491 2818 649 2846 Annunliavi
663 2818 790 2850 verbum;
807 2818 865 2850 sed,
884 2818 937 2853 Ego

140 2866 224 2905 guttai,
241 2873 350 2896 natura:
372 2873 436 2892 usus
451 2865 613 2893 nominibus.
629 2863 715 2892 Unum
729 2864 800 2892 enim
815 2864 851 2891 illi
867 2872 936 2892 cura:

672 147 703 175 IN
723 146 818 176 EPIST
839 147 847 175 Ι
880 145 925 174 All
944 146 1021 175 COR.
1043 146 1156 176 IIOMIL.
1179 146 1246 175 XIII.

1734 149 1786 178 “0

995 208 1063 237 erat,
1079 209 1106 232 ut
1121 204 1292 232 dilectionem
1317 211 1380 240 erga
1395 204 1455 232 illos
1478 212 1552 232 suam
1572 206 1711 234 exhibet-et
1745 207 1784 234 Illi

995 257 1110 285 namque
1122 258 1183 278 cum
1193 258 1208 277 a
1220 258 1262 278 me
1273 251 1448 286 accepissent,
1463 259 1510 278 vos
1524 251 1700 287 induxerunt;
1713 255 1784 288 quod

994 300 1083 323 autem
1101 296 1194 324 fideles
1214 297 1282 330 sitis,
1300 305 1347 332 per
1371 305 1414 325 me
1434 298 1531 325 factum
1556 304 1606 327 est.
1623 299 1688 333 Quia
1712 300 1784 329 enim

992 341 1072 373 dixit,
1090 341 1123 369 Ut
1139 342 1215 375 ﬁlios,
1230 350 1263 369 ne
1274 342 1435 370 adulationis
1447 344 1557 371 verbum
1572 351 1632 372 esse
1644 345 1784 375 existima-

993 394 1046 419 res,
1065 395 1120 414 rem
1135 388 1219 422 ipsam
1232 389 1342 422 profert.
1364 389 1408 416 16.
1424 388 1495 424 Rogo
1515 390 1592 424 igitur
1602 399 1656 422 vos,
1671 391 1784 418 imitato-

991 439 1031 458 res
1045 432 1093 459 mei
1104 437 1191 466 estote,
1206 433 1269 459 sicut
1283 438 1306 460 et
1326 442 1371 469 ego
1392 433 1496 461 C/tristi.
1515 435 1603 470 I’apaa,
1627 441 1724 470 quanta
1739 437 1783 462 do-

992 479 1074 505 ctoris
1088 478 1193 511 ﬁducia,
1209 487 1287 514 quant
1299 484 1421 507 accurata
1435 480 1532 515 imago,
1547 489 1607 508 eum
1620 482 1700 508 etiam
1716 483 1784 509 alios

992 523 1024 550 ad
1040 524 1089 551 hoc
1104 524 1234 551 advocat?
1249 524 1306 551 Non
1323 532 1382 552 sese
1396 526 1527 554 extollens
1538 532 1626 554 autent
1643 527 1694 555 huc
1707 528 1781 562 facit,

991 570 1038 597 sed
1053 576 1080 598 ut
1093 571 1216 598 ostendat
1230 572 1334 599 facilem
1348 579 1408 599 esse
1422 573 1558 600 virtutem.

1027 617 1052 644 5.
1068 616 1194 644 Christum
1207 617 1301 643 imitari
1321 625 1463 652 postulrunt.
1481 617 1657 652 Cltrysostomo
1671 619 1776 653 plaudi-

991 668 1043 689 tur.
1070 662 1147 689 Pauli
1168 669 1192 690 et
1213 663 1292 697 ipsius
1315 664 1434 691 virtutum
1455 664 1694 698 dearriptiu.—Ne
1717 665 1781 692 mihi

992 710 1061 736 cuitu
1078 709 1191 742 dixeris,
1206 709 1264 736 Non
1279 717 1384 744 posxutu
1399 715 1423 736 te
1438 710 1533 736 imitari
1547 719 1553 736 :
1568 715 1594 737 ιιι
1609 710 1702 737 doctor
1713 719 1743 738 es
1755 716 1783 738 et

992 763 1115 790 magnus.
1132 755 1188 782 Non
1203 756 1272 782 euint
1290 760 1391 782 lauttnu
1408 757 1484 790 spatii
1500 757 1570 783 intrr
1583 765 1625 783 me
1638 762 1665 783 et.
1679 765 1725 783 vos
1740 758 1781 784 itt-

991 807 1083 836 terest,
1099 807 1227 837 quantum
1241 803 1308 829 inlo-r
1319 803 1453 829 Clu-istum
1466 808 1492 829 et
1507 812 1549 829 inc
1561 812 1566 829 :
1576 809 1691 830 :l‘.l:lltlell
1708 803 1780 830 illum

991 856 1040 883 ego
1056 848 1171 874 imitatus
1186 856 1253 874 sutn.
1270 847 1336 874 Ctuu
1363 856 1426 882 ergo
1455 847 1578 882 Ephesiis
1599 848 1701 879 scribit,
1727 856 1780 875 non

991 902 1019 921 se
1028 895 1142 921 medium
1151 894 1234 929 ponit,
1245 894 1290 921 sed
1302 895 1391 921 statim
1403 895 1474 928 ipsos
1481 903 1575 921 oinin-s
1588 895 1649 921 illuc
1660 895 1779 927 adducit,

991 940 1078 968 Estote
1092 942 1230 968 imitatores
1247 941 1294 968 Dei
1309 941 1415 976 (Ep/ws.
1431 942 1459 968 5.
1483 941 1506 976 I)
1522 941 1614 968 dicens
1627 950 1633 968 :
1648 942 1690 968 hic
1706 949 1780 974 vero,

989 987 1050 1022 quia
1063 986 1184 1014 infirmos
1193 987 1390 1021 alloqttebatttr,
1402 987 1518 1022 scipsmn
1529 987 1696 1022 interposuit.
1707 988 1783 1014 Alio-

990 1033 1052 1069 quiti
1065 1039 1153 1060 autem
1164 1033 1292 1065 ostendit,
1305 1033 1375 1067 quid
1387 1034 1425 1059 sic
1435 1041 1540 1068 quoqtte
1552 1033 1590 1060 fas
1601 1033 1634 1060 sit
1645 1033 1781 1060 Christum

991 1079 1099 1106 imitari.
1115 1078 1180 1106 Nam
1192 1079 1237 1114 qui
1251 1083 1405 1105 accuratum
1420 1078 1583 1113 signaculum
1598 1083 1639 1105 est
1653 1078 1779 1110 inuitatus,

989 1125 1163 1161 archetypum
1186 1124 1304 1152 imitatus
1327 1129 1378 1152 est.
1402 1124 1543 1151 Videamus
1564 1132 1628 1159 ergo
1647 1123 1781 1159 qumnodo

991 1171 1049 1206 ipse
1063 1171 1199 1198 Christutn
1216 1170 1334 1197 imitatus
1348 1169 1391 1196 sit.
1408 1169 1474 1196 Nam
1495 1169 1646 1204 liujusmodi
1669 1169 1781 1196 imitatio

989 1225 1043 1245 non
1053 1222 1173 1252 tetupore
1181 1221 1206 1244 et
1216 1220 1273 1244 arte
1284 1223 1351 1250 opus
1361 1215 1450 1249 habet,
1460 1215 1506 1243 sed
1518 1216 1655 1251 proposito
1665 1219 1779 1243 tantum.

991 1263 1018 1290 In
1034 1263 1144 1299 pictoris
1159 1262 1230 1290 enim
1255 1261 1390 1288 officinam
1413 1261 1524 1297 ingressi
1537 1281 1545 1293 ,
1566 1269 1618 1288 uno
1636 1261 1781 1295 poterimus

989 1309 1131 1344 imaginem
1147 1308 1262 1340 imitari,
1277 1308 1381 1336 etiamsi
1401 1307 1472 1335 illam
1489 1307 1586 1335 millies
1601 1308 1779 1342 aspiciamus:

989 1356 1061 1384 Intnc
1082 1361 1172 1383 autetn
1188 1355 1228 1382 vel
1248 1362 1281 1383 ex
1305 1355 1363 1382 solo
1383 1354 1475 1382 auditu
1497 1354 1593 1381 imitari
1609 1355 1681 1382 licet.
1697 1354 1781 1382 Vultis

990 1409 1055 1438 ergo
1065 1422 1073 1435 ,
1088 1401 1176 1429 tabula
1191 1401 1217 1428 in
1231 1400 1349 1428 medium
1363 1400 1476 1428 adducta
1487 1420 1495 1433 ,
1510 1400 1692 1427 describamus
1706 1400 1781 1427 vobis

990 1448 1066 1477 Pauli
1087 1447 1238 1475 institutum
1263 1447 1341 1474 vitae?
1362 1446 1468 1474 Prostet
1490 1446 1569 1481 igitttr
1588 1446 1676 1474 tabula
1697 1447 1781 1473 multo

989 1492 1155 1528 splendidior
1178 1499 1258 1527 quam
1282 1492 1362 1526 regia:
1387 1491 1525 1526 imagines.
1552 1490 1616 1518 Nam
1641 1491 1712 1526 quod
1738 1491 1781 1518 hic

988 1538 1140 1574 subjicitur,
1152 1545 1205 1565 non
1217 1543 1278 1564 sunt
1289 1544 1394 1564 asseres
1404 1535 1590 1570 conglutinati,
1600 1543 1652 1562 non
1665 1536 1781 1571 impositi

989 1584 1127 1616 sindones,
1143 1583 1190 1610 sed
1206 1590 1272 1617 opus
1285 1581 1330 1609 Dei
1346 1581 1485 1616 subjicitur
1497 1589 1503 1607 :
1515 1581 1602 1608 anima
1614 1582 1685 1608 enim
1699 1585 1742 1609 est.
1754 1586 1781 1608 et

988 1637 1096 1665 corpus.
1122 1629 1215 1656 Anima
1233 1628 1279 1655 Dei
1299 1635 1367 1663 opus
1379 1648 1386 1658 ,
1403 1635 1455 1654 non
1470 1627 1627 1660 hominum;
1644 1632 1668 1655 et
1683 1635 1781 1662 corpus

988 1675 1123 1703 similiter.
1138 1674 1186 1701 Hic
1199 1673 1353 1708 plattsistis?
1366 1673 1419 1701 Sed
1433 1681 1484 1700 tton
1499 1672 1549 1700 hoc
1563 1673 1701 1707 plausuum
1714 1678 1782 1699 tent-

990 1729 1038 1758 pus
1052 1725 1104 1753 est,
1114 1720 1159 1748 sed
1176 1720 1202 1747 in
1216 1719 1389 1754 srqoeulilms
1405 1724 1509 1753 tempus
1523 1718 1664 1755 plaudendi
1679 1724 1705 1746 et
1721 1719 1782 1746 imi-

990 1766 1062 1794 tandi
1074 1766 1135 1794 erit.
1146 1765 1254 1793 Interim
1263 1765 1334 1792 enim
1350 1764 1459 1791 materia
1469 1764 1619 1799 subjicitur,
1630 1765 1781 1792 communis

988 1812 1123 1840 omnibus.
1136 1811 1231 1838 Anima
1242 1811 1312 1838 enim
1324 1810 1357 1838 ab
1367 1811 1455 1837 anima
1465 1810 1529 1837 nihil
1541 1811 1640 1843 differt,
1651 1815 1781 1845 quatenus

988 1858 1076 1885 anima
1089 1861 1140 1888 est,
1153 1857 1199 1884 sed
1210 1856 1376 1892 propositum
1386 1855 1563 1883 differentiam
1572 1856 1698 1883 ostendit.
1707 1856 1782 1883 Sicut

988 1903 1060 1930 enim
1076 1909 1174 1936 corpus
1192 1910 1206 1928 a
1227 1908 1340 1935 corpore
1353 1921 1360 1932 ,
1377 1906 1508 1936 quatenus
1523 1909 1620 1936 corpus
1633 1905 1691 1935 est,
1716 1900 1781 1929 nihil

989 1949 1094 1981 differt;
1108 1947 1155 1975 sed
1170 1947 1258 1975 simile
1272 1951 1313 1974 est
1327 1951 1355 1973 et
1366 1954 1464 1981 corpus
1477 1947 1548 1974 Pauli
1563 1953 1590 1974 et
1604 1954 1701 1981 corpus
1713 1947 1782 1973 mul-

991 2000 1089 2027 torum,
1103 1994 1149 2021 sed
1166 1993 1232 2028 perit
1242 1993 1283 2019 ula
1301 1993 1370 2019 illitis
1383 2000 1482 2027 corpus
1495 1993 1548 2019 alio
1561 2000 1674 2029 corpore
1688 1993 1793 2028 splen-'

989 2040 1077 2067 didius
1092 2039 1210 2066 efficiunt
1226 2048 1233 2065 ε
1251 2039 1284 2065 ita
1300 2043 1327 2065 el
1340 2037 1374 2065 de
1388 2039 1474 2065 anima
1495 2037 1647 2065 dicendum.
1664 2038 1781 2066 Ponatur

989 2093 1053 2119 ergo
1069 2084 1158 2111 tabula
1175 2083 1251 2111 nobis
1263 2105 1270 2116 ,
1286 2084 1373 2110 anima
1395 2091 1492 2118 nempe
1514 2083 1597 2111 Pauli.
1616 2083 1677 2111 llu-c
1693 2084 1782 2111 tabula

990 2138 1074 2165 nuper
1095 2129 1201 2164 jacebat
1225 2129 1334 2163 fuligine
1353 2128 1466 2156 obdttcta
1479 2150 1487 2161 ,
1504 2129 1580 2164 plena
1595 2129 1652 2156 telis
1667 2137 1781 2156 manea-

990 2184 1048 2203 runt
1066 2184 1073 2202 :
1089 2175 1155 2202 nihil
1178 2174 1248 2202 cnim
1267 2179 1308 2201 est
1325 2174 1487 2209 blasphemia
1504 2174 1587 2208 pejus.
1603 2174 1669 2208 Quia
1691 2179 1780 2201 autent

990 2221 1062 2248 venit
1076 2221 1109 2254 is,
1123 2220 1167 2255 qui
1181 2220 1269 2246 omnia
1282 2219 1468 2251 transformat;
1483 2224 1510 2247 et
1521 2219 1586 2246 vidit
1596 2228 1649 2247 non
1661 2228 1693 2248 ex
1710 2219 1784 2254 igna-

990 2266 1031 2292 via
1046 2270 1074 2293 et
1088 2265 1210 2293 Socordia
1231 2265 1266 2291 ita
1281 2264 1414 2299 depictam
1428 2272 1488 2292 esse
1498 2285 1505 2297 ,
1521 2265 1568 2292 sed
1583 2273 1615 2292 ex
1631 2264 1762 2299 imperitia
1772 2285 1784 2297 ,

989 2317 1017 2339 et
1038 2310 1108 2346 quod
1128 2318 1180 2338 non
1203 2310 1313 2337 haberet
1333 2309 1412 2337 flores
1434 2310 1556 2344 pietatis;
1577 2310 1662 2337 zelum
1683 2311 1784 2345 quippe

989 2356 1115 2390 habebat,
1129 2356 1236 2384 colores
1253 2363 1317 2383 vero
1332 2363 1385 2383 non
1399 2356 1524 2388 aderant;
1541 2363 1593 2383 non
1608 2364 1679 2383 enim
1694 2357 1783 2384 zelum

989 2401 1136 2430 secundum
1152 2401 1291 2430 scientiam
1308 2401 1422 2429 habebat
1435 2411 1442 2428 :
1454 2402 1500 2429 dat
1518 2401 1557 2429 illi
1572 2401 1665 2429 florem
1680 2404 1781 2429 verita-

990 2449 1035 2482 tis,
1050 2449 1076 2476 id
1088 2453 1140 2481 est,
1155 2449 1284 2484 gratiam;
1299 2455 1330 2475 ac
1344 2452 1455 2483 repente
1468 2448 1569 2483 regiam
1584 2448 1701 2475 ostendit
1716 2449 1784 2476 imav

989 2495 1091 2531 ginem.
1106 2495 1233 2530 Acceptis
1248 2502 1364 2529 namque
1382 2494 1519 2522 coloribus
1530 2515 1538 2527 ,
1561 2502 1622 2522 cum
1644 2495 1783 2523 didicisset

990 2542 1032 2568 illa
1046 2549 1105 2577 qure
1119 2541 1270 2576 ignorabat,
1288 2548 1341 2567 non
1357 2541 1523 2576 exspectavit
1537 2546 1652 2576 tempus,
1666 2542 1715 2569 sed
1728 2546 1782 2568 sta-

991 2586 1038 2614 tim
1052 2586 1170 2621 optimus
1184 2586 1279 2613 artifex
1301 2586 1375 2613 visus
1388 2591 1448 2618 est;
1470 2591 1497 2614 et
1511 2587 1597 2622 primo
1608 2587 1725 2614 ostendit
1742 2595 1783 2614 re-

989 2632 1060 2666 gitttn
1076 2636 1156 2667 caput
1168 2652 1175 2664 ,
1197 2632 1332 2659 Christum
1350 2632 1515 2667 praedicans;
1532 2632 1628 2660 deinde
1650 2633 1782 2668 rcliqtnutt

990 2686 1097 2713 corpus,
1113 2677 1183 2712 quod
1199 2682 1239 2706 est
1254 2683 1405 2706 accuratum
1417 2679 1478 2706 vita:
1492 2679 1652 2706 institututn.
1663 2679 1783 2706 Pietort-s

990 2724 1108 2759 quidem,
1122 2731 1183 2751 cum
1199 2732 1228 2751 sc
1244 2724 1415 2756 incluserint,
1430 2731 1490 2751 cum
1505 2725 1675 2752 accuratione
1687 2732 1781 2759 magna

990 2775 1018 2797 et
1031 2770 1121 2807 quiete
1133 2770 1222 2797 omnia
1241 2770 1348 2802 faciunt,
1364 2770 1462 2797 nemini
1476 2770 1543 2798 osﬁa
1557 2771 1707 2805 aperientes
1719 2779 1726 2796 :
1740 2770 1783 2796 hic

991 2821 1079 2844 autem
1095 2817 1122 2843 iu
1142 2817 1231 2844 medio
1253 2817 1319 2844 orhe
1340 2817 1455 2844 tabulam
1480 2824 1645 2852 proponens,
1659 2816 1783 2843 onntibul

994 2862 1259 2896 contradicentibus,
1280 2863 1520 2897 tumultuantibus,
1542 2861 1726 2896 turbantibus,
1748 2862 1782 2889 ita
