2041 3111
271 169 319 198 111

271 229 340 256 hanc
356 228 455 263 regiam
470 227 610 262 imaginem
625 225 697 258 fecit.
710 233 759 252 nec.
771 222 973 258 prohibebatur,
989 220 1061 248 ideo-

270 283 322 308 que
343 274 448 301 diccbat
462 282 469 300 :
485 271 672 307 Spectaculum
696 270 756 297 facti
777 275 869 295 sumus
892 266 1009 299 mundo.
1034 266 1060 293 in

268 320 359 347 medio
371 324 448 346 tcrrre
460 323 486 345 et
497 318 579 345 maris
589 322 615 344 et
625 316 682 344 ca-li
694 320 720 342 et
731 315 811 341 totius
821 313 904 346 orbis.
917 313 1061 347 muuulique

272 367 351 401 hujus
366 370 418 393 tam
431 364 564 392 sensibilis
575 371 653 398 quam
666 360 820 396 Spil‘iltlalis,
835 360 982 395 depingeus
995 359 1061 386 ima-

269 413 368 447 ginem.
388 410 474 438 Vultis
495 417 599 444 quoque
618 413 730 434 crateras
750 407 808 440 ejus
830 411 919 440 partes
942 405 1031 431 videre
1045 411 1060 430 a

270 458 358 492 rapite
373 464 455 490 usque
472 454 616 482 deorsum?
637 458 683 480 aut
704 452 784 480 vultis
798 452 831 479 ab
847 450 964 479 inferiori
985 454 1060 485 parte

270 510 420 531 sermmrcm
445 509 552 529 sursum
579 499 760 528 deducamus?
784 497 972 532 Contemplare
996 503 1060 530 ergo

269 554 382 576 s'atuam
408 555 528 579 auream.
552 547 606 573 imo
628 554 658 573 ca
684 545 880 580 pretiosiorem,
904 543 1010 578 qualem
1033 541 1059 569 in

268 596 336 622 νει-1ο
349 600 422 622 stare
437 602 484 628 par
496 598 554 625 est;
569 601 621 620 non
635 593 742 627 plumbo
754 591 869 618 vinctam
881 611 888 622 .
904 597 991 624 neque
1005 596 1059 616 ouo

268 641 293 668 i1
310 641 368 667 loco
384 639 512 675 positam;
526 638 572 665 sed
585 646 598 664 a
611 637 759 665 Jerusalem
771 643 857 671 usque
872 634 906 662 ad
921 634 1055 669 lllyricum

268 692 419 715 currentem
433 691 459 714 et
474 686 500 713 in
514 685 667 720 Hispaniam
683 684 839 716 abeuntem.
861 687 889 710 et
908 689 967 717 qua:
981 680 1057 716 quasi

267 733 336 760 alata
352 740 398 766 per
413 732 505 759 orbem
520 736 598 758 terra!
613 731 722 758 feratur.
739 730 807 764 Quid
822 729 863 756 his
877 728 988 764 pedibus
1001 727 1057 755 fieri

268 779 351 814 pos.~it
364 777 511 813 speciosius
522 797 529 809 ,
545 776 589 812 qui
604 780 685 803 totam
701 783 760 811 qua:
772 775 822 802 sub
835 774 891 802 cole
905 778 945 801 est
959 778 1056 800 terram

268 824 460 858 pervascruut‘!
475 823 548 850 llauc
560 823 676 858 speciem
696 822 751 856 jam
765 821 827 848 olim
845 820 971 856 propheta
987 827 1056 854 pne-

266 870 364 897 dicavit
381 869 491 896 dicens:
507 869 589 902 Quam
607 868 715 903 speciosi
733 868 808 902 pedes
829 867 1057 902 evuugelizautium

266 924 353 951 parem
365 915 440 950 (lani.
456 915 501 942 52.
515 915 560 950 7)!
576 914 669 941 Viden‘
681 921 760 949 quam
776 913 878 949 pulchri
893 913 973 948 pedes
985 913 1056 940 sint?

266 961 348 988 Visne
362 966 388 989 et
402 965 493 995 pectus
505 960 614 987 videre?
626 959 741 992 Accede.
756 958 806 986 hoc
816 959 896 986 etiam
909 958 954 985 tibi
966 962 1056 985 osten-

266 1008 336 1040 dam.
353 1013 379 1036 et
393 1008 478 1034 multo
491 1006 657 1042 splendidius
671 1006 788 1037 videbis.
804 1014 883 1040 quam
900 1005 982 1040 pedes
997 1005 1056 1032 illos

265 1054 412 1089 speciosus,
428 1059 452 1081 et
468 1053 527 1088 ip~o
540 1052 638 1080 veteris
652 1052 810 1088 legislatoris
822 1056 938 1086 pectore.
951 1051 1055 1087 Moyses

264 1100 372 1135 quidem
387 1099 489 1126 tabulas
503 1099 615 1134 gestavit
634 1098 750 1132 lapideas
764 1106 771 1130 ;
788 1097 830 1124 hic
844 1105 906 1124 vero
921 1098 990 1124 intus
1006 1097 1054 1124 ha-

265 1145 321 1172 buit
337 1145 472 1172 Christum
483 1165 491 1177 ,
507 1145 589 1178 ipsam
614 1144 712 1178 regiam
736 1143 854 1178 gestabat
872 1143 1013 1178 imaginem
1028 1148 1055 1170 et

265 1189 452 1225 propitiatorii.
469 1189 530 1216 ideo
543 1189 702 1216 Clu-rubinis
715 1188 898 1216 honorabilior
913 1197 949 1214 er.
961 1192 979 1215 t.
996 1188 1053 1215 Non

264 1238 336 1264 cuitu
351 1237 410 1264 talis
425 1237 485 1263 inde
500 1245 549 1264 vox
571 1236 706 1263 ferebatur
716 1256 723 1267 .
738 1236 826 1270 qualis
839 1235 916 1267 hinc;
931 1236 978 1262 sed
1000 1236 1054 1264 illic

265 1284 339 1318 plura
354 1283 501 1309 disserebat
514 1282 546 1309 de
560 1282 712 1313 sensilibus,
727 1290 758 1308 ex
773 1282 860 1316 lingua
876 1287 963 1310 autem
979 1281 1052 1309 Pauli

263 1329 296 1354 de
312 1328 390 1355 rebus
403 1336 462 1362 (pne
482 1335 563 1362 supra
582 1327 663 1354 cados
682 1332 744 1354 stmt
758 1336 765 1353 :
780 1332 807 1354 et
823 1335 854 1354 ex
870 1327 1053 1362 prepitiatorio

262 1373 363 1400 Jutlmis
377 1374 440 1399 solis
454 1373 561 1399 oracula
577 1372 689 1403 ferebat,
707 1372 768 1400 hinc
781 1380 844 1399 vero
859 1373 905 1399 toti
921 1377 1051 1400 terrarum

263 1419 321 1445 orbi
335 1428 342 1446 :
355 1424 380 1445 et
396 1418 450 1445 illic
463 1417 569 1452 quidem
585 1425 631 1452 per
645 1417 760 1445 inanima
771 1439 779 1451 ,
801 1417 844 1445 hic
859 1426 921 1446 vero
936 1427 983 1453 per
996 1419 1052 1446 aui-

262 1474 332 1493 mam
348 1466 444 1492 virtute
458 1465 606 1499 pra-ditam.

298 1512 324 1538 4.
342 1511 397 1538 lloc
417 1511 630 1546 propitiatoriqu
652 1508 718 1536 ca-lo
733 1509 896 1544 splendidius
909 1514 983 1542 erat,
1000 1519 1052 1538 non

261 1558 399 1584 stellarum
423 1556 551 1583 varietate
573 1555 675 1591 fulgens
698 1564 784 1590 neque
807 1556 888 1583 radiis
910 1556 1049 1590 solarihus,

262 1603 310 1630 Sed
326 1604 410 1637 ipsum
422 1602 506 1629 solem
517 1602 626 1637 justitie
639 1602 739 1628 habens
753 1601 813 1628 inde
825 1601 913 1628 radios
924 1602 1051 1628 emitten-

263 1654 327 1676 tem.
347 1649 378 1676 Et
392 1649 442 1675 hoc
456 1649 562 1683 quidem
578 1648 671 1674 cadum
687 1648 771 1674 nubes
785 1647 894 1674 subiens
908 1648 1051 1682 aliquando

265 1695 367 1721 tristius
382 1694 467 1721 reddit
480 1703 486 1720 :
499 1698 590 1728 pectus
605 1701 668 1720 vero
685 1693 747 1720 illud
764 1694 835 1720 nulla
852 1702 975 1728 umquam
992 1694 1052 1720 talis

263 1746 408 1774 [eulpeslas
422 1739 522 1771 subiit;
540 1739 592 1766 imo
609 1739 695 1774 potius
718 1747 789 1774 smpe
803 1744 974 1774 tempestates
993 1740 1052 1766 sub-

264 1785 448 1813 tercurrcbant
473 1785 573 1817 multa‘,
596 1784 643 1811 sed
668 1785 754 1811 lucem
779 1792 832 1811 non
854 1785 1050 1817 obscurabaut;

263 1832 310 1859 sed
327 1832 352 1858 in
370 1831 454 1858 Inedia
471 1831 615 1857 tu-utaliouo
630 1834 653 1856 ct
671 1829 696 1856 iu
713 1830 837 1864 periculis
855 1831 895 1857 luv
915 1831 955 1857 illa
972 1831 1050 1857 elTul-

262 1878 350 1912 gebat.
374 1876 483 1910 Quanto!
496 1884 551 1902 rem
576 1875 632 1909 ipse
653 1875 753 1902 catenis
775 1876 879 1902 vinetus
901 1876 1050 1903 clamabat:

270 1922 376 1950 Verbum
398 1922 443 1949 Dei
463 1931 512 1948 nou
537 1927 572 1948 est
595 1922 729 1957 alligatum
751 1922 790 1957 (‘2.
815 1922 880 1948 Tim.
903 1922 929 1949 2.
951 1923 988 1955 9).
1013 1923 1050 1950 Ita

262 1977 369 2004 semper
385 1976 431 2003 per
445 1968 514 1994 illam
529 1967 643 2002 linguam
659 1967 748 1994 radius
761 1968 915 2000 emittebat;
932 1977 980 1995 nec
994 1977 1052 1996 me-

267 2019 309 2042 tus
325 2023 373 2041 nec
388 2014 533 2049 perieulum
550 2019 642 2048 peetus
658 2013 720 2040 illud
735 2014 878 2040 obscurum
895 2015 1050 2042 reddebant.

266 2061 391 2089 Fortasse
406 2061 512 2088 videtur
528 2065 620 2094 pectus
636 2059 699 2087 illud
724 2060 805 2094 pedes
828 2061 905 2095 longe
920 2066 992 2088 retro
1008 2069 1052 2088 rc—

263 2097 383 2141 linquere
397 2116 403 2135 :
415 2107 461 2134 sed
476 2106 512 2133 illi
527 2111 615 2132 tamen
630 2110 658 2131 ut
673 2105 754 2140 pedes
765 2106 867 2140 pulchri
879 2111 950 2139 siml.
964 2114 990 2134 et
1001 2107 1052 2135 lI-C

262 2154 342 2182 etiam
358 2158 383 2179 ut
399 2158 491 2187 pectus
505 2151 644 2186 pulchrqu
658 2156 708 2177 est.
726 2151 770 2178 \‘Is
785 2156 811 2177 et
828 2158 948 2178 ventrem
965 2153 1053 2180 videre

263 2198 434 2233 speciosum?
450 2198 517 2224 Audi
533 2197 594 2232 quid
610 2197 643 2224 de
658 2197 702 2223 illo
715 2196 802 2224 dicat.
817 2197 846 2224 Si
860 2198 929 2224 cibus
945 2199 1052 2225 “aridu-

263 2246 324 2272 ltzul
339 2246 446 2280 fratrem
460 2251 551 2270 uicum.
567 2251 615 2269 non
627 2243 756 2269 comedam
771 2251 872 2269 carnem
882 2243 908 2269 in
921 2249 1052 2270 retentum.

266 2292 305 2327 (1.
322 2291 382 2318 Cor.
397 2291 423 2317 8.
443 2288 496 2326 15).
514 2290 615 2316 Βυιιιιιιι
635 2293 676 2316 est
691 2297 798 2316 carnem
820 2297 872 2316 non
890 2290 1031 2317 eomedere
1044 2310 1052 2324 ,

263 2346 314 2366 nec
329 2338 418 2365 viuum
441 2336 548 2369 bibere,
564 2344 649 2370 neque
664 2344 720 2363 rem
735 2344 929 2371 quamcumque
939 2357 947 2368 ,
963 2337 988 2363 in
1002 2344 1052 2371 qua

265 2385 347 2412 frater
363 2388 423 2409 tuus
437 2381 579 2408 nll‘endilur
592 2387 635 2408 aut
651 2381 859 2414 scandalizatur,
870 2386 916 2408 aut
932 2382 1052 2408 inﬁrma-

265 2436 318 2457 tur.
344 2429 410 2456 Esca
431 2428 519 2461 centri,
540 2432 563 2455 et
587 2433 670 2455 uenter
691 2428 753 2455 escis
780 2428 835 2463 (Id.
861 2428 887 2455 6.
912 2427 966 2464 13).
984 2429 1051 2462 Quid

266 2475 317 2502 hoc
331 2479 424 2502 ventre
438 2473 518 2501 fuerit
528 2473 686 2507 speciosius,
699 2473 743 2508 qui
759 2473 792 2500 ita
807 2473 901 2500 ductus
912 2479 969 2500 erat
979 2474 1054 2507 quie-

265 2529 351 2552 scere.
373 2525 397 2548 ct
414 2528 520 2547 omnem
535 2520 736 2554 temperantiam
751 2519 891 2552 exhibere.
907 2520 951 2554 qui
974 2520 1054 2547 sciret

265 2569 385 2599 «surire.
409 2567 506 2594 famem
523 2567 575 2602 pati
591 2572 618 2594 et
633 2566 724 2593 sitire?
740 2566 967 2598 Quemadmodum
981 2566 1052 2594 etlim

263 2623 350 2650 equus
371 2615 440 2642 bene
458 2619 580 2640 assuetus
601 2612 719 2640 habenas
733 2613 834 2639 habens
850 2620 944 2639 aureas
955 2634 962 2645 .
978 2613 1010 2639 ita
1027 2618 1055 2640 et

265 2661 309 2688 hic
331 2667 473 2687 numerose
498 2659 637 2686 incedebat
658 2665 719 2685 cum
746 2662 846 2684 natura:
866 2660 1053 2686 ncccs~itatem

264 2710 420 2742 superasset
433 2714 439 2732 :
452 2712 514 2732 nam
530 2704 650 2732 Christus
669 2703 807 2730 incedebat
824 2703 849 2730 in
866 2704 921 2731 illo.
939 2704 994 2731 lloc
1008 2713 1055 2731 au-

266 2757 319 2780 tem
333 2757 386 2779 tam
401 2756 582 2787 temperanter
595 2755 702 2785 agente.
718 2750 804 2784 palam
820 2755 860 2777 cst
877 2750 967 2777 \itium
983 2750 1054 2777 aliud

265 2806 345 2826 ιιιιιιιε
360 2798 474 2825 solutum
489 2797 579 2824 t'uis~e.
598 2796 642 2823 Vis
655 2796 734 2823 etiam
749 2796 838 2823 videre
853 2804 899 2823 eas
913 2805 972 2832 quae
986 2805 1055 2825 nunc

265 2849 328 2871 sant
346 2843 458 2870 manus?
481 2847 525 2869 aut
545 2842 583 2869 vis
598 2841 672 2876 prius
687 2841 790 2869 illorum
806 2842 945 2877 pristinam
961 2843 1055 2878 nequi-

265 2891 329 2919 tiam
350 2889 458 2918 videre?
477 2889 612 2925 Ingressus
633 2888 677 2917 illc
701 2888 806 2922 domos,
828 2898 913 2927 nuper
935 2899 1005 2920 mos
1028 2896 1054 2919 ct

678 167 705 194 S.
719 164 856 194 JUANNIS
871 163 1006 191 (IllliYSO
1020 161 1107 190 ~TOMl
1129 162 1285 192 Alltlllllil’.
1305 166 1573 196 CUNSTANTINUP.

1857 169 1910 200 ιιι

1116 220 1241 249 mulieres
1257 223 1393 255 trahebat.
1410 232 1462 252 nou
1478 225 1525 252 viri
1541 234 1635 254 manus
1657 226 1774 261 habens.
1791 228 1838 256 sed
1853 229 1906 257 im-

1117 267 1203 294 manis
1217 267 1292 295 [ει-ω.
1310 269 1453 304 Postquam
1474 276 1562 298 autem
1579 272 1683 300 colores
1697 275 1814 301 veritatis
1830 283 1907 302 acce-

1115 312 1166 346 pit,
1190 317 1218 339 et
1238 314 1402 348 spiritualem
1427 317 1565 350 peritiam,
1593 326 1645 345 non
1672 320 1740 346 ultra
1764 320 1811 347 viri
1834 321 1908 348 l'ucne

1115 366 1209 386 uianus
1224 359 1286 392 ilhc.
1303 361 1350 388 sed
1364 361 1527 396 spirituales,
1545 364 1663 398 quotidie
1675 366 1775 392 catenis
1789 368 1906 394 constri-

1114 409 1163 430 cta'
1176 413 1183 437 ;
1200 409 1226 432 et
1243 406 1375 434 neminem
1391 415 1516 443 umquam
1531 415 1732 444 percusserunt,
1748 412 1794 438 scd
1809 412 1907 441 millies

1115 450 1249 483 percussa:
1263 457 1335 478 sunt.
1352 452 1437 481 Hasce
1453 462 1547 481 utauus
1562 456 1706 491 aliqu:me
1720 457 1811 491 vipera
1827 466 1906 486 reve-

1114 495 1165 522 rita
1179 500 1220 523 est
1235 507 1242 524 ;
1257 505 1309 524 non
1324 499 1394 526 enim
1410 498 1464 533 iam
1480 505 1556 528 erant
1572 501 1688 528 hominis
1701 510 1812 536 manus;
1830 504 1904 531 ideo-

1113 549 1164 575 que
1180 550 1231 569 uon
1245 544 1331 579 attigit
1344 552 1399 571 eas.
1418 545 1461 572 Vis
1475 548 1554 573 etiam
1570 552 1673 582 tergum
1689 549 1779 577 videre
1794 550 1903 585 reliquis

1098 587 1240 616 .membris
1262 590 1369 618 simile?
1383 591 1450 618 Αιιῶ
1469 593 1534 627 quid
1547 593 1581 620 de
1603 594 1648 620 illo
1663 595 1732 622 dicat
1747 604 1753 622 :
1767 596 1904 632 Quinquies

1111 636 1290 670 quadragenas
1309 645 1361 663 una
1380 637 1461 664 minus
1481 640 1566 674 πτεινρὸ
1588 648 1606 666 a
1622 639 1733 668 .Iudwia.
1757 639 1805 668 Ter
1824 644 1902 678 rirgi:

1110 688 1189 706 camus
1202 689 1273 714 mm,
1296 682 1376 710 umet
1393 683 1522 717 lapidatus
1536 693 1600 715 sum.
1618 691 1655 713 ter
1667 688 1827 723 naufragium
1844 698 1902 722 prr-

1111 728 1166 760 luli,
1182 733 1256 755 nocte
1267 734 1291 755 et
1301 729 1342 756 die
1354 730 1379 756 iu
1390 731 1517 766 profundo
1530 732 1606 759 maria
1619 734 1656 768 [ui
1668 733 1691 768 (1
1703 755 1708 760 .
1724 734 1784 762 Cor.
1798 736 1841 762 ll.
1855 735 1900 763 ει.

1109 771 1168 804 25).
1184 772 1235 800 Sed
1256 781 1289 801 ne
1310 782 1359 801 nos
1381 775 1409 802 in
1429 776 1587 810 prol'undmn
1609 778 1768 806 immensum
1785 780 1900 815 dejI-cti.

1110 818 1222 846 multum
1237 820 1458 856 circmnagamur.
1481 820 1584 858 singula
1605 823 1663 859 ejus
1677 825 1795 853 membra
1811 835 1902 861 perse-

1110 870 1240 899 quentes;
1255 873 1305 902 age
1317 867 1371 902 jam
1387 875 1401 894 a
1417 876 1531 904 corpore
1543 869 1722 904 discedentes,
1745 873 1823 900 aliam
1840 875 1901 909 pul-

1109 910 1289 940 chritudinem
1312 914 1462 946 videamus.
1485 923 1581 951 nempe
1594 925 1608 943 a
1623 918 1803 951 vestimentis,
1820 928 1899 955 quam

1108 957 1245 986 dcumoucs
1259 960 1466 993 reverebantur;
1490 962 1602 998 ideoque
1615 963 1766 999 fugiebant.
1783 971 1813 994 ct‘
1823 969 1901 1001 a-gri-

1109 1003 1214 1031 tutliucs
1236 1004 1374 1033 curabant.
1392 1007 1423 1033 Et
1439 1007 1602 1043 ubicumque
1622 1016 1762 1044 appareret
1784 1011 1898 1046 Paulus,

1107 1049 1195 1075 omnia
1210 1049 1341 1078 cedebant
1355 1057 1382 1078 et
1400 1052 1593 1082 amovebantur
1604 1075 1611 1087 .
1631 1060 1722 1090 utpote
1736 1063 1796 1083 cum
1818 1057 1900 1086 adve-

1108 1095 1190 1122 uisset
1202 1096 1276 1123 orbis
1289 1102 1419 1125 terrarum
1433 1100 1514 1134 pugil.
1527 1101 1565 1127 Ac
1577 1102 1800 1135 quemadmodum
1813 1104 1840 1135 ii.
1853 1105 1899 1138 qui

1109 1142 1206 1168 multas
1221 1143 1246 1169 in
1263 1143 1333 1171 bello
1348 1145 1438 1180 plagas
1451 1153 1610 1180 acceperunt
1621 1168 1629 1179 .
1649 1149 1670 1175 si
1690 1150 1804 1178 viderint
1823 1160 1900 1178 arma

1106 1188 1164 1222 ejus
1178 1189 1221 1224 qui
1238 1189 1298 1216 illos
1314 1192 1442 1224 percussit
1455 1213 1462 1224 .
1480 1191 1657 1221 horrescunt:
1670 1194 1707 1221 ita
1721 1201 1747 1222 et
1761 1196 1899 1225 da-mones

1105 1235 1271 1262 smnieinctia
1287 1240 1387 1262 tantum
1411 1237 1531 1265 videntes
1544 1258 1551 1271 ,
1572 1239 1753 1268 discedebant.
1770 1240 1819 1269 Ubi
1836 1247 1899 1270 sunt

1106 1287 1176 1306 nutic
1190 1281 1286 1308 divites
1299 1302 1306 1313 .
1327 1283 1372 1317 qui
1390 1283 1415 1310 in
1431 1284 1531 1311 divitiis
1546 1285 1628 1313 altum
1644 1288 1766 1321 sapiunt?
1782 1289 1824 1316 ubi
1841 1289 1876 1316 illi
1887 1311 1899 1322 ,

1106 1325 1149 1359 ιιιιὶ
1170 1325 1311 1360 dignitates
1332 1336 1394 1355 suas
1417 1336 1556 1357 munerant
1579 1336 1789 1367 sumptuosaque
1811 1335 1897 1362 vesti-

1106 1371 1212 1398 menta?
1224 1370 1290 1398 Cum
1303 1372 1344 1400 his
1355 1381 1383 1400 se
1398 1381 1594 1410 comparantes,
1608 1385 1654 1404 sua
1671 1379 1760 1405 omnia
1771 1379 1899 1408 videbqu

1104 1424 1164 1444 esse
1182 1425 1288 1445 caenum
1309 1423 1335 1446 ct
1358 1419 1452 1446 lutum.
1476 1421 1506 1448 lit
1526 1422 1588 1456 quid
1610 1422 1669 1450 dico
1691 1425 1848 1453 vestimenta
1870 1431 1898 1454 ct

1105 1463 1205 1489 aurea?
1216 1463 1242 1490 Si
1258 1464 1329 1490 cnim
1340 1465 1399 1498 quis
1411 1465 1473 1492 mihi
1486 1467 1566 1494 totius
1575 1468 1646 1495 orbis
1659 1469 1798 1504 imperiam
1809 1471 1895 1501 daret.

1105 1515 1220 1543 unguem
1244 1509 1330 1536 solum
1354 1511 1445 1541 Pauli,
1470 1511 1520 1538 isto
1543 1512 1655 1546 imperio
1679 1514 1816 1542 fortiorem
1838 1524 1898 1545 esse

1105 1560 1236 1588 putarem.
1253 1561 1436 1590 paupertatem
1451 1557 1517 1591 ejus,
1531 1559 1603 1585 omni
1618 1559 1761 1595 voluptate,
1776 1562 1897 1597 ignobili-

1104 1602 1185 1626 tatem
1201 1601 1274 1627 omni
1288 1601 1383 1635 gloria,
1401 1602 1526 1630 munibus
1539 1603 1637 1631 divitiis
1651 1605 1809 1639 nuditatem,
1824 1608 1897 1634 (nuru

1105 1645 1209 1672 licentia
1230 1645 1360 1681 impactus
1380 1655 1458 1675 sacro
1484 1649 1520 1676 illi
1548 1651 1626 1685 capiti
1656 1651 1800 1686 colaphos,
1824 1654 1900 1680 tuiiui

1103 1691 1254 1719 diademate
1274 1692 1376 1727 lapides
1396 1701 1462 1728 quos
1477 1696 1591 1730 excepit.
1609 1695 1682 1724 llanc
1701 1705 1825 1725 coronam
1849 1699 1897 1725 de-

1102 1738 1252 1765 sideremus
1263 1759 1270 1772 ,
1295 1738 1384 1767 dilecti
1398 1749 1405 1767 :
1418 1745 1446 1767 et
1460 1741 1566 1769 etiamsi
1583 1745 1756 1777 persequutio
1777 1753 1828 1772 non
1850 1746 1895 1778 sit,

1105 1783 1210 1811 interim
1226 1792 1275 1812 nos
1289 1793 1479 1821 prmparemus.
1493 1787 1585 1822 Neque
1599 1789 1670 1816 enim
1684 1797 1698 1816 a
1713 1794 1898 1825 persequimu-

1105 1831 1182 1858 uibus
1198 1837 1299 1858 tantum
1317 1831 1360 1859 hic
1375 1832 1415 1859 vir
1435 1833 1591 1867 splendidos
1605 1840 1662 1861 erat
1676 1844 1683 1862 :
1695 1843 1756 1862 nam
1771 1836 1873 1863 dicebat
1888 1846 1896 1865 :

1104 1876 1206 1912 Castigo
1226 1885 1319 1912 corpus
1340 1886 1423 1904 meum
1446 1879 1486 1913 (l.
1502 1879 1560 1906 Cor.
1577 1879 1603 1906 9.
1618 1880 1681 1914 27);
1696 1881 1747 1908 hoc
1761 1890 1824 1909 vero
1839 1884 1898 1910 sine

1105 1924 1311 1958 perscqnutione
1326 1928 1398 1951 recte
1413 1924 1468 1950 lieri
1482 1930 1578 1959 potest.
1592 1926 1625 1952 Et
1635 1926 1794 1954 admonebat
1807 1929 1896 1956 carnis

1104 1976 1195 1995 curam
1211 1977 1263 1995 non
1279 1968 1426 1996 faciendam
1441 1977 1500 1997 cs~e
1514 1970 1545 1997 ad
1560 1972 1791 2006 ctmcupiscentias
1805 1973 1893 2008 (Rom.

1107 2014 1149 2041 15.
1167 2013 1228 2049 H);
1245 2019 1272 2041 et
1287 2022 1397 2041 rursus:
1413 2013 1538 2042 Habentes
1555 2016 1674 2042 alimenta
1697 2022 1720 2043 et
1740 2023 1833 2051 ream,
1856 2019 1894 2046 Ιιὶι

1105 2061 1212 2086 contenti
1226 2061 1304 2087 simus
1318 2060 1355 2095 (1.
1373 2060 1440 2087 Tim.
1457 2060 1482 2088 6.
1499 2061 1537 2096 8).
1554 2061 1593 2088 Ad
1609 2062 1665 2088 hate
1678 2063 1748 2089 enim
1765 2072 1816 2090 non
1828 2072 1896 2098 opus

1104 2112 1145 2133 est
1158 2106 1418 2141 persequutionibus.
1432 2107 1463 2134 Et
1473 2107 1614 2141 opulentos
1629 2116 1733 2143 quoque
1745 2109 1778 2135 ad
1795 2114 1895 2144 tempe—

1105 2152 1218 2178 rautiam
1234 2151 1345 2179 vocabat
1357 2152 1450 2179 dicens
1463 2161 1469 2178 :
1485 2153 1535 2185 Qui
1551 2154 1635 2180 volunt
1651 2162 1703 2180 esse
1717 2155 1815 2186 divites.
1832 2156 1894 2182 iuti-

1105 2199 1167 2224 tluut
1181 2199 1206 2224 in
1223 2199 1384 2225 mulationem
1405 2197 1459 2233 (Ib.
1480 2207 1504 2225 ιι.
1519 2199 1557 2234 9).
1580 2199 1607 2226 Si
1632 2199 1710 2234 igitur
1725 2208 1774 2228 nos
1789 2208 1895 2236 quoque

1104 2244 1143 2270 sic
1162 2252 1356 2277 exerceamus,
1379 2245 1406 2271 in
1429 2252 1541 2280 agonem
1564 2245 1675 2279 ingressi
1692 2246 1893 2279 coronabimur;

1105 2293 1132 2315 et
1146 2289 1208 2316 licet
1221 2290 1392 2325 perscqnutio
1404 2297 1455 2317 non
1469 2290 1514 2323 sit.
1527 2291 1608 2317 tuulta
1623 2298 1672 2326 pro
1683 2291 1724 2319 his
1735 2292 1895 2327 recipiemus

1106 2334 1224 2369 praemia.
1246 2334 1273 2362 Si
1294 2343 1357 2362 vero
1371 2343 1468 2370 corpus
1483 2335 1679 2370 impingucmus
1689 2356 1696 2368 ,
1711 2342 1737 2363 et
1752 2344 1893 2371 porcorum

1108 2380 1188 2407 vitam
1202 2380 1330 2407 ducamus
1340 2402 1348 2412 ,
1363 2383 1443 2408 etiam
1460 2381 1485 2407 in
1502 2388 1568 2416 pace
1583 2381 1664 2408 Innlta
1679 2387 1784 2415 peccata
1800 2382 1896 2409 admit-

1107 2432 1194 2454 temus
1206 2433 1238 2454 ac
1251 2426 1369 2454 dedecus
1382 2427 1507 2454 feremus.
1529 2426 1586 2454 Non
1600 2427 1675 2454 vides
1688 2427 1815 2455 adversus
1829 2437 1896 2464 quos

1107 2472 1183 2498 nobis
1193 2471 1228 2498 sit
1237 2471 1408 2499 colluctatio?
1417 2471 1551 2500 Adversus
1561 2473 1732 2506 incorporeas
1739 2478 1894 2508 potestates.

1107 2517 1247 2551 Quomodo
1261 2525 1326 2552 ergo
1340 2525 1399 2545 cum
1416 2525 1478 2545 caro
1500 2518 1599 2551 simus.
1623 2518 1671 2546 has
1693 2519 1896 2553 superabimus?

1107 2563 1172 2590 Nam
1192 2563 1214 2590 si
1238 2571 1298 2590 cum
1323 2563 1432 2591 homine
1455 2564 1513 2599 quis
1532 2569 1696 2598 pugnaturus
1716 2569 1895 2600 temperanter

1106 2609 1248 2637 comedere
1261 2610 1339 2637 debet
1350 2631 1357 2642 ,
1379 2610 1462 2637 multo
1477 2611 1560 2645 magis
1574 2610 1596 2637 si
1609 2611 1736 2638 adversus
1748 2611 1894 2639 daemonas.

1106 2655 1218 2690 Quando
1240 2661 1328 2683 autem
1344 2663 1404 2683 cum
1419 2657 1510 2684 carnis
1526 2656 1686 2691 pinguedine
1700 2656 1800 2684 divitiis
1815 2658 1895 2685 etiam

1108 2702 1236 2731 fuerimus
1261 2703 1358 2737 alligati
1374 2723 1382 2735 ,
1409 2703 1478 2729 unde
1503 2702 1668 2730 adversarios
1695 2703 1896 2738 superabimus?

1110 2749 1248 2776 \‘iuculum
1264 2749 1335 2776 enim
1349 2754 1409 2776 sunt
1422 2748 1533 2781 dixitim,
1550 2748 1686 2775 vinculum
1699 2756 1779 2783 grave
1793 2749 1836 2780 iis,
1851 2749 1895 2783 qui

1107 2795 1160 2822 illis
1176 2795 1213 2821 uti
1237 2795 1375 2826 nesciunt.
1402 2799 1529 2829 tyrannus
1548 2794 1663 2820 crudelis
1678 2798 1703 2820 et
1720 2794 1894 2825 inhumanus.

1108 2841 1195 2868 servis
1218 2841 1273 2868 suis
1289 2840 1378 2867 omnia
1402 2840 1537 2873 imperans
1560 2838 1593 2866 ad
1615 2839 1757 2874 perniciem
1783 2839 1854 2871 Sed.
1873 2839 1895 2866 si

1109 2888 1221 2915 velimus
1234 2908 1240 2921 ,
1259 2888 1325 2915 hanc
1339 2886 1462 2914 acerbata
1483 2885 1650 2922 tyrannidem
1665 2893 1680 2914 e
1695 2885 1762 2913 solio
1776 2885 1893 2913 decutie-
