2041 3111
247 110 296 136 115

249 169 366 196 nonduin
382 168 478 196 licebat
489 189 496 199 ,
512 166 688 202 promissione
702 164 831 191 advenuis
845 163 885 189 Sui
907 162 966 189 illos
979 169 1039 188 cor-

248 216 332 250 rigit:
360 222 447 250 neque
470 214 520 242 hoc
531 213 733 242 tantummodo,
754 209 800 237 sed
813 209 892 236 etiatii
913 207 1040 235 missione

247 260 379 295 discipuli.
405 259 469 287 ideo
491 265 625 293 namque,
650 255 754 291 inquit,
769 254 826 281 misi
840 254 874 280 ad
887 261 930 280 vos
955 252 1041 279 Timo-

248 307 343 333 theum.
356 305 419 333 ideo
433 304 554 340 :quare‘!
565 303 631 336 Quia
648 306 764 328 vestrum
776 305 805 327 ut
821 299 934 326 liliorum
948 304 1039 324 curam

248 359 312 387 gero
322 370 331 384 ,
347 356 375 378 ut
389 350 435 385 qui
455 356 502 376 vos
515 348 662 384 genuerint.
678 345 784 373 Etcum
808 343 1040 372 comiiiendatioue

249 404 372 433 personae
387 400 429 423 est
441 394 554 430 epistula
568 402 574 420 :
592 392 642 426 Qui
656 395 692 418 ut
711 391 780 425 ﬁlius
794 398 863 418 metu
876 389 982 416 dilectus
992 409 1000 420 ,
1016 393 1040 414 et

249 443 333 478 ﬁdelis
347 442 374 468 in
393 440 501 468 Domino
514 459 520 465 .
543 439 598 466 lloc
612 442 701 465 autem
715 436 796 468 dixit,
819 441 848 463 et
869 440 898 462 ut
920 441 1040 461 amorem

251 496 328 516 suum
343 486 468 514 ostendat
480 506 487 517 ,
502 490 530 513 et
544 489 573 512 ut
591 484 652 511 illos
666 486 797 518 pra-paret
811 481 844 509 ad
867 480 940 507 illum
962 487 1040 507 reve-

249 539 340 562 renter
351 533 506 560 videndum.
526 532 617 566 Neque
639 535 741 557 tantum
758 528 863 555 fidi-leni
876 527 940 553 dicit
953 547 960 559 ,
975 525 1021 552 sed
1033 545 1040 557 ,

250 581 282 608 In
296 581 419 612 Domino,-
433 580 458 607 id
471 584 522 613 est,
537 579 563 606 in
577 579 657 605 rebus
669 584 727 612 qua:
740 574 886 603 secundum
901 572 1041 599 Doiuinniu

249 631 321 654 sunt.
335 625 411 660 Quod
427 625 449 652 si
472 625 497 652 in
511 623 683 652 Stecularibus
698 621 778 649 rebus
792 619 896 646 fidelem
910 624 970 645 esse
985 617 1041 643 laus

249 678 307 706 est,
324 672 408 699 multo
431 671 514 705 magis
537 670 563 697 in
584 667 775 704 spiritualibus.
800 665 828 692 Si
851 663 1042 699 ergodilectus

250 719 308 752 ejus
324 718 392 744 titius
406 717 450 749 sit,
461 716 547 750 cogita
559 719 674 750 quantus
687 713 721 741 sit
734 719 810 738 amor
822 710 892 737 Pauli
909 710 934 735 in
945 708 1041 734 Corin-

251 763 333 796 thius,
347 770 459 798 quorum
473 762 556 797 gratia
574 761 608 786 ab
621 760 666 786 illo
678 758 788 785 voluerit
806 755 934 791 separari.
950 754 976 782 Si
989 761 1039 780 au-

253 815 305 836 tem
321 809 407 836 ﬁdelis
426 808 477 838 sit.
494 807 626 841 inculpate
645 812 689 832 res
705 802 912 831 administrabit.
932 800 982 834 Qui
1000 808 1042 826 vos

251 854 469 890 contmoucfociet.
485 853 541 880 Non
555 852 636 884 dicit,
655 849 766 877 Docebit
777 869 784 877 .
801 855 834 875 ne
858 847 883 874 id
904 854 975 881 a'gre
991 845 1044 873 fer-

253 906 312 928 rent
324 922 331 933 ,
350 906 378 927 ut
393 898 436 934 qui
456 899 490 925 ab
515 899 571 932 ipso
583 896 730 924 discerent.
749 895 864 929 ideoque
881 893 906 919 in
921 893 972 919 line
984 892 1020 918 ait
1035 899 1042 918 :

255 947 325 982 Opus
340 946 404 973 enim
422 944 469 972 Dei
484 948 603 980 operatur
618 943 682 969 sicut
693 947 716 969 et
729 949 774 976 ego
788 941 825 975 (l.
840 939 900 966 Cor.
920 938 961 965 i6.
979 939 1020 970 10)
1035 945 1041 963 :

253 1002 287 1021 ne
300 993 358 1028 quis
373 1000 437 1027 ergo
454 992 526 1018 illum
543 990 683 1025 despiciat.
701 987 774 1015 Nulla
789 986 859 1013 enini
874 986 899 1012 in
915 983 1045 1019 apostolis

252 1044 309 1066 erat
325 1038 437 1069 invidia,
455 1037 500 1063 sed
513 1044 595 1063 unum
615 1034 788 1070 spectabant,
805 1040 901 1064 nempe
917 1029 1044 1056 Ecclesiae

254 1084 455 1110 :i-dilieationem
475 1092 480 1108 :
496 1087 522 1108 et
543 1081 564 1107 si
590 1081 676 1107 iniiior
688 1083 746 1106 erat
766 1078 788 1104 is
802 1077 845 1112 qui
863 1075 1043 1110 operabatur,

253 1137 312 1157 cuni
328 1128 400 1156 omni
424 1128 513 1155 studio
528 1126 653 1154 fovebant
677 1125 750 1152 illiilli
774 1128 802 1151 et
820 1123 957 1158 jiivabant.
975 1122 1046 1155 Qua-

255 1182 363 1210 propter
377 1182 429 1210 non
446 1174 511 1201 satis
525 1173 617 1199 habuit
629 1171 737 1202 dicere,
751 1168 963 1203 Coiuntouefaciet
975 1176 983 1199 ,'
998 1166 1044 1194 Sed

255 1209 361 1249 illorum
382 1209 508 1248 invidiam
532 1218 618 1254 magis
646 1216 803 1244 abscindere
828 1216 922 1241 volens
948 1213 1042 1248 (iure.

257 1269 297 1295 nis
314 1274 428 1301 namque
449 1270 506 1293 erat
527 1263 698 1298 Timotheus)
712 1271 719 1290 :
733 1262 792 1289 ideo
812 1260 967 1294 subjitoxit,
988 1258 1047 1286 Viuo

258 1323 336 1341 nicas.
364 1313 421 1340 Non
449 1311 601 1342 suas,sed,
627 1309 716 1342 Meus;
737 1308 762 1336 id
789 1313 841 1338 est,
864 1306 1043 1337 metiiioniias,

257 1359 387 1396 pericula.
411 1366 510 1391 mores,
541 1358 622 1393 leges,
646 1360 754 1389 statuta,
781 1361 898 1382 e-iuones
919 1353 1048 1388 apostoli-

256 1413 302 1433 cos
328 1410 356 1432 ct
380 1405 429 1430 alia
453 1405 553 1430 omnia.
569 1402 633 1435 Quia
651 1401 721 1428 enim
747 1400 831 1432 dixit,
863 1398 935 1426 Nudi
962 1407 1047 1425 sumus

260 1456 281 1477 rt
301 1450 415 1486 «lup/iis
442 1450 561 1476 ca'tlnnitr
587 1454 609 1475 et
639 1448 769 1474 instabiles
792 1455 878 1473 sumus
894 1454 902 1472 .'
918 1450 944 1472 et
967 1445 1024 1471 ha-c
1038 1464 1047 1477 ,

258 1498 357 1532 inquit,
377 1497 465 1523 omnia
482 1504 529 1522 vos
542 1493 764 1522 cuiiiiiiouefarict
790 1497 816 1520 et
840 1493 912 1527 leges
937 1491 1046 1524 Christi,

259 1548 287 1570 ut
298 1541 518 1569 lltl‘l‘t‘SCStitleﬂl.
537 1540 636 1567 Deinde
649 1539 784 1573 ~iipi-riora
801 1543 924 1572 repetens
936 1537 1048 1571 subjun-

259 1588 317 1623 git,
347 1587 411 1618 ρηω
436 1591 492 1612 sunt
519 1585 544 1612 in
568 1584 668 1613 Christo
696 1595 704 1612 :
731 1584 819 1610 omnia
847 1584 882 1610 uti
904 1584 971 1609 solet
1000 1583 1051 1609 lto-

261 1636 333 1662 niinu
349 1635 478 1666 reici-eus,
490 1638 517 1660 et
533 1633 584 1660 fide
595 1632 672 1667 digna
687 1631 823 1666 sequentia
837 1630 951 1658 reddens
966 1640 971 1656 :
984 1638 1050 1665 qna-

263 1690 293 1709 rc
319 1681 407 1708 subdit
430 1689 436 1708 :
465 1680 537 1707 Sicut
564 1679 654 1714 ubique
679 1679 705 1705 in
732 1678 800 1705 οηιηὶ
826 1676 940 1704 Ecclesia
963 1678 1048 1702 (lui-eo.

261 1727 332 1754 Ndiil
347 1726 416 1760 apud
432 1733 477 1752 vos
494 1725 553 1751 novi
569 1723 622 1751 dixi
639 1734 645 1751 :
663 1723 756 1750 lioruui
779 1723 843 1750 mihi
861 1722 976 1749 conscia-
989 1726 1050 1748 sunt

263 1774 371 1808 reliqua:
385 1779 479 1799 omnes
496 1770 632 1798 Ecclesiae.
651 1770 711 1796 \"ias
725 1774 812 1796 autem
829 1769 886 1796 illas
903 1769 928 1795 in
944 1768 1051 1794 Christo

262 1819 297 1846 dii
308 1819 337 1851 it,
354 1817 497 1845 ostendens
510 1816 568 1844 illas
585 1815 649 1842 nihil
664 1815 809 1841 humanum
824 1814 934 1846 habere,
950 1819 978 1841 et
991 1821 1050 1840 cum

264 1866 322 1901 ejus
335 1864 434 1892 auxilio
448 1871 476 1890 se
498 1867 570 1889 recte
590 1862 678 1888 omnia
692 1869 795 1896 gerere.
807 1860 949 1895 Postquam
964 1865 1051 1886 autem

266 1914 322 1940 Iitee
335 1912 401 1939 dixit
414 1915 440 1938 et
456 1911 514 1937 illus
529 1908 631 1936 curavit
643 1917 650 1941 ;
667 1915 842 1944 aggressurus
856 1906 1051 1934 accusationem

266 1958 445 1989 ittl'lliculttl'i“,
463 1964 555 1983 rursus
569 1956 607 1982 ii'a
623 1955 714 1990 plenos
727 1960 865 1981 SCl'mOIlt‘S
878 1953 985 1985 emittit,
1001 1960 1052 1979 uou

265 2004 336 2036 quod
348 2003 392 2030 ille
407 2003 441 2030 ita
464 2001 575 2029 affet-tus
595 2005 676 2031 esset.
692 1999 740 2027 sed
755 2004 784 2026 ut
804 1999 863 2026 illos
880 1998 1012 2033 corrigat;
1027 2002 1054 2025 et

265 2051 426 2077 foriiicatore
441 2048 562 2078 dimisso,
577 2047 645 2073 alios
659 2045 812 2080 alloquitur,
829 2053 862 2072 ne
876 2046 932 2072 suis
947 2045 1053 2080 quidem

265 2096 352 2124 verbis
366 2095 474 2130 dignum
491 2093 564 2120 illum
581 2092 704 2127 judicans
719 2099 725 2117 :
741 2091 812 2124 quod
827 2098 888 2126 erga
903 2098 996 2117 servos
1010 2090 1053 2125 qui

266 2141 408 2169 admodum
423 2139 591 2166 oti'endcrurt
611 2138 699 2164 facere
713 2137 839 2164 solemus.
858 2136 890 2163 Et
904 2136 963 2171 quia
977 2135 1053 2169 dixit,

267 2186 435 2215 Timotheum
452 2185 546 2215 mitto;
563 2191 596 2210 ne
618 2183 678 2209 ideo
692 2182 829 2217 segniores
844 2182 957 2208 eiadant
969 2203 976 2213 ,
996 2182 1056 2209 iide

266 2232 327 2269 quid
342 2233 412 2259 dicat
428 2240 435 2258 ί
452 2229 593 2264 Tamquam
615 2237 664 2255 nou
688 2235 806 2255 venturus
827 2229 873 2254 sint
897 2228 930 2254 uti
944 2237 986 2254 vos
997 2249 1003 2259 ,
1019 2227 1055 2255 sic

265 2278 349 2312 inﬂati
371 2281 428 2302 sunt
451 2275 563 2309 quidam.
585 2274 631 2301 llis
644 2274 714 2301 enini
730 2280 757 2300 et
772 2274 831 2301 illos
855 2274 1006 2308 perstringit
1030 2280 1056 2301 et

266 2324 334 2349 alios
347 2321 475 2357 quosdam
489 2341 496 2353 ,
514 2321 582 2347 alios
599 2320 703 2346 illorum
719 2328 814 2347 sensus
837 2321 984 2355 exz-gitaus.
1011 2321 1056 2348 Est

268 2377 339 2396 enim
355 2368 455 2395 crimen
476 2365 587 2400 appetiti
602 2365 764 2400 principatus
775 2386 783 2396 ,
799 2366 918 2393 absentia
938 2366 1056 2393 doctoris

268 2415 300 2440 ad
317 2412 492 2447 arrogantiam
510 2412 557 2439 illi.
572 2412 683 2445 Quando
695 2413 765 2439 enim
781 2413 884 2447 plebem
901 2414 1055 2447 alloquitur,

271 2460 405 2495 pi-rpeuile
419 2458 483 2486 milii
498 2459 631 2493 quomodo
642 2459 673 2485 ad
687 2459 816 2494 pudorem
832 2459 936 2486 inducat
951 2468 958 2491 ;
973 2467 1054 2493 quau-

267 2507 303 2533 do
324 2510 413 2532 autem
429 2512 476 2531 eos
496 2505 540 2539 qui
555 2504 581 2530 in
595 2512 674 2531 causa
690 2505 751 2531 mali
777 2509 839 2531 sunt
850 2525 857 2536 ,
873 2505 1056 2531 vehementius

268 2553 331 2586 agit.
358 2551 412 2578 Illis
434 2551 505 2578 enim
518 2550 601 2581 dicit,
618 2551 737 2577 Omnium
760 2551 922 2586 poripsrmn;
945 2551 1056 2585 illosque

268 2597 372 2624 lenit-iis
385 2595 467 2628 addit,
485 2595 544 2622 Non
559 2600 585 2621 ut
598 2596 752 2630 confundant
767 2603 819 2627 vos,
835 2595 888 2621 Ιιωε
901 2596 980 2622 scribo
994 2603 1002 2622 :
1016 2596 1056 2623 liis

266 2648 366 2673 autem,
383 2641 522 2676 Tamquam
534 2650 584 2668 non
597 2647 715 2667 venturus
728 2641 775 2666 nim
791 2641 824 2666 ml
836 2648 889 2672 vos,
902 2642 985 2676 inflati
999 2647 1057 2668 sunt

267 2690 390 2725 quidam;
405 2687 549 2714 ostendens
563 2687 672 2721 puerilis
691 2686 772 2713 animi
786 2695 845 2714 εοςο
866 2688 1055 2722 arrogantiam.

268 2735 372 2762 Etenim
387 2734 462 2769 pueri
481 2732 600 2760 absentia
616 2733 734 2766 magistri
756 2734 893 2768 segniores
910 2733 985 2760 fiunt.
1002 2733 1058 2761 Hoc

267 2787 330 2815 ergo
342 2779 484 2812 indicatur,
499 2783 527 2806 et
540 2777 610 2813 quod
624 2778 763 2813 praesentia
780 2779 844 2806 satis
858 2779 891 2806 sit
905 2779 937 2805 ad
952 2787 1056 2807 correc-

265 2825 373 2854 tionem.

603 105 630 131 S.
652 104 789 133 J0.\NNiS
807 103 1044 132 CllllYSOSTOMI
1065 103 1224 132 ARCIIIEP.
1244 103 1510 133 (ἴΟῙιδΤΑΝΤΙΝυΡ.

1833 106 1884 134 Hii

1130 162 1157 190 2.
1177 162 1406 196 Quemadmodum
1437 164 1508 190 enim
1537 164 1614 190 leone
1641 169 1771 198 praesente
1795 164 1886 190 omnia

1095 213 1230 236 terrentur
1243 209 1368 236 animalia
1384 218 1390 236 :
1405 209 1444 236 sic
1462 213 1596 244 praesente
1615 208 1697 236 Paulo
1712 209 1887 243 pertimesco—

1094 253 1157 281 bant
1169 253 1187 281 ii
1201 255 1245 289 qui
1261 255 1406 282 Ecclesiain
1420 255 1642 290 corrumpebant.
1658 254 1721 281 Ideo
1733 254 1883 289 subjonsit:

1095 299 1140 328 l9.
1165 299 1270 327 Vettium
1285 304 1369 326 autem
1383 300 1433 326 cito
1444 301 1478 326 ad
1491 308 1533 327 eos
1549 320 1556 332 ,
1579 300 1599 327 si
1629 299 1756 327 Dominus
1768 300 1887 326 voluerit.

1094 345 1145 373 Sed
1167 345 1218 373 hoc
1233 345 1318 372 solum
1332 345 1422 373 dicere
1434 366 1441 378 ,
1455 345 1643 373 comminantis
1656 352 1716 373 esse
1729 345 1886 378 videbatur;

1093 399 1205 426 operum
1219 397 1307 418 autem
1320 390 1575 418 demonstrationem
1588 396 1614 418 et
1629 392 1714 426 ipsum
1729 392 1889 426 promittere

1093 441 1120 464 et
1134 437 1167 464 ab
1182 437 1233 464 illis
1247 437 1365 472 exigere,
1381 436 1432 464 hoc
1444 437 1530 472 magni
1545 442 1570 464 et
1586 436 1707 464 sublimis
1719 441 1777 464 erat
1793 436 1887 463 animi.

1093 483 1272 517 Quamobrem
1292 489 1318 510 et
1333 482 1382 510 hoc
1396 483 1542 517 subjonxit,
1554 483 1645 510 dicens
1660 492 1667 509 τ
1683 482 1715 509 Et
1725 491 1888 518 roguosmm,

1094 539 1144 557 non
1170 538 1307 557 sermonem
1321 538 1407 556 eorum
1430 530 1473 564 qui
1493 530 1575 565 inﬂati
1598 534 1655 557 sunt
1670 550 1679 564 ,
1695 530 1740 557 sed
1760 531 1888 558 virtuttm.

1094 575 1151 602 Non
1165 576 1236 603 enim
1252 584 1283 602 ex
1299 575 1414 610 propriis
1428 580 1501 604 recte
1522 575 1597 603 factis
1612 596 1621 609 ,
1635 575 1682 604 sed
1705 582 1738 603 ex
1768 575 1888 603 doctoris

1094 621 1213 648 absentia
1222 620 1331 649 suborta
1344 625 1402 648 emt
1411 621 1561 656 arrogantia
1579 630 1585 648 :
1600 621 1669 655 quod
1682 621 1768 656 ipsum
1780 628 1889 656 quoque

1094 667 1175 694 aiiiuii
1190 672 1248 694 erat
1260 667 1442 702 despicientis.
1466 667 1527 695 Ideo
1540 675 1600 694 cum
1612 667 1722 694 dixisset
1735 689 1743 700 ,
1759 667 1821 694 Μὶιί
1841 666 1885 694 Tt‘

1095 713 1222 740 mnthe'tm
1232 734 1239 746 ,
1255 721 1306 740 non
1321 714 1410 740 statim
1425 713 1492 741 dixit
1505 734 1513 746 ,
1529 713 1640 741 Veniam
1654 735 1661 746 ,
1675 713 1722 742 sed
1735 722 1796 742 cuni
1813 714 1887 748 prius

1096 758 1168 793 ipsos
1181 764 1336 786 accusasset
1349 759 1419 794 quod
1429 759 1512 786 inﬂati
1521 763 1621 792 essent,
1631 764 1694 786 tunc
1705 760 1752 793 ait,
1771 758 1887 786 Veniam.

1095 805 1161 832 Nam
1177 805 1199 832 si
1215 810 1276 832 ante
1290 805 1489 832 accusationem
1505 805 1570 832 illud
1584 805 1734 841 posuisset,
1748 806 1888 832 excusatio

1097 853 1185 887 potius
1198 853 1253 880 visa
1266 852 1370 884 fuisset.
1387 857 1416 880 ut
1427 853 1472 888 qui
1489 861 1542 880 non
1554 852 1693 887 defuisset,
1708 859 1735 881 et
1748 861 1801 881 non
1814 862 1890 881 conv

1097 898 1208 926 minatio
1222 919 1230 931 ,
1246 906 1297 926 nec
1310 899 1445 926 credibilis
1471 907 1562 927 sermo
1580 899 1674 927 fuisset
1689 909 1696 932 ;
1713 907 1785 927 nunc
1799 905 1887 928 autem

1097 948 1157 980 post
1169 944 1367 972 accusationem
1377 945 1491 980 positum
1505 944 1616 978 dictum,
1628 950 1655 973 et
1671 945 1722 973 flde
1735 945 1846 980 dignum
1862 951 1889 973 et

1098 990 1247 1018 terribilem
1259 990 1385 1018 reddidit.
1399 991 1431 1018 Et
1444 990 1504 1018 vide
1519 991 1579 1025 ejus
1593 991 1744 1019 firmitatem
1758 992 1888 1018 securita-

1099 1040 1214 1071 temque.
1228 1035 1284 1063 Non
1297 1037 1367 1063 enim
1381 1036 1539 1070 simpliciter
1551 1036 1629 1068 dixit,
1652 1036 1765 1068 Vettium,
1778 1037 1825 1064 sed
1836 1059 1843 1070 ,
1859 1038 1889 1064 Si

1099 1081 1221 1109 Dominus
1231 1081 1336 1108 voluerit
1347 1090 1355 1113 ι
1371 1089 1420 1109 nec
1431 1087 1537 1116 tempus
1545 1082 1717 1109 constitutum
1727 1083 1811 1117 ponit.
1822 1084 1889 1116 Quia

1098 1129 1169 1155 enim
1183 1128 1296 1162 contigit
1309 1136 1370 1155 eum
1389 1128 1490 1155 tardius
1503 1128 1633 1156 accedere
1644 1149 1651 1161 ,
1666 1136 1699 1156 ex
1714 1129 1817 1156 incerto
1832 1129 1890 1156 vult

1098 1174 1159 1202 illos
1170 1174 1263 1201 dubios
1278 1174 1358 1201 animi
1384 1178 1412 1202 et
1433 1182 1579 1209 suspcnSos
1595 1179 1697 1202 tenere.
1716 1175 1749 1202 Et
1772 1183 1805 1202 ne
1826 1183 1888 1210 pro-

1099 1225 1189 1255 pterea
1203 1227 1293 1248 rursas
1306 1220 1448 1248 concidant
1458 1242 1464 1252 ,
1473 1221 1590 1253 addidit,
1600 1220 1664 1248 Cito.
1681 1221 1714 1248 Et
1729 1230 1888 1256 cognoscant,

1099 1274 1150 1293 non
1164 1274 1302 1293 sermonem
1318 1274 1402 1293 eorum
1413 1266 1456 1301 qui
1463 1267 1546 1301 inﬂati
1558 1271 1625 1298 sunt,
1638 1266 1682 1293 sed
1697 1267 1821 1294 virtutem.
1832 1267 1860 1293 Νι
1873 1275 1889 1293 ιι

1099 1312 1175 1343 dixit,
1187 1311 1352 1346 Cognoscani
1367 1312 1534 1345 sapientiam,
1549 1320 1635 1346 neque
1646 1312 1736 1346 signa;
1752 1313 1797 1340 sed
1813 1312 1890 1347 quid?

1100 1356 1161 1384 Non
1175 1365 1313 1384 sermonem
1329 1365 1338 1390 ;
1352 1362 1379 1384 et
1394 1357 1457 1384 illud
1473 1357 1577 1392 prolato
1593 1358 1701 1385 nomine
1711 1357 1866 1392 deprimens
1882 1378 1890 1390 ,

1100 1409 1127 1431 et
1141 1403 1191 1430 hoc
1204 1404 1345 1430 extollens.
1363 1404 1394 1431 Et
1409 1403 1514 1431 interim
1530 1411 1683 1431 sermonem
1694 1403 1822 1438 dirigitad
1830 1411 1889 1434 eos.

1100 1449 1146 1484 qui
1162 1449 1348 1476 foriiicatorein
1363 1449 1498 1476 fovebant.
1508 1449 1574 1476 Nam
1583 1449 1604 1476 δί
1616 1449 1689 1476 illum
1699 1450 1891 1484 :Iilthltcl'elltl',

1102 1503 1153 1522 non
1167 1495 1268 1522 diceret
1281 1496 1414 1528 virtutem,
1427 1495 1473 1522 sed
1484 1503 1575 1530 opera,
1585 1502 1645 1530 qute
1663 1500 1788 1530 corrupta
1801 1500 1889 1522 erant.

1102 1541 1135 1568 Et
1161 1549 1209 1568 cur
1232 1549 1283 1568 non
1309 1541 1408 1576 (pueris
1432 1540 1678 1568 seruiouethon
1699 1541 1769 1574 quod
1798 1541 1890 1568 Vt'l‘itls

1101 1595 1204 1622 egeam.
1219 1586 1266 1614 sed
1277 1588 1337 1622 quia
1351 1587 1377 1614 in
1394 1588 1492 1614 virtute
1506 1595 1548 1614 reti
1565 1592 1664 1615 nostra:
1678 1588 1840 1615 consistunt.
1857 1588 1894 1616 Ut

1104 1634 1182 1668 igitur
1193 1634 1220 1660 iii
1233 1634 1303 1660 bello
1318 1642 1369 1660 non
1385 1634 1468 1661 multa
1480 1634 1646 1669 loquentium
1660 1655 1667 1666 ,
1684 1633 1730 1661 sed
1747 1634 1828 1660 multa
1845 1642 1892 1668 pa-

1104 1679 1228 1705 trantium
1240 1683 1302 1706 sunt
1317 1679 1442 1714 prmi-lare
1457 1684 1530 1713 gesta
1546 1688 1552 1705 :
1566 1679 1600 1707 ita
1617 1679 1660 1706 hic
1670 1687 1776 1714 quoque
1792 1688 1844 1707 non
1854 1680 1895 1706 lo-

1103 1726 1241 1759 quentium
1258 1745 1265 1756 ,
1281 1725 1326 1751 sed
1341 1725 1510 1759 operantium
1525 1730 1562 1751 est
1580 1725 1701 1751 victoria.
1717 1726 1807 1752 Altum
1822 1726 1895 1759 sapis

1104 1772 1139 1798 i-b
1159 1771 1308 1797 facundiam
1326 1792 1333 1803 ,
1350 1771 1451 1805 inquit;
1477 1770 1523 1797 sed
1545 1771 1565 1797 si
1597 1771 1733 1798 rhetorum
1752 1776 1889 1798 certamen

1104 1822 1176 1845 esset
1191 1822 1218 1844 et
1233 1823 1337 1851 tempus
1354 1837 1362 1850 ,
1384 1821 1456 1844 recte
1477 1816 1536 1843 ideo
1551 1817 1596 1843 tibi
1613 1817 1752 1850 placeres;
1768 1817 1790 1844 si
1806 1824 1895 1843 autem

1105 1863 1287 1897 apostolorum
1304 1864 1443 1890 veritatem
1465 1864 1681 1890 aniiiintiaiitium
1695 1884 1702 1896 ,
1721 1868 1748 1890 et
1769 1863 1841 1890 illam
1858 1864 1896 1890 si-

1105 1909 1163 1943 gnis
1176 1908 1390 1936 confirmantium
1408 1930 1416 1941 ,
1440 1909 1503 1943 quid
1529 1908 1630 1936 inﬂaris
1644 1909 1678 1937 de
1694 1917 1722 1936 re
1737 1909 1871 1944 Super-ibin
1888 1930 1895 1942 ,

1106 1963 1165 1990 qua:
1180 1955 1243 1982 nihil
1258 1959 1309 1987 cst,
1322 1959 1350 1982 et
1361 1955 1392 1981 ad
1408 1955 1551 1989 praesentia
1566 1955 1631 1982 nihil
1647 1954 1772 1982 conferre
1789 1955 1872 1990 possit
1885 1955 1897 1982 3

1105 2001 1173 2034 Quid
1195 2002 1266 2028 enim
1285 2001 1428 2028 verborum
1444 2002 1590 2028 ostentatio
1605 2005 1696 2035 posset
1710 2001 1743 2028 ad
1759 2006 1895 2028 mortuum

1107 2047 1288 2074 suseitaudum
1305 2067 1313 2079 ,
1335 2051 1381 2073 aut
1406 2046 1543 2073 daauoues
1564 2046 1702 2081 pellendus
1722 2067 1729 2079 ,
1753 2052 1797 2073 aut
1823 2046 1894 2073 aliud

1109 2094 1252 2128 quodpiam
1264 2093 1421 2120 miraculum
1437 2093 1604 2127 patrandum.
1619 2092 1665 2120 llis
1679 2100 1748 2120 nunc
1762 2101 1828 2127 opus
1845 2098 1896 2127 est,

1107 2145 1135 2167 et
1162 2148 1208 2174 per
1238 2140 1293 2166 haec
1319 2147 1362 2166 res
1389 2145 1486 2166 nostra:
1511 2140 1669 2166 consistunt.
1696 2140 1809 2174 Ideoque
1833 2141 1897 2166 sub-

1106 2185 1192 2219 jimxit
1207 2185 1270 2212 :‘20.
1288 2184 1347 2211 Non
1363 2185 1429 2211 enim
1444 2185 1470 2211 in
1485 2193 1599 2212 sermone
1611 2190 1648 2211 est
1661 2193 1766 2219 regnum
1781 2185 1838 2216 Dei,
1855 2186 1898 2211 sed

1108 2231 1134 2257 in
1150 2231 1248 2257 i-irtutc.
1265 2230 1315 2258 Per
1329 2231 1415 2264 signa,
1429 2230 1524 2265 inquit,
1539 2238 1590 2257 non
1605 2238 1652 2265 per
1666 2230 1814 2257 facundiam
1829 2231 1896 2256 viei-

1109 2285 1168 2303 nuis
1179 2296 1186 2307 ,
1203 2281 1229 2303 et
1242 2275 1311 2310 quod
1327 2276 1415 2302 divina
1429 2276 1465 2303 sit
1479 2275 1600 2303 docti-ina
1623 2280 1713 2302 nostra
1725 2295 1732 2307 ,
1746 2279 1774 2302 et
1788 2283 1898 2310 regnum

1108 2323 1234 2350 cii-lorum
1249 2323 1437 2350 annnntiemus
1448 2343 1455 2356 ,
1473 2323 1616 2349 maximum
1631 2326 1817 2357 argumentum
1832 2330 1899 2356 pra:-

1110 2368 1225 2400 biiinins,
1241 2368 1314 2403 signa
1327 2376 1433 2403 nempe,
1448 2376 1507 2403 quae
1521 2375 1569 2403 per
1584 2368 1709 2395 virtutem
1726 2367 1842 2402 Spiritus
1858 2367 1897 2393 fa-

1110 2414 1204 2440 cimus.
1218 2414 1245 2441 Si
1268 2421 1332 2448 ergo
1349 2414 1435 2448 magni
1453 2413 1558 2449 quidam
1573 2413 1621 2440 viri
1640 2421 1700 2440 esse
1715 2413 1807 2440 volunt
1821 2413 1838 2440 ii
1855 2415 1899 2447 qui

1112 2467 1181 2486 nunc
1195 2463 1257 2486 sunt
1271 2459 1364 2488 inflati.
1380 2467 1440 2486 eum
1455 2459 1599 2491 advenero,
1611 2458 1753 2485 ostendant
1763 2479 1770 2489 ,
1786 2459 1808 2485 si
1819 2466 1898 2494 quam

1111 2505 1190 2532 talem
1216 2505 1339 2532 virtutem
1366 2505 1481 2532 habeant
1497 2513 1504 2536 ;
1520 2512 1606 2539 neque
1631 2505 1773 2531 verborum
1804 2503 1899 2530 fastum

1112 2550 1176 2577 mihi
1193 2551 1340 2577 obtendant
1356 2560 1363 2577 :
1380 2558 1424 2577 ars
1439 2550 1509 2576 enim
1525 2550 1566 2576 illa
1579 2549 1644 2576 nihil
1658 2548 1690 2575 ad
1703 2557 1762 2576 nos.
1776 2548 1821 2576 2|.
1834 2546 1902 2582 Quid

1111 2596 1186 2622 vultis
1197 2596 1209 2622 ?
1221 2596 1246 2621 in
1259 2596 1328 2630 rirga
1343 2596 1439 2621 ratium
1454 2595 1487 2621 ad
1503 2603 1554 2628 vos,
1569 2603 1602 2620 un
1616 2595 1642 2620 in
1652 2595 1758 2621 caritate
1771 2600 1794 2620 et
1809 2595 1900 2628 spiritu

1111 2641 1311 2668 nimiruetudinis
1326 2641 1337 2667 ?
1351 2641 1461 2667 Multum
1477 2641 1586 2667 terroris
1601 2645 1627 2667 et
1649 2641 1760 2667 multum
1784 2640 1901 2666 lenitatis

1112 2687 1154 2714 hic
1167 2695 1256 2714 sermo
1271 2695 1324 2721 pra:
1337 2694 1366 2714 se
1381 2686 1441 2713 fert.
1460 2686 1553 2713 Dicere
1565 2687 1648 2718 enim,
1663 2685 1830 2720 Cogiioscmn,
1842 2692 1902 2712 sese

1111 2732 1271 2760 continentis
1287 2737 1363 2764 erat;
1378 2732 1467 2759 dicere
1480 2736 1568 2758 autem
1581 2740 1588 2758 :
1601 2731 1670 2764 Quid
1687 2731 1782 2758 vultis?
1796 2731 1821 2757 in
1833 2731 1902 2764 virga

1111 2779 1208 2805 uentum
1217 2777 1250 2804 uti
1260 2778 1322 2804 vos?
1336 2778 1393 2812 ejus
1406 2776 1502 2811 estqui
1515 2777 1542 2804 iu
1555 2776 1684 2803 doctrina
1697 2776 1793 2803 solium
1806 2783 1902 2803 ascen-

1115 2826 1163 2857 dit.
1178 2831 1204 2853 et
1218 2824 1279 2853 inde
1292 2824 1400 2852 disserit
1412 2844 1420 2858 ,
1437 2828 1570 2858 totamque
1581 2823 1767 2850 auctoritatem
1786 2821 1901 2856 accepit,
