2041 3111
159 169 204 196 H1

156 226 224 260 Quid
242 230 284 253 est
301 247 309 259 ,
326 226 359 252 In
373 226 466 261 virga?
481 225 506 252 id
522 230 562 252 est
574 245 581 256 ,
596 225 622 252 itt
635 223 809 259 castigatione
825 244 832 256 ,
847 223 873 250 iu
885 229 945 256 sup-

157 273 236 307 p'ieio
250 281 258 304 ;
275 271 327 298 hoc
342 276 383 298 est
395 293 404 304 ,
422 271 458 298 De
470 270 558 298 medio
573 269 661 297 tollam
678 290 686 302 ,
700 269 839 296 excmcabo
856 277 862 295 :
878 267 949 302 quod

158 318 184 345 in
197 317 331 352 Sapphira
343 317 441 344 Petrus
456 316 528 348 iecit,
541 321 566 342 ct
577 316 634 350 ipse
646 316 670 342 itt
686 315 778 350 Etyma
794 322 881 350 mago.
894 313 951 340 Non

158 363 229 391 enim
246 363 302 398 jam
319 363 406 396 dicit,
422 367 556 397 tamquam
575 369 605 388 se
626 368 686 388 eum
707 361 761 388 illis
780 367 950 394 comparans,

158 408 204 436 sed
224 416 287 436 cum
310 409 483 436 auctoritate.
497 407 530 434 Et
543 409 567 434 in
583 406 699 434 secunda
718 407 832 441 cpistola
847 405 898 433 ltoc
913 406 952 441 ip-

157 463 216 482 sum
231 455 322 482 dicere
336 454 547 489 deprehenditur
561 475 568 486 ,
590 461 650 480 cum
666 453 703 480 ait
717 461 723 479 :
737 452 776 479 Au
796 452 952 487 experimen-

159 507 210 528 tum
221 501 333 536 qua'ritis
345 501 401 535 ejus
414 521 421 534 ,
436 501 478 535 qui
490 501 516 527 in
527 508 565 526 me
579 499 690 534 loquitur
699 519 706 531 ,
718 498 809 525 Christi
822 499 830 532 (
846 497 873 524 2.
891 497 949 524 Cor.

159 549 203 576 13.
218 548 246 583 5)
258 549 269 573 1’
283 547 316 575 In
327 549 398 583 virga
411 547 507 574 veniant
523 568 530 580 ,
545 555 577 572 an
591 547 616 572 in
631 546 735 572 caritate
747 546 759 571 7
772 544 840 578 Quid
856 544 926 571 enim
942 564 950 576 ,

158 595 183 621 itt
199 595 273 629 virga
295 594 387 621 venire
403 613 411 624 .
427 601 515 620 annon
531 592 649 619 caritatis
663 591 675 618 ?
696 590 820 617 Caritatis
842 589 950 624 quidem

158 645 230 672 erat;
245 639 293 667 sed
312 640 372 674 quia
386 639 429 674 qui
444 638 529 673 diligit
545 659 553 671 ,
570 638 611 664 vix
627 637 659 663 ad
675 644 778 670 pmnam
794 635 950 662 sumendam

158 685 265 712 ducitur
275 705 284 718 ,
298 685 357 712 ideo
370 685 405 711 ita
419 684 545 718 loquitur.
557 683 624 710 Cum
639 690 702 717 ergo
716 683 748 709 de
760 682 892 716 supplicio
906 680 949 708 di-

157 731 246 762 cebat.
271 738 322 757 non
346 729 422 762 dixit,
452 729 483 756 Et
503 729 598 763 spiritu
623 727 758 758 lenitatis,
783 727 840 758 sed,
863 725 947 761 Virgo.

157 777 285 810 Quamvis
297 776 361 803 illud
373 783 479 811 quoque
487 775 587 810 Spiritu
599 774 674 801 ﬁeret
686 783 692 800 :
705 779 744 801 est
755 773 825 801 enitn
840 772 949 808 spiritus

157 821 370 850 mansuetudinis
384 826 411 848 et
421 821 530 856 spiritus
545 820 712 852 severitatis;
728 827 819 846 verum
829 826 881 845 non
894 818 949 845 vult

157 869 234 896 illum
258 869 293 896 ita
308 889 315 901 ,
331 868 379 896 sed
408 876 421 895 a
447 867 646 902 benignioribus
670 873 776 894 vocare.
798 865 947 901 Il‘ropterea

160 916 230 944 Deus
250 923 354 951 quoque
376 915 480 942 etiamsi
503 914 613 949 ptntiat,
628 913 699 948 quod
713 913 748 939 sit
771 911 924 939 misericors
938 931 946 943 ,

157 962 314 997 longanimis
322 967 347 988 et
360 961 436 988 dives
445 961 470 987 in
483 959 665 987 misericordia
677 964 704 986 et
719 957 945 990 miserationibus,

154 1015 227 1043 sepe
239 1008 355 1040 dicitttr;
371 1007 442 1042 quod
454 1014 519 1034 vero
534 1007 624 1041 pttniat
641 1027 648 1038 ,
664 1005 747 1032 semel
772 1009 819 1032 aut
836 1004 877 1031 bis
901 1009 945 1031 aut

153 1058 229 1081 certe
244 1061 306 1081 raro
317 1075 324 1085 ,
338 1053 417 1087 idque
431 1056 540 1088 urgente
551 1059 642 1079 causa.
666 1051 696 1078 Et
714 1050 774 1077 vide
787 1051 946 1085 sapientiam

148 1099 239 1126 Pauli.
264 1099 330 1126 Cum
346 1103 504 1134 potestatem
519 1098 628 1125 haberet
644 1119 651 1129 ,
667 1097 821 1124 alterutrius
844 1097 881 1124 rei
900 1096 946 1123 dat

155 1144 220 1179 ipsis
248 1145 403 1179 optionem,
418 1144 510 1171 dicens
527 1152 533 1170 :
552 1143 621 1177 Quid
637 1143 710 1170 vultis
723 1143 735 1170 ?
748 1150 791 1170 res
805 1147 845 1170 est
859 1142 945 1177 posita

153 1191 178 1218 in
195 1196 282 1218 vestra
297 1195 438 1226 potestate.
453 1190 558 1217 Etenim
571 1195 598 1217 et
614 1190 664 1216 hoc
674 1189 771 1216 ctillttd
780 1193 820 1216 est
830 1189 944 1224 positum

152 1237 182 1263 in
198 1242 289 1264 nostra
306 1241 440 1271 potestate
452 1257 459 1269 ,
476 1240 504 1264 ut
519 1236 560 1263 vel
575 1235 600 1263 in
615 1235 762 1270 gehennam
775 1235 921 1263 incidamus
935 1256 943 1269 ,

151 1282 194 1310 vel
209 1290 322 1317 regnum
336 1289 532 1316 consequamur
548 1291 553 1308 :
571 1281 695 1316 quoniam
714 1282 783 1309 Deus
798 1282 836 1309 sic
851 1282 942 1308 voluit.

151 1327 217 1354 Ecce
228 1328 313 1360 enittt,
330 1328 430 1362 inquit,
447 1329 529 1362 ignem
543 1332 564 1353 et
578 1336 668 1362 aquam
686 1335 694 1354 :
708 1327 741 1354 ad
755 1328 824 1362 quod
836 1328 944 1354 volueris

149 1374 270 1400 extendes
282 1382 386 1400 manum
400 1379 469 1400 luant
480 1373 572 1407 (Eoclt‘.
644 1373 686 1400 16.
700 1381 725 1399 m
740 1371 849 1408 erco);
865 1378 902 1404 et,
914 1372 944 1400 Si

149 1419 280 1446 volueritis
293 1440 301 1452 ,
317 1424 340 1446 et
361 1428 401 1446 me
423 1419 554 1446 audieritis
571 1439 577 1451 ,
604 1418 667 1446 bona
685 1423 759 1445 ten-te
787 1419 919 1445 comedetis
934 1419 941 1433 ¹

150 1466 226 1502 (luti.
245 1467 270 1493 1.
289 1466 344 1502 19).

186 1513 210 1540 ὃ.
230 1512 347 1547 Regnum
372 1511 491 1538 calorum
512 1510 636 1546 quomodo
659 1511 849 1546 acquirendttm.
862 1525 897 1530 —
910 1511 944 1538 At

149 1559 266 1587 fortasse
278 1559 348 1586 dicet
360 1558 502 1593 quispiam,
514 1557 590 1584 Volo.
608 1558 639 1584 Et
651 1564 733 1584 nemo
746 1557 782 1583 ita
793 1557 890 1584 stulttts
902 1561 943 1584 est

150 1611 178 1633 ut
192 1605 258 1633 nolit
277 1626 283 1636 ,
299 1605 346 1632 sed
360 1612 413 1632 non
425 1604 522 1631 sullicit
536 1604 598 1630 tnilti
612 1604 690 1631 velle.
708 1603 854 1630 Enimvero
867 1603 942 1630 sufli-

148 1651 196 1683 cit,
208 1651 230 1677 si
246 1649 312 1677 velis
325 1655 353 1676 ut
365 1653 481 1684 oportet,
495 1653 522 1675 et
535 1657 565 1676 ea
580 1648 661 1675 facias
675 1656 733 1683 qua:
744 1648 857 1675 volentis
868 1652 941 1675 sunt:

150 1704 220 1723 nunc
235 1699 324 1722 autem
341 1703 393 1722 non
408 1694 549 1721 admodum
564 1695 613 1722 vis.
629 1694 662 1721 Et
675 1694 726 1721 hoc
738 1694 764 1720 itt
778 1694 838 1721 aliis
851 1694 943 1728 explo-

150 1749 241 1769 remus
257 1761 264 1773 ,
281 1741 303 1768 si
320 1741 416 1776 placet.
436 1741 483 1767 Dic
497 1741 568 1768 ettint
582 1739 647 1767 milti
664 1761 671 1771 ,
694 1740 739 1775 qui
754 1739 810 1766 vult
832 1747 942 1767 uxorem

150 1788 248 1816 ducere
266 1809 272 1819 ,
295 1787 397 1814 satisne
412 1786 492 1813 habet
512 1786 582 1821 qttod
596 1786 678 1813 velit?
691 1785 860 1820 Nequaquam
874 1794 881 1817 ;
896 1784 942 1812 sed

149 1834 228 1861 etiam
242 1833 377 1868 pronubas
391 1832 486 1867 quzcrit
501 1852 508 1865 ,
523 1836 550 1859 et
563 1832 663 1858 amicos
680 1835 755 1866 rogat
770 1838 859 1858 secum
874 1831 942 1866 vigi-

149 1879 204 1906 lent
214 1900 221 1912 ,
238 1879 418 1914 pecuniasque
432 1878 541 1913 colligit.
554 1878 655 1904 Rursus
666 1882 807 1910 mercator,
825 1885 875 1904 non
892 1877 941 1903 do-

148 1925 183 1951 mi
196 1924 294 1951 sedrns
305 1924 372 1951 satis
384 1924 464 1951 habet
476 1923 546 1958 quod
555 1923 627 1956 velit,
643 1922 689 1950 sed
701 1930 794 1949 navem
805 1922 940 1955 conducit,

147 1975 174 1996 et
186 1974 281 1996 nautas
294 1970 462 2004 remigesque
472 1969 574 2004 colligit
585 1988 592 2001 ,
609 1968 746 2003 pecuniam
762 1968 807 1995 dat
822 1968 916 1996 fmnori
933 1989 940 2002 ,

147 2021 174 2043 et
185 2016 217 2042 de
231 2015 311 2048 locis,
324 2015 412 2050 deque
424 2022 514 2042 rerum
528 2015 660 2042 venalium
677 2014 763 2050 pretio
782 2015 888 2042 curiose
902 2014 943 2042 in-

147 2061 238 2096 quirit.
248 2061 390 2094 Quomodo
399 2061 478 2096 igitur
487 2068 539 2088 non
553 2060 695 2087 absurdum
704 2059 781 2087 fuerit
791 2060 816 2087 itt
829 2060 941 2088 terrenis

149 2111 249 2133 tantam
265 2107 395 2134 adhibere
411 2114 520 2139 curam;
534 2106 628 2133 cat-lum
644 2111 731 2134 autent
746 2113 836 2134 emere
849 2106 941 2134 volen-

149 2155 199 2184 tes,
213 2151 268 2178 sola
281 2151 417 2179 voluntate
432 2156 572 2178 contentos
586 2151 668 2179 esse?
688 2151 742 2178 imo
756 2159 820 2178 vero
842 2159 875 2178 ne
890 2151 942 2179 hoc

148 2196 236 2231 ipsttm
249 2205 310 2224 cum
334 2197 491 2232 congruenti
505 2197 640 2232 diligentia
655 2198 799 2232 prmstarc?
819 2197 883 2224 Nam
897 2198 941 2232 qui

148 2241 204 2268 vult
219 2245 248 2268 ut
262 2246 379 2276 oportet,
395 2249 440 2269 res
451 2249 556 2276 quoque
573 2242 734 2278 aggreditur.
758 2250 816 2277 qua:
836 2242 868 2269 ad
884 2251 940 2270 rem

147 2287 293 2321 expetitam
306 2288 417 2314 ducunt.
432 2288 538 2315 Etenim
554 2288 660 2322 quando
675 2288 778 2316 esuries
796 2289 943 2316 necessita-

150 2337 200 2360 tem
216 2333 295 2361 affert
309 2334 372 2365 cibi,
395 2341 448 2361 non
461 2339 600 2369 exspectas
611 2339 638 2362 ut
650 2335 775 2362 alitnenta
789 2339 884 2370 sponte
895 2343 941 2363 sua

149 2379 181 2406 ad
197 2383 222 2406 te
236 2379 359 2412 veniant,
372 2379 419 2406 sed
435 2380 501 2406 nihil
515 2387 568 2407 non
583 2380 639 2415 agis
658 2384 686 2407 ut
706 2388 794 2408 escam
808 2381 917 2416 colligas
933 2389 940 2407 :

150 2431 175 2452 ct
191 2425 216 2452 in
229 2425 273 2452 siti
285 2430 312 2452 et
326 2426 352 2452 in
373 2425 481 2461 frigore,
504 2426 529 2453 in
543 2427 655 2461 aliisque
679 2427 803 2454 omnibus
817 2435 899 2454 navus
913 2435 943 2455 es

150 2475 176 2496 et
191 2471 222 2498 ad
236 2478 328 2498 curam
342 2471 463 2506 corporis
476 2476 591 2506 paratus.
608 2472 663 2499 Hoc
673 2480 736 2507 ergo
746 2473 816 2500 circa
830 2480 941 2507 regnum

150 2515 277 2543 caelorum
294 2516 386 2549 facito,
400 2521 427 2544 et
442 2517 552 2544 omnino
566 2517 651 2552 ipsum
672 2518 856 2553 consequeris.
882 2518 943 2546 ideo

150 2567 265 2596 namque
279 2565 306 2588 te
320 2561 405 2589 libero
416 2562 524 2589 arbitrio
538 2562 676 2596 przeditum
692 2563 754 2591 fecit
769 2564 852 2596 Deus,
868 2569 897 2591 ut
910 2572 944 2591 ne

152 2610 242 2640 postea
263 2614 377 2635 accuses
392 2615 453 2635 eum
467 2608 543 2644 quasi
558 2609 718 2637 necessitate
732 2610 882 2645 colligatus.
902 2610 942 2638 Tu

153 2661 218 2682 vero
230 2655 264 2682 de
279 2656 322 2687 iis.
339 2663 452 2690 quorum
464 2656 594 2684 honmem
608 2664 637 2684 es
651 2661 841 2692 consequutus,
857 2658 890 2685 de
901 2658 943 2691 iis,

150 2701 270 2736 inquam,
283 2702 430 2737 indignaris
438 2703 452 2729 Ἰ
462 2702 527 2730 Nam
538 2703 636 2732 multos
648 2704 736 2731 audivi
747 2704 878 2736 dicentes,
893 2705 945 2732 Cur

155 2754 195 2775 me
210 2747 273 2775 fecit
291 2747 409 2781 virtutis,
421 2748 444 2775 si
467 2749 556 2783 velim,
579 2751 751 2785 compotem?
765 2749 817 2778 Sed
838 2754 946 2786 oporte-

171 2860 193 2894 ,⁸
200 2859 257 2895 D_uo
267 2860 462 2895 (lodd._al_terutn
471 2862 590 2895 addentes
600 2863 746 2889 versiculum
759 2863 845 2895 legunt
858 2870 864 2889 1
878 2861 944 2893 Quod

157 2892 175 2916 si
184 2892 317 2922 nolueritis,
327 2892 426 2923 gladius
438 2893 559 2918 devoravit
570 2900 619 2919 vox.

312 2933 448 2962 l’n‘aoc.
470 2933 528 2963 GR.
557 2932 633 2962 LXI.

686 165 717 193 IN
737 164 842 192 EPIST.
865 165 873 192 ι
905 164 952 191 ΑΒ
971 164 1048 191 COR.
1071 164 1184 191 llOillL
1208 165 1277 193 XIV.

1751 169 1799 195 |l8

1006 221 1084 249 hatne
1096 227 1121 249 le
1135 222 1311 250 dormientem
1321 227 1348 250 et
1358 223 1558 255 dormitantem,
1569 224 1639 251 vitiis
1650 224 1785 252 addictum

1006 266 1186 301 delicianlem,
1203 268 1288 296 ventri
1304 268 1486 304 indulgentem
1505 270 1529 296 in
1543 270 1636 297 caelum
1653 270 1798 297 inducere?

1005 314 1039 340 At
1053 321 1067 341 a
1083 314 1146 341 vitio
1161 322 1214 341 non
1225 315 1412 343 abstinuisses.
1429 315 1456 343 Si
1472 316 1542 343 enim
1557 325 1627 344 nunc
1638 317 1797 344 instantibus

1004 359 1094 393 tninis,
1111 367 1197 394 tteque
1211 360 1250 388 sic
1263 369 1279 388 a
1292 361 1409 396 nequitia
1423 361 1542 389 abstines
1552 383 1560 395 ,
1583 363 1687 390 etiamsi
1702 363 1796 390 ctrlum

1005 404 1051 432 tibi
1077 406 1215 440 prtemiutn
1236 408 1427 441 proposuisset,
1443 408 1611 442 quandonam
1636 409 1797 437 cessavisses

1005 449 1062 478 fieri
1077 451 1217 479 socordior
1229 457 1256 478 et
1272 453 1357 480 multo
1372 453 1508 480 deterior?
1527 453 1583 480 Non
1609 454 1680 481 enim
1707 454 1797 482 dicere

1003 497 1100 530 possis,
1118 497 1240 524 Ostendit
1253 498 1360 532 quidem
1376 498 1456 531 bona,
1480 499 1526 526 sed
1540 507 1617 534 opem
1639 508 1691 527 non
1713 501 1771 527 tulit
1787 509 1794 527 :

1004 542 1116 570 multum
1133 544 1204 570 enint
1218 544 1306 571 auxilii
1327 545 1373 571 tibi
1389 545 1538 579 pollicetur.
1555 546 1607 574 Sed
1635 547 1729 579 virtus,
1753 548 1793 575 in-

1003 588 1088 622 quies,
1101 597 1214 616 onerosa
1230 595 1271 617 est
1284 595 1311 617 et
1326 590 1454 622 ntolesta;
1469 599 1531 618 cum
1545 593 1608 619 vitio
1621 598 1708 620 autent
1726 594 1795 620 ntul-

1003 638 1058 661 tum
1074 635 1264 662 commiscetur
1280 636 1437 670 voluptatis;
1463 641 1488 663 et
1511 637 1562 664 hoc
1583 639 1688 672 quidem
1713 639 1792 666 latum

1002 685 1042 706 est
1057 685 1082 706 et
1097 680 1254 725 spatiosum,
1266 686 1349 708 v:rtus
1357 687 1445 708 autem
1459 687 1530 709 arcta
1542 687 1569 710 et
1582 689 1701 718 angusta.
1713 684 1790 716 Num.

1002 734 1102 761 quaeso,
1119 734 1226 762 semper
1239 735 1272 754 an
1291 727 1324 754 ab
1340 728 1416 755 initio
1428 729 1508 756 antho
1523 729 1653 764 ejttsmodi
1671 730 1792 757 fuerunt?

1002 772 1038 799 De
1054 773 1150 800 virtute
1165 773 1235 800 euittt
1254 774 1351 800 invitus
1365 774 1431 801 dicis
1445 782 1475 801 ea
1491 783 1549 809 qua:
1558 775 1640 808 dicis;
1652 776 1686 802 ita
1698 780 1792 810 potens

1000 822 1041 844 est
1053 818 1159 846 veritas.
1173 818 1238 845 Nam
1256 819 1278 846 si
1294 819 1352 846 dua:
1375 824 1464 847 essent
1485 820 1544 853 vim,
1566 829 1677 855 quarutn
1694 821 1743 848 alia
1759 822 1790 847 ad

1000 863 1146 896 fornacem,
1162 864 1213 891 alia
1225 864 1257 892 ad
1273 865 1425 900 paradisum
1440 866 1561 899 duceret,
1578 872 1604 894 ct
1618 867 1670 894 lata
1684 867 1789 902 quidem

999 910 1031 936 ad
1051 911 1196 943 fornacem,
1214 916 1285 938 arcta
1297 920 1361 940 vero
1372 912 1404 940 ad
1417 913 1567 947 paradisum
1584 922 1590 940 :
1608 919 1693 940 utratn
1708 914 1791 948 elige-

999 963 1042 983 res
1058 957 1149 984 viam?
1164 956 1275 984 Etiamsi
1289 958 1360 984 enim
1375 965 1446 985 nunc
1459 959 1598 993 disputans
1608 959 1773 986 eontradicas
1783 981 1789 991 ,

998 1003 1167 1036 quantumvis
1181 1003 1321 1038 impudens
1333 1003 1424 1037 fueris,
1438 1004 1470 1031 iis
1480 1012 1538 1039 qua:
1552 1005 1577 1031 in
1593 1005 1716 1033 confesso
1728 1010 1790 1032 sunt

998 1055 1051 1074 non
1066 1049 1165 1082 poteris
1185 1050 1379 1077 contradicere.
1402 1049 1469 1077 Nam
1497 1050 1567 1084 quod
1593 1058 1624 1077 ea
1647 1051 1681 1078 sit
1706 1052 1788 1085 magis

997 1094 1130 1129 eligenda,
1144 1103 1203 1129 qua:
1214 1095 1396 1123 habetdurum
1409 1095 1522 1128 initium,
1535 1104 1587 1123 non
1598 1102 1686 1124 autent
1697 1097 1786 1128 linem,

997 1140 1031 1166 ab
1044 1140 1076 1167 iis
1090 1147 1150 1175 quze
1176 1140 1201 1167 in
1217 1146 1340 1175 promptu
1365 1147 1428 1169 sunt
1448 1141 1544 1169 dorere
1570 1143 1697 1170 conabor.
1714 1143 1746 1170 Et
1766 1143 1787 1170 si

996 1186 1093 1221 placet,
1109 1191 1182 1214 artes
1197 1187 1311 1222 primunt
1325 1193 1469 1216 tractemus
1479 1197 1486 1216 :
1498 1189 1549 1216 illa:
1561 1197 1674 1224 namque
1685 1189 1787 1216 iuitiutu

998 1231 1089 1259 labore
1103 1233 1208 1267 plenutu
1225 1233 1334 1267 habent,
1358 1234 1437 1261 liuent
1460 1242 1523 1262 vero
1548 1240 1740 1270 qumstuosum.
1756 1237 1789 1262 At

997 1285 1086 1310 nemo,
1101 1279 1215 1313 inquies,
1232 1283 1318 1307 artem
1331 1280 1428 1315 attigit,
1444 1281 1493 1308 nisi
1507 1289 1520 1308 a
1540 1283 1664 1316 quopiam
1679 1290 1788 1317 cogere-

997 1329 1048 1351 tttr.
1062 1324 1128 1351 Nam
1144 1325 1165 1352 si
1178 1332 1243 1359 ptter
1253 1325 1293 1352 sui
1304 1325 1372 1360 juris
1388 1327 1432 1359 sit,
1445 1326 1526 1354 malet
1541 1327 1566 1354 itt
1582 1327 1684 1354 deliciis
1699 1328 1788 1354 vivere

995 1369 1082 1402 initio,
1092 1375 1117 1397 et
1127 1369 1153 1397 in
1166 1370 1218 1398 line
1229 1370 1366 1398 iunuutera
1375 1373 1476 1406 perpeti
1492 1372 1571 1405 mala,
1584 1380 1662 1407 quant
1679 1373 1703 1401 in
1716 1373 1787 1407 prin-

995 1416 1065 1451 cipio
1088 1417 1186 1444 misere
1211 1417 1315 1451 vivere,
1340 1422 1366 1444 et
1392 1418 1512 1445 laborum
1539 1418 1644 1445 illorum
1671 1418 1785 1445 fructum

995 1468 1087 1498 postea
1100 1465 1215 1498 assequi.
1229 1464 1299 1499 Ergo
1309 1464 1351 1491 illa
1366 1464 1465 1499 eligere
1480 1468 1521 1492 est
1529 1464 1681 1499 orphanica:
1691 1465 1786 1492 mentis

995 1514 1022 1536 et
1038 1510 1145 1544 puerilis
1157 1511 1287 1538 socordize
1301 1519 1307 1542 ;
1322 1511 1458 1538 contraria
1479 1518 1544 1538 vero
1557 1511 1693 1545 prudentis
1707 1516 1734 1538 et
1748 1511 1787 1537 vi-

995 1555 1052 1582 rilis
1065 1555 1155 1582 animi.
1170 1555 1215 1583 Sic
1228 1556 1307 1591 igitur
1320 1561 1346 1584 et
1360 1563 1420 1588 nos,
1436 1555 1487 1583 nisi
1502 1556 1591 1583 animo
1605 1556 1677 1590 pueri
1691 1556 1784 1589 simus,

995 1609 1047 1629 non
1065 1602 1102 1629 illi
1121 1602 1241 1636 orphano
1255 1606 1282 1630 et
1307 1603 1412 1634 insano,
1431 1601 1477 1630 sed
1504 1602 1541 1629 illi
1563 1606 1665 1637 patrem
1680 1602 1786 1630 habenti

995 1647 1095 1674 similes
1117 1648 1228 1674 erimus.
1242 1647 1353 1682 Oportet
1365 1655 1428 1682 ergo
1449 1647 1576 1683 puerilem
1590 1652 1706 1675 mentem
1721 1647 1787 1683 abji-

994 1699 1067 1725 cere,
1079 1699 1131 1719 non
1146 1697 1234 1720 autem
1249 1700 1292 1720 res
1308 1693 1378 1729 ipsas
1390 1701 1527 1726 accusare,
1542 1697 1569 1720 et
1589 1694 1707 1728 aurigam
1722 1701 1786 1721 con-

994 1737 1113 1764 scienti-.1:
1130 1738 1285 1773 imponere;
1307 1739 1350 1773 qui
1364 1746 1417 1766 non
1439 1739 1510 1766 sinat
1522 1739 1610 1766 ventri
1629 1731 1786 1773 indulgere.

994 1781 1040 1809 sed
1055 1790 1162 1810 currere
1178 1787 1204 1810 et
1217 1783 1367 1810 decertare.
1388 1783 1527 1816 Quomodo
1545 1783 1615 1810 cnint
1642 1783 1785 1811 absurdum

994 1837 1047 1856 non
1062 1829 1151 1862 fuerit,
1168 1837 1265 1864 pueros
1289 1837 1349 1857 cum
1366 1829 1457 1856 labore
1471 1833 1498 1856 et
1508 1829 1606 1857 sudore
1622 1830 1724 1857 initium
1738 1829 1786 1856 dm

994 1881 1055 1901 cere
1069 1875 1094 1901 itt
1115 1875 1194 1902 rebus
1209 1882 1268 1910 qua:
1281 1875 1410 1910 principia
1425 1874 1524 1907 habent
1545 1875 1686 1907 laboriosa,
1705 1875 1784 1902 tinctu

994 1925 1082 1947 autem
1107 1920 1252 1955 gratiosum
1267 1929 1273 1953 ;
1289 1928 1337 1948 nos
1350 1925 1438 1948 autem
1453 1921 1588 1948 contrario
1611 1921 1692 1948 modo
1717 1921 1784 1948 allici

995 1974 1056 2002 erga
1070 1974 1113 1994 res
1127 1966 1302 2001 spirituales?
1329 1966 1440 1994 Etiamsi
1464 1966 1490 1994 in
1510 1967 1588 1994 rebus
1614 1967 1785 1994 saecularibus

994 2020 1047 2040 non
1064 2013 1172 2039 omnino
1185 2018 1286 2039 certum
1312 2013 1346 2039 sit
1372 2012 1451 2039 linem
1466 2013 1522 2040 fore
1536 2012 1645 2040 bouem.
1660 2013 1725 2042 Nam
1738 2014 1787 2040 int-

994 2063 1097 2084 ntatura
1110 2065 1192 2091 mors,
1203 2062 1355 2092 paupertas,
1365 2057 1550 2093 sycophantia,
1564 2065 1651 2085 rerum
1663 2059 1786 2086 mutatio‘

994 2111 1042 2130 nes
1056 2108 1082 2130 ct
1097 2103 1192 2130 similia
1208 2103 1302 2136 multa,
1325 2107 1385 2138 post
1399 2103 1498 2130 multos
1520 2103 1626 2131 labores
1648 2109 1676 2131 ut
1699 2103 1785 2131 fructu

995 2149 1130 2184 privemur
1142 2149 1271 2177 efﬁciunt.
1284 2149 1312 2177 Si
1323 2157 1387 2177 vero
1398 2149 1477 2176 iidem
1492 2149 1561 2184 quod
1576 2154 1699 2184 quierunt
1710 2157 1785 2177 asse-

994 2200 1119 2230 quantur,
1130 2203 1180 2223 non
1194 2203 1317 2230 magnum
1328 2195 1475 2230 percipient
1487 2195 1614 2228 fructum;
1626 2196 1650 2222 in
1661 2193 1785 2230 prresenti

995 2249 1109 2276 namque
1122 2241 1173 2268 vita
1190 2241 1234 2268 illa
1248 2242 1338 2268 omnia
1353 2241 1546 2269 dissolvuntur.
1562 2241 1610 2268 llic
1633 2247 1785 2269 autemnon

995 2288 1126 2314 currimus
1135 2295 1183 2322 pro
1194 2288 1346 2322 hujusmodi
1362 2288 1441 2315 rebus
1450 2287 1552 2323 frigidis
1563 2291 1590 2315 et
1601 2288 1689 2321 ﬂuxis,
1703 2295 1787 2323 neque

995 2332 1028 2360 de
1044 2332 1094 2359 [itte
1110 2333 1249 2364 timemus;
1266 2333 1312 2359 sed
1326 2333 1412 2368 major
1425 2337 1451 2360 et
1463 2333 1583 2360 securior
1597 2340 1659 2367 spes
1672 2337 1714 2360 est
1729 2338 1788 2367 post

995 2379 1142 2407 discessum
1155 2387 1187 2406 ex
1203 2379 1251 2407 hac
1266 2379 1328 2406 vita.
1343 2379 1471 2413 Quccnam
1485 2387 1548 2414 ergo
1561 2380 1638 2406 venia
1654 2379 1714 2412 erit,
1730 2387 1788 2414 qua:

996 2425 1132 2452 excusatio
1148 2425 1300 2452 nolentibus
1314 2425 1388 2453 adire
1403 2425 1507 2452 labores
1521 2433 1570 2461 pro
1584 2425 1683 2453 virtute
1701 2425 1787 2452 susci-

996 2471 1128 2506 piendos?
1140 2470 1192 2498 Sed
1208 2471 1294 2498 adhuc
1303 2471 1478 2506 interrogant,
1489 2471 1542 2498 Cur
1555 2476 1665 2506 angusta
1679 2476 1720 2499 est
1729 2472 1789 2498 via?

996 2517 1036 2544 Ad
1049 2517 1134 2552 regias
1147 2518 1218 2545 aedes
1233 2522 1352 2545 terrenas
1365 2525 1417 2544 non
1428 2518 1494 2545 sinis
1505 2517 1604 2545 intrare
1614 2523 1789 2546 scortatorem

997 2571 1156 2598 quemquam
1179 2563 1221 2591 vel
1246 2563 1348 2590 ebrium
1375 2568 1420 2590 attt
1448 2563 1572 2596 molletn;
1595 2568 1622 2591 et
1644 2564 1669 2591 itt
1695 2564 1789 2591 czelunt

998 2609 1084 2643 ipsum
1096 2617 1156 2636 cum
1170 2609 1286 2641 licentia,
1302 2608 1416 2642 deliciis,
1428 2608 1569 2642 ebrietate,
1585 2609 1694 2636 avaritia
1704 2609 1789 2636 vitiis-

997 2663 1049 2690 que
1061 2655 1194 2688 omnibus,
1211 2655 1333 2683 homines
1351 2654 1439 2682 induci
1467 2655 1563 2690 rogas?
1587 2663 1620 2682 an
1647 2655 1698 2682 hoc
1713 2655 1787 2682 venia

998 2701 1106 2735 dignum
1125 2701 1182 2728 est?

1034 2747 1061 2774 lt.
1075 2747 1132 2775 Non
1147 2747 1208 2780 hoc,
1223 2748 1338 2783 inquies,
1353 2747 1412 2775 dico
1423 2757 1429 2780 ;
1440 2748 1486 2774 sed
1497 2755 1545 2774 cur
1557 2746 1640 2774 virtus
1651 2753 1704 2773 non
1719 2747 1787 2772 viam

999 2794 1082 2822 latatn
1095 2794 1194 2822 habet?
1208 2795 1287 2830 Atqui
1307 2795 1329 2822 si
1343 2795 1464 2827 velimus,
1479 2793 1621 2822 admodum
1636 2792 1719 2820 facilis
1730 2792 1789 2819 erit.

1003 2841 1071 2875 Quid
1086 2841 1168 2873 enim,
1185 2849 1286 2876 quteso,
1309 2841 1412 2868 facilius
1424 2844 1475 2873 est,
1488 2846 1630 2868 tnurumne
1643 2838 1789 2873 perforare.

1003 2892 1030 2915 et
1043 2888 1156 2915 aliorum
1171 2887 1246 2916 bonis
1259 2887 1371 2924 direptis
1383 2887 1407 2915 in
1420 2894 1554 2915 carcerem
1565 2880 1676 2919 conjici;
1691 2891 1725 2910 an
1738 2883 1793 2911 suis
