2041 3111
229 140 281 167 H9

228 201 383 227 contentum
407 194 477 223 omni
499 198 572 222 metti
587 200 646 219 esse
661 189 793 218 liberum?
806 188 885 223 Atqui
900 194 952 214 non
965 187 1020 215 dixi

230 242 405 276 ta‘>tttnt.'Quid
420 241 492 270 enim
508 239 623 270 facilius,
638 237 681 264 dic
695 235 770 266 mihi,
785 242 818 262 an
828 241 889 261 cum
903 232 1022 259 omnium

231 292 299 318 bona
315 287 480 324 subripueris
493 307 501 319 ,
524 291 550 312 et
563 292 597 312 ex
614 283 705 318 paucis
724 282 805 308 breve
819 285 923 314 tempus
937 278 963 305 in
977 277 1025 304 dc-

231 337 300 364 liciis
313 335 410 370 egeris,
428 330 613 360 immortaliter
628 326 743 362 torqueri
756 330 783 353 et
797 325 885 360 ﬂagris
898 324 976 357 credi,
991 331 1023 350 an

232 390 292 410 cum
305 383 333 408 in
347 380 417 416 justa
435 380 591 413 paupertate
610 374 708 401 vixeris
723 379 803 407 parvo
818 377 948 405 tempore,
963 377 1025 403 per-

232 433 313 462 pctuo
328 430 418 461 postea
431 424 457 451 in
471 421 575 450 deliciis
595 419 694 455 agere?
708 417 824 445 nondtntt
843 416 1026 444 examincmus

232 472 294 508 quid
306 471 341 499 sit
355 469 526 500 fructuosius,
541 465 588 493 sed
609 465 714 492 interim
731 463 793 499 qttid
815 463 849 489 sit
864 462 977 489 facilius.

270 518 360 545 'Vt'rttts
373 524 424 542 non
447 519 483 542 est
505 520 606 547 aspera.
622 526 657 531 —
670 511 738 545 Quid
760 508 903 544 jucundius
923 511 1026 542 gratum

233 564 323 591 videre
332 561 474 591 somnium.
483 563 510 586 et
519 566 582 585 vere
593 556 724 591 supplicio
734 555 801 582 aﬁiei
813 563 820 587 ;
832 558 876 581 aut
887 552 1029 580 molestttm

235 610 368 638 somnium
384 607 493 640 vidisse,
508 610 535 633 et
549 612 612 632 vere
625 603 765 631 deliciari?
779 609 866 628 annon
887 600 973 635 palam
987 603 1029 626 est

236 654 439 689 hoejucundius
452 651 532 680 esse?
542 650 684 685 Quomodo
697 649 786 684 igitur,
801 648 843 674 die
858 646 939 678 mihi,
953 652 1031 679 aspe-

236 710 293 729 ram
311 707 389 727 vocas
404 700 530 726 virtutem
541 698 554 724 ἲ
576 703 671 731 aspera
685 695 785 721 ctenim
801 697 857 725 est,
874 692 895 719 si
909 699 969 718 eum
985 698 1031 717 ne-

236 747 362 782 gligentia
377 749 468 773 nostra
491 747 671 777 comparetur.
689 740 765 774 Quod
780 739 849 766 enim
861 739 895 764 sit
906 737 992 764 facilis
1004 741 1032 763 et

238 794 338 826 suavis,
352 792 413 818 audi
427 791 489 826 quid
503 790 573 816 dicat
588 788 712 816 Christus
728 795 735 813 :
750 785 846 819 Jugum
859 792 942 810 meum
956 790 1033 810 suave

237 845 284 871 est,
300 844 322 865 et
339 846 403 864 onus
418 844 499 863 meum
512 835 564 861 leve
577 834 586 869 (
597 833 690 860 Matth.
703 832 790 859 Η.Ξο
800 833 818 864 ).
834 830 860 857 Si
875 834 963 856 autem
978 836 1031 855 non

239 886 324 912 scalis
337 885 482 914 levitatem,
497 881 666 917 perspicuum
678 884 718 906 est
732 883 756 905 te
773 886 824 904 nou
837 877 976 903 robustum
987 875 1034 902 ha-

240 933 304 959 bere
317 931 445 957 animum.
460 928 533 956 Sicut
548 927 619 954 enim
633 933 693 953 cutn
716 924 795 951 talem
812 923 904 954 habes,
921 928 1034 949 onerosa

240 978 308 1005 levia
323 982 385 1003 sunt
399 985 405 1002 :
421 975 460 1002 sic
472 982 531 1002 cum
547 981 600 1000 non
628 972 721 1003 habes,
739 971 806 997 levia
829 974 891 996 sunt
907 975 1033 995 onerosa.

240 1023 309 1058 Quid
333 1023 416 1053 enim,
445 1027 547 1056 qttmso,
575 1019 682 1046 suavius
704 1021 773 1048 erat,
796 1023 874 1050 quam
895 1020 988 1042 mensa
1002 1021 1036 1040 ex

242 1077 350 1101 manna,
365 1067 428 1103 quid
442 1071 535 1102 paratu
551 1064 673 1093 facilius?
686 1063 737 1091 Sed
752 1070 822 1098 a-gre
847 1061 968 1089 ferebant
986 1059 1035 1087 Ju-

242 1115 292 1142 dzci
314 1114 410 1141 talibus
436 1113 554 1140 fruentes
579 1110 693 1138 deliciis.
718 1109 785 1142 Quid
813 1108 883 1135 fame
896 1106 1035 1139 acerbius,

245 1168 348 1188 necnon
368 1160 428 1186 aliis
450 1157 601 1190 laboriOsis,
625 1165 684 1192 qua:
699 1162 793 1191 passus
806 1159 848 1182 est
873 1150 990 1181 omnes?
1007 1154 1039 1179 At

245 1207 289 1234 ille
302 1205 462 1237 exSultabat,
477 1203 661 1231 delectabatur
673 1210 705 1229 ac
718 1201 839 1229 diccbat:
852 1200 927 1226 Nunc
941 1198 1038 1235 gaudeo

244 1254 271 1280 in
287 1252 447 1288 pastionibus
461 1251 522 1278 meis
538 1250 605 1286 (Col.
624 1250 649 1276 l.
664 1249 722 1284 24).
734 1249 798 1282 Qum
812 1253 851 1275 est
865 1254 929 1281 ergo
941 1245 1053 1273 causa!

246 1299 333 1333 Animi
348 1297 507 1325 differentia.
522 1296 550 1323 Si
565 1295 644 1330 igitur
667 1295 784 1321 aninnim
806 1298 834 1320 ιιι
848 1297 950 1327 oportet
963 1291 1041 1318 ador-

248 1345 362 1376 naveris,
385 1344 490 1370 virtttlis
516 1342 668 1369 facilitatem
691 1340 807 1367 videbis.
824 1339 892 1373 Quid
908 1346 982 1373 ergo,
1002 1338 1041 1364 in-

247 1392 334 1427 quies,
345 1391 440 1418 talisne
450 1390 518 1416 ﬁtex
529 1396 621 1416 eorum
635 1388 678 1422 qui
692 1386 762 1413 illum
771 1378 1042 1420 Sttseipiatnt:ifl‘ecttt?

248 1437 306 1464 Non
323 1444 355 1463 ex
369 1436 465 1463 affectu
481 1434 562 1461 anitni
577 1434 674 1466 solum,
686 1432 732 1459 sed
749 1436 841 1458 natura
855 1438 900 1458 sua
917 1431 980 1457 talis‘
990 1435 1041 1457 est.

250 1482 357 1509 Etenim
386 1481 408 1508 si
431 1487 538 1515 semper
567 1479 610 1506 illa
633 1483 705 1506 esset
733 1477 876 1509 laboriosa,
904 1481 930 1503 et
950 1476 1042 1502 vitium

249 1529 361 1555 omnino
384 1532 497 1560 contra,
524 1526 583 1562 jure
608 1526 667 1560 quis
693 1532 785 1552 eorum
815 1524 859 1559 qui
891 1524 956 1558 lapsi
982 1526 1055 1549 sunt-

251 1575 352 1602 dicerct
376 1573 470 1601 vitium
495 1580 556 1600 esse
583 1572 687 1599 facilius
713 1571 811 1598 virtute
840 1579 846 1597 :
870 1570 892 1597 si
919 1577 983 1597 vero
1006 1570 1045 1596 in-

254 1620 328 1647 itium
348 1619 467 1646 habeant
493 1618 536 1645 illa
561 1617 668 1650 durum,
690 1616 740 1644 hoc
753 1624 851 1648 suave;
875 1615 935 1642 ﬁnis
955 1619 1043 1641 autem

253 1670 372 1693 :eternus
400 1665 472 1691 illius
500 1664 535 1690 sit
561 1663 671 1696 suavis,
698 1662 777 1697 hujus
804 1662 911 1697 gravis,
934 1667 1044 1694 utrum,

221 1717 226 1721 ”
253 1719 365 1748 quaso,
391 1715 420 1739 ut
453 1709 558 1737 facilius
586 1709 691 1742 eligas?
721 1708 776 1735 Cur
800 1715 864 1742 ergo
891 1707 965 1734 multi
993 1715 1045 1734 non

253 1759 354 1794 eligunt
368 1757 393 1785 id
417 1756 488 1792 quod
505 1756 607 1783 facilius
634 1755 696 1782 est?
719 1754 787 1788 Quia
811 1754 855 1781 alii
871 1754 977 1789 quidem
994 1762 1046 1781 non

254 1803 384 1835 ercdttnt;
406 1802 450 1829 alii
463 1809 528 1829 vero
542 1801 603 1828 licet
616 1801 766 1831 credentes.
781 1805 935 1834 corruptum
950 1800 1048 1827 habent

255 1850 372 1876 animum
384 1870 391 1881 ,
405 1853 433 1875 et
448 1852 647 1883 temporaneam
659 1847 821 1881 voluptatem
835 1852 941 1874 :eternm
953 1850 1050 1882 praetu-

256 1895 344 1923 lerint.
361 1894 408 1921 Est
421 1901 484 1929 ergo
505 1894 557 1921 hoc
575 1893 671 1920 facile?
686 1892 743 1920 Non
756 1892 842 1924 facile,
854 1893 901 1920 sed
916 1900 947 1919 ex
963 1893 1049 1920 imbe-

257 1941 319 1967 cillo
332 1940 421 1967 animo
441 1940 491 1967 hoc
518 1940 648 1974 provenit.
674 1939 714 1967 Ac
735 1938 959 1974 quemadmodum
983 1938 1049 1966 febri

257 1985 418 2019 laborantes,
446 1985 579 2024 nonquia
601 1984 743 2019 jucundius
763 1990 803 2012 est
830 1985 905 2012 brevi
931 1989 1050 2020 tempore

257 2031 389 2065 deliciari,
403 2039 483 2066 quam
497 2038 606 2066 semper
617 2031 670 2063 uri,
686 2030 746 2058 ideo
759 2035 849 2058 amant
872 2035 963 2066 potum
976 2038 1051 2066 aqua:

258 2077 371 2113 frigidm,
383 2077 430 2105 sed
439 2077 499 2112 quia
512 2077 654 2105 absurdam
664 2077 834 2112 cupiditatem
847 2077 985 2104 continere
998 2084 1050 2104 non

259 2129 371 2159 possunt
386 2132 392 2150 :
408 2123 446 2150 sic
459 2127 486 2151 et
500 2122 553 2150 isti.
570 2123 649 2158 Atqui
665 2123 687 2150 si
700 2122 760 2158 quis
774 2122 806 2149 ad
820 2122 979 2157 supplicium
992 2122 1052 2150 illos

258 2178 319 2198 cum
337 2170 471 2205 voluptate
488 2170 608 2202 duceret,
630 2178 795 2206 nequaquam
811 2171 897 2206 ipsum
914 2171 1050 2206 eligerent.

258 2217 382 2245 Yidistin‘
391 2218 525 2253 quomodo
534 2226 587 2245 non
599 2218 676 2245 facile
689 2220 725 2245 sit
737 2219 849 2245 vitium?
865 2219 891 2246 Si
902 2220 941 2246 vis
952 2223 1052 2250 autent.

261 2265 313 2294 hoc
328 2265 425 2292 iterum
450 2265 475 2291 in
497 2265 561 2299 ipsis
585 2264 666 2292 rebus
681 2265 857 2292 excutiamus.
876 2266 944 2298 Quid
969 2266 1052 2299 enim,

261 2319 363 2347 qu:eso,
378 2311 492 2344 dulcius,
507 2311 569 2346 qttid
592 2311 693 2339 facilius
704 2312 763 2339 est?
778 2312 830 2340 Sed
845 2320 878 2340 ne
892 2313 988 2339 iterum
1011 2319 1054 2339 res

262 2366 294 2384 ex
311 2357 454 2384 tnultorum
475 2357 620 2392 cupiditate
640 2357 792 2392 iudicemus
814 2367 820 2385 :
839 2366 924 2393 neque
938 2359 1008 2385 enim
1021 2358 1055 2386 ab

263 2402 463 2437 :egrotantibus,
478 2402 524 2430 sed
549 2411 563 2429 a
578 2403 646 2431 bene
667 2404 816 2432 valentibus
837 2404 967 2431 calculum
985 2403 1056 2432 ferre

263 2452 379 2483 oportet.
403 2448 494 2483 Neque
515 2449 586 2476 enini
602 2449 623 2475 si
646 2449 769 2477 millenos
785 2449 849 2476 mihi
875 2449 1056 2477 febricitantes

263 2494 400 2526 ostendas,
426 2495 471 2529 qui
499 2495 603 2522 sanitati
619 2496 752 2524 contraria
774 2499 904 2530 qumrant,
919 2499 947 2522 et
964 2495 1057 2522 malint

265 2545 357 2575 postea
382 2540 512 2575 supplicio
537 2540 623 2573 afﬁci,
650 2542 729 2568 talem
757 2548 883 2574 umquam
903 2540 1057 2567 admiserim

264 2587 413 2622 optionem.
439 2586 506 2623 Quid
521 2586 641 2620 facilius,
656 2588 761 2622 inquam
773 2608 781 2619 ,
796 2586 839 2614 dic
855 2587 919 2614 mihi
930 2608 937 2620 ,
960 2587 1057 2614 multas

265 2633 456 2667 concupiscere
471 2634 612 2668 pecunias,
635 2641 668 2660 an
686 2633 735 2661 hac
748 2633 893 2668 cupiditate
907 2641 967 2661 esse
977 2641 1057 2668 supc-

265 2679 383 2706 riorem?
408 2679 464 2706 lloc
491 2684 565 2707 certe
591 2683 765 2714 postremutn,
792 2684 820 2706 ut
841 2678 905 2706 mihi
930 2679 1056 2706 videtur:

263 2728 286 2754 si
310 2732 399 2755 autem
425 2728 482 2763 ipse
505 2735 557 2755 non
585 2727 683 2760 credis,
708 2727 741 2755 ad
760 2734 804 2754 res
821 2726 894 2762 ipsas
905 2734 1055 2755 sermonem

265 2775 405 2803 ducamus.
422 2775 454 2802 Et
478 2775 513 2802 sit
536 2774 669 2810 quispiam
683 2774 728 2809 qui
744 2774 840 2801 multas
861 2774 964 2809 cupiat,
991 2774 1058 2801 alius

265 2829 331 2848 vero
355 2821 399 2855 qui
427 2821 513 2848 nullas
527 2829 534 2847 2
547 2820 610 2856 quid
624 2828 689 2855 ergo
712 2820 808 2848 melius
821 2841 827 2853 ,
842 2820 885 2847 die
899 2820 963 2848 mihi
975 2841 981 2853 ,
995 2819 1058 2855 quiti

263 2867 423 2896 honestius?

618 135 648 161 ς.
667 132 805 162 JO.\N.\'lS
823 129 1056 158 διῖκγεοετοιιι
1077 129 1233 158 ARClllliP.
1254 129 1517 159 CONSTANTINOP.

1817 128 1868 156 Hi)

1112 186 1141 215 5.
1157 185 1331 216 Pecuniarttm
1351 189 1478 224 cupiditas
1501 193 1593 224 quanta
1616 188 1718 215 inducat
1742 188 1818 214 mem.
1834 204 1869 209 ~—

1076 233 1129 262 Sed
1143 232 1194 261 hoc
1207 234 1313 269 quidem
1328 235 1440 263 mitatur
1463 244 1470 263 ι
1486 236 1511 262 in
1525 234 1647 263 confesso
1656 235 1725 262 enim
1737 240 1786 269 est,
1800 235 1871 269 quod

1077 278 1122 307 hic
1135 286 1286 315 postremus
1313 281 1348 308 sit
1374 281 1421 308 illo
1449 282 1585 308 honestior
1600 290 1607 308 :
1625 288 1710 316 neque
1724 280 1759 308 de
1775 281 1825 308 hac
1842 289 1872 308 rc

1078 325 1191 360 quaestio
1211 326 1266 359 jam
1292 330 1344 359 est,
1369 326 1417 354 sed
1447 332 1505 354 uter
1522 327 1667 354 faciliorem
1681 333 1705 354 el
1721 327 1871 354 suaviorem

1079 371 1158 399 ducat
1172 371 1264 399 vitam.
1280 372 1383 399 Avarus
1393 377 1466 400 certe
1477 381 1510 400 ne
1535 372 1569 400 iis
1588 372 1694 408 quidem
1710 380 1769 408 qum
1794 373 1873 400 habet

1080 416 1176 444 fruitur
1198 425 1278 445 :nam
1294 418 1364 453 quod
1379 423 1462 449 amat,
1483 427 1535 445 tton
1556 419 1713 454 impendere
1738 419 1871 452 voluerit,

1080 462 1128 490 sed
1137 463 1262 490 libentius
1269 464 1386 498 seipsum
1395 464 1566 495 eonscidcrit,
1576 469 1602 491 et
1613 471 1708 492 carnes
1721 465 1872 500 projecerit,

1080 516 1159 543 quam
1171 515 1264 536 aurum
1280 517 1287 536 :
1302 509 1345 544 qui
1362 515 1450 537 autem
1466 510 1591 544 peettnias
1606 510 1728 545 despicit,
1741 510 1792 538 hoc
1807 511 1875 538 inte-

1081 553 1132 580 rim
1147 553 1274 587 lucratu'r,
1289 554 1360 590 quod
1381 555 1413 581 iis
1437 563 1497 590 qua:
1512 555 1591 583 habet
1612 556 1696 584 libere
1723 564 1754 583 ac
1781 565 1875 585 secure

1082 598 1195 633 fruatur,
1210 608 1292 635 seque
1308 601 1359 628 illis
1374 602 1508 635 prarferat.
1531 601 1599 634 Quid
1623 609 1687 637 ergo
1700 603 1808 629 suavius
1823 607 1874 633 est.

1083 646 1167 674 libere
1178 647 1228 674 frui
1250 647 1327 674 bonis
1339 668 1346 679 ,
1361 652 1408 674 aut
1420 647 1469 674 sub
1484 647 1600 674 dontinis
1617 647 1716 674 divitiis
1729 649 1877 678 viventem.

1084 692 1148 719 nihil
1169 700 1278 719 suorum
1293 693 1448 728 contingere
1462 693 1580 720 audere?
1591 693 1705 721 Perinde
1724 695 1795 721 enim
1812 693 1875 721 util.i

1084 739 1190 766 videtur
1203 746 1263 766 esse
1277 746 1307 766 ac
1321 739 1342 766 si
1356 740 1405 766 viri
1420 740 1528 774 quidam
1543 739 1610 767 duas
1625 739 1753 767 habentes
1767 749 1876 773 uxores,

1085 791 1112 813 ct
1132 785 1274 813 admodum
1289 786 1359 820 ipsas
1376 791 1509 819 amantes,
1524 794 1577 812 non
1593 786 1686 813 eodem
1710 786 1790 813 modo
1813 787 1878 821 ipsis

1085 836 1207 863 utantur;
1220 830 1267 858 sed
1282 832 1357 858 alteri
1368 831 1474 866 quidem
1484 838 1594 859 uxorem
1606 833 1761 867 contingere
1775 837 1803 859 et
1817 840 1877 859 cum

1086 876 1130 903 illa
1146 877 1255 908 versari.
1269 876 1345 903 alteri
1361 884 1424 903 vero
1442 884 1475 904 ne
1491 884 1572 911 prope
1586 877 1693 912 quidem
1709 877 1788 904 liceat
1799 885 1878 904 acce-

1086 922 1160 950 dere.
1170 922 1260 949 Dicam
1269 927 1297 950 et
1307 923 1389 956 aliud,
1402 930 1454 958 quo
1465 924 1574 950 alterius
1586 924 1760 958 voluptatem,
1770 924 1880 951 alterius

1087 976 1230 995 mmrorem
1256 973 1476 995 commonstrem.
1502 969 1605 996 Avarus
1633 977 1776 1004 numquam
1803 970 1881 996 sistet

1089 1015 1157 1041 hanc
1169 1015 1353 1049 cupiditatem,
1368 1023 1421 1042 non
1437 1015 1518 1042 modo
1530 1016 1601 1050 quod
1624 1020 1740 1050 nequeat
1760 1017 1879 1043 omnium

1088 1061 1157 1089 bona
1173 1061 1308 1094 invadere,
1323 1061 1369 1088 sed
1381 1063 1461 1089 etiam
1473 1062 1543 1097 quod
1559 1066 1771 1096 quantacumque
1787 1069 1881 1097 posse-

1089 1107 1169 1140 derit,
1184 1116 1214 1136 sc
1236 1108 1302 1135 nihil
1318 1108 1416 1135 habere
1431 1113 1504 1143 ptttet
1520 1118 1526 1135 :
1541 1109 1586 1143 qui
1601 1116 1664 1135 vero
1682 1109 1807 1143 pecunias
1832 1109 1881 1136 de-

1090 1156 1176 1191 spicit,
1194 1156 1325 1190 superflua
1350 1156 1437 1181 omnia
1464 1155 1635 1187 existimabit,
1661 1163 1746 1190 neqtte
1772 1156 1883 1182 inﬁnitis

1090 1201 1281 1236 cupiditatibus
1297 1201 1411 1227 animam
1428 1201 1568 1227 cruciabit.
1578 1200 1647 1227 Nihil
1663 1208 1733 1227 enim
1747 1206 1788 1228 est
1812 1201 1883 1235 quod

1091 1248 1212 1282 Supplicii
1226 1247 1354 1273 rationem
1370 1248 1403 1273 ita
1427 1246 1534 1279 habeat,
1555 1251 1584 1273 ut
1599 1246 1813 1281 concupiscentia
1834 1254 1883 1273 usu

1092 1297 1121 1320 et
1135 1292 1220 1319 fructu
1233 1292 1347 1327 privata;
1361 1292 1386 1318 id
1400 1291 1470 1326 quod
1483 1292 1597 1319 maxime
1611 1293 1886 1326 pervcrsamcxhihct

1093 1344 1221 1367 mentem.
1245 1339 1391 1366 Considera
1417 1344 1504 1366 autem
1523 1347 1529 1365 :
1546 1339 1589 1374 qui
1614 1339 1738 1373 pecunias
1762 1339 1831 1373 cupit
1859 1343 1886 1365 et

1094 1386 1191 1412 multas
1204 1385 1334 1420 possidet,
1352 1385 1387 1411 ita
1405 1384 1516 1412 affectus
1529 1390 1580 1417 est,
1595 1392 1625 1411 ac
1641 1385 1663 1411 si
1684 1385 1748 1411 nihil
1764 1385 1886 1412 haberet.

1095 1432 1211 1460 lloccine
1226 1425 1319 1458 morbo
1343 1431 1494 1465 perplexius
1511 1430 1574 1464 quid
1594 1438 1653 1458 csse
1669 1430 1772 1465 potest?
1794 1429 1887 1464 Neque

1095 1479 1146 1506 hoc
1169 1479 1256 1505 solum
1281 1486 1362 1512 grave
1374 1483 1425 1510 est,
1440 1477 1487 1505 sed
1503 1479 1583 1504 ctiatn
1606 1478 1676 1512 quod
1692 1478 1735 1512 qtti
1752 1477 1842 1509 Ιι.ιΙ›ι·ι,
1856 1485 1887 1504 ea

1096 1525 1152 1560 ipsa
1167 1533 1225 1560 qua:
1239 1529 1310 1552 tenet
1324 1532 1376 1551 non
1390 1524 1488 1551 habere
1497 1524 1618 1550 videatur
1633 1532 1639 1550 :
1655 1524 1887 1550 etiamsiomniuut

1097 1573 1165 1599 bona
1180 1572 1325 1606 acceperit,
1350 1572 1433 1606 magis
1446 1571 1592 1603 cruciatur;
1605 1571 1708 1597 etimnsi
1724 1576 1830 1597 centum
1847 1575 1888 1595 ta-

1098 1619 1168 1646 lenta
1183 1618 1328 1653 possideat.
1341 1617 1411 1652 quod
1425 1617 1496 1644 mille
1507 1624 1559 1643 non
1575 1616 1671 1643 habeat
1684 1616 1773 1648 dolet;
1786 1616 1807 1642 si
1817 1616 1890 1642 mille

1098 1665 1203 1697 habeat,
1218 1663 1289 1698 quod
1303 1663 1393 1691 decies
1413 1663 1486 1690 mille
1502 1671 1555 1690 non
1570 1663 1666 1689 ltabeat
1690 1663 1841 1695 mordetur;
1868 1661 1890 1688 si

1098 1711 1188 1738 decies
1199 1711 1272 1738 mille
1282 1710 1424 1744 acceperit,
1435 1709 1506 1744 quod
1520 1716 1572 1735 non
1581 1709 1670 1735 decies
1683 1708 1756 1743 plttra
1766 1708 1889 1735 obtinue-

1099 1758 1134 1785 rit
1148 1758 1255 1792 angitur
1272 1765 1278 1783 :
1296 1756 1434 1791 majorque
1457 1755 1597 1790 aeqttisitio
1613 1755 1641 1781 ﬁt
1664 1755 1701 1782 illi
1729 1756 1892 1790 paupertatis

1100 1803 1219 1830 accessio
1236 1812 1242 1830 :
1260 1810 1319 1828 nam
1338 1807 1438 1836 quanto
1452 1801 1528 1836 plura
1554 1801 1698 1836 acceperit,
1716 1806 1789 1827 tanto
1815 1800 1892 1835 plura

1100 1850 1244 1877 desiderat.
1261 1849 1330 1883 Ergo
1343 1854 1442 1883 quanto
1458 1848 1531 1883 plura
1547 1847 1692 1882 acceperit,
1710 1852 1782 1873 tanto
1810 1848 1892 1881 magis

1102 1903 1203 1930 pauper
1216 1894 1305 1922 cvadit
1322 1904 1327 1921 :
1343 1895 1386 1929 qui
1401 1895 1471 1921 enim
1483 1894 1559 1929 plura
1571 1894 1714 1926 desiderat,
1731 1893 1814 1928 magis
1829 1901 1894 1928 pau-

1102 1951 1149 1978 per
1161 1948 1211 1969 est.
1223 1941 1288 1969 Cum
1304 1942 1382 1977 igitur
1395 1946 1501 1969 centum
1519 1941 1615 1968 talenta
1626 1941 1758 1972 habuerit,
1774 1940 1892 1967 nondum

1104 1993 1157 2015 tam
1171 1988 1309 2015 mendicus
1333 1992 1391 2019 est;
1407 1995 1468 2014 nam
1487 1987 1560 2013 mille
1573 1987 1723 2019 desiderat;
1747 1994 1807 2014 cum
1822 1986 1894 2013 mille

1103 2034 1246 2069 acceperit,
1262 2038 1325 2060 tunc
1338 2033 1422 2068 magis
1438 2041 1537 2068 panper
1565 2033 1671 2066 evadit;
1689 2041 1741 2060 non
1755 2034 1807 2067 jam
1823 2033 1894 2060 enim

1104 2081 1176 2107 tnille
1200 2084 1228 2106 ut
1254 2080 1325 2114 prius
1341 2080 1445 2114 qnterit,
1461 2079 1507 2107 sed
1532 2079 1624 2107 decies
1639 2080 1751 2106 millium
1765 2079 1814 2107 sibi
1829 2086 1896 2112 opus

1104 2134 1164 2153 esse
1187 2125 1261 2153 dicit.
1289 2125 1364 2159 Quod
1386 2126 1408 2152 si
1435 2126 1626 2160 concupiscere
1647 2130 1675 2152 et
1697 2132 1749 2152 non
1769 2125 1895 2159 consequi

1105 2174 1268 2208 voluptatem
1283 2180 1344 2200 esse
1366 2172 1449 2205 dicas,
1466 2173 1609 2208 voluptatis
1627 2179 1748 2199 naturam
1765 2171 1829 2198 mihi
1847 2171 1894 2198 ad-

1105 2220 1214 2247 modum
1226 2219 1346 2254 ignorarc
1356 2218 1462 2246 videris.
1473 2218 1549 2252 Quod
1558 2218 1629 2245 enim
1641 2218 1691 2245 hoc
1700 2225 1752 2245 non
1762 2218 1895 2252 voluptas,

1107 2266 1154 2294 scd
1165 2266 1324 2300 supplicium
1337 2266 1380 2296 sit,
1392 2272 1449 2291 rem
1475 2264 1508 2291 ad
1523 2264 1595 2291 aliud
1619 2272 1711 2291 rursus
1734 2264 1898 2291 adducentes

1107 2313 1299 2340 examinemus.
1325 2311 1437 2344 Quando
1452 2311 1566 2344 sitimus,
1591 2318 1642 2338 non
1658 2310 1718 2338 ideo
1735 2311 1898 2338 delectamur

1108 2359 1229 2386 bibentes
1251 2358 1321 2393 quod
1349 2358 1419 2385 sitim
1441 2357 1576 2390 sedemus,
1599 2362 1626 2384 et
1642 2357 1703 2384 ideo
1721 2356 1844 2391 voluptas
1858 2360 1899 2383 est

1109 2410 1196 2440 polus,
1213 2405 1281 2439 quod
1291 2412 1305 2430 a
1317 2411 1412 2438 magno
1423 2411 1472 2430 nos
1488 2403 1581 2430 liberet
1591 2403 1720 2435 cruciatu,
1730 2410 1744 2429 a
1756 2402 1899 2436 cupiditate

1109 2450 1216 2478 bibendi
1230 2451 1343 2485 nempe?
1360 2450 1410 2476 ltoc
1421 2449 1506 2476 cuivis
1521 2448 1690 2483 perspicuum
1711 2454 1761 2475 est.
1778 2448 1853 2481 Quod
1878 2448 1899 2474 si

1110 2497 1135 2523 in
1151 2497 1194 2523 tali
1214 2497 1330 2531 appetitu
1352 2503 1458 2530 semper
1478 2496 1595 2522 mansuri
1617 2502 1747 2526 essemus,
1767 2501 1820 2520 non
1846 2501 1901 2520 tne-

1109 2544 1168 2570 liori
1184 2543 1338 2570 conditione
1354 2549 1475 2570 essemus
1486 2549 1565 2576 quam
1580 2541 1655 2568 dives
1669 2541 1711 2567 ille
1722 2561 1729 2573 ,
1746 2540 1791 2575 qui
1809 2539 1899 2566 Lazari

1110 2598 1163 2617 non
1179 2589 1303 2616 misertus
1316 2593 1367 2619 est,
1384 2593 1511 2622 quantum
1526 2587 1627 2614 scilicet
1640 2586 1673 2612 ad
1685 2585 1807 2620 supplicii
1821 2584 1902 2612 ratio-

1111 2644 1189 2664 nem:
1208 2643 1267 2662 nam
1283 2635 1356 2662 etilli
1369 2634 1418 2662 hoc
1433 2633 1590 2669 supplicium
1602 2636 1630 2659 et
1640 2632 1741 2667 punitio
1752 2635 1818 2663 erat,
1831 2630 1902 2666 quod

1112 2690 1172 2710 cttm
1198 2682 1297 2708 stillam
1325 2688 1433 2715 parvam
1456 2683 1579 2715 cuperet,
1604 2686 1657 2706 non
1684 2682 1842 2712 assequutus
1857 2677 1901 2704 sit.

1112 2727 1138 2755 id
1168 2728 1238 2763 quod
1266 2726 1330 2754 milti
1350 2726 1423 2753 avari
1442 2730 1570 2761 perpetuo
1593 2724 1648 2759 pati
1660 2723 1795 2756 videntur,
1810 2727 1837 2749 et
1866 2722 1902 2750 illi

1112 2773 1215 2801 similes
1236 2780 1297 2801 esse
1319 2773 1363 2808 qui
1385 2771 1495 2807 rogabat
1518 2775 1546 2799 ut
1565 2771 1633 2798 stilla
1649 2771 1791 2802 frueretur,
1817 2776 1905 2803 neque

1112 2824 1271 2854 asseqttutus
1300 2825 1341 2846 est
1357 2828 1363 2846 :
1379 2819 1433 2845 imo
1453 2818 1538 2853 magis
1564 2825 1724 2848 avarorum,
1750 2823 1829 2851 quam
1863 2818 1905 2841 ai-

1115 2865 1177 2892 vitis
1202 2865 1289 2897 illius,
1328 2865 1414 2891 anima
1447 2864 1623 2892 comburitur.
1650 2863 1682 2890 Et
1706 2862 1816 2897 pulchre
1841 2860 1905 2888 dixit
