2041 3111
143 179 188 209 ιιι

142 237 272 274 quispiam
304 243 404 264 avaros
434 243 492 263 esse
518 234 688 271 hydropicus.
713 234 940 269 Quemadmodum

145 285 215 313 e.-'ini
229 283 266 310 illi
281 283 396 310 multam
409 282 434 309 iii
449 289 562 316 corpore
574 286 710 316 gestantes
729 289 834 316 aquam,
857 282 940 316 magis

144 333 291 356 exuruntur
306 337 314 355 :
330 328 371 355 sic
384 331 412 355 et
428 327 500 354 avari
515 327 612 353 multas
627 326 845 354 circuulerentes
860 335 941 361 peru-

144 376 200 401 nias
213 395 220 406 ,
245 373 336 408 plures
363 373 567 407 concupiscunt.
581 371 666 399 Causa
688 377 776 399 autem
792 372 848 400 hac
874 378 915 400 est
931 382 938 400 :

143 427 228 455 neque
243 420 280 446 illi
296 419 321 446 in
333 419 543 453 congruentibus
558 419 622 446 locis
633 427 716 454 aquas
730 418 838 452 habent,
854 427 940 454 neque

143 467 186 493 isti
198 466 225 493 in
239 465 450 500 congruentibus
464 465 669 499 cogitationibus
683 466 936 500 concupiscentiam.

145 512 285 547 Fugiainus
300 519 366 545 ergo
388 511 458 538 hunc
481 511 599 538 alienum
625 516 653 539 et
677 511 782 538 inanem
798 512 936 545 morbum,

143 559 274 593 fugiamus
289 558 406 585 radicem
422 558 562 588 malorum.
577 557 707 593 fugiamus
722 564 880 592 pra-sentem
893 567 936 594 ge-

143 605 275 636 hennam;
295 603 417 639 gehenna
428 604 499 631 enim
514 609 658 630 esteorum
674 604 816 639 cupiditas.
828 605 936 639 Explica

142 658 205 685 ergo
215 650 345 685 cujusque
361 649 493 681 animam,
510 655 536 677 et
549 650 607 685 ejus
622 650 666 684 qui
676 651 802 685 pecunias
812 651 937 686 despicit,

143 702 168 724 et
183 697 241 731 ejus
253 697 298 731 qui
313 703 365 723 non
377 695 508 730 despicit;
522 701 549 723 et
564 696 666 724 videbis
690 697 761 724 hunc
776 697 882 732 quidem
897 698 936 725 l'u-

143 743 264 770 rentibus
278 749 338 770 esse
351 742 477 774 similem,
493 743 535 777 qui
552 742 616 770 nihil
633 743 672 769 vel
685 743 775 770 videre
788 743 829 770 vel
841 743 935 771 audire

143 789 223 819 velit;
236 788 306 815 hunc
315 795 379 815 vero
391 788 477 822 portui
491 796 505 814 a
517 787 640 816 ﬂuetibus
651 789 735 816 libero
747 798 754 816 :
765 789 807 816 hic
816 790 934 818 omnium

140 840 182 862 est
197 834 308 865 amicus,
325 839 352 860 ut
368 834 411 860 ille
427 834 520 861 hostis.
532 833 597 860 Nam
617 835 667 861 etsi
683 835 742 869 quis
756 835 868 870 accepit,
880 844 933 862 neti

660 177 690 205 IN
711 177 818 206 EPIST.
840 177 849 204 l
881 177 926 205 AD
943 178 1021 206 COR.
1042 177 1158 206 llOMlL.
1180 178 1237 207 KV.

1735 181 1786 210 122

995 235 1067 262 illum
1081 235 1162 262 afﬁcit
1175 235 1294 263 molestia
1306 245 1313 269 ;
1325 235 1347 262 si
1358 235 1417 272 quis
1428 243 1532 264 rursum
1545 237 1593 273 ipsi
1605 238 1720 272 dederit,
1732 247 1785 269 non

995 282 1112 314 inﬂavit;
1129 282 1175 309 sed
1186 287 1228 309 est
1241 281 1361 318 qutcdam
1373 283 1442 318 apud
1461 283 1535 311 illiilli
1554 285 1665 313 libertas
1677 293 1784 314 omnem

994 327 1095 354 habens
1107 327 1277 355 secuiitateni
1293 336 1300 355 :
1323 332 1350 356 et
1363 328 1407 356 liic
1425 329 1533 365 quidem
1547 330 1672 358 omnibus
1681 331 1784 359 adulari

993 381 1053 400 cum
1077 373 1291 414 dissimulatione
1316 375 1431 410 Cogitur,
1458 375 1503 404 ille
1517 381 1606 404 autem
1620 378 1731 406 nemini.
1755 378 1783 406 Si

992 426 1056 453 ergo
1071 423 1097 446 et
1113 426 1213 454 pauper
1227 424 1268 446 est
1282 427 1379 447 avarus
1401 425 1429 449 et
1455 421 1573 455 timidus,
1595 422 1735 450 simulator
1757 430 1784 452 ct

992 464 1140 501 hypocrita,
1157 473 1189 493 ac
1209 465 1356 494 terroribus
1373 467 1476 502 plenus,
1489 468 1608 496 cruciatu
1623 474 1702 505 atque
1717 479 1783 504 snp-

991 511 1089 546 plicio;
1104 511 1148 547 qui
1165 519 1228 539 vero
1247 512 1373 547 pecunias
1387 512 1508 547 despicit,
1530 515 1671 542 contrariis
1687 515 1783 544 fruitur

990 557 1115 584 omnibus
1128 566 1136 585 :
1148 565 1235 584 annon
1252 558 1339 592 palam
1353 564 1394 586 est
1407 559 1531 587 virtutem
1543 568 1603 589 esse
1612 562 1782 590 suaviorem?

989 603 1028 630 Ac
1042 603 1143 638 reliqua
1168 603 1247 630 etiam
1264 603 1456 632 insectaremur
1474 605 1555 640 mala,
1570 607 1647 642 queis
1662 609 1782 636 ostendi-

990 654 1042 682 tur,
1057 649 1199 684 niliilquod
1211 649 1308 676 malum
1320 651 1355 678 sit
1366 650 1463 678 habere
1475 651 1649 687 voluptatem,
1664 655 1713 681 nisi
1725 655 1779 689 jam

988 696 1072 724 multa
1086 704 1100 723 a
1117 697 1194 725 nobis
1208 697 1331 731 superius
1346 697 1417 725 dicta
1432 698 1552 726 fuissent.
1568 699 1629 727 lla-c
1644 708 1707 735 ergo
1719 709 1779 729 cuin

988 742 1121 776 sciamus,
1145 742 1275 778 eligamus
1301 742 1447 777 virtutem,
1476 748 1506 772 ut
1529 750 1556 772 ct
1578 744 1620 772 hic
1645 747 1780 781 voluptate

987 788 1116 821 fruamur,
1128 792 1155 816 et
1166 788 1252 815 futura
1265 796 1460 824 consequamur
1473 789 1551 823 bona,
1564 792 1649 826 gratia
1660 796 1687 819 et
1703 793 1762 820 beni
1771 808 1778 813 -

985 835 1085 870 guitate
1095 856 1102 869 ,
1115 840 1167 863 cte.

815 941 988 973 HOMlLIA
1010 941 1082 972 xv.
1122 927 1126 935 ”

138 1014 202 1042 CAP.
217 1015 244 1042 5.
259 1023 284 1040 v.
305 1015 329 1041 Ι.
348 1014 457 1041 Omnino
476 1014 580 1041 auditur
597 1014 662 1041 inter
679 1022 721 1041 vos
742 1015 875 1050 fornicatio
887 1035 893 1045 .
910 1019 932 1041 et

173 1061 230 1087 talis
246 1061 383 1094 [ornitatio
393 1082 400 1093 ,
416 1069 472 1095 quia
484 1069 535 1087 non
549 1061 613 1087 inter
626 1065 710 1096 gentes
725 1061 869 1087 nominatur
881 1082 887 1092 ,
905 1065 932 1086 ut

171 1115 275 1133 uxorem
297 1107 378 1141 patris
396 1107 438 1133 sui
459 1107 549 1141 aliquis
565 1106 664 1133 habeat.
685 1106 711 1133 2.
734 1106 766 1132 Et
787 1113 829 1132 vos
849 1106 932 1140 inﬂati

171 1155 240 1185 estis,
256 1159 279 1180 et
294 1162 344 1180 non
360 1154 439 1189 magis
455 1154 555 1180 luxistis
567 1174 575 1187 ,
589 1157 616 1180 ut
631 1153 734 1180 tollatur
749 1153 780 1180 de
793 1152 874 1180 medio
888 1161 930 1180 ve-

169 1206 249 1227 stritnt
262 1201 305 1234 qui
319 1200 366 1226 ltoc
380 1208 444 1234 opus
457 1199 525 1234 fecit.

170 1246 196 1273 ί.
212 1245 328 1278 Quando
341 1245 490 1272 disserebat
501 1245 536 1272 de
550 1245 656 1272 illorum
673 1244 841 1272 dissensione
853 1264 861 1276 ,
876 1251 929 1272 non

133 1292 222 1319 statim
238 1291 392 1319 vehementi
407 1299 471 1318 usus
486 1295 528 1318 est
544 1298 668 1318 sermone
680 1311 687 1323 ,
703 1290 749 1318 sed
764 1290 930 1318 mansuetius

134 1338 219 1372 primo
240 1337 339 1370 oravit,
356 1337 517 1372 demumque
539 1337 565 1364 in
586 1337 784 1365 accusationem
797 1336 876 1364 desiit
888 1336 929 1364 his

133 1383 221 1411 terbis
237 1392 243 1410 :
262 1383 443 1418 Signiﬁcatu":
467 1383 533 1409 enim
552 1388 586 1410 est
607 1383 670 1409 milii
689 1383 720 1410 de
741 1383 818 1416 vobis,
837 1382 929 1417 fratres

132 1430 179 1456 nisi
190 1450 198 1462 ,
218 1429 250 1456 ab
263 1429 294 1455 iis
309 1429 352 1464 qui
366 1433 424 1456 sunt
444 1428 549 1460 Cliloes,
569 1428 636 1463 quod
651 1429 820 1455 contentiones
835 1429 885 1455 sint
902 1428 928 1455 in

133 1475 200 1501 vobis
218 1475 258 1509 (ι.
276 1474 337 1501 Cor.
355 1474 379 1502 l.
395 1474 451 1509 11).
467 1473 515 1501 llic
530 1479 617 1501 autem
634 1481 686 1501 non
701 1474 739 1502 sic
751 1495 758 1505 ,
775 1473 821 1501 sed
837 1474 927 1500 statim

132 1521 238 1556 pungit;
255 1524 283 1547 et
298 1524 427 1554 quantum
449 1520 506 1546 ﬁeri
527 1524 632 1554 potest,
646 1519 766 1546 criminis
781 1519 927 1555 exprobra-

132 1566 230 1592 tionem
243 1572 413 1592 communem
426 1564 521 1592 reddit.
537 1564 627 1600 Neque
639 1565 710 1592 enim
721 1565 787 1592 dixit
799 1574 806 1592 :
818 1564 871 1592 Cur
883 1564 927 1592 ille

131 1612 279 1639 fornicatus
289 1611 350 1638 est?
361 1611 418 1644 sed,
429 1611 539 1638 Omnino
551 1611 652 1638 auditur
661 1611 687 1638 in
699 1611 766 1638 vobis
775 1611 926 1647 fornicaiia:

132 1663 159 1684 ut
173 1666 205 1684 ne
219 1657 296 1692 quasi
312 1657 390 1684 alieni
406 1657 515 1684 omnino
529 1664 543 1683 a
557 1657 742 1684 criminatione
762 1657 927 1692 negligenter

130 1707 251 1737 agerent,
275 1703 322 1730 sed
346 1703 372 1729 in
396 1703 529 1730 communi
551 1703 686 1737 percussi,
712 1707 739 1730 et
760 1703 878 1730 Eci-lesia
900 1703 925 1730 in

130 1750 231 1776 crimen
249 1754 344 1776 vocata
356 1769 364 1780 ,
380 1750 419 1775 sic
431 1749 537 1776 solliciti
552 1749 739 1776 redderentur.
756 1749 839 1776 Nemo
853 1749 924 1776 enim

129 1795 209 1827 dicet,
225 1794 323 1829 inquit,
337 1795 382 1822 llle
398 1794 541 1822 fornicatus
552 1799 609 1827 est;
624 1795 671 1822 sed
687 1795 711 1822 in
725 1795 924 1822 Corinthiorum

129 1840 249 1868 Ecclesia
267 1840 366 1867 factum
377 1845 418 1868 est
433 1845 579 1876 peccatum.
595 1841 649 1868 Nec
661 1841 738 1873 dixit,
754 1841 925 1876 Perpctratur

128 1886 286 1918 fumicatio;
313 1885 360 1913 sed
381 1886 500 1920 Auditur,
517 1894 574 1921 qua:
595 1895 626 1914 ne
643 1886 743 1922 quidem
762 1887 827 1914 inter
840 1892 924 1923 gentes

128 1931 294 1958 nominatur.
309 1930 420 1966 Semper
435 1931 505 1959 enim
521 1940 552 1959 ex
571 1932 695 1967 gentibus
714 1932 809 1967 probra
827 1932 924 1968 ingerit

129 1977 270 2009 ﬁdelibus;
293 1982 322 2005 et
344 1977 629 2006 Thessalonicensibus
651 1979 772 2006 scribens
796 1979 922 2007 dicebat:

130 2024 311 2059 Unusquisque
336 2032 379 2051 vas
403 2033 476 2051 suum
501 2025 627 2060 possideat
652 2026 678 2052 in
706 2026 922 2060 sanctificatione,

128 2079 177 2097 non
204 2072 232 2097 in
261 2071 379 2105 passione
407 2071 542 2103 desiderii,
569 2071 631 2098 sicut
659 2076 682 2098 et
713 2077 809 2099 uetera:
838 2077 924 2107 gentes

128 2117 166 2152 (Ι.
178 2117 272 2144 Thess.
284 2117 312 2144 πί.
327 2117 353 2144 4.
367 2117 394 2152 5)
405 2125 412 2149 ;
427 2115 629 2145 Colossensibus
641 2123 728 2145 autem
740 2122 767 2145 et
779 2118 902 2153 Ephesiis
915 2127 922 2145 :

128 2163 169 2190 Ne
199 2164 271 2190 ultra
297 2163 430 2191 ambuletis
459 2164 523 2191 sicut
550 2164 656 2198 reliqua:
680 2169 764 2200 gentes
793 2165 923 2192 ambulant

128 2210 238 2244 (Ep/res.
251 2209 278 2237 4.
292 2209 348 2245 l7).
364 2209 391 2238 Si
405 2214 494 2238 autem
506 2210 599 2238 eadem
612 2210 668 2246 ipsa
683 2218 742 2246 quae
756 2216 849 2247 gentes
862 2219 924 2246 pec-

127 2263 188 2281 care
201 2255 306 2290 ignosci
322 2255 423 2290 nequit,
439 2256 551 2290 gentiles
566 2256 638 2291 ipsos
652 2264 684 2284 ea
698 2256 724 2283 in
740 2264 769 2284 re
783 2264 922 2292 superare,

127 2309 255 2335 quonam,
272 2309 376 2336 quiusa,
394 2302 419 2328 in
433 2303 492 2329 loco
505 2302 654 2337 ponemus?
669 2302 746 2337 Apud
760 2303 821 2330 illos
838 2303 921 2338 enim,

127 2347 223 2382 inquit,
237 2356 291 2374 non
304 2347 383 2375 modo
395 2347 460 2374 nihil
474 2352 644 2383 perpetratur
655 2347 818 2383 huiusmodi,
831 2349 878 2377 sed
890 2357 923 2377 ne

127 2394 281 2420 nominatur
293 2393 413 2428 quidem.
427 2393 547 2420 Vidistin”
558 2401 696 2428 quousque
709 2394 810 2422 crimen
821 2395 924 2422 extule-

126 2438 181 2464 rit?
194 2438 260 2465 Cum
273 2439 344 2465 enim
360 2438 427 2466 tales
440 2443 585 2466 cernuntur
599 2439 733 2467 invenisse
747 2441 858 2468 luxuria:
869 2449 924 2470 mo-

126 2484 187 2516 dos,
201 2491 268 2519 quos
285 2484 409 2512 inﬁdeles
420 2492 472 2512 non
485 2485 565 2512 modo
577 2490 731 2520 perpetrare
746 2494 798 2514 non
811 2487 921 2522 audent,

125 2530 174 2556 sed
190 2538 224 2557 ne
237 2535 336 2557 norunt
350 2531 458 2566 quidem
470 2552 477 2564 ,
495 2531 636 2559 ineffabilis
649 2537 689 2560 est
703 2534 803 2568 peccati
818 2535 922 2570 magni-

126 2575 202 2603 tudo.
225 2576 290 2603 llliid
309 2581 411 2611 autem,
426 2576 498 2604 Inter
516 2586 570 2611 vos,
592 2586 640 2613 per
660 2579 799 2614 emphasin
822 2581 923 2608 dictuin

125 2627 184 2654 est;
203 2621 254 2649 hoc
266 2626 318 2654 est,
339 2623 409 2650 inter
423 2630 471 2650 vos
489 2623 590 2656 ﬁdeles,
609 2624 654 2659 qui
675 2628 746 2652 tanta
766 2626 923 2660 percepistis

125 2668 268 2704 mysteria,
289 2668 335 2704 qui
355 2676 515 2696 arcanorum
536 2670 680 2704 participes
700 2670 805 2705 fuistis,
825 2672 868 2706 qui
890 2672 923 2699 ad

126 2715 223 2742 celum
232 2715 318 2742 vocati
329 2715 405 2742 estis.
419 2715 513 2743 Viden‘
525 2721 622 2751 quanta
636 2716 816 2752 indignatione
828 2719 922 2753 plenus

126 2761 161 2787 sit
180 2768 288 2793 sermo,
304 2766 404 2796 quanta
420 2761 457 2788 ira
471 2767 562 2789 contra
577 2769 680 2790 omnes.
697 2762 763 2790 Nam
779 2763 800 2791 si
816 2771 868 2791 non
884 2765 923 2791 ira

129 2807 209 2833 inulta
222 2807 349 2834 incensus
360 2805 463 2839 fuisset,
478 2815 564 2842 neque
577 2808 705 2836 adversus
717 2816 810 2836 omnes
824 2809 868 2836 illa
881 2817 924 2837 eit-

130 2853 294 2886 tenderetur,
314 2854 353 2881 sic
379 2853 470 2888 utique
492 2854 626 2882 dixisset:
650 2855 716 2889 Quia
740 2855 828 2882 audivi
852 2856 922 2891 quod

132 2901 171 2928 illc
183 2901 242 2928 talis
253 2901 402 2930 fornicatus
413 2901 458 2934 sit,
471 2901 597 2936 castigate
610 2901 694 2929 illum.
709 2902 782 2930 Nune
795 2911 858 2931 vero
870 2911 922 2931 non

986 1014 1036 1048 sic,
1060 1014 1107 1042 sed
1128 1015 1206 1042 etiam
1230 1014 1359 1042 adversus
1378 1022 1471 1042 omnes
1492 1019 1618 1043 armatur.
1637 1015 1740 1043 Etenim
1754 1017 1775 1043 si

984 1059 1088 1094 priores
1103 1060 1140 1087 illi
1156 1061 1346 1096 scripsissent,
1364 1060 1408 1087 illa
1424 1060 1533 1088 dixisset
1549 1070 1556 1087 :
1573 1062 1634 1096 quia
1647 1069 1709 1089 vero
1723 1070 1775 1090 non

984 1105 1071 1132 solum
1092 1113 1144 1132 non
1166 1106 1340 1140 scripserunt,
1357 1105 1404 1133 scd
1422 1105 1502 1134 etiam
1517 1106 1604 1134 scelus
1618 1106 1683 1134 illud
1699 1111 1776 1134 texe-

984 1156 1046 1178 runt
1059 1155 1087 1180 et
1099 1152 1292 1179 obumbrarunt
1304 1173 1311 1185 ,
1331 1152 1392 1180 ideo
1407 1152 1601 1180 vehementiori
1617 1153 1701 1180 utitur
1716 1161 1775 1181 ser-

984 1205 1073 1225 nione.
1090 1197 1123 1225 Ut
1137 1206 1240 1225 uxorem
1254 1198 1333 1234 patris
1346 1199 1386 1225 sui
1398 1199 1490 1233 aliquis
1503 1198 1602 1225 habent.
1618 1198 1706 1233 Quare
1721 1207 1774 1226 non

982 1242 1058 1275 dixit,
1075 1242 1108 1271 Ut
1122 1243 1267 1271 fornicetur
1282 1251 1341 1271 cuin
1363 1244 1492 1272 muliere?
1506 1244 1535 1272 Id
1547 1244 1617 1279 quod
1629 1243 1773 1272 admodum

983 1293 1059 1324 turpe
1069 1293 1126 1316 erat
1136 1290 1238 1324 respuit
1250 1299 1256 1316 :
1267 1297 1349 1325 quare
1365 1289 1503 1318 honestius
1517 1289 1568 1317 hoc
1580 1292 1772 1325 pra-tercurrit,

982 1340 1011 1363 ut
1034 1336 1104 1371 quod
1127 1336 1153 1364 in
1177 1336 1360 1371 superioribus
1383 1340 1455 1364 esset
1477 1336 1660 1370 declaratum;
1681 1337 1706 1364 in
1723 1337 1773 1364 hoc

982 1382 1062 1409 etiam
1073 1389 1165 1410 rursus
1176 1389 1277 1417 augens
1289 1382 1401 1415 crimen,
1417 1382 1615 1418 ostendenSqne
1630 1382 1699 1417 apud
1713 1382 1772 1410 illos

982 1429 1042 1456 talia
1065 1429 1228 1465 perpetrari,
1244 1437 1305 1464 qua:
1324 1437 1358 1456 ne
1376 1429 1449 1457 clare
1463 1429 1553 1457 dicere
1566 1429 1672 1465 quidem
1690 1429 1772 1456 Paulo

981 1475 1069 1503 liceat.
1094 1475 1157 1504 ideo
1180 1476 1205 1503 in
1227 1476 1401 1511 sequentibus
1423 1475 1516 1504 eodem
1539 1476 1623 1504 utitur
1646 1475 1770 1511 loquendi

979 1521 1060 1548 modo
1075 1520 1178 1553 dicens,
1193 1519 1260 1547 Etim
1273 1521 1317 1555 qui
1331 1521 1378 1548 hoc
1391 1521 1425 1547 ita
1440 1521 1518 1557 fecit:
1532 1524 1561 1548 et
1573 1529 1666 1549 rursus
1676 1521 1772 1549 erube-

979 1567 1029 1594 scit
1044 1570 1070 1593 et
1086 1566 1167 1601 pudet
1181 1574 1242 1594 eum
1256 1571 1349 1601 aperte
1362 1567 1462 1601 dicere,
1474 1567 1512 1594 uti
1523 1567 1641 1595 solemus
1652 1567 1677 1594 in
1691 1567 1770 1595 rebus

979 1613 1122 1641 admodum
1137 1613 1270 1648 turpibus.
1292 1613 1346 1641 Nec
1366 1613 1451 1646 dixit,
1467 1613 1623 1647 NOvercam,
1638 1613 1684 1641 sed
1701 1612 1771 1641 Uru-

978 1667 1032 1686 rem
1049 1659 1138 1694 patris,
1159 1662 1187 1686 ut
1206 1659 1313 1694 gravius
1333 1658 1435 1687 feriret.
1457 1659 1563 1686 Etenim
1583 1666 1644 1686 cum
1663 1659 1771 1686 nomina

978 1704 1116 1732 sufﬁciunt
1135 1704 1168 1732 ad
1183 1704 1373 1737 accusandum,
1388 1711 1435 1740 per
1450 1711 1480 1732 ea
1495 1705 1632 1740 procedit,
1653 1704 1772 1740 nihilque

978 1750 1062 1778 addit.
1086 1750 1141 1778 Nec
1163 1750 1228 1778 mihi
1247 1751 1332 1782 dicas,
1350 1750 1445 1786 inquit,
1457 1758 1540 1778 unum
1552 1758 1611 1778 esse
1626 1750 1772 1777 fornicato-

978 1804 1051 1828 rcm;
1076 1803 1219 1823 commune
1241 1795 1365 1823 omnibus
1387 1795 1485 1823 factum
1506 1800 1548 1824 est
1569 1795 1682 1823 crimen.
1707 1795 1771 1823 ldco

977 1842 1057 1869 etiam
1073 1841 1211 1876 sulijuiixit
1225 1850 1231 1868 :
1247 1841 1281 1868 Et
1300 1849 1344 1868 eos
1364 1841 1449 1877 inﬂati
1470 1841 1539 1868 estis.
1555 1841 1613 1868 Non
1625 1841 1692 1868 dixit
1706 1849 1770 1876 pro-

977 1892 1036 1922 pter
1058 1891 1196 1922 peccatum
1224 1896 1231 1914 :
1254 1887 1304 1914 hoc
1326 1887 1396 1914 enim
1418 1887 1600 1915 irrationabile
1620 1891 1702 1920 esset,
1723 1885 1770 1914 sed

977 1938 1086 1968 propter
1099 1932 1168 1959 illius
1181 1931 1340 1959 doctrinam.
1356 1931 1415 1967 Ipse
1427 1936 1516 1959 autem
1532 1931 1584 1959 hoc
1596 1939 1647 1959 non
1662 1931 1769 1967 posuit,

977 1978 1024 2005 sed
1040 1978 1156 2005 medium
1171 1977 1293 2013 reliquit,
1310 1982 1338 2004 ut
1354 1978 1437 2013 magis
1454 1977 1556 2005 feriret.
1577 1977 1610 2004 Et
1629 1977 1770 2005 considera

977 2023 1051 2050 Pauli
1073 2023 1252 2059 prudentiam.
1275 2022 1340 2050 Cum
1357 2023 1443 2058 primo
1457 2027 1597 2058 externam
1611 2024 1769 2058 sapientiam

977 2070 1128 2104 deiecisset,
1152 2069 1367 2104 ostendissetque
1389 2069 1461 2096 illam
1487 2077 1535 2104 per
1555 2077 1585 2097 se
1610 2069 1676 2097 nihil
1697 2077 1767 2102 esse.

976 2115 1079 2142 etiamsi
1103 2119 1241 2150 peceatum
1265 2122 1318 2142 non
1340 2115 1375 2142 sit
1397 2115 1544 2150 adjectum;
1573 2120 1635 2143 tunc
1662 2115 1769 2143 demum

976 2162 1055 2190 etiam
1070 2162 1102 2189 de
1116 2167 1225 2197 peccato
1237 2161 1363 2197 loquitur.
1380 2161 1445 2189 Nam
1459 2162 1481 2189 si
1496 2162 1528 2189 ad
1543 2162 1769 2196 comparationem

976 2208 1155 2241 fornicatoris,
1167 2207 1210 2242 qui
1227 2207 1341 2234 fortasse
1355 2207 1463 2242 sapiens
1478 2207 1608 2242 quispiam
1623 2211 1691 2241 erat,
1709 2215 1767 2235 nta-

975 2262 1056 2290 gnum
1077 2262 1137 2282 esse
1156 2254 1294 2289 spirituale
1306 2253 1406 2282 donum
1420 2254 1548 2287 dixisset,
1564 2253 1630 2281 nihil
1644 2261 1768 2289 magnum

975 2301 1099 2334 fecisset;
1115 2300 1161 2329 sed
1177 2301 1256 2328 etiam
1271 2301 1372 2336 absque
1387 2305 1497 2336 peccato
1516 2300 1632 2334 dejicere
1654 2305 1681 2328 et
1702 2301 1769 2328 niliil

976 2355 1036 2376 esse
1060 2347 1246 2375 demonstrare
1271 2347 1430 2382 sapientiam
1454 2351 1613 2379 externam,
1638 2347 1689 2375 hoc
1712 2351 1769 2374 erat

976 2394 1119 2422 ostendere
1133 2394 1205 2421 illam
1219 2393 1362 2421 admodum
1381 2401 1442 2422 esse
1460 2394 1550 2421 vilem.
1574 2394 1637 2422 ldeo
1653 2401 1713 2421 cuin
1730 2394 1769 2421 sic

976 2441 1050 2476 prius
1061 2440 1287 2476 comparationem
1299 2440 1414 2473 fecisset,
1429 2445 1492 2468 tunc
1502 2441 1581 2468 etiam
1597 2440 1697 2475 peccati
1712 2448 1767 2468 me-

975 2487 1072 2514 minit:
1087 2491 1115 2515 et
1127 2494 1187 2514 cum
1203 2487 1249 2514 illo
1263 2487 1370 2522 quidem
1383 2487 1517 2514 disserere
1528 2495 1580 2514 non
1592 2487 1726 2522 dignatur,
1740 2490 1768 2515 et

976 2533 1002 2561 in
1019 2533 1070 2561 hoc
1090 2541 1222 2560 summam
1248 2533 1367 2561 ostendit
1380 2533 1534 2566 infamiam;
1557 2533 1598 2561 his
1616 2539 1704 2561 autem
1726 2533 1768 2561 di-

975 2581 1012 2607 cit
1026 2588 1032 2606 :
1046 2579 1195 2614 Oportebat
1206 2586 1256 2606 vos
1269 2578 1334 2607 ﬁere
1344 2599 1351 2612 ,
1368 2579 1459 2614 lugere
1477 2584 1504 2607 et
1525 2587 1580 2614 prae
1604 2579 1705 2615 pudore
1727 2579 1768 2608 la-

975 2625 1107 2658 mentari;
1133 2632 1205 2653 nunc
1229 2629 1318 2652 autem
1339 2625 1502 2653 contrarium
1525 2625 1612 2654 facitis
1628 2635 1636 2654 :
1655 2626 1768 2662 idecque

976 2671 1136 2705 subjunxit:
1153 2670 1188 2697 Et
1209 2678 1252 2697 vos
1274 2671 1357 2706 inﬂati
1377 2672 1446 2705 estis,
1461 2676 1483 2699 et
1504 2680 1554 2699 mm
1573 2673 1654 2708 magis
1674 2673 1767 2700 luctum

976 2717 1109 2744 habuistis.
1125 2717 1157 2744 Et
1170 2716 1232 2751 quid
1248 2716 1345 2744 factum
1359 2721 1417 2751 est,
1432 2717 1537 2752 inquies
1547 2739 1554 2750 ,
1570 2722 1600 2745 ιιι
1613 2725 1662 2746 nos
1675 2719 1765 2753 lugea-

976 2764 1055 2791 mus?
1073 2763 1149 2797 Quod
1168 2763 1194 2791 in
1213 2771 1355 2792 commune
1369 2764 1496 2792 Ecclesia:
1509 2772 1650 2800 progressa
1666 2764 1700 2792 sit
1715 2764 1765 2792 cri-

976 2810 1097 2837 minatio.
1114 2809 1149 2837 Et
1161 2817 1208 2837 cur
1221 2809 1290 2838 bene
1306 2811 1433 2838 faciemus
1447 2811 1589 2846 lugentes!
1608 2810 1643 2838 Ut
1663 2810 1766 2838 tot/mur

978 2865 1009 2884 ρ]
1021 2857 1088 2883 “abis
1101 2856 1144 2890 qni
1156 2862 1193 2884 est
1207 2856 1276 2884 tatis.
1294 2856 1328 2884 Et
1343 2865 1428 2892 neque
1442 2858 1485 2885 hic
1498 2865 1595 2885 nomen
1610 2856 1668 2891 eius
1682 2858 1763 2891 punit.

981 2910 1069 2938 neque
1084 2903 1196 2938 uspiam,
1211 2908 1238 2931 ut
1253 2902 1366 2931 solemus
1378 2905 1463 2931 facere
1478 2903 1503 2930 in
1517 2903 1550 2931 iis
1563 2900 1707 2938 quaevaldc
1723 2901 1770 2929 ab-
