2041 3111
271 170 321 204 €23

269 228 350 262 surda
365 234 392 262 cl
408 229 513 270 indigna
527 238 597 263 sunt.
614 234 669 263 Nec
683 235 760 266 dixit,
773 235 808 262 Et
819 242 871 261 non
884 234 967 268 magis
982 232 1062 268 cjeci-

269 280 335 311 slis;
351 279 398 307 sed
421 281 489 307 sicut
512 281 537 308 in
562 281 656 308 morbo
678 280 767 315 aliquo
786 285 814 307 et
835 280 860 306 in
886 285 969 314 peste,
991 280 1062 306 luctu

269 330 336 360 opus
350 331 390 354 est
403 332 429 353 et
443 327 546 354 intonsa
561 327 769 362 supplicatione,
785 324 818 354 Ut
832 327 944 360 tollatur,
958 327 1041 360 inquit
1053 334 1061 358 ;

269 375 297 400 et
312 373 464 407 precatione
474 373 507 400 ad
520 372 569 399 hoc
581 372 707 399 utendum
720 378 771 405 est,
785 369 902 407 nihilque
918 378 969 399 nou
983 379 1063 406 agen-

270 415 333 446 dum
357 425 384 446 ut
407 420 451 447 ille
471 420 652 447 abscindatur.
678 419 769 455 Neque
789 423 896 446 accusat
916 427 972 450 cos,
993 418 1063 453 quod

274 467 323 492 hoc
335 465 383 491 sibi
402 473 453 492 non
471 466 621 497 iudicarint,
634 465 680 493 scd
692 466 752 500 quia
764 473 816 492 non
831 466 965 496 luxerunt,
978 469 1005 492 ut
1018 465 1064 492 ille

273 511 306 537 de
323 510 410 537 medio
425 511 564 538 tolleretur
579 520 585 537 :
600 511 745 539 ostendens
759 511 784 538 id
799 512 857 538 sine
871 511 982 538 doctore
994 518 1064 545 prm-

273 555 398 583 standum
411 556 493 584 fuisse
504 557 539 584 ob
549 556 638 584 delicti
648 557 818 584 evidentiam.
830 558 856 584 5.
869 556 937 583 Ναηι
953 565 998 592 ego
1008 556 1065 591 qui-

272 601 328 628 dem
346 608 475 637 tamquam
491 602 580 630 absens
600 611 715 638 corpore,
731 611 840 637 prwsens
858 609 942 629 autem
962 603 1064 635 spiritu.

306 648 335 675 2.
349 648 412 676 Cum
424 649 523 683 publica
538 649 691 684 fornicatore
703 649 828 683 quomodo
841 653 900 684 agat
913 649 1066 675 Paulus.—

273 691 340 723 V'ide
353 695 470 722 animum
487 704 493 721 ε
507 702 540 722 ne
553 695 616 722 sinit
629 695 736 730 quidem
752 700 907 730 ettspectare
920 696 1065 723 adventum

273 749 368 772 suum,
384 745 414 767 ut
427 741 483 775 ipse
497 740 593 775 ligetur
603 761 609 772 ,
624 741 670 767 sed
686 743 820 776 tamquam
835 746 935 775 pestem
950 741 1065 775 aliquam

273 787 444 821 eitpulsurus,
453 788 604 822 priusQuatn
612 785 774 815 diﬂuttdatiir
781 787 806 814 in
815 788 945 823 reliqutnu
955 792 1063 822 corpus,

273 832 345 859 illam
367 833 488 860 detinere
507 837 631 867 properat
647 842 653 859 :
671 833 783 868 ideoque
800 833 892 868 adjicit
906 842 911 859 :
924 831 1065 869 Jantjuili-

273 878 328 904 cavi
349 883 376 905 ut
396 884 515 912 pra’setts.
538 878 600 905 ιιι-ε
618 883 707 905 autem
724 878 838 911 diccbat,
855 887 908 906 non
924 879 1003 906 modo
1020 887 1065 906 ur-

275 931 341 959 gens
354 924 415 951 illos
427 923 460 951 ad
475 923 635 951 sententiam
656 923 795 951 ferendum
809 945 817 957 ,
833 933 919 959 neque
932 926 1023 952 sitiens
1039 930 1067 952 ut

274 969 346 996 aliud
361 970 465 997 consilii
481 970 603 1004 capiant;
619 970 665 996 sed
679 970 759 997 etiam
775 974 878 998 terrens
890 991 898 1004 ,
911 976 938 998 ut
953 971 996 1006 qui
1012 971 1066 998 sci-

275 1021 316 1043 ret
330 1013 373 1042 illa
386 1024 446 1051 qua:
460 1013 497 1043 ibi
511 1023 599 1043 essent
614 1015 710 1044 futura.
737 1015 804 1044 lllud
819 1015 891 1045 enim
912 1020 954 1045 est
971 1017 1067 1045 adesse

275 1064 387 1098 spiritu;
401 1071 430 1091 ut
443 1061 557 1091 Elizmus
569 1063 642 1092 Giezi
659 1069 779 1100 ptresens
790 1070 817 1092 et
831 1065 936 1092 dicebat
951 1074 959 1093 :
974 1064 1069 1092 Nonne

274 1119 319 1137 cor
332 1119 414 1138 meum
427 1116 480 1139 erat
494 1116 573 1138 tecum
587 1112 597 1147 (
610 1112 636 1140 ι.
652 1111 715 1148 Reg.
731 1112 758 1140 5.
771 1111 807 1139 26
818 1111 848 1148 )?
862 1112 950 1148 Paprc,
968 1117 1066 1147 quanta

275 1161 317 1183 est
331 1156 414 1183 virtus
428 1154 606 1190 charismatis,
622 1165 683 1185 cum
697 1165 790 1185 omnes
802 1156 880 1184 simul
892 1162 1068 1192 congregatos

276 1207 395 1236 prmstet,
407 1207 434 1229 et
447 1210 478 1230 ea
490 1211 548 1237 quae
563 1203 652 1237 procul
666 1203 733 1230 ﬁunt
746 1207 806 1230 nota
820 1200 915 1230 iaciat!
931 1203 1069 1239 Jamjudi-

276 1248 331 1274 cavi
344 1253 370 1274 ut
388 1256 509 1281 pra'setts.
529 1248 586 1275 Non
609 1249 672 1275 sinit
685 1256 732 1276 eos
745 1249 816 1276 aliud
836 1247 978 1284 quidquam
993 1250 1067 1285 Cogi-

277 1295 334 1322 iare
349 1303 355 1319 :
371 1291 437 1322 Nam
453 1295 611 1322 sententiam
627 1295 672 1322 tuli
688 1300 715 1323 ut
730 1303 848 1330 praisens
864 1306 869 1323 :
884 1304 916 1323 ne
931 1294 994 1323 mihi
1012 1305 1069 1324 mo-

277 1345 320 1368 ras
330 1346 358 1368 et
377 1338 631 1376 procrastinationes
646 1341 737 1374 dicas;
761 1342 826 1368 nihil
841 1343 911 1369 enim
925 1342 995 1369 aliud
1011 1342 1068 1370 ﬁeri

277 1392 392 1421 oportet.
418 1383 518 1415 Deinde
533 1396 565 1415 uc
580 1396 674 1423 magna
689 1386 824 1416 videretur
839 1396 897 1416 esse
912 1389 1067 1423 auctoritas,

278 1441 363 1468 neque
376 1430 545 1468 arrogantius
559 1434 658 1462 dictum
673 1441 732 1461 esse
748 1439 914 1468 censeretur,
933 1433 990 1462 vide
1003 1444 1069 1470 quo-

279 1480 358 1507 modo
372 1485 398 1507 et
409 1480 480 1515 ipsos
493 1480 585 1514 judicii
602 1481 689 1507 socios
702 1480 789 1507 furiat.
803 1481 868 1507 Nam
886 1489 946 1508 cum
959 1479 1070 1509 dixisset

275 1526 395 1554 Judicaoi
405 1547 412 1558 ,
428 1527 516 1554 intulit
531 1536 537 1553 :
555 1527 618 1553 [fam
633 1527 724 1562 quisic
738 1532 855 1561 operatus
868 1532 920 1560 est,
935 1525 962 1555 4.
978 1528 1004 1554 in
1021 1536 1068 1554 no-

277 1574 345 1600 mine
364 1573 468 1600 Domini
486 1573 565 1600 nostri
582 1573 644 1600 Jesu
662 1572 766 1606 Christi,
783 1575 941 1609 congregatis
959 1572 1026 1601 vobis
1047 1579 1069 1601 ει

278 1628 332 1646 meo
354 1620 462 1655 spiritu,
483 1628 539 1646 cum
559 1621 648 1646 virtute
668 1619 769 1647 Domini
793 1621 873 1647 nostri
893 1619 955 1647 Jesu
976 1619 1069 1647 Christi

277 1668 303 1694 εἰ.
320 1667 419 1694 tradere
433 1667 578 1702 hajusmadi
589 1667 715 1693 hominem
726 1671 831 1694 solatae.
851 1667 882 1695 Et
896 1667 959 1702 quid
975 1672 1026 1699 est,
1037 1667 1070 1694 In

277 1713 378 1739 nomine
395 1712 495 1738 Domini
509 1713 586 1739 nostri
599 1711 662 1739 Iesu
675 1712 769 1740 Christi
780 1712 792 1739 7
805 1712 957 1739 Secundum
974 1713 1068 1746 Deum,

278 1766 331 1785 non
351 1757 466 1785 humano
486 1758 585 1785 detenti
606 1758 768 1792 prrejudicio.
794 1758 906 1792 Quidam
926 1763 1015 1786 autem
1030 1759 1069 1786 sic

278 1805 369 1838 l-‘gunt
385 1813 389 1829 :
407 1802 473 1830 Eum
493 1804 535 1838 qui
554 1804 590 1831 sic
609 1809 727 1839 operatus
747 1809 783 1830 est
803 1805 828 1831 in
848 1805 948 1831 nomine
965 1804 1070 1832 Domini

279 1850 358 1876 nostri
379 1849 441 1876 Jesu
463 1849 611 1877 Ghristhet
630 1856 727 1884 puncto
748 1849 790 1877 hic
811 1851 934 1884 apposito
949 1858 996 1877 seu
1013 1851 1069 1877 vir-

278 1896 348 1931 gula,
366 1896 407 1923 his
421 1897 508 1923 verbis
519 1901 642 1931 pergunt,
659 1896 821 1932 Congregatis
835 1893 902 1924 vobis
915 1901 937 1924 et
951 1905 1005 1924 meo
1017 1897 1071 1931 spi-

278 1943 328 1969 ritu
351 1943 449 1969 tradere
472 1944 619 1978 hujusmodi
644 1943 769 1970 hominem
792 1948 896 1970 satanw.
923 1942 957 1970 Et
978 1943 1071 1971 dicunt

278 1988 357 2023 hujus
373 1988 492 2016 lectionis
505 1988 575 2015 hunc
590 1996 650 2016 esse
660 1996 767 2016 sensum
781 1999 786 2016 :
802 1988 868 2016 Eum
883 1989 927 2023 qui
944 1990 994 2016 hoc
1006 1997 1070 2023 ope-

279 2038 352 2061 ratus
367 2039 407 2061 cst
423 2031 451 2060 in
465 2035 573 2061 nomine
588 2034 706 2067 Christi,
724 2034 819 2061 tradite
835 2040 952 2067 saltum;
969 2034 994 2061 id
1009 2039 1049 2062 est
1060 2056 1068 2068 ,

278 2089 339 2107 eum
352 2081 396 2114 qui
411 2088 507 2108 nomen
521 2080 620 2107 Christi
639 2080 799 2107 contumelia
814 2080 902 2107 all'ecit
912 2100 920 2113 ,
936 2081 981 2115 qui
998 2085 1070 2115 post-

277 2135 357 2160 quam
373 2125 459 2153 t‘idelis
475 2126 559 2152 lactus
573 2130 629 2157 est,
645 2130 671 2153 et
684 2133 831 2160 cognomen
847 2127 949 2160 accepit
969 2127 1003 2154 ab
1024 2127 1070 2153 illo

278 2173 385 2199 nomine
397 2193 404 2204 ,
426 2172 486 2198 talia
506 2176 547 2198 est
569 2179 649 2198 ausus
660 2191 667 2203 ,
683 2171 753 2198 hunc
769 2171 866 2199 tradite
881 2176 990 2199 satanze.
1007 2172 1069 2199 Milli

278 2224 366 2246 autent
387 2218 459 2252 prior
473 2217 552 2244 lectio
567 2217 653 2244 verior
668 2225 727 2244 esse
742 2217 855 2245 videtur.
877 2218 1003 2252 Quantam
1026 2219 1070 2246 illa

278 2265 338 2292 est?
363 2264 396 2290 In
417 2265 517 2291 nomine
542 2263 644 2290 Domini
659 2265 815 2300 congregatis
839 2263 926 2296 vobis;
948 2265 998 2293 hoc
1018 2270 1069 2299 est,

279 2312 344 2346 Ejus
358 2311 466 2338 nomine
475 2318 522 2338 vos
535 2316 723 2345 congregante,
736 2319 785 2345 pro
799 2319 853 2346 quo
863 2312 1020 2339 convenitis.
1036 2311 1070 2338 Et

277 2358 370 2393 spiritu
392 2365 456 2384 meo.
480 2357 582 2384 Rursus
601 2357 719 2391 seipsum
731 2365 791 2384 cum
806 2357 858 2385 illis
871 2358 1026 2389 constituit,
1042 2361 1072 2385 ut

279 2412 339 2430 cum
357 2403 536 2438 judicaverint
547 2404 621 2438 quasi
638 2404 696 2438 ipso
710 2409 843 2439 prieseute
854 2425 860 2435 ,
880 2404 918 2430 sic
934 2401 1007 2431 illum
1021 2404 1069 2431 ab-

278 2450 412 2483 scindunt,
426 2454 454 2477 et
467 2457 546 2477 nemo
562 2450 631 2477 ausit
645 2447 731 2484 ipsum
743 2450 819 2477 venia
834 2449 943 2485 dignum
960 2450 1069 2484 habere,

278 2496 366 2522 sciens
380 2495 437 2523 fore
451 2500 478 2522 ut
494 2495 590 2522 Paulus
608 2496 674 2523 sciat
688 2503 719 2523 ea
733 2504 792 2530 qua:
806 2495 874 2522 facta
888 2494 995 2523 fuerint.
1018 2495 1069 2523 De-

279 2540 340 2568 inde
354 2545 382 2567 ut
395 2548 450 2568 rem
465 2541 591 2568 exhibeat
607 2541 794 2568 terribiliorem
806 2562 812 2573 ,
833 2541 870 2567 ait
885 2549 891 2567 :
905 2541 968 2567 Cum
982 2542 1071 2569 virtute

278 2582 382 2614 Domini
395 2587 474 2613 nostri
491 2586 554 2614 Jesu
572 2587 674 2614 Christi.
690 2585 718 2613 id
733 2590 774 2614 est
786 2607 793 2618 ,
807 2587 848 2614 vel
864 2587 934 2621 quod
948 2586 1071 2616 Christus

279 2633 362 2667 possit
379 2640 438 2660 eam
452 2632 528 2660 vobis
546 2633 657 2667 gratiam
676 2631 740 2659 dare
751 2653 758 2664 ,
774 2636 802 2659 ut
816 2633 923 2667 possitis
937 2641 998 2660 eutn
1013 2633 1070 2661 dia-

280 2679 341 2706 bolo
355 2677 478 2710 tradere;
493 2676 535 2705 vel
550 2678 620 2713 quod
635 2678 691 2712 ipse
704 2677 840 2705 vobiscum
853 2675 954 2706 laturus
965 2679 1071 2707 sitsen-

280 2725 399 2752 tentiam.
416 2724 472 2752 Non
489 2723 556 2751 dixit
568 2728 668 2755 autem,
684 2723 768 2758 ipsum
783 2723 880 2752 dedere
894 2729 1007 2756 satanm;
1023 2725 1071 2752 sed

278 2769 400 2801 Tradere,
418 2770 468 2804 ipsi
482 2769 606 2804 aperiens
618 2769 780 2804 pmnitentiaa
795 2769 881 2802 fores,
897 2774 924 2797 et
937 2770 986 2804 ipsi
1002 2775 1069 2798 Iam-

277 2823 356 2849 quam
373 2814 519 2850 paedagogo
534 2814 612 2842 talem
627 2814 762 2843 hominem
779 2815 897 2843 tradens.
914 2816 946 2843 Et
960 2824 1068 2850 rursus,

278 2862 369 2892 talem,
386 2868 435 2888 nec
449 2869 561 2896 usquam
574 2861 629 2888 \ult
643 2862 715 2889 illum
730 2870 777 2889 suo
793 2862 901 2889 nomine
916 2870 1021 2890 vocare.
1038 2859 1069 2889 In

275 2903 405 2934 interitum
419 2906 512 2934 carnis.
529 2907 602 2935 Sicut
616 2912 641 2935 et
658 2909 682 2935 in
699 2907 775 2935 beato
786 2907 836 2935 Job
849 2907 947 2935 factum
959 2912 1008 2942 cst,
1021 2908 1067 2936 sed

644 176 673 205 S.
688 174 827 206 10.“le
845 170 1080 204 CllRYSUS'l‘USlI
1093 170 1251 203 AliClllL‘P.
1272 172 1537 206 CONSTANTINOT’.

1857 179 1905 209 1'21

1116 241 1169 260 non
1184 234 1278 262 eadem
1293 235 1328 263 de
1340 244 1431 263 causa.
1456 236 1520 264 Nam
1541 237 1593 264 illic
1615 245 1662 271 pro
1681 238 1907 272 splendidioribus

1116 280 1233 312 coronis,
1251 281 1293 308 hic
1308 289 1355 315 pro
1370 287 1536 316 peccatorum
1551 283 1726 316 remissione;
1745 290 1775 311 ut
1793 285 1909 321 Hagen-1

1116 334 1177 353 caui
1193 327 1262 354 malo
1278 328 1366 356 ulcere
1379 334 1425 356 aut
1439 329 1492 356 alio
1505 330 1609 357 utorbo.
1632 331 1711 365 Atqui
1730 332 1792 359 alibi
1813 333 1850 358 ait
1865 342 1871 358 :
1887 335 1907 360 Α

1117 371 1227 400 Domino
1237 374 1386 408 jndicamur
1398 375 1456 402 hil‘l:
1472 377 1613 410 patientes.
1630 377 1664 404 At
1681 378 1722 404 hic
1736 379 1820 413 magis
1834 379 1908 405 illum

1117 422 1235 453 pungere
1259 418 1352 448 volens
1366 441 1372 452 ,
1398 423 1497 449 satame
1518 421 1607 450 tradit.
1632 423 1665 450 Et
1688 422 1738 450 hoc
1760 428 1833 451 certe
1856 425 1911 452 lico

1118 463 1242 497 placitum
1257 464 1314 498 fuit,
1332 469 1357 492 ut
1371 467 1545 501 castigaretur
1555 464 1613 502 ejus‘
1623 476 1696 495 caro.
1709 469 1775 503 Quia
1789 470 1861 498 enim
1877 477 1910 498 ex

1118 510 1224 544 crapula
1240 516 1266 538 et
1279 510 1381 538 deliciis
1396 513 1546 540 carnalibus
1559 515 1781 549 concupiscentia:
1793 524 1911 544 nascun-

1120 560 1171 586 tur,
1184 563 1291 583 carnem
1303 558 1423 592 eastigat.
1442 557 1476 585 Ut
1490 558 1602 592 Spiritus
1616 560 1701 587 salt-ns
1715 561 1747 587 sit
1759 562 1785 587 in
1799 562 1840 588 die
1855 562 1911 588 Do-

1119 602 1180 627 mim
1199 601 1272 629 Jesu.
1298 602 1323 630 ld
1346 608 1396 636 est,
1417 605 1504 630 anima
1523 611 1530 631 τ
1546 613 1597 632 non
1617 607 1686 640 quod
1704 607 1746 634 illa
1763 609 1819 634 sola
1836 609 1909 635 salvs

1118 648 1162 681 sit,
1177 648 1223 675 sed
1239 650 1313 684 quasi
1331 649 1355 676 id
1369 651 1396 677 in
1411 651 1535 678 confesso
1546 653 1590 683 sit,
1603 653 1674 687 quod
1689 653 1732 680 illa
1751 655 1833 686 salva,
1849 655 1910 682 sine

1120 694 1172 720 ulla
1187 696 1398 724 contradictione
1410 705 1506 731 corpus
1517 699 1610 726 salutis
1623 700 1756 734 particeps
1767 701 1828 728 erit.
1844 701 1911 728 Nam

1119 739 1233 767 mortale
1249 741 1346 768 factum
1357 748 1397 769 est
1410 748 1519 778 propter
1532 745 1615 777 ipsum
1627 753 1686 780 qua:
1699 751 1871 780 peccaverat;
1885 750 1913 774 et

1119 785 1141 812 si
1158 785 1202 812 illa
1214 787 1345 821 justitiam
1359 790 1527 822 exercuerit,
1547 798 1639 818 rursus
1660 797 1687 818 et
1708 799 1806 827 corpus
1825 793 1912 827 ipsum

1121 838 1214 867 magna
1235 833 1339 860 fruetur
1358 835 1451 870 gloria.
1472 835 1585 870 Quidam
1602 845 1666 865 vero
1680 839 1803 873 spiritum
1820 840 1913 868 dicunt

1120 885 1179 904 esse
1200 878 1330 906 charisma
1356 888 1402 907 seu
1427 881 1537 914 dontun,
1553 883 1622 917 quod
1644 884 1721 911 nobis
1741 886 1913 919 peccantibus

1120 924 1306 959 exstinguitur.
1319 925 1357 953 Ne
1368 927 1446 961 igitur
1457 927 1508 955 hoc
1519 927 1574 961 ﬁat,
1584 928 1678 963 inquit,
1689 931 1823 964 puniatur,
1837 937 1865 958 ut
1875 932 1914 959 sic

1120 970 1214 998 melior
1228 972 1321 1005 l'aetus,
1336 973 1452 1000 attrahat
1465 975 1589 1008 gratiam,
1606 980 1632 1001 et
1646 975 1796 1003 inveniatur
1810 978 1912 1004 savum

1121 1016 1205 1050 ipsam
1225 1018 1354 1045 exhibens
1376 1019 1401 1046 in
1422 1019 1468 1047 illo
1487 1020 1541 1047 die.
1563 1020 1654 1056 Itaque
1669 1023 1752 1056 magis
1765 1028 1807 1050 est
1820 1032 1912 1050 curam

1120 1063 1237 1096 gerentis
1252 1071 1282 1090 ac
1298 1065 1440 1098 medentis,
1462 1074 1541 1101 quam
1562 1068 1679 1094 secantis
1700 1069 1741 1095 vel
1766 1073 1867 1097 temere
1888 1075 1914 1096 et

1122 1107 1319 1137 inconsiderate
1345 1111 1490 1145 punientis.
1516 1110 1600 1147 Maius
1624 1114 1721 1148 quippe
1746 1113 1848 1142 lucrum
1873 1122 1915 1142 est

1122 1161 1201 1188 pmna
1217 1164 1223 1182 :
1239 1163 1299 1182 nam
1315 1156 1360 1183 illa
1375 1162 1546 1192 temporanea
1561 1164 1611 1190 est,
1628 1159 1730 1185 lucrum
1744 1163 1832 1187 autem
1850 1169 1917 1195 perv

1122 1205 1240 1234 petuum.
1257 1201 1311 1229 Nec
1325 1203 1481 1237 simpliciter
1493 1203 1568 1236 dixit,
1585 1203 1619 1232 Ut
1639 1204 1742 1240 spiritus
1763 1205 1848 1233 salvus
1866 1208 1914 1240 sit;

1122 1246 1169 1273 Sed
1180 1268 1187 1280 ,
1204 1247 1236 1274 In
1250 1248 1295 1275 illo
1313 1249 1362 1276 die.
1379 1249 1466 1277 Probe
1479 1249 1532 1277 illis
1548 1256 1574 1278 et
1588 1256 1738 1286 opportune
1752 1253 1822 1280 diem
1838 1253 1913 1281 illuni

1122 1301 1324 1330 commemorat,
1338 1300 1368 1323 ut
1382 1302 1408 1324 et
1422 1297 1471 1332 ipsi
1486 1299 1647 1333 promptiore
1658 1299 1748 1326 animo
1759 1300 1790 1326 ad
1806 1300 1916 1327 medici-

1123 1348 1183 1367 nam
1194 1341 1363 1375 accederent,
1376 1346 1403 1370 et
1416 1343 1460 1370 ille
1474 1343 1570 1371 melius
1583 1345 1740 1378 susciperet,
1756 1354 1807 1372 non
1826 1352 1853 1372 ut
1869 1346 1915 1373 ira:
1953 1359 1959 1363 -

1123 1387 1213 1420 verba,
1233 1385 1279 1414 sed
1304 1393 1331 1414 ut
1353 1388 1435 1423 patris
1452 1396 1544 1416 curam
1566 1390 1684 1424 gerentis
1709 1391 1914 1425 providentiam.

1122 1429 1185 1460 Ideo
1199 1434 1280 1465 enim,
1294 1432 1326 1461 In
1341 1434 1466 1462 interitum
1480 1436 1574 1468 carnis,
1589 1435 1675 1468 dixit;
1689 1437 1743 1470 jam
1757 1438 1864 1464 diabolo
1879 1438 1917 1465 le-

1121 1486 1168 1514 ges
1185 1487 1296 1514 ponens.
1311 1489 1360 1507 nec
1378 1481 1469 1508 siuens
1485 1480 1570 1516 ipsum
1590 1482 1701 1509 ulterius
1724 1483 1847 1518 progredi
1864 1493 1870 1509 :
1889 1489 1918 1511 ut

1122 1525 1156 1552 de
1175 1525 1243 1553 Jobo
1263 1526 1368 1553 dicebat
1390 1525 1516 1555 Dominus
1526 1548 1534 1561 ,
1552 1526 1674 1555 therum
1689 1528 1800 1555 aninmm
1815 1530 1871 1562 ejus
1886 1537 1918 1556 ne

1123 1577 1212 1608 tangas
1229 1572 1326 1603 (100.2
1349 1574 1388 1609 6).

1158 1618 1185 1645 5.
1200 1614 1300 1646 Deinde
1315 1627 1375 1645 cum
1389 1620 1548 1647 sententiam
1563 1619 1721 1647 absalvisset
1736 1626 1763 1648 et
1776 1629 1835 1648 eam
1848 1627 1917 1656 pau-

1123 1663 1162 1691 cis
1180 1664 1292 1692 dixisset
1306 1673 1355 1692 nee
1368 1663 1525 1693 immoratus
1539 1671 1629 1698 esset,
1644 1675 1737 1694 rursus
1753 1667 1918 1701 increpatio-

1124 1717 1184 1736 nem
1200 1709 1311 1743 inducit,
1327 1711 1387 1738 illus
1401 1711 1540 1747 alloquens
1556 1720 1562 1739 :
1579 1713 1605 1740 6.
1622 1712 1682 1740 Non
1693 1712 1758 1740 bona
1771 1719 1808 1739 est
1822 1714 1918 1749 gloria-

1123 1756 1157 1782 tio
1169 1761 1268 1788 vestra;
1283 1757 1427 1784 ostendens
1442 1758 1502 1785 illos
1516 1754 1549 1785 ad
1562 1758 1630 1785 istud
1646 1763 1728 1794 usque
1745 1763 1850 1793 templis
1863 1767 1917 1786 ιιιιιι

1124 1801 1218 1829 sivisse
1233 1809 1294 1830 emn
1311 1803 1442 1838 ptenitere
1455 1825 1462 1834 ,
1478 1803 1512 1831 de
1528 1804 1572 1830 illo
1585 1804 1739 1839 gloriantes.
1758 1803 1857 1831 Deinde
1869 1802 1917 1832 de-

1123 1847 1207 1874 clarat
1221 1855 1250 1874 se
1263 1855 1315 1874 non
1332 1848 1369 1875 illi
1384 1848 1463 1875 modo
1477 1854 1630 1883 parcentem
1646 1850 1695 1876 hoc
1711 1849 1797 1877 facere
1807 1870 1814 1883 ,
1830 1850 1877 1877 sed
1892 1855 1919 1876 et

1123 1892 1188 1927 ipsis
1210 1902 1216 1920 :
1237 1893 1350 1928 ideoque
1374 1894 1510 1929 subiungit
1535 1903 1541 1921 :
1566 1893 1677 1921 Nescitis
1699 1896 1767 1929 quod
1791 1896 1919 1922 modicum

1123 1938 1275 1973 fermentum
1290 1943 1368 1966 totam
1380 1947 1489 1966 massam
1502 1940 1663 1975 corrumpit?
1674 1940 1749 1967 Licet
1763 1941 1832 1967 enim
1847 1941 1919 1968 illius

1123 1983 1155 2011 sit
1168 1990 1316 2019 peccaturo,
1327 1985 1422 2020 inquit,
1433 1985 1480 2012 sed
1492 1986 1638 2021 neglectum
1652 1991 1739 2021 potest
1749 1991 1775 2013 et
1788 1987 1918 2021 reliquum

1124 2030 1252 2057 Ecclesiae
1270 2035 1368 2065 corpus
1383 2036 1564 2066 corrumpere.
1581 2032 1645 2058 Cum
1661 2032 1732 2058 enim
1748 2032 1770 2058 is
1785 2032 1828 2066 qui
1847 2033 1920 2066 prior

1124 2076 1245 2110 peccavit
1264 2084 1315 2103 non
1330 2075 1404 2103 dedit
1421 2083 1530 2111 pinnas,
1548 2077 1601 2104 cito
1612 2079 1639 2104 el.
1652 2077 1694 2104 alii
1711 2078 1804 2105 eadem
1821 2086 1919 2112 perpu-

1125 2123 1242 2150 trabuut.
1257 2123 1319 2150 lltec
1333 2128 1420 2150 autent
1436 2123 1516 2155 dicit,
1532 2124 1676 2151 ostendens
1693 2130 1740 2158 pro
1757 2127 1810 2151 tota
1825 2123 1920 2151 Eccle-

1123 2169 1172 2202 sia,
1186 2178 1238 2196 non
1254 2177 1301 2204 pro
1316 2177 1368 2197 uno
1383 2170 1431 2197 sibi
1446 2175 1581 2198 certamen
1596 2175 1623 2198 et
1637 2170 1784 2206 periculum
1801 2170 1916 2200 ade‘se:

1124 2222 1207 2250 quare
1220 2214 1344 2243 l'ermenti
1359 2216 1533 2244 similitudine
1550 2225 1618 2252 opus
1636 2218 1737 2244 habuit.
1759 2218 1835 2245 Sicut
1848 2219 1918 2246 enim

1125 2261 1296 2293 fermentum,
1313 2262 1406 2297 inquit,
1423 2270 1482 2289 cum
1500 2263 1631 2290 modicum
1645 2263 1689 2296 sit,
1705 2268 1786 2291 totam
1803 2272 1919 2292 massam

1125 2306 1151 2334 in
1167 2315 1195 2334 se
1211 2312 1383 2340 transmutat;
1406 2308 1439 2335 ita
1454 2314 1481 2336 et
1496 2309 1554 2342 hic,
1574 2309 1598 2336 si
1612 2310 1757 2345 impunitus
1771 2316 1879 2338 maneat
1893 2317 1920 2339 et

1124 2351 1237 2379 multum
1252 2353 1286 2380 sit
1302 2359 1451 2387 peccatum,
1468 2360 1581 2382 caeteros
1593 2361 1757 2390 corrumpet.
1773 2356 1799 2383 7.
1818 2356 1922 2392 Expur-

1125 2403 1180 2433 gate
1193 2404 1261 2426 vetus
1276 2401 1435 2434 fermentum.
1458 2399 1485 2427 ld
1508 2404 1558 2433 est,
1580 2400 1651 2429 hunc
1673 2401 1841 2436 improbum;
1865 2403 1920 2431 imo

1125 2445 1214 2478 potius
1227 2453 1280 2472 non
1296 2445 1330 2472 de
1344 2445 1394 2473 hoc
1410 2451 1510 2472 tantum
1525 2444 1655 2480 loquitur,
1673 2446 1719 2474 sed
1731 2453 1758 2474 et
1770 2448 1839 2475 alios
1854 2449 1920 2475 sub-

1125 2491 1234 2518 indicat.
1248 2490 1304 2518 Non
1315 2492 1386 2519 enim
1402 2491 1541 2519 fornicatio
1557 2496 1657 2520 tantum
1667 2499 1744 2520 vetus
1758 2493 1918 2521 l'ermentmn

1125 2542 1176 2570 est,
1192 2538 1238 2565 sed
1257 2542 1284 2565 et
1300 2539 1388 2565 omnis
1410 2538 1536 2573 nequitia.
1559 2538 1613 2566 Nec
1632 2539 1708 2571 dixit,
1730 2539 1854 2575 Purgato,
1872 2541 1919 2568 sed

1126 2584 1290 2619 Expurgate;
1304 2592 1364 2611 cum
1376 2584 1544 2612 accuratione
1556 2590 1711 2621 purgate,ut
1723 2593 1771 2612 nec
1783 2587 1919 2614 residuum

1126 2639 1176 2659 nec
1197 2631 1288 2658 umbra
1309 2631 1370 2659 talis
1390 2631 1428 2659 rei
1448 2636 1563 2659 maneat.
1577 2631 1643 2659 Cum
1655 2632 1802 2667 dicitergo,
1817 2632 1918 2667 Expur.

1125 2682 1199 2713 gate,
1215 2677 1333 2704 ostendit
1349 2677 1437 2704 adhuc
1452 2678 1595 2712 nequitiam
1609 2677 1679 2712 apud
1694 2677 1755 2704 illos
1768 2686 1844 2710 esse;
1859 2686 1919 2705 cum

1126 2728 1214 2750 autem
1227 2723 1300 2755 dicit,
1315 2723 1348 2750 Ut
1361 2724 1416 2751 sitis
1430 2732 1493 2751 nova
1505 2724 1660 2759 eonspersio,
1672 2724 1736 2751 sicut
1746 2724 1804 2750 estis
1818 2725 1901 2760 azymi
1911 2731 1921 2753 .'

1128 2770 1244 2798 declarat
1263 2775 1290 2798 et
1311 2770 1426 2803 indicat,
1443 2778 1496 2798 non
1511 2771 1545 2798 ita
1560 2771 1652 2798 multis
1665 2770 1757 2798 vitium
1774 2771 1918 2799 dominari.

1124 2816 1152 2844 Si
1172 2825 1237 2844 vero
1259 2816 1341 2849 dicat,
1367 2817 1441 2844 Sicut
1464 2820 1524 2844 estis
1543 2819 1644 2853 osymi;
1668 2826 1720 2845 non
1744 2818 1778 2845 ita
1803 2819 1920 2853 loquitur

1124 2863 1200 2898 quasi
1214 2871 1307 2891 omnes
1321 2863 1377 2897 puri
1393 2869 1494 2895 essent,
1512 2863 1559 2891 sed
1578 2868 1607 2890 ut
1628 2864 1707 2891 decet
1723 2872 1770 2891 vos
1783 2872 1855 2891 esse.
1872 2864 1918 2890 Et—

1126 2909 1190 2936 enim
1206 2909 1299 2943 pascha
1314 2913 1427 2937 nostrum
1441 2919 1486 2945 pro
1501 2910 1570 2938 nobis
1583 2910 1728 2938 immolatus
1741 2915 1776 2938 est
1791 2910 1916 2938 Christus.
