2041 3111
154 121 204 148 liii

147 178 173 205 8.
190 177 278 212 Itaque
292 179 383 211 festum
397 176 546 204 celebremus
557 197 564 209 ,
586 183 636 202 non
656 175 683 202 in
702 177 823 208 fermento
842 173 917 201 veteri
927 193 934 205 ,

145 230 223 256 neque
244 223 271 248 iu
294 224 418 257 fermento
440 222 544 248 malitia
557 225 580 247 et
594 220 728 255 nequitia,
748 222 790 247 sed
803 219 829 246 in
842 219 938 254 azymis

144 267 294 295 sinceritatis
314 272 338 294 et
357 267 476 293 veritatis.
501 266 546 293 Sic
567 265 688 293 Christus
713 265 871 293 fermentum
891 264 939 291 do-

145 315 257 343 ctrinam
271 314 384 341 vocavit.
401 313 459 346 lpsc
472 317 561 339 autem
574 312 599 339 in
611 311 766 346 metaphora
780 316 879 343 manet,
893 318 938 337 ve-

147 367 230 388 terem
246 360 385 386 historiam
401 359 465 393 ipsis
476 358 501 385 in
516 359 672 385 memoriam
684 365 822 389 revocans,
835 363 937 384 necnon

147 407 243 442 pascha
257 411 285 434 et
298 413 392 442 azyma
409 410 435 431 et
449 405 587 436 beneﬁcia,
599 411 660 438 qua:
675 408 736 431 tunc
749 407 776 430 et
793 411 850 438 qua:
868 410 938 429 nunc

146 454 242 481 collata
255 458 328 485 sunt,
344 456 371 479 et
384 451 510 486 supplicia
526 458 670 486 poenasque
686 450 824 485 irrogatas.

182 499 336 528 Christiania
352 506 424 525 omne
438 503 534 532 tempus
550 497 603 524 dies
615 499 693 532 [estus
704 501 748 523 est.
757 512 792 516 ——
803 496 849 523 Est
868 503 932 531 ergo

147 545 199 572 diei
219 545 279 571 festi
303 550 421 579 prwsens
440 547 554 577 tempus.
579 542 644 569 Cum
661 542 731 569 enim
744 541 820 574 dixit,
838 540 939 567 Festum

151 591 303 618 celebremus
312 599 321 622 ;
336 598 390 617 non
403 589 472 625 quod
488 589 589 616 Pascha
599 610 605 620 .
619 597 673 616 non
697 588 767 624 quod
784 589 940 616 Pentecoste

149 637 265 668 adesset,
289 636 340 663 hoc
363 635 479 668 dicebat,
499 635 547 662 sed
572 635 716 662 ostendens
741 639 847 668 tempus
860 642 940 661 omne

148 682 199 709 diei
212 682 273 708 festi
289 686 392 715 tempus
404 688 465 708 esse
481 679 654 713 Christianis,
668 679 703 707 ob
718 679 868 706 ubertatem
883 679 939 706 col-

150 728 265 753 laturum
282 726 424 753 bonorum.
442 726 507 752 Nam
529 725 600 760 quod
624 726 723 752 bonum
743 733 796 752 non
812 725 914 753 exstitit
929 725 940 752 ?

150 772 232 799 Filius
251 772 296 799 Dei
321 771 402 799 homo
425 772 511 799 factus
532 776 572 798 est
589 776 699 806 propter
715 776 740 798 te
754 779 760 804 ;
783 775 808 798 te
824 780 838 798 a
855 776 941 798 morte

151 819 284 852 liberavit,
301 819 333 846 ad
348 827 459 854 regnum
475 819 589 846 vocavit.
611 818 649 845 Tu
665 825 729 853 ergo
741 818 783 852 qui
801 818 862 844 talia
876 825 941 845 con‘

151 872 279 902 sequutus
293 874 322 893 es
332 870 358 893 et
371 865 555 901 consequeris,
570 865 704 900 quomodo
719 873 771 891 non
788 864 886 892 debeas
895 872 942 899 per

154 918 238 940 lotam
259 913 341 939 vitam
355 911 452 939 festum
468 911 567 946 agere?
591 910 675 937 Nemo
699 911 788 945 itaque
809 910 843 937 sit
860 909 942 937 tristis

152 963 263 994 propter
290 964 475 994 paupertatem
497 959 539 986 vel
555 958 676 985 morbum
696 958 737 985 vel
754 957 942 984 insidiaszno-

150 1011 236 1032 strum
250 1006 322 1033 enim
352 1010 457 1040 tempus
480 1009 563 1032 totum
586 1008 628 1031 est
646 1003 807 1031 festivitatis.
832 1002 893 1030 ideo
907 1003 944 1029 ait

151 1051 251 1078 Paulus
264 1060 271 1078 :
287 1051 401 1078 Gaudete
419 1052 446 1078 in
459 1050 570 1077 Domino
583 1071 590 1082 ,
612 1049 720 1085 gaudete
732 1057 741 1082 ;
760 1051 851 1075 iterum
864 1048 921 1075 dico
933 1069 942 1082 ,

151 1098 258 1131 gaudete
270 1096 401 1132 (Philipp.
417 1097 443 1124 4.
458 1096 538 1131 4).Ιιι
554 1095 630 1122 festis
647 1101 726 1121 nemo
740 1093 854 1121 sordidis
865 1093 943 1120 indu-

152 1147 195 1169 tus
207 1147 251 1169 est
265 1142 395 1176 vestibus,
412 1149 500 1176 neque
523 1148 572 1168 nos
586 1141 666 1168 etiam
685 1150 691 1167 :
706 1140 806 1174 nuptis:
819 1139 890 1167 enim
906 1139 944 1166 fa-

151 1193 202 1215 tu:
215 1193 290 1221 sunt,
303 1189 403 1223 nuptia:
420 1188 582 1223 spirituales.
600 1185 778 1218 Simileenim,
791 1185 885 1220 inquit,
902 1186 944 1220 [a-

151 1240 220 1260 ctum
240 1239 276 1261 est
291 1242 398 1269 regnum
420 1234 540 1260 caelorum
553 1233 648 1259 homini
663 1233 715 1267 regi
726 1252 733 1263 ,
747 1232 788 1267 qui
803 1231 881 1257 voluit
895 1238 944 1257 nuv

152 1281 218 1315 prius
233 1282 320 1316 facere
335 1281 389 1314 [ilio
398 1287 443 1307 suo
459 1278 622 1315 (Matt/1.22.
636 1278 674 1313 2).
690 1277 739 1305 Ubi
754 1285 816 1304 vero
832 1284 878 1304 rex
895 1284 945 1302 nu-

152 1327 222 1361 ptias
238 1326 302 1353 facit
316 1330 344 1353 et
357 1325 525 1361 nuptiasﬁlio
537 1331 598 1356 suo,
608 1323 670 1359 quid
683 1323 767 1357 majus
782 1322 862 1350 fuerit
876 1323 943 1349 festo

153 1372 222 1401 illo?
237 1372 324 1400 Nemo
338 1372 428 1408 itaque
450 1372 545 1408 pannis
569 1371 664 1398 laceris
687 1370 794 1397 indutus
818 1370 943 1397 introeat.

154 1418 212 1446 Non
226 1419 261 1446 de
274 1419 443 1446 vestimentis
457 1418 534 1445 nobis
550 1425 639 1445 sermo
654 1421 694 1444 cst
706 1437 712 1449 ,
728 1416 774 1444 sed
793 1415 826 1443 de
843 1415 947 1443 actibus

156 1465 280 1499 impuris.
293 1464 321 1492 Si
336 1465 408 1491 enim
422 1471 481 1491 cum
491 1471 584 1491 omnes
598 1462 745 1498 splendidis
760 1461 845 1488 induti
860 1465 948 1489 essent

157 1511 289 1544 vestibus,
303 1518 373 1538 unus
386 1510 459 1538 solus
475 1510 500 1537 in
516 1509 614 1544 nuptiis
630 1514 765 1543 repertus,
780 1508 875 1535 laceris
885 1515 950 1542 pan~

156 1558 198 1585 nis
228 1559 352 1591 vestitus,
381 1558 502 1593 abjectus
529 1558 578 1585 fuit
600 1565 659 1585 cum
676 1557 836 1592 ignominia;
862 1556 948 1591 cogita

157 1608 284 1638 quantam
300 1604 421 1638 requirat
431 1603 626 1631 observantiam
641 1608 668 1630 et
682 1603 823 1638 puritatem
841 1602 946 1637 ingres-

158 1656 204 1676 sus
215 1649 241 1676 in
251 1649 359 1684 nuptias
369 1649 437 1677 illas.
448 1649 506 1676 Non
516 1649 576 1676 ideo
586 1654 673 1676 autem
684 1653 784 1675 tantum
797 1647 848 1675 illis
859 1654 950 1682 azyma

160 1699 371 1726 commemorat;
382 1695 428 1722 sed
440 1695 586 1722 ostendens
597 1695 701 1722 Veteris
711 1693 878 1721 Testamenti
890 1700 950 1720 cum

161 1739 233 1767 Novo
246 1741 448 1775 cognationem,
462 1741 707 1775 demonstransque
729 1747 782 1765 non
794 1739 875 1766 licere
893 1742 953 1773 post

162 1795 253 1822 azyma
280 1787 306 1814 in
322 1787 465 1822 Aigyptum
487 1787 606 1822 ingredi;
622 1786 668 1814 sed
683 1787 704 1813 si
719 1787 779 1821 quis
790 1786 887 1812 reverti
907 1792 954 1812 vo-

164 1834 252 1866 luerit,
265 1834 360 1860 eadem
376 1841 515 1868 passurum
532 1841 592 1860 esse
606 1840 665 1868 qua:
681 1832 719 1859 illi
732 1841 738 1860 ε
753 1832 797 1858 illa
813 1831 883 1858 enim
897 1838 954 1857 um-

164 1879 209 1905 bra
222 1879 318 1905 horum
334 1884 408 1905 Cl‘ﬂllt
420 1899 427 1911 ,
441 1879 543 1905 etiamsi
557 1878 697 1913 impudens
711 1877 746 1905 sit
756 1876 874 1904 Juda'us.
886 1876 956 1909 Qua-

164 1929 276 1959 propter
290 1924 313 1951 si
337 1925 542 1959 interrogaveris
556 1921 627 1956 eum’,
644 1922 710 1950 nihil
724 1930 849 1958 magnum
865 1922 935 1949 dicet
947 1930 954 1954 ;

164 1970 219 1997 imo
239 1977 362 2005 magnum
388 1970 522 2004 quidpiam
547 1969 627 2001 dicet,
654 1968 701 1996 sed
717 1968 783 1995 nihil
799 1967 862 1999 tale,
879 1967 957 2001 quale

166 2024 233 2049 nos,
248 2017 310 2051 quia
326 2018 464 2043 veritatem
478 2024 531 2043 non
557 2015 640 2043 novit.
662 2014 708 2042 Ille
734 2022 848 2049 namque
873 2014 954 2047 dicet,

166 2063 235 2098 quod
250 2071 280 2091 se
290 2064 441 2091 detinentes
453 2063 593 2099 Egyptios
605 2063 640 2089 ita
651 2062 763 2089 mutavit
779 2061 861 2093 Deus,
870 2065 899 2087 ut
908 2060 957 2096 ipsi

166 2117 216 2137 nos
230 2110 398 2145 depellerent
410 2131 417 2143 ,
433 2117 500 2144 quos
515 2113 592 2136 antea
604 2109 630 2135 vi
644 2107 809 2139 detinebant,
832 2114 882 2134 nec
898 2114 959 2142 pcr-

166 2157 297 2183 miserant
307 2164 357 2184 nos
367 2163 482 2183 massam
497 2155 666 2182 fermentare.
682 2154 733 2181 Sed
746 2153 768 2180 si
784 2153 843 2188 quis
853 2161 895 2180 me
917 2153 958 2180 in-

169 2207 297 2237 terroget,
313 2210 365 2229 non
379 2201 524 2237 Egyptum
539 2200 640 2233 audiet,
652 2207 703 2227 non
717 2199 895 2231 Pharaonem,
912 2197 959 2225 sed

169 2249 321 2276 libertatem
342 2249 375 2274 ab
399 2255 491 2275 errore
509 2247 661 2274 da‘monum
679 2250 707 2273 et
732 2253 748 2272 a
770 2245 888 2272 tenebris
908 2244 962 2272 dia-

170 2295 243 2327 boli;
266 2302 320 2321 non
332 2294 461 2329 Moysen],
476 2293 522 2320 sed
538 2293 586 2320 Dei
599 2293 696 2319 Filium
709 2300 717 2324 ς
732 2300 785 2319 non
809 2299 884 2319 mare
903 2291 961 2318 Ru-

169 2341 246 2367 brum
259 2361 267 2373 ,
283 2340 332 2368 sed
357 2339 489 2374 baptisma
514 2338 662 2366 innumeris
685 2338 793 2373 plenum
810 2338 897 2369 bonis,
917 2337 962 2365 ubi

171 2391 246 2413 vetus
260 2386 343 2413 homo
354 2384 500 2412 suﬁ'ocatus
513 2389 565 2412 est.
582 2384 686 2411 Rursus
701 2384 723 2411 si
741 2384 863 2411 Judmum
879 2384 962 2411 inter-

172 2439 260 2467 roges,
277 2439 326 2458 cur
341 2439 373 2458 ex
396 2431 523 2457 omnibus
550 2430 647 2457 ﬁnibus
675 2430 838 2457 fermentum
855 2429 962 2464 ejiciat;

173 2478 215 2505 hic
229 2483 256 2504 et
269 2477 361 2504 silebit
378 2481 406 2504 et
427 2483 535 2504 causam
562 2484 614 2504 non
630 2476 711 2503 dicet.
734 2476 801 2509 Quia
814 2476 886 2504 enim
913 2476 963 2502 alia

173 2524 280 2558 quidem
302 2528 379 2551 erant
394 2523 484 2558 ﬁgura:
500 2523 660 2556 futurorum,
681 2528 709 2549 et
723 2530 818 2550 causas
831 2522 965 2550 habebant

172 2576 266 2596 eorum
281 2577 341 2604 qua:
363 2568 448 2601 fiunt;
463 2568 513 2595 alia
536 2575 599 2595 vero
614 2576 666 2595 non
683 2568 744 2595 item
754 2589 761 2600 ,
774 2573 802 2594 ut
813 2576 866 2595 non
882 2567 962 2595 liceat

171 2615 273 2643 Judmis
291 2615 407 2649 maligne
420 2622 509 2649 agere,
528 2619 555 2641 ut
569 2622 602 2641 ne
616 2615 652 2641 illi
667 2619 842 2649 permaneant
856 2614 882 2641 in
906 2621 965 2641 um-

171 2662 230 2688 bra.
256 2661 326 2694 Quid
341 2661 413 2687 enim
427 2681 434 2694 ,
452 2668 543 2695 quasso
556 2682 562 2693 ,
578 2661 627 2688 sibi
645 2661 710 2693 vult,
738 2660 893 2692 Mastulum,
912 2661 966 2687 sine

171 2707 286 2740 naucula,
312 2707 388 2734 unius
405 2708 484 2740 anni,
509 2711 536 2734 et
565 2707 638 2739 illud,
669 2707 704 2733 Os
719 2715 769 2732 non
785 2706 966 2733 comminuetur

171 2753 270 2787 (Exod.
284 2753 327 2780 f2.
344 2753 370 2781 5.
388 2754 452 2788 Δϋγέ
463 2753 524 2788 quid
542 2753 590 2780 sibi
604 2753 659 2780 vult
675 2753 776 2779 vicinos
789 2752 907 2780 vocare?
922 2756 967 2778 aut

170 2799 248 2832 illud,
261 2804 366 2831 similes,
382 2804 428 2825 aut
443 2800 468 2825 in
483 2806 592 2834 vespera
607 2798 769 2826 comedere?
784 2798 966 2833 autsanguinc

169 2845 277 2874 munire
304 2845 438 2873 domum?
463 2844 531 2872 Nihil
556 2844 627 2872 aliud
651 2844 721 2872 (licet
736 2845 790 2877 ille,
819 2853 898 2880 quam
920 2853 965 2873 sus

674 118 705 147 IN
726 117 831 146 EPlST.
852 116 862 144 1
894 116 940 144 AD
959 115 1034 145 COlt.
1057 116 1170 144 liOMlL
1192 116 1249 144 XV.

1730 124 1780 152 49.6

993 175 1079 209 deque
1094 174 1237 210 .‘Egyptum
1253 185 1259 202 :
1275 182 1324 210 ego
1337 183 1400 202 vero
1422 177 1508 204 dicam
1536 183 1563 205 et
1585 179 1647 214 quid
1674 182 1781 216 sanguis

991 222 1134 258 signiﬁcet,
1149 222 1211 256 quid
1225 230 1347 258 vespera,
1363 225 1426 259 quid
1441 232 1533 253 omnes
1547 227 1690 255 comedere
1703 230 1782 257 simul

992 276 1034 296 om
1039 277 1140 303 “CSun
1154 273 1265 296 stantes.

1026 317 1052 344 4.
1077 317 1155 344 Prius
1179 322 1268 345 autem
1295 318 1414 346 dicamus
1439 328 1487 348 cur
1500 330 1531 349 ex
1547 323 1670 351 omnibus
1686 323 1782 351 ﬁnibus

991 361 1112 395 ejiciatur
1132 362 1303 391 fermentum.
1320 365 1460 397 Quodnam
1488 375 1551 403 ergo
1578 375 1619 396 est
1645 370 1782 404 aenigma?

992 407 1068 434 Omni
1084 408 1200 443 nequitia
1223 409 1335 436 liberum
1350 416 1376 437 et
1390 413 1508 440 solutmu
1523 419 1630 448 oportet
1641 424 1702 443 esse
1716 416 1781 443 ﬁde-

992 452 1054 480 lem.
1070 453 1144 481 Sicut
1158 455 1227 482 cnim
1243 455 1287 483 ille
1301 457 1379 490 perit,
1394 458 1463 492 apud
1478 468 1556 493 quem
1571 461 1706 489 inventum
1723 462 1782 490 fut)-

992 499 1027 525 rit
1042 504 1117 527 retiis
1126 500 1284 527 fermentutn
1299 503 1355 530 :sic
1369 508 1395 529 et
1407 505 1475 537 apud
1493 513 1540 532 nos
1557 506 1599 532 ubi
1611 508 1715 534 inventa
1729 508 1782 535 fue-

991 544 1028 572 rit
1041 546 1169 580 nequitia.
1185 546 1241 573 Non
1254 548 1325 574 enim
1341 548 1366 575 in
1382 550 1475 576 umbra
1489 555 1560 578 tanta
1570 551 1648 579 fuerit
1663 554 1782 587 punitio,-

992 591 1060 626 apud
1077 597 1226 620 nos-autem
1241 601 1293 621 non
1309 595 1391 622 multo
1406 596 1501 631 major.
1517 597 1580 624 Nam
1596 600 1616 625 si
1630 599 1724 627 domos
1743 602 1783 629 sic

993 642 1143 671 expurgant
1158 645 1172 665 a
1201 638 1344 673 fermento,
1361 642 1434 669 etde
1458 645 1574 672 murium
1602 646 1776 675 foraminibus

994 686 1056 708 sunt
1069 683 1186 714 solliciti,
1210 686 1293 712 multo
1310 687 1393 721 magis
1408 696 1456 715 nos
1479 689 1595 718 animam
1619 695 1781 726 perscrutari

994 732 1117 760 oportet,
1132 732 1159 754 ut
1174 736 1279 756 omnem
1290 731 1420 766 impuram
1435 734 1573 768 ejiciamus
1584 737 1781 771 cogitationem.

993 772 1091 800 Verum
1106 773 1157 801 hoc
1170 776 1239 810 apud
1252 777 1311 804 illos
1325 787 1410 813 nuper
1424 779 1521 808 factum
1533 787 1573 808 est
1585 791 1592 814 ;
1609 791 1680 812 nunc
1694 790 1782 813 autem

995 826 1047 845 non
1063 821 1179 854 amplius
1196 830 1202 847 :
1219 822 1318 857 ubique
1339 825 1409 851 enim
1431 825 1591 854 fermentum
1613 834 1664 861 est,
1681 830 1725 857 ubi
1739 837 1781 858 est

994 864 1111 892 Judaeus.
1137 866 1163 893 In
1180 867 1275 895 mediis
1289 870 1358 895 enim
1375 870 1528 898 civitatibus
1549 873 1613 900 ﬁunt
1627 881 1718 910 azyma
1735 885 1742 902 :
1759 877 1783 903 id

995 910 1065 944 quod
1075 911 1129 946 jam
1146 914 1228 948 magis
1244 913 1343 942 ludicra
1358 923 1400 942 res
1415 921 1464 949 est,
1482 926 1560 952 quam
1572 919 1625 946 lex.
1636 921 1700 954 Quia
1712 923 1783 949 enim

998 957 1068 1002 venit
1081 958 1188 992 veritas,
1202 967 1253 986 non
1266 961 1334 987 ultra
1349 961 1436 989 locum
1450 962 1549 991 habent
1563 966 1627 1000 typi.
1641 966 1730 1001 itaque
1739 976 1785 1002 per

997 1001 1047 1029 hoc
1060 1011 1168 1038 quoque
1183 1006 1333 1040 exemplum
1359 1007 1474 1035 maxime
1498 1009 1572 1043 ejicit
1600 1018 1632 1038 ex
1660 1001 1783 1040 Ecclesia

997 1049 1198 1078 fornicatorem.
1232 1052 1290 1079 Non
1314 1053 1400 1080 solum
1429 1055 1521 1088 enim,
1543 1056 1640 1091 inquit,
1663 1065 1781 1092 prmsens

998 1094 1062 1121 nihil
1080 1095 1209 1130 prodest,
1231 1097 1280 1124 sed
1303 1098 1382 1125 etiam
1407 1104 1505 1132 noeet,
1525 1108 1665 1130 commune
1690 1111 1786 1138 corpus

997 1139 1095 1167 deinde
1120 1148 1306 1176 corrumpens.
1329 1143 1417 1170 Nescit
1430 1145 1501 1172 enim
1521 1147 1607 1180 quivis
1620 1147 1691 1175 unde
1708 1149 1787 1177 foetor

998 1186 1109 1219 oriatur,
1122 1187 1144 1214 si
1158 1189 1291 1216 occultum
1304 1190 1338 1216 sit
1350 1189 1375 1216 id
1385 1191 1454 1225 quod
1466 1197 1506 1219 est
1519 1194 1664 1227 pulridum,
1679 1195 1725 1222 sed
1739 1197 1787 1222 toti

998 1233 1078 1260 cmtni
1093 1233 1167 1260 illum
1184 1234 1306 1269 imputat.
1327 1235 1388 1263 Ideo
1401 1236 1461 1264 illos
1477 1237 1552 1265 valde
1566 1245 1642 1274 urget
1654 1244 1788 1275 utexpur-

998 1283 1061 1313 gent
1084 1278 1264 1307 fermentum:
1280 1279 1313 1307 Ut
1337 1281 1391 1308 sitis
1403 1302 1409 1314 ,
1428 1282 1522 1317 inquit,
1538 1292 1604 1310 nova
1622 1287 1766 1320 t'onspersio
1779 1308 1787 1318 ,

999 1323 1064 1350 sicut
1085 1324 1143 1351 estis
1170 1326 1254 1360 azymi
1267 1333 1276 1352 :
1291 1326 1381 1352 etenim
1398 1325 1498 1354 Paw/ia
1512 1333 1625 1355 nostrum
1643 1330 1788 1358 immolatus

1001 1378 1046 1404 pro
1061 1370 1132 1398 nobis
1156 1375 1191 1397 est
1207 1370 1331 1398 Christus.
1349 1372 1406 1399 Non
1428 1373 1514 1406 dixit,
1530 1373 1722 1409 ltlortuusest;
1740 1378 1787 1404 sed

1001 1416 1137 1451 proposito
1160 1417 1378 1450 cunvenientius,
1406 1418 1558 1446 Innnolatua
1568 1425 1614 1448 est.
1638 1421 1676 1448 Ne
1699 1430 1789 1456 quaere

1001 1461 1082 1496 igitur
1097 1470 1190 1498 azyma
1214 1462 1366 1496 hujusmodi
1381 1484 1388 1497 ,
1405 1465 1466 1498 quia
1482 1473 1568 1500 neque
1594 1474 1689 1501 agnum
1705 1468 1789 1496 habes

1003 1507 1081 1534 talem
1094 1516 1100 1534 :
1113 1515 1146 1534 ne
1159 1515 1262 1543 quieras
1274 1508 1431 1536 fermentum
1444 1510 1505 1542 tale,
1515 1511 1575 1545 quia
1585 1519 1676 1548 azyma
1689 1518 1731 1540 tua
1739 1522 1791 1541 non

1004 1552 1065 1579 talia
1091 1557 1161 1580 sunt.
1185 1553 1211 1580 ιιι
1236 1554 1356 1581 sensibili
1383 1555 1491 1590 quidem
1510 1556 1641 1585 fermento
1667 1566 1790 1594 azymum

1004 1597 1061 1625 ﬁeri
1079 1604 1168 1634 potest
1183 1600 1392 1633 fermentatum;
1415 1601 1603 1630 fermentatum
1630 1612 1695 1632 vero
1717 1614 1793 1633 num-

1003 1653 1082 1680 quam
1096 1646 1180 1681 possit
1194 1646 1251 1673 ﬁeri
1263 1654 1385 1683 azymum
1403 1656 1409 1674 :
1425 1648 1468 1675 hic
1478 1654 1567 1677 autem
1578 1651 1742 1679 contrarium
1756 1660 1795 1680 re-

1005 1692 1125 1727 peritur;
1141 1692 1188 1720 sed
1204 1697 1292 1720 tamen
1308 1693 1359 1721 hoc
1375 1702 1427 1721 non
1444 1694 1580 1723 indicavit.

1042 1737 1119 1766 Pauli
1131 1739 1272 1773 prudentia.
1290 1755 1319 1759 —
1339 1740 1373 1767 Et
1389 1741 1448 1768 vide
1459 1742 1628 1775 prudentiam
1642 1752 1648 1770 :
1665 1744 1691 1770 in
1708 1744 1796 1779 priore

1006 1784 1119 1819 epistola
1137 1793 1212 1820 spem
1239 1786 1402 1813 reversionis
1427 1794 1479 1814 non
1494 1787 1540 1814 dat
1565 1787 1734 1823 fornicatori;
1749 1791 1796 1818 sed

1007 1831 1088 1857 vitam
1105 1835 1186 1858 totam
1204 1831 1287 1866 ipsius
1301 1831 1326 1858 in
1341 1832 1496 1866 pmnitentia
1508 1833 1584 1866 jubet
1597 1841 1673 1866 esse,
1688 1843 1720 1862 ne
1734 1843 1797 1870 pro-

1007 1875 1134 1903 missione
1160 1876 1235 1903 illum
1267 1877 1418 1911 segniorem
1443 1877 1578 1905 redderet.
1603 1879 1693 1914 Neque
1725 1882 1795 1908 enim

1008 1922 1086 1956 dixit,
1111 1922 1220 1950 Tradite
1245 1923 1319 1950 illum
1347 1928 1465 1957 salanm,
1483 1929 1583 1952 utcum
1610 1928 1793 1960 paenitentiam

1010 1969 1103 2003 egerit,
1120 1976 1212 1995 rursus
1227 1968 1355 1996 Ecclesitc
1370 1970 1489 1997 tradatur
1502 1978 1508 2002 ;
1523 1971 1570 1998 sed
1588 1971 1673 2006 quid?
1691 1973 1724 2000 Ut
1746 1974 1798 2001 sal-

1010 2023 1054 2042 uus
1068 2015 1100 2041 sit
1115 2015 1141 2041 in
1158 2014 1251 2041 ultimo
1277 2014 1331 2042 die.
1352 2015 1431 2042 Mittit
1445 2016 1530 2050 ipsum
1547 2017 1572 2044 in
1600 2021 1706 2053 tempus
1721 2019 1796 2051 illud,

1011 2064 1040 2086 nt
1064 2059 1209 2087 sollicitum
1224 2059 1348 2088 redderet
1366 2070 1371 2087 ε
1386 2066 1412 2088 et
1427 2061 1498 2096 quod
1525 2067 1585 2097 post
1616 2065 1799 2098 pterdtentiam

1013 2105 1156 2140 largiturus
1168 2105 1214 2140 ipsi
1228 2110 1294 2136 erat,
1310 2114 1364 2133 non
1379 2107 1474 2141 aperit,
1492 2108 1633 2136 Dominum
1645 2118 1722 2137 suum
1735 2111 1797 2138 imi—

1013 2155 1082 2178 tans.
1110 2151 1339 2185 Quemadmodum
1356 2153 1426 2179 enim
1444 2153 1513 2180 Deus
1535 2153 1622 2186 dicit,
1648 2155 1737 2183 Adhuc
1751 2161 1802 2184 tres

1013 2195 1076 2226 dies,
1099 2200 1122 2222 et
1148 2195 1241 2222 Ninive
1263 2196 1418 2223 subvertetur
1438 2197 1543 2232 (Jonas
1571 2200 1597 2227 5.
1624 2201 1640 2227 4
1656 2201 1686 2234 );
1713 2210 1801 2238 neque

1014 2242 1125 2274 addidit,
1141 2242 1169 2270 Si
1196 2247 1283 2270 autem
1313 2245 1495 2278 paenitentiam
1518 2246 1612 2279 egerit,
1628 2247 1777 2275 servabitur
1793 2257 1800 2275 :

1014 2289 1053 2317 sic
1067 2295 1093 2317 et
1108 2290 1157 2316 iste
1172 2297 1225 2316 non
1239 2289 1315 2322 dixit,
1343 2289 1370 2316 Si
1395 2290 1474 2324 digne
1499 2292 1681 2325 paenitentiam
1707 2295 1802 2328 egerit,

1015 2335 1233 2363 conlirmabimus
1262 2335 1287 2362 in
1311 2335 1384 2363 illum
1412 2337 1567 2369 Cill‘iiﬂlt'lll;
1595 2337 1643 2365 sed
1667 2344 1805 2373 exspectat

1017 2388 1045 2409 ut
1060 2382 1116 2417 ipse
1134 2389 1200 2416 opus
1226 2381 1290 2408 illud
1311 2381 1401 2414 faciat,
1420 2387 1449 2408 ut
1465 2386 1527 2408 tunc
1551 2384 1663 2416 gratiam
1677 2385 1800 2419 accipiat.

1015 2429 1082 2456 Nam
1107 2428 1129 2456 si
1157 2428 1190 2455 ab
1211 2428 1287 2454 initio
1307 2427 1357 2455 hoc
1384 2428 1511 2460 dixisset,
1532 2428 1601 2456 forte
1621 2435 1720 2457 metum
1745 2431 1804 2465 ejus

1017 2475 1142 2501 solvisset
1162 2483 1167 2500 :
1184 2479 1347 2509 quapropter
1360 2481 1412 2501 non
1429 2474 1509 2501 modo
1524 2482 1576 2501 non
1602 2475 1652 2502 hoc
1668 2475 1741 2510 l'acit,
1756 2477 1804 2504 sed

1018 2528 1066 2556 per
1079 2520 1230 2554 exemplum
1245 2519 1368 2547 fermenti
1385 2528 1418 2547 ne
1431 2520 1494 2547 sinit
1510 2521 1616 2555 quidem
1631 2522 1716 2556 ipsum
1733 2523 1806 2550 redi-

1021 2571 1075 2594 tnm
1091 2574 1209 2601 sperare,
1225 2567 1271 2593 sed
1286 2574 1345 2594 eum
1357 2567 1389 2593 ad
1402 2567 1471 2594 diem
1484 2567 1557 2594 illum
1572 2573 1692 2595 reservat
1704 2570 1806 2601 dicens.

1020 2612 1167 2647 Eatpurgale
1180 2617 1248 2639 vetus
1263 2614 1414 2648 fermentum
1428 2621 1436 2644 ;
1448 2616 1484 2645 et,
1503 2611 1544 2640 Ne
1557 2615 1648 2648 festum
1660 2614 1808 2641 celebremus

1020 2660 1046 2686 in
1076 2661 1198 2694 fermento
1219 2658 1304 2685 veteri.
1332 2658 1474 2692 Postquam
1499 2663 1589 2685 autem
1625 2659 1808 2693 paenitentiam

1020 2705 1083 2738 egit,
1108 2713 1167 2732 cum
1189 2705 1263 2731 omni
1278 2704 1365 2731 studio
1387 2705 1461 2731 ιΙΙιιιιι
1476 2704 1632 2732 introduxit.
1651 2705 1705 2732 Cur
1718 2710 1805 2733 autem

1022 2753 1097 2777 vetus
1121 2751 1218 2777 vocat?
1235 2750 1282 2777 Vel
1298 2750 1358 2785 quia
1382 2755 1457 2777 vetus
1484 2751 1536 2776 vita
1562 2755 1652 2777 nostra
1674 2755 1731 2777 erat
1755 2749 1805 2776 hu-

1019 2796 1136 2832 jusmodi
1166 2805 1171 2822 :
1204 2796 1244 2823 vel
1270 2797 1330 2831 quia
1356 2801 1431 2823 vetus
1459 2796 1522 2823 illud
1549 2796 1696 2830 proximum
1724 2795 1806 2821 inter-

1024 2844 1069 2871 itui
1092 2849 1148 2877 est,
1173 2843 1291 2871 luendum
1312 2847 1338 2871 et
1366 2848 1463 2878 turpe,
1483 2843 1560 2878 quale
1584 2846 1625 2869 est
1648 2845 1786 2876 peccatum
