2041 3111
238 143 287 172 {27

237 211 323 239 iii-que
343 203 414 230 enini
431 203 489 230 sine
511 209 590 229 causa
615 208 690 228 vetus
705 202 880 234 vituperatur.
905 206 955 225 nec
968 198 1026 225 sine

237 257 316 277 causa
332 257 430 276 novum
456 248 611 280 damnatur,
635 247 682 274 sed
707 246 808 272 ratione
823 244 911 282 habita
933 251 1027 270 eorum

236 295 270 322 de
295 295 391 330 quibus
415 294 512 328 agitur.
546 292 610 319 Nam
632 291 694 318 alibi
722 291 779 316 ait:
804 289 892 315 Vinum
918 296 1025 321 nouum,

237 349 315 368 novus
335 341 430 367 amicus
443 348 452 366 :
466 339 487 366 ri
500 344 583 365 autem
605 337 789 368 inveteraverit,
813 341 872 362 tunc
885 343 942 361 cum
962 334 1027 361 [ιυιί-

236 388 272 413 tia
294 387 360 413 bibes
384 387 468 421 ipruin
492 384 585 419 (Eccli.
609 383 635 410 9.
665 382 735 417 15);
762 382 787 409 in
807 382 922 408 amicitia
944 381 1027 415 magis

236 433 348 460 iaudans
360 437 529 463 vetustatem,
544 438 622 465 quam
636 430 791 457 novitatem.
810 429 843 456 Et
858 436 959 461 rursus,
975 428 1028 454 Ait-

235 480 319 513 tit/uua
331 478 427 504 dierum
450 476 550 503 sedebat
565 475 644 511 (Dim.
662 476 686 502 7.
705 475 757 509 9);
775 474 817 502 Iiic
830 481 938 510 quoque
950 474 1028 500 anti—

236 532 318 558 quum
344 530 453 550 sumens
481 530 528 557 pro
554 522 663 556 tnajoris
689 521 780 556 gloriie
806 521 940 548 enconiio.
957 520 1039 551 Alibi_

234 575 322 596 autem
337 567 476 602 Scriptura
484 568 621 602 antiquutn
635 575 683 602 pro
694 567 826 601 vituperio
839 566 944 600 accipit.
961 565 1025 592 Nam

234 615 295 650 qttia
308 622 352 641 res
367 614 448 641 variae
458 621 490 641 ex
507 613 596 640 multis
611 612 768 647 composita:
783 617 855 644 sunt,
870 618 897 638 et
911 611 937 638 in
951 610 1027 637 bonis

234 666 262 688 et
277 660 303 686 ili
319 660 395 686 malis
409 659 502 686 iisdem
517 659 609 689 utitur.
622 667 673 685 non
689 657 836 684 secundum
850 656 974 683 eamdem
985 656 1023 682 si-

235 706 446 741 gnificationem.
465 704 530 732 Vide
543 712 607 738 ergo
618 709 644 731 et
659 704 721 730 alibi
736 708 813 730 vetus
828 702 962 737 vituperio
978 703 1026 728 da-

240 758 296 778 tttiii
310 761 317 779 :
331 751 540 778 lnveteraverunt
553 755 576 777 et
593 750 799 776 claudicavcrtmt
813 756 829 774 a
844 748 939 775 semitis
952 748 1003 774 suis
1017 756 1026 780 ;

235 806 261 826 et
274 806 377 830 rursus,
394 797 536 825 [nuclei-ari
555 797 619 824 inter
634 804 720 823 omnes
733 796 850 823 inimicos
861 803 927 821 meos
941 793 1026 829 (Paul.

236 846 280 872 Π.
296 845 341 873 46.
361 849 384 872 et
402 845 429 872 ϐ.
446 845 473 879 8)
488 852 494 876 ;
507 848 534 872 et
548 845 654 876 iterum,
671 842 812 870 Invelerate
835 842 932 868 dierum
945 841 1027 868 malo-

235 901 292 918 rum
308 891 388 927 (Dan.
406 892 450 918 15.
464 890 520 926 52).
535 891 573 918 Ita
583 894 610 917 et
624 890 783 917 fermentum
798 896 868 923 saepe
883 895 931 923 pro
946 895 1027 922 regno

236 939 362 965 ('lL'itH‘lllll
380 937 521 972 accipitttr,
536 936 640 964 etiamsi
653 936 696 963 hic
710 936 894 970 vituperetur:
909 935 956 962 sed
971 934 1026 962 illic

235 985 269 1011 ad
281 984 363 1015 aliud,
379 984 421 1010 hic
435 983 468 1010 ad
482 983 553 1010 aliud
568 982 691 1010 refertur.

270 1031 297 1058 5.
311 1030 424 1056 Avaritia
440 1035 509 1056 uetus
524 1032 675 1065 fermentum
689 1030 825 1062 quomodo.
836 1042 871 1047 —-
881 1026 943 1054 Mihi
963 1032 1028 1052 vero

237 1077 353 1102 maxime
362 1076 468 1102 videtur
484 1075 520 1104 id.
536 1074 607 1109 quod
622 1074 656 1101 de
670 1073 804 1101 furunculo
819 1073 928 1104 dicitur,
945 1072 1024 1099 etiam

236 1121 269 1148 ad
285 1121 440 1147 sacerdotes
460 1120 575 1151 referri,
590 1119 634 1154 qui
662 1119 753 1145 sinunt
779 1118 940 1144 intrinsecus
968 1124 1027 1143 esse

236 1167 349 1193 liittiltlltl
368 1166 492 1193 fernienti
508 1165 618 1198 veteris,
629 1172 680 1191 non
695 1169 873 1198 expurgantes
889 1171 921 1190 ex
937 1163 1027 1190 termi-

237 1213 290 1245 nis,
308 1212 332 1238 id
344 1216 395 1242 est,
410 1219 442 1238 ex
456 1211 575 1238 Ecclesia
587 1232 595 1243 ,
611 1218 722 1239 avaros.
743 1214 865 1243 raptores
877 1230 885 1242 ,
902 1213 928 1235 et
942 1208 1026 1242 quod-

235 1266 349 1292 cumque
365 1265 395 1284 ex
412 1257 629 1292 regnoctelorum
641 1256 767 1283 excludit.
781 1255 846 1282 Nam
865 1255 974 1282 avaritia
986 1259 1027 1281 est

236 1309 312 1330 vetus
333 1304 512 1334 fermentum,
525 1306 551 1329 et
565 1309 735 1337 quocuniqne
750 1301 889 1332 ceciderit,
906 1307 985 1335 atque
1001 1302 1025 1327 in

234 1355 430 1383 quamcumque
446 1347 553 1374 domum
566 1347 708 1379 inciderit,
727 1346 890 1373 immundam
904 1347 974 1373 illam
989 1347 1028 1373 ef-

236 1395 300 1421 ficit.
314 1394 422 1421 Etiamsi
439 1401 518 1428 parva
544 1401 576 1420 ex
592 1392 721 1427 injustitia
745 1392 875 1425 lueret-is,
903 1392 927 1418 id
945 1397 1026 1418 lotam

235 1446 306 1467 tuaiii
321 1440 498 1467 substantiam
514 1440 694 1466 fermentavil.
713 1438 775 1465 Ideo
786 1446 858 1472 swpe
872 1437 979 1470 accidit,
997 1442 1026 1464 ut.

235 1487 338 1515 modica
353 1487 422 1513 male
434 1485 552 1518 indueta,
564 1485 646 1512 multa
660 1493 718 1519 qua:
734 1484 801 1511 bene
814 1484 925 1510 collecta
938 1484 1028 1518 jaceut

235 1534 374 1568 ejecerittt.
400 1532 470 1560 Nihil
490 1533 562 1560 enim
581 1537 623 1560 est
636 1532 719 1566 magis
735 1531 871 1566 putridtim
893 1531 1005 1557 avaritia
1018 1550 1024 1557 .

235 1581 340 1608 etiamsi
377 1581 450 1608 enim
482 1580 557 1607 cellie
582 1579 717 1613 penuariie
740 1579 843 1605 clavem
867 1577 1026 1610 induxeris,

236 1628 341 1655 etiamsi
354 1627 463 1661 januaiu
479 1631 506 1654 et
520 1631 623 1653 vectem
637 1647 644 1659 ,
659 1625 757 1651 frustra
777 1624 834 1652 haec
848 1624 923 1656 facis,
941 1623 1027 1650 avari-

204 1695 206 1698 .
237 1674 299 1700 tiam
315 1672 572 1708 perniciosissimum
594 1671 679 1698 furem
711 1671 782 1697 intus
807 1669 966 1702 includens,
982 1669 1027 1704 qui

236 1720 326 1746 omnia
339 1718 445 1745 auferre
456 1718 549 1752 possit.
561 1717 628 1750 Quid
645 1717 733 1751 igitur,
747 1716 864 1751 inquies,
878 1723 938 1742 cuni
952 1714 1028 1742 inulti

237 1766 309 1792 avari
333 1765 389 1792 liiee
402 1772 456 1791 non
483 1764 637 1798 patiantur?
651 1763 729 1790 Certe
752 1763 895 1797 patientur,
909 1762 959 1789 etsi
974 1769 1027 1789 non

237 1813 326 1840 statim
354 1812 406 1838 illis
429 1811 550 1838 accidat:
568 1811 590 1837 si
616 1817 679 1837 vero
709 1817 780 1836 nunc
805 1809 944 1843 effugiant,
965 1812 1028 1836 tunc

237 1862 322 1894 magis
338 1859 450 1890 timeto;
469 1857 502 1884 ad
517 1857 602 1891 majus
617 1857 688 1884 enim
705 1855 867 1890 supplicium
881 1862 1026 1882 reservan-

239 1915 291 1933 tur.
308 1906 363 1932 lino
373 1912 435 1931 vero
447 1904 468 1930 si
485 1904 534 1938 ipsi
558 1903 696 1937 effugiant,
717 1907 745 1929 at
759 1901 872 1929 heredes
888 1909 981 1928 eorum
997 1908 1028 1928 ea

239 1952 295 1986 ipsa
311 1952 454 1987 patientur.
469 1950 500 1976 lit
510 1949 655 1984 quomodo,
669 1949 782 1984 inquies,
797 1948 958 1982 liocjustum
972 1947 1029 1975 fuc-

238 1998 295 2024 rit?
311 1997 389 2024 Certe
403 1995 603 2030 valde‘justutn.
620 1994 685 2020 Nam
701 1994 746 2028 qui
767 1993 877 2028 excepit
892 1993 1027 2020 heredita-

239 2048 292 2071 tem
307 2042 432 2077 injastitia
450 2042 566 2076 plenam,
578 2040 683 2068 etiamsi
699 2041 754 2074 ipse
770 2048 821 2066 non
839 2039 976 2074 rapuerit,
992 2044 1029 2066 at-

240 2095 326 2116 tatnen
336 2089 420 2116 aliena
435 2087 532 2114 retinet
545 2095 552 2113 :
570 2091 596 2113 et
611 2085 661 2112 lioc
676 2085 753 2120 plane
766 2092 924 2119 persuasum
938 2085 1028 2117 habet,

240 2135 352 2170 ideoque
362 2141 469 2168 :equum
481 2137 522 2159 est
537 2138 564 2159 ut
579 2132 704 2166 patiatur.
716 2130 743 2158 Si
755 2131 826 2158 enim
842 2131 886 2157 illo
909 2131 1029 2165 rapiente

240 2185 267 2208 tu
278 2180 429 2214 acceperis,
446 2178 597 2212 deiudeqne
610 2176 744 2214 accedens
756 2177 777 2203 is
791 2177 832 2203 eui
850 2182 954 2211 raptum
969 2177 1028 2210 fuit,

241 2226 265 2253 id
282 2229 384 2260 repetat
399 2233 406 2251 :
421 2232 484 2250 num
501 2223 565 2250 satis
579 2222 662 2250 estad
675 2223 711 2249 tui
728 2222 924 2256 purgationem,
936 2227 960 2249 te
977 2231 1029 2249 iion

240 2270 383 2306 rapuisse?
408 2269 611 2304 Mininie:quid
639 2268 709 2295 enim
726 2289 733 2301 ,
763 2275 864 2303 qua-so,
890 2274 1030 2295 accusatus

242 2318 341 2345 dixeris
352 2317 365 2343 ?
379 2315 450 2351 quod
465 2315 532 2342 alius
545 2314 685 2349 spoliarit?
697 2313 782 2342 sedtu
797 2314 898 2341 retines
916 2322 922 2340 :
938 2314 982 2340 ille
992 2322 1031 2341 ra-

241 2364 313 2398 puit?
340 2362 386 2389 sed
404 2366 432 2388 tu
448 2360 556 2388 frueris.
572 2360 634 2387 Htce
648 2367 728 2395 porro
749 2361 829 2387 etiam
843 2360 930 2386 sciunt
942 2365 1031 2386 exter-

241 2418 334 2438 norum
349 2409 432 2444 leges,
452 2415 512 2442 quae
533 2407 564 2434 iis
578 2407 695 2434 dimissis
707 2407 751 2441 qui
766 2411 912 2441 rapuerunt
925 2412 951 2433 et
965 2407 1029 2434 abs-

242 2457 372 2486 tulerunt,
401 2455 434 2481 ab
461 2454 512 2481 illis
537 2453 632 2486 iubent
657 2459 793 2487 expetere,
817 2449 886 2488 apud
901 2460 968 2488 quos
983 2460 1030 2480 sua

241 2501 329 2528 omnia
345 2500 465 2534 deposita
480 2500 638 2534 repererint.
654 2498 681 2525 Si
697 2507 760 2534 ergo
772 2499 841 2525 nosti
856 2506 914 2531 eos,
931 2498 976 2534 qui
990 2499 1030 2525 iti-

238 2547 369 2582 justiiiam
382 2545 451 2580 passi
465 2549 536 2577 sunt,
548 2545 629 2572 redde
638 2550 665 2571 et
677 2545 718 2571 fac
729 2545 799 2580 quod
815 2544 876 2571 fecit
887 2543 1031 2571 Zaeelizeus

240 2599 302 2618 eum
325 2591 408 2618 multa
434 2590 587 2617 accessione
605 2599 612 2617 :
627 2590 648 2617 si
670 2595 759 2616 autem
777 2590 894 2624 ignoras,
918 2589 1030 2616 alteram

244 2637 293 2664 tibi
310 2637 345 2663 do
360 2637 440 2669 viain,
456 2644 504 2662 nec
517 2635 630 2663 excludo
646 2639 672 2662 te
683 2644 697 2662 a
712 2635 832 2663 remedio
848 2644 854 2661 :
871 2635 929 2662 haec
941 2636 1032 2662 omnia

243 2683 409 2718 pauperibus
419 2682 560 2715 distribue,
574 2686 600 2708 et
610 2681 649 2708 sic
663 2682 761 2707 malum
777 2681 894 2708 curabis.
910 2680 985 2713 Quod
1009 2680 1032 2708 si

240 2729 286 2763 qui
302 2728 359 2755 lizec
379 2728 404 2754 in
423 2727 490 2754 filios
501 2732 527 2754 et
544 2727 570 2754 iii
585 2731 696 2762 nepotes
710 2727 928 2758 transmiserunt;
943 2730 971 2753 at
980 2726 1031 2753 alia

242 2782 290 2810 pro
307 2774 347 2801 liis
366 2773 435 2801 mala
460 2774 529 2808 passi
545 2777 617 2800 sunt.
634 2772 735 2806 liequid
758 2773 852 2807 loquor
864 2772 897 2799 de
914 2773 955 2805 iis,
972 2780 1032 2807 quae

241 2820 286 2847 hic
312 2820 454 2847 accidunt?
470 2820 525 2846 Non
552 2819 624 2846 enim
648 2818 673 2844 in
691 2817 794 2844 illo-dic
815 2818 872 2844 haec
896 2818 1030 2850 dicentur,

200 2866 203 2869 '
241 2866 347 2901 quando
360 2867 439 2894 ambo
455 2866 517 2893 nudi
529 2864 704 2900 apparebunt,
715 2863 731 2890 ii
746 2863 842 2898 quibus
858 2867 963 2898 raptum
978 2868 1029 2896 est,

589 143 617 172 S.
637 143 774 172 JOANNIS
791 139 1027 169 CllitYSUSTOMl
1047 137 1206 168 AliClllEP.
1226 139 1491 169 CONS’I‘ANTINOP.

1821 142 1871 172 138

1082 202 1110 224 et
1124 197 1142 225 ii
1166 199 1210 233 qui
1227 200 1461 233 rapuerunt:imo
1486 207 1550 228 vero
1575 207 1627 227 non
1643 201 1766 228 similiter
1782 205 1867 230 nodi:

1081 250 1142 270 nam
1168 244 1289 279 pecuniis
1303 244 1384 271 ambo
1399 245 1498 280 pariter
1520 245 1581 272 nudi
1607 250 1705 278 erunt;
1723 247 1791 274 alter
1806 255 1870 275 vero

1080 289 1174 324 plenus
1189 289 1357 323 crituinibtts,
1369 298 1430 325 qua:
1444 299 1475 318 ex
1491 291 1523 318 iis
1537 296 1595 319 orta
1611 297 1684 319 sunt.
1710 293 1780 326 Quid
1806 302 1871 329 ergo

1080 333 1211 362 faciemus
1225 335 1272 362 illo
1284 336 1338 368 die,
1353 337 1461 371 quando
1478 342 1541 364 ante
1553 338 1669 365 tribunal
1680 338 1744 365 illud
1757 339 1871 367 horreti-

1079 379 1142 406 dnm
1158 381 1190 413 is,
1213 382 1256 416 qui
1271 382 1340 409 male
1355 389 1448 416 passus
1465 389 1506 410 est
1519 388 1546 410 et
1559 384 1647 410 omnia
1673 392 1720 411 sua
1736 386 1871 419 perdidit,

1080 427 1227 454 adducetur
1241 428 1266 454 in
1283 427 1411 460 medium,
1428 434 1454 455 te
1468 430 1568 456 nullum
1586 429 1700 457 habente
1712 432 1873 465 patronum?

1080 474 1142 509 quid
1156 474 1242 501 Jutlici
1256 474 1347 501 dices?
1361 475 1436 502 Nunc
1449 476 1519 502 enim
1530 475 1803 510 jndieiumliomintun
1815 486 1871 505 eor-

1081 527 1205 554 rumpere
1220 520 1330 554 poteris,
1346 521 1408 547 illtid
1423 529 1487 548 vero
1500 521 1630 556 judicium
1646 530 1700 549 non
1722 524 1783 550 item
1798 533 1804 550 :
1818 525 1872 551 itnu

1080 574 1144 592 vero
1160 574 1245 600 neque
1257 574 1326 593 nunc
1340 575 1346 598 ;
1363 575 1432 594 ttune
1444 567 1515 594 enim
1529 576 1636 603 quoque
1650 569 1728 596 adest
1740 569 1870 604 judicium

1080 610 1156 637 illud.
1170 610 1235 638 Nam
1254 612 1323 637 Dens
1338 613 1426 638 omnia
1441 620 1500 647 qum
1510 618 1640 647 geruntur
1651 614 1733 645 videt.
1747 620 1775 641 et
1789 622 1872 650 ιιι-οιιο

1080 657 1140 684 illos
1153 662 1193 685 est
1208 658 1252 693 qui
1267 658 1362 692 injuria
1383 658 1546 691 afficiuntur,
1561 659 1666 687 etiamsi
1682 669 1733 687 non
1748 666 1871 688 vocetur.

1079 703 1146 730 Nam
1161 704 1206 739 qui
1234 705 1304 731 malo
1320 705 1444 736 afficitur,
1461 706 1565 732 etiamsi
1581 705 1706 740 indignus
1719 707 1753 733 sit
1772 708 1817 742 qui
1833 707 1873 734 ul-

1080 749 1180 776 tionem
1197 750 1383 782 naneiseatur;
1396 755 1513 777 attamen
1527 751 1588 785 quia
1604 759 1646 778 res
1654 758 1736 786 gesta:
1751 752 1807 779 Deo
1818 761 1871 780 non

1080 795 1197 829 placent,
1213 795 1293 822 habet
1307 795 1351 822 ille
1366 800 1439 822 certe
1455 797 1578 823 ultorem.
1592 797 1731 829 Quomodo
1742 805 1816 833 ergo,
1832 799 1874 826 in-

1079 841 1166 876 quies,
1182 841 1228 868 ille
1243 841 1374 876 quispiam
1399 849 1527 876 prospere
1549 843 1620 876 agit,
1637 843 1697 870 licet
1711 844 1746 871 sit
1761 845 1848 872 malus
1861 846 1873 872 Υ

1080 887 1133 914 Sed
1148 896 1200 913 non
1217 895 1302 921 usque
1317 888 1342 914 iii
1360 887 1450 914 finem.
1468 888 1536 915 Audi
1551 889 1614 923 quid
1630 889 1702 916 dicat
1715 891 1870 925 propheta:

1081 931 1145 959 Noli
1163 933 1280 959 wiiiuluri
1305 934 1329 959 iii
1349 933 1568 968 mulignanlibus,
1596 936 1716 970 quoniam
1744 930 1874 972 (quiquam

1085 981 1178 1014 [tritum
1192 978 1308 1005 velociter
1323 985 1435 1006 arescent
1451 979 1536 1015 (Psal.
1554 981 1598 1008 56.
1617 983 1642 1008 i.
1657 982 1697 1017 2).
1714 982 1763 1010 Ubi
1779 984 1850 1010 enim
1864 1005 1872 1016 .

1079 1034 1179 1060 qua-so,
1196 1030 1236 1052 est
1261 1027 1284 1053 is
1298 1027 1342 1060 qtii
1371 1027 1478 1060 rapuit,
1507 1033 1647 1062 postquam
1664 1029 1726 1056 hinc
1739 1029 1872 1058 abductus

1080 1070 1149 1098 fuit?
1166 1072 1208 1098 ubi
1224 1079 1286 1106 spes
1319 1073 1484 1106 conspicua?
1501 1073 1544 1100 ubi
1569 1073 1728 1102 lionot-abile
1753 1077 1873 1103 nomen?

1079 1126 1168 1144 annon
1187 1118 1276 1144 omnia
1294 1119 1480 1146 transierunt?
1494 1128 1583 1147 nonne
1600 1122 1689 1148 omnia
1707 1122 1783 1149 illuni
1807 1131 1872 1158 spe—

1079 1164 1177 1191 t'tantia
1189 1165 1322 1191 somnium
1337 1170 1399 1191 sunt
1410 1170 1437 1192 et
1449 1166 1541 1193 umbra
1554 1166 1565 1192 ?
1580 1167 1636 1194 lloc
1647 1167 1732 1201 ipsum
1747 1174 1874 1203 exspecta

1079 1210 1113 1237 de
1128 1210 1241 1245 singulis
1256 1211 1299 1245 qui
1316 1211 1470 1245 hujnsniodi
1486 1217 1559 1244 sunt,
1575 1212 1607 1239 de
1619 1213 1735 1246 vivente,
1748 1220 1775 1241 et
1787 1214 1822 1242 de
1837 1223 1870 1242 eo

1079 1256 1124 1290 qui
1153 1262 1213 1290 post
1239 1256 1342 1282 futurus
1358 1262 1409 1283 est.
1426 1257 1461 1284 At
1477 1257 1537 1284 talia
1553 1265 1605 1284 non
1633 1264 1694 1285 sunt
1708 1267 1738 1286 ea
1754 1268 1813 1294 qu:e
1838 1260 1872 1286 ad

1080 1307 1188 1328 sanctos
1208 1301 1279 1328 viros
1291 1307 1432 1336 spectant;
1446 1311 1532 1336 neque
1548 1305 1648 1337 poteris
1662 1304 1755 1331 eadem
1771 1306 1805 1332 de
1820 1306 1873 1332 illis

1079 1349 1179 1379 dicere,
1194 1349 1264 1383 quod
1290 1357 1349 1384 qna:
1365 1350 1396 1376 ad
1420 1350 1480 1376 illos
1504 1351 1639 1384 pertinent
1665 1351 1757 1378 umbra
1772 1353 1825 1379 sitit
1846 1357 1873 1379 et

1080 1395 1214 1421 somnioin
1242 1400 1269 1421 et
1291 1395 1389 1422 fabula.
1407 1395 1475 1422 Etsi
1504 1396 1542 1422 vis
1558 1396 1631 1423 illutn
1652 1397 1697 1431 qui
1719 1397 1775 1425 inec
1792 1398 1869 1431 dixit,

1081 1441 1257 1467 tentoriorum
1272 1441 1405 1475 opificem,
1418 1441 1539 1474 Cilicem,
1556 1442 1632 1475 cujus
1648 1450 1681 1470 ne
1697 1448 1798 1477 patrem
1811 1445 1873 1478 qui-

1079 1484 1140 1513 dem
1155 1491 1229 1513 certo
1243 1486 1376 1519 novinnis,
1393 1487 1418 1513 in
1432 1487 1551 1514 medimn
1564 1487 1739 1515 adducamus.
1758 1489 1790 1516 Et
1805 1497 1874 1524 quo-

1081 1532 1170 1565 modo,
1202 1532 1319 1567 inquies,
1348 1533 1405 1560 fieri
1436 1534 1520 1568 possit
1545 1539 1573 1561 tit
1599 1535 1707 1570 quidatii
1727 1536 1789 1563 talis
1816 1537 1873 1564 sit?

1079 1577 1195 1605 Omnino
1223 1585 1288 1612 ergo
1313 1577 1470 1610 desideras,
1499 1581 1610 1607 omnino
1634 1581 1674 1607 vis
1701 1589 1762 1608 esse
1790 1582 1872 1609 talis?

1080 1624 1183 1657 Etiam,
1207 1624 1257 1650 ais.
1275 1624 1344 1658 Ergo
1360 1624 1428 1650 viam
1446 1624 1595 1660 ingredere,
1610 1634 1689 1661 quatit
1702 1627 1746 1654 ille
1769 1628 1872 1662 ingres-

1079 1676 1125 1696 sus
1139 1675 1190 1702 est,
1205 1675 1231 1696 et
1243 1669 1288 1704 qui
1303 1677 1363 1696 cuni
1378 1670 1423 1696 illo
1434 1675 1518 1697 erant.
1533 1670 1565 1697 Et
1575 1679 1654 1706 quam
1667 1672 1692 1699 in
1704 1673 1772 1699 viam
1786 1674 1874 1700 venit?

1080 1715 1125 1743 Ille
1136 1716 1243 1751 quidem
1262 1716 1309 1748 ait,
1325 1716 1358 1742 lii
1370 1718 1438 1752 fame
1450 1722 1472 1743 et
1481 1718 1523 1744 siti
1534 1723 1557 1744 et
1571 1718 1688 1745 nuditate
1700 1719 1738 1755 (2.
1754 1719 1813 1747 Cor.
1829 1723 1873 1750 ll.

1079 1763 1125 1798 ‘27)
1140 1771 1147 1794 ;
1164 1762 1209 1790 ille
1222 1770 1296 1795 vero,
1315 1763 1453 1798 Argentum
1466 1768 1489 1790 ct
1505 1772 1597 1790 aurum
1613 1773 1662 1791 non
1676 1771 1712 1792 est
1725 1766 1786 1792 milti
1800 1767 1870 1800 (Act.

1081 1811 1106 1837 5.
1124 1810 1164 1845 6).
1177 1809 1221 1837 Sic
1234 1809 1270 1836 illi
1288 1809 1354 1836 nihil
1369 1809 1515 1843 habebant,
1531 1814 1558 1837 et
1570 1815 1658 1838 tamen
1673 1813 1763 1839 omnia
1785 1814 1872 1847 p0ssi-

1082 1856 1187 1883 deiiant.
1310 1881 1323 1884 _

1117 1902 1143 1928 6.
1161 1901 1229 1935 Quid
1242 1901 1291 1929 hac
1302 1909 1367 1929 voce
1381 1902 1586 1930 honorabilius?
1601 1904 1664 1939 quid
1679 1905 1783 1932 beatius
1799 1910 1826 1932 et
1838 1906 1873 1932 lo-

1082 1948 1237 1982 cnplctitis?
1250 1947 1316 1974 Nam
1331 1948 1375 1975 alii
1389 1949 1496 1983 quidem
1521 1950 1547 1976 in
1565 1951 1708 1977 contrariis
1721 1952 1873 1986 gloriaban-

1084 1999 1126 2020 tur
1139 1993 1260 2021 dicentes
1274 2002 1281 2020 :
1299 1994 1390 2021 Habeo
1406 1999 1444 2021 tot
1459 1999 1486 2021 et
1500 2001 1536 2022 tot
1550 1996 1607 2023 auri
1624 1997 1733 2028 talenta,
1745 1998 1872 2033 etjugera

1084 2045 1162 2066 terra:
1189 2040 1319 2066 immensa
1331 2061 1338 2071 ,
1365 2046 1389 2067 cl
1406 2041 1501 2067 domos
1516 2047 1544 2068 et
1561 2043 1690 2077 mancipia
1707 2053 1713 2070 :
1730 2043 1773 2070 hic
1789 2052 1851 2072 vero
1864 2065 1873 2078 ,

1083 2084 1153 2119 quod
1175 2086 1210 2112 sit
1236 2085 1359 2112 omnibus
1375 2087 1508 2113 nudatus:
1527 2095 1612 2122 neque
1640 2096 1670 2116 se
1697 2090 1814 2116 occultat
1839 2091 1874 2118 ob

1084 2136 1275 2166 paupertatem,
1290 2132 1361 2166 quod
1374 2133 1446 2160 stulti
1463 2132 1572 2167 faciunt,
1589 2142 1674 2169 neque
1690 2136 1771 2170 pudet
1790 2137 1872 2168 illum,

1083 2178 1129 2205 sed
1143 2179 1224 2205 etiam
1239 2178 1379 2213 gloriatur.
1394 2179 1444 2207 Ubi
1460 2185 1522 2207 sunt
1536 2188 1606 2207 nunc
1622 2181 1731 2213 divites,
1749 2183 1795 2216 qui
1809 2191 1874 2210 usu-

1084 2232 1126 2251 ras
1136 2229 1288 2258 munerant,
1303 2230 1329 2252 et
1343 2233 1439 2252 usuras
1452 2233 1605 2259 usurarum,
1617 2227 1660 2262 qui
1670 2228 1789 2254 omnium
1806 2229 1874 2255 botia

1085 2269 1214 2296 invadunt
1228 2275 1255 2297 et
1269 2279 1412 2305 numquam
1440 2271 1590 2299 satiantur?
1615 2273 1727 2300 audistis
1742 2274 1815 2301 Petri
1830 2282 1876 2301 vo-

1084 2323 1154 2346 cent,
1170 2323 1229 2349 qua:
1245 2322 1426 2350 paupertatem
1441 2322 1572 2344 monstrat
1583 2318 1735 2346 divitiarum
1751 2325 1874 2353 matrem,

1085 2369 1144 2394 qua:
1160 2360 1226 2388 nihil
1243 2361 1322 2388 habet
1336 2382 1342 2394 ,
1366 2366 1392 2388 et.
1418 2362 1451 2389 iis
1467 2363 1512 2398 qui
1526 2362 1677 2392 diademate
1699 2365 1876 2392 rediniiuntur

1085 2406 1236 2440 opulentior
1258 2407 1319 2434 est?
1336 2407 1397 2434 lla‘c
1420 2407 1517 2442 quippe
1540 2408 1606 2435 nihil
1627 2409 1729 2437 habens
1755 2416 1876 2438 mortuos

1085 2452 1239 2485 suscitabat,
1252 2452 1362 2480 claudos
1375 2454 1504 2488 erigebat,
1519 2455 1655 2482 daunonas
1669 2456 1796 2490 pellebat,
1808 2462 1836 2484 et
1845 2465 1876 2484 ea

1085 2498 1256 2533 largiebatur,
1270 2507 1329 2533 qua:
1341 2499 1357 2525 ii
1373 2500 1417 2532 qtti
1434 2508 1549 2534 purpura
1560 2501 1754 2529 atniciunturet
1766 2509 1876 2537 magnos

1086 2544 1294 2579 trcnicudosque
1311 2546 1445 2573 exercitus
1459 2546 1571 2581 ducunt,
1588 2555 1732 2583 numquam
1748 2553 1877 2585 praistaro

1087 2595 1240 2624 potuerunt.
1271 2590 1334 2618 lltec
1347 2599 1397 2618 vox
1414 2597 1455 2619 est
1478 2600 1582 2626 eorum,
1598 2594 1642 2628 qui
1657 2594 1711 2628 jatn
1734 2596 1759 2622 in
1781 2595 1876 2622 eteltun

1088 2637 1207 2663 translati
1235 2641 1316 2669 sunt,
1342 2642 1370 2664 et
1386 2638 1513 2665 verticem
1534 2639 1607 2666 illtiiii
1634 2646 1809 2675 occuparunt.
1834 2641 1877 2668 Sic

1088 2685 1173 2715 potest
1190 2681 1212 2708 is
1227 2683 1272 2716 qui
1289 2683 1355 2709 nihil
1383 2684 1461 2710 liabet
1474 2704 1482 2716 ,
1497 2685 1615 2711 omniuui
1643 2693 1775 2720 occupare
1790 2686 1876 2717 bona;

1086 2732 1112 2753 et
1128 2735 1187 2762 qua:
1208 2731 1270 2754 sunt
1290 2729 1410 2755 omnium
1431 2729 1577 2763 possidere.
1595 2729 1623 2757 Si
1649 2738 1713 2757 vero
1737 2739 1768 2758 ea
1794 2731 1877 2765 possi-

1087 2771 1196 2798 deatuus
1209 2780 1267 2806 quae
1281 2778 1343 2799 sunt
1360 2774 1489 2805 omniumI
1505 2775 1628 2801 omnibus
1656 2775 1749 2810 privati
1773 2783 1875 2803 sumus.

1087 2816 1219 2844 Fortassis
1234 2818 1346 2852 tenigma
1363 2818 1483 2846 videatur
1503 2827 1562 2847 esse
1591 2820 1654 2847 illud
1669 2841 1676 2851 ,
1693 2821 1763 2854 quod
1778 2821 1877 2848 dictum

1091 2868 1150 2892 est.
1175 2863 1223 2891 sed
1247 2872 1298 2891 non
1330 2870 1381 2892 est.
1407 2865 1460 2893 Sed
1479 2866 1622 2901 quomodo,
1647 2866 1760 2902 inquies,
1785 2867 1807 2895 is
1834 2867 1879 2902 qui
