2041 3111
137 133 184 162 1⁸29

137 191 202 222 nihil
224 190 319 220 habet,
348 187 466 215 omnium
494 185 562 213 bona
584 183 720 219 possidet?
735 189 824 210 attnon
849 181 933 207 multo

138 237 221 273 magis
245 236 292 263 ille
316 234 361 269 qtti
386 233 503 260 outnium
527 231 594 258 bona
620 228 716 256 habet?
744 228 933 273 Nequaquam;

144 272 191 313 sed
205 288 292 311 totum
307 280 481 309 contrarium.
496 277 560 305 Nam
581 278 626 311 qui
642 275 708 302 nihil
732 274 810 301 habet
823 294 830 306 ,
845 272 932 300 onuti-

141 332 189 358 bus
212 330 340 364 imperat,
356 331 384 353 ut
403 330 428 353 et
444 324 481 351 illi
499 323 631 350 faciebant
647 331 653 348 :
669 327 762 348 omnes
787 319 859 347 enim
887 325 935 352 per

140 377 231 405 orbein
254 374 353 401 domus
378 372 526 406 ipsiserant
549 373 668 404 apertae,
694 367 859 403 gratiamque
883 365 934 392 illis

144 421 279 451 habebant
299 419 344 455 qui
360 417 528 452 excipiebant
543 416 614 450 ipsos
630 435 636 446 ,
652 419 679 441 ct
693 419 824 448 tamquam
839 412 872 439 ad
888 420 934 438 co-

139 471 235 504 gnatos
257 470 285 492 et
307 464 407 491 amicos
435 462 584 489 veniebant.
606 460 792 494 Veneruntque
813 458 846 485 ad
871 465 934 492 pur-

143 512 278 547 purariam
289 531 298 543 ,
310 515 336 538 et
349 509 394 537 illa
410 510 483 544 quasi
496 507 590 534 ancilla
606 513 653 533 sua
666 506 730 540 ipsis
751 504 871 539 apposuit
885 512 892 536 ;
909 508 935 530 et

143 558 177 585 ad
189 557 310 586 carceris
334 555 471 583 custodem
487 575 495 587 ,
518 558 546 580 et
566 553 612 580 ille
637 558 718 579 totam
747 551 811 585 ipsis
828 551 935 577 domum

144 603 247 639 aper-it
261 611 269 636 ;
285 607 313 630 et
327 603 361 630 ad
374 602 439 629 alios
456 601 620 628 innumeros.
636 599 679 626 Sic
693 598 782 625 omnia
792 597 935 628 habebant,

146 654 174 678 et
198 649 264 677 nihil
281 648 465 684 possidebant.
482 647 554 673 Nihil
580 646 650 672 enim
666 652 775 672 suorum
800 644 851 670 sibi
875 650 937 677 pro-

148 697 234 732 prium
247 703 308 722 esse
321 694 465 722 dicebant:
482 693 596 727 ideoque
611 691 699 719 omnia
716 698 763 717 sua
778 694 864 716 erant.
890 689 939 722 Qui

148 743 218 770 enim
232 742 322 769 omnia
337 740 490 768 communia
505 743 591 773 putat,
608 746 659 764 non
680 737 736 764 suis
751 741 852 762 tantum
867 756 874 767 ,
892 735 939 761 sed

148 792 176 815 et
189 787 286 814 alienis
301 779 392 814 utetur
402 789 431 812 ut
450 784 567 819 propriis
582 792 588 810 :
601 783 646 817 qui
661 787 749 808 autem
764 780 900 808 abscindit
915 784 941 806 ct

149 841 179 862 se
190 841 302 860 suorum
315 836 418 859 tantum
433 831 570 857 dominum
586 828 659 860 facit,
676 835 763 861 neque
780 827 873 852 hormn
890 825 939 851 do-

151 878 239 906 minus
249 878 313 905 erit.
327 877 359 904 Et
372 876 424 904 hoc
437 876 470 903 ab
491 874 613 909 exemplo
628 874 722 908 liquet.
738 872 788 905 Qui
803 871 868 897 nihil
886 878 943 896 om-

152 924 214 952 nino
227 923 364 959 possidet,
390 929 477 956 neque
490 921 599 947 dotnum
623 927 708 954 neque
723 925 841 945 mensam
857 924 943 951 neque

151 970 312 1005 superfluam
329 973 447 1001 vestem,
473 967 518 994 sed
533 970 641 1001 propter
653 966 735 992 Deum
753 963 876 991 omnibus
890 962 944 997 pri-

151 1020 237 1047 vatur,
252 1014 441 1042 communibus
457 1017 486 1039 ut
498 1012 612 1047 propriis
627 1011 720 1041 utitur.
733 1016 759 1037 et
772 1009 805 1036 ab
820 1009 944 1035 omnibus

151 1067 328 1095 quacumque
341 1058 457 1086 voluerit
471 1058 603 1092 accipiet:
618 1061 646 1083 et
659 1056 698 1083 sic
714 1055 759 1090 qui
773 1054 838 1081 nihil
854 1053 944 1085 habet,

152 1106 272 1134 omnium
289 1105 360 1132 bona
375 1105 505 1141 possidet.
520 1103 570 1136 Qui
588 1108 676 1130 autem
694 1102 775 1129 habet
789 1102 877 1135 aliqua
889 1121 896 1131 ,
912 1109 945 1127 tte

153 1152 247 1180 horum
260 1151 370 1187 quidem
382 1150 506 1178 dontinus
522 1150 583 1176 erit.
601 1148 692 1183 Neque
705 1148 777 1175 enim
791 1147 866 1174 dabit
887 1146 946 1181 quis

154 1197 320 1234 possidenti;
335 1202 360 1224 et
375 1196 508 1223 latronum
524 1199 551 1222 et
574 1194 661 1221 furum
680 1198 707 1220 et
721 1193 946 1228 sycophanta-uni

154 1249 178 1271 et
189 1242 349 1270 mutationis
370 1249 471 1273 rerum,
491 1245 519 1268 et
532 1240 651 1267 omnium
680 1239 765 1273 magis
782 1245 861 1272 quam
877 1237 947 1263 illius

155 1291 211 1318 lucc
222 1290 293 1317 bona
305 1293 395 1316 erunt.
411 1288 506 1315 Totum
522 1287 593 1314 enim
604 1287 696 1314 orbem
712 1284 947 1320 pct‘vmitl’aulus,

155 1336 220 1363 nihil
245 1342 338 1363 secum
353 1334 443 1362 ferens
455 1354 463 1366 ,
478 1341 530 1360 non
547 1332 647 1359 amicos
663 1331 756 1358 adiens
768 1350 775 1361 ,
800 1337 852 1357 non
877 1328 950 1355 fatui-

156 1383 252 1414 liares;
269 1386 328 1409 erat
344 1381 415 1409 enim
432 1381 458 1407 in
481 1379 611 1414 principio
625 1378 750 1404 omnibus
767 1376 868 1403 hostis:
882 1379 950 1402 atta-

157 1436 216 1456 men
233 1428 373 1463 ingressus
394 1434 456 1453 cum
472 1429 562 1458 esset,
577 1424 698 1452 omnium
722 1422 838 1450 habebat
865 1422 947 1448 bona.

158 1473 276 1501 Ananias
290 1479 354 1500 vero
368 1476 396 1499 et
408 1471 551 1506 Sapphira,
566 1474 690 1497 curantes
703 1473 731 1495 ut
746 1467 877 1495 tantillum
889 1465 952 1501 quid

157 1527 189 1547 ex
200 1518 281 1546 bonis
297 1517 354 1545 suis
368 1516 420 1544 sibi
439 1516 596 1548 retinerent,
611 1516 645 1542 ab
659 1514 784 1542 omnibus
795 1512 953 1540 exciderunt

655 125 687 152 IN
707 124 813 153 EI’IST.
834 123 843 150 l
876 123 921 151 AD
940 122 1016 150 (10R.
1038 121 1150 150 llO.\'lll..
1173 121 1241 149 XVI.

1727 124 1777 153 150

987 185 1013 206 ct
1025 187 1039 206 a
1056 178 1109 206 vita
1123 178 1211 205 simul.
1228 177 1350 205 Abscede
1365 178 1444 213 igitur
1460 185 1473 205 a
1490 179 1551 211 tuis,
1567 184 1594 206 ut
1615 178 1713 207 alienis
1723 186 1778 208 uta-

987 226 1023 253 ris
1038 225 1113 260 quasi
1128 225 1251 259 propriis.
1267 225 1302 251 At
1315 224 1386 251 enim
1401 225 1492 252 nescio
1502 225 1638 261 quomodo
1657 226 1682 252 in
1704 226 1773 253 hanc

987 270 1267 307 hyperbolcndelatns
1283 271 1344 301 sim,
1365 270 1487 298 homines
1497 271 1646 306 alloquens,
1662 272 1707 306 qui
1726 273 1778 299 uti-

987 325 1047 345 nam
1063 317 1103 344 vel
1116 317 1246 343 tantillum
1263 324 1374 344 suorum
1390 321 1511 352 erogent.

1025 362 1198 397 Eleemosynte
1211 363 1287 390 bona.
1304 378 1337 382 —
1349 363 1411 390 Ideo
1422 363 1479 390 hinc
1496 363 1698 398 perfectioribtts
1709 364 1779 392 dicta

988 417 1002 436 a
1019 409 1096 436 nobis
1110 413 1188 435 sunto
1202 417 1209 441 ;
1227 408 1469 443 imperfectioribus
1489 417 1552 437 vero
1576 410 1618 436 illa
1635 410 1755 438 dicamus
1772 419 1778 436 :

989 455 1054 482 Date
1076 454 1167 490 egenis
1187 462 1220 481 ex
1241 454 1317 481 bonis
1338 455 1442 488 vestris,
1462 460 1556 490 augete
1580 455 1718 482 facultates
1737 463 1782 482 ve-

989 504 1078 527 stras:
1095 498 1164 526 Nam
1189 500 1234 532 qui
1254 500 1297 526 (lat
1324 500 1430 534 pauperi
1440 521 1446 532 ,
1463 500 1558 534 inquit,
1571 501 1781 539 fteucrutur'Dco

991 547 1000 580 (
1016 545 1090 572 Prov.
1108 546 1151 572 19.
1171 546 1231 580 17).
1245 545 1272 572 Si
1289 550 1376 572 autent
1396 545 1515 579 festinas,
1530 551 1557 573 et
1571 554 1624 573 non
1640 552 1780 582 exspectas

992 597 1096 627 tempus
1110 592 1311 624 retributionis;
1332 592 1418 626 cogita
1435 599 1482 618 eos
1500 593 1543 626 qui
1561 593 1685 627 pecunias
1698 588 1783 620 homi-

992 637 1070 664 nibus
1081 637 1245 664 faenerantur
1259 645 1266 662 ι
1282 644 1330 664 nec
1342 637 1412 664 enim
1430 637 1455 664 hi
1466 637 1559 664 volunt
1572 638 1659 665 statim
1676 646 1783 666 usuram

992 684 1124 718 accipere,
1147 683 1192 710 sed
1220 683 1329 718 cupiunt
1350 688 1378 710 ut
1396 687 1476 718 caput
1496 683 1591 718 majori
1617 689 1737 718 tempore
1759 686 1784 711 in

994 736 1087 756 manus
1101 729 1230 756 debitoris
1239 733 1356 760 maneat,
1368 729 1412 764 qui
1427 729 1459 756 ad
1474 729 1562 756 foenus
1577 729 1689 764 accepit,
1705 730 1785 757 modo

995 779 1048 802 tuta
1063 776 1098 803 sit
1110 775 1224 802 redditio
1239 783 1288 802 nec
1301 780 1441 810 suspectus
1457 775 1491 802 sit
1505 776 1527 803 is
1542 776 1586 811 qui
1601 776 1712 811 accepit.
1732 777 1788 803 lluc

995 820 1075 855 igitur
1097 821 1140 848 hic
1156 828 1263 856 quoque
1283 821 1327 847 ﬁat
1341 829 1348 847 :
1363 820 1467 848 dimitte
1483 821 1527 848 illa
1550 821 1619 856 apud
1643 822 1725 849 Deum
1737 843 1744 853 .
1760 827 1789 849 ut

995 867 1090 894 reddat
1106 867 1152 894 tibi
1177 866 1378 902 multiplicatam
1403 867 1565 894 mercedem.
1586 867 1624 894 Ne
1646 867 1689 894 hic
1705 872 1789 894 totum

996 920 1100 947 quaeras
1114 922 1120 939 :
1135 913 1157 939 si
1178 913 1249 940 enim
1277 912 1321 939 hic
1335 917 1418 939 toturn
1433 913 1548 948 recipias
1561 933 1568 944 ,
1584 914 1720 948 quontodo
1734 913 1791 940 illic

997 958 1128 993 recipies?
1152 958 1214 985 Ideo
1227 962 1254 984 et
1278 958 1349 984 Deus
1365 958 1420 985 illie
1440 959 1606 986 reconditum
1621 964 1703 992 tenet,
1718 959 1789 994 quod

998 1004 1050 1031 vita
1066 1004 1123 1031 hrcc
1139 1003 1207 1031 ﬂuxa
1224 1005 1268 1031 sit.
1293 1004 1341 1031 Dat
1362 1009 1449 1032 tamen
1475 1010 1501 1032 et
1525 1006 1569 1032 hic
1591 1013 1698 1041 quoque
1720 1015 1726 1033 :
1754 1007 1791 1032 ait

998 1050 1073 1077 enim
1087 1059 1093 1076 ι
1112 1049 1226 1082 Quwrite
1247 1058 1351 1085 regnum
1367 1050 1498 1082 crrlorum,
1512 1056 1534 1077 et
1553 1051 1606 1077 Itala
1620 1052 1703 1078 omnia
1724 1051 1792 1087 adji-

998 1096 1096 1123 cieutur
1105 1096 1172 1123 vobis
1182 1095 1288 1131 (Matth.
1300 1096 1327 1123 (Ξ.
1339 1097 1394 1131 55).
1407 1096 1459 1123 Sed
1471 1104 1520 1124 nos
1535 1097 1566 1124 ad
1582 1097 1646 1124 illttd
1663 1098 1790 1132 respicia-

999 1149 1069 1175 mus,
1085 1146 1112 1169 et
1127 1149 1160 1169 ne
1174 1141 1330 1169 festinemus
1344 1142 1376 1169 ad
1392 1142 1511 1169 omnium
1526 1143 1733 1173 retributionem
1744 1165 1751 1177 ,
1766 1148 1795 1171 ut

1000 1195 1034 1215 ne
1050 1188 1202 1214 minuatntts
1214 1187 1384 1220 mercedem;
1401 1188 1447 1215 sed
1470 1193 1575 1224 tempus
1594 1195 1792 1223 exspectemus.

1000 1232 1058 1261 Non
1074 1233 1145 1260 enim
1170 1233 1237 1260 tales
1252 1239 1314 1260 sunt
1330 1233 1370 1260 ha:
1395 1241 1501 1267 usurte,
1527 1235 1575 1262 sed
1590 1235 1684 1270 quales
1704 1244 1718 1262 a
1735 1236 1790 1263 Deo

1002 1278 1058 1306 dari
1075 1286 1122 1313 par
1132 1283 1183 1306 est.
1196 1279 1242 1306 llis
1257 1279 1336 1314 igitur
1347 1286 1407 1306 eum
1420 1279 1540 1307 ubertate
1555 1288 1649 1315 magna
1664 1281 1796 1314 Collectis,

1003 1324 1038 1351 ita
1051 1325 1112 1351 hinc
1123 1324 1260 1357 abeamus,
1276 1328 1304 1351 ut
1316 1329 1343 1352 ct
1354 1325 1493 1359 prtesentia
1505 1329 1530 1352 et
1545 1324 1634 1353 futura
1648 1334 1798 1362 consequa-

1004 1379 1064 1398 mur
1086 1371 1167 1403 boua,
1184 1371 1270 1406 gratia
1286 1375 1312 1398 et
1325 1371 1491 1406 benignitate
1507 1372 1609 1399 Domitii
1632 1374 1716 1400 nostri
1730 1373 1795 1400 Jcsu

1005 1416 1114 1448 Christi.
1137 1416 1244 1451 quicum
1271 1416 1342 1444 Patri
1370 1422 1397 1444 ct
1417 1425 1468 1444 una
1493 1417 1602 1452 Spiritui
1625 1424 1718 1446 sancto
1743 1419 1801 1454 glo-

1007 1461 1056 1493 ria,
1073 1462 1227 1496 imperimn,
1241 1462 1336 1495 honor,
1355 1470 1425 1490 nunc
1438 1468 1465 1490 et
1479 1470 1599 1498 seraper,
1616 1469 1642 1492 et
1659 1465 1684 1491 in
1706 1466 1802 1493 saecula

1009 1508 1182 1535 saeculorum.
1197 1509 1294 1535 Amen.

165 1577 1806 1592 Μ

852 1610 1025 1642 ΗΟΜΠᾸΑ
1047 1611 1134 1641 XVI.

160 1685 223 1712 (ΞΑΡ.
244 1684 272 1711 5.
293 1691 318 1709 v.
335 1682 364 1710 9.
379 1681 477 1716 Scripsi
490 1681 557 1708 vobis
570 1680 596 1708 in
609 1681 715 1716 epistola
729 1688 739 1707 :
754 1689 785 1708 ne
796 1681 958 1708 commiscea-

195 1730 258 1756 miui
282 1724 445 1764 [ornicuriisj
471 1727 515 1754 10.
539 1735 589 1753 non
611 1727 695 1762 utique
716 1727 861 1762 fortticariis
881 1728 957 1762 hujus

197 1775 286 1802 mundi
299 1779 343 1800 aut
353 1774 436 1800 auaris
448 1778 492 1800 aut
500 1772 633 1807 rapacibus
643 1778 686 1799 aut
696 1773 770 1800 idolis
783 1773 956 1800 servientibus:

197 1821 295 1855 alioqui
308 1819 451 1846 debueratis
465 1827 496 1846 ea:
510 1819 603 1845 munda
619 1818 708 1845 exisse.
725 1818 768 1845 11.
785 1817 861 1844 Nunc
876 1823 958 1844 autem

197 1866 291 1900 scripsi
306 1865 375 1892 vobis
397 1872 446 1891 nou
461 1863 639 1891 commisceri:
653 1864 675 1890 si
688 1865 709 1889 is
719 1884 726 1896 ,
749 1864 791 1898 qui
812 1865 890 1898 frater
914 1872 960 1890 uo-

197 1912 313 1938 minatur
325 1911 390 1937 inter
400 1918 453 1942 vos,
467 1914 504 1936 est
515 1909 656 1944 fornicator
667 1914 710 1935 aut
723 1917 814 1936 avarus
830 1915 872 1936 aut
884 1909 960 1936 idolis

198 1958 313 1985 seruiens
327 1961 371 1983 aut
386 1954 497 1982 ebriosus
513 1960 556 1982 aut
569 1954 708 1982 maledicus
722 1960 765 1982 aut
781 1963 863 1990 raptu:
874 1977 881 1989 ,
904 1963 961 1982 cum

199 2002 352 2039 hujusmodi
367 2010 411 2028 nec
432 2001 514 2028 cibum
530 2009 639 2028 sumere.
722 2000 727 2015 τ

200 2050 228 2076 1.
250 2049 319 2082 Quia
334 2048 407 2075 enim
419 2047 505 2080 dixit,
523 2046 583 2074 Non
598 2047 682 2082 potius
704 2046 800 2073 luctum
820 2047 942 2073 habuistis
954 2067 961 2078 ,

163 2101 192 2123 ut
206 2096 239 2122 de
262 2094 345 2121 medio
359 2093 465 2121 tollatur
476 2093 519 2128 qui
531 2097 568 2119 est
580 2093 726 2128 hujusmodi
738 2100 747 2124 ;
762 2097 799 2125 et,
816 2092 964 2128 Expurgate

163 2147 236 2169 Ictus
256 2141 409 2176 fermentum
421 2148 431 2172 ,-
453 2143 480 2166 et
496 2138 639 2166 verisimile
661 2142 718 2165 erat
740 2138 870 2173 suspicari
883 2139 943 2165 illos
957 2159 963 2170 ,

164 2188 324 2224 fugiendum
337 2195 398 2215 esse
419 2187 453 2214 ab
465 2187 590 2214 omnibus
613 2186 784 2218 fornicariis;
811 2186 832 2214 si
847 2186 918 2214 enim
943 2185 965 2213 is

162 2235 211 2270 qui
227 2233 353 2269 peccavit
372 2233 470 2260 malum
485 2240 563 2260 suttm
577 2232 705 2267 impertiit
720 2232 751 2259 iis
766 2232 811 2267 qui
834 2240 887 2259 non
902 2239 965 2267 pec-

164 2284 319 2312 caverunt,
346 2279 432 2306 multo
452 2279 535 2314 magis
553 2284 680 2306 externos
700 2283 806 2313 oportet
828 2278 966 2305 aversari:

166 2335 230 2353 nam
246 2327 268 2353 si
285 2325 411 2353 familiari
435 2332 544 2359 parcere
559 2332 612 2350 non
628 2328 751 2359 oportet,
777 2323 848 2358 quod
865 2328 967 2350 tantum

165 2373 213 2400 ille
229 2372 324 2399 damni
336 2370 442 2403 inferat,
455 2370 538 2397 mttlto
549 2370 637 2397 minus
649 2369 708 2396 aliis
720 2369 881 2404 parcendum
899 2377 905 2395 :
918 2369 969 2396 hoc

168 2418 260 2452 posito
275 2421 486 2445 consentaneum
502 2420 559 2443 erat
571 2415 689 2450 separari
702 2415 781 2442 etiam
797 2423 810 2441 a
824 2414 968 2442 fornicato-

170 2465 245 2491 :ibus
261 2463 307 2498 qui
322 2462 393 2497 apud
406 2461 514 2490 Graecos
529 2466 614 2494 erant;
631 2466 658 2488 et
676 2461 698 2488 si
720 2469 748 2488 re
759 2461 792 2488 ad
806 2461 970 2495 impossibile

166 2511 292 2542 redacta,
306 2509 391 2544 magis
399 2516 470 2543 :egre
481 2508 609 2535 tulissent
623 2516 629 2535 :
646 2508 694 2534 hac
708 2507 875 2534 correctione
889 2507 972 2533 utitur

165 2557 282 2584 dicens:
299 2555 400 2590 Scripsi
415 2555 493 2587 vobis,
502 2562 532 2581 ne
542 2553 753 2580 commisceamini
766 2551 972 2588 foruicatoribus;

164 2608 190 2629 et
206 2610 262 2629 non
275 2601 364 2637 utique
384 2599 579 2636 foruicatoribus
594 2599 670 2632 huius
683 2598 790 2630 mundi;
805 2597 868 2624 illud
882 2618 890 2630 ,
914 2596 957 2624 Uti
962 2612 972 2616 -

165 2655 228 2682 que,
249 2646 326 2681 quasi
343 2646 369 2672 in
382 2645 510 2672 confesso
521 2652 634 2679 ponens.
649 2643 687 2671 Ne
700 2643 771 2671 enim
784 2647 908 2677 putarent
923 2642 974 2670 hoc

172 2693 268 2727 ipsum
293 2691 347 2719 illis
367 2698 421 2718 non
436 2690 596 2726 przccepisse
615 2690 690 2725 quasi
711 2689 952 2724 itnperfeetioribus
966 2709 973 2720 ,

167 2745 198 2766 et
223 2746 262 2767 ne
285 2738 336 2774 ipsi
353 2743 383 2766 ut
408 2737 519 2773 perfecti
543 2736 608 2764 illttd
632 2736 720 2764 facere
745 2735 953 2771 aggrederentur
967 2755 974 2768 ,

169 2785 294 2813 ostendit
309 2785 362 2812 hoc
377 2784 434 2811 fieri
449 2791 502 2810 non
518 2790 596 2818 posse
608 2803 616 2816 ,
638 2782 743 2810 etiamsi
755 2783 782 2810 id
798 2783 912 2809 maxime
928 2789 975 2808 ve-

170 2832 224 2859 lint
251 2834 414 2868 :oportcret
446 2830 518 2857 enim
540 2830 619 2858 alium
644 2836 734 2864 quaere
789 2829 891 2856 orbem.
914 2827 976 2856 Ideo

1009 1681 1158 1716 Subjunxit:
1173 1682 1291 1711 Alioquin
1302 1682 1444 1710 debueratis
1455 1691 1486 1710 ex
1496 1683 1590 1710 mundo
1600 1684 1699 1711 exiisse.
1708 1684 1802 1712 Viden‘

1009 1735 1087 1762 quam
1101 1735 1153 1754 non
1164 1728 1292 1755 tnolestus
1299 1728 1332 1755 sit
1345 1748 1352 1760 ,
1365 1733 1391 1756 et
1400 1729 1497 1763 ubique
1507 1737 1559 1756 non
1570 1730 1650 1757 modo
1659 1731 1730 1765 qttod
1749 1731 1806 1758 fieri

1010 1774 1111 1807 possit,
1122 1773 1168 1801 scd
1179 1774 1258 1800 etiam
1280 1773 1351 1808 quod
1368 1774 1445 1801 facile
1461 1775 1495 1801 sit
1510 1774 1537 1801 in
1554 1775 1612 1810 lege
1628 1775 1734 1803 ierenda
1748 1784 1806 1810 per-

1010 1818 1121 1852 Spiciat?
1134 1819 1273 1852 Quomodo
1283 1819 1353 1846 cttittt
1366 1823 1452 1854 potest
1464 1819 1555 1852 homo,
1566 1821 1661 1855 inquit,
1673 1821 1717 1856 qui
1726 1826 1754 1848 et
1763 1821 1808 1848 do-

1011 1865 1065 1891 mtti
1078 1869 1103 1891 cl
1121 1864 1212 1891 liberis
1225 1866 1378 1899 pt'aaticitur,
1394 1869 1421 1892 et
1433 1866 1549 1892 civitatis
1560 1873 1671 1894 munera
1688 1871 1807 1901 prastat,

1011 1916 1058 1937 aut
1067 1911 1112 1946 qui
1122 1910 1217 1938 artifex
1226 1911 1268 1939 vel
1277 1911 1354 1939 miles
1366 1912 1411 1944 sit,
1423 1919 1483 1939 cum
1494 1916 1546 1939 tam
1558 1913 1633 1939 multi
1645 1913 1790 1940 sintGrreci
1800 1933 1808 1944 .

1012 1955 1187 1984 fornicatores
1198 1957 1242 1991 qui
1254 1957 1352 1992 ubique
1365 1962 1426 1984 sunt
1437 1957 1544 1992 fugere?
1553 1958 1728 1986 fornicatores
1738 1959 1809 1986 enim

1013 2001 1105 2029 mundi
1118 2008 1195 2029 vocat
1205 2001 1275 2032 illos.
1289 2003 1332 2037 qui
1345 2002 1415 2037 apud
1424 2003 1531 2030 Grarcos
1544 2008 1630 2030 erant.
1642 2003 1719 2030 Nunc
1728 2009 1811 2031 autem

1014 2047 1105 2082 scripsi
1126 2048 1194 2074 vobis
1206 2068 1213 2080 ,
1237 2048 1259 2076 si
1285 2048 1340 2082 quis
1356 2051 1434 2083 frater
1448 2048 1507 2076 talis
1528 2049 1560 2076 sit
1573 2069 1580 2081 ,
1607 2054 1634 2076 ut
1648 2058 1705 2076 cum
1721 2050 1765 2076 illo
1780 2058 1812 2077 ac

1015 2094 1116 2128 quidem
1129 2093 1274 2120 comedetis.
1290 2094 1339 2120 llic
1356 2098 1383 2121 et
1391 2094 1457 2121 alios
1470 2094 1620 2122 subittdicat
1634 2095 1660 2122 in
1674 2095 1812 2130 iniquitate

1016 2140 1146 2167 viventes.
1160 2140 1193 2166 Et
1205 2140 1340 2175 quomodo
1355 2140 1438 2168 frater
1449 2148 1510 2167 cum
1525 2142 1574 2174 sit,
1592 2141 1734 2169 idololatra
1750 2149 1810 2169 esse

1016 2186 1125 2221 potest?
1146 2185 1180 2213 Ut
1200 2186 1270 2221 apud
1284 2186 1468 2214 Samaritanus
1486 2187 1598 2222 contigit
1617 2187 1682 2214 olim
1695 2207 1702 2219 ,
1717 2188 1763 2222 qui
1777 2195 1810 2214 ex

1018 2231 1126 2258 dimidia
1140 2236 1214 2266 parte
1227 2232 1297 2266 piam
1318 2232 1474 2267 religionem
1489 2233 1679 2260 sectabantur:
1694 2233 1812 2268 alioquin

1018 2278 1099 2305 etiam
1122 2277 1327 2305 fundamentum
1341 2278 1406 2312 iacit
1426 2278 1507 2305 futuri
1525 2280 1660 2306 sermonis
1676 2279 1710 2306 de
1726 2279 1813 2307 idolo-

1019 2324 1101 2361 thytis
1113 2345 1121 2358 ,
1147 2331 1225 2359 quem
1239 2323 1288 2351 sub
1301 2323 1358 2351 luce
1371 2325 1543 2352 instituturus
1561 2330 1612 2352 est.
1633 2325 1684 2352 Αιιι
1706 2334 1812 2352 avarus.

1019 2370 1084 2397 Nam
1098 2369 1225 2397 adversus
1240 2370 1289 2397 ltos
1304 2375 1454 2397 certaturus
1467 2377 1507 2398 est
1520 2379 1527 2403 ;
1551 2371 1664 2406 ideoque
1678 2371 1784 2398 diccbat
1799 2392 1806 2404 ,

1020 2415 1072 2442 Cur
1087 2423 1137 2442 non
1153 2415 1236 2450 potius
1248 2416 1370 2451 iujuriam
1384 2416 1501 2450 patimini
1511 2416 1524 2443 ?
1535 2416 1587 2443 Cur
1601 2425 1650 2444 uon
1666 2418 1816 2452 privamiui.’

1021 2461 1064 2488 sed
1077 2469 1120 2488 vos
1135 2461 1256 2497 injuriam
1270 2462 1354 2495 facitis
1367 2466 1390 2488 et
1405 2462 1509 2497 privatis
1532 2463 1541 2498 (
1554 2466 1577 2489 ι.
1595 2463 1654 2491 Cor.
1681 2463 1708 2491 6.
1725 2464 1752 2491 7.
1767 2463 1785 2492 8
1802 2465 1812 2498 )

1022 2507 1071 2533 Aut
1085 2507 1207 2534 ebriosus.
1227 2506 1293 2534 Nam
1308 2509 1357 2534 hac
1371 2515 1477 2544 quoque
1490 2507 1523 2535 de
1543 2516 1573 2536 re
1586 2513 1694 2537 accusat
1719 2510 1746 2536 in
1774 2517 1821 2537 se-

1022 2553 1165 2587 quentibus
1175 2573 1182 2586 ,
1209 2557 1238 2580 ut
1250 2561 1311 2580 eum
1324 2552 1390 2581 dicit
1413 2562 1420 2580 :
1436 2553 1509 2581 Alius
1522 2554 1622 2589 quidem
1638 2555 1737 2589 esurit,
1753 2556 1821 2583 aliut

1024 2604 1105 2625 autent
1129 2598 1211 2625 ebrius
1226 2603 1263 2626 ett
1280 2599 1289 2632 (
1304 2599 1315 2626 1
1341 2598 1401 2626 Cor.
1417 2599 1460 2626 11.
1478 2599 1508 2626 21
1524 2598 1534 2635 )
1552 2608 1558 2627 :
1574 2604 1618 2633 et,
1637 2600 1798 2628 (interemti
1813 2619 1820 2630 η

1024 2649 1047 2671 et
1061 2649 1145 2671 venter
1166 2645 1229 2671 escis
1245 2644 1295 2680 (1.
1316 2643 1377 2672 Cor.
1402 2644 1429 2672 6.
1455 2645 1488 2672 13
1544 2645 1595 2672 Aut
1619 2646 1759 2673 maledicus
1775 2654 1818 2673 aut

1025 2699 1117 2726 rapax.
1143 2691 1209 2718 Nam
1224 2696 1251 2718 et
1265 2690 1314 2718 hos
1327 2698 1408 2726 supra
1421 2698 1528 2726 quoque
1541 2691 1697 2727 increpavit.
1720 2692 1822 2719 Deinde

1026 2736 1106 2763 etiam
1132 2743 1239 2764 causam
1265 2736 1354 2770 addit,
1381 2737 1415 2764 ob
1441 2744 1519 2772 quam
1537 2745 1590 2764 non
1613 2737 1736 2772 proltibet
1760 2742 1821 2764 cum

1029 2781 1165 2815 externis,
1181 2782 1225 2816 qui
1240 2782 1308 2809 tales
1322 2782 1387 2815 sint,
1402 2781 1573 2809 commisceri
1586 2790 1594 2814 ;
1610 2781 1753 2809 ostendens
1767 2789 1820 2808 non

1027 2827 1108 2856 ntodo
1120 2828 1145 2857 id
1159 2836 1212 2855 non
1226 2827 1283 2856 ﬁeri
1295 2835 1386 2864 posse,
1401 2828 1449 2856 sed
1462 2828 1544 2856 etiam
1557 2827 1719 2864 superfluum
1735 2835 1816 2859 esse;
