2041 3111
235 165 281 193 151

238 222 278 249 I3.
301 220 368 254 Quid
396 218 463 246 enim
483 216 544 243 mihi
566 216 597 242 dc
615 216 646 242 iis
660 215 702 250 qui
723 214 786 248 {oris
807 217 865 238 sunt
883 209 1026 245 judicare!

236 275 282 294 eos
296 266 340 301 qui
356 265 427 292 intus
446 268 473 291 et
487 263 531 297 qui
548 262 611 288 foris
630 265 694 288 sunt
707 258 874 286 Christianos
886 263 986 282 vocans
1000 260 1028 282 et

236 313 343 340 (ΞΓωοος
359 320 365 337 :
381 315 409 336 ut
432 314 458 336 et
480 308 542 335 alibi
563 307 598 333 ait
615 315 621 332 ε
636 306 742 340 Oportet
760 308 842 330 autem
863 303 935 329 illum
952 307 975 328 et
990 306 1029 328 te-

237 357 382 383 stimonium
400 354 490 381 habere
504 353 594 379 bonum
608 351 639 377 ab
652 350 682 376 iis
692 350 735 384 qui
750 349 812 384 foris
831 352 889 374 sunt
910 347 947 381 (Ι.
962 345 1028 373 Tim.

236 405 261 431 ’5.
283 404 298 430 7
313 405 331 436 ).
353 402 386 428 Et
409 399 560 434 iuepistola
583 396 616 423 ad
640 395 894 422 Thessalonicenses
914 393 1029 427 idipstun

239 449 303 476 dicit
328 448 370 474 his
391 445 481 473 verbis
505 443 569 470 :Ne
588 441 800 469 conmiisceamini
823 448 880 467 cum
903 439 958 474 ipso
972 460 978 470 ,
1003 443 1031 464 ut

238 493 406 522 confundatur
421 499 429 518 .'
445 496 472 518 ct
484 511 491 522 ,
510 489 596 516 Nolite
614 493 640 514 nt
659 488 787 514 inimicum
801 485 946 513 existimare
958 505 966 517 ,
987 483 1031 511 sed

240 540 372 566 admonete
392 542 418 563 ut
443 536 546 570 fratrem
561 535 598 568 (2.
613 534 703 560 Thess.
718 533 744 560 5.
762 533 804 559 Η.
819 532 874 566 15).
889 531 937 557 llic
950 537 1032 565 porro

239 593 345 613 causam
362 592 414 611 non
427 583 512 618 ponit.
526 581 626 615 Quare?
637 581 703 613 Quia
717 580 771 606 illic
781 578 887 613 quidem
898 576 1031 604 consolari

239 632 362 663 volebat,
387 631 430 657 hic
447 638 510 656 vero
526 636 578 655 nou
601 628 674 654 item.
705 626 762 652 Non
785 625 856 652 enim
879 624 950 651 idem
962 629 1033 649 nunc

239 683 376 713 peceatum
397 680 439 704 est
460 674 531 710 quod
555 674 609 700 illic
624 677 701 703 erat,
723 671 770 698 scd
799 671 853 697 illic
868 670 956 696 minus
974 677 980 695 :
997 668 1032 696 de

239 725 294 751 otio
309 723 378 750 enim
392 723 446 749 illic
461 723 624 751 accusabat,
641 720 684 746 hic
693 718 728 745 de
743 717 918 744 fornicatione
932 720 958 742 et
972 715 1033 742 aliis

240 770 404 805 gravissimis
419 768 544 803 peccatis.
564 767 596 793 Et
609 766 631 793 si
652 765 712 799 quis
730 763 839 791 Graecus
861 762 935 789 adire
949 761 1031 792 velit,

242 826 294 844 nnn
307 816 429 852 prohibet
443 823 502 842 curn
517 815 568 841 illis
582 812 724 840 comedere
735 832 741 843 ,
761 811 797 836 ob
821 809 943 837 eamdem
958 808 1034 834 vide-

243 864 305 890 licet
317 869 434 889 causam.
460 861 503 887 Sic
518 864 544 886 et
566 867 614 886 nos
629 865 735 892 quoque
759 856 869 883 facimus
886 863 893 881 :
911 862 959 888 pro
973 853 1033 880 ﬁliis

242 914 270 935 et
283 907 409 935 fratribus
422 906 486 932 nilnil
501 913 552 931 non
567 903 686 936 agimus,
709 902 859 928 alienorum
876 905 963 926 autem
980 906 1034 926 non

243 961 364 987 magnam
381 952 509 978 rationem
521 950 659 976 habemus.
674 947 742 981 Quid
755 947 831 981 ergo?
843 951 969 972 externos
981 951 1034 971 non

243 1000 353 1027 curabat
374 997 488 1026 Paulus?
508 996 647 1023 Curabat:
673 994 719 1021 sed
738 997 878 1028 postquam
902 990 1033 1025 pradica-

244 1047 343 1073 tiouem
356 1046 522 1078 acceperant,
540 1046 567 1068 et
579 1039 678 1068 Christi
692 1047 752 1066 sese
767 1038 897 1065 doctrinm
910 1036 1035 1070 subjece-

243 1099 320 1126 rant,
344 1097 406 1120 tunc
430 1091 481 1118 illis
501 1090 574 1124 leges
598 1088 679 1115 dabat
700 1095 706 1114 :
733 1086 859 1120 quamdiu
885 1090 974 1111 autem
999 1083 1034 1110 illi

244 1139 437 1175 despiciebant,
449 1135 612 1171 superﬂuum
623 1134 726 1164 fuisset,
737 1132 789 1159 illis
798 1136 927 1166 prazcepta
936 1128 1034 1156 Christi

243 1174 363 1222 proferre
373 1205 380 1216 ,
396 1183 439 1218 qui
456 1190 489 1210 ne
503 1181 636 1208 Christum
652 1179 759 1214 quidem
775 1180 915 1203 noverant.
943 1174 1036 1201 Nonne

243 1220 275 1260 de
288 1233 329 1263 iis,
341 1231 385 1265 qui
400 1230 466 1256 intus
479 1232 548 1259 sunt,
564 1234 606 1253 vos
615 1225 738 1261 judicutis
750 1223 762 1250 ?
778 1223 820 1250 15.
834 1222 885 1248 Eos
897 1226 981 1247 autent
993 1220 1036 1254 qui

244 1279 307 1314 foris
317 1282 373 1305 sunt
385 1273 592 1310 Deuajndicabit.
604 1271 746 1306 Postquam
756 1269 827 1296 cuitu
838 1268 952 1299 dixerat,
966 1265 1035 1298 Quid

244 1313 306 1350 inihi
319 1324 349 1350 de
363 1323 404 1354 iis,
418 1321 459 1355 qui
475 1320 536 1354 {oris
551 1322 609 1346 sunt
620 1337 628 1350 ,
646 1315 787 1350 judicare?
812 1321 845 1341 ne
857 1313 918 1348 quis
932 1315 1036 1347 putaret

244 1370 306 1397 illos
330 1367 474 1402 impunitos
494 1363 628 1399 relinqui,
649 1362 720 1390 aliud
738 1361 790 1388 illis
814 1359 907 1387 statuit
921 1356 1036 1385 tribunal

245 1414 374 1442 terribile.
389 1413 443 1439 lloe
456 1415 546 1438 autem
560 1409 637 1441 dixit,
652 1413 706 1434 tum
721 1411 747 1433 ut
761 1406 821 1432 illos
837 1408 964 1435 terreret,
980 1407 1036 1430 tum

245 1466 274 1488 ut
287 1461 336 1488 hos
357 1458 540 1486 consolaretur
553 1476 560 1487 ,
583 1460 609 1482 et
626 1453 744 1480 ostendit
768 1452 838 1479 hanc
861 1450 1036 1485 temporalem

245 1506 409 1542 puuitionem
434 1504 467 1530 ab
488 1507 588 1529 :eterna
602 1505 630 1528 et
644 1503 769 1534 perpetua
785 1498 889 1532 eripere
902 1505 911 1529 ;
925 1495 996 1532 quod
1010 1499 1038 1523 et

246 1541 308 1579 alibi
322 1549 474 1578 drclarabat
487 1548 528 1574 his
543 1546 632 1574 verbis
649 1554 655 1571 :
672 1544 746 1571 Nunc
759 1548 842 1570 autem
863 1541 976 1577 judicati
993 1548 1038 1568 ια.

249 1598 384 1632 stigumnr,
401 1599 428 1621 ut
450 1602 499 1620 non
513 1601 569 1619 cunt
583 1593 676 1618 mundo
689 1588 856 1623 damnemur(
870 1589 894 1614 1.
916 1587 974 1615 Cor.
992 1587 1036 1615 Η.

247 1643 300 1678 52)
316 1653 323 1673 ς
339 1647 366 1669 et
379 1661 386 1674 ,
409 1641 512 1675 Auferte
527 1639 621 1665 malum
635 1645 666 1664 ea:
676 1636 744 1663 vobis
757 1636 819 1670 ipsis
831 1636 840 1670 (
854 1634 930 1661 Deut.
953 1632 1040 1668 ΗΠ).

282 1690 309 1716 2.
332 1687 449 1715 Meminit
463 1687 525 1713 dicti
539 1684 609 1720 quod
626 1684 652 1710 in
667 1683 750 1710 veteri
764 1681 833 1716 Lege
848 1680 942 1712 fertur,
959 1679 1038 1706 simul

247 1735 390 1762 ostendens
404 1731 474 1768 quod
491 1732 538 1765 ipsi
550 1730 662 1758 maxima
678 1728 732 1754 sint
746 1727 882 1756 lucraturi,
897 1731 950 1752 uta
965 1729 1038 1759 peste

248 1780 360 1815 quadam
373 1779 443 1813 gravi
457 1776 558 1803 liberali
573 1784 580 1806 ;
596 1774 674 1800 simul
688 1772 833 1799 ostendens
846 1771 895 1797 hoc
909 1778 961 1797 nou
976 1777 1038 1798 esse

250 1826 458 1854 ini-ovationem,
469 1829 493 1849 et
503 1825 556 1856 jam
570 1821 632 1848 olim
643 1828 657 1847 a
670 1819 821 1853 legislature
832 1818 915 1844 visum
941 1817 1037 1849 fuisse,

250 1877 280 1898 ut
298 1871 340 1906 qui
355 1871 420 1897 tales
432 1873 522 1896 essent
543 1865 762 1894 exscinderentur
785 1873 793 1891 :
808 1863 854 1890 sed
869 1863 922 1890 illic
934 1862 1040 1897 quidem

250 1915 434 1944 vehementius
446 1935 453 1946 ,
474 1913 516 1940 hic
536 1919 599 1939 vero
612 1911 785 1938 mansuetius.
799 1910 969 1943 Quapropter
981 1908 1042 1942 jure

251 1966 351 1997 (νυνι-ιιι
365 1960 469 1994 aliquis.
485 1966 532 1985 cur
548 1962 609 1984 tunc
624 1956 732 1991 quidem
747 1963 806 1981 cum
821 1955 865 1989 qui
882 1957 1043 1989 peccaverat

252 2007 338 2043 puniri
354 2011 380 2033 et
396 2005 508 2039 lapidari
533 2003 718 2038 permitteret;
740 2001 783 2027 hic
797 2007 861 2027 vero
881 2007 933 2026 non
959 1999 1039 2030 item,

254 2053 301 2080 sed
316 2053 389 2079 illum
404 2051 436 2077 ad
453 2049 633 2084 pmniteutiam
649 2051 738 2074 vocet.
753 2046 807 2073 Cur
820 2053 884 2080 ergo
897 2045 973 2071 aliter
987 2045 1041 2077 illa,

253 2099 330 2126 aliter
353 2098 401 2125 ista
424 2095 653 2124 eﬂ'urmabantur?
675 2093 716 2120 0b
737 2093 803 2120 duas
825 2092 905 2119 hasce
929 2098 1042 2124 causas;

255 2148 365 2181 primam
380 2145 440 2179 quia
457 2143 489 2169 ad
513 2142 598 2175 majus
619 2143 754 2168 certamen
769 2139 795 2165 hi
810 2139 975 2166 ducebantur
988 2159 995 2171 ,
1016 2141 1044 2164 et

254 2191 347 2225 majori
361 2190 451 2216 animo
465 2193 492 2215 et
506 2186 631 2221 patientia
647 2192 714 2220 opus
729 2184 861 2212 habebant
874 2192 882 2216 ;
898 2183 1042 2211 secundam

255 2243 342 2264 autem
354 2235 494 2265 veriorem,
507 2233 567 2268 quia
580 2231 605 2258 hi
614 2231 720 2266 quidem
731 2230 765 2257 ab
776 2230 931 2265 impunitate
943 2229 1045 2256 facilius

256 2281 458 2315 COI‘I‘lgt‘billlllll'
489 2278 521 2304 ad
544 2277 726 2313 paenitentiam
751 2276 906 2307 venientes,
923 2274 957 2301 illi
981 2281 1045 2301 vero

255 2329 287 2354 ad
308 2326 435 2361 majorem
450 2324 595 2358 nequitiam
610 2322 735 2357 irrepturi
750 2326 835 2349 erant.
853 2321 917 2348 Natn
933 2321 956 2347 si
971 2324 1045 2355 post-

255 2380 332 2407 quam
349 2371 450 2405 primos
464 2370 570 2404 punitos
583 2369 704 2396 viderant
719 2389 725 2399 ,
742 2368 768 2394 in
785 2367 878 2394 iisdem
893 2374 1046 2401 persevera-

255 2420 336 2450 bant;
351 2417 372 2443 si
390 2417 522 2443 neminem
537 2415 656 2450 punitum
670 2414 813 2445 vidissent,
829 2413 912 2440 multo
924 2413 1006 2448 magis
1020 2412 1046 2440 id

256 2464 349 2490 facturi
364 2467 451 2490 erant.
473 2462 533 2488 Ideo
550 2461 602 2488 illic
615 2460 738 2487 adultero
754 2465 780 2486 et
795 2458 936 2485 homicida:
955 2459 1045 2485 statim

256 2517 328 2537 mors
342 2509 469 2540 infertur;
488 2508 530 2535 hic
546 2515 608 2535 vero
619 2528 625 2538 ,
647 2507 669 2534 si
691 2514 738 2541 per
759 2506 943 2541 paenitentiam
957 2505 1047 2532 absol-

255 2560 360 2587 vantur,
385 2554 542 2589 supplicium
565 2553 723 2588 effugerunt.
749 2553 880 2579 Czeterum
901 2551 981 2578 etiam
1003 2551 1046 2577 hic

255 2601 452 2629 vehementiora
465 2621 472 2632 ,
487 2600 550 2627 etin
567 2599 656 2626 Veteri
673 2599 778 2625 mitiora
793 2598 884 2625 videas
896 2597 1024 2631 supplicia
1038 2617 1044 2629 ,

260 2652 288 2674 ut
300 2655 347 2682 per
360 2647 450 2673 omnia
465 2645 621 2672 ostendatur
635 2645 793 2679 coguatimte
813 2644 901 2678 juncta
915 2650 975 2670 esse
993 2643 1046 2670 Te-

259 2698 389 2720 stamenta
397 2697 424 2719 et
434 2693 511 2719 unius
521 2691 693 2726 ejusdemque
706 2697 767 2718 esse
779 2690 936 2725 legislatoris
948 2698 954 2722 ;
969 2693 1047 2722 atque

255 2744 282 2767 ct
298 2739 341 2766 hic
352 2744 378 2766 et
392 2739 445 2766 illic
457 2738 586 2772 supplicia
597 2744 613 2763 e
626 2736 738 2771 vestigio
748 2736 837 2771 sequi;
852 2743 976 2770 sameque
990 2740 1048 2770 post

257 2786 368 2812 multum
390 2784 518 2818 temporis
533 2784 558 2810 in
575 2788 686 2817 utroque
699 2803 706 2814 ,
730 2790 802 2816 smpe
822 2782 902 2810 etiam
919 2790 970 2809 non
989 2785 1048 2816 post

255 2832 366 2858 multum
387 2829 530 2864 temporis;
556 2828 603 2855 sed
625 2829 707 2856 Deum
729 2828 884 2863 paenitentia
898 2827 956 2854 sola
977 2834 1046 2854 cou-

256 2880 358 2904 tsmum
373 2883 440 2904 esse.
459 2875 523 2901 Nam
538 2875 563 2901 in
578 2874 666 2902 Veteri
679 2882 739 2902 cum
755 2874 835 2901 David
848 2875 873 2901 in
886 2873 1047 2902 adulterium

587 160 615 187 S.
636 156 773 187 JO.\NNlS
791 151 1024 183 CllltYSOSTOMI
1047 152 1204 180 ARCIHEP.
1225 150 1488 180 CONSTANTINUP.

1824 149 1872 178 1πέ

1086 209 1222 236 incidisset
1235 214 1262 236 et
1275 209 1376 236 crrdem
1393 213 1522 243 patrassct
1534 229 1541 241 ,
1560 215 1607 244 per
1622 207 1803 242 paenitentiam
1817 216 1875 235 scr-

1084 260 1160 282 ratus
1176 260 1234 287 est;
1259 259 1287 282 et
1310 255 1336 281 iu
1361 255 1449 287 Novo,
1476 263 1537 282 cum
1553 262 1635 288 pauca
1659 262 1692 282 cx
1714 255 1769 289 agri
1791 255 1876 289 pretio

1083 301 1272 328 substravisset
1294 301 1429 332 Ananias,
1453 307 1514 328 cum
1538 307 1620 327 uxore
1635 299 1724 334 periit.
1751 299 1827 333 Quod
1852 300 1875 326 si

1084 347 1234 381 bujusmodi
1250 347 1325 381 plura
1339 347 1515 374 observantur
1531 347 1559 374 in
1573 345 1683 378 Veteri,
1697 350 1725 373 et
1738 346 1873 373 contraria

1083 393 1159 428 plura
1179 394 1204 420 in
1218 392 1292 420 Novo
1305 413 1313 424 ,
1339 392 1490 420 dchrentia
1507 399 1684 427 personarum
1697 391 1875 419 differentiam

1085 441 1144 467 talis
1158 440 1315 468 oeconomiae
1327 439 1410 467 efﬁcit
1421 439 1563 475 (Cap.6).l.
1574 438 1657 465 Audet
1664 439 1755 473 aliquis
1767 443 1876 465 vestrum

1084 486 1203 512 adversus
1212 487 1316 520 fratrem
1327 493 1399 511 suum
1411 485 1503 511 habent
1517 485 1644 520 negotium
1653 505 1661 513 .
1685 484 1796 520 iudicari
1805 484 1877 518 apud

1084 532 1192 566 iniquos.
1206 536 1229 558 et
1243 540 1292 558 non
1303 531 1372 565 apud
1386 530 1507 558 sanctos?
1521 530 1569 557 Hic
1582 535 1662 557 etlam
1678 530 1875 556 accusationem

1085 578 1186 604 inducit
1209 585 1302 604 eorum
1327 585 1386 612 qua:
1409 577 1435 603 in
1448 575 1571 604 confesso
1589 580 1674 603 erant.
1698 575 1801 602 Etenim
1822 575 1877 602 illic

1085 624 1190 652 diccbat
1203 633 1210 651 :
1226 623 1336 651 Omnino
1349 623 1453 650 auditur
1465 624 1490 649 in
1505 622 1573 649 vobis
1586 622 1742 656 fornicatio;
1764 626 1792 649 et
1811 622 1853 648 hic
1867 642 1875 652 ,

1085 670 1168 697 Audet
1181 670 1237 704 qui:
1250 670 1275 696 in
1290 669 1357 696 vobis
1368 669 1381 695 .9
1393 669 1481 695 statim
1495 675 1509 694 a
1523 667 1653 702 principio
1664 667 1728 694 iram
1744 667 1875 697 indicans,

1085 720 1113 743 et
1123 715 1269 742 ostendens
1282 714 1368 742 audax
1385 719 1412 741 et
1432 714 1551 748 iniquum
1572 720 1633 741 esse
1647 712 1760 740 facinus.
1783 713 1812 739 Et
1828 719 1877 739 cur

1086 762 1175 796 injecit
1189 769 1339 789 sermonem
1365 760 1398 788 de
1422 760 1533 787 avaritia
1554 764 1581 786 et
1603 759 1673 794 quod
1687 767 1740 786 non
1754 763 1878 794 oporteat

1087 807 1292 842 l'orisjudicari?
1313 807 1393 835 Suam
1418 805 1532 840 implens
1556 805 1641 840 legem
1657 811 1739 832 :nam
1759 812 1817 832 mos
1840 804 1877 831 illi

1085 859 1145 882 erat
1166 862 1196 881 ea
1221 862 1278 888 qua:
1303 853 1454 880 incidebant
1475 851 1640 883 emendare;
1665 855 1694 877 ut
1713 850 1819 885 quando
1841 849 1877 876 de

1086 900 1273 928 communibus
1286 899 1385 926 mensis
1397 898 1542 930 disserens,
1561 897 1585 924 in
1601 904 1755 925 sermonem
1769 895 1802 923 de
1817 903 1877 930 my-

1087 947 1174 974 steriis
1195 946 1328 981 digressus
1344 950 1394 972 est.
1413 945 1446 972 Et
1469 945 1510 971 hic
1535 943 1614 978 igitur
1629 965 1636 975 ,
1662 943 1721 978 quia
1739 942 1772 969 de
1789 949 1878 969 avaris

1088 992 1213 1019 fratribus
1232 991 1394 1018 mentionem
1417 990 1489 1022 fecit,
1506 990 1615 1016 fervens
1628 988 1662 1015 ob
1675 996 1765 1015 curam
1781 996 1878 1015 emcn-

1087 1037 1201 1064 dationis
1217 1041 1398 1071 peccatorum,
1413 1035 1533 1063 ordinem
1547 1042 1654 1062 servare
1671 1042 1723 1061 non
1739 1034 1854 1061 sustinet
1868 1041 1875 1064 :

1087 1085 1133 1112 sed
1149 1083 1219 1119 quod
1241 1092 1273 1111 ex
1292 1083 1466 1118 consequenti
1490 1083 1515 1109 in
1537 1082 1654 1110 medium
1669 1082 1812 1109 adductum
1835 1087 1877 1108 est

1087 1136 1235 1166 peccatum,
1249 1139 1341 1158 rursus
1351 1129 1486 1161 emendat,
1499 1133 1526 1156 et
1537 1129 1576 1156 sic
1588 1128 1620 1155 ad
1637 1129 1710 1163 prius
1722 1128 1876 1155 revertitur.

1088 1177 1234 1204 Audiamus
1246 1184 1310 1212 ergo
1329 1176 1392 1212 quid
1405 1176 1437 1204 de
1453 1175 1502 1203 hoc
1518 1176 1598 1203 ctiam
1614 1175 1686 1202 dicat
1701 1184 1708 1202 :
1732 1175 1814 1202 Audet
1826 1175 1878 1201 ali-

1087 1225 1142 1260 quis
1156 1228 1264 1250 vestrum
1279 1223 1371 1250 habens
1384 1223 1511 1258 negotium
1525 1222 1644 1249 adversus
1658 1224 1763 1257 [mtrem
1777 1242 1784 1251 ,
1805 1222 1878 1257 jmti.

1087 1270 1141 1297 cari
1154 1269 1225 1304 apud
1237 1269 1336 1304 iniquos
1346 1289 1353 1301 ,
1378 1273 1401 1296 et
1415 1277 1465 1296 non
1483 1269 1553 1303 apud
1573 1273 1673 1295 sanctos
1685 1268 1698 1294 1’
1718 1267 1824 1295 Interim
1843 1276 1876 1294 cx

1087 1315 1238 1343 nominibus
1253 1322 1310 1342 rem
1323 1314 1422 1349 aperit,
1437 1318 1465 1341 et
1484 1315 1580 1341 avertit
1601 1318 1629 1341 et
1651 1316 1769 1340 accusat.
1790 1312 1823 1340 Et
1844 1313 1878 1339 ah

1089 1361 1163 1388 initio
1176 1360 1283 1396 quidem
1307 1368 1359 1388 non
1379 1360 1475 1388 evertit
1496 1360 1641 1394 judicium,
1665 1359 1736 1395 quod
1760 1359 1788 1386 tit
1807 1359 1877 1394 apud

1089 1407 1182 1435 ﬁdeles
1198 1415 1204 1433 :
1221 1410 1359 1442 postquam
1374 1411 1462 1434 autem
1477 1406 1537 1434 illos
1551 1406 1642 1433 multis
1654 1407 1798 1438 exterruit,
1814 1410 1878 1433 tunc

1088 1453 1197 1480 omnino
1205 1451 1334 1487 judicium
1345 1451 1497 1486 hujnsmodi
1508 1451 1629 1481 abstulit.
1638 1451 1752 1479 Maxime
1759 1451 1878 1486 quidem,

1088 1499 1184 1534 inquit,
1197 1499 1218 1526 si
1230 1498 1349 1533 judicare
1359 1502 1475 1532 oportet,
1488 1497 1557 1533 apud
1568 1497 1673 1532 iniquos
1684 1506 1736 1525 non
1749 1498 1879 1532 oportuit;

1089 1545 1198 1573 omnino
1209 1549 1297 1572 autem
1312 1551 1364 1572 non
1388 1548 1494 1579 Oportet
1507 1543 1632 1579 iudicari.
1653 1543 1704 1571 Sed
1722 1544 1772 1571 hoc
1786 1549 1879 1580 postea

1089 1589 1166 1625 ponit
1180 1599 1188 1618 :
1203 1590 1309 1617 interim
1324 1597 1387 1617 vero
1402 1590 1488 1624 primo
1504 1589 1528 1616 id
1544 1589 1577 1616 de
1594 1589 1682 1616 medio
1697 1589 1766 1617 tollit
1779 1610 1787 1623 ,
1804 1595 1832 1616 ut
1848 1598 1882 1617 ne

1088 1634 1153 1663 foris
1162 1635 1325 1670 judicenlur.
1337 1635 1476 1669 Quomodo
1487 1635 1558 1662 enim
1572 1642 1623 1662 non
1636 1635 1781 1662 absurdum
1791 1635 1880 1666 fuerit,

1082 1681 1218 1710 adversus
1241 1682 1356 1708 amicum
1375 1681 1581 1716 disceptantem,
1602 1681 1736 1708 inimicum
1761 1682 1882 1716 accipere

1091 1727 1289 1754 conciliatorem
1303 1748 1310 1760 ,
1334 1726 1436 1762 inquit?
1458 1726 1593 1763 quomodo
1616 1733 1668 1753 non
1691 1732 1716 1754 te
1731 1726 1812 1762 pudet
1832 1734 1881 1753 uec

1091 1774 1226 1801 erubescis
1237 1793 1246 1807 ,
1261 1781 1322 1800 ctnn
1335 1773 1444 1801 Gra‘cus
1457 1772 1533 1800 sedet
1544 1771 1724 1799 Christianum
1736 1772 1858 1806 judicans
1868 1772 1883 1798 ἓ

1091 1821 1118 1848 Si
1133 1825 1219 1848 autem
1231 1820 1264 1847 de
1275 1820 1354 1847 rebus
1366 1819 1475 1854 privatis
1488 1827 1540 1847 non
1552 1823 1658 1855 oportet
1669 1827 1682 1846 a
1696 1819 1797 1847 Graecis
1808 1820 1882 1854 judi-

1093 1867 1165 1899 cari,
1187 1865 1321 1901 quomodo
1337 1866 1401 1900 ipsis
1415 1873 1458 1892 res
1479 1865 1594 1900 majores
1613 1866 1830 1893 commutemus?
1850 1866 1884 1893 Et

1094 1911 1153 1938 vidc
1167 1911 1300 1946 quomodo
1315 1911 1438 1946 loquatur
1452 1919 1459 1937 :
1477 1919 1529 1938 non
1543 1911 1628 1942 dixit.
1646 1911 1722 1946 Apud
1740 1911 1860 1939 inlidcles
1873 1933 1881 1942 ,

1095 1958 1140 1985 sed
1154 1979 1161 1989 ,
1177 1959 1250 1993 Apud
1265 1958 1362 1991 iniquos
1374 1978 1381 1990 ,
1404 1965 1469 1984 voce
1484 1957 1527 1984 illa
1543 1965 1606 1984 usus
1619 1965 1670 1992 qua
1685 1958 1800 1986 maxime
1816 1965 1884 1992 opus

1095 2004 1207 2031 habebat
1223 2005 1248 2030 in
1263 2004 1401 2038 proposito
1416 2009 1573 2038 argumento
1584 2024 1591 2036 ,
1607 2009 1634 2030 ut
1654 2009 1785 2031 averteret
1799 2004 1885 2031 abdi»

1095 2054 1228 2084 ceretque.
1249 2049 1317 2083 Quia
1330 2050 1400 2076 enim
1417 2050 1450 2076 de
1461 2049 1561 2084 judicio
1574 2057 1663 2077 sermo
1679 2050 1727 2085 ipsi
1743 2055 1800 2077 erat
1814 2059 1820 2082 ;
1838 2052 1884 2084 qui

1096 2095 1320 2130 vernjudicantur
1334 2095 1397 2122 nihil
1413 2095 1482 2122 adeo
1498 2095 1637 2130 requirunt
1647 2116 1654 2128 ,
1669 2103 1748 2130 quam
1762 2102 1789 2123 ut
1803 2097 1886 2124 multa

1094 2141 1157 2176 justi
1173 2149 1236 2168 cura
1247 2145 1275 2168 et
1287 2141 1354 2168 ratio
1365 2140 1493 2168 habeatur
1507 2149 1521 2166 a
1533 2141 1714 2174 judicantibus
1731 2149 1737 2167 :
1752 2142 1814 2169 inde
1826 2142 1887 2169 illus

1097 2186 1208 2218 avertit,
1232 2185 1423 2220 propemodum
1446 2185 1539 2213 dicens
1562 2186 1644 2219 :Quo
1664 2186 1752 2221 pergis
1776 2192 1803 2213 et
1824 2188 1886 2221 quid

1098 2231 1181 2262 facis,
1208 2231 1298 2263 homo,
1314 2231 1476 2258 contrarium
1499 2232 1601 2265 patiens
1620 2239 1712 2258 eorum
1733 2239 1793 2266 qua:
1814 2232 1888 2258 desi-

1097 2277 1174 2304 deras
1186 2298 1194 2309 ,
1208 2282 1233 2304 et
1245 2281 1274 2304 ut
1283 2277 1412 2312 justitiam
1423 2277 1584 2312 assequaris,
1597 2277 1630 2303 ad
1645 2277 1750 2312 iniquos
1764 2278 1888 2305 homines

1098 2329 1124 2351 te
1138 2323 1291 2352 convertis?
1305 2324 1336 2350 Et
1350 2323 1410 2358 quia
1425 2324 1513 2350 statim
1528 2324 1668 2352 molestum
1683 2323 1778 2352 fuisset
1793 2325 1889 2352 audire

1099 2377 1152 2396 non
1174 2369 1273 2403 judicio
1295 2369 1496 2404 disceptandum
1537 2376 1616 2402 esse,
1650 2377 1703 2396 non
1722 2370 1811 2396 statim
1841 2369 1891 2397 hoc

1099 2416 1222 2448 induxit,
1249 2415 1295 2442 sed
1335 2415 1486 2449 judicantes
1514 2415 1599 2442 solum
1629 2416 1759 2448 mutavit,
1787 2416 1821 2443 ab
1841 2423 1890 2443 ex-

1100 2462 1182 2488 ternis
1198 2461 1223 2489 iu
1233 2460 1381 2488 Ecclesium
1394 2461 1522 2488 inducens
1533 2469 1579 2488 eos
1592 2461 1637 2496 qui
1649 2461 1786 2496 judicandi
1801 2467 1886 2491 erant.

1100 2506 1201 2534 Deinde
1214 2506 1274 2540 quia
1289 2511 1442 2541 contemptu
1455 2507 1562 2542 dignum
1577 2507 1715 2535 videbatur
1727 2515 1797 2540 esse,
1815 2509 1848 2535 ab
1859 2509 1890 2535 iis

1099 2554 1144 2588 qui
1159 2553 1229 2579 intus
1242 2557 1318 2579 erant
1330 2552 1442 2587 judicari
1455 2572 1463 2585 ,
1478 2557 1505 2579 et
1521 2557 1584 2580 tunc
1600 2553 1714 2582 maxime
1731 2553 1804 2588 (non
1816 2554 1891 2581 enim

1099 2604 1176 2626 erant
1196 2598 1315 2626 fortassis
1334 2599 1419 2625 idonei
1442 2599 1474 2625 ad
1492 2606 1547 2626 rem
1572 2599 1790 2634 intelligendam,
1808 2606 1901 2633 neque

1101 2645 1167 2672 tales
1180 2645 1272 2679 quales
1292 2650 1368 2672 erant
1388 2645 1492 2672 externi
1512 2645 1634 2680 judiees,
1657 2645 1744 2680 legum
1768 2646 1845 2680 periti
1867 2652 1897 2671 et

1101 2691 1208 2723 diserti,
1223 2695 1315 2726 utpote
1328 2691 1372 2726 qui
1391 2699 1423 2718 ex
1441 2692 1552 2726 privatis
1572 2696 1600 2718 et
1615 2692 1731 2719 indoctis
1749 2692 1890 2726 quamplu-

1101 2737 1161 2764 rimi
1175 2738 1284 2772 essent)
1301 2743 1309 2764 :
1327 2737 1387 2764 vide
1401 2737 1537 2772 quomodo
1548 2737 1609 2765 illos
1624 2737 1675 2765 lide
1687 2737 1781 2772 dignos
1795 2737 1874 2764 faciat
1886 2758 1894 2770 ,

1102 2783 1215 2818 primum
1228 2787 1334 2810 sanctos
1346 2790 1452 2811 vocans.
1465 2783 1518 2812 Sed
1527 2783 1589 2818 quia
1601 2783 1651 2811 hoc
1663 2784 1724 2811 vita:
1736 2783 1894 2818 puritatem,

1102 2827 1149 2856 sed
1177 2837 1228 2855 non
1251 2833 1402 2856 accuratam
1427 2828 1607 2862 cognitionem
1643 2828 1676 2856 ad
1706 2828 1891 2859 audiendum,

1104 2874 1310 2906 testiﬁcabatur;
1334 2873 1395 2901 vide
1417 2872 1553 2909 quomodo
1575 2873 1644 2903 hanc
1667 2882 1772 2911 quoque
1794 2877 1895 2911 partem
