2041 3111
138 139 184 166 133
653 138 686 166 ΙΝ
705 138 811 166 EPIST.
833 138 841 163 I
877 138 921 164 Μ)

980 137 1014 164 i‘t.
1037 137 1149 165 HOMIL.
1170 137 1238 166 XVI.

137 201 240 229 metet,
257 196 292 224 ita
307 194 404 224 dicens
415 204 422 222 :
434 196 461 223 2.
475 197 513 223 Att
525 195 624 223 nescitis
637 196 705 230 quod
718 195 799 222 sancti
809 194 931 221 mundum

139 243 283 271 iudicabam!
292 243 307 270 .’

169 289 195 316 ὃ.
210 288 252 316 Tu
265 297 343 324 ergo.
358 288 406 324 qui
419 289 477 316 illos
487 287 629 323 aliquando
638 287 804 322 judicatttrtts
815 293 932 321 es.quo-

138 335 215 363 modo
224 335 344 363 sustines
353 343 425 363 nunc
434 335 468 362 ab
483 335 535 363 illis
548 335 684 369 iudicari?
703 333 865 362 Judicabunt
884 341 932 360 au-

138 387 199 411 tem.
214 389 268 409 non
292 382 343 416 ipsi
358 382 482 409 sedentes
505 387 532 408 et
551 382 681 408 rationem
696 384 849 414 repetentes
860 400 868 412 ,
883 379 930 406 sed

136 427 365 455 condemnabam.
381 428 436 454 lloc
448 427 520 454 enim
543 427 665 454 indicans
678 426 784 454 dicebat
799 435 806 453 :
821 425 854 452 Et
869 427 891 453 si
904 426 931 452 in

137 473 202 500 vobis
212 474 348 509 judicatur
361 473 470 500 mundus
480 493 488 506 ,
501 473 600 509 indigni
615 473 672 500 estis
685 473 795 499 minimis
804 473 932 508 judiciis?

136 519 193 546 Non
204 520 277 546 enim
290 519 368 552 dixit,
383 520 403 546 A
417 519 501 550 vobis,
513 518 571 551 scd,
583 518 655 545 Inter
667 527 728 551 vos;
744 523 771 545 ιιι
781 526 842 546 cum
855 518 929 551 dicit,

137 566 233 597 limina
243 566 332 593 Austri
339 571 433 601 surget,
444 571 467 593 et
477 566 651 593 condemnabit
660 567 844 601 generationem
853 567 931 597 hanc;

119 609 161 657 Jiet
175 611 229 638 Viri
244 611 367 639 Ninivita-
380 616 482 646 surgent
491 631 498 643 ,
508 617 530 638 et
538 612 738 638 condemnabam
747 613 930 647 generationem

136 659 200 684 lianc
217 658 326 693 (litauit.
340 657 384 684 i2.
398 658 442 685 45.
456 658 516 690 41).
536 657 650 691 Quando
661 658 731 684 enim
747 658 871 685 eumdem
885 665 930 685 SO-

136 704 186 731 lem
198 704 333 735 videntes.
343 709 370 732 et
378 704 532 731 earumdem
545 710 633 732 rerum
644 705 762 732 omnium
773 705 928 740 participes,

137 757 185 776 nos
196 750 307 784 quidem
319 749 468 777 credidisse
480 750 578 777 inventi
592 749 731 783 fuerimus,
748 751 785 778 illi
799 759 864 778 vero
877 759 929 778 non

134 796 294 829 credidisse,
310 804 362 823 non
389 801 514 830 poterunt
526 796 559 823 ad
583 796 760 831 ignorantiam
773 797 928 832 confugere:

135 850 184 869 nos
195 843 268 870 enim
290 843 352 869 illos
372 843 558 870 accusabimus
575 851 623 877 per
641 851 672 870 ea
688 852 746 878 quo
760 844 880 871 fecimus.
896 845 930 872 Et

134 888 219 916 multa
235 888 286 916 alia
301 889 360 924 quis
375 889 492 916 inveniet
507 889 659 924 ibijudicia.
673 890 772 917 Deinde
783 899 815 917 tte
825 891 928 918 videre-

135 939 179 961 tur
193 934 308 968 cuipiam
330 934 364 962 de
381 934 442 961 aliis
463 935 569 967 dicere,
585 934 646 962 vide
660 935 795 970 quomodo
808 943 929 963 comnm-

135 988 195 1007 nem
220 981 299 1007 laeiat
313 988 465 1008 sermonem
480 990 487 1008 :
503 981 535 1008 Et
547 982 569 1009 si
579 982 604 1008 in
625 983 693 1008 vobis
708 983 841 1018 jndicatur
854 992 927 1010 nuut—

135 1027 193 1059 dtu,
209 1027 310 1061 indigni
322 1028 381 1054 estis
394 1028 504 1054 minimis
514 1029 638 1062 judiciis.’
653 1029 783 1056 Pudorem
799 1030 874 1057 vobis
886 1038 929 1058 res

134 1072 222 1104 alien,
247 1073 345 1107 inquit,
364 1078 391 1100 et
415 1073 549 1101 iueﬁ'altile
567 1074 694 1101 dedecus.
718 1075 782 1102 Nam
804 1077 877 1111 quia,
901 1081 929 1104 ut

134 1118 280 1145 verisimile
291 1123 344 1150 est,
358 1119 473 1153 pudebat
483 1127 530 1146 eos
540 1119 575 1146 ab
589 1121 620 1146 iis
633 1121 677 1155 qtti
691 1121 760 1147 inttts
772 1127 846 1148 erant
857 1122 927 1156 judi-

133 1164 206 1191 cari:
231 1172 249 1192 e
269 1166 406 1192 contrario
420 1171 509 1193 autem
522 1166 597 1194 vobis
618 1171 659 1194 est
671 1167 804 1200 dedecus,
820 1177 881 1196 cum
894 1169 928 1195 ah

133 1210 164 1237 iis
177 1211 221 1244 qui
236 1210 305 1238 foris
316 1217 379 1239 sunt
391 1212 550 1246 judicantini
565 1221 572 1239 :
598 1214 641 1241 illa
654 1215 725 1242 enint
742 1215 850 1241 minima
864 1220 928 1242 sunt

131 1256 242 1291 judicia,
252 1265 305 1284 non
315 1257 382 1285 hmo.
395 1259 421 1285 5.
437 1258 547 1286 Nescitis
558 1260 617 1294 quia
625 1261 728 1295 angelos
735 1261 928 1296 judicabimus?

131 1307 226 1336 quanto
237 1305 319 1339 magis
329 1305 462 1331 stecularia
471 1305 484 1331 .’
493 1305 605 1338 Quidam
616 1306 708 1333 dicunt
720 1307 762 1334 hic
773 1307 928 1334 sacerdotes

133 1348 299 1376 subindicari
312 1358 319 1376 :
331 1350 378 1377 sed
391 1358 483 1385 apage;
494 1359 553 1377 naut
565 1351 599 1379 de
607 1351 772 1378 dzt-nzonihus
783 1353 846 1388 agit.
861 1353 926 1380 Nam

131 1390 154 1417 si
169 1390 205 1418 de
215 1393 351 1426 corruptis
366 1392 551 1420 sacerdotibus
566 1393 678 1420 dixisset
690 1415 696 1424 .
711 1402 791 1428 supra
808 1394 927 1421 subindi—

132 1441 220 1464 casset
246 1438 307 1465 illos
326 1445 387 1465 cttm
407 1438 495 1466 dixit:
519 1438 552 1466 In
575 1439 643 1466 vobis
649 1440 783 1475 judicutnr
796 1441 925 1473 mundus,-

132 1484 201 1511 solet
214 1484 287 1511 enim
299 1484 438 1519 Scriptura
451 1485 587 1519 improbos
598 1493 703 1520 qnoqtte
717 1487 838 1513 homines
849 1495 926 1514 muns

132 1528 195 1555 dum
217 1537 315 1557 vocare
329 1539 335 1556 ε
362 1538 448 1565 neque
467 1531 562 1557 iterum
579 1530 628 1558 ltoc
642 1531 728 1565 ip~ulll
743 1532 864 1563 dixisset,
880 1540 926 1559 ne-

132 1582 184 1609 que
195 1580 224 1602 ut
237 1576 325 1609 majus
335 1576 471 1610 quidpiam
481 1576 572 1604 dicens
585 1576 671 1611 ipsum
679 1582 769 1611 postea
782 1578 923 1611 positiSset.

132 1620 184 1648 Sed
193 1621 228 1648 de
237 1621 290 1648 illis
303 1621 421 1656 loquitur
433 1622 545 1656 angelis,
559 1622 594 1649 de
607 1623 705 1657 quibus
714 1623 779 1650 dicit
789 1623 922 1652 Christus:

134 1665 173 1693 Its
190 1668 216 1693 in
229 1667 315 1702 ignem
338 1673 455 1701 paratum
474 1668 574 1695 diabolo
587 1674 612 1695 et
626 1669 721 1704 angelis
734 1670 788 1703 ejus
811 1670 924 1706 (Matt/1.

133 1711 177 1739 25.
192 1713 223 1740 41
238 1712 263 1747 );
277 1717 304 1740 et
327 1712 439 1746 Paulus,
458 1713 549 1748 Angeli
563 1714 617 1751 ejus
632 1715 847 1748 trans/ignranlur
862 1721 927 1743 tam-

133 1765 206 1791 quam
219 1758 443 1793 utinistrijustitia:
455 1759 493 1795 (2.
507 1759 566 1786 Cor.
580 1761 624 1787 ii.
637 1760 670 1788 i5
679 1760 699 1795 ).
713 1760 779 1787 Cum
790 1762 861 1789 enim
872 1762 925 1790 Po-

133 1807 242 1831 testatcs
255 1804 308 1831 illa:
323 1805 489 1839 incorporea:
503 1805 618 1832 iuventte
633 1805 732 1833 iuerint
745 1807 834 1834 minus
845 1808 926 1836 habe-

132 1857 161 1876 re
172 1857 251 1884 quant
268 1857 318 1876 nos
330 1871 337 1880 .
352 1851 396 1884 qui
411 1858 491 1877 carne
506 1851 589 1878 ittdttti
602 1859 694 1879 sumus
705 1872 713 1885 ,
727 1853 865 1887 graviores
876 1853 925 1881 da-

131 1894 195 1933 bunt
207 1903 310 1930 ptenas.
327 1896 404 1929 Quod
419 1897 441 1923 si
454 1896 542 1924 adhuc
554 1897 661 1932 quidam
673 1898 839 1927 contendunt
852 1900 924 1927 illum

131 1940 164 1968 de
178 1942 364 1969 sacerdotibus
378 1943 462 1977 loqui,
476 1943 710 1978 interrogabimus,
724 1951 791 1979 quos
801 1946 927 1973 sacerdo-

132 1987 191 2014 tes?
203 1987 320 2015 Omnino
330 1995 378 2015 eos
388 1988 432 2023 qui
442 1988 564 2016 smculari
575 1997 649 2016 more
660 1989 792 2017 vixerunt.
807 1991 925 2023 Quomo-

132 2032 166 2059 do
175 2040 252 2068 ergo,
278 2033 393 2068 inquies,
415 2034 525 2068 Angelos
535 2035 719 2070 jndicabimus,
739 2040 833 2070 quanto
846 2038 926 2072 magis

131 2079 286 2106 «scalaria?
297 2086 394 2115 nempe
404 2080 437 2106 ad
452 2079 629 2107 diﬁ'erentiam
642 2081 809 2108 szeculariutn
824 2091 926 2117 ponens

132 2124 253 2158 angelos,
268 2129 295 2151 et
310 2125 426 2152 merito:
441 2125 501 2160 quia
513 2131 588 2152 extra
602 2134 696 2153 eorttm
711 2134 787 2153 usum
810 2134 872 2155 sunt
892 2130 926 2156 ob

130 2169 316 2196 excellentiam
328 2175 439 2197 naturm.
455 2171 482 2198 4.
493 2170 635 2198 Stccularia
648 2172 724 2207 igitur
732 2173 832 2207 judicia
845 2174 867 2200 si
880 2174 926 2200 Ita-

131 2213 245 2247 bucritis,
256 2215 457 2252 contemptibiles
470 2217 512 2251 qui
523 2221 580 2243 sunt
591 2217 617 2243 in
631 2216 755 2250 Ecclesia,
764 2218 821 2245 illos
830 2220 924 2246 consti-

132 2260 193 2287 tuite
210 2261 246 2287 ad
261 2261 445 2296 judicandum.
462 2261 562 2289 Voiens
576 2270 637 2289 cum
653 2263 798 2297 hyperbole
812 2272 860 2291 nos
875 2265 924 2292 do-

131 2313 192 2333 cere
204 2326 213 2338 ,
231 2306 421 2342 quodcumque
438 2308 543 2335 tandem
559 2307 638 2335 fuerit
648 2329 656 2340 ,
672 2316 724 2335 non
737 2315 862 2343 oportere
876 2318 925 2338 nos

131 2353 248 2380 externis
258 2354 428 2381 committere
438 2375 445 2385 ,
460 2362 520 2381 ctttn
536 2354 714 2389 objectionem
730 2356 771 2383 vel
791 2364 850 2390 qute
865 2357 925 2384 talis

131 2405 190 2425 esse
196 2398 348 2433 videbatur,
361 2401 506 2427 movisset:
519 2401 593 2435 prius
602 2400 672 2426 illant
684 2401 773 2428 solvit.
786 2401 842 2429 Hoc
852 2403 923 2429 enim

133 2444 187 2471 vult
205 2445 357 2479 signiﬁcare
375 2454 382 2473 :
406 2446 533 2473 Fortasse
551 2446 622 2474 dicet
645 2447 777 2481 quispiam
790 2467 798 2478 ,
823 2449 924 2475 nttllutn

130 2491 267 2524 esseapud
280 2499 328 2517 vos
338 2491 500 2525 sapientem,
513 2498 598 2526 neque
606 2491 638 2517 ad
648 2491 776 2526 judicium
786 2493 924 2521 terendum

129 2540 221 2570 aptum
239 2557 247 2570 ,
273 2537 320 2564 sed
345 2538 563 2572 contemptibiles
591 2545 695 2565 omnes.
724 2539 755 2565 Et
769 2539 831 2573 quitl
855 2539 924 2567 hoc?

131 2584 242 2610 Etiamsi
254 2584 326 2611 enim
339 2585 428 2612 nullus
443 2585 478 2612 sit
491 2585 598 2619 sapiens
610 2584 731 2619 ,‘ittquit,
746 2593 792 2612 vos
806 2586 924 2613 minimis

130 2631 287 2663 permittite.
301 2631 329 2658 5.
342 2629 400 2658 Hoc
412 2636 496 2658 autent
510 2631 543 2657 ad
556 2631 731 2658 verecundiam
739 2637 846 2659 vestram
856 2633 922 2659 dico.

132 2675 179 2703 Est
198 2676 347 2704 refellentis
368 2677 473 2703 illorum
499 2677 675 2712 objectionom
689 2699 695 2709 ,
713 2683 740 2704 ttt
756 2687 815 2713 qua:
828 2686 923 2713 supcr-

131 2722 198 2748 il-ms
209 2722 245 2748 sit
255 2721 384 2749 obtcntus
398 2731 404 2748 :
419 2722 532 2757 ideoque
543 2723 679 2757 suhjttnxit
691 2732 696 2749 :
710 2723 755 2750 Sic
769 2732 819 2750 non
834 2729 924 2750 estsa-

132 2768 199 2800 piens
212 2768 239 2794 in
256 2769 326 2795 vobis
339 2768 492 2803 quisquam?
505 2769 623 2796 Tantane.
636 2774 686 2800 est.
702 2770 796 2804 inquit,
814 2769 900 2804 inopia
911 2769 924 2796 ‘l

133 2817 238 2841 tantane
268 2815 341 2848 apud
368 2821 415 2841 vos
441 2815 536 2841 raritas
555 2816 671 2842 virorum
699 2816 923 2851 intelligendum?

132 2859 203 2892 Quod
219 2865 311 2887 autem
327 2859 474 2894 sultjttngil,
491 2860 616 2894 ntajorettt
632 2861 711 2887 infert
726 2861 827 2896 plagattt
841 2871 847 2887 :
862 2869 922 2888 cum

300 2911 437 2940 PATIIOL
462 2911 517 2939 (in.
549 2911 624 2940 LXI.

1726 143 1776 170 ιδι

988 193 1061 220 enim
1074 193 1197 225 dixisset,
1209 193 1267 221 Non
1282 198 1322 222 est
1336 196 1444 230 sapiens
1461 196 1487 223 in
1503 196 1577 224 vobis
1590 205 1675 233 neque
1687 203 1776 228 unus?

984 238 1143 272 Subjunxit:
1168 239 1219 272 Qui
1238 241 1317 275 possit
1333 241 1453 276 judicare
1472 243 1536 270 inter
1555 243 1661 278 fratrem
1681 247 1776 273 suum?

984 283 1051 311 Cum
1064 285 1135 311 ettittt
1152 284 1234 312 frater
1254 293 1314 313 cum
1335 286 1418 314 fratre
1430 287 1531 322 judicio
1548 290 1686 318 contendit
1698 311 1706 325 ,
1722 299 1776 320 non

985 337 1080 365 magna
1095 331 1269 365 intelligentia
1285 337 1311 360 et
1326 333 1436 360 solertia
1458 339 1501 361 est
1513 342 1580 370 opus
1596 336 1649 363 litis
1664 337 1776 372 arbitro,

984 376 1080 403 affectu
1094 383 1120 404 et
1132 378 1290 412 cognatione
1302 387 1425 414 magnam
1440 388 1516 414 opetn
1530 381 1660 411 aﬁ'erentc
1669 384 1703 412 ad
1713 393 1777 412 con-

985 422 1111 450 tentionis
1134 423 1193 449 talis
1212 424 1383 452 solutionem.
1407 425 1433 452 6.
1456 426 1509 453 Sed
1522 428 1603 462 frater
1625 437 1682 456 cum
1695 430 1777 463 fratre

979 469 1078 502 judicio
1086 470 1222 501 contendit,
1233 475 1255 496 et
1267 471 1314 497 hoc
1322 472 1392 505 apud
1401 472 1526 506 inﬁdeles.
1536 473 1631 501 Vidett‘
1640 478 1777 511 quomodo

985 514 1011 541 in
1028 516 1158 550 principio
1171 516 1278 550 quidem
1294 518 1394 544 utiliter
1409 518 1544 547 incusabat
1555 527 1601 547 eos
1615 522 1659 556 qui
1671 522 1774 557 judica-

984 566 1053 592 rent,
1069 562 1175 596 lniquos
1188 570 1304 593 vocans:
1321 563 1364 590 ltic
1375 570 1464 592 atttem
1481 569 1510 592 ut
1523 565 1585 593 illos
1600 567 1702 602 pudore
1716 569 1775 597 afﬁ-

983 607 1046 637 ciat.
1063 607 1155 634 dicens
1171 609 1310 635 inﬁdeles?
1325 609 1429 636 Etenim
1441 610 1585 639 admodum
1597 617 1673 649 turpe
1686 620 1737 649 est,
1752 617 1775 643 si

983 660 1016 679 ne
1031 652 1159 680 fratribus
1172 654 1278 688 quidem
1291 656 1515 684 reconciliationis
1524 665 1604 686 causa
1617 661 1703 695 possit
1715 669 1776 691 esse

982 698 1127 729 sacerdos;
1139 699 1186 726 sed
1202 707 1314 727 necesse
1327 701 1361 727 sit
1372 701 1404 728 ad
1414 707 1541 730 externos
1554 711 1705 734 accurrere.
1722 708 1774 736 ita-

982 751 1033 777 que
1045 752 1105 770 cttut
1117 744 1184 771 dixit
1196 745 1410 778 Contemptibilcs,
1423 755 1475 774 non
1487 748 1538 776 ltoc
1553 751 1685 786 praecipue
1697 753 1772 786 dixit.

982 789 1053 822 quod
1067 789 1187 824 abjectos
1200 791 1294 819 sedere
1304 793 1409 826 jttdices
1420 800 1552 828 oporteat,
1567 796 1614 823 sed
1637 798 1697 826 illos
1718 807 1775 834 per

981 835 1193 869 stringettsNam
1202 837 1272 872 quod
1282 838 1370 873 iis,qui
1378 839 1531 868 discernere
1538 843 1775 876 possint.commit-

983 885 1041 909 lere
1064 888 1197 917 oporteat,
1218 884 1377 918 signiﬁcavit
1391 885 1484 914 dicens
1501 895 1507 913 :
1526 887 1571 915 Sic
1585 897 1636 916 non
1659 896 1695 918 est
1710 893 1773 920 inter

981 935 1024 953 vos
1038 929 1138 962 sapiens
1152 929 1306 964 quisquam?
1319 935 1345 957 et
1363 939 1396 958 cx
1407 932 1552 961 abundanti
1567 943 1598 962 os
1610 936 1753 967 obstruens
1765 962 1771 971 ,

981 978 1009 1000 ct
1023 974 1116 1001 dicens
1131 985 1137 1002 :
1153 975 1225 1010 quod
1250 977 1353 1004 etiamsi
1370 978 1459 1006 nullus
1473 985 1544 1008 esset
1561 982 1668 1017 sapiens
1681 985 1706 1012 in
1723 993 1772 1014 vo-

981 1019 1033 1051 bis,
1049 1021 1236 1055 insipientibus
1252 1024 1340 1057 potius
1359 1025 1548 1053 comntittettda
1566 1035 1646 1056 causa
1660 1030 1752 1060 luisset
1763 1054 1770 1065 ,,

980 1073 1060 1099 quam
1072 1068 1199 1095 externis.
1216 1069 1356 1102 Quomodo
1369 1070 1441 1098 enim
1454 1080 1505 1098 non
1522 1073 1665 1103 absurdum
1681 1077 1771 1108 fuerit.

980 1120 1040 1138 cum
1065 1113 1138 1140 denti
1157 1114 1190 1141 lis
1203 1115 1299 1147 oritur,
1311 1121 1450 1144 externum
1463 1119 1596 1147 neminem
1610 1123 1710 1158 vocari,
1725 1125 1772 1153 sed

981 1157 1083 1191 pudore
1104 1158 1193 1190 afﬁci.
1214 1160 1236 1187 si
1252 1168 1311 1195 quae
1337 1161 1408 1189 itttus
1431 1163 1497 1191 ﬁunt
1516 1165 1581 1193 toris
1595 1167 1771 1203 et‘ulgentnr;

980 1202 1023 1229 ttbi
1038 1208 1126 1231 autem
1143 1204 1263 1232 Ecclesia
1276 1211 1328 1239 est,
1342 1215 1501 1235 arcanorum
1512 1202 1699 1246 mysteriorum
1712 1215 1771 1243 tlte-

979 1255 1085 1280 sanrus,
1101 1251 1189 1277 omnia
1204 1256 1279 1278 extra
1291 1252 1399 1280 ellerri?
1413 1254 1467 1280 Sed
1476 1257 1556 1289 frater
1569 1265 1626 1283 cum
1638 1258 1718 1292 fratre
1722 1261 1771 1294 ju-

979 1293 1045 1320 dicio
1061 1296 1198 1329 contendit,
1214 1301 1236 1323 et
1250 1297 1297 1324 ltoc
1311 1299 1382 1332 apud
1398 1299 1521 1333 inﬁdeles.
1541 1301 1645 1336 Duplex
1661 1309 1702 1331 est
1715 1293 1771 1333 cri-

980 1347 1057 1372 men,
1081 1347 1106 1368 et
1127 1342 1197 1376 quod
1210 1342 1348 1376 judicetur
1359 1365 1366 1376 ,
1382 1350 1407 1371 et
1423 1346 1494 1380 quod
1510 1347 1580 1381 apud
1595 1349 1726 1377 inﬁdeles.
1742 1351 1771 1380 Si

978 1387 1051 1414 enim
1060 1395 1112 1422 .per
1128 1395 1156 1415 se
1172 1395 1310 1423 peccatum
1324 1395 1364 1416 est
1380 1398 1441 1418 eum
1457 1392 1539 1419 fratre
1547 1392 1649 1427 judicio
1660 1402 1771 1424 conten-

978 1431 1053 1465 dere,
1071 1433 1095 1460 id
1120 1434 1189 1468 apud
1205 1440 1332 1462 externos
1351 1435 1440 1464 facere
1453 1445 1531 1471 quant
1548 1440 1650 1467 veniam
1664 1449 1770 1470 merea-

980 1479 1043 1505 tur?
1055 1479 1081 1506 7.
1095 1479 1156 1506 Jant
1167 1480 1268 1514 quidem
1279 1482 1381 1508 omnino
1396 1482 1515 1509 delictum
1527 1489 1564 1511 est
1577 1486 1603 1512 in
1613 1486 1691 1520 vobis,
1702 1489 1770 1522 quod

978 1525 1075 1559 judicia
1088 1526 1185 1553 habetis
1197 1527 1262 1554 inter
1276 1535 1329 1554 vos.
1344 1527 1435 1555 Vidett‘
1450 1529 1556 1557 ubinam
1571 1530 1634 1558 illud
1648 1540 1769 1561 reserva-

978 1571 1032 1598 rit?
1044 1575 1156 1606 etquam
1169 1577 1317 1607 opportune
1332 1572 1382 1600 hoc
1397 1574 1552 1601 sustulerit?
1566 1575 1688 1605 Nondum
1699 1579 1769 1607 enim

977 1617 1050 1648 dico,
1075 1616 1170 1651 inquit,
1187 1618 1281 1652 :tliqttis
1296 1619 1418 1653 injuriam
1435 1619 1508 1652 facit,
1528 1621 1624 1657 aliquis
1647 1624 1770 1658 injuriam

979 1663 1077 1696 patitur
1092 1672 1098 1690 ε
1122 1664 1227 1691 interim
1239 1672 1271 1690 eo
1284 1665 1352 1699 ipso,
1368 1666 1438 1700 quod
1455 1667 1556 1701 judicio
1575 1672 1770 1706 contendetur,

979 1713 1091 1743 utet-que
1099 1709 1272 1744 improbatur,
1283 1715 1310 1737 et
1318 1711 1343 1737 itt
1355 1711 1404 1738 ltoc
1415 1720 1467 1739 non
1475 1718 1515 1740 est
1527 1714 1595 1742 alius
1603 1716 1656 1743 alio
1664 1718 1768 1747 melior.

1015 1756 1041 1783 ι.
1058 1757 1085 1783 Si
1101 1760 1191 1784 autem
1205 1758 1276 1791 juste
1298 1759 1338 1784 vel
1356 1758 1454 1793 injuste
1463 1760 1565 1794 judicio
1587 1764 1771 1798 contenditur,

979 1802 1029 1829 ltoc
1043 1802 1076 1829 ad
1096 1802 1174 1829 aliatn
1199 1803 1315 1836 pertinet
1333 1803 1552 1838 disputationem.
1569 1807 1607 1835 Nc
1629 1809 1718 1844 itaque
1730 1812 1771 1839 di-

978 1854 1034 1879 eas,
1045 1848 1150 1882 Aliquis
1165 1848 1260 1882 injuria
1271 1848 1360 1876 affecit
1375 1858 1381 1876 :
1398 1850 1460 1877 hinc
1471 1852 1540 1879 enim
1551 1854 1606 1887 jam
1622 1860 1648 1882 te
1660 1856 1769 1891 damno,

977 1893 1048 1928 quod
1057 1894 1158 1927 judicio
1167 1895 1324 1922 contendas.
1336 1896 1364 1923 Si
1376 1902 1466 1924 autem
1476 1898 1599 1932 injuriam
1613 1901 1769 1931 inferentem

979 1938 1050 1966 ferre
1063 1946 1114 1965 non
1135 1947 1215 1974 posse
1232 1941 1334 1968 crimen
1358 1946 1409 1973 est,
1428 1942 1552 1977 injuriam
1570 1945 1658 1974 ﬁtcere
1671 1954 1769 1982 quanta

977 1984 1085 2019 dignum
1105 1985 1156 2012 erit
1173 1987 1363 2014 accusatione?
1386 1987 1470 2020 Quart:
1489 1997 1538 2016 non
1553 1992 1633 2026 magis
1648 1993 1768 2027 injuriam

977 2030 1092 2064 accipitis
1103 2030 1116 2056 ἰ)
1130 2039 1207 2065 quare
1221 2039 1273 2057 non
1288 2032 1368 2067 magis
1383 2033 1499 2067 fraudem
1524 2036 1659 2068 patimini?
1672 2038 1699 2065 8.
1716 2039 1770 2067 Sed

977 2081 1020 2102 vos
1033 2076 1154 2110 injuriam
1169 2075 1253 2109 facitis
1264 2081 1285 2102 et
1300 2077 1417 2110 fraudem
1427 2079 1502 2105 etiam
1516 2081 1648 2114 fratribus.
1666 2083 1769 2113 Rursus

977 2121 1086 2156 duplunt
1110 2123 1232 2154 crimen;
1257 2123 1311 2150 itno
1331 2123 1399 2151 forte
1414 2125 1521 2159 triplum
1537 2132 1563 2154 et
1578 2129 1766 2165 quadruplum.

979 2167 1065 2195 Ullum
1076 2168 1183 2203 quidem
1199 2169 1321 2203 injuriam
1335 2169 1493 2198 inferentem
1509 2172 1579 2200 terre
1594 2176 1712 2209 nescire;
1727 2185 1770 2206 se-

978 2214 1093 2241 cundum
1107 2219 1207 2247 autent,
1221 2215 1300 2242 etiam
1317 2216 1440 2251 injuriam
1456 2217 1567 2252 inferre;
1584 2222 1701 2255 tertium,
1716 2223 1768 2252 ini-

978 2260 1038 2294 quis
1056 2260 1184 2294 judicium
1206 2261 1241 2288 de
1258 2261 1299 2288 his
1311 2263 1495 2296 committere;
1517 2271 1652 2300 quartum,
1677 2268 1767 2297 hocin

979 2305 1089 2333 fratrem
1104 2305 1205 2333 facere.
1220 2306 1312 2341 Neque
1325 2308 1395 2335 enint
1410 2309 1533 2337 sitttiliter
1547 2310 1581 2338 de
1597 2314 1713 2346 peccatis
1724 2315 1768 2350 ju~

977 2351 1091 2384 dicatur,
1106 2359 1167 2378 cum
1178 2352 1354 2380 admittuntur
1363 2355 1388 2380 in
1400 2356 1521 2388 quemvis
1533 2356 1652 2390 obvium,
1667 2364 1695 2387 et
1708 2369 1768 2389 cum

978 2396 1003 2422 itt
1019 2397 1155 2431 proprium
1169 2398 1330 2425 membrum.
1348 2399 1403 2427 lloc
1415 2401 1485 2427 ettint
1500 2402 1560 2436 quis
1569 2403 1650 2431 audet
1661 2413 1692 2432 ex
1709 2415 1769 2434 ma-

975 2441 1026 2475 jori
1042 2444 1186 2477 petulantia
1203 2452 1209 2469 :
1230 2448 1256 2470 ct
1271 2444 1326 2471 illic
1341 2445 1448 2480 quidem
1470 2448 1643 2476 conculcatur
1657 2452 1714 2479 Sola
1731 2455 1768 2481 rei

977 2492 1070 2514 natura
1081 2508 1088 2519 ,
1104 2488 1147 2515 hic
1167 2497 1231 2515 vero
1245 2489 1325 2516 etiattt
1347 2499 1470 2524 personae
1482 2493 1607 2526 qualitas.
1625 2495 1769 2532 Postquam

978 2533 1055 2568 igitur
1064 2534 1193 2568 pudorem
1202 2535 1290 2562 intulit
1298 2543 1312 2562 a
1319 2537 1506 2564 communibus
1516 2539 1672 2573 rationibus,
1684 2547 1711 2570 et
1722 2551 1771 2570 att—

978 2584 1004 2605 te
1018 2579 1077 2606 lucc
1098 2588 1112 2606 a
1131 2580 1274 2615 propositis
1288 2583 1422 2616 prremiis,
1437 2585 1646 2615 comminatione
1659 2590 1770 2617 conclu-

978 2625 1015 2652 dit
1032 2625 1263 2659 atulorlllllOIIClll,
1281 2629 1506 2657 vehementiorem
1533 2633 1649 2661 reddens
1664 2643 1769 2662 sermo-

978 2679 1038 2699 nctn
1049 2672 1092 2699 ltts
1105 2673 1193 2700 verbis
1206 2683 1212 2700 ε
1230 2675 1256 2702 9.
1268 2674 1307 2701 An
1317 2676 1417 2702 nescitis
1430 2678 1498 2710 quod
1509 2677 1589 2713 iniqui
1604 2688 1707 2714 regnum
1721 2682 1768 2709 Dei

977 2725 1028 2744 non
1043 2719 1204 2753 possidebunt
1214 2720 1227 2746 ?
1240 2719 1328 2748 Nolite
1343 2729 1428 2749 errare
1443 2730 1452 2748 .'
1467 2731 1546 2758 neque
1569 2725 1710 2759 fornicarii,
1726 2736 1770 2754 ne-

976 2773 1024 2799 que
1034 2765 1109 2792 idolis
1125 2766 1258 2794 seruientes
1269 2788 1276 2799 ,
1292 2776 1372 2802 neque
1385 2769 1506 2803 adulteri,
1520 2778 1599 2805 neque
1609 2772 1696 2799 malles
1705 2794 1712 2804 ,
1725 2782 1767 2800 nc-

976 2821 1023 2846 que
1045 2813 1214 2840 masculorum
1235 2816 1418 2848 concubitores,
1443 2816 1484 2844 10.
1503 2825 1583 2852 neque
1595 2818 1674 2850 avari,
1691 2827 1771 2850 neque

979 2862 1058 2895 fures,
1078 2868 1155 2895 neque
1174 2861 1276 2894 ebriosi,
1293 2871 1371 2896 uean
1382 2864 1508 2896 ntttlvdirt',
1525 2871 1716 2898 nequcrapares
1729 2874 1767 2892 rc-

1590 2909 1611 2939 9
