2041 3111
241 126 299 152 '135

239 195 326 222 gnum
340 186 385 213 Dei
401 185 573 219 possidebunt.
588 184 658 217 Quid
669 183 753 211 dicis“!
766 182 799 210 de
813 181 901 208 avaris
915 181 1038 216 loquens,

250 232 444 260 sceleratorum
470 231 606 258 hominum
628 235 727 257 tantam
749 227 877 255 induxisti
891 226 969 254 nobis
983 230 1039 253 tur~

246 278 327 306 ham?
338 277 435 307 Etiam.
453 277 537 311 inquit
549 285 556 303 :
568 275 616 304 sed
636 282 689 302 non
705 273 874 301 confundens
888 273 1040 300 oralionem

250 324 301 351 hoc
319 323 388 351 facio
400 345 407 356 ,
420 323 467 350 sed
482 328 507 350 et
528 322 623 349 ordine
637 320 796 356 procedens.
810 319 1040 353 Quemadmodum

248 369 321 397 enim
336 368 370 396 de
384 368 591 395 fornicatorihus
606 367 717 401 loquens
730 387 738 399 ,
752 366 873 393 omnium
887 365 966 392 simul
983 372 1040 391 me-

250 416 345 443 minit:
361 416 395 442 ita
411 422 516 441 rursum
528 421 637 440 avarum
650 419 868 441 commemorans
880 432 888 443 ,
905 418 999 438 omnes
1015 411 1041 437 in

248 461 367 488 medium
384 460 493 487 adducit
512 459 546 486 ad
556 458 780 494 reprehensiones
792 457 975 485 assuefaciens
983 464 1040 487 eos.

246 508 292 542 qni
316 508 410 534 horum
429 511 457 533 et
477 505 605 532 similium
624 505 673 532 sibi
696 505 797 533 conscii
822 509 894 532 sunt.
921 503 986 531 Nam
1016 504 1041 530 ir.

246 553 360 580 aliorum
383 551 641 579 commemoratione
662 550 816 586 frequenter
828 550 922 577 audire
935 557 1041 584 pinnam

247 599 280 625 iis
295 599 452 632 repositam,
471 596 497 624 id
509 597 592 624 ellieit
603 601 631 624 ut
644 596 747 623 facilius
759 595 883 623 audiatur
896 595 1043 630 reprehen-

248 646 300 676 sio,
316 652 376 671 eum
400 643 531 672 adversus
553 650 601 670 sua
627 643 740 678 quisque
754 647 863 677 peccata
879 646 1043 677 pugnaturus

248 699 278 719 se
307 695 428 726 apparat.
449 690 540 725 Neque
561 689 633 716 enim
655 689 712 716 lure
730 693 865 723 tamquam
885 689 973 716 sciens
990 688 1044 714 illis

248 742 403 771 competere
414 756 421 768 ,
437 743 525 771 neque
543 740 668 770 tanquam
693 734 892 769 reprehendens
903 755 910 766 ,
931 733 1044 761 commi-

251 788 328 810 natur
341 791 348 809 :
361 783 431 817 quod
446 782 562 809 maxime
577 785 661 816 potest
671 780 819 807 auditorem
834 780 950 807 retinere
959 779 1042 807 etint-

250 828 341 863 pcdirc
351 836 384 856 nc
401 828 511 860 resiliat.
528 835 589 855 cum
603 828 689 854 oratio
705 827 779 854 illum
794 835 847 854 non
863 827 982 861 respicit,
996 826 1043 853 sed

252 875 458 902 indetcrminate
487 875 601 908 prolata,
627 874 686 908 ejus
711 872 904 900 conscientiam
931 872 1044 899 latenter

250 920 351 955 pungit.
364 919 450 946 Nolite
457 927 549 946 errare.
562 918 609 945 llic
616 918 765 945 sultindicai
774 917 903 953 quosdam
912 917 1042 950 dicentes,

248 967 320 1001 quod
330 974 399 994 nunc
406 965 480 993 multi
488 965 589 997 dicunt,
601 965 734 1000 Benignus
743 972 803 992 cum
815 965 849 991 sit
865 964 934 991 Deus
948 968 974 990 et
987 963 1043 990 cle-

250 1019 336 1045 mens,
352 1012 450 1039 delicta
467 1019 520 1038 non
537 1011 675 1038 ulciscitur
691 1019 698 1037 :
714 1018 746 1037 ne
763 1011 904 1037 timeanms
915 1017 922 1041 ;
935 1016 996 1035 nam
1010 1009 1044 1035 de

251 1058 322 1085 nulla
343 1065 373 1085 re
395 1065 410 1084 a
435 1058 543 1085 nctnine
565 1065 689 1092 umquam
705 1063 811 1091 poenam
826 1056 923 1091 exiget.
937 1056 969 1082 Et
983 1062 1045 1090 pro-

251 1110 342 1139 pterea
355 1105 429 1134 dicit.
458 1103 546 1131 Nolite
569 1112 663 1130 errare.
687 1103 769 1130 Error
783 1103 855 1130 enim
868 1107 1004 1130 extremus
1017 1106 1044 1129 et

253 1152 356 1179 fallacia
372 1157 410 1178 est
421 1172 429 1184 .
444 1160 503 1178 cum
522 1151 591 1178 bona
603 1158 706 1185 speres,
720 1150 854 1177 contraria
864 1150 1003 1184 consequi,
1017 1154 1045 1176 et

252 1199 316 1225 illud
338 1199 371 1225 de
394 1198 447 1225 Deo
468 1198 616 1232 suspicari,
639 1205 698 1232 qua:
722 1204 754 1225 ne
767 1198 802 1226 de
817 1197 924 1224 homine
937 1197 1043 1232 quidem

250 1245 391 1279 quisquam
413 1245 581 1279 cogitaverit.
604 1243 783 1277 Quamobrem
803 1244 840 1270 ait
858 1243 988 1279 propheta
1011 1251 1043 1270 ex

250 1297 364 1324 persona
381 1290 455 1325 ejus:
473 1289 631 1316 Existimasti
643 1290 810 1324 iniquitatem,
827 1289 896 1324 quod
908 1297 951 1316 ero
966 1289 1044 1316 tuiti-

251 1335 338 1362 mr'lis:
364 1343 470 1371 arguam
495 1341 518 1363 te
539 1341 562 1362 et
587 1341 696 1363 statuam
710 1340 798 1362 rontm
813 1336 903 1371 faciem
915 1340 984 1362 tuam
999 1336 1043 1362 ini-

249 1382 354 1416 quitates
379 1386 434 1408 (nas
453 1381 546 1416 (Psal.
571 1381 616 1408 49.
631 1381 676 1408 2|.
691 1382 715 1416 );
727 1387 754 1408 et
774 1381 873 1408 Paulus
887 1381 940 1412 hic,
958 1379 1045 1408 Nolite

250 1435 335 1454 errare
348 1436 356 1459 ;
378 1435 457 1462 neque
476 1427 642 1461 fornicatores
664 1428 673 1460 (
686 1435 759 1458 eum,
775 1427 820 1462 qui
834 1426 888 1461 jam
903 1427 1044 1454 damnatus

251 1473 348 1503 fuerat,
363 1473 477 1507 primum
494 1473 567 1506 ponit
580 1473 588 1507 )
600 1493 607 1503 ,
624 1481 703 1507 neque
715 1472 835 1504 adulleri,
849 1480 928 1506 neque
939 1472 1026 1498 molles
1036 1493 1043 1504 ,

251 1527 330 1553 neque
344 1519 443 1549 ebriosi,
466 1526 545 1552 neque
557 1518 674 1544 maledici
688 1526 792 1553 regnum
807 1516 856 1544 Dei
870 1518 1042 1552 possidebunt.

285 1565 380 1592 Contra
403 1565 551 1592 maledicos.
565 1579 601 1585 —
616 1564 691 1591 Multi
706 1564 776 1591 hunc
792 1564 880 1591 locum
896 1564 1043 1598 reprehen-

251 1612 359 1644 derunt,
380 1607 514 1645 tamquam
538 1610 616 1637 valde
633 1617 769 1646 asperum.
795 1611 816 1637 si
842 1610 948 1645 quidem
970 1611 1045 1645 ponit

250 1658 384 1685 ebriosum
399 1662 426 1683 et
450 1656 610 1683 maledicum
632 1663 694 1683 cum
720 1655 842 1682 adultero
856 1660 884 1682 et
903 1655 1042 1683 muliebria

252 1710 330 1738 passo
353 1707 381 1730 et
404 1702 584 1729 masculorum
610 1701 793 1728 concubitore.
809 1701 888 1736 Atqui
904 1705 956 1728 nan
970 1701 1042 1736 paria

249 1753 314 1776 sunt
330 1748 448 1779 scelera,
473 1747 608 1782 quomodo
631 1754 695 1781 ergo
720 1747 792 1781 paria
814 1746 1042 1781 supplicin?Quid

250 1802 315 1829 rrgo
328 1794 466 1822 dicemus?
480 1793 555 1827 Quod
568 1797 642 1820 certe
657 1800 709 1819 non
725 1799 805 1827 parva
822 1800 864 1820 res
879 1793 914 1820 sit
927 1793 1043 1820 ebrietas

250 1846 278 1869 et
291 1841 461 1868 maledictum
473 1849 480 1867 ι
495 1839 602 1874 quando
612 1838 720 1874 quidem
733 1838 856 1866 Christus
865 1846 926 1866 eum
936 1839 979 1874 qui
992 1839 1043 1866 l'ra-

251 1894 320 1916 trem
341 1894 417 1915 suum
433 1886 534 1914 l'atnum
546 1885 656 1912 vocavit
668 1906 676 1918 ,
688 1886 818 1920 gehennae
834 1884 952 1912 tradidit.
966 1885 1043 1920 Smpe

249 1936 322 1962 enim
335 1935 397 1961 hinc
408 1936 650 1967 morsconscquula
660 1936 701 1959 est
712 1941 718 1959 :
730 1935 758 1959 et
766 1931 920 1959 Judteormn
929 1932 1042 1966 populus

250 1989 282 2007 ex
298 1980 426 2007 ebrietate
441 1975 597 2013 gravissima
618 1977 849 2012 admisitpeceata.
865 1977 965 2004 Deinde
990 1985 1041 2004 non

251 2015 285 2054 de
292 2026 421 2062 supplicio
431 2026 474 2051 hic
484 2031 634 2051 sermonem
645 2023 734 2056 habet,
746 2023 792 2050 sed
803 2023 838 2050 de
847 2023 990 2050 amissione
998 2030 1041 2050 re-

247 2073 302 2108 gni.
310 2073 329 2099 Α
339 2079 418 2106 regno
428 2071 506 2105 igitur
513 2075 586 2097 certe
595 2069 716 2096 similiter
723 2073 751 2096 et
760 2069 803 2096 hic
811 2073 838 2095 et
847 2068 892 2096 ille
904 2069 1041 2098 excidunt:

253 2119 275 2145 si
288 2125 352 2144 \ero
367 2117 392 2143 in
407 2115 528 2150 gehenna
538 2115 653 2149 aliquam
663 2114 718 2141 sint
726 2114 842 2141 habituri
851 2113 1040 2144 diﬂ'ercntiam.

251 2171 304 2190 non
326 2166 383 2189 erat
405 2160 545 2195 przcsentis
569 2160 696 2193 tetnporis
716 2159 882 2194 disquirere;
904 2168 956 2187 non
969 2161 1040 2187 enim

242 2210 303 2236 'hoc
319 2207 483 2243 propositum
496 2206 572 2233 nobis
587 2210 637 2233 est.
650 2206 694 2232 Η.
710 2204 744 2232 Et
757 2206 810 2233 Ita'c
820 2207 923 2241 quidam
938 2207 1022 2241 fuistis
1032 2215 1042 2233 :

249 2256 293 2283 sed
304 2255 381 2282 abluti
393 2255 460 2284 ratis,
476 2252 520 2279 sed
534 2252 685 2286 sanctiﬁcati
700 2252 768 2278 estis.
781 2252 902 2286 Magnum
916 2252 1041 2287 ingerens

250 2301 378 2336 pudorem
393 2298 531 2333 suhjnnxit
541 2297 635 2324 dicens
648 2306 656 2324 :
671 2297 791 2331 Cogitate
805 2305 837 2324 ex
853 2299 963 2332 quantis
981 2306 1038 2325 ma-

249 2348 281 2374 lis
306 2353 354 2373 vos
372 2344 501 2379 eripuerit
527 2343 608 2376 Deus,
631 2349 758 2378 quantam
773 2343 849 2370 vobis
870 2343 1040 2378 benignitatis

249 2401 304 2420 sum
312 2391 456 2428 prmhucrit
465 2389 657 2425 experientiam
671 2394 698 2416 et
708 2390 962 2417 demonstrationem
973 2398 980 2422 ;
993 2397 1040 2417 ne-

248 2447 300 2475 que
313 2439 346 2466 ad
368 2439 451 2466 solam
475 2437 660 2464 liberationem
676 2436 828 2464 mercedem
844 2437 973 2468 extendit,
991 2437 1038 2464 scd

247 2487 325 2520 longe
339 2484 454 2518 ampiius
472 2482 631 2510 benelicittm
650 2482 743 2509 auxit:
760 2482 859 2509 etenim
872 2482 1000 2509 tnundutn
1011 2488 1039 2510 et

248 2539 342 2567 purum
358 2529 430 2558 fecit.
445 2529 512 2556 Num
527 2529 578 2556 hoc
602 2528 725 2556 tantum?
746 2529 928 2564 Nequaquam.
950 2529 995 2556 sed
1011 2535 1039 2557 et

246 2575 438 2608 sanctilicavit;
452 2582 538 2610 neque
549 2574 600 2602 hoc
613 2575 711 2606 soltttn,
723 2574 770 2601 sed
781 2575 861 2603 etiam
870 2574 1035 2608 justilicavil.

245 2623 326 2658 Atqui
352 2623 393 2650 vel
416 2629 429 2648 a
454 2622 569 2656 peccatis
593 2621 700 2648 liberari
720 2628 844 2655 magnmn
859 2625 900 2648 est
913 2621 1035 2648 donum:

247 2676 318 2696 nunc
331 2673 421 2695 autem
437 2672 462 2695 te
475 2667 622 2694 immmeris
635 2666 747 2700 replevit
761 2666 848 2693 bonis.
866 2667 898 2693 Et
921 2666 972 2694 hoc
995 2667 1035 2694 l'a-

243 2719 316 2742 ctum
329 2719 379 2742 est.
395 2712 427 2740 In
443 2713 545 2739 nomine
566 2711 666 2738 Domini
681 2712 760 2737 nostri
770 2711 832 2739 .lesu
849 2712 943 2739 Clu-isti
957 2720 966 2740 :
982 2721 1034 2740 non

244 2762 270 2790 in
285 2761 335 2788 hoc
345 2760 388 2787 vel
405 2760 430 2786 in
443 2759 498 2792 illo,
515 2758 561 2785 sed
584 2757 615 2783 Et
639 2758 665 2784 in
687 2757 786 2792 Spiritu
811 2758 857 2785 Dei
869 2759 958 2786 nostri.
974 2759 1035 2787 lla-c

242 2815 306 2841 ergo
320 2814 380 2834 cum
393 2806 520 2835 sciamus,
545 2803 647 2836 dilecti,
663 2808 690 2830 et
709 2804 809 2838 accepti
830 2804 951 2832 beneﬁcii
976 2813 1034 2832 ma-

243 2853 407 2889 g’iiltttlint-m
436 2851 595 2885 cngitantes,
620 2857 774 2877 maneamus
799 2854 978 2885 temperanter
994 2853 1032 2878 vi-

646 125 673 152 S.
693 123 831 153 JOANNIS
849 122 1087 151 CIIRYSOSTOSII
1109 123 1266 152 ARCHIEP.
1282 123 1550 154 CONSTANTINOP.

1839 131 1890 160 l36

1100 186 1206 211 ventes.
1233 181 1268 209 ab
1283 181 1316 209 iis
1333 179 1457 211 omnibus
1470 193 1530 220 quae
1543 191 1697 215 enumerata
1714 193 1774 216 sunt
1787 191 1889 223 mundi.

1098 230 1126 252 et
1140 227 1282 254 tribunalia
1296 227 1439 263 fugiamus,
1455 238 1514 265 qu:e
1526 236 1587 258 sunt
1603 232 1628 259 in
1642 234 1759 262 externis
1772 235 1848 269 foris,
1863 241 1891 264 et

1097 272 1261 299 nobilitatem
1282 281 1361 308 quam
1384 275 1463 303 nobis
1484 276 1555 304 Deus
1574 277 1685 313 largitus
1697 284 1740 307 est
1756 282 1890 310 cttstodia-

1097 325 1166 346 mus.
1181 318 1273 355 Cogita
1288 321 1370 351 enim.
1385 327 1493 356 quantae
1506 324 1541 351 sit
1555 324 1738 361 turpitudinis,
1761 327 1808 356 tibi
1829 329 1888 364 jura

1096 364 1231 393 dicentem
1247 367 1343 394 sedere
1355 367 1490 396 Grmcum.

1131 411 1158 438 5.
1180 411 1247 444 Quid
1263 421 1344 448 ergo.
1366 413 1470 447 inquies
1482 435 1490 447 ,
1507 415 1529 442 si
1546 416 1567 442 is
1583 417 1627 451 qui
1643 418 1715 446 intus
1727 424 1769 446 est
1790 420 1880 455 inique

1093 456 1217 492 jndicet?
1235 456 1307 490 Cur,
1320 461 1434 493 qttcho?
1449 462 1596 492 secundum
1611 470 1677 496 quas
1692 463 1766 499 leges
1787 465 1891 500 judicat

1096 501 1215 534 Grants,
1227 508 1255 529 et
1266 504 1412 531 secundum
1423 513 1489 538 quas
1501 506 1669 535 Christianus
1679 509 1691 535 ?
1700 516 1789 537 annon
1803 510 1888 544 palam

1096 553 1137 575 est
1151 547 1274 576 Cra-cum
1290 550 1436 577 secundum
1454 551 1526 585 leges
1542 552 1678 580 hominum
1688 575 1696 586 ,
1718 560 1746 582 et
1758 555 1889 583 Christia-

1098 602 1160 620 num
1183 595 1330 622 secundum
1353 596 1424 631 leges
1445 598 1510 624 Dei?
1538 598 1586 626 llic
1600 607 1665 634 ergo
1684 602 1768 636 magis
1787 602 1888 637 justitia

1097 637 1239 670 reperitur,
1252 639 1312 673 quia
1328 640 1400 675 leges
1413 648 1445 666 cx
1459 640 1525 668 casio
1541 647 1603 668 sunt
1617 642 1716 670 missrc.
1732 644 1760 671 lu
1771 645 1890 673 externis

1097 681 1168 708 enim
1183 689 1282 718 printer
1295 692 1326 712 ea
1347 693 1408 720 qum
1429 685 1500 713 dicta
1519 692 1581 714 sunt
1593 707 1600 720 ,
1614 687 1667 715 alia
1681 694 1742 716 sunt
1765 696 1889 726 suspecta

1098 729 1190 762 multa,
1201 734 1337 758 oratorum
1352 732 1391 759 vis
1402 732 1507 760 dicendi
1523 754 1530 765 ,
1543 734 1691 770 principatu
1701 738 1850 773 corruptio.
1862 745 1889 766 et

1097 773 1179 801 multa
1194 775 1245 802 alia
1259 784 1319 810 qua:
1337 777 1468 811 justitiam
1490 779 1670 808 labefactant:
1686 781 1728 809 hic
1744 790 1808 810 vero
1823 784 1888 812 nihil

1097 819 1193 847 horum
1210 826 1260 852 est,
1272 821 1340 855 Quid
1351 830 1416 857 ergo
1426 844 1434 854 .
1454 824 1558 859 inquies
1567 846 1574 857 ,
1587 825 1609 853 si
1621 827 1789 855 adversarius
1801 828 1889 864 dyna-

1097 870 1137 892 sta
1159 866 1217 893 sit?
1238 867 1270 894 Et
1291 867 1352 895 ideo
1369 870 1484 897 maxime
1505 870 1549 898 hic
1565 871 1688 905 judicare
1708 879 1814 908 oportet
1836 885 1843 903 :
1863 876 1889 904 in

1097 912 1216 939 externis
1229 914 1300 941 enim
1315 915 1359 941 ille
1378 915 1486 950 iudiciis
1506 921 1533 944 te
1554 918 1605 945 erit
1626 919 1735 947 omnino
1757 923 1888 956 superior.

1097 957 1126 985 Si
1138 964 1227 986 autem
1241 960 1285 987 ille
1299 969 1351 988 non
1372 962 1535 996 acquiescit,
1551 968 1576 991 et
1591 965 1612 991 si
1628 965 1653 992 id
1669 966 1740 1000 quod
1763 967 1835 994 intus
1850 974 1891 996 est

1095 1006 1224 1041 judicium
1239 1007 1354 1042 despicit
1367 1013 1394 1036 et
1414 1009 1488 1036 foras
1507 1010 1531 1036 vi
1553 1011 1655 1038 trahit?
1676 1012 1770 1040 Melius
1789 1018 1832 1041 e~t
1853 1015 1889 1045 id.

1097 1053 1167 1087 quod
1182 1061 1216 1081 ex
1230 1055 1391 1082 necessitate
1407 1063 1534 1090 passurus
1552 1064 1582 1084 es
1594 1078 1602 1089 ,
1618 1063 1644 1085 te
1667 1059 1792 1087 libenter»
1809 1061 1890 1088 susti-

1099 1107 1163 1126 nere
1171 1105 1195 1125 et
1206 1100 1336 1133 judicium
1351 1109 1403 1127 non
1416 1101 1517 1134 subire,
1531 1107 1560 1130 ut
1573 1107 1601 1130 et
1614 1105 1766 1133 mercedem
1781 1106 1889 1134 habeas.

1097 1144 1163 1172 Nam
1180 1144 1222 1178 Si,
1240 1146 1334 1181 inquit,
1349 1147 1406 1181 quis
1417 1147 1475 1174 uelit
1486 1152 1567 1175 tecum
1584 1150 1610 1176 in
1619 1150 1719 1184 judicio
1730 1153 1889 1185 contendere,

1098 1196 1120 1217 et
1130 1192 1241 1218 tunicam
1251 1193 1450 1228 tuamacripere,
1463 1194 1572 1222 dimittes
1582 1195 1621 1222 illi
1634 1197 1708 1223 etiam
1718 1198 1825 1232 pallium
1834 1206 1844 1230 ,'
1853 1204 1889 1232 et,

1099 1237 1141 1264 Sis
1155 1237 1287 1265 benevolus
1302 1239 1446 1266 adversario
1459 1245 1502 1267 tuo
1514 1241 1564 1267 cito
1574 1262 1580 1273 ,
1592 1241 1675 1269 donec
1694 1251 1720 1270 es
1739 1244 1766 1270 in
1779 1245 1819 1271 via
1833 1253 1890 1272 cum

1098 1285 1143 1311 illo
1156 1284 1262 1320 (Matth.
1279 1286 1306 1313 5.
1319 1286 1362 1313 40.
1375 1286 1431 1321 25).
1447 1287 1547 1322 Ecquid
1561 1295 1650 1316 nostra
1663 1289 1752 1317 dicere
1760 1299 1827 1326 opus
1837 1293 1890 1319 est?

1099 1339 1158 1358 nam
1170 1332 1219 1366 ipsi
1234 1340 1339 1367 quoque
1353 1340 1524 1360 externorum
1538 1335 1707 1363 tribunalium
1718 1339 1824 1369 patroni
1835 1338 1891 1366 hmc

1098 1378 1246 1412 sa‘pissitttc
1260 1379 1361 1411 dicunt,
1380 1380 1475 1407 melius
1490 1388 1549 1407 esse
1566 1381 1630 1408 foris
1642 1382 1701 1409 lites
1716 1390 1888 1418 componere.

1136 1425 1305 1452 l’ecuniarum
1324 1434 1397 1452 amor
1411 1427 1495 1453 ontnia
1508 1428 1637 1455 subvertit.
1651 1428 1750 1456 --Sed
1759 1449 1766 1462 ,
1779 1437 1797 1456 ο
1813 1437 1891 1464 pecu-

1099 1471 1170 1498 nias!
1188 1472 1241 1498 imo
1257 1473 1354 1506 potius.
1370 1479 1386 1498 ο
1400 1473 1544 1500 absurdum
1559 1474 1733 1508 pecuniarum
1747 1483 1868 1504 amorem
1882 1478 1889 1504 l

1097 1516 1142 1550 qui
1164 1516 1252 1543 omnia
1270 1517 1402 1545 subvertit
1422 1523 1449 1545 et
1463 1518 1580 1552 dejecit;
1597 1527 1728 1555 nugchue
1743 1526 1771 1548 et
1792 1522 1888 1550 fabula:

1098 1561 1190 1588 multis
1203 1567 1265 1588 sunt
1286 1563 1374 1589 omnia
1392 1569 1500 1598 propter
1514 1564 1649 1598 pecunias.
1665 1565 1697 1593 Et
1710 1566 1779 1600 qttod
1797 1567 1830 1599 ii,
1845 1569 1889 1603 qui

1097 1607 1270 1634 siccularibus
1283 1608 1334 1634 sint
1343 1608 1452 1640 addicti,
1469 1610 1493 1636 in
1508 1610 1685 1639 tribunalibus
1697 1611 1756 1639 lites
1767 1620 1888 1640 commo-

1097 1658 1185 1684 veant,
1199 1654 1263 1681 nihil
1276 1655 1371 1681 mirum
1384 1663 1392 1687 ;
1406 1655 1477 1689 quod
1488 1659 1576 1682 autem
1591 1656 1666 1683 multi
1677 1665 1710 1684 cx
1726 1657 1769 1690 iis,
1779 1659 1822 1694 qui
1837 1668 1888 1686 sre-

1096 1700 1158 1726 culo
1171 1700 1393 1727 ahrenuntiarunt
1406 1721 1413 1731 ,
1428 1701 1522 1728 eadem
1537 1701 1593 1735 ipsa
1610 1701 1706 1729 iaciant
1718 1724 1725 1736 ,
1742 1705 1793 1731 hoc
1815 1711 1889 1732 certe

1096 1751 1136 1773 est
1150 1751 1225 1772 extra
1240 1746 1344 1773 veniam
1356 1754 1473 1773 omnem.
1489 1746 1554 1773 Nam
1570 1747 1592 1774 si
1606 1748 1645 1774 vis
1657 1749 1748 1776 videre
1760 1756 1888 1784 quantum

1097 1796 1123 1818 te
1134 1792 1230 1819 abesse
1244 1793 1279 1819 ab
1290 1792 1340 1819 hoc
1354 1800 1412 1825 usu,
1431 1794 1716 1828 nentpe-tribunalimn,
1734 1799 1889 1832 przrecperit

1096 1836 1231 1871 Scriptura
1244 1858 1251 1870 ,
1265 1843 1292 1864 et
1305 1837 1411 1865 discere
1426 1839 1584 1873 quibusnam
1605 1840 1686 1875 leges
1705 1842 1799 1876 positae
1813 1843 1867 1870 sint
1879 1865 1886 1876 ,

1095 1883 1156 1910 audi
1172 1883 1234 1917 quid
1247 1883 1318 1911 dicat
1333 1884 1429 1911 Paulus
1445 1894 1451 1910 :
1466 1885 1539 1911 Juxta
1550 1886 1591 1912 lea:
1611 1895 1662 1914 non
1681 1893 1716 1914 est
1730 1889 1823 1923 posita,
1844 1890 1888 1916 sed

1095 1928 1196 1963 injustis
1207 1934 1229 1955 et
1240 1937 1290 1956 non
1305 1930 1432 1966 subditis(
1447 1932 1470 1958 l.
1485 1931 1551 1958 Tim.
1569 1933 1594 1958 l.
1607 1933 1653 1967 9).
1668 1933 1744 1966 Quod
1758 1935 1780 1961 si
1795 1935 1840 1963 ille
1853 1936 1888 1964 de

1096 1973 1208 2001 Mosaica
1231 1974 1280 2002 huc
1294 1974 1374 2008 dicit,
1389 1976 1472 2002 tnulto
1486 1977 1570 2012 magis
1582 1977 1618 2004 de
1639 1979 1757 2006 externis
1772 1980 1885 2015 legibus.

1095 2018 1122 2045 Si
1136 2027 1201 2054 ergo
1217 2019 1340 2054 injuriam
1359 2020 1455 2048 ieceris
1467 2042 1475 2054 ,
1493 2023 1579 2056 palam
1595 2027 1636 2050 cst
1653 2027 1679 2050 te
1699 2032 1752 2051 non
1772 2033 1833 2053 esse
1843 2026 1887 2061 ju-

1095 2069 1182 2096 stum;
1207 2065 1228 2091 si
1251 2070 1339 2092 autent
1360 2066 1454 2100 injuria
1469 2066 1594 2095 alliciaris
1608 2073 1633 2095 et
1647 2067 1716 2096 feras
1732 2069 1802 2106 (hoc
1813 2072 1885 2099 enim

1096 2112 1212 2138 maxime
1224 2112 1289 2145 justi
1301 2117 1341 2139 est
1353 2113 1362 2147 )
1372 2133 1378 2143 ,
1392 2120 1445 2139 non
1462 2120 1529 2148 opus
1543 2113 1626 2141 habes
1639 2117 1758 2143 externis
1772 2117 1882 2152 legibus.

1096 2158 1128 2185 Et
1140 2159 1284 2193 quomodo,
1295 2159 1410 2192 inquies,
1424 2159 1518 2192 injuria
1530 2159 1610 2186 liesus
1625 2159 1694 2188 ferre
1710 2163 1824 2196 potero?
1837 2164 1886 2191 At-

1095 2205 1139 2240 qui
1160 2204 1283 2231 Christus
1307 2204 1406 2239 aliquid
1426 2205 1506 2232 etiam
1533 2206 1647 2240 amplius
1671 2208 1807 2242 prmcepit.
1827 2209 1885 2236 Non

1094 2252 1174 2278 modo
1192 2251 1263 2279 enirn
1288 2251 1381 2286 injuria
1410 2253 1501 2279 l:csum
1527 2253 1596 2281 ferre
1611 2254 1689 2288 jussit
1704 2276 1710 2287 ,
1732 2256 1778 2283 sed
1803 2257 1886 2284 etiam

1094 2297 1193 2324 alii-lim
1206 2304 1317 2332 erogare
1330 2298 1353 2324 ci
1367 2298 1410 2332 qui
1423 2299 1484 2325 facit
1499 2298 1634 2332 injuriam,
1646 2305 1673 2326 ct
1688 2300 1805 2334 patiendi
1817 2301 1885 2329 affe-

1094 2348 1138 2370 ctu
1153 2348 1180 2370 et
1199 2344 1289 2371 animo
1303 2351 1430 2379 superare
1451 2345 1624 2379 cupiditatem
1646 2347 1715 2373 mala
1731 2346 1884 2375 inferentis.

1093 2389 1151 2417 Non
1163 2390 1234 2417 enim
1244 2390 1323 2423 dixit,
1341 2391 1370 2418 Ei
1381 2391 1427 2426 qui
1437 2392 1500 2418 velit
1514 2396 1600 2418 tecum
1617 2392 1642 2419 in
1653 2392 1755 2427 judicio
1769 2399 1884 2421 conten-

1093 2436 1158 2463 dere
1169 2442 1197 2464 et
1208 2437 1324 2464 tunicam
1340 2442 1410 2464 tuam
1427 2437 1531 2465 auferre
1541 2459 1550 2470 ,
1564 2439 1668 2466 dimitte
1684 2439 1800 2467 tunicam
1814 2448 1822 2472 ;
1836 2439 1884 2468 sed

1092 2490 1152 2509 cuin
1170 2483 1212 2509 illa
1232 2487 1260 2510 et
1279 2483 1386 2517 pallium
1399 2483 1472 2510 dato.
1489 2483 1572 2511 Vince
1585 2484 1659 2511 illum
1671 2505 1678 2514 .
1693 2485 1775 2519 inquit
1789 2505 1797 2517 ,
1814 2485 1884 2512 male

1092 2529 1216 2563 patiendo
1228 2549 1235 2559 .
1252 2537 1304 2555 non
1326 2529 1394 2556 male
1408 2529 1530 2557 faciendo
1545 2539 1552 2557 :
1565 2530 1622 2557 hare
1635 2536 1673 2558 est
1687 2531 1758 2558 enim
1771 2532 1844 2559 clara
1854 2535 1883 2559 et

1091 2576 1231 2610 splendida
1256 2576 1377 2603 victoria.
1414 2576 1528 2612 Ideoque
1553 2584 1644 2612 postea
1668 2578 1732 2606 dicit
1759 2578 1879 2606 Paulus:

1090 2621 1150 2647 Jam
1161 2622 1226 2648 enim
1239 2622 1356 2648 delictum
1371 2627 1406 2649 est
1418 2624 1486 2650 vobis
1495 2644 1502 2656 ,
1517 2623 1585 2657 quod
1593 2624 1693 2658 judiria
1705 2625 1802 2651 [iubetis
1817 2626 1885 2652 inter

1090 2675 1133 2694 vos
1148 2672 1190 2694 :et
1202 2675 1248 2694 cur
1262 2676 1312 2694 non
1326 2669 1409 2702 potius
1428 2668 1550 2703 injurittm
1563 2669 1701 2703 accipitis?
1719 2669 1795 2702 Quod
1809 2671 1881 2697 enim

1090 2713 1113 2740 is
1123 2714 1166 2748 qui
1184 2713 1278 2747 injuria
1291 2713 1416 2746 afﬁcitur,
1433 2715 1516 2749 magis
1537 2714 1633 2746 vincat,
1649 2722 1729 2750 quam
1744 2716 1766 2741 is
1781 2716 1826 2750 qui
1842 2716 1882 2741 in-

1087 2758 1185 2793 juriam
1200 2766 1252 2785 non
1269 2758 1330 2791 fert,
1344 2759 1394 2786 hoc
1409 2759 1483 2786 vobis
1494 2760 1581 2795 palam
1592 2760 1694 2787 faciam.
1712 2760 1825 2788 Etiamsi
1836 2761 1881 2796 qui

1089 2804 1213 2839 injuriam
1229 2812 1281 2832 non
1298 2805 1347 2832 fert
1361 2805 1387 2832 in
1398 2805 1527 2840 judicium
1538 2806 1658 2839 traxerit,
1675 2807 1780 2835 etiamsi
1796 2815 1879 2842 supe-

1089 2853 1165 2883 rarit,
1195 2857 1257 2879 ttmc
1279 2853 1395 2880 maxime
1419 2854 1541 2880 rint-itur.
1568 2853 1642 2887 Quod
1665 2854 1736 2880 enim
1762 2854 1880 2887 nolebat,
