2041 3111
216 140 267 167 159

216 201 325 226 mittunt
347 199 391 231 iis,
417 199 462 235 qtti
487 203 676 234 peccaverunt,
701 198 887 226 remissionem
910 205 1006 225 conse-

211 251 331 280 quuntur
343 255 349 278 ;
363 246 406 280 qui
420 254 471 273 non
488 245 567 272 ntodo
579 245 735 277 remittunt,
749 244 797 271 sed
820 244 885 278 ipsis
899 243 1005 271 abunde

217 292 366 328 largiuntur
376 314 383 323 ,
398 301 475 327 quant
492 300 543 319 non
557 296 757 326 consequentur
771 291 983 318 benedictionem
995 291 1007 317 ?

214 339 253 366 Ne
276 340 365 374 itaqu:
392 339 488 373 pusillo
502 339 592 365 attimo
611 338 681 365 feras
694 359 702 370 ,
725 337 772 365 sed
787 339 867 364 etiam
896 345 1007 372 precare

213 393 263 419 pro
276 394 309 412 eo
322 386 367 420 qui
384 390 409 412 te
421 385 499 412 lu-sit.
514 385 642 411 Pecunias
657 388 716 410 tnas
729 383 852 418 accepit?
864 383 911 410 sed
925 383 1006 410 etiam

213 437 333 467 peceata,
350 437 377 459 ttt
393 432 418 458 in
434 431 570 458 Nccmano
583 435 609 458 et
622 431 694 458 Giezi
710 430 816 458 accidit.
831 431 949 464 Quantas
963 438 1008 464 pe-

213 478 304 505 cunias
318 485 370 504 non
380 477 445 504 dare
457 477 598 509 voluisses,
612 482 641 504 ut
655 481 763 512 peccata
780 477 826 504 tibi
838 477 1008 504 remitteren-

213 523 279 550 tur?
293 523 348 550 lloc
364 523 453 558 itaque
467 530 537 550 nunc
546 523 627 550 etiam
639 531 688 550 usu
699 523 771 550 venit
786 532 792 549 :
808 523 830 549 si
844 523 916 550 enint
930 530 1008 558 gene-

212 577 273 596 rose
296 569 376 601 I'eras,
399 577 449 597 ttec
470 569 624 601 maledicas.
651 569 791 604 splendida
818 570 958 596 redimilns
977 577 1007 596 es

211 622 320 642 corona.
341 615 399 642 Non
414 623 490 642 meus
510 620 551 643 est
564 624 654 643 sermo
666 636 673 648 .
689 616 735 643 sed
758 616 856 643 audisti
870 616 1006 643 Christum

211 661 345 688 dicentem
371 669 377 688 :
402 660 482 688 Orate
500 670 546 697 pra
567 661 598 689 iis
618 662 661 697 qui
675 662 743 688 vobis
758 663 898 689 molestiam
911 667 1006 689 creant.

211 707 245 735 Et
255 708 341 742 cogita
356 713 483 743 quantum
503 709 538 736 sit
552 710 690 743 prtentium
703 730 710 742 ,
727 708 762 736 Ut
771 709 827 735 sitis
839 709 934 736 similes
952 709 1005 736 Pa-

197 600 202 618 l

603 143 631 171 S.
652 142 788 171 JOANNIS
806 141 1040 170 CIIIiYSOSTOMl
1061 142 1217 170 ARCIIIEI‘.
1238 145 1500 175 CONSTANTLVOI'.

1803 149 1814 175 ‘I
1820 150 1854 178 40

1061 200 1106 226 tris
1118 201 1192 226 vestri
1204 201 1248 234 qui
1262 206 1297 228 est
1314 201 1339 227 in
1363 202 1424 228 ιιι-(ο
1442 201 1552 237 (Matt/1.
1572 203 1599 230 5.
1624 205 1667 232 45.
1683 206 1746 241 ιο).
1763 207 1854 242 Itaque

1065 245 1139 272 nullo
1161 246 1279 280 privatus
1291 254 1320 273 es
1331 267 1337 277 .
1359 247 1406 273 sed
1428 247 1508 274 etiam
1523 249 1651 284 accepisti
1665 258 1673 282 ;
1691 259 1742 278 non
1757 252 1856 286 injuria

1060 291 1183 324 affectus,
1200 292 1247 319 sed
1262 298 1409 320 eoronatus
1423 301 1464 326 es,
1479 295 1569 321 anittto
1583 297 1666 332 magis
1678 297 1853 334 philosophus

1060 337 1170 365 effectus
1186 338 1294 373 Deoque
1309 339 1405 366 similis
1416 360 1422 371 ,
1439 341 1610 374 pecuniarum
1624 350 1688 370 cura
1705 344 1833 372 liberatus
1847 364 1855 376 ,

1061 392 1174 419 regnum
1189 385 1316 412 ett-lorum
1331 391 1503 421 assequutus.
1519 388 1581 415 llmc
1595 389 1684 424 itaque
1698 391 1787 418 omnia
1801 399 1849 418 no-

1061 431 1163 457 biscum
1179 436 1342 465 reputantes,
1358 431 1383 458 in
1397 431 1502 467 injuriis
1511 433 1741 469 philosophentur,
1753 436 1854 469 dilecti,

1061 484 1088 504 ut
1104 481 1130 504 et
1145 485 1159 504 a
1181 478 1320 511 praesentis
1336 478 1397 505 vita:
1419 479 1621 513 perturbatione
1640 481 1785 510 liberemur
1797 504 1805 514 .
1828 489 1853 510 ct

1061 523 1180 550 inutilem
1197 531 1340 550 mteroretn
1354 523 1511 558 abjiciamus
1523 546 1529 557 ,
1546 525 1716 561 futurumque
1731 528 1854 563 gaudium

1061 577 1276 604 consequamur.
1298 570 1382 604 gratia
1406 575 1432 598 et
1458 571 1621 607 benignitate
1646 573 1749 601 Domini
1771 574 1854 602 nostri

1061 615 1123 642 Iesu
1138 615 1248 647 Christi,
1264 617 1370 650 quicum
1386 617 1457 644 I‘atri
1470 622 1496 644 et
1509 626 1559 644 tttta
1569 617 1678 653 Spiritui
1688 625 1782 648 sancto
1793 621 1854 655 glo-

1062 662 1111 693 ria,
1129 661 1280 695 intperium,
1298 663 1394 695 honor,
1417 670 1486 690 nunc
1500 668 1527 690 et
1542 671 1659 699 semper,
1675 669 1702 692 et
1715 665 1743 692 itt
1758 667 1855 693 saecula

1065 709 1237 737 swcnlorunt.
1253 710 1349 736 Amen.

878 812 1050 843 HOMILIA
1071 813 1173 843 XVII.

211 887 267 915 Car
303 887 327 913 6.
352 894 376 912 v.
395 886 436 913 I2.
462 884 556 912 Omnia
577 885 638 912 milii
664 886 757 917 licent,
779 886 823 912 sed
844 894 894 912 non
922 886 1006 911 omnia

246 933 380 967 expediunt
396 940 404 958 :
417 932 502 958 omnia
515 931 576 958 milii
608 932 701 964 licent,
716 932 760 958 sed
775 940 820 966 ego
846 932 890 958 sub
913 931 1008 958 nullius

247 979 348 1014 redigar
362 982 495 1011 potestate.

249 1026 275 1052 1.
291 1025 435 1052 Ilelluones
460 1024 502 1051 hic
516 1023 680 1051 subindicat.
696 1024 761 1057 Quia
784 1024 855 1051 enim
871 1031 963 1050 rursus
976 1023 1008 1050 ad

213 1071 402 1098 fornicatorem
415 1075 457 1097 est
472 1069 617 1102 rediturus,
634 1069 776 1096 fornicatio
797 1075 886 1096 attteut
907 1076 939 1096 ex
962 1069 1009 1096 de-

213 1117 284 1144 liciis
296 1121 322 1144 et
338 1116 520 1144 immoderato
534 1115 595 1144 cibo
608 1116 709 1148 oritur,
726 1116 901 1143 vehementer
913 1116 1006 1143 vitium

213 1163 279 1191 illud
292 1162 414 1197 castigat.
437 1161 529 1196 Neque
543 1161 615 1189 enint
637 1163 671 1188 de
685 1161 828 1196 prohibitis
843 1161 899 1188 hate
923 1161 989 1188 dicit
1002 1170 1008 1193 ;

221 1209 266 1236 illa
282 1217 396 1244 namque
410 1216 461 1234 tton
477 1207 578 1240 licent;
594 1207 641 1235 sed
656 1206 690 1234 de
714 1207 746 1234 ἰίς
761 1215 820 1242 qum
834 1207 1010 1234 indifferentia

214 1261 274 1282 esse
288 1255 420 1282 videnlur.
438 1253 557 1287 Exempli
569 1260 648 1280 causa
665 1262 671 1280 :
685 1253 747 1280 licet
760 1274 767 1284 ,
795 1253 897 1287 inquit,
922 1261 1011 1280 come-

214 1302 279 1328 dere
294 1305 321 1327 et
337 1300 446 1330 bibere:
471 1299 517 1326 sed
530 1307 590 1326 cunt
615 1298 692 1332 copia
716 1298 797 1325 nimia
815 1307 866 1325 non
891 1299 1010 1332 expedit.

214 1346 344 1380 Quodque
357 1346 454 1372 tnirttm
480 1345 746 1379 inexspectatnmque
761 1348 820 1376 est,
836 1345 906 1379 quod
923 1349 1011 1370 tamen

217 1392 306 1418 facere
313 1399 384 1425 satpe
393 1391 461 1418 solet
471 1391 496 1417 itt
504 1390 668 1417 contrarium
675 1395 838 1417 convertens
850 1397 895 1415 ora
901 1395 906 1415 ι
912 1389 1010 1420 iont-nt,

218 1436 262 1464 hic
273 1444 381 1471 quoque
396 1435 458 1462 illttd
474 1436 647 1469 exsequitur,
661 1439 688 1461 et
699 1435 815 1461 ostendit
825 1434 893 1469 qttod
905 1435 929 1460 itt
940 1440 1015 1469 pote-

216 1486 287 1509 state
301 1482 405 1514 facere,
422 1489 474 1508 non
495 1482 581 1507 solum
604 1489 656 1506 non
679 1480 816 1514 expediat.
833 1480 879 1506 sed
902 1487 950 1507 nec
965 1487 1012 1514 po-

219 1527 324 1556 testatis
352 1527 460 1562 quidem
485 1527 543 1560 sit,
578 1534 670 1554 verum
694 1526 842 1554 servitutis.
869 1526 901 1553 Et
928 1526 1014 1560 printo

218 1573 327 1607 quidem
342 1573 440 1600 avertit
454 1572 487 1599 ab
500 1580 533 1600 eo
544 1593 551 1604 ,
567 1572 637 1606 qttod
666 1580 718 1599 non
745 1571 869 1606 expediat
880 1592 887 1604 ,
900 1571 1013 1599 dicens:

221 1618 283 1645 Non
298 1619 436 1653 expediunt
447 1627 458 1651 ,-
469 1618 588 1645 secundo
602 1623 690 1644 autent
705 1625 719 1644 a
741 1617 878 1645 contrario
889 1638 896 1649 ,
912 1617 1014 1649 dicens.

219 1664 278 1700 Ego
308 1664 354 1691 sub
380 1665 477 1690 nullius
507 1664 608 1699 redigar
630 1668 759 1697 potestate.
776 1663 831 1690 lloc
852 1669 941 1690 autent
964 1664 1014 1690 sibi

222 1711 280 1737 vult
295 1719 301 1735 :
316 1710 402 1737 Penes
418 1715 443 1737 te
472 1714 510 1737 cst
540 1710 718 1741 manducare,
741 1710 842 1745 inquit:
856 1718 919 1745 ergo
938 1718 1015 1738 mane

222 1756 249 1783 in
266 1756 310 1784 illa
327 1761 459 1790 potestate
472 1777 479 1789 ,
495 1760 522 1783 et
545 1763 611 1782 cave
638 1763 672 1782 tte
697 1755 774 1790 hujus
788 1755 898 1783 ali'ectns
923 1763 1016 1783 sI-t-vns

224 1802 362 1829 eilieiaris.
385 1801 451 1828 Nam
479 1801 522 1836 qtti
548 1805 576 1827 ιιι
601 1801 726 1828 convertit
751 1801 798 1827 illo
822 1801 923 1832 utitur,
947 1801 1016 1828 illius

223 1848 349 1875 dominus
373 1852 431 1878 est;
455 1847 500 1881 qui
526 1853 615 1874 autem
637 1854 790 1873 mensuram
814 1847 936 1875 excedit.
963 1855 1015 1873 non

223 1895 292 1921 ultra
305 1893 429 1920 dominus
445 1897 505 1924 est,
520 1892 567 1919 sed
581 1900 674 1919 servus
688 1893 746 1924 eius
768 1894 883 1919 etlicitur
893 1914 900 1923 ,
915 1893 974 1927 gula
990 1894 1016 1919 itt

224 1939 282 1974 ipso
302 1938 469 1974 tyrannidem
495 1942 656 1974 exercente.
672 1938 764 1965 Viden’
786 1938 921 1972 qttotttodo
934 1947 1013 1970 eum,

223 1985 268 2019 qui
283 1992 313 2012 se
327 1988 485 2018 potestatem
501 1984 600 2011 habere
614 1984 734 2018 putabat,
748 1984 797 2011 sub
812 1989 942 2018 potestate
956 1993 1016 2012 esse

225 2030 366 2058 ostendat?
376 2029 450 2058 Solet
462 2030 534 2057 enim
549 2030 647 2057 Paulos
663 2030 713 2057 ltoc
727 2031 826 2062 facere,
841 2037 869 2057 ιιι
881 2031 935 2065 jam
950 2031 1014 2062 dixi,

225 2078 252 2104 itt
266 2077 429 2104 contrarium
444 2076 609 2111 objectiones
634 2081 738 2103 vertere
755 2086 760 2103 :
776 2076 847 2111 quod
872 2077 914 2104 ltic
936 2078 1016 2104 etiam

224 2124 296 2151 fecit.
312 2123 501 2150 Animadverte
516 2127 604 2149 atttetn
621 2131 627 2149 :
645 2123 757 2157 quisque
777 2131 870 2149 eorttttt
894 2123 1016 2155 dicebat,

226 2170 300 2197 Licet
315 2170 378 2196 tnilti
393 2169 512 2196 deliciari
530 2178 535 2195 :
553 2169 597 2196 ille
613 2176 676 2195 vero
691 2168 765 2201 dicit,
781 2169 838 2196 Non
864 2169 915 2196 hoc
935 2174 962 2195 ιιι
982 2170 1016 2197 ita

225 2216 292 2243 facis
306 2219 335 2242 ιιι
347 2215 390 2250 qui
415 2215 440 2240 id
455 2215 552 2241 habeas
573 2214 598 2240 itt
623 2219 753 2248 potestate
766 2235 773 2245 .
795 2215 841 2242 sed
870 2219 898 2241 ut
921 2215 965 2249 qui
982 2215 1018 2241 sis

225 2261 283 2296 ip~e
298 2260 421 2287 redactus
434 2260 483 2286 sub
498 2261 566 2286 hanc
581 2264 747 2293 potestatem.
763 2259 854 2294 Neque
867 2260 937 2286 ettim
953 2268 1017 2287 ven-

226 2308 275 2335 tt'is
289 2311 446 2341 potestatem
463 2306 545 2332 habes
559 2327 565 2337 ,
582 2307 708 2340 quamdiu
731 2306 813 2333 fueris
837 2307 922 2333 ventri
939 2298 1018 2333 nimis

226 2352 376 2387 indulgens,
393 2352 439 2379 sed
455 2352 510 2386 ipse
526 2358 551 2379 te
563 2352 588 2378 itt
603 2357 735 2386 potestate
750 2352 839 2380 habet.
858 2353 913 2380 lloc
926 2359 1015 2381 autem

227 2400 261 2426 de
275 2398 396 2433 pecuniis
409 2399 488 2425 etiant
512 2398 599 2432 deque
619 2398 677 2425 aliis
699 2399 749 2426 dici
771 2404 868 2434 potest.
885 2400 929 2427 t5.
947 2400 1018 2426 Eme

227 2445 318 2471 uentri.
335 2443 460 2471 Ventrem
489 2443 531 2470 hic
554 2452 606 2470 nott
633 2449 772 2477 ventrem,
800 2445 847 2472 sed
873 2445 1018 2480 ingluviem

228 2495 306 2517 vocat
333 2499 340 2517 :
364 2495 394 2518 ut
414 2498 475 2517 cttm
502 2490 566 2517 dicit
595 2499 601 2516 :
631 2490 744 2524 Quorum
770 2491 832 2518 deus
858 2497 941 2518 uenter
982 2498 1017 2517 est

227 2537 357 2572 (Philipp.
372 2537 399 2564 5.
411 2537 473 2570 I9);
489 2543 541 2563 non
556 2536 588 2563 de
603 2536 653 2563 hoc
676 2537 798 2563 membro
819 2537 932 2571 loquens
942 2557 950 2568 ,
971 2537 1017 2563 sed

226 2583 260 2610 de
274 2583 428 2610 voracitate.
442 2582 519 2616 Quod
533 2583 603 2609 enim
618 2583 653 2609 ita
667 2583 713 2616 sit,
729 2582 791 2609 andi
805 2582 944 2616 sequentia
961 2591 967 2608 :
985 2582 1018 2608 Et

225 2634 310 2656 venter
322 2629 385 2655 escis
407 2637 416 2655 :
431 2637 522 2662 corpus
543 2632 628 2655 autem
641 2636 691 2655 non
717 2627 890 2663 fornicationi,
906 2628 950 2654 sed
964 2627 1018 2654 Do-

226 2675 306 2701 tm'no.
325 2674 404 2709 Atqui
431 2678 527 2701 venter
546 2681 653 2708 quoque
672 2678 713 2700 est
737 2680 846 2708 corpus.
869 2673 921 2701 Sed
948 2674 1017 2701 duas

228 2720 317 2755 posuit
329 2720 541 2754 coniunctiones.
556 2726 633 2746 escas
645 2723 673 2746 et
687 2719 829 2754 ingluviem
843 2740 850 2752 ,
865 2728 947 2754 quant
960 2721 1019 2756 qui-

226 2767 287 2793 dem
302 2771 422 2793 ventrem
438 2765 552 2797 vocavit,
568 2764 705 2792 Christum
718 2769 745 2792 et
757 2771 867 2799 corpus.
881 2766 950 2799 Quid
964 2766 1016 2793 sibi

227 2813 282 2840 vult
296 2813 370 2844 illud,
385 2811 458 2838 Εεεω
472 2812 552 2838 ventri
565 2811 578 2838 .’
592 2810 678 2843 Escte,
696 2811 791 2847 inquit,
803 2812 949 2839 amicitiam
965 2812 1014 2839 ha-

227 2859 290 2887 bent
305 2866 366 2886 cum
381 2857 514 2892 ingluvie,
530 2862 557 2886 et
581 2858 638 2885 ltmc
649 2865 709 2886 cunt
737 2861 839 2887 ventre.
856 2858 912 2888 Non
928 2864 1016 2894 liOltjsl

1061 893 1125 920 ergo
1138 885 1171 912 ad
1185 885 1319 912 Christum
1335 894 1383 914 nos
1397 886 1507 919 ducere,
1519 886 1565 914 sed
1574 887 1607 914 ad
1617 887 1673 915 ita-c
1687 887 1776 915 trahit.
1786 888 1854 917 Gra-

1062 932 1102 958 vis
1115 932 1187 958 enim
1201 936 1228 958 et
1245 932 1361 959 bellttitta
1383 938 1423 960 est
1447 933 1537 968 passio
1550 941 1695 968 servosque
1710 934 1814 966 reddit.
1828 938 1856 962 et

1063 981 1092 1003 ιιι
1105 977 1153 1003 sibi
1178 977 1309 1004 serviatur
1333 978 1491 1005 eiticit.Cur
1515 986 1580 1013 ergo
1602 979 1719 1006 alimettti
1748 979 1853 1010 inhias.

1062 1031 1079 1050 o
1094 1024 1195 1051 homo7
1207 1024 1280 1051 Illius
1295 1033 1410 1059 namque
1433 1024 1575 1052 ministerii
1589 1025 1649 1052 talis
1675 1029 1713 1052 est
1738 1024 1815 1056 linis.
1828 1030 1856 1052 et

1064 1070 1128 1097 nihil
1142 1070 1256 1105 amplius
1268 1071 1422 1103 exhibebit;
1438 1070 1484 1097 sed
1499 1075 1634 1105 tamquam
1648 1071 1726 1097 alicui
1741 1070 1856 1097 dominre

1065 1116 1228 1148 ministrans,
1244 1121 1332 1143 tnanet
1347 1115 1416 1142 hanc
1430 1115 1550 1143 retinens
1565 1116 1722 1143 servitutem
1736 1136 1744 1148 ,
1770 1123 1857 1150 neque

1065 1162 1175 1188 ulterius
1189 1161 1327 1196 procedit;
1344 1161 1500 1196 nullumque
1514 1160 1584 1188 aliud
1600 1169 1666 1196 optts
1692 1160 1774 1188 habet
1784 1181 1791 1192 ,
1807 1161 1854 1188 sed

1065 1207 1115 1234 hoc
1123 1208 1201 1235 inane
1212 1207 1400 1234 ministerium.
1413 1207 1446 1234 Et
1460 1207 1538 1234 ambo
1550 1212 1641 1234 mutuo
1648 1211 1855 1240 connectuntur,

1065 1259 1092 1282 et
1102 1254 1181 1281 simul
1196 1253 1379 1280 dissolvuntur
1397 1258 1489 1280 venter
1502 1261 1562 1280 cttm
1577 1253 1655 1284 escis,
1671 1258 1697 1280 et
1711 1261 1780 1280 esca:
1795 1261 1856 1280 cum

1065 1305 1170 1331 ventre,
1182 1306 1289 1326 cursntn
1302 1298 1443 1333 qttemdam
1456 1298 1500 1333 qui
1510 1306 1652 1334 numquam
1668 1299 1757 1325 linitur
1771 1298 1856 1326 invol-

1066 1349 1170 1376 ventes,
1179 1351 1211 1371 ac
1224 1344 1246 1370 SI
1260 1352 1275 1370 1|
1287 1349 1415 1378 εοι-Γιιιιιο
1424 1352 1539 1378 corpore
1553 1349 1695 1371 nascantur
1706 1351 1819 1375 vermes,
1830 1349 1857 1370 Ρῑ

1066 1397 1158 1417 rursus
1170 1397 1184 1416 ιι
1194 1389 1328 1416 verntibus
1335 1397 1432 1424 corpus
1438 1395 1626 1421 consumatur;
1637 1390 1678 1416 vei
1686 1390 1857 1424 ιιιιι-ιιιτιόηιιι.

1066 1436 1129 1463 dttttt
1145 1436 1166 1462 si
1179 1436 1273 1462 fluctus
1287 1435 1312 1462 itt
1326 1442 1459 1462 sumntum
1469 1435 1590 1462 sublatus
1604 1435 1776 1467 dissoltatur,
1792 1435 1856 1462 nihil

1068 1481 1135 1508 ultra
1144 1480 1224 1508 efticit
1231 1501 1237 1507 .
1246 1480 1308 1507 Haec
1315 1488 1394 1514 porro
1401 1489 1453 1507 ttott
1461 1480 1492 1507 de
1500 1488 1561 1507 esca
1570 1480 1636 1508 etde
1650 1488 1764 1514 corpore
1777 1480 1856 1512 dicit;

1068 1527 1114 1554 sed
1127 1527 1197 1562 gulte
1207 1527 1301 1554 vilium
1323 1532 1350 1554 et
1364 1527 1452 1554 cibum
1468 1527 1674 1554 immoderatum
1690 1527 1813 1560 traducit,
1830 1532 1860 1554 ut

1067 1573 1208 1608 sequentia
1221 1565 1365 1600 ostendunt
1380 1581 1386 1599 :
1399 1572 1535 1607 subiungit
1547 1573 1618 1599 enim
1632 1582 1638 1600 :
1655 1572 1723 1599 Deus
1734 1578 1817 1599 autem
1830 1578 1855 1600 et

1069 1620 1136 1646 hunc
1148 1624 1172 1646 et
1185 1620 1238 1645 luet:
1253 1619 1373 1645 destruet.
1388 1617 1446 1645 Non
1470 1622 1591 1645 ventrem
1606 1618 1687 1649 dicit,
1702 1617 1748 1645 sed
1765 1618 1860 1645 imnto—

1069 1665 1188 1692 deratam
1202 1664 1445 1698 concupiscentiattt
1461 1672 1468 1690 :
1484 1671 1536 1690 non
1552 1670 1640 1690 escam
1654 1684 1661 1696 ,
1677 1663 1723 1690 sed
1738 1663 1858 1691 delicias.

1069 1710 1160 1744 Neque
1174 1710 1245 1736 enim
1260 1709 1331 1736 illaut
1346 1717 1417 1743 ψει-ε
1430 1709 1498 1741 fert,
1514 1709 1560 1736 sed
1586 1709 1619 1736 de
1642 1709 1693 1735 illis
1707 1710 1789 1743 legem
1803 1713 1860 1735 sta-

1071 1756 1120 1782 tttit
1131 1756 1170 1783 sic
1184 1756 1296 1790 loquens
1310 1764 1318 1782 :
1336 1755 1461 1782 (labentes
1477 1756 1599 1782 alimenta
1612 1761 1635 1782 et
1651 1761 1805 1790 tegumenta,
1822 1756 1861 1783 Itis

1070 1802 1179 1828 contenti
1198 1810 1284 1829 sumus
1300 1801 1339 1836 (Ι.
1352 1801 1420 1828 Tim.
1435 1801 1461 1828 6.
1475 1801 1520 1836 8);
1537 1801 1583 1828 sed
1601 1801 1650 1828 hac
1673 1801 1777 1828 ratione
1803 1809 1859 1827 rettt

1072 1847 1215 1882 improbat,
1229 1847 1289 1882 ejus
1302 1847 1521 1875 emendationem
1534 1851 1594 1881 post
1608 1847 1749 1874 consilium
1769 1846 1861 1873 datum

1071 1894 1184 1922 orationi
1211 1893 1379 1928 relinquens.
1403 1892 1517 1927 Quidam
1541 1900 1605 1920 vero
1628 1893 1736 1924 dicunt,
1760 1892 1861 1919 dietttnt

1071 1940 1136 1967 illud
1159 1948 1220 1967 essa
1245 1939 1428 1974 prophetiam,
1453 1947 1514 1974 qua:
1539 1943 1637 1966 statum
1662 1938 1742 1965 futuri
1770 1938 1861 1965 επιβουιί

1071 1987 1200 2019 declarat,
1215 1987 1241 2013 itt
1255 1993 1309 2021 quo
1323 1993 1375 2012 non
1390 1985 1458 2012 ttltra
1472 1984 1676 2012 mandttcabitur
1688 1984 1729 2011 vel
1745 1983 1860 2011 hibetur.

1071 2032 1098 2060 Si
1112 2036 1201 2059 autem
1217 2031 1371 2058 moderatus
1380 2039 1442 2058 usus
1457 2031 1536 2058 tinem
1553 2030 1670 2063 habebit,
1681 2029 1765 2056 multo
1778 2031 1862 2064 magis

1071 2079 1105 2105 ab
1126 2077 1302 2105 immoderato
1321 2076 1519 2104 abstinendunt.
1538 2076 1638 2103 Deinde
1660 2083 1693 2103 ne
1715 2075 1774 2110 quis
1790 2080 1862 2109 putet

1073 2124 1308 2158 reprehensionem
1324 2123 1350 2150 id
1365 2130 1424 2150 esse
1439 2122 1559 2156 corporis
1570 2143 1577 2156 ,
1600 2129 1667 2149 neve
1681 2121 1745 2148 illud
1769 2121 1859 2154 suspi-

1072 2175 1158 2202 cutur,
1172 2169 1243 2204 quod
1258 2177 1354 2203 nempe
1368 2176 1382 2195 a
1397 2173 1473 2203 parte
1487 2173 1570 2195 totunt
1585 2167 1769 2199 damnaverit,
1795 2174 1865 2193 neve

1073 2216 1143 2241 ditat
1165 2215 1286 2250 corporis
1300 2219 1422 2242 naturam
1445 2221 1553 2241 causam
1577 2221 1637 2240 esse
1658 2212 1861 2243 fornicationis;

1072 2262 1133 2288 audi
1147 2261 1284 2296 sequentia
1301 2270 1308 2287 :
1322 2261 1379 2287 Non
1390 2261 1460 2287 enim
1473 2260 1594 2293 corporis
1614 2264 1735 2285 naturam
1745 2279 1753 2291 ,
1766 2258 1864 2292 inquit,

1072 2315 1180 2340 accuso,
1194 2306 1241 2334 sed
1257 2306 1458 2333 immoderatam
1485 2306 1565 2332 animi
1578 2305 1749 2339 cupiditatent
1764 2312 1771 2330 :
1788 2303 1863 2330 ideo-

1073 2361 1125 2388 que
1147 2352 1238 2387 adjicit
1264 2361 1271 2378 :
1296 2352 1394 2387 Corpus
1420 2356 1503 2377 autent
1528 2359 1578 2377 non
1605 2350 1790 2385 fornicationi,
1818 2349 1867 2375 σει]

1073 2398 1192 2426 Domino.
1204 2398 1262 2425 Non
1278 2398 1350 2425 enim
1363 2397 1424 2425 ideo
1438 2397 1580 2424 formatum
1605 2396 1652 2422 fuit
1667 2417 1674 2427 ,
1691 2399 1719 2422 ut
1741 2395 1812 2421 luxui
1839 2400 1865 2421 et

1072 2444 1242 2471 fornicationi
1269 2451 1379 2478 operata
1401 2442 1497 2473 daret,
1524 2447 1550 2468 ιιι
1568 2448 1654 2475 neque
1674 2445 1766 2467 venter
1778 2445 1807 2466 ut
1822 2439 1868 2466 itt-

1070 2491 1230 2525 gnrgiletur,
1245 2490 1292 2517 sed
1308 2494 1337 2516 ut
1353 2489 1489 2516 Christum
1505 2493 1583 2522 caput
1599 2492 1728 2522 sequatur
1739 2508 1746 2518 ,
1761 2491 1789 2513 et
1814 2485 1869 2512 Do-

1072 2537 1162 2563 minus
1178 2536 1332 2570 impottatur
1345 2535 1462 2569 corpori.
1479 2534 1671 2564 [{evereamur,
1683 2533 1841 2559 ltoxreamus
1857 2551 1863 2560 .

1072 2583 1142 2618 quod
1157 2587 1230 2609 tanto
1244 2583 1344 2609 honore
1359 2581 1461 2616 dignati
1474 2602 1481 2613 ,
1499 2586 1528 2607 ut
1542 2581 1612 2608 illius
1636 2588 1715 2615 supra
1738 2577 1865 2606 collocat:

1072 2628 1191 2654 membra
1205 2627 1363 2658 elﬁeiamur.
1381 2631 1420 2654 tot
1435 2627 1513 2654 malis
1526 2634 1576 2653 nos
1597 2625 1782 2660 dctttrpentus.
1797 2624 1863 2650 Cum

1071 2681 1135 2708 ergo
1149 2672 1287 2700 helluones
1301 2673 1367 2700 satis
1383 2672 1538 2706 carpsisset,
1553 2671 1701 2698 futurorum
1724 2671 1805 2697 etiam
1817 2676 1864 2703 spe

1072 2720 1105 2746 ab
1121 2720 1169 2746 hac
1186 2720 1302 2755 nequitia
1317 2719 1434 2749 abducit,
1450 2719 1543 2745 dicens
1557 2727 1563 2744 :
1581 2718 1624 2745 M.
1642 2717 1711 2744 Dens
1730 2722 1814 2743 autem
1841 2721 1864 2742 et

1073 2765 1210 2792 Dominum
1232 2766 1362 2792 suscitavit
1377 2784 1384 2797 ,
1406 2770 1431 2791 et
1458 2772 1504 2790 nos
1529 2764 1659 2791 mscitabit
1684 2771 1728 2798 per
1749 2763 1866 2789 uirtutem

1071 2820 1153 2838 suum.
1541 2834 1547 2844 ,

1108 2859 1135 2884 2.
1150 2857 1270 2885 Vidistin‘
1287 2864 1391 2884 rursum
1408 2856 1566 2893 sapientiam
1589 2855 1786 2890 apostolicam?
1804 2861 1863 2882 nam
