1991 3121
134 143 178 179 ιιι
647 138 679 166 ιιι
699 138 806 168 Ειηδτ.
829 139 838 166 ι
871 139 918 167 AD

986 139 1014 167 [ἰ.
1037 139 1153 169 ιιοιιιιη
1175 138 1254 167 XVII.
1720 139 1730 166 l
1741 138 1771 166 ιε

135 203 184 233 fide
196 202 306 238 dignam
327 199 552 228 resurrectionem
576 204 638 227 csse
657 205 671 223 ιι
687 196 795 224 Clu-isto
817 205 923 231 setuper

137 249 238 285 pnituit,
248 248 370 274 maxime
385 253 447 273 rero
460 243 581 285 ιιιιιιθολβί
595 243 666 271 enim
681 250 779 276 corpus
803 247 922 269 nostrum

136 294 286 324 membrum
315 297 358 321 est
382 291 498 323 Christi,
519 290 640 318 Christus
666 297 730 316 vero
754 289 922 319 resurrexit,

135 342 211 370 etiam
225 347 325 375 corpus
339 338 450 366 omnino
474 342 554 372 mput
575 342 710 372 sequetur.
729 335 779 362 Ριτ
804 337 922 362 uirtutem

136 395 215 416 mm.
228 386 296 421 Quia
310 386 385 413 enim
399 392 455 412 rem
467 384 545 417 dixit,
560 390 620 418 qua:
636 390 688 409 non
703 382 820 409 creditttr
841 386 868 408 ιιι
883 390 924 408 ra-

136 433 249 463 tiociniis
260 431 363 468 percipi
386 439 437 459 non
453 435 538 465 potest
551 451 560 463 ,
572 431 631 465 ejus
646 430 752 456 \‘il‘llllis
771 429 924 463 incompre-

137 477 305 507 hensibilitati
320 477 454 505 ctmccssit
469 483 510 509 ea,
528 484 586 510 quae
595 475 693 502 Christi
701 475 924 502 resurrectionem

137 528 265 559 illatam,
275 530 329 552 non
342 530 449 558 parvam
463 521 525 549 hinc
535 526 628 549 contra
638 521 790 548 incredulos
803 519 926 555 praebens

137 567 404 598 demonstrationem.
418 567 450 594 Et
460 567 486 594 itt
500 566 599 594 Christi
612 566 718 600 quidem
729 566 926 593 resurrectione

139 615 219 650 ipsam
233 613 414 650 conposuit:
430 619 518 647 neque
530 611 601 639 enim
624 611 692 638 dixit
717 620 725 638 ί
742 611 812 639 Deus
837 616 925 638 autem

140 661 216 690 etiam
232 660 376 690 Dominum
390 658 528 686 suscitabit
542 667 549 691 ;
566 665 610 685 res
624 658 695 685 enim
716 657 772 693 jam
800 658 925 692 contigit;

140 707 182 736 Sed
192 705 330 743 quomodo
341 706 352 734 ἲ
365 705 434 732 Deus
445 713 504 732 vero
518 709 541 732 et
555 704 691 731 Dominum
710 704 841 731 suscitauit
854 712 862 736 ;
877 712 927 731 nec

141 760 202 788 opus
226 751 321 781 habuit
350 750 517 786 probatione.
542 750 579 777 De
606 755 696 777 nostra
720 755 808 777 autem
837 757 926 776 resur-

118 824 120 826 τ
142 798 275 830 rectioue,
298 797 361 832 quia
382 796 500 824 nondum
523 795 630 827 evenit.
648 803 701 822 non
718 796 751 821 ita
778 795 844 822 dixit
857 816 863 827 ,
881 795 927 822 scd

144 842 295 879 quomodo?
311 841 344 870 Et
366 850 412 869 nos
435 841 565 871 suscitabit
580 849 625 877 per
645 841 761 868 virtu/em
780 849 852 867 situm
863 848 874 872 ;
895 849 927 868 ex

147 898 174 918 eo
185 889 257 926 quod
272 888 325 916 [ide
345 889 424 924 digna
447 889 482 914 sit
495 888 553 922 ejus
575 888 618 921 qui
636 888 775 915 suscitavit
789 893 907 922 potestas
919 908 927 921 ,

146 943 173 963 os
191 935 335 964 obstructis
361 933 617 962 ctmtradicentibus.
633 934 660 962 Si
681 938 770 960 autent
787 934 857 960 Patri
880 933 928 960 ad-

145 981 230 1011 scribit
253 980 354 1009 Christi
369 981 618 1011 resurrectionem,
635 980 700 1006 nihil
727 984 752 1007 te
777 980 928 1007 conturbet.

145 1027 195 1057 Non
206 1027 279 1057 enim
294 1027 365 1063 quod
388 1026 512 1055 Christus
527 1034 581 1054 non
604 1031 716 1062 posset,
744 1026 795 1053 ltoc
818 1027 905 1061 posuit
922 1036 930 1053 :

144 1074 196 1109 ipse
206 1081 324 1110 namque
347 1073 470 1101 Christus
487 1072 554 1100 dixit
573 1072 689 1100 :Soloile
701 1072 822 1107 templum
839 1072 930 1104 hoc,“

143 1120 167 1147 in
178 1119 258 1148 tribu
271 1119 360 1147 diebus
374 1118 488 1146 excitabo
510 1118 576 1146 illud
592 1117 680 1153 (Joan.
693 1118 722 1144 2.
739 1118 785 1153 l9)
799 1126 806 1150 ;
821 1123 847 1146 et
869 1126 914 1145 rur

142 1172 200 1199 sus,
227 1163 383 1192 Poteslolem
408 1164 487 1192 habeo
511 1164 622 1199 portendi
645 1164 759 1190 animout
783 1172 881 1196 meum,
908 1170 931 1190 et

144 1217 286 1246 potestatem
302 1211 382 1239 habeo
396 1212 487 1240 iterum
500 1212 617 1240 sumendi
628 1221 683 1240 eam
697 1212 787 1247 (Joau.
806 1213 849 1240 l0.
864 1213 907 1247 l8)
921 1222 928 1245 ;

143 1262 168 1286 et
191 1257 277 1287 Lucas
303 1257 330 1285 in
356 1258 467 1286 Actibus
491 1258 546 1290 ait,
565 1257 663 1291 Quibus
687 1258 799 1285 eat/libuit
823 1254 930 1293 setpwin

143 1304 220 1333 sinat
231 1304 303 1340 (Act.
317 1304 344 1334 1.
357 1304 453 1340 3).Cur
467 1311 532 1340 ergo
544 1304 641 1332 Paulus
653 1305 693 1332 sic
705 1305 844 1340 loquitur?
857 1305 925 1338 Quia

142 1356 198 1384 quis
216 1348 280 1376 Filii
293 1353 366 1382 BHM,
381 1348 454 1376 Patri
467 1349 608 1382 adscribit,
619 1354 646 1376 et
656 1357 716 1384 qua
727 1348 825 1381 Patris.
842 1350 909 1378 Filio
924 1359 931 1377 :

143 1402 200 1422 nam
213 1394 280 1428 Qua:
302 1394 347 1422 ille
367 1394 447 1428 facit,
470 1395 572 1430 inquit,
588 1399 612 1422 et
627 1393 712 1421 Filius
735 1395 850 1422 similiter
872 1395 932 1430 {iuit

142 1440 229 1475 (Joan.
241 1440 341 1476 5.19).
354 1440 512 1476 Opportune
525 1446 614 1468 autem
628 1441 772 1468 admodum
787 1442 831 1469 hie
844 1450 932 1469 resur-

142 1486 287 1515 rcdionem
302 1491 444 1520 memorat,
459 1491 486 1514 et
497 1486 542 1514 tali
562 1493 610 1521 spe
623 1486 692 1522 gula:
707 1485 874 1521 tyrannidem
890 1495 932 1514 re-

142 1533 272 1568 primens,
287 1537 316 1560 et
330 1536 433 1560 tantum
457 1540 511 1559 non
534 1532 628 1561 dicens
644 1540 650 1558 :
664 1531 809 1560 Cometl'tsti
821 1552 828 1563 ,
843 1531 932 1559 bibisti

140 1578 197 1606 sine
212 1585 342 1607 mensura
355 1599 363 1612 ,
378 1583 405 1607 et
418 1579 478 1614 quis
500 1578 552 1606 erit
567 1578 650 1607 linis?
665 1578 755 1606 nullus
765 1599 773 1611 ,
797 1579 848 1606 nisi
872 1586 933 1606 cor-

141 1625 225 1660 ruptio
238 1630 358 1654 tantum.
372 1625 539 1659 Coniunctus
553 1633 583 1653 es
608 1624 718 1652 Christo
729 1646 735 1658 ,
760 1629 788 1653 et
807 1625 867 1660 quis
881 1625 934 1653 erit

139 1669 215 1700 linis!
227 1678 345 1708 magnus
367 1676 395 1699 et
416 1671 563 1703 mirabilis,
576 1671 666 1699 futura
693 1671 857 1700 resurrectio
873 1672 933 1706 glo-

141 1717 207 1745 riosa
220 1718 279 1752 illa,
291 1725 445 1746 sermonem
459 1725 566 1746 otuuem
581 1725 725 1752 superans.

173 1763 341 1793 Restitutio
355 1763 446 1799 futura
459 1764 520 1798 prob
531 1768 589 1790 .lur.
600 1778 636 1783 —
648 1764 732 1791 Nemo
745 1763 833 1798 itaque
844 1770 935 1790 resur-

139 1809 251 1837 factioni
275 1808 360 1838 ﬁdem
378 1813 460 1844 neget
481 1810 526 1837 :si
549 1809 608 1844 quis
633 1814 721 1837 autem
742 1817 795 1836 non
821 1809 933 1842 credat,

138 1854 235 1890 cogitet
247 1860 351 1890 quanta
365 1862 399 1881 ex
414 1854 497 1882 nihilo
512 1854 669 1889 produxerit
679 1875 686 1887 ,
701 1859 728 1881 et
749 1854 811 1882 hinc
834 1855 868 1882 de
890 1855 934 1882 illa

138 1899 401 1928 demonstrationem
413 1900 536 1935 accipiat.
549 1899 614 1927 Nam
628 1908 687 1935 qua:
699 1900 754 1935 jam
768 1900 838 1927 facta
852 1906 915 1927 sunt
924 1922 931 1933 ,

138 1945 220 1974 multo
239 1949 310 1974 sunt
322 1945 487 1973 mirabiliora
501 1965 509 1977 ,
532 1950 559 1973 ct
573 1945 667 1981 ingens
681 1945 840 1973 miraculum
857 1946 935 1973 exhi-

137 1989 236 2019 bentia.
254 1990 452 2019 Animadverte
465 1995 554 2018 autem
571 1995 689 2018 :terram
701 1990 805 2025 accepit
827 1994 854 2017 et
880 1991 933 2017 mi-

139 2030 218 2068 scuit.
235 2037 435 2071 hominemque
448 2037 529 2067 fecit;
546 2040 656 2070 terram,
671 2037 791 2072 inquam,
807 2044 867 2072 qua:
882 2044 934 2063 uou

137 2090 212 2114 ante:-
238 2087 312 2117 ςγδι,
335 2082 477 2117 Quomodo
500 2090 565 2118 ergo
587 2086 657 2110 terra
670 2082 739 2110 facta
764 2087 806 2110 est
831 2083 935 2110 homo?

137 2130 276 2161 quomodo
291 2129 354 2165 ipsa
369 2136 431 2157 cum
445 2136 498 2156 non
515 2133 605 2162 esset,
632 2129 761 2164 producta
776 2129 846 2156 fuit?
870 2137 937 2164 quo-

138 2179 220 2207 modo
229 2186 298 2214 qua:
307 2185 343 2205 ex
356 2178 415 2212 ipsa
430 2176 498 2204 fiunt
508 2177 609 2210 omnia,
621 2177 751 2204 immensa
763 2184 861 2211 genera
873 2176 938 2203 bru-

138 2229 240 2258 torum,
251 2231 408 2254 seminum,
420 2223 584 2258 plantarum,
598 2223 682 2249 nullis
694 2227 788 2257 partus
798 2222 939 2249 doloribus

137 2270 306 2305 pruinis.
321 2277 379 2299 non
402 2269 502 2304 pluviis
523 2268 550 2296 in
567 2269 612 2296 illa
627 2269 769 2300 demissis,
785 2268 858 2295 nulla
876 2276 937 2295 cum

136 2317 330 2352 Irt'cnltnra,
359 2323 415 2343 non
438 2314 536 2346 bobus,
551 2319 643 2342 aratro
664 2314 703 2341 vel
727 2314 780 2341 alio
798 2313 831 2340 ad
848 2318 938 2340 ortum

135 2361 245 2391 “om.
269 2360 461 2390 administro?
481 2360 543 2387 Ideo
561 2360 633 2387 enim
648 2368 680 2387 ex
695 2363 766 2386 terra
790 2359 938 2386 inanimata

137 2409 163 2430 α
173 2402 338 2431 insensibili
352 2407 392 2430 tot
406 2402 432 2429 in
447 2402 579 2437 principio
602 2410 702 2438 genera
715 2407 742 2430 et
756 2403 904 2437 plantarum
915 2407 940 2430 et

137 2448 282 2481 bustorum
296 2447 462 2477 animalium
483 2453 541 2476 orta
555 2453 627 2479 sunt.
643 2453 672 2475 ut
689 2454 715 2476 te
734 2450 789 2482 jam
813 2448 877 2476 olim
899 2457 942 2476 re-

137 2495 321 2529 surrectionis
353 2494 485 2522 rationem
517 2495 638 2522 doceret.
667 2494 732 2522 Illud
755 2495 827 2522 enim
853 2502 943 2522 resur-

138 2542 259 2577 rectione
283 2541 411 2578 cogitatu
425 2540 559 2568 difficilius
571 2545 622 2568 est.
634 2540 692 2568 Non
707 2541 781 2576 paria
794 2540 866 2568 enim
880 2546 942 2568 sunt

137 2589 302 2618 ultimum
328 2587 468 2615 lucernam
490 2586 657 2619 accendere,
671 2591 698 2613 et
720 2586 838 2613 nondum
858 2594 942 2621 appa-

138 2638 242 2665 τιν-ιω
265 2633 367 2671 ignem
397 2631 526 2660 exhibere
549 2641 556 2659 ε
578 2639 631 2660 non
653 2632 726 2668 paria
741 2636 804 2659 sunt
827 2631 942 2659 dirutam

137 2678 245 2708 (limum
259 2677 438 2708 retudilicare
448 2698 456 2710 ,
470 2682 497 2706 et
511 2677 586 2705 nullo
601 2677 680 2704 modo
694 2677 868 2704 exsistentem
883 2684 944 2711 pro-

139 2724 245 2754 dicere.
262 2723 319 2752 llic
332 2723 427 2756 enim,
452 2722 504 2751 etsi
526 2722 592 2750 nihil
608 2721 695 2755 aliud,
717 2726 745 2748 at
759 2721 868 2749 materia
882 2722 945 2748 sub-

137 2769 204 2805 jecta
215 2774 280 2798 erat
294 2778 303 2797 :
318 2768 382 2797 illic
397 2775 463 2796 vero
487 2775 521 2795 ne
535 2767 684 2796 substantia
706 2767 813 2801 quidem
833 2775 944 2801 appare-

138 2815 193 2844 bat.
206 2816 335 2854 Ideoque
359 2813 434 2850 quod
449 2813 583 2841 diflicilius
608 2820 668 2841 esse
686 2812 842 2844 videbatur,
859 2812 944 2846 primo

140 2860 210 2899 fecit,
226 2868 256 2892 nt
277 2871 316 2892 ex
339 2861 396 2889 hoc
409 2860 480 2896 quod
493 2860 595 2889 facilius
608 2863 665 2888 erat
686 2858 849 2886 adtnittercs.
867 2857 939 2886 Diffi-

978 197 1056 224 rilius
1071 202 1159 224 autem
1173 198 1229 225 dixi
1244 219 1252 231 ,
1277 206 1329 225 uolt
1346 198 1412 232 Deo,
1432 198 1478 226 sed
1492 204 1638 227 secundum
1659 199 1765 225 ratioci-

979 243 1082 270 niorum
1111 249 1262 272 nostrorum
1291 245 1512 279 consequentiam
1538 253 1545 272 :
1572 245 1627 273 Deo
1653 251 1767 279 namque

978 289 1088 317 difficile
1110 290 1248 322 nihilost;
1272 290 1319 317 sed
1340 290 1565 324 quemadmodum
1595 290 1697 325 pictor,
1720 290 1766 325 qui

979 343 1058 362 unam
1080 334 1142 362 facit
1163 336 1305 370 imaginem
1320 355 1328 368 ,
1344 335 1498 364 innumeras
1510 335 1588 364 facile
1609 334 1708 364 faciet:
1724 336 1765 363 sic

978 386 1005 407 et
1018 382 1071 408 Deo
1087 381 1189 408 facilius
1204 381 1263 414 fuit,
1279 381 1434 410 innumeros
1453 381 1541 410 facere
1559 381 1676 409 mundos
1689 385 1770 417 atque

979 426 1097 454 infinitos
1113 435 1120 454 :
1136 428 1189 454 into
1214 427 1319 461 potius,
1349 432 1378 454 ut
1404 427 1480 456 facile
1496 427 1542 455 tibi
1565 431 1606 455 est
1628 427 1719 454 urbem
1742 430 1772 454 et

980 473 1097 499 infinitos
1123 473 1241 507 cogitare
1264 473 1396 506 mundos,
1422 473 1458 500 ita
1486 473 1541 501 Deo
1566 473 1627 501 illos
1653 472 1770 501 condere

979 519 1055 546 facile
1068 523 1119 550 est,
1136 519 1189 546 into
1204 520 1282 553 longe
1295 518 1408 546 facilius.
1424 519 1464 546 Tu
1475 519 1550 546 enim
1565 527 1660 555 parum
1673 519 1769 546 saltent

980 565 1108 599 temporis
1120 564 1145 591 iu
1162 564 1212 591 hac
1226 565 1388 599 cogitatione
1403 565 1533 597 insontis;
1549 565 1619 592 Deus
1641 572 1704 592 vero
1715 572 1770 592 non

979 611 1041 637 item
1055 620 1061 636 :
1079 619 1138 638 nam
1150 615 1249 646 quanto
1268 619 1298 638 re
1317 611 1432 646 quadam
1456 611 1590 639 levissima
1600 632 1608 642 ,
1621 611 1675 638 imo
1689 611 1771 638 etiam

980 661 1070 684 mente
1084 662 1174 684 nostra
1187 677 1194 689 ,
1210 657 1348 691 graviores
1362 657 1465 692 lapides
1487 663 1549 685 sunt
1561 666 1570 690 ;
1587 662 1660 684 tanto
1674 657 1772 685 mentis

980 709 1079 730 tmstrac
1093 703 1217 732 celeritas
1230 711 1245 730 a
1262 704 1317 731 Deo
1332 703 1358 731 in
1372 705 1489 730 creando
1511 709 1662 738 superatur.
1677 703 1769 731 Admi-

981 755 1054 776 ratus
1079 757 1108 776 es
1134 749 1192 783 ejus
1218 749 1243 776 in
1273 754 1343 776 terra
1372 749 1518 776 virtutem?
1542 749 1633 783 Cogita
1661 756 1767 775 rursum

980 794 1116 829 quomodo
1134 795 1227 822 czclmn
1243 794 1339 822 factum
1354 795 1388 822 sit
1401 802 1462 822 cum
1474 802 1527 822 non
1539 799 1622 826 esset.
1637 794 1773 829 quomodo

981 841 1066 868 stellte
1079 840 1286 868 innumerabiles
1297 861 1304 872 .
1319 840 1454 876 qttomodo
1467 841 1524 873 sol,
1538 840 1674 876 quomodo
1688 841 1750 868 luna
1765 849 1772 870 ;

981 892 1008 913 et
1029 887 1087 914 Ιιευο
1109 886 1216 919 munia,
1240 895 1301 914 cum
1323 894 1375 913 non
1389 891 1468 913 antra
1483 885 1714 916 essent.Rnrsus,
1731 885 1775 912 dic

982 932 1058 963 milti,
1074 932 1209 967 quomodo
1224 937 1364 968 postquam
1380 931 1448 959 facta
1471 936 1533 959 sunt
1553 935 1688 959 steterunt
1702 935 1729 959 et
1746 931 1773 958 in

981 978 1055 1012 quo?
1077 978 1148 1013 quod
1164 978 1264 1005 habent
1283 977 1416 1010 fulcrum,
1440 977 1575 1012 quodnam
1597 977 1689 1005 terra?
1710 977 1773 1011 qttid

984 1030 1042 1059 post
1057 1024 1176 1051 terram?
1192 1029 1219 1051 et
1232 1028 1292 1058 post
1305 1023 1369 1051 illud
1385 1030 1490 1050 rursum
1512 1022 1583 1058 quod
1601 1027 1660 1057 post
1676 1027 1772 1050 terram

982 1075 1039 1101 est,
1067 1069 1152 1104 quid?
1179 1069 1260 1096 Vides
1286 1069 1312 1095 itt
1336 1072 1464 1103 quautam
1485 1067 1645 1103 vertiginem
1667 1067 1776 1094 decidat

984 1116 1082 1142 utentis
1096 1120 1148 1142 tua:
1161 1115 1266 1146 oculus,
1283 1115 1334 1141 nisi
1349 1114 1438 1141 statim
1456 1113 1490 1141 ad
1508 1113 1588 1141 fidem
1610 1120 1735 1141 accturas
1749 1119 1775 1140 et

983 1162 1014 1189 ad
1030 1161 1328 1196 iucmuprcheosibilem
1344 1161 1481 1196 operantis
1502 1160 1652 1187 virtutem?
1665 1158 1692 1187 Si
1709 1159 1775 1186 velis

984 1213 1071 1236 autem
1087 1208 1167 1235 etiam
1181 1216 1214 1235 ex
1231 1207 1358 1234 humanis
1372 1207 1553 1242 conjecturam
1569 1205 1670 1240 facere,
1684 1205 1777 1240 paula-

984 1255 1030 1281 tim
1054 1254 1154 1289 puteris
1179 1259 1295 1280 tuentem
1322 1257 1393 1280 tuaut
1420 1259 1469 1280 cett
1493 1252 1543 1278 alis
1566 1252 1708 1279 instruere.
1735 1251 1773 1278 Ex

984 1301 1089 1336 quibus.
1107 1301 1221 1335 inquies,
1247 1299 1390 1327 humanis?
1404 1299 1461 1326 Non
1485 1298 1561 1325 vides
1581 1298 1687 1333 figulus,
1708 1305 1776 1332 quo-

984 1348 1063 1374 modo
1078 1348 1188 1374 fractum
1214 1350 1241 1373 ct
1265 1346 1323 1373 sine
1336 1345 1420 1372 forma
1437 1343 1536 1372 factum
1563 1351 1610 1370 vas
1625 1343 1776 1378 effingunt?

984 1401 1032 1421 eos
1051 1393 1095 1428 qui
1112 1393 1271 1420 tuclallicam
1286 1398 1383 1419 terram
1399 1391 1512 1424 fodiunt,
1528 1390 1662 1425 quomodo
1676 1395 1772 1417 terram

984 1448 1078 1466 aurum
1101 1446 1160 1466 esse
1184 1442 1389 1470 tuonstrcnt,ct
1414 1437 1511 1464 ferrum
1526 1441 1605 1472 atque
1626 1444 1664 1463 trs
1683 1444 1775 1463 rursus

983 1485 1062 1512 alia?
1088 1484 1133 1519 qui
1155 1485 1253 1510 vitrum
1276 1483 1438 1515 conficiunt.
1463 1483 1598 1517 quomodo
1619 1490 1728 1509 arenam
1749 1482 1775 1508 iu

984 1538 1082 1564 corpus
1094 1529 1210 1556 solidum
1224 1534 1250 1556 et
1259 1529 1420 1564 pellucidum
1432 1527 1639 1556 transfurtnent?
1650 1528 1776 1556 Dicamue

984 1578 1123 1609 coriarios,
1140 1584 1186 1603 eos
1199 1576 1245 1611 qui
1261 1583 1394 1610 purpurea
1411 1576 1566 1603 vestimenta
1578 1575 1697 1610 tingunt,
1708 1582 1776 1608 quo-

985 1624 1065 1651 modo
1086 1623 1149 1650 illttd
1172 1622 1242 1657 quod
1269 1622 1412 1649 tiucturam
1439 1623 1544 1656 excepit
1560 1621 1631 1649 aliud
1656 1629 1704 1655 pro
1723 1621 1776 1647 alio

986 1670 1140 1697 monstret?
1169 1668 1291 1696 dicamne
1310 1669 1509 1702 generationem
1533 1668 1673 1694 uostratu?
1689 1675 1776 1694 nonne

986 1715 1118 1742 modicum
1139 1723 1232 1742 semen
1248 1714 1365 1741 informe
1386 1719 1414 1741 et
1432 1713 1491 1741 sine
1505 1714 1586 1748 figura
1601 1713 1626 1740 in
1641 1713 1775 1746 excipien-

986 1767 1039 1788 lctu
1066 1761 1169 1787 vulvam
1198 1760 1366 1795 ingreditur?
1381 1759 1450 1787 unde
1474 1767 1539 1794 ergo
1563 1763 1634 1786 tanta
1654 1758 1777 1786 animalis

986 1806 1237 1839 olformatio?Quid
1260 1812 1325 1832 vero
1348 1805 1533 1832 frumentum?
1558 1813 1646 1831 nonne
1664 1812 1775 1840 granum

987 1853 1086 1880 nudum
1097 1852 1122 1878 itt
1139 1856 1236 1878 terram
1249 1850 1480 1885 injicitur?uonue
1495 1855 1634 1885 postquam
1649 1850 1775 1885 injectum

987 1904 1029 1927 est
1056 1898 1203 1933 putrescit?
1229 1897 1299 1932 tgtde
1328 1897 1425 1932 spicae,
1464 1897 1554 1924 arista:
1576 1917 1584 1928 ,
1625 1897 1719 1924 calami
1751 1902 1778 1923 et

987 1950 1084 1971 ca-Icra
1098 1943 1186 1970 mnuia
1198 1943 1210 1969 ?
1224 1951 1312 1970 nonne
1328 1950 1437 1976 parvum
1453 1942 1494 1970 fici
1520 1950 1633 1978 granum
1659 1950 1732 1976 saspe
1750 1943 1777 1969 in

989 1997 1086 2019 [errant
1100 1990 1208 2022 cadens,
1225 1993 1253 2016 et
1266 1989 1381 2016 radicem
1393 1993 1420 2014 et
1434 1996 1522 2016 ramOs
1536 1994 1562 2015 ct
1577 1988 1690 2015 fructum
1702 1988 1779 2015 tulit?

989 2038 1060 2066 Sane
1090 2036 1299 2071 unumquodque
1331 2035 1425 2062 horum
1450 2035 1569 2062 admittis
1596 2043 1647 2062 uec
1672 2035 1779 2062 curiose

989 2083 1114 2118 inquiris,
1139 2090 1153 2109 a
1181 2084 1234 2109 lico
1248 2086 1337 2109 autem
1361 2081 1418 2108 solo
1443 2085 1562 2108 nostrum
1580 2088 1676 2115 corpus
1692 2085 1779 2107 trans-

995 2130 1130 2156 formaute
1154 2128 1273 2155 rationes
1295 2126 1397 2162 exigis?
1420 2131 1447 2153 et
1471 2126 1605 2161 quomodo
1630 2126 1686 2154 lucc
1704 2127 1779 2153 vcuia

990 2175 1070 2210 digna
1085 2174 1207 2202 fuerint?

1025 2221 1052 2248 ὅ.
1073 2220 1134 2247 llzcc
1149 2225 1177 2247 ct
1192 2219 1252 2246 talia
1266 2218 1365 2246 Grzccis
1385 2218 1504 2245 dicamus
1520 2227 1526 2244 :
1546 2225 1606 2245 nam
1624 2217 1693 2252 apud
1714 2225 1760 2244 eos
1774 2235 1780 2245 ι

990 2267 1035 2302 qui
1049 2266 1193 2300 St'riptttris
1204 2265 1397 2299 obsequuntur,
1412 2272 1444 2290 ne
1456 2272 1580 2290 sermone
1594 2264 1703 2298 quidem
1714 2270 1782 2297 opus

991 2317 1033 2339 cst
1045 2312 1120 2339 mihi.
1143 2311 1172 2338 Si
1186 2311 1256 2337 cuitu
1272 2310 1342 2336 illitts
1355 2309 1444 2336 omnia
1459 2310 1564 2336 curiose
1579 2309 1691 2336 scrutari
1706 2308 1781 2340 velis,

991 2357 1055 2394 quid
1074 2357 1130 2391 plus
1152 2356 1258 2383 habebit
1277 2357 1345 2382 licus
1364 2363 1443 2389 quam
1466 2354 1610 2382 homines?
1623 2362 1783 2389 quamquam

994 2412 1043 2430 nec
1056 2403 1089 2430 de
1100 2402 1189 2429 tnultis
1200 2402 1306 2437 quidem
1316 2401 1465 2428 hominibus
1479 2400 1584 2428 curiose
1596 2400 1783 2435 pcrquirimus.

993 2448 1069 2483 Quod
1084 2448 1105 2474 si
1118 2448 1144 2474 in
1158 2447 1310 2474 hominibus
1322 2447 1371 2473 hoc
1381 2446 1501 2476 facimus,
1515 2453 1565 2472 nec
1579 2446 1684 2472 curiose
1699 2446 1787 2480 inqui—

994 2495 1095 2525 rimus;
1111 2493 1193 2520 multo
1207 2494 1295 2519 miutts
1312 2492 1356 2519 Dei
1371 2492 1529 2526 sapientiam
1544 2492 1657 2519 scrutari
1668 2496 1787 2527 oportet,

994 2540 1036 2566 vel
1051 2539 1168 2566 rationes
1179 2538 1212 2564 ab
1226 2537 1269 2564 illa
1280 2543 1415 2571 expetere.
1429 2537 1517 2564 Primo
1529 2537 1647 2572 quidem,
1659 2537 1720 2573 quia
1735 2537 1787 2564 lidc

995 2585 1090 2620 dignus
1108 2588 1149 2613 est
1173 2584 1195 2610 is
1218 2583 1262 2618 qui
1285 2583 1481 2617 pronuntiavit;
1504 2583 1639 2616 secundo,
1666 2584 1726 2619 quia
1743 2592 1786 2610 res

996 2632 1060 2665 ipsa:
1080 2630 1281 2657 totiociuiorum
1301 2630 1538 2663 perscrutationem
1559 2637 1612 2657 non
1633 2629 1787 2656 admittunt.

996 2677 1054 2704 Non
1069 2676 1141 2703 ettim
1155 2676 1223 2702 adeo
1236 2682 1334 2710 egenus
1346 2680 1385 2701 t-st
1404 2675 1488 2705 Deus.
1504 2679 1531 2701 Ill
1545 2684 1575 2702 ea
1592 2676 1677 2702 solum
1694 2682 1787 2709 opere-

998 2727 1050 2754 tttr,
1070 2731 1130 2756 σιιιιι·
1147 2722 1347 2748 ratioeiuiurunt
1364 2726 1468 2748 tuortttu
1484 2723 1664 2750 nubet-illicito
1680 2726 1792 2755 possunt

998 2768 1198 2803 comprehendi.
1213 2768 1240 2796 Si
1256 2768 1327 2795 enim
1343 2768 1408 2796 l'ahri
1424 2777 1491 2804 opus
1505 2777 1557 2795 non
1572 2769 1785 2802 cotuprcltendis,

998 2814 1182 2842 multominus
1193 2814 1238 2841 Dei
1251 2814 1463 2848 prmslantissimi
1475 2815 1593 2841 artificis.
1609 2814 1646 2840 Nc
1657 2814 1735 2840 Iidem
1747 2822 1792 2841 cr-

999 2869 1033 2896 go
1057 2861 1158 2896 negetis
1171 2860 1356 2889 rcsurrcctioui
1373 2870 1377 2887 :
1395 2868 1454 2888 nam
1471 2868 1484 2887 ξι
1496 2868 1543 2896 spc
1556 2859 1793 2894 futuroruutlongv
