2041 3111
214 137 270 167 ιιδ

217 194 338 222 sberitis.
353 194 405 222 Sed
418 203 539 230 qutenam
559 199 598 221 est
614 193 742 229 sapientia
756 190 1008 222 contradicentium,

217 240 273 268 into
283 241 378 276 ingens
389 241 522 269 stultitia?
536 240 568 267 Et
582 239 729 276 quomodo,
748 238 888 273 inquiunt,
903 236 1010 272 quando

217 293 315 321 corpus
329 291 408 314 terra:
424 287 598 314 commixtum
613 290 654 312 est
667 289 694 312 et
708 285 806 311 factum
820 287 861 310 est
874 288 944 310 term
954 303 961 315 ,
983 286 1009 308 et

218 333 277 360 hare
293 340 399 360 rursum
420 333 473 360 alio
486 332 613 360 translata
625 331 721 364 fuerit,
736 335 857 366 resurget
871 334 960 357 tamen
976 329 1008 355 il-

216 377 284 405 lud?
301 378 357 406 lloc
370 379 416 406 tibi
430 378 539 406 dubium
553 377 657 404 videtur
671 384 730 404 esse
740 397 748 410 ,
764 376 811 403 sed
827 384 880 403 nott
895 374 1008 402 insomni

213 423 253 450 Illi
267 424 347 451 oculo
369 433 376 451 :
400 424 450 459 ipsi
471 423 542 451 enim
563 422 702 450 manifesta
721 422 810 449 omnia
834 426 905 448 sunt.
930 421 961 447 Et
981 426 1008 447 tu

214 470 323 505 quidem
336 477 389 498 non
405 470 478 497 vides
495 470 654 497 divisionem
664 478 725 505 qua:
737 474 778 497 est
793 470 818 496 itt
832 468 1006 500 confusione;

215 515 263 542 ille
274 523 338 543 vero
352 515 440 542 omnia
455 510 546 542 novit:
562 515 776 550 quandoquidem
801 519 827 541 ιιι
844 514 950 549 ignoras
964 513 1007 540 illa

214 568 274 596 qua:
300 561 325 588 in
339 560 420 588 corde
435 561 546 595 proximi
567 565 646 591 sunt;
663 561 707 587 ille
731 567 794 587 vero
815 560 903 586 omnia
923 559 1006 586 novit.

216 606 244 634 Si
259 614 334 642 ergo,
348 608 409 641 quia
424 607 532 642 ignoras
548 607 683 642 quotnodo
694 606 835 633 resuscitet
856 605 935 637 Deus,
954 613 1006 632 non

213 652 302 679 credis
319 652 390 688 quod
407 653 566 685 resuscitct,
583 660 635 680 non
656 652 749 679 credes
772 652 851 678 etiam
864 671 872 684 ,
888 650 960 686 quod
976 658 1007 678 ea

213 705 273 732 qme
293 698 319 725 itt
335 703 424 726 mente
438 704 500 726 sunt
515 703 607 726 noscat
619 707 625 726 :
638 707 699 726 nam
715 698 854 733 nequeilla
866 702 1005 733 apparent.

212 744 294 779 Atqui
309 744 336 771 in
356 751 470 779 corpore
491 745 602 772 materia
622 744 730 778 quident
753 750 792 771 est
809 743 936 775 visibilis,
957 743 1007 770 etsi

213 789 397 822 dissolvatur;
422 790 476 816 iiitl!
489 797 553 817 vero
573 790 748 824 cogitationes
768 789 915 817 invisibiles
934 793 1006 816 sttnt.

214 835 264 868 Qui
278 843 343 870 ergo
357 835 497 863 invisibilia
510 843 570 862 cum
583 836 655 861 omni
668 836 838 863 aceuratione
851 835 934 867 novit,
947 835 1008 862 visi-

212 879 276 907 bilia
290 888 341 907 non
356 880 466 913 videbit,
480 888 529 908 ttec
547 880 626 908 facile
638 887 736 915 corpus
755 881 874 907 dividet‘l
889 882 936 908 Est
947 881 1006 908 cui-

212 926 254 953 vis
265 926 447 961 perspicuum.
460 926 498 954 Ne
513 927 594 962 igitur
604 928 796 954 resnrrectioni
811 927 889 954 ﬁdem
905 935 986 962 neges
998 935 1005 954 :

211 978 254 999 est
268 973 367 1007 quippe
390 973 486 1008 dogma
504 971 678 1002 diabolicuni.
702 972 757 1000 lloe
776 973 900 1001 diabolus
913 978 1005 1007 curat,

212 1026 265 1045 non
274 1018 353 1046 modo
365 1023 393 1046 ut
403 1020 591 1047 rcsurrectioni
605 1028 658 1046 non
669 1019 803 1051 credatur,
814 1020 860 1048 sed
871 1024 898 1047 et
908 1024 935 1047 ut
950 1020 1002 1047 vir-

212 1066 276 1094 tutis
287 1074 369 1101 opera
390 1066 570 1094 diSsolvantur
585 1071 612 1093 et
627 1071 748 1101 pereattt.
769 1066 856 1094 Homo
873 1066 945 1094 enitn
961 1067 1006 1102 qui

211 1120 266 1140 non
279 1116 417 1147 exspectat
430 1120 460 1139 SC
481 1117 695 1139 ῐθευττεοῑυτιιιιι
706 1132 714 1144 ,
731 1117 757 1139 et
771 1119 881 1147 operum
897 1120 1006 1140 suorum

213 1159 342 1185 rationem
357 1158 537 1190 redditurum,
550 1167 602 1186 non
621 1159 675 1186 cito
690 1159 814 1186 virtutem
829 1159 931 1192 adibit;
954 1160 1007 1187 vir-

213 1205 261 1232 tuti
276 1212 339 1233 tero
362 1213 415 1232 non
439 1205 507 1232 dans
529 1213 659 1240 operam,
678 1213 772 1232 rursus
792 1214 844 1233 non
869 1205 960 1233 credet
974 1214 1004 1234 se

211 1255 423 1278 resurrecturum
440 1260 446 1277 :
463 1250 542 1278 ambo
562 1250 634 1278 enim
657 1251 770 1278 alterunt
785 1251 819 1278 ab
836 1251 920 1279 altero
942 1259 1005 1286 pro-

211 1296 318 1328 bantur,
335 1296 452 1330 nequitia
471 1295 505 1323 ab
519 1296 723 1328 incredulitate,
743 1301 770 1323 et
794 1297 966 1325 incredulitas
990 1305 1004 1325 a

211 1341 338 1377 neqttitia.
351 1341 519 1369 Conscientia
528 1342 599 1369 enim
615 1342 706 1370 multis
722 1342 799 1377 plena
810 1343 899 1376 malis,
909 1344 1006 1371 timens

209 1396 243 1415 ac
258 1393 376 1416 tremens
385 1387 500 1415 futuram
516 1388 658 1421 ultionem,
673 1389 734 1423 quia
750 1397 803 1416 non
818 1389 873 1416 vult
888 1398 902 1416 a
917 1395 1006 1417 muta-

211 1435 284 1462 tione
296 1435 329 1462 ad
342 1435 453 1462 meliora
467 1435 678 1462 consolationem
693 1436 810 1470 assequi,
824 1435 857 1463 ab
878 1436 1002 1464 incredu-

213 1480 287 1507 litate
310 1480 366 1507 vult
388 1480 505 1513 quietem
523 1480 645 1515 adipisci.
661 1480 699 1507 Tc
719 1481 791 1508 enim
815 1489 863 1508 nec
885 1489 1004 1510 resurre-

210 1527 309 1554 tinnem
323 1527 428 1554 dicente
442 1535 491 1554 nec
505 1527 644 1562 judic'um,
656 1527 700 1553 ille
711 1534 816 1561 quoque
828 1527 896 1555 dicet
909 1537 916 1554 :
933 1528 1003 1563 Ergo

210 1580 297 1607 neque
309 1580 360 1607 ego
375 1573 507 1599 scelerum
530 1573 661 1599 tationem
680 1572 759 1599 dabo.
779 1572 831 1600 Sed
854 1573 916 1608 quid
939 1574 1004 1602 dicit

208 1616 352 1645 Christus:
370 1617 477 1651 Erratis,
503 1619 640 1644 nescientes
655 1617 804 1653 Scripturus
823 1627 903 1654 neque
924 1622 1003 1646 virtu-

209 1668 259 1690 tem
274 1663 320 1690 Dei
334 1663 440 1699 (Matth.
454 1663 498 1690 2‘2.
510 1663 568 1697 29).
579 1663 669 1698 Neque
683 1665 754 1690 ettittt
770 1669 823 1691 tattt
835 1665 916 1692 multa
932 1665 1003 1694 Deus

210 1714 283 1737 esset
296 1715 433 1745 operatus,
449 1709 499 1736 nisi
511 1717 560 1736 nos
571 1710 778 1737 resuscitalurus
791 1715 873 1743 esset,
886 1710 933 1738 sed
947 1711 1003 1739 dis-

209 1756 345 1783 soluturus
363 1761 390 1784 et
405 1756 430 1783 in
447 1756 558 1783 nihilum
573 1756 729 1783 redacturus
743 1764 750 1782 :
763 1764 815 1784 non
831 1762 932 1784 tanttun
946 1766 1000 1786 c:e~

208 1803 262 1829 lum
276 1802 453 1833 extendissct,
466 1809 518 1829 non
533 1806 630 1829 terram
653 1802 792 1830 stravisset
805 1823 812 1834 .
829 1811 880 1830 non
905 1808 1000 1831 eadem

208 1848 297 1875 omnia
314 1855 362 1883 pro
378 1848 427 1875 hac
449 1847 535 1875 solum
559 1847 632 1875 brevi
648 1849 699 1874 vita
723 1849 841 1876 fecisset.
860 1850 887 1877 Si
911 1855 1000 1877 autem

209 1893 266 1921 htec
280 1893 343 1921 fecit
358 1901 407 1929 pro
420 1894 556 1929 praesenti,
571 1893 634 1928 quid
648 1901 700 1921 non
722 1893 802 1922 faciet
827 1902 876 1929 pro
892 1895 1000 1924 futura?

208 1940 235 1967 Si
251 1948 314 1968 vero
329 1940 402 1968 nulla
428 1941 462 1968 sit
483 1940 581 1973 futura,
613 1941 664 1974 iis,
680 1949 739 1975 qua:
765 1949 812 1975 pro
834 1942 910 1969 nobis
931 1943 998 1970 facta

207 1992 278 2019 sunt,
290 1988 369 2021 longe
382 1995 474 2014 sumus
486 1987 604 2014 viliores.
620 1987 685 2014 Nam
699 1987 805 2020 catltnn,
825 1993 911 2022 terra,
926 1997 1000 2017 mare

208 2038 235 2060 ct
256 2032 365 2060 ﬂumina
381 2039 444 2060 sunt
455 2034 532 2061 nobis
545 2034 692 2066 stabiliora,
709 2041 813 2062 necnon
832 2035 908 2062 bruta
923 2045 998 2070 qua:-

207 2080 269 2106 dam
283 2088 289 2106 :
305 2087 366 2107 nam
380 2084 404 2107 et
415 2079 506 2107 cornix
518 2084 544 2107 et
554 2080 755 2114 elephantorum
767 2088 862 2115 genus,
876 2087 902 2108 et
916 2083 997 2110 ntulta

206 2126 257 2153 alia
273 2126 438 2154 diutttrniorc
448 2127 502 2153 vita
526 2127 651 2161 prtesenti
672 2126 803 2154 fruuntur.
819 2127 902 2155 Nobis
916 2129 996 2156 etiam

205 2177 233 2199 et
246 2172 333 2200 brevis
348 2177 376 2199 ct
388 2173 519 2200 laboriosa
543 2178 583 2200 est
599 2173 668 2204 vita:
693 2173 740 2200 sed
761 2181 814 2201 non
843 2175 913 2202 illis:
935 2183 995 2203 nam

207 2220 283 2254 longa
303 2227 397 2247 eorum
414 2220 465 2246 vita
482 2224 540 2252 est,
566 2228 598 2247 ac
618 2220 778 2248 maeroribus
797 2221 922 2256 eurisque
947 2231 996 2249 va-

179 2269 184 2274 ‘
205 2273 266 2293 cna.
279 2266 347 2298 Quid
367 2273 448 2300 ergo,
462 2266 506 2292 dic
519 2266 584 2292 mihi
594 2287 602 2299 ,
617 2274 746 2294 servosne
760 2267 880 2294 melioris
900 2268 995 2295 condi-

206 2312 287 2338 tionis
302 2311 362 2339 feeit
377 2319 455 2346 quam
477 2312 620 2339 dominos?
633 2312 681 2345 Ne,
693 2320 794 2348 quteso,
811 2321 844 2340 ne
861 2313 921 2340 talia
937 2314 994 2341 exi-

205 2357 320 2384 stimes:
350 2364 436 2392 neque
459 2357 495 2384 sis
521 2361 609 2384 mente
635 2357 731 2392 inops,
758 2365 775 2385 ο
805 2358 902 2391 homo,
929 2366 995 2386 neve

204 2403 311 2437 ignores
325 2403 430 2430 divitias
445 2403 490 2430 Dei
503 2425 511 2436 ,
536 2411 595 2431 cum
612 2404 691 2431 talem
715 2404 814 2431 ltabeas
841 2405 992 2432 Dominum.

204 2448 271 2476 Nam
285 2449 319 2475 ab
333 2449 407 2476 initio
424 2450 493 2476 Deus
505 2455 530 2476 te
541 2449 718 2477 immortalem
730 2450 820 2477 facere
832 2450 912 2477 voluit
925 2459 932 2480 :
946 2450 993 2478 sed

207 2499 236 2521 ιιι
252 2494 369 2521 noluisti.
386 2494 596 2522 lnunortalitatis
607 2495 678 2522 enim
691 2495 834 2530 aenigmata
849 2501 924 2522 erant
937 2496 991 2530 illa,

203 2540 366 2574 colloquium
380 2549 440 2567 enin
464 2541 518 2568 Deo
531 2562 538 2572 ,
555 2541 608 2568 vita
626 2549 679 2568 non
705 2540 855 2574 laboriosa,
882 2541 991 2568 liberum

202 2593 264 2613 esse
274 2594 288 2613 a
303 2586 411 2620 dolore,
429 2594 492 2614 cura
506 2592 588 2622 atque
603 2586 738 2614 laboribus
752 2586 865 2621 aliisque
887 2591 991 2621 tempo-

203 2633 302 2660 raneis.
318 2632 410 2668 Neque
429 2634 499 2660 enim
520 2638 594 2661 veste
608 2641 676 2668 opus
692 2633 806 2660 habebat
819 2634 903 2661 Adam
914 2654 921 2666 ,
939 2642 990 2662 non

201 2683 284 2712 tecto,
299 2687 351 2706 non
361 2680 415 2707 alio
427 2681 522 2715 quovis
537 2681 617 2708 simili
628 2686 771 2714 apparatu;
787 2680 832 2708 sed
848 2681 931 2716 magis
942 2689 986 2708 an-

201 2726 268 2760 gelis
288 2726 381 2753 similis
399 2731 473 2760 erat,
501 2727 583 2754 multa
598 2727 746 2754 futurorum
768 2727 944 2762 prtesciebat,
964 2732 992 2754 et

201 2772 330 2806 sapientia
353 2778 410 2800 erat
426 2774 507 2800 multa
523 2773 627 2808 plenus.
647 2773 679 2800 Et
694 2774 764 2809 qttod
786 2774 900 2802 latenter
922 2775 991 2802 Deus

201 2817 262 2845 fecit
275 2839 282 2850 ,
299 2818 324 2845 id
339 2819 382 2846 ille
393 2820 533 2853 cognovit,
550 2819 620 2846 circa
633 2819 771 2847 mulierem
793 2819 895 2847 scilicet
906 2828 914 2852 ;
930 2818 991 2847 ideo

198 2864 302 2893 dicebat
316 2873 321 2891 :
341 2864 396 2892 Ησι
411 2872 476 2892 nunc
491 2873 518 2892 οι
529 2873 559 2893 ex
574 2865 669 2893 ossibus
685 2866 754 2900 meis,
767 2871 788 2892 et
802 2873 861 2892 caro
872 2873 902 2892 ea:
914 2873 989 2892 carne

555 137 583 166 Ξ.
602 135 741 164 JOANNIS
758 131 996 162 CHRYSOSTOMI
1016 130 1173 160 ABCHIEP.
1194 131 1458 162 CONSTANTINOP.

1807 134 1855 163 ut

1067 197 1122 216 mea
1137 189 1213 225 (Gen.
1229 191 1257 218 9..
1272 190 1329 225 25).
1357 191 1445 218 Labor
1472 194 1561 218 antem
1587 195 1676 226 postea
1699 196 1773 219 ortus
1796 199 1855 224 est.

1063 234 1161 262 deinde
1168 235 1261 268 sudor,
1272 241 1362 270 postea
1375 236 1460 270 pudor
1471 242 1498 263 et
1511 237 1592 264 timor
1601 241 1628 264 et
1639 237 1721 264 libere
1729 237 1856 272 loquendi

1063 279 1206 309 difficultas
1223 290 1230 308 :
1256 287 1318 309 tunc
1331 283 1402 309 enim
1429 290 1480 310 non
1498 290 1607 315 mteror,
1621 290 1673 310 non
1687 283 1774 318 dolor,
1802 285 1856 312 non

1064 326 1189 361 gemitus.
1205 326 1257 355 Sed
1273 328 1298 355 in
1313 327 1442 362 dignitate
1457 328 1502 355 illa
1518 337 1570 356 non
1585 329 1694 357 mansit.

1098 372 1125 398 4.
1141 372 1210 406 Quid
1234 380 1297 408 ergo
1308 394 1314 404 .
1345 374 1448 408 inquies
1459 395 1466 406 ,
1483 374 1577 402 faciam
1592 374 1662 410 ego?
1688 380 1799 411 propter
1825 377 1857 404 il~

1064 417 1154 445 lumne
1168 419 1294 453 peream?
1306 419 1363 446 Non
1376 427 1440 447 sane
1452 425 1561 455 propter
1572 421 1648 448 illum
1661 429 1669 448 :
1686 430 1773 457 neque
1783 423 1855 450 enim

1062 468 1090 491 ιιι
1106 464 1165 491 sine
1189 469 1299 499 peccato
1320 466 1516 498 mansisti,sed
1532 467 1636 494 etiamsi
1663 476 1715 494 non
1737 468 1854 502 idipsunt

1063 515 1201 544 peceatum
1214 531 1221 542 ,
1237 511 1308 538 aliud
1324 511 1415 545 utiqtte
1430 511 1572 539 admisisti.
1587 512 1712 548 Alioquin
1736 518 1826 541 autem
1839 523 1854 541 a

1063 555 1201 589 punitione
1216 563 1269 583 non
1284 556 1412 583 damuutn
1427 558 1555 591 accepisti
1566 577 1574 589 .
1602 558 1648 586 sed
1673 559 1791 587 lucratus
1812 568 1853 588 es.

1061 599 1126 627 Nam
1141 601 1162 627 si
1177 601 1318 629 debuisses
1330 609 1439 636 semper
1450 603 1571 630 mortalis
1588 611 1696 632 manere
1706 625 1712 636 ,
1737 605 1853 641 aliquant

1061 645 1130 673 forte
1143 647 1274 674 rationem
1292 647 1402 675 haberet
1415 648 1440 675 id
1449 648 1518 683 quod
1533 648 1632 675 dictum
1646 655 1688 677 est
1700 659 1706 677 :
1721 659 1791 678 nttnc
1803 660 1854 678 au-

1062 696 1115 718 tem
1132 692 1289 719 itnntortalis
1304 701 1343 725 es,
1369 698 1395 720 ct
1407 694 1428 720 si
1446 693 1511 720 velis
1524 714 1532 725 ,
1558 694 1616 728 plus
1638 703 1716 728 quam
1731 697 1770 723 sol
1797 697 1854 731 ipse

1061 737 1202 772 splendere
1216 738 1327 772 poteris.
1350 739 1402 766 Sed
1417 739 1466 766 nisi
1482 740 1595 767 mortale
1609 748 1707 775 corpus
1731 743 1853 777 acer-pis-

1060 791 1129 815 sem,
1146 785 1251 820 inquies
1262 805 1269 817 ,
1287 792 1340 811 non
1360 792 1525 820 peccassem.
1541 786 1609 818 Quid
1624 794 1706 822 ergo,
1729 795 1762 815 an
1788 789 1832 816 ille
1844 810 1852 822 ,

1060 837 1169 864 quaesti,
1197 831 1310 859 mortale
1336 839 1435 866 corpus
1458 831 1559 859 habens
1586 834 1728 868 peccavit?
1749 833 1854 869 Nequa-

1059 883 1139 910 quam
1157 885 1162 902 :
1179 884 1240 904 nam
1255 876 1277 904 si
1293 877 1407 904 mortale
1423 876 1531 909 fuisset.
1550 886 1602 905 non
1626 883 1716 913 postea
1730 881 1852 914 supplicii

1059 921 1120 949 loco
1139 927 1252 949 murteta
1281 930 1388 956 passum
1414 927 1496 951 esset.
1522 924 1598 958 Quod
1624 929 1713 952 autem
1741 927 1853 954 mortale

1059 974 1157 1001 corpus
1172 975 1224 993 non
1241 968 1276 994 sit
1299 967 1520 1002 impedimenttnn
1541 969 1573 996 ad
1591 969 1731 1004 virtutem,
1757 972 1804 999 sed
1827 978 1854 1000 et

1060 1018 1253 1048 temperantem
1270 1014 1363 1041 reddat
1373 1020 1399 1042 et
1413 1015 1525 1042 multtutt
1538 1016 1669 1051 conferat,
1686 1017 1749 1046 ltinc
1765 1019 1852 1053 palattt

1059 1064 1109 1086 est.
1125 1059 1154 1087 Si
1166 1060 1237 1087 enim
1261 1060 1468 1088 iunnortalitatis
1492 1064 1659 1097 exspectatio
1673 1065 1761 1092 solum
1782 1066 1852 1092 Ada-

1060 1114 1131 1134 nntm
1147 1111 1247 1134 tantuut
1260 1108 1368 1140 extulit;
1385 1108 1407 1135 si
1420 1116 1512 1137 revera
1526 1110 1684 1138 immortalis
1697 1113 1851 1145 ntansisset,

1059 1153 1085 1180 in
1100 1159 1225 1187 quantam
1241 1155 1422 1188 arrogantiam
1439 1162 1492 1183 non
1517 1158 1711 1191 processisset?
1727 1160 1760 1187 Et
1782 1167 1853 1187 nunc

1058 1201 1164 1235 quidem
1181 1205 1239 1235 post
1256 1206 1393 1236 peccatttnt
1410 1208 1486 1237 potes
1503 1209 1610 1237 peccata
1636 1205 1743 1234 solvere
1755 1227 1763 1239 ,
1790 1215 1851 1234 ctttu

1057 1254 1154 1280 Corpus
1165 1247 1200 1274 sit
1210 1247 1319 1280 humile,
1332 1247 1466 1283 abjectum
1477 1253 1503 1276 et
1513 1249 1671 1277 dissolutum
1682 1259 1689 1283 ;
1703 1251 1743 1279 hac
1754 1255 1852 1287 quippe

1056 1292 1232 1328 cogitationes
1244 1297 1356 1327 possunt
1370 1297 1565 1328 temperantem
1580 1295 1692 1322 reddere
1704 1305 1711 1323 :
1724 1297 1745 1323 si
1761 1303 1850 1324 autem

1058 1345 1196 1372 peetraSses
1217 1338 1243 1365 in
1268 1338 1430 1370 immortali,
1445 1339 1582 1367 Stabiliont
1603 1340 1716 1368 fortasse
1740 1342 1851 1370 fuissent

1057 1389 1182 1419 peccata,
1189 1384 1247 1411 Non
1263 1392 1327 1420 ergo
1341 1385 1464 1412 mortalis
1479 1390 1573 1412 natura
1589 1394 1669 1413 causa
1684 1387 1783 1421 peccati
1797 1393 1850 1421 est,

1058 1438 1091 1457 ne
1102 1437 1228 1462 accuses;
1242 1430 1289 1457 sed
1305 1429 1403 1457 malum
1415 1430 1557 1457 voluntatis
1572 1432 1738 1466 propositum
1751 1437 1792 1460 est
1806 1441 1833 1460 ra
1845 1449 1851 1453 -

1055 1476 1099 1503 dix
1126 1476 1268 1503 malorum.
1283 1476 1337 1503 Cur
1351 1475 1423 1503 enim
1449 1475 1558 1503 Alielem
1573 1483 1672 1511 eorpns
1692 1486 1744 1505 non
1761 1478 1851 1506 ltesit?

1056 1529 1103 1548 cur
1114 1521 1179 1548 nihil
1193 1521 1291 1556 profuit
1304 1521 1480 1554 dtcmonibns,
1495 1522 1565 1556 quod
1579 1527 1669 1550 essent
1680 1523 1850 1559 incorporei?

1056 1567 1102 1595 Vis
1117 1568 1187 1595 scire
1201 1567 1336 1603 quomodo
1351 1575 1450 1602 corpus
1464 1568 1578 1595 mortale
1602 1576 1655 1595 non
1671 1569 1769 1597 heserit
1779 1591 1787 1604 ,
1801 1571 1849 1598 sed

1054 1614 1133 1641 etiant
1152 1613 1244 1648 juvet?
1266 1613 1437 1648 audiqttanta
1461 1613 1523 1641 hinc
1548 1614 1677 1648 lncreris,
1704 1615 1725 1642 si
1743 1615 1848 1650 vigiles.

1054 1660 1213 1688 Matt-oribus
1224 1681 1230 1693 ,
1246 1660 1384 1687 doloribus
1398 1665 1478 1694 atque
1495 1659 1632 1687 laboribus
1646 1659 1759 1696 aliisque
1772 1661 1847 1688 simi-

1055 1707 1124 1734 libus
1140 1711 1165 1734 te
1181 1706 1292 1734 retrahit
1307 1711 1333 1733 et
1348 1706 1439 1733 avellit
1454 1712 1467 1732 a
1481 1706 1556 1732 vitio.
1571 1705 1623 1733 Sed
1640 1707 1719 1733 etiam
1735 1707 1767 1734 ad
1793 1707 1847 1734 for-

1054 1753 1227 1785 nicationem,
1242 1752 1358 1787 inquies,
1375 1751 1477 1779 trahit?
1491 1751 1549 1778 Non
1566 1759 1674 1786 corpus,
1691 1752 1739 1780 sed
1754 1753 1846 1780 incon—

1053 1799 1165 1826 tinentia
1180 1808 1186 1826 :
1207 1798 1263 1826 hzec
1278 1799 1378 1833 quippe
1391 1798 1491 1831 omnia,
1506 1806 1566 1833 quin
1579 1798 1645 1832 dixi,
1660 1799 1769 1826 omnino
1786 1807 1847 1827 cor-

1054 1846 1127 1881 poris
1141 1850 1214 1873 suut.
1227 1846 1397 1880 Quapropter
1412 1845 1467 1872 fieri
1485 1845 1577 1880 nequit
1599 1850 1628 1872 ut
1643 1846 1722 1873 homo
1737 1848 1762 1874 in
1777 1847 1846 1875 hanc

1052 1892 1132 1918 vitam
1147 1891 1256 1918 veniens
1269 1899 1322 1917 tton
1336 1891 1443 1923 doleat,
1468 1890 1571 1918 laboret
1591 1896 1616 1918 et
1635 1897 1766 1925 maereat;
1792 1901 1844 1920 tton

1052 1937 1177 1965 fornicari
1190 1944 1254 1964 vero
1277 1941 1373 1971 potest.
1389 1935 1480 1971 Itaque
1495 1937 1516 1963 si
1541 1941 1644 1963 natura:
1660 1938 1781 1973 corporis
1801 1946 1845 1966 es-

1050 1989 1111 2011 sent
1124 1991 1166 2014 ea.
1182 1991 1241 2018 qua:
1257 1982 1290 2009 ad
1306 1983 1367 2010 vitia
1384 1983 1536 2018 pertinent,
1554 1984 1713 2011 universalia
1729 1992 1821 2013 essent
1835 1995 1841 2012 :

1051 2030 1113 2056 talia
1127 2029 1198 2057 enim
1213 2028 1345 2056 naturalia
1357 2034 1437 2060 sunt;
1452 2034 1479 2055 at
1497 2037 1549 2056 non
1564 2030 1623 2056 talis
1637 2038 1680 2057 res
1703 2036 1743 2058 cst
1759 2033 1844 2059 forni-

1049 2075 1104 2103 cari
1118 2083 1125 2102 :
1142 2075 1234 2102 dolere
1250 2074 1310 2102 inde
1323 2074 1456 2109 provenit,
1474 2075 1599 2102 fornicari
1618 2080 1708 2103 autem
1727 2085 1759 2104 ex
1776 2086 1838 2112 pro-

1049 2122 1136 2157 posito
1151 2121 1305 2149 voluntatis.
1318 2120 1357 2148 Ne
1369 2128 1434 2156 ergo
1446 2128 1543 2155 corpus
1558 2129 1687 2155 accuses,
1704 2130 1738 2150 ne
1757 2124 1841 2150 hono-

1050 2177 1106 2196 rem
1122 2169 1168 2196 tibi
1183 2167 1285 2195 auferat
1296 2167 1418 2195 diabolus
1429 2188 1436 2200 ,
1459 2175 1539 2202 quem
1556 2168 1602 2195 tibi
1616 2169 1690 2196 dedit
1714 2170 1794 2197 Deus.
1812 2171 1842 2197 Si

1048 2215 1118 2242 enint
1140 2214 1253 2241 velimus
1267 2233 1274 2245 ,
1289 2213 1417 2247 optimutn
1445 2212 1548 2240 frenum
1564 2213 1615 2240 erit
1634 2221 1732 2248 corpus
1743 2234 1751 2247 ,
1768 2216 1842 2250 quod

1047 2260 1144 2287 animte
1155 2259 1268 2286 insultus
1281 2263 1415 2291 coerceat,
1430 2259 1607 2293 arrogantiam
1618 2260 1726 2292 avellal,
1742 2261 1840 2288 fastum

1047 2306 1193 2340 reprimat,
1217 2309 1245 2332 et
1261 2305 1287 2332 in
1301 2304 1436 2340 prteclaris
1458 2304 1584 2338 operibus
1599 2305 1676 2332 nobis
1695 2306 1836 2334 ministret.

1047 2351 1085 2378 Ne
1096 2351 1162 2378 mihi
1173 2351 1290 2378 furentes
1302 2350 1432 2385 quosdam
1448 2350 1521 2378 dicas
1537 2360 1543 2377 :
1560 2358 1621 2378 nam
1635 2359 1706 2387 s:I-pe
1717 2352 1837 2380 videmus

1046 2404 1130 2432 equos
1143 2397 1260 2432 aurigam
1281 2396 1454 2424 deturbantes
1469 2404 1529 2423 cum
1545 2396 1621 2424 freno
1634 2401 1662 2424 et
1678 2405 1725 2432 per
1746 2399 1838 2432 pra-ei-

1047 2443 1110 2478 pitia
1133 2451 1194 2470 sese
1217 2442 1329 2475 dantes;
1345 2442 1392 2470 sed
1417 2442 1520 2470 frenum
1538 2451 1590 2470 non
1605 2443 1760 2478 culpamus;
1783 2452 1836 2471 non

1046 2491 1117 2517 enim
1135 2490 1196 2517 illttd
1220 2490 1352 2524 abjectum
1379 2490 1404 2516 in
1426 2494 1571 2521 causaest,
1588 2489 1635 2517 sed
1659 2490 1768 2525 auriga,
1791 2491 1836 2525 qui

1046 2544 1099 2564 ntnt
1115 2536 1232 2567 retinuit,
1246 2536 1334 2562 omnia
1348 2535 1474 2570 perdidit.
1490 2535 1526 2562 Ita
1542 2535 1585 2562 hic
1599 2543 1706 2571 quoque
1717 2540 1809 2569 reputa
1828 2545 1834 2563 ;

1045 2583 1068 2609 si
1093 2582 1191 2610 videris
1217 2582 1343 2615 juvenem
1362 2581 1531 2616 orphanum,
1554 2586 1581 2609 et
1604 2582 1671 2609 tuala
1695 2582 1835 2610 innttmera

1045 2633 1242 2663 perpetranlem
1254 2648 1260 2657 .
1278 2635 1310 2655 ne
1336 2635 1434 2662 corpus
1457 2628 1575 2659 incuses,
1591 2627 1637 2655 sed
1649 2628 1767 2663 aurigam
1791 2629 1834 2663 qui

1046 2674 1168 2704 trahitur,
1179 2681 1275 2708 nempe
1294 2674 1435 2701 rationem.
1449 2673 1523 2701 Sient
1537 2673 1607 2700 eniltt
1630 2673 1704 2701 frena
1719 2682 1770 2700 non
1787 2682 1834 2701 ne-

1044 2725 1144 2760 gotiunt
1155 2724 1254 2751 faciunt
1264 2724 1374 2758 aurigae,
1388 2723 1436 2750 sed
1448 2723 1491 2750 ille
1501 2723 1620 2750 omnium
1633 2730 1713 2749 causa
1725 2727 1777 2754 est,
1790 2722 1834 2756 qtti

1045 2771 1163 2798 habenas
1182 2777 1234 2796 non
1258 2769 1341 2804 probe
1359 2769 1475 2800 retinet;
1498 2768 1610 2804 ideoque
1632 2769 1666 2795 ab
1682 2768 1726 2794 illo
1742 2775 1834 2802 ptenas

1045 2820 1180 2851 repetunt,
1195 2823 1255 2842 cum
1274 2815 1318 2841 illo
1332 2815 1497 2849 complicatis:
1512 2814 1622 2842 habena:
1635 2820 1662 2841 et
1675 2821 1736 2841 eum
1750 2818 1833 2840 attra-

1047 2862 1113 2889 hunt
1127 2866 1154 2889 et
1167 2865 1264 2897 cogunt
1278 2868 1337 2888 esse
1350 2861 1505 2897 participem
1523 2860 1657 2888 infortunii
1672 2860 1713 2888 sui
1726 2868 1732 2886 :
1748 2860 1783 2886 ita
1807 2863 1834 2886 et
