2041 3111
170 122 222 155 “3

168 186 201 212 οὗ
214 185 253 221 τῷ
270 187 415 224 ἀκοιμήτῳ
423 189 554 226 ὀφθαλμῷ
564 199 570 204 ·
584 191 682 227 ἐκείνῳ
696 193 750 228 7&9
762 193 872 220 ἃπαντα
882 193 959 228 δῆλα.

141 256 143 258 _
170 229 225 271 Καὶ
245 229 277 255 σὺ
295 229 345 271 μὲν
359 230 410 265 οὐχ
427 231 494 266 ὁρᾷς
506 232 556 267 τὴν
575 233 605 259 ἐν
625 235 658 268 τῇ
674 234 805 270 συγχύσει
818 235 960 271 διαίρεσιν,

169 270 274 313 διαίνος
295 270 323 297 δὲ
344 271 436 299 πάντα
456 271 542 300 οἶδεν
564 274 626 301 ἐπεὶ
645 275 693 302 καὶ
715 275 751 302 τά
766 277 795 303 ὲν
813 277 846 312 τῇ
863 270 963 313 καρδίᾳ

169 312 205 338 σὺ
225 311 275 347 μὲν
295 313 405 346 ἀγνοεῖς
423 314 472 341 τοῦ
487 314 601 350 πλησίον
611 335 619 347 ,
633 317 737 349 ἐκεῖνος
756 318 784 344 δὲ
800 311 890 345 πάντα
902 311 962 345 Ἲέπὲ

172 353 290 381 ίοτατιιι.
305 355 336 381 El
356 355 447 382 τοίνυν
470 357 563 392 ἐπειδὴ
583 359 691 392 ἀγνοεῖς
713 360 773 391 πῶς
791 360 933 395 ἀνίστησιν
948 361 963 386 ό

170 395 252 428 Θεὸς,
271 396 398 429 ἀπιστεῖς
417 398 458 424 ὄτι
478 398 637 435 ἀνίστησιν,
669 401 832 437 ἀπιστήσεις
849 403 889 429 ὅτι
914 402 962 429 καὶ

170 438 204 465 τά
218 439 247 464 ἐν
263 439 297 473 τῇ
311 438 416 474 διανοίᾳ
428 437 513 474 οἷδεν;
533 441 563 468 ού
583 442 709 476 φαίνεται
724 443 779 479 7&9
792 444 853 471 οὺδέ
863 445 961 473 ταῦτα.

171 479 268 506 Καίτοι
291 480 338 506 ἐπὶ
360 481 408 507 τοῦ
437 481 563 517 σώματος
595 484 645 518 μὲν
673 483 723 519 ὓλη
751 485 826 512 ἐστὶν
855 485 960 521 ὁρατὴ,

171 520 221 547 κάν
243 520 375 558 διαλυθῇ·
391 523 494 550 ἐκεῖναι
512 524 540 551 δὲ
561 525 588 551 αί
608 525 707 552 έννοιαι
732 526 854 562 ἀόρατοι.
873 520 906 554 7'0
927 520 962 554 τὰ

171 562 276 597 ἀόρατα
293 563 384 590 τοίνυν
408 564 485 597 είδὼς
513 565 583 600 μετά
605 567 750 602 ἀκριϐείας
777 569 904 605 ἀπάσης,
928 569 962 596 τά

171 604 256 646 δρατά
278 605 329 632 οὐκ
348 606 460 641 ὄψεται,
475 608 522 634 καὶ
546 607 681 644 διαιρήσει
700 610 800 645 ῥαδίως
817 611 848 638 τὸ
864 604 961 646 σῶμα;

171 645 257 672 Παντί
275 655 328 673 που
344 647 433 682 δῆλον.
448 649 494 684 Μὴ
515 649 606 676 τοίνυν
621 651 731 678 ἀπίστει
743 653 776 687 τῇ
794 645 943 679 ἀναστάσει
953 662 961 669 θ

170 686 324 715 δηϐολικὰν
348 690 401 724 γὰρ
425 690 455 716 τὸ
474 691 579 727 δόγμα·
607 692 654 719 καὶ
678 686 826 725 σπουδάζει
844 693 925 722 τοῦτο
949 695 962 722 6

170 728 306 762 διάϐολος,
331 731 380 766 οὐχ
401 731 445 758 ἵνα
467 732 616 765 ἀνάστασις
632 734 770 771 ἀπιστηθῇ
796 735 886 770 μόνον,
904 736 962 763 ἀλλ’

171 771 215 797 ἵνα
230 772 320 799 καὶτὰ
331 773 382 808 τῆς
392 774 493 810 ἀρετῆς
503 773 572 810 ἔργα
581 776 723 812 καταλυθῇ
734 778 781 803 καὶ
791 777 926 813 ἀπόληται
936 784 960 805 ³.

172 813 334 849 Ἄνθρωπος
352 815 407 851 γὰρ
419 816 458 851 μὴ
469 817 629 852 προσδοκῶν
639 818 840 854 ἀναστήσεσθαι
851 820 900 846 καὶ
911 819 962 847 δώ-

172 863 230 881 σειν
244 855 325 897 λόγον
350 856 404 883 τῶν
424 859 647 893 πεπραγμένων,
670 860 719 895 οὐχ
741 860 841 896 ἅψεται
855 862 962 897 ταχέως

173 895 274 932 ἀρετῆς
285 905 292 910 ·
308 897 358 932 οὐχ
372 898 525 934 ἀπτόμενος
545 900 574 927 δὲ
592 901 708 936 ἀρετῆς,
733 895 908 938 διαπιστήσει
927 905 960 938 τῇ

171 939 316 965 ἀναστάσει
332 939 429 966 πάλιν·
446 941 590 977 ἀμφότερα
605 943 660 978 γὰρ
673 943 718 969 ὑπ’
735 944 860 979 ἀλλήλων
876 953 960 972 κατα-

171 980 343 1013 σκευάζεται,
357 982 374 1016 ἡ
388 982 471 1009 κακία
483 983 536 1010 ὑπὸ
545 983 596 1018 τῆς
607 985 747 1017 ἀπιστίας,
758 986 806 1013 καὶ
817 987 834 1022 ὴ
845 987 960 1013 ἀπιστία

170 1021 222 1048 ὑπὸ
237 1022 288 1057 τῆς
301 1023 411 1055 κακίας.
426 1024 535 1051 Πολλῶν
548 1025 603 1061 7&9
617 1021 834 1062 πεπληρωμένον
847 1029 879 1055 τὸ
898 1037 959 1055 συν-

168 1063 238 1095 ειδὸς
256 1064 406 1100 πονηριῶν,
420 1065 539 1098 δεδοικὸς
557 1068 605 1094 καὶ
620 1068 722 1103 τρέμον
743 1069 793 1104 τὴν
810 1070 959 1105 μέλλουσαν

168 1105 312 1138 ἀντίδοσιν,
334 1107 427 1142 ἐπειδὴ
451 1108 488 1144 μὴ
510 1108 634 1143 βούλεται
658 1110 712 1137 ἀπὸ
733 1111 783 1146 τῆς
805 1112 959 1146 μεταϐολῆς

165 1146 215 1180 τῆς
239 1147 286 1173 ἐπὶ
307 1148 343 1174 τά
360 1148 492 1176 κάλλιστα
515 1150 566 1185 τὴν
590 1151 766 1187 παραμυθίαν
785 1153 957 1188 πορίζεσθαι,

165 1188 221 1215 ἀπὸ
234 1191 286 1224 τῆς
301 1190 433 1222 ἀπιστίας
449 1192 638 1219 ἀναπαύεσθαι
658 1193 793 1228 βούλεται.
813 1195 851 1221 Οὐ
867 1195 959 1229 λέγον-

164 1238 210 1261 τος
227 1230 284 1272 γάρ
300 1231 350 1258 σοῦ
372 1232 523 1260 ἀνάστασιν
536 1234 598 1261 οὐδὲ
619 1235 721 1270 κρίσιν,
739 1237 866 1268 κάκεῖνος
882 1237 956 1272 ἐρεῖι

166 1271 272 1299 Οὐκοῦν
293 1272 357 1300 οὐδὲ
379 1273 435 1308 ἐγὼ
457 1274 536 1301 δώσω
558 1275 638 1309 λόγον
659 1276 715 1304 τῶν
736 1271 956 1313 τετολμημένων.

171 1313 253 1341 Ἀλλὰ
267 1314 295 1340 τί
309 1323 394 1350 φησιν
405 1316 419 1342 6
434 1316 567 1352 Χριστός;
583 1318 761 1351 Πλανᾶσθε,
781 1320 825 1354 μὴ
845 1320 958 1354 εἰδότες

164 1355 218 1389 τὰς
228 1357 363 1391 Γραφὰς,
372 1357 450 1392 μηδὲ
459 1358 517 1392 τὴν
529 1358 660 1394 δύναμιν
669 1361 721 1387 τοῦ
731 1361 814 1388 Θεοῦ.
827 1361 893 1388 Οὐδὲ
904 1363 958 1396 γὰρ

165 1397 199 1424 ἀν
213 1397 335 1425 τοσαῦτα
354 1399 602 1434 ἐπραγματεύσατο
616 1402 630 1427 6
644 1401 720 1434 Θεὸς,
735 1403 763 1429 εἴ
775 1411 806 1436 γε
823 1403 861 1438 μὴ
875 1403 956 1439 ἐμελ-

167 1438 212 1465 λεν
222 1439 386 1476 ἀναστήσειν
399 1442 482 1476 ἡμᾶς,
497 1442 565 1468 ἀλλὰ
576 1442 693 1472 διαλύειν
705 1443 752 1470 καὶ
764 1438 905 1478 ἀφανίζειν
917 1446 956 1476 εἰς

167 1481 197 1507 τὸ
216 1481 317 1517 μηδέν·
337 1482 388 1509 οὐκ
403 1482 436 1509 ἂν
452 1483 498 1510 τὸν
512 1483 626 1519 οὐρανὸν
647 1484 763 1517 ἐξέτεινε
778 1485 891 1518 τοῦτον,
906 1487 957 1513 οὐκ

165 1521 199 1549 ἂν
217 1523 267 1558 τὴν
293 1523 348 1558 γῆν
370 1524 570 1561 ὑπεστόρεσεν,
588 1526 638 1553 οὐκ
653 1526 686 1553 ἀν
704 1526 740 1553 τὰ
761 1527 828 1554 ἀλλα
850 1528 958 1555 ᾶπαντα

165 1564 235 1600 ὑπὲρ
252 1565 303 1598 τῆς
323 1566 453 1602 βραχείας
471 1567 544 1602 ζωῆς
559 1568 639 1603 μόνον
654 1568 755 1604 ταύτης
769 1569 908 1604 ἐποίησεν.
925 1571 956 1597 Εἰ

165 1607 194 1633 δὲ
203 1607 275 1643 ὑπὲρ
288 1608 341 1643 τῆς
354 1609 494 1645 παρούσης
507 1610 605 1641 ταῦτα,
617 1610 644 1636 τί
658 1611 688 1637 οὐ
701 1611 810 1647 ποιήσει
823 1612 895 1647 ὑπὲρ
906 1614 956 1647 τῆς

166 1649 335 1684 μελλούσης;
352 1650 385 1676 Εἰ
398 1650 426 1677 δὲ
449 1652 488 1686 μὴ
508 1651 585 1678 ἔσται
607 1652 761 1686 μέλλουσα,
783 1654 850 1680 πολὺ
876 1655 956 1690 ἡμεῖς

164 1691 218 1717 τῶν
229 1692 264 1718 δι’
281 1693 356 1727 ἡμᾶς
370 1693 522 1728 γενομένων
537 1694 697 1729 ἀτιμότεροι
710 1696 782 1722 κατὰ
800 1696 888 1723 τοῦτο.
903 1698 957 1724 Καὶ

166 1732 218 1768 7&9
232 1733 350 1769 οὐρανὸς
365 1734 414 1761 καὶ⁵
430 1735 467 1770 γῆ
480 1736 527 1762 καὶ
541 1736 665 1763 θάλασσα
680 1737 728 1763 καὶ
746 1739 865 1773 ποταμοὶ
881 1748 957 1773 μονι-

168 1774 277 1811 μώτερα
296 1776 387 1811 ὴμῶν,
411 1777 460 1804 καὶ
482 1777 536 1805 τῶν
558 1778 664 1813 ἀλόγων
685 1779 713 1805 δὲ
735 1779 793 1806 ένια
806 1788 812 1794 ·
834 1782 881 1808 καὶ
902 1782 956 1817 7&9

165 1816 273 1853 κορώνη
286 1818 335 1844 καὶ
351 1817 382 1844 τὸ
393 1818 447 1844 τῶν
458 1819 612 1853 ἐλεφάντων
626 1820 705 1854 γένος
719 1822 766 1847 καὶ
778 1821 865 1848 πολλά
874 1816 956 1858 ἕτερα

164 1858 275 1900 πλείονα
290 1859 386 1895 χρόνον
401 1860 531 1887 ἀπολαύει
545 1862 596 1896 τῆς
613 1861 754 1897 παρούσης
770 1862 852 1899 ζωῆς.
874 1864 956 1900 Ἡμῖν

163 1899 192 1926 δι
206 1901 254 1927 και
269 1901 372 1936 βραχὺς
385 1902 432 1928 καὶ
447 1902 573 1934 ἐπίπονος
584 1904 598 1929 ό
613 1902 679 1938 βίος,
693 1904 750 1931 ἀλλ’
764 1905 814 1931 οὒκ
828 1899 953 1939 ἐκείνοις,

164 1942 234 1969 ἀλλά
252 1943 300 1969 καὶ
313 1943 428 1979 μακρὸς,
441 1944 488 1970 καὶ
501 1944 600 1979 μᾶλλον
614 1945 734 1981 ἀθυμίας
745 1946 793 1973 καὶ
806 1949 955 1983 φροντίδων

164 1984 384 2019 ἀπηλλαγμένος.
401 1985 434 2011 Τί
452 1983 509 2017 οὖν,
528 1986 590 2012 εἰπέ
609 1994 669 2021 μοι,
687 1987 749 2019 τοὺς
766 1987 876 2021 δούλους
893 1990 954 2025 βελ-

164 2025 238 2057 τίους
265 2026 378 2061 ἐποίησε
404 2026 458 2052 τῶν
479 2027 634 2060 δεσποτῶν;
652 2028 708 2063 Μὴ.
725 2030 895 2065 παρακαλῶ,
917 2031 954 2067 μὴ

164 2067 249 2094 ταῦτα
263 2068 383 2102 λογίζου,
395 2069 462 2104 μηδὲ
475 2068 599 2104 πτώχευε
612 2070 661 2105 τὴν
675 2070 804 2104 διάνοιαν,
815 2071 953 2107 ἄνθρωπε,

165 2109 234 2145 μηδὲ
250 2110 344 2144 ἀγνόει
367 2110 413 2136 τὸν
436 2110 552 2137 πλοῦτον
572 2111 619 2137 τοῦ
635 2111 714 2144 Θεοῦ,
740 2113 860 2140 τοιοῦτον
885 2113 954 2150 ἔχων

163 2151 314 2186 “mm.
332 2152 387 2179 Καὶ
400 2152 455 2188 7&9
467 2152 498 2184 ἐξ
512 2153 599 2188 ἀρχῆς
614 2161 644 2179 σε
656 2152 781 2181 ἐϐούλετο
793 2154 927 2182 ἀθάνατον
940 2157 954 2183 6

163 2193 230 2225 Θεὸς
245 2194 369 2228 ποιῆσαι,
389 2194 446 2221 ἀλλ’
464 2195 516 2221 οὐκ
531 2195 667 2231 ἠθέλησας
685 2195 727 2223 σύ.
745 2196 801 2223 Καὶ
815 2196 868 2232 γὰρ
887 2198 954 2225 ἀθα-

164 2235 261 2267 νασίας
274 2236 424 2271 αἰνίγματα
436 2237 528 2263 ἐκεῖνα
540 2235 585 2273 ἦν,
599 2238 616 2272 ἡ
631 2237 700 2273 πρὸς
714 2239 759 2264 τὸν
771 2239 838 2265 Θεὸν
850 2240 953 2274 ὁμιλία,

164 2277 194 2304 τὸ
212 2277 406 2313 ἀταλαίπωρον
421 2277 474 2313 τῆς
489 2278 574 2313 ζωῆς,
589 2279 621 2305 τὸ
634 2278 722 2315 λύπης
744 2280 791 2307 καὶ
807 2281 954 2316 φροντίδων

164 2319 339 2355 ἀπηλλάχθαι
352 2321 400 2347 καὶ
414 2320 504 2347 πόνων
513 2340 521 2352 ,
534 2321 582 2347 καὶ
597 2320 652 2348 τῶν
668 2321 755 2349 ἄλλων
775 2322 830 2349 τῶν
846 2324 954 2351 ἐπικαί-

165 2369 229 2396 ρων.
246 2360 316 2389 Οὔτε
333 2361 388 2397 γὰρ
404 2361 512 2397 ἱματίου
531 2361 616 2388 ἐδεῖτο
631 2363 645 2389 ὁ
664 2362 765 2399 Ἀδάμ,
779 2364 829 2391 οὐκ
841 2365 952 2401 ὀρόφου,

165 2402 241 2439 U50]
264 2403 316 2429 οὐκ
340 2403 424 2439 ἄλλης
446 2403 525 2442 τινὸςν
535 2403 663 2440 τοιαύτης
686 2408 874 2442 κατασκευῆς,
896 2408 953 2435 ἀλλ’

166 2444 290 2478 ἀγγέλοις
309 2445 410 2480 μᾶλλον
433 2441 532 2480 ἐῴκει,
550 2446 596 2472 καὶ
618 2445 704 2473 πολλά
729 2447 784 2473 τῶν
801 2441 954 2483 μελλόντων

166 2486 286 2522 προῄδει,
297 2487 345 2513 καὶ
354 2487 449 2521 σοφίας
461 2487 641 2523 ἐπεπλήρωτο
653 2487 763 2524 πολλῆς.
776 2490 831 2516 Καὶ
841 2490 855 2516 6
866 2490 953 2527 λάθρα

167 2528 292 2563 ἐποίησεν
309 2529 324 2555 6
340 2528 416 2560 Θεὸς,
437 2529 517 2555 τοῦτο
541 2530 643 2561 ἐκεῖνος
667 2529 749 2563 ἔγνω,
773 2531 803 2558 τὸ
825 2533 890 2567 περὶ
904 2533 953 2568 τῆς

166 2569 304 2602 γυναικός·
319 2570 361 2597 διὸ
376 2571 423 2596 καὶ
437 2568 524 2604 ἐλεγε-
543 2570 633 2597 Τοῦτο
645 2571 705 2598 νῦν
720 2572 833 2600 ὀστοῦν
846 2574 880 2601 ἐκ
894 2574 953 2601 τῶν

166 2610 262 2637 ὀστῶν
273 2620 350 2645 μου,
372 2611 421 2638 καί
444 2611 522 2645 σὰρξ
535 2612 570 2639 ἐκ
585 2612 641 2647 τῆς
659 2614 773 2647 σαρκός
783 2623 853 2649 μου.
876 2616 907 2642 Ὀ
924 2617 953 2643 δὲ

166 2652 245 2684 πόνος
273 2652 388 2688 ὕστερον
419 2654 540 2688 γέγονεν,
569 2654 682 2690 ὕστερον
712 2655 809 2691 ἱδρὼς,
840 2657 952 2693 ὕστερον

166 2694 280 2729 αἰσχύνη
297 2696 343 2721 καὶ
356 2696 374 2729 ἠ
389 2695 475 2722 δειλία
489 2696 536 2722 καὶ
547 2696 578 2722 τὸ
593 2697 827 2733 ἀπαρρησίαστον·
844 2699 903 2726 τότε
924 2701 952 2727 δὲ

165 2736 195 2762 οὺ
205 2736 289 2772 λύπη,
305 2738 356 2763 οὐκ
370 2737 462 2772 ὀδύνη,
476 2737 507 2764 οὺ
522 2739 683 2774 στεναγμός.
706 2740 776 2767 Ἀλλ’
787 2742 837 2768 οὐκ
847 2742 953 2778 ἔμεινεν

165 2779 211 2805 ἐπὶ
224 2779 275 2813 τῆς
289 2779 368 2811 ἀξίας
379 2780 497 2815 ἐκείνης.

198 2895 210 2910 ⁸
224 2896 321 2927 Deerat,
334 2897 374 2921 καὶ
387 2897 512 2926 ἀπόληται.

700 135 734 162 ΙΝ
753 133 862 163 EPIST.
884 136 894 163 1
914 136 960 163 AD
977 135 1057 164 COR.
1075 136 1193 166 IIOMIL.
1216 137 1296 166 XVII.

1754 140 1808 170 ιιι

1049 193 1071 220 δ’
1074 215 1080 221 .
1097 195 1130 222 Τί
1144 193 1191 223 οὖν
1201 195 1256 230 ἐγὼ
1273 195 1361 227 πάθω,
1373 196 1439 232 φησι
1451 205 1458 229 ;
1470 196 1503 223 δι’
1514 195 1618 224 ἐκεῖνον
1634 196 1807 233 ἀπόλλυμαις

1015 235 1143 263 Μάλιστα
1161 237 1210 271 μὲν
1223 237 1254 263 οὐ
1268 237 1302 263 δι’
1318 237 1422 264 ἐκεῖνον
1433 246 1440 253 ·
1458 237 1517 264 οὐδὲ
1531 237 1585 273 7&9
1603 238 1634 265 σὺ
1648 238 1808 274 ἀναμάρτη-

1014 284 1059 308 τος
1075 277 1196 312 ἔμεινας,
1225 278 1282 305 ἀλλ’
1309 280 1333 305 εί
1360 280 1408 305 καὶ
1434 280 1472 316 μὴ
1489 279 1538 315 τὴν
1554 279 1639 316 αὐτὴν
1659 280 1806 315 ἁμαρτίαν,

1014 318 1110 353 ἑτέραν
1123 319 1190 352 γοῦν
1203 320 1338 355 ἥμαρτες.
1355 321 1461 352 Ἀλλως
1473 320 1502 348 δὲ
1516 320 1578 348 οὐδὲ
1593 320 1647 347 ἀπὸ
1659 321 1708 356 τῆς
1721 329 1808 356 τιμω-

1015 360 1077 394 ρίας
1091 359 1219 396 ἐϐλάϐης,
1235 361 1303 388 ἀλλά
1317 361 1364 388 καὶ
1379 362 1537 397 ὲκέρδανας.
1554 362 1584 388 Et
1600 363 1648 397 μὲν
1663 362 1718 397 7&9
1729 362 1808 397 ἐμελ-

1014 400 1059 432 λες
1072 400 1161 428 διόλου
1185 402 1277 437 μένειν
1300 403 1412 438 θνητὸς,
1435 404 1501 435 ἴσως
1522 402 1580 439 εἶχέ
1601 412 1663 430 τινα
1679 403 1759 438 λόγον
1776 403 1807 430 τὸ

1014 443 1160 479 εἰρημένον
1169 453 1177 460 ·
1191 444 1238 471 νῦν
1251 444 1279 471 δὲ
1297 445 1344 471 καί
1358 445 1492 477 ἀθάνατος
1503 442 1538 476 εἴ,
1552 445 1603 471 κᾶν
1617 445 1722 482 ἐθέλῃς,
1735 445 1807 480 ὑπὲρ

1012 483 1058 510 τὸν
1072 485 1147 520 ἥλιον
1167 485 1251 513 αὑτὸν
1268 485 1376 521 λάμψαι
1390 486 1504 521 δυνήσῃ.
1530 486 1598 513 Ἀλλ’
1616 488 1640 514 εἰ
1657 487 1694 522 μὴ
1709 486 1807 522 θνητὸν

1012 524 1108 553 ἔλαϐον
1128 526 1218 562 σῶμα,
1241 527 1335 563 φησὶν.
1354 527 1404 554 οὐκ
1419 527 1453 554 ἃν
1467 528 1599 563 ἥμαρτον.
1619 528 1652 554 Ti
1667 526 1724 560 οὖν,
1745 527 1805 555 εἰπέ

1014 575 1060 602 μοι
1072 575 1080 600 ;
1093 568 1208 600 ἐκεῖνος,
1221 568 1318 604 θνητὸν
1328 569 1398 604 ἔχων
1408 568 1498 604 σῶμα,
1511 570 1649 605 ἧμαρτενς
1661 569 1804 605 Οὐδαμῶς·

1012 609 1043 635 ού
1062 609 1119 646 γὰρ
1143 611 1188 641 ἂν,
1213 610 1242 637 εί
1254 619 1285 645 γε
1305 610 1402 646 θνητὸν
1418 608 1462 646 ἦν,
1486 611 1600 646 ὕστερον
1621 612 1650 638 ἐν
1667 611 1805 644 κολάσεως

1012 650 1088 684 τάξει
1111 651 1158 678 τὸν
1176 651 1291 679 θάνατον
1311 652 1469 686 ὑπέμεινεν.
1491 652 1552 679 Ὀτι
1575 653 1603 679 δὲ
1622 652 1684 679 οὔτε
1707 653 1804 689 θνητὸν

1007 692 1094 727 ’σῶμα
1109 693 1250 728 ἐμποδίζει
1274 693 1343 729 πρὸς
1361 694 1475 730 ἀρετὴν,
1492 693 1560 720 ἀλλά
1574 694 1621 720 καὶ
1642 695 1803 730 σωφρονίζει

1012 735 1059 761 καὶ¹
1084 735 1120 761 τὰ
1146 735 1263 770 μέγιστα
1279 736 1419 769 συντελεῖ,
1447 735 1525 771 δῆλον
1553 735 1669 762 ἐκεῖθεν.
1697 736 1727 762 Εἰ
1749 736 1804 772 γὰρ

1012 777 1161 813 προσδοκία
1172 778 1322 809 ἀθανασίας
1339 778 1420 813 μόνον
1439 777 1526 809 οὕτως
1542 777 1629 812 ἐπῆρε
1640 777 1687 804 τὸν
1707 777 1802 813 Ἀδὰμ,

1011 819 1035 844 εί
1051 819 1098 844 καὶ
1112 818 1151 853 τῷ
1165 819 1223 846 ϐντι
1241 819 1377 851 ἀθάνατος
1396 819 1538 853 ἐγεγόνει,
1555 818 1606 845 ποῦ
1623 818 1674 844 οὐκ
1687 818 1721 845 ἂν
1735 818 1804 845 ἀπο-
1844 839 1849 842 .

1012 859 1086 891 νοίας
1097 860 1176 895 ἐξέϐη
1188 868 1196 892 ς
1211 861 1265 887 Καὶ
1276 860 1323 887 νῦν
1337 860 1387 895 μὲν
1402 859 1533 895 ἁμαρτὼν
1549 859 1662 886 δύνασαι
1677 858 1756 886 λῦσαι
1770 859 1805 886 τὰ

1011 902 1208 937 ἁμαρτήματα,
1222 902 1269 929 τοῦ
1289 902 1415 937 σώματος
1429 901 1560 928 ταπεινοῦ
1575 901 1650 932 ὄντος
1663 901 1710 928 καὶ
1721 908 1804 927 κατα-

1011 943 1157 975 πίπτοντος
1171 944 1218 970 καὶ
1231 944 1419 979 διαλυομένου·
1438 943 1485 970 καὶ
1499 943 1554 978 γὰρ
1568 940 1647 970 αὗται
1665 943 1693 969 αῑ
1705 942 1803 970 ἔννοιαι

1011 985 1103 1011 ἱκαναὶ
1118 985 1294 1020 σωφρονίσαι’
1310 987 1334 1012 εί
1347 986 1375 1012 δὲ
1390 986 1419 1012 ὲν
1433 986 1560 1020 ἀθανάτῳ
1576 984 1802 1020 ἐπλημμέλησας,

1012 1026 1187 1062 μονιμώτερα
1214 1027 1279 1059 ἴσως
1307 1027 1421 1062 ἔμελλεν
1447 1025 1516 1053 εῖναι
1542 1026 1577 1053 τὰ
1606 1026 1801 1062 ἁμαρτήματα.

1010 1068 1049 1094 Οὐ
1066 1068 1156 1094 τοίνυν
1170 1069 1185 1103 ἡ
1200 1068 1332 1103 θνητότης
1353 1069 1429 1095 αἰτία
1445 1068 1502 1102 τῆξ
1520 1068 1668 1104 ἁμαρτίας,
1686 1068 1724 1103 μὴ
1735 1076 1800 1094 κατ-

1009 1109 1115 1144 ηγόρει,
1135 1110 1192 1136 ἀλλ’
1205 1111 1221 1144 ἡ
1237 1110 1344 1146 πονηρά
1356 1109 1516 1145 προαίρεσίς
1532 1109 1607 1135 ἐστιν
1625 1109 1642 1144 ἠ
1666 1108 1728 1144 ῥίζα
1746 1108 1802 1135 τῶν

1010 1151 1112 1177 κακῶν.
1127 1152 1177 1178 Διά
1188 1151 1214 1178 τί
1225 1152 1279 1187 7&9
1291 1151 1375 1187 μηδὲν
1385 1152 1431 1178 τὸν
1443 1151 1527 1178 ’Ἅϐελ
1536 1151 1568 1178 τὸ
1579 1151 1659 1186 σῶμα
1670 1151 1800 1186 ἠδίκησες

1009 1192 1053 1218 διὰ
1074 1191 1101 1218 τί
1126 1191 1211 1227 μηδὲν
1234 1194 1296 1224 τοὺς
1318 1192 1447 1228 δαίμονας
1470 1192 1501 1219 τὸ
1525 1192 1671 1228 ἀσώματον
1694 1192 1804 1226 (Iw-mss;

1009 1232 1104 1260 Βούλει
1128 1234 1236 1268 μαθεῖν,
1262 1234 1303 1260 ὅτι
1324 1233 1356 1260 οὒ
1375 1234 1455 1269 μόνον
1471 1234 1521 1261 οὐκ
1546 1234 1646 1268 ἔϐλαψε
1665 1233 1696 1260 τὸ
1722 1233 1802 1269 σῶμα

1010 1274 1105 1310 θνητὸν
1119 1275 1276 1311 γενόμενον,
1292 1275 1360 1302 ἀλλά
1380 1276 1428 1302 καὶ
1447 1276 1606 1311 ὠφέλησεν;
1622 1275 1739 1302 ἄκουσον
1752 1275 1803 1302 ὅσα

1009 1316 1173 1351 κερδαίνεις,
1192 1317 1240 1343 ἐὰν
1257 1317 1355 1353 νήφῃς,
1374 1318 1407 1343 ἐκ
1423 1317 1530 1345 τούτου,
1553 1317 1691 1344 Ἀνθέλκει
1708 1325 1738 1342 σε
1754 1316 1802 1342 καὶ

1009 1357 1134 1392 περισπᾷ
1153 1357 1208 1384 ἀπὸ
1230 1357 1281 1392 τῆς
1307 1358 1407 1389 κακίας
1433 1358 1542 1389 ὀδύναις
1565 1358 1611 1384 καὶ
1628 1357 1729 1394 λύπαις
1754 1356 1802 1383 καὶ

1009 1400 1100 1430 πόνοις
1117 1400 1163 1425 καὶ
1180 1400 1238 1431 τοῖς
1254 1399 1344 1431 ἄλλοις
1359 1401 1415 1431 τοῖς
1432 1399 1573 1431 τοιούτοις.
1599 1399 1680 1425 Ἀλλά
1699 1398 1747 1426 κα)⁸
1761 1399 1801 1430 είς

1009 1441 1137 1476 πορνείαν
1151 1441 1255 1476 ἐξάγει,
1271 1442 1354 1477 φησίν
1366 1451 1374 1475 ;
1396 1443 1434 1469 Οὐ
1449 1442 1480 1469 τὸ
1495 1443 1588 1477 σῶμα,
1599 1442 1656 1468 ἀλλ’
1669 1442 1686 1475 ἠ
1699 1441 1800 1468 ἀκολα-

1009 1483 1063 1509 σίαι
1084 1484 1172 1510 ταῦτα
1195 1484 1245 1519 μὲν
1261 1484 1327 1518 γὰρ,
1347 1484 1420 1519 άπερ
1439 1480 1527 1516 εἷπον,
1549 1484 1658 1514 πάντως
1676 1483 1724 1510 τοῦ
1749 1482 1801 1509 σώ-

1009 1525 1094 1560 ματός
1110 1526 1178 1551 ἐστι.
1198 1525 1297 1560 Διόπερ
1311 1525 1361 1552 οὐκ
1376 1525 1449 1552 ἐστιν
1465 1525 1610 1560 ἄνθρωπον
1627 1525 1667 1557 είς
1682 1525 1729 1552 τὸν
1743 1526 1800 1560 βίον

1007 1567 1120 1593 ἐλθόντα
1133 1566 1228 1593 τοῦτον
1241 1566 1278 1601 μὴ
1291 1567 1338 1593 καὶ
1351 1568 1439 1593 νοσεῖν
1452 1567 1500 1593 καὶ
1510 1567 1603 1601 ἀλγεῖν
1616 1567 1662 1593 καὶ
1673 1566 1798 1602 ἀθυμεῖν⁸

1009 1609 1046 1644 μὴ
1066 1608 1209 1644 πορνεύειν
1222 1609 1251 1635 δὲ
1272 1608 1322 1636 ἔνι.
1340 1609 1422 1635 Ὥστε
1444 1609 1469 1635 εί
1493 1608 1543 1643 τῆς
1556 1608 1603 1635 τοῦ
1626 1608 1751 1644 σώματος
1765 1605 1800 1643 ἦν

1008 1650 1115 1684 φύσεως
1128 1651 1175 1677 καὶ
1192 1650 1227 1676 τά
1240 1650 1291 1685 τῆς
1306 1650 1416 1683 κακίας,
1435 1650 1569 1678 καθολικά
1584 1650 1617 1678 ἂν
1635 1648 1680 1686 ἦν·
1694 1650 1730 1676 τὰ
1746 1651 1800 1686 7&9

1008 1693 1110 1728 φυσικὰ
1125 1692 1255 1724 τοιαῦτα,
1277 1692 1307 1719 τὸ
1323 1693 1352 1719 δὲ
1374 1692 1519 1729 πορνεύειν
1533 1693 1564 1720 ού
1582 1692 1714 1719 τοιοῦτον·
1731 1691 1800 1718 ἀλλά

1007 1735 1037 1761 τὸ
1058 1735 1106 1769 μὲν
1129 1734 1223 1769 ἀλγεῖν
1247 1733 1383 1766 ἐντεῦθεν,
1407 1734 1437 1761 τὸ
1461 1734 1490 1761 δὲ
1510 1734 1656 1769 πορνεύειν
1677 1733 1732 1761 ἀπὸ
1748 1733 1799 1768 τῆς

1007 1775 1206 1812 προαιρέσεως.
1223 1775 1268 1811 Μὴ
1281 1776 1372 1802 τοίνυν
1386 1775 1536 1811 κατηγόρει
1547 1776 1595 1802 τοῦ
1610 1775 1747 1811 σώματος,
1761 1775 1799 1810 μή

1008 1827 1054 1844 σου
1066 1817 1116 1852 τὴν
1128 1817 1212 1853 τιμὴν
1227 1817 1400 1853 ἀφαιρείσθω
1412 1818 1427 1843 ὁ
1440 1817 1575 1849 διάϐολος,
1588 1818 1622 1853 ἦν
1642 1826 1683 1844 σοι
1699 1817 1799 1844 ἔδωκεν

1006 1860 1020 1886 6
1038 1859 1114 1889 Θεὸς.
1132 1860 1180 1885 Ἂν
1202 1859 1256 1893 γὰρ
1273 1858 1405 1894 θέλωμεν,
1426 1859 1533 1894 χαλινός
1554 1860 1628 1885 ἐστιν
1645 1858 1756 1894 ἀριστος
1768 1858 1799 1885 τὸ

1007 1900 1097 1935 σῶμα,
1113 1901 1147 1927 τά
1164 1901 1338 1935 σκιρτήματα
1355 1901 1404 1935 τῆς
1418 1900 1507 1936 ψυχῆς
1523 1900 1650 1935 κατέχον,
1667 1900 1798 1927 ἀπόνοιαν

1006 1942 1172 1974 κατασπῶν,
1202 1942 1361 1974 ἀλαζονείαν
1387 1941 1507 1974 κωλῦον,
1528 1943 1558 1968 ἐν
1584 1943 1640 1974 τοῖς
1658 1942 1798 1977 μεγίστοις

1007 1983 1081 2019 [151]
1109 1983 1320 2019 κατορθώμασιν
1343 1985 1408 2019 ἡμῖν
1427 1983 1644 2018 διακονούμενον.
1666 1983 1712 2018 Μὴ
1742 1983 1796 2020 γάρ

1007 2033 1052 2059 μοι
1061 2025 1124 2056 τοὺς
1137 2025 1315 2060 μαινομένους
1327 2025 1416 2060 εἴπῃς·
1429 2024 1490 2051 ἐπεὶ
1502 2024 1549 2051 καὶ
1564 2024 1617 2050 τῶν
1630 2024 1721 2051 ἵππων
1732 2023 1796 2050 πολ-

1005 2066 1067 2098 λοὺς
1082 2067 1189 2102 ὁρῶμεν
1202 2066 1271 2092 κατὰ
1285 2066 1416 2101 κρημνῶν
1434 2067 1612 2101 φερομένους,
1626 2066 1674 2093 τὸν
1688 2065 1795 2101 ἡνίοχον

1006 2109 1139 2144 ῥίψαντας
1162 2108 1231 2142 μετά
1246 2107 1293 2134 τοῦ
1309 2107 1427 2143 χαλινοῦ’
1445 2107 1504 2135 ἀλλ’
1519 2108 1550 2134 οὐ
1571 2107 1735 2143 μεμφόμεθα
1749 2107 1795 2134 τὸν

1005 2150 1131 2185 χαλινόν·
1152 2150 1182 2176 οὐ
1202 2151 1256 2184 7&9
1279 2151 1381 2180 ἐκεῖνος
1405 2149 1583 2181 διασπασθεὶς
1599 2149 1679 2176 τοῦτο
1699 2149 1794 2184 εἰργά-

1006 2200 1082 2223 σατο,
1101 2192 1157 2218 ἀλλ’
1173 2193 1187 2218 6
1204 2191 1310 2226 ἡνίοχος
1327 2192 1341 2218 ὁ
1357 2191 1395 2227 μὴ
1410 2190 1565 2227 κατασχὼν,
1583 2192 1671 2218 πάντα
1685 2191 1794 2218 ἀπώλε-

1005 2243 1061 2261 σεν,
1079 2233 1157 2260 Οὖτω
1175 2233 1206 2268 δὴ
1226 2234 1272 2260 καὶ
1292 2232 1410 2259 ἐνταῦθα
1425 2232 1543 2266 λογίζου·
1561 2232 1595 2259 ἂν
1617 2232 1675 2268 ίδῃς
1689 2232 1748 2259 νέον
1765 2233 1795 2258 ἐν

1004 2275 1121 2311 ὀρφανίᾳ
1135 2275 1224 2307 ζῶντα
1241 2275 1288 2301 καὶ
1305 2274 1389 2309 μυρία
1410 2274 1594 2309 ἐργαζόμενον
1610 2275 1683 2301 κακά
1693 2294 1701 2306 ,
1715 2274 1752 2309 μὴ
1763 2274 1794 2300 τὸ

1006 2317 1085 2352 σῶμα
1105 2316 1195 2347 αἰτιῶ,
1218 2316 1286 2342 ἀλλά
1307 2315 1351 2341 τὸν
1375 2316 1482 2350 ἡνίοχον
1501 2315 1547 2342 τὸν
1568 2315 1726 2351 συρόμενον,
1747 2316 1794 2342 τὸν

1004 2358 1135 2394 λογισμὸν
1152 2359 1233 2392 λέγω.
1253 2358 1359 2393 ’Ὠσπερ
1382 2357 1437 2392 7&9
1461 2358 1488 2384 αἱ
1505 2357 1580 2393 ήνίαι
1596 2358 1627 2384 οὐ
1643 2357 1792 2392 παρέχουσι

1004 2401 1158 2436 πράγματα
1171 2400 1210 2436 τῷ
1231 2400 1341 2435 ἡνιόχῳ,
1356 2399 1412 2426 ἀλλ’
1427 2401 1442 2425 ὁ
1453 2400 1560 2434 ἡνίοχος
1576 2399 1687 2426 πάντων
1706 2398 1792 2429 αἴτιος

1002 2443 1034 2469 οὐ
1047 2441 1137 2473 καλῶς
1151 2441 1235 2472 αὐτὰς
1247 2441 1369 2476 κατέχων
1380 2449 1386 2455 ·
1404 2441 1443 2467 διὸ
1459 2441 1506 2467 καὶ
1519 2441 1598 2476 δίκην
1614 2441 1696 2467 αὐτὸν
1709 2441 1791 2467 ἀπαι-

1003 2484 1081 2510 τοῦσι
1090 2504 1098 2516 ,
1114 2482 1337 2518 συμπλεκόμεναι
1350 2482 1424 2517 αύτῷ
1441 2482 1488 2508 καὶ
1505 2482 1712 2517 παρασύρουσαι
1725 2482 1790 2508 πολ-

1003 2525 1082 2557 λάκις
1097 2526 1144 2552 καὶ
1158 2524 1361 2558 ἀναγκάζουσαι
1373 2524 1424 2558 τῆς
1434 2524 1538 2555 οἰκείας
1550 2524 1720 2559 δυσπραγίας
1735 2532 1791 2550 κοιξ

1003 2569 1097 2594 νωνεῖν
1109 2575 1116 2582 ·
1129 2566 1201 2594 οὕτω
1215 2567 1248 2601 δὴ
1261 2566 1308 2592 καὶ
1322 2565 1448 2592 ἐνταῦθα.
1470 2565 1541 2599 Ἐγὼ
1556 2566 1606 2600 μὲν
1618 2568 1682 2600 7&9,
1696 2566 1789 2602 φησὶν,

1004 2610 1120 2644 ἴμασσον
1134 2608 1165 2634 τὸ
1183 2608 1270 2642 στόμα
1291 2607 1339 2634 τοῦ
1354 2607 1453 2638 ἵππου,
1474 2606 1526 2637 ἕως
1545 2609 1680 2642 κατεῖχες·
1696 2608 1791 2643 ἐπειδὴ

1003 2651 1031 2677 δὲ
1052 2650 1167 2686 ἔρριψας
1178 2669 1185 2681 ,
1200 2649 1310 2676 ἀπαιτῶ
1335 2657 1365 2675 σε
1383 2648 1432 2683 τῆς
1449 2649 1678 2684 καταφρονήσεως
1701 2649 1788 2684 δίκην,

1003 2693 1050 2720 καὶ
1072 2691 1275 2727 περιπλέκομαι
1294 2691 1342 2718 καὶ
1365 2689 1536 2726 παρασύρω,
1551 2690 1622 2717 ὥστε
1644 2691 1742 2726 μηκέτι
1760 2691 1791 2718 τὸ

1003 2734 1070 2760 αὐτὸ
1085 2733 1192 2760 παθεῖν.
1207 2733 1310 2769 Μηδεὶς
1321 2733 1411 2759 τοίνυν
1423 2731 1556 2759 αἰτιάσθω
1568 2733 1617 2764 τὰς
1630 2733 1718 2768 ἡνίας,
1733 2733 1790 2759 ἀλλ’

1003 2775 1098 2802 ἑαυτὸν
1115 2775 1162 2801 καὶ
1174 2775 1224 2811 τὴν
1237 2774 1439 2810 διεφθαρμένην
1459 2775 1583 2810 γνώμην.
1605 2774 1660 2801 Καὶ
1678 2775 1732 2808 γὰρ
1748 2774 1812 2809 ἐφ’-

1004 2816 1082 2851 ήμῶν
1105 2816 1210 2851 ἡνίοχός
1230 2817 1304 2843 ἐστιν
1320 2817 1335 2842 6
1350 2816 1490 2851 λογισμόςι
1512 2816 1586 2852 ὴνίαι
1602 2816 1630 2842 δὲ
1652 2816 1682 2841 τὸ
1699 2815 1789 2850 σῶμα,

1006 2858 1170 2891 συνάγουσαι
1185 2859 1248 2889 τοὺς
1268 2858 1368 2889 ἵππους
1393 2858 1460 2893 πρὸς
1474 2858 1520 2884 τὸν
1535 2857 1652 2893 ἡνίοχον.
1678 2857 1726 2883 Ἂν
1741 2857 1791 2892 μὲν

1005 2897 1052 2926 οὖν
1068 2899 1156 2931 καλῶς
1173 2896 1252 2927 αὗται
1266 2899 1438 2932 διακέωνται,
1460 2899 1536 2926 οὐδὲν
1552 2899 1633 2934 πείσῃ
1648 2898 1744 2925 δεινόν·
1758 2898 1792 2926 ἂν
