2041 3111
220 158 268 184 Hi

220 225 274 246 non
298 217 410 245 liberum
430 215 567 244 arbitrium
589 214 700 245 tollens;
721 220 782 240 nam
804 219 864 238 cum
878 211 1008 243 dixisset,

222 263 314 290 Omnia
329 262 391 292 ini/ii
405 262 498 292 licent,
513 260 558 287 sed
572 268 622 286 non
639 258 724 285 omnia
737 255 873 292 expediunt
885 276 892 287 ,
909 262 961 282 non
975 254 1011 282 li-

222 311 351 336 bertatein
373 312 491 336 nostram
513 305 621 333 abstulit
637 314 643 331 :
657 308 684 331 et
699 303 741 330 hic
763 310 856 330 rursus
870 301 991 328 scribens
1002 320 1010 329 .

225 355 284 382 Non
296 356 352 383 estis
364 354 447 386 vestri,
463 360 514 380 non
529 352 690 387 propositum
701 350 847 377 voluntatis
860 348 1012 381 labefactat,

222 402 269 429 sed
289 409 302 428 a
327 400 441 436 nequitia
461 398 586 430 abducit,
601 401 629 424 et
648 396 751 423 Domini
767 403 858 422 curam
874 393 1011 421 ostendit:

225 447 285 474 ideo
297 445 440 479 subiungit,
454 444 500 470 '20.
521 442 606 476 Enipti
624 442 690 468 enim
702 441 762 468 estis
777 440 865 475 pretio.
882 439 908 466 Si
924 444 1012 465 autem

223 500 276 520 nou
294 499 352 518 sum
373 497 447 516 Illl‘llS
459 511 466 521 ,
482 488 616 524 quomodo
634 487 718 522 exigis
737 495 750 513 a
771 494 813 512 me
833 494 863 512 ea
880 493 938 519 quzu
953 488 1015 511 sunt

223 537 345 572 agenda?
359 535 493 570 quomodo
507 535 532 562 in
548 534 718 568 sequentibus
734 540 838 560 rursum
852 532 936 564 dicis,
954 530 1015 558 Glo-

222 583 320 616 ri/icote
333 581 414 608 Deum
427 581 452 607 in
465 588 570 615 corpore
582 584 662 606 oestro
675 584 698 606 et
712 579 737 605 in
750 579 840 613 spiritu
853 583 933 604 vestro
942 598 949 610 ,
960 584 1017 612 qui:

225 627 273 654 Dei
287 633 354 655 sunt.

260 673 419 704 Facultatem
437 681 487 700 non
504 672 624 708 peccandi
639 671 711 698 habet
725 671 809 697 homo.
823 685 859 690 —
870 669 938 703 Quid
952 677 1016 704 ergo

226 720 276 747 sibi
294 721 350 747 vult
364 719 440 752 illud,
457 718 517 746 Non
531 719 588 746 estis
601 717 696 744 vestri!
710 722 736 744 et
750 716 813 752 quid
830 724 877 751 per
891 715 943 743 hoc
961 715 1016 742 vult

225 766 358 804 probare?
373 767 401 794 lii
415 766 558 793 securitate
570 765 749 794 constituere.
766 767 795 790 ut
810 771 843 790 ne
858 769 1016 797 peccemus,

226 820 276 841 nec
289 813 368 839 animi
387 810 617 846 eoucupiscentias
639 809 769 837 absurdas
783 816 935 844 sequamur.
952 808 1018 834 Nam

226 859 307 886 multa
323 859 443 885 volumus
465 857 579 884 absurda
595 860 622 883 et
640 857 728 890 gravia
742 876 748 886 ,
764 855 810 881 sed
825 862 855 881 ea
873 854 1018 888 reprimere

226 910 349 939 oportet;
373 912 433 931 nam
448 904 474 931 id
489 910 631 937 possumus
646 911 651 927 :
667 902 688 928 si
704 901 774 928 enim
790 909 842 928 non
859 906 997 935 possemus
1009 919 1017 931 ,

228 952 359 986 superﬂua
373 955 444 978 esset
458 949 614 976 admonitio.
629 947 695 975 Vide
708 955 772 981 ergo
783 946 917 980 quomodo
931 946 1019 972 firma-

229 998 306 1023 verit.
318 996 383 1023 Cum
394 995 504 1022 dixisset
515 994 598 1026 enim,
611 993 670 1020 Non
681 993 739 1019 estis
751 993 835 1023 vestri,
847 999 900 1018 non
911 991 1018 1025 adjecit,

228 1042 280 1069 Sed
296 1041 345 1068 sub
358 1041 516 1068 necessitate
529 1041 603 1071 estis,
618 1039 676 1070 sed,
691 1038 777 1065 Pretio
790 1038 866 1072 empti
884 1038 952 1063 estis.
966 1036 1021 1063 Cur

230 1089 281 1116 hoc
295 1088 380 1115 dicis?
402 1095 461 1114 nam
477 1086 584 1113 aliunde
596 1107 603 1117 ,
623 1085 719 1113 dixerit
741 1085 854 1112 fortasse
872 1084 1019 1118 quispiam,

229 1134 370 1168 oportebat
386 1132 496 1164 hortari,
511 1131 676 1158 ostendendo
690 1139 737 1157 nos
754 1130 853 1157 habere
869 1129 1020 1155 hominum.

230 1179 283 1206 Sed
307 1178 357 1205 hoc
378 1177 485 1212 quidem
505 1184 565 1204 eum
587 1176 687 1204 Cra-eis
705 1176 782 1203 nobis
801 1180 843 1203 est
862 1181 1020 1205 commune;

231 1225 295 1252 illud
307 1232 382 1258 vero,
394 1224 479 1250 Pretio
492 1224 568 1258 empti
579 1223 647 1254 estis,
661 1222 736 1249 nobis
747 1227 788 1249 est
805 1221 977 1256 praecipuum.
993 1219 1022 1246 lu

233 1273 387 1300 memoriam
401 1272 471 1298 enim
486 1275 593 1298 revocat
615 1270 735 1298 beneficii
751 1269 958 1304 magnitudinem
972 1288 980 1299 .
996 1271 1023 1294 ct

232 1317 326 1345 salutis
337 1317 454 1348 modum,
464 1315 608 1343 ostendens
621 1323 669 1343 nos
678 1323 738 1343 cum
749 1315 856 1342 alienati
868 1314 1021 1345 fuissemus,

200 1389 203 1392 .
232 1368 337 1398 emptos
353 1363 448 1394 fuisse;
463 1366 489 1389 et
503 1369 555 1388 non
569 1361 734 1396 simpliciter,
748 1361 794 1388 sed
810 1361 903 1395 pretio.
920 1359 1024 1393 ϐίοι-ἱβ-

232 1413 287 1435 cate
298 1416 366 1442 ergo.
383 1411 479 1442 portate
491 1406 573 1433 Deum
586 1407 612 1433 in
627 1414 731 1441 corpore
743 1411 823 1433 oestro
836 1411 859 1432 et
871 1406 896 1432 in
921 1405 1022 1439 spiritu.

235 1454 290 1481 lloc
304 1461 382 1487 pm'ro
394 1453 474 1484 dicit,
489 1457 516 1479 ut
532 1460 583 1479 non
599 1459 712 1487 corpore
725 1452 812 1478 solum
827 1451 957 1486 fugiamus
970 1450 1024 1476 for-

234 1499 411 1530 nicationem;
428 1498 473 1525 sed
494 1499 573 1525 etiarn
596 1498 622 1524 in
645 1498 739 1532 Spiritui
763 1499 858 1524 anima:
879 1497 942 1524 nihil
962 1496 1024 1523 iuali

233 1546 391 1580 cogitemus,
404 1551 452 1571 nec
464 1544 574 1579 gratiam
585 1544 732 1579 abigamus.
746 1543 809 1577 Qua:
818 1547 877 1570 sunt
888 1541 944 1568 Dei.
958 1541 1024 1575 Quia

234 1592 305 1619 enim
320 1591 397 1621 dixit.
416 1589 513 1622 Vestro,
528 1590 588 1617 ideo
602 1590 708 1624 adjicit,
725 1590 788 1623 Quia
801 1594 859 1617 sunt
875 1589 938 1620 Dei;
954 1596 1026 1622 szrpe

236 1638 312 1665 nobis
333 1638 357 1664 in
379 1636 535 1664 memoriam
556 1643 701 1668 revocans,
716 1636 804 1663 omnia
825 1635 928 1663 Domini
944 1641 1024 1666 esse,

236 1692 333 1718 corpus
346 1705 353 1715 ,
370 1684 484 1710 animam
501 1688 528 1710 et
542 1683 675 1717 spiritum.
700 1683 842 1709 Enimvero
856 1681 962 1716 quidam
983 1680 1025 1708 di-

236 1735 317 1763 cunt,
343 1730 407 1757 illud
435 1728 468 1756 In
495 1730 603 1763 spiritu,
628 1729 680 1756 dici
705 1728 778 1762 quasi
805 1728 831 1754 in
854 1727 1026 1755 charismate.

237 1776 303 1804 Nam
318 1776 340 1803 si
363 1776 425 1803 illud
445 1776 470 1802 in
489 1775 565 1802 nobis
585 1775 663 1802 fuerit
676 1795 683 1806 ,
698 1775 767 1802 Deus
780 1774 962 1810 gloriﬁcatur;
977 1774 1028 1801 erit

239 1829 337 1853 autem,
350 1821 372 1848 si
384 1829 430 1848 cor
442 1821 568 1848 mundum
582 1820 737 1848 habeamus.
753 1821 798 1847 Dei
811 1825 899 1848 autem
913 1820 956 1847 illa
969 1827 1029 1848 esse

238 1867 314 1898 dixit,
327 1875 380 1894 non
395 1867 475 1894 modo
485 1867 545 1902 quia
559 1867 603 1893 illa
617 1866 751 1901 produxit,
763 1866 811 1894 sed
824 1866 883 1902 quia
896 1866 1030 1894 abaliena-

241 1919 265 1940 ia
286 1913 403 1941 secundo
426 1920 518 1940 rursus
538 1913 697 1947 acquisivit,
713 1913 827 1948 pretium
850 1919 951 1948 ponens
965 1919 1029 1939 san-

240 1959 345 1992 guinem
358 1959 427 1986 Filii.
439 1959 502 1986 Vide
512 1959 647 1993 quomodo
657 1959 682 1986 in
692 1958 799 1986 Christo
810 1963 892 1985 totum
905 1957 1027 1992 perfecit:

240 2004 373 2039 quomodo
387 2012 435 2031 nos
451 2005 476 2031 in
491 2005 585 2031 calum
600 2004 719 2032 adduxit.
743 2004 859 2032 Membra
874 2004 938 2031 estis
953 2003 1030 2031 Chri-

241 2052 293 2083 sti.
318 2051 421 2086 inquit,
445 2050 572 2085 templum
594 2050 660 2078 estis
683 2050 797 2084 Spiritus
814 2058 868 2077 :ne
890 2058 954 2084 ergo
972 2050 1031 2077 sitis

240 2097 359 2125 membra
376 2096 523 2123 meretricis
543 2105 550 2123 :
570 2103 621 2122 non
637 2096 707 2123 enim
723 2103 820 2130 corpus
834 2100 951 2122 vestrum
964 2102 1030 2122 eou-

242 2143 348 2170 iumelia
373 2142 505 2173 afﬁcitur;
537 2149 621 2176 neque
645 2149 742 2175 corpus
762 2146 878 2169 vestrum
902 2145 962 2174 est,
983 2141 1030 2167 sed

240 2188 350 2215 Christi.
376 2187 438 2215 llaic
459 2194 539 2222 porro
559 2186 645 2220 dixit,
667 2187 746 2213 simul
766 2187 956 2220 benignitatem
974 2186 1032 2221 ejus

241 2235 386 2261 ostendens
396 2254 404 2265 ,
420 2233 490 2268 quod
510 2240 608 2267 corpus
628 2238 747 2260 nostrum
767 2233 802 2259 sit
815 2240 891 2259 suum
904 2253 912 2265 ,
927 2237 954 2260 et
974 2237 1002 2259 ut
1016 2240 1030 2258 a

242 2280 355 2314 maligna
379 2282 509 2314 potestate
531 2285 580 2305 nos
599 2278 703 2313 eripiat.
725 2277 790 2305 Nam
811 2278 832 2305 si
854 2278 969 2305 alienum
990 2283 1032 2305 est

241 2332 339 2359 corpus
351 2345 358 2358 ,
374 2331 426 2352 non
443 2329 601 2359 potestatem
622 2323 726 2352 habetis
739 2325 818 2352 alieni
832 2324 951 2359 corporis
966 2333 1031 2351 ron—

242 2377 306 2397 tuuu
316 2371 349 2398 lia
365 2369 497 2397 alliciendi
509 2390 517 2402 ,
533 2370 617 2404 inquit
630 2391 637 2401 ,
651 2370 766 2397 maxime
779 2377 842 2397 vero
856 2378 915 2397 cum
931 2370 965 2396 sit
981 2371 1032 2396 Do-

242 2416 378 2447 luiiiieiim,
392 2423 478 2451 neque
490 2416 616 2450 templqu
629 2416 742 2450 Spiritus
756 2416 918 2450 inquinandi.
933 2416 960 2444 Si
972 2417 1031 2451 quis

241 2465 312 2490 enim
337 2464 464 2499 privatam
483 2462 592 2489 domum
613 2463 747 2497 ingressus
759 2483 766 2494 .
782 2463 931 2498 petulanter
949 2463 1032 2498 egerit

242 2511 267 2537 in
291 2510 335 2536 illa
348 2530 354 2540 .
369 2514 503 2537 extremas
523 2508 596 2536 dabit
620 2516 712 2543 pinnas
726 2518 733 2536 :
747 2509 791 2544 qui
814 2509 940 2544 templum
963 2510 1032 2544 regis

241 2557 437 2591 receptaculum
453 2555 563 2584 latronis
578 2555 681 2588 fecerit,
694 2555 780 2590 cogita
792 2561 889 2590 quanta
905 2563 1031 2590 passurus

240 2603 276 2629 sit
289 2603 366 2629 mala.
383 2601 445 2629 llaec
459 2609 521 2636 ergo
534 2602 666 2636 cogitans,
685 2602 874 2629 inhabitanteni
890 2609 1029 2633 reverere;

242 2649 264 2676 is
278 2649 349 2676 enim
365 2653 406 2676 est
419 2648 572 2675 Paracletos
586 2657 592 2675 :
607 2648 668 2674 time
685 2648 758 2675 illum
772 2669 779 2680 ,
795 2647 839 2682 qui
855 2651 941 2674 tecum
955 2655 1030 2675 com-

243 2695 354 2729 plicatus
368 2698 410 2721 est
424 2698 451 2721 et
466 2693 511 2720 tibi
524 2693 659 2724 adhzeri-t;
674 2693 795 2720 Christus
809 2693 880 2720 enim
895 2697 946 2719 est.
963 2693 1029 2720 Num

241 2745 267 2766 tu
285 2740 431 2767 membrum
445 2738 544 2766 Christi
560 2743 586 2766 te
602 2739 658 2773 ipse
673 2738 775 2765 fecisti?
790 2738 833 2765 Sic
848 2738 932 2773 cogita
946 2743 974 2766 et
986 2746 1030 2766 ca-

241 2791 297 2812 stus
310 2792 388 2812 mane
400 2793 407 2811 :
419 2784 496 2819 cujus
510 2783 609 2811 fuerint
624 2783 740 2810 membra
754 2788 781 2810 et
794 2783 869 2818 cujus
885 2784 951 2810 facta
966 2784 1028 2811 sint.

241 2830 387 2858 Meretricis
402 2835 480 2857 antea
495 2829 614 2856 membra
629 2834 714 2858 erant.
731 2834 755 2856 et
772 2828 892 2855 (Ζιιιὶειιις
909 2829 968 2856 fecit
985 2830 1027 2857 illa

242 2878 359 2905 membra
374 2877 415 2904 sui
426 2875 554 2910 corporis.
571 2874 628 2902 Non
644 2883 707 2909 ergo
721 2875 763 2901 illa
778 2884 846 2902 nunc
860 2878 884 2902 in
900 2880 1028 2910 potestate

601 155 628 183 S.
649 153 786 182 JUANNIS
798 151 1032 180 CllllYSOSTOMI
1053 152 1209 179 AllCllll-LP.
1228 152 1493 181 CONSTANTIN‘OP.

1809 154 1859 181 HS

1064 211 1146 238 habes
1158 220 1164 237 :
1179 210 1213 237 illi
1228 211 1329 238 servias
1339 212 1383 246 qui
1397 216 1422 239 te
1432 211 1565 239 liberavit.
1578 211 1635 239 Non
1648 211 1730 244 enim,
1742 211 1765 238 sl
1777 211 1859 239 tiliam

1065 255 1177 283 haberes
1188 262 1215 284 et
1226 264 1284 284 eam
1297 265 1351 292 pra:
1364 257 1475 285 stultitia
1487 257 1612 285 mercede
1624 257 1743 285 locasses
1755 258 1859 291 lenoni,

1065 307 1094 328 ut
1110 301 1300 333 fornicaretiir;
1323 303 1470 338 deiudeque
1491 302 1560 330 ﬁlius
1579 303 1649 339 regis
1671 303 1804 330 transiens
1817 324 1825 336 ,
1842 313 1858 332 a

1065 347 1192 375 Servitute
1208 348 1345 376 liberatam
1360 357 1470 376 uxorem
1489 348 1627 382 duxisset,
1645 356 1726 383 penes
1746 353 1771 375 te
1785 352 1863 375 essi-t

1067 397 1156 426 postea
1172 393 1241 420 illam
1262 394 1286 420 in
1305 394 1479 429 prostibulum
1495 394 1593 422 ducere
1609 403 1615 421 :
1629 395 1712 422 semel
1726 394 1798 421 enim
1812 394 1862 421 de-

1066 439 1127 466 disti
1141 443 1168 466 et
1183 440 1333 467 vendidisti.
1349 440 1400 467 lies
1414 446 1503 467 nostra
1517 441 1556 468 sic
1570 440 1650 468 habet
1664 451 1670 467 :
1686 448 1794 467 carm-in
1810 447 1860 466 uo-

1067 489 1148 510 strz-ui
1172 486 1295 512 llll‘l‘l'etic
1317 485 1494 512 conduxiiuus
1518 485 1626 512 diabolo
1649 486 1722 520 gravi
1748 486 1858 512 lenoni:

1069 530 1162 557 videns
1177 531 1298 558 Christus
1313 533 1410 567 eripuit
1426 533 1495 559 illiilli
1512 538 1538 559 ct
1553 532 1674 560 liberavit
1689 541 1703 559 a
1720 533 1863 568 tyrannide

1069 575 1112 602 illa
1126 577 1231 604 acerba.
1247 577 1304 604 Non
1318 583 1359 604 est
1373 586 1437 613 ergo
1449 578 1504 613 jaiu
1521 583 1621 611 nostra,
1637 578 1683 605 sed
1700 578 1861 606 liberatoris.

1069 621 1097 650 Si
1108 624 1173 650 velis
1187 623 1222 650 uti
1234 624 1276 651 illa
1289 629 1420 659 tamquam
1433 625 1502 660 regis
1512 632 1620 660 sponsa.
1631 631 1710 652 nemo
1722 624 1842 660 prohibet
1854 633 1862 655 ;

1069 667 1110 695 sin
1129 668 1163 695 ad
1184 669 1271 703 priora
1292 669 1400 697 duxeris
1412 690 1420 702 ,
1437 669 1529 697 eadem
1551 669 1676 704 patieris,
1689 677 1747 704 qua;
1761 677 1808 704 par
1822 674 1864 696 est

1070 715 1122 749 pati
1145 715 1362 743 contumeliosos.
1380 716 1440 744 Ideo
1460 717 1548 751 potius
1569 716 1612 743 illa
1632 721 1673 743 est
1687 715 1861 746 exornanda.

1069 768 1148 795 quam
1163 761 1260 796 probro
1272 761 1410 789 afﬁcieuda
1435 761 1526 797 Neque
1536 762 1606 789 enim
1619 762 1763 796 potentiam
1775 761 1864 788 carnis

1070 806 1154 834 habes
1172 807 1197 834 in
1213 808 1301 842 pravis
1313 808 1552 842 concupiscentiis.
1565 808 1611 836 sed
1628 808 1653 835 iii
1668 809 1700 836 iis
1713 808 1788 838 solis,
1803 815 1864 842 quae

1071 852 1141 880 Deus
1155 854 1322 888 priet-spero.
1343 852 1434 888 Cogita
1449 861 1514 889 ergo
1531 861 1545 880 a
1566 857 1663 888 quanta
1683 854 1753 880 illam
1769 857 1865 880 contu-

1071 902 1151 929 melia
1173 902 1325 929 liberaverit
1347 903 1416 929 Deus
1431 911 1438 928 :
1453 902 1545 937 quavis
1562 903 1632 929 enim
1648 901 1790 929 meretrice
1806 905 1864 927 tur-

1072 949 1130 983 pior
1149 949 1287 984 prostabat
1301 954 1377 976 antea
1394 954 1486 976 natura
1505 952 1605 976 nostra.
1621 948 1687 975 Nam
1703 947 1841 975 latrorinia
1855 967 1863 979 ,

1072 993 1224 1026 homicidia.
1240 999 1267 1021 et
1284 995 1384 1029 quoivis
1398 994 1486 1029 iniqua
1501 994 1627 1029 cogitatio
1643 994 1668 1020 in
1684 993 1756 1020 illam
1772 992 1864 1027 ingre-

1072 1039 1159 1072 diens,
1173 1048 1233 1067 cum
1248 1041 1335 1067 anima
1352 1040 1542 1067 COIICttIttbt:b;il
1557 1061 1564 1071 ,
1582 1046 1660 1073 parva
1677 1039 1775 1073 vilique
1791 1045 1865 1064 mer-

1071 1086 1159 1120 cede,
1182 1086 1322 1121 prmsentis
1345 1094 1441 1121 nempe
1467 1086 1619 1119 voluptatis.
1649 1085 1743 1112 Anima
1766 1084 1866 1119 quippe

1072 1132 1215 1160 commixta
1230 1140 1290 1159 cum
1307 1132 1383 1159 malis
1397 1132 1600 1167 cogitationibus
1615 1135 1642 1158 ct
1657 1130 1758 1158 actibus
1769 1150 1778 1163 ,
1797 1129 1866 1156 hanc

1072 1179 1159 1206 solum
1174 1179 1337 1214 percipiebat
1348 1179 1508 1206 moi-cedem.

1109 1226 1135 1252 5.
1159 1224 1212 1253 Sed
1227 1226 1284 1253 haec
1298 1225 1406 1260 quidem
1428 1230 1508 1252 antea
1521 1224 1577 1251 ﬁeri
1593 1232 1673 1260 grave
1695 1231 1755 1251 cum
1776 1228 1864 1255 esset,

1074 1279 1126 1299 non
1143 1276 1194 1298 lani
1207 1279 1287 1306 grave
1297 1276 1371 1298 erat:
1385 1275 1444 1305 post
1455 1271 1549 1297 cadum
1563 1275 1663 1300 autem,
1672 1274 1732 1304 post
1743 1277 1865 1305 regnum,

1074 1322 1213 1352 postquam
1228 1316 1366 1344 tremenda
1389 1316 1542 1351 perceperis
1557 1315 1693 1351 mysteria,
1707 1321 1813 1342 rursmu
1827 1314 1868 1341 in-

1074 1363 1189 1399 quinari,
1202 1371 1280 1398 quam
1293 1363 1399 1389 habebit
1415 1362 1538 1389 veniam?
1551 1362 1645 1388 Annon
1657 1361 1793 1388 existimas
1805 1367 1866 1387 cum

1074 1412 1194 1439 avariset
1202 1411 1261 1438 aliis
1268 1411 1392 1438 omnibus
1402 1418 1468 1444 quos
1477 1409 1652 1441 euumeravit,
1665 1409 1750 1443 ipsum
1761 1415 1868 1435 accum-

1075 1457 1139 1484 bere
1163 1457 1316 1484 diaboluiu?
1339 1457 1463 1483 mulieres
1489 1460 1576 1482 autem
1601 1454 1634 1482 ad
1658 1454 1794 1482 libidinem
1821 1461 1868 1480 or-

1077 1507 1151 1530 natas
1165 1502 1217 1529 non
1231 1509 1325 1530 comes
1345 1510 1405 1529 cum
1427 1502 1472 1528 illo
1490 1500 1676 1528 commisceri?
1696 1500 1788 1535 ecquis
1806 1499 1870 1526 huic

1075 1547 1192 1576 sermoni
1205 1547 1411 1575 contradixerit?
1424 1546 1499 1581 Quod
1513 1546 1535 1573 si
1548 1546 1608 1581 quis
1620 1546 1655 1573 sit
1668 1545 1867 1576 contentiosus,

1077 1599 1156 1622 exuat
1186 1594 1302 1621 animam
1331 1593 1471 1620 mulierum
1498 1600 1558 1626 qua:
1595 1599 1625 1619 se
1650 1591 1718 1619 adeo
1743 1590 1870 1618 indecore

1077 1644 1183 1675 gerunt,
1192 1645 1218 1667 et
1229 1639 1328 1666 videbit
1338 1639 1481 1673 malignum
1496 1638 1569 1664 illum
1582 1637 1731 1665 dmmonem
1744 1644 1804 1664 cum
1817 1636 1871 1663 illis

1078 1686 1155 1713 valde
1176 1685 1328 1720 complicari
1353 1690 1379 1712 et
1401 1684 1579 1712 commisceri.
1597 1683 1709 1711 Difﬁcile
1726 1682 1797 1710 enim
1818 1687 1870 1713 est.

1079 1731 1180 1763 dilecti,
1188 1730 1295 1758 difﬁcile
1305 1735 1355 1762 est,
1368 1730 1422 1757 imo
1434 1729 1545 1757 fortasse
1559 1728 1734 1763 impossibile,
1742 1728 1818 1755 utsic
1828 1735 1873 1754 or-

1080 1782 1143 1804 nato
1156 1784 1279 1811 corpore,
1298 1776 1375 1803 simul
1391 1783 1496 1811 quoque
1516 1780 1626 1803 ornetur
1644 1775 1750 1807 anima;
1764 1774 1810 1802 sed
1825 1782 1872 1801 ue«

1080 1830 1155 1851 cesse
1173 1828 1212 1850 est
1233 1822 1344 1849 alterum
1369 1822 1502 1857 negligere
1516 1829 1576 1849 eum
1592 1821 1635 1856 qui
1649 1821 1759 1848 alterius
1778 1827 1872 1847 curam

1082 1869 1268 1904 liabet:ueque
1280 1868 1351 1896 enim
1365 1877 1397 1895 ex
1411 1873 1502 1895 natura
1519 1876 1565 1895 sua
1579 1868 1636 1895 haec
1644 1867 1725 1895 simul
1739 1874 1798 1895 esse
1812 1874 1874 1902 pos-

1081 1920 1152 1943 sunt.
1167 1914 1229 1942 Ideo
1242 1915 1297 1942 ait:
1315 1915 1365 1948 Qui
1379 1914 1492 1941 adhaeret
1505 1914 1627 1941 meretrici
1636 1934 1643 1945 ,
1659 1918 1695 1940 est
1716 1921 1794 1939 unum
1813 1921 1871 1939 eor-

1083 1970 1130 1997 piis
1145 1969 1154 1988 :
1166 1962 1208 1996 qui
1222 1966 1306 1987 autem
1320 1961 1431 1987 adlueret
1446 1960 1563 1992 Domino,
1578 1968 1642 1986 unus
1652 1960 1755 1994 spiritus
1765 1964 1810 1985 at.
1828 1958 1874 1985 Ille

1083 2014 1197 2042 namque
1210 2006 1316 2033 tandem
1344 2006 1452 2040 spiritus
1475 2005 1605 2036 efﬁcitur,
1622 2004 1684 2032 licet
1707 2006 1820 2040 corpore
1841 2003 1876 2030 sit

1082 2052 1271 2080 circumdatus.
1292 2051 1403 2085 Quando
1427 2051 1498 2078 enim
1527 2051 1591 2078 nihil
1618 2058 1794 2085 corporeum.
1809 2050 1874 2077 nihil

1083 2106 1212 2132 crassum,
1227 2098 1292 2125 nihil
1314 2103 1447 2125 terrenum
1470 2098 1539 2125 circa
1562 2098 1648 2132 ipsum
1669 2098 1758 2130 fuerit,
1773 2098 1876 2132 simpli-

1083 2146 1151 2172 citer
1176 2151 1290 2179 corpore
1316 2144 1495 2170 circumdatur
1511 2153 1518 2172 τ
1533 2152 1594 2171 cum
1614 2149 1685 2172 totus
1712 2144 1876 2179 principatus

1083 2191 1118 2218 sit
1130 2191 1226 2218 anima:
1239 2195 1266 2217 et
1278 2190 1396 2225 spiritus.
1412 2190 1450 2218 sic
1464 2190 1626 2226 gloriﬁcatur
1645 2190 1724 2218 Deus.
1738 2190 1875 2224 Quamoho

1084 2245 1140 2264 rem
1160 2238 1186 2264 in
1200 2237 1321 2264 oratione
1333 2237 1422 2264 dicere
1436 2236 1571 2270 jubemur,
1587 2236 1767 2267 Sancti/iretur
1785 2244 1875 2262 nomen

1084 2287 1170 2314 tuum;
1180 2286 1207 2309 et
1217 2281 1339 2309 Christus
1352 2281 1386 2308 ait
1398 2290 1405 2308 :
1416 2281 1508 2308 Liweat
1521 2282 1567 2308 (ua:
1579 2286 1660 2307 vestra
1673 2289 1758 2308 coram
1772 2281 1877 2308 homini-

1085 2329 1140 2360 bus.
1153 2333 1180 2355 ut
1194 2328 1293 2355 videant
1306 2336 1384 2362 opera
1396 2333 1478 2354 vestra
1492 2327 1567 2358 bona,
1577 2331 1600 2353 et
1615 2327 1756 2362 gloriﬁcent
1770 2325 1876 2354 Patrem

1084 2380 1192 2402 oestrum
1205 2375 1247 2409 qui
1261 2375 1287 2401 in
1301 2374 1370 2401 cali;
1385 2379 1420 2401 ut
1436 2373 1446 2410 (
1461 2372 1551 2400 Matth.
1580 2373 1607 2400 5.
1635 2372 1669 2400 16
1682 2373 1700 2407 ).
1723 2372 1768 2400 Sic
1789 2372 1876 2407 ipsum

1085 2420 1234 2456 gloriﬁcant
1248 2420 1328 2448 etiam
1341 2420 1411 2452 caeli,
1424 2427 1476 2446 non
1487 2426 1580 2446 vocem
1592 2419 1755 2452 emittentes,
1767 2418 1814 2446 sed
1827 2426 1876 2454 per

1085 2471 1221 2501 aspectum
1248 2466 1452 2493 admirationem
1478 2470 1698 2498 commoventes,
1713 2470 1739 2492 et
1763 2465 1876 2500 gloriam

1084 2511 1202 2540 Creatori
1214 2512 1367 2539 referentes.
1377 2511 1422 2538 Sic
1433 2511 1612 2545 gloriﬁcemus
1623 2511 1694 2538 illum
1708 2516 1735 2538 et
1748 2518 1796 2537 nos
1806 2519 1813 2543 ;
1825 2511 1878 2537 imo

1085 2558 1168 2593 magis
1188 2564 1267 2592 quam
1290 2557 1343 2589 illi;
1360 2563 1499 2591 possumus
1517 2556 1588 2584 enim
1607 2556 1630 2583 si
1650 2556 1772 2585 velimus.
1786 2556 1878 2591 Neque

1084 2604 1155 2631 enim
1180 2604 1215 2630 ita
1237 2603 1332 2630 cailum
1346 2606 1373 2630 et
1385 2602 1443 2630 dies
1457 2606 1484 2630 et
1498 2610 1548 2630 nox
1573 2603 1655 2630 Deum
1682 2601 1814 2636 gloriﬁcat
1826 2623 1834 2634 ,
1849 2607 1877 2628 ut

1084 2649 1172 2676 anima
1187 2653 1290 2676 sancta.
1314 2647 1390 2676 Sicut
1407 2648 1478 2675 enim
1498 2648 1559 2683 quis
1573 2647 1630 2675 caeli
1651 2646 1874 2682 pulchritudinem

1084 2694 1231 2729 respiciens
1245 2693 1319 2724 dicit,
1332 2693 1421 2721 Gloria
1429 2693 1486 2727 tibi,
1496 2693 1567 2720 Deus
1582 2701 1589 2719 :
1605 2693 1683 2728 quale
1695 2700 1762 2728 opus
1773 2692 1856 2720 fecisti
1870 2694 1876 2720 l

1085 2739 1120 2767 ita
1134 2743 1161 2766 et
1173 2739 1220 2766 viri
1235 2739 1358 2766 virtutem
1372 2739 1487 2771 intuens,
1503 2738 1557 2765 imo
1571 2737 1616 2765 hic
1631 2738 1714 2766 multo
1728 2737 1820 2772 magis.
1834 2737 1873 2764 Ab

1085 2785 1137 2812 illis
1151 2792 1265 2820 namque
1279 2784 1409 2811 creaturis
1429 2791 1481 2811 non
1502 2791 1597 2811 omnes
1618 2783 1700 2811 Deum
1715 2783 1875 2818 gloriﬁcattt,

1083 2831 1130 2858 sed
1144 2831 1223 2858 etiam
1237 2830 1312 2857 inulti
1328 2830 1372 2857 illa
1387 2834 1521 2857 automata
1542 2838 1602 2858 esse
1621 2829 1731 2861 dicunt;
1756 2829 1798 2856 alii
1813 2836 1877 2856 vero

1085 2877 1249 2903 daemonibus
1260 2876 1405 2904 attribuunt
1417 2875 1505 2903 mundi
1519 2876 1680 2903 creationem
1694 2880 1718 2902 ct
1735 2873 1878 2910 prtividt'u-
