2041 3111
159 149 210 176 N7

158 207 275 236 ἐνταῦθα
293 209 379 237 πάλιν
402 211 528 247 γράφων,
545 211 586 237 δτι
614 212 675 238 Οὐκ
694 209 766 238 ἐστὲ
781 208 905 240 ἑαυτῶν,
921 208 952 234 οὗ

157 252 190 286 τῇ
206 250 367 286 προαιρέσει
382 251 556 287 λυμαίνεται,
571 252 639 278 ἀλλά
651 252 702 287 τῆς
716 251 814 284 κακίας
837 250 950 284 ἀπάγει.

157 292 204 318 καὶ
225 292 272 318 τοῦ
296 293 436 320 Δεσπότου
457 294 506 328 τὴν
525 293 688 329 κηδεμονίαν
711 293 888 320 ἐνδείκνυται.
907 291 953 318 Διο

157 334 204 360 καὶ
221 335 379 368 ἐπήγαγεν
410 335 612 370 ἰιτοράσθητσ
623 335 679 370 γὰρ
695 335 794 369 τιμῆς.
812 335 843 360 Et
856 333 884 360 δὲ
903 334 952 359 οὐκ

156 376 217 410 εἰμὶ
227 376 359 409 ἐμαυτοῦ,
380 376 440 408 πῶς
455 385 489 412 με
499 377 626 408 ἀπαιτεῖς
639 377 674 404 τά
691 375 831 412 πρακτέα;
850 375 908 407 πῶς
923 375 951 401 δὲ

156 417 259 452 προῖὼν
272 417 364 451 λέγεις
379 418 470 450 πάλιν,
487 418 640 451 Δοξάσιιτε
654 418 692 453 δὴ
705 419 759 445 τὸν
777 417 851 445 Θεὸν
863 417 898 443 ἐν
911 416 952 448 τῷ

155 458 270 493 σώματι
285 459 372 493 ὑμῶν
392 460 443 487 καί
466 460 502 486 ἐν
517 460 557 493 τῷ
577 461 722 495 πνεύματι
746 459 840 494 ὑμῶν,
863 458 951 486 ἅτινά

153 501 221 527 ἐστι
236 501 288 527 τοῦ
306 502 382 528 Θεοῦ
392 510 401 533 ;

191 543 224 569 Τί
241 541 288 570 οὖν
305 544 364 570 ἐστι
388 544 428 576 τὸ,
443 545 503 571 Οὐκ
516 543 588 571 ἐστὲ
603 542 734 575 ἐαυτῶν;
752 543 799 570 καὶ
814 543 840 570 τι
852 543 886 569 δι’
901 542 949 569 αὖε

153 584 201 611 τοῦ
220 586 425 613 κατασκευάσαι
442 585 581 621 βούλεται;
601 586 646 612 Ἐν
660 584 795 620 ἀσφαλείᾳ
807 585 948 619 καταστῆ-

156 636 202 653 σαι
226 627 275 654 τοῦ
300 627 337 662 μὴ
358 628 525 663 ἁμαρτάνειν
544 627 610 663 μηδὲ
634 629 694 659 ταῖς
720 627 880 661 ἐπιθυμίαις
898 628 948 661 τῆς

154 669 245 704 ψυχῆς
267 669 424 696 ἀκολουθεῖν
435 671 495 701 ταῖς
511 670 632 701 ἀτόποις.
646 669 700 695 Καὶ
719 669 773 703 γὰρ
789 668 874 695 πολλά
889 668 949 703 βου·

155 710 258 744 λόμεθα
277 711 377 742 ἄτοπα,
394 710 462 738 ἀλλὰ
483 711 609 746 κατέχειν
632 711 688 737 δείο
712 710 851 746 δυνάμεθα
875 711 946 746 γάρ·

154 753 179 777 εί
192 751 221 778 δὲ
234 751 272 788 μὴ
284 752 433 788 δυνάμεθα,
448 753 563 789 περιττὴ
577 754 593 789 ἡ
609 752 781 788 παραίνεσις.
796 753 868 788 Ὅρα
882 752 947 787 γοῦν

154 793 215 826 πῶς
240 794 417 829 ἠσφαλίσατο.
444 795 537 822 Εἰπὼν
557 796 623 831 γὰρ,
649 796 710 822 οὐκ
734 794 805 821 ἐστὲ
819 795 944 827 ἑαυτῶν,

153 835 204 861 οὐκ
216 836 366 871 ἐπήγαγεν,
388 835 459 863 Ἀλλ⁴
479 836 525 863 ὑπ’
542 837 666 872 ἀνάγκην
683 837 760 868 ἐστὲ,
776 836 843 868 ἀλλ’,
866 837 946 872 Ἡγο-

152 876 286 910 ράσθητε
312 878 410 912 τιμῆς.
441 878 491 905 Διὰ
515 879 543 904 τί
570 878 650 904 τοῦτο
680 878 788 912 λέγεις;
816 877 864 904 καὶ
891 878 945 913 μὴν

156 919 298 955 ἑτέρωθεν,
320 919 392 947 εἴποι
414 929 457 952 τις
481 920 514 947 ἂν
536 921 611 952 ἴσως,
630 920 683 946 ἔδει
710 920 874 956 προτρέψαι,
890 920 944 946 δεί-

155 960 255 986 κνύντα
272 961 314 987 ὅτι
336 961 474 996 Δεσπότην
497 961 605 997 ἔχομεν,
634 961 715 988 Ἀλλὰ
732 961 812 988 τοῦτο
827 961 878 996 μὲν
897 961 944 987 καὶ

154 1002 223 1036 πρὸς
233 1002 366 1038 Ἕλληνας
382 1004 448 1039 ἡμῖν
466 1003 564 1036 κοινὸν,
580 1003 610 1030 τὸ
628 1003 667 1033 δὲ,
689 1003 886 1038 Ἡγοράσθητε
902 1012 943 1030 τι-

150 1042 222 1077 μῆς.
243 1044 322 1079 ἡμῶν
346 1044 494 1080 ἐξαίρετον.
517 1044 734 1080 ’Λναμιμνήσκει
759 1044 813 1080 γὰρ
829 1044 877 1071 τοῦ
894 1054 943 1080 με-

152 1089 249 1123 γέθους
260 1090 310 1125 τῆς
321 1091 480 1125 εὐεργεσίας
494 1092 540 1118 καὶ
552 1091 599 1118 τοῦ
614 1091 714 1126 τρόπου
731 1090 781 1126 τῆς
795 1092 942 1126 σωτηρίας,

151 1131 260 1164 δεικνὺς
272 1132 313 1158 ὅτι
342 1133 569 1168 ἀλλοτριωθέντες
586 1133 797 1169 ἠγοράσθημεν·
823 1134 870 1160 καὶ
894 1134 944 1170 οὐχ

152 1173 255 1204 ἁπλῶς,
267 1173 336 1200 ἀλλὰ
354 1175 448 1209 τιμῆς.
462 1175 615 1207 Δοξιίσατε
624 1175 674 1208 δὴ,
692 1175 783 1208 ἄρατε
797 1175 850 1202 τὸν
869 1176 944 1202 Θεὸν

150 1214 185 1240 ὲν
202 1214 243 1248 τῷ
253 1215 366 1249 σώματι
379 1215 461 1251 ὑμῶν
473 1216 521 1244 καὶ
537 1217 572 1243 ἐν
586 1215 625 1249 τῷ
635 1217 792 1251 πνεύματι.
808 1217 900 1244 Ταῦτα
915 1218 942 1244 δὲ

151 1256 234 1290 λέγει,
251 1256 322 1284 ὥστε
344 1257 382 1293 μὴ
403 1257 442 1294 τῷ
457 1257 563 1293 σώματι
580 1258 660 1293 μόνον
682 1258 793 1292 φεύγειν
807 1258 857 1294 τὴν
873 1268 941 1294 πορ-

150 1299 235 1330 νείαν,
257 1299 325 1326 ἀλλὰ
345 1300 392 1326 καὶ
413 1302 442 1326 ἐν
458 1299 534 1336 μοι]
553 1300 593 1336 τῷ
619 1299 756 1335 πνεύματι
780 1300 831 1335 τῆς
852 1301 941 1336 ψυχῆς

151 1341 235 1376 μηδὲν
263 1342 381 1376 πονηρὸν
401 1342 556 1376 λογίζεσθαι
577 1342 633 1369 καὶ
648 1341 772 1368 ἐλαύνειν
787 1342 836 1378 τὴν
850 1343 938 1377 χάριν.

150 1382 250 1409 Ἀτινά
263 1383 329 1410 ἐστι
348 1383 404 1411 τοῦ
423 1384 508 1411 Θεοῦ.
528 1384 638 1420 Ἐπειδὴ
653 1384 708 1420 γάρ
723 1382 809 1416 εἶπεν,
832 1384 939 1419 Ὑμῶν,

147 1423 190 1451 διὰ
204 1424 284 1451 τοῦτο
293 1426 446 1460 ἐπήγαγεν.
458 1426 558 1453 Ἀτινά
571 1426 637 1452 ἐστι
651 1425 705 1452 τοῦ
721 1426 806 1458 Θεοῦ,
821 1427 940 1461 συνεχῶς

148 1467 366 1503 ἀναμιμνήσκων
377 1469 461 1503 ἡμᾶς,
473 1469 514 1495 ὅτι
527 1468 616 1495 πάντα
626 1468 788 1501 Δεσποτικὰ,
801 1469 848 1495 καὶ
860 1468 939 1503 σῶμα

147 1508 194 1535 καὶ
208 1507 283 1544 ψυχὴ
294 1510 341 1536 καὶ
353 1509 473 1544 πνεῦμα.
488 1511 543 1536 Καὶ
553 1511 607 1545 γάρ
621 1510 693 1541 τινές
704 1518 781 1544 φασι.
792 1509 833 1542 Τῷ
846 1511 939 1537 πνεύ-

144 1557 225 1584 ματι,
244 1549 284 1585 τῷ
300 1551 450 1586 χαρίσματι
466 1551 565 1585 λέγειν.
585 1552 634 1578 “Av
652 1551 706 1587 γὰρ
721 1552 809 1578 ἐκεῖνο
873 1553 939 1587 παρ’

147 1592 222 1626 ἡμῖν,
248 1591 391 1625 δοξάζεται
411 1594 426 1619 ό
437 1593 518 1625 Θεός·
535 1594 611 1620 ἐσται
627 1593 667 1625 δὲ,
685 1593 718 1620 ἂν
733 1593 857 1628 καθαρὰν
872 1602 940 1628 καρ-

146 1633 204 1659 δίαν
223 1633 341 1669 ἔχωμεν.
358 1634 412 1661 Τοῦ
425 1634 492 1661 Θεοῦ
507 1634 535 1661 δὲ
552 1635 622 1662 αὐτά
644 1634 754 1670 ἔφησεν,
775 1635 825 1661 οὐκ
845 1635 939 1672 ἐπειδὴ

147 1675 308 1710 παρήγαγεν
335 1675 404 1703 αὑτά
422 1676 514 1711 μόνον,
537 1676 595 1703 ἀλλ’
618 1676 713 1712 ἐπειδὴ
730 1676 777 1702 καὶ
796 1676 939 1712 ἀλλοτριω-

147 1715 237 1748 θέντα,
256 1717 289 1743 ὲκ
306 1717 434 1753 δευτέρου
450 1717 531 1745 πάλιν
548 1718 693 1753 ἐκτήσατο,
715 1719 798 1754 τιμὴν
819 1719 849 1745 τὸ
869 1716 939 1754 αἷμα

146 1757 193 1783 τιιῦ
209 1758 308 1789 Παιδὸς
326 1759 466 1791 καταθείς.
492 1760 564 1794 Ὅρα
578 1759 637 1791 πῶς
651 1760 691 1790 είς
714 1759 759 1785 τὸν
774 1760 891 1794 Χριστὸν
908 1761 939 1787 τὺ

148 1800 201 1825 πᾶν
214 1799 369 1835 ἀπήρτισε·
386 1800 444 1832 πῶς
465 1801 539 1836 ἡμᾶς
554 1802 594 1833 εἰς
607 1801 653 1828 τὸν
667 1800 783 1836 οὐρανὸν
803 1802 936 1837 ἀνήγαγε.

147 1841 221 1877 Μέλη
233 1842 282 1869 τοῦ
304 1842 425 1878 Χριστοῦ
446 1843 518 1874 ἐστε,
532 1844 609 1878 φησὶ,
628 1843 692 1874 ναός
708 1844 769 1869 ἐστε
788 1843 836 1870 τοῦ
850 1844 936 1870 Πνεύ-

147 1892 248 1918 ματος·
277 1885 316 1919 μὴ
337 1885 428 1911 τοίνυν
447 1885 554 1918 γίνεσθε
566 1885 669 1920 πόρνης
687 1884 772 1920 μέλη·
792 1885 822 1911 οὺ
838 1886 893 1921 γὰρ
905 1886 937 1912 τὸ

146 1925 226 1960 σῶμα
248 1925 280 1951 τὸ
304 1926 380 1961 ὑμῶν
405 1926 562 1962 ὑϐρίζεται·
586 1926 617 1952 ού
636 1927 692 1961 γὰρ
711 1926 742 1953 τὸ
757 1926 837 1962 σῶμα
859 1927 936 1962 ὑμῶν

144 1967 229 1998 ἐστιν,
243 1967 312 1994 ἀλλὰ
330 1968 376 1994 τοῦ
390 1967 519 2004 Χριστοῦ.
540 1967 632 1994 Ταῦτα
643 1967 671 1994 δὲ
688 1967 791 2002 ἔλεγεν,
803 1968 871 2004 όμοῦ
890 1969 937 1996 καὶ

143 2009 192 2044 τὴν
212 2009 419 2045 φιλανθρωπίαν
434 2009 648 2044 ἐνδεικνύμενος,
661 2009 702 2035 ὅτι
714 2009 797 2036 αὑτοῦ
814 2010 844 2036 τὸ
857 2010 936 2045 σῶμα

144 2051 174 2077 τὸ
198 2051 345 2086 ἡμέτερον,
365 2052 414 2078 καὶ
440 2051 489 2086 τῆς
510 2050 634 2084 ἐξουσίας
652 2051 703 2086 τῆς
724 2052 845 2087 πονηρᾶς
862 2052 936 2087 ἡμᾶς

144 2093 357 2128 ἀφαιρούμενος.
383 2094 414 2120 El
436 2093 490 2127 γὰρ
506 2092 647 2128 ἀλλότριόν
668 2093 725 2119 ἐστι
736 2093 767 2119 τὸ
781 2093 870 2128 σῶμα,
886 2094 936 2120 οὑκ

145 2133 221 2168 ἔχετε
242 2134 367 2166 ἐξουσίαν
380 2135 520 2170 ἀλλότριον
541 2134 622 2169 σῶμα
647 2134 779 2170 ὑϐρίζειν,
796 2135 872 2169 φησὶ,
889 2135 936 2161 καὶ

146 2175 269 2209 μάλιστα
293 2176 357 2202 ὅταν
401 2176 578 2206 Δεσποτικδν,
593 2175 654 2202 οὐδὲ
669 2175 731 2202 ναὸν
748 2176 873 2210 μολύνειν
889 2176 936 2202 τοῦ

144 2216 316 2251 Πνεῦματος.
333 2218 364 2244 Εἰ
378 2218 433 2253 γὰρ
448 2218 568 2252 ἰδιωτικῇ
586 2225 629 2248 τις
645 2217 766 2243 ἐπελθὼν
785 2217 869 2253 οἰκία,
890 2218 937 2244 καὶ

145 2259 278 2294 κωμάσας
295 2260 336 2291 εἰς
352 2260 472 2295 ἐκείνην,
496 2260 546 2295 τὴν
574 2260 692 2294 ἐσχάτην
709 2259 788 2286 δώσει
811 2259 906 2294 δίκην⁹
922 2259 936 2285 ὁ

146 2301 277 2336 βασιλέως
292 2302 357 2328 ναὸν
380 2302 480 2338 λῃστοῦ
500 2302 585 2328 ποιῶν
609 2300 792 2336 καταγώγιον,
810 2301 936 2336 ἐννόησον

145 2343 214 2370 πόσα
228 2343 356 2370 πείσεται
370 2344 453 2371 κακά.
466 2343 560 2370 Ταῦτα
575 2342 622 2370 οὖν
641 2345 780 2379 ἐννοήσας,
797 2343 936 2381 αἰδέσθητι

143 2385 188 2412 τὸν
209 2385 391 2412 ἐνοικοῦνταο
418 2387 432 2412 ὀ
459 2386 512 2422 γὰρ
536 2385 715 2421 Ιιαράκλητός
745 2386 818 2412 ἐστιν
842 2382 934 2418 οὗτος·

145 2427 238 2462 φρῖξον
260 2427 307 2454 τὸν
331 2427 579 2463 συμπεπλεγμένον
596 2436 637 2454 σοι
656 2428 704 2454 καὶ
721 2427 934 2461 κεκολλημένον·

144 2470 158 2495 ὁ
171 2469 225 2504 γὰρ
239 2470 360 2506 Χριστός
375 2471 444 2497 ἐστι.
459 2470 505 2505 Μὴ
527 2470 581 2506 γὰρ
598 2470 629 2496 σὺ
645 2469 713 2505 μέλη
737 2466 855 2504 Χριστοῦ
871 2470 933 2495 έαυ-

144 2510 189 2537 τὸν
202 2511 353 2547 ἐποίησας;
375 2511 517 2546 Ἐννόησον
534 2511 617 2542 οὕτω,
633 2512 679 2537 καὶ
695 2511 760 2546 μένε
777 2511 932 2546 σωφρονῶν,

144 2552 214 2585 τίνος
229 2550 264 2588 ἦν
280 2553 348 2588 μέλη
361 2559 386 2585 ³,
403 2553 449 2580 καὶ
472 2553 544 2585 τίνος
560 2553 666 2587 γέγονε.
682 2553 791 2588 Πόρνης
815 2550 849 2587 ἦν
866 2552 934 2588 μέλη

145 2594 198 2629 πρὸ
215 2595 325 2627 τούτου,
342 2595 388 2622 καὶ
412 2596 426 2621 ὀ
440 2595 558 2630 Χριστὸς
574 2594 701 2629 εποίησεν
718 2594 787 2620 αὐτὰ
804 2592 872 2629 μέλη
887 2593 935 2620 τοῦ

145 2635 210 2662 ἰδίου
234 2636 374 2672 σώματος.
390 2637 448 2664 οὐκ
464 2637 518 2670 ἀρα
540 2637 630 2663 αὐτῶν
646 2636 770 2669 ἐξουσίαν
791 2636 863 2671 ἔχεις
878 2635 935 2662 λοι-

144 2677 208 2703 πόν·
221 2679 319 2713 ἐκείνῳ
329 2678 440 2705 δούλευε
455 2678 494 2713 τῷ
508 2678 732 2714 ἐλευθερώσαντι.
747 2677 815 2705 οὐδὲ
830 2677 895 2713 γὰρ,
911 2678 935 2704 εί

145 2718 283 2755 θυγατέρα
298 2720 381 2756 ἔχων,
396 2722 428 2747 ἐκ
442 2720 541 2756 πολλῆς
564 2720 614 2756 τῆς
635 2719 728 2751 ἀνοίας
748 2719 936 2755 έξεμίσθωσας

145 2760 228 2797 αὐτὴν
257 2762 454 2797 πορνοϐοσκῷ.
481 2762 661 2798 πορνεύεσθαι
693 2761 841 2797 ἐποίησας,
875 2759 936 2788 εἶτα

147 2802 276 2837 βασιλέως
301 2804 359 2835 υἱὸς
386 2803 492 2839 παριὼν
521 2804 692 2840 ὴλευθέρωσέ
720 2812 748 2830 τε
775 2803 859 2838 αὐτὴν
886 2804 936 2838 τῆς

145 2843 262 2876 δουλείας
275 2846 386 2880 ἐκείνης
405 2847 453 2872 καὶ
475 2847 592 2882 συνῆψεν
611 2845 709 2881 ἐαυτῷ,
728 2845 821 2880 κύριος
837 2843 861 2871 εἶ
881 2844 936 2870 λοι-

178 2927 188 2941 ¹
204 2927 304 2959 lore},
314 2928 379 2956 τίνος
391 2928 433 2952 οὖν
442 2928 510 2959 μέλη.

672 148 705 176 ΙΝ
726 147 837 176 EPIST.
856 149 865 176 1
885 149 930 177 ΔΙ)
949 148 1028 176 (ΣΟΒ.
1049 148 1166 177 ΙΙΟΜΙΙ..
1189 148 1280 176 XVI".

1745 152 1797 181 “3

1007 207 1058 233 πον
1073 207 1149 241 ἄγειν
1170 206 1256 242 αὐτὴν
1271 207 1317 233 ἐπὶ
1332 206 1362 232 τὸ
1375 209 1516 243 Talentm;-
1533 207 1607 242 ἀπαξ
1628 208 1677 245 γὰρ
1693 209 1797 243 ἔδωκας

1007 249 1052 274 χαὶ
1066 248 1221 282 ὲπώλησας.
1232 248 1358 274 Τοιοῦτόν
1369 248 1426 275 ὲστι
1444 250 1491 275 καί
1503 249 1533 276 τὺ
1543 250 1676 285 ἡμέτερον
1686 259 1693 266 ·
1706 251 1797 286 ἐξεμι-

1004 289 1149 324 σθώοαμεν
1173 290 1223 325 τὴν
1246 290 1337 325 σάρκα
1367 291 1416 325 τὴν
1432 291 1537 317 ἑαυτῶν
1558 290 1598 326 τῷ
1612 291 1738 328 διαϐόλῳ,
1756 293 1796 328 τῷ

1001 331 1113 366 χαλεπῷ
1135 332 1311 368 πορνοῆοσκῷ
1323 340 1329 346 ·
1351 332 1413 359 ἰδὼν
1427 333 1441 358 ό
1457 332 1586 368 Χριστὸς,
1600 333 1734 368 ἐρρύσατο
1746 333 1795 360 αὑ-

1001 373 1051 408 τὴν
1066 374 1113 399 καὶ
1127 373 1266 409 ἀπήλλαξε
1289 375 1338 409 τῆς
1358 376 1479 410 πονηρᾶς
1499 375 1655 410 τυραννίδος
1668 375 1794 411 ἐκείνης·

1000 415 1031 442 οὐ
1041 416 1132 442 τοίνυν
1145 416 1220 442 ἐστὶν
1233 416 1355 451 ἡμετέρα
1370 416 1474 447 λοιπον,
1488 416 1556 443 ἀλλά
1569 416 1616 443 τοῦ
1628 417 1793 452 ῥυσαμένου.

1006 457 1069 484 Ἐὰν
1088 457 1184 493 ἐθέλῃς
1206 458 1243 490 ὼς
1265 458 1360 495 νύμφῃ
1375 458 1508 493 βασιλέως
1528 459 1691 495 κεχρῆσθαι,
1705 459 1794 491 οὐδεὶς

999 499 1014 524 ὁ
1035 499 1163 526 κωλύων·
1190 499 1238 526 ἐὰν
1258 500 1286 526 δὲ
1311 501 1358 526 ἐπὶ
1375 501 1409 527 τὰ
1430 501 1550 536 πρότερα
1573 501 1690 536 ἀγάγῃς,
1710 502 1793 537 πείσῃ

998 541 1032 567 τὰ
1059 542 1138 573 αὐτὰ,
1166 543 1183 569 ἃ
1210 542 1272 574 τοὺς
1296 542 1409 569 τοιαῦτα
1434 543 1596 578 ὐὸρίζοντας
1623 544 1707 575 είκὸς,
1746 544 1793 569 Διὸ

1001 582 1100 617 μᾶλλον
1119 583 1206 618 αὐτὴν
1223 585 1408 620 κατακοσμεῖν
1423 584 1488 620 χρὴ,
1508 585 1569 620 οὐχὶ
1587 584 1790 619 καταισχύνειν.

999 626 1036 651 Οὐ
1050 626 1104 661 γὰρ
1125 625 1196 660 ἔχεις
1212 625 1337 659 ἐξουσίαν
1351 626 1401 661 τῆς
1422 626 1524 662 σαρκὸς
1539 627 1568 652 ἐν
1587 628 1646 657 ταῖς
1660 627 1792 662 πονηραῖς

997 665 1169 701 ἐπιθυμίαις,
1188 667 1246 693 ἀλλ’
1267 667 1297 692 ἐν
1321 664 1362 699 οἷς
1385 667 1417 693 ἂν
1433 668 1446 694 ό
1469 667 1535 699 Θεὺς
1550 668 1665 703 ἐπιτάξῃ
1687 667 1790 702 μόνοις.

1003 708 1145 744 Ἐννόησον
1170 707 1234 742 γοῦν
1255 709 1353 744 ἡλίκης
1376 709 1461 743 αὐτὴν
1479 708 1585 744 ὖδρεως
1604 709 1759 744 ἀπήλλαξεν
1775 709 1790 733 ὁ

996 748 1077 781 Θεός·
1106 749 1152 776 καὶ
1174 750 1229 785 γὰρ
1258 750 1350 785 πάσης
1375 751 1479 785 πόρνης
1496 750 1671 785 αἰσχρότερον
1697 759 1789 786 προει-

997 792 1092 826 στήκει
1119 792 1136 827 ή
1166 791 1246 825 φύσις
1275 792 1292 827 ἡ
1316 792 1440 827 ἡμετέρα
1466 792 1518 827 πρὸ
1538 791 1645 818 τούτου.
1666 792 1720 817 Καὶ
1735 791 1791 827 γὰρ

995 833 1117 869 λῃστεῖαι
1138 833 1187 860 καὶ
1210 833 1394 870 ἀνδροφονίαι,
1420 833 1467 860 καὶ
1495 834 1610 864 ἕκαστος
1630 833 1790 868 παράνομος

995 873 1126 909 λογισμὸς
1153 875 1222 910 πρὸς
1248 874 1333 910 αὐτὴν
1359 875 1463 906 εἰσιὼν,
1498 873 1726 906 συγκατεκλίνετο
1754 875 1789 909 τῇ

993 915 1076 952 ψυχῇ,
1104 916 1151 943 καὶ
1177 916 1354 951 μισθώματος
1383 917 1474 950 όλίγου
1502 917 1550 943 καὶ
1574 916 1622 943 τοῦ
1650 915 1788 950 τυχόντος,

993 958 1043 993 τῆς
1062 958 1204 994 παρούσης
1223 958 1331 993 ἡδονῆς.
1353 958 1385 987 Ἣ
1402 959 1456 994 γὰρ
1473 959 1547 994 ψυχὴ
1560 958 1701 993 φυρομένη
1718 957 1788 992 μετὰ

992 999 1047 1026 τῶν
1070 999 1197 1036 πονηρῶν
1219 1000 1329 1026 ἐννοιῶν
1357 1001 1406 1027 καὶ
1427 1000 1565 1036 πράξεων,
1589 1000 1683 1026 τοῦτον
1705 1000 1788 1034 ἐκαρ-

994 1041 1077 1067 ποῦτο
1094 1041 1175 1076 μόνον
1186 1041 1232 1068 τὺν
1246 1041 1351 1076 μισθόν.

1026 1129 1061 1164 γ’.
1072 1129 1148 1166 [155]
1164 1129 1244 1157 Ἀλλά
1261 1129 1292 1156 τὸ
1307 1130 1357 1165 μὲν
1381 1130 1434 1165 πρὸ
1444 1130 1540 1157 τούτου
1560 1130 1646 1158 ταῦτα
1665 1131 1786 1166 γίνεσθαι

992 1171 1080 1197 καίτοι
1094 1170 1180 1197 δεινὸν
1189 1170 1230 1203 ὃν,
1243 1171 1293 1206 οὺχ
1313 1170 1386 1198 οὕτω
1399 1171 1486 1199 δεινὸν
1499 1169 1533 1207 ἦν
1543 1180 1551 1188 ο
1570 1171 1601 1198 τό
1616 1172 1644 1199 δὲ
1659 1173 1727 1208 μετὰ
1739 1173 1788 1200 τὸν

990 1213 1115 1247 οὐρανὸν,
1131 1212 1201 1248 μετά
1213 1212 1247 1239 τὰ
1262 1212 1394 1248 βασίλεια,
1417 1213 1487 1248 μετὰ
1505 1213 1535 1240 τὸ
1549 1213 1604 1240 τῶν
1625 1214 1786 1249 μυστηρίων

990 1254 1144 1281 ἀπολαῦσαι
1173 1254 1228 1280 τῶν
1250 1254 1373 1290 φρικτῶν
1401 1254 1482 1281 πάλιν
1507 1253 1681 1290 μολύνεσθαι,
1706 1255 1787 1282 ποίαν

990 1296 1045 1330 ἕξει
1067 1296 1250 1332 συγγνώμην;
1273 1294 1312 1322 Ἦ
1335 1297 1385 1323 οὐκ
1402 1296 1454 1322 οἴει
1469 1297 1516 1322 καὶ
1538 1297 1594 1327 τοῖς
1610 1296 1786 1328 πλεονέκταις

991 1339 1038 1366 καὶ
1055 1339 1149 1370 πᾶσιν,
1169 1336 1210 1370 οἷς
1229 1337 1385 1374 ἔμπροσθεν
1407 1338 1619 1374 ἀπηρίθμησεν,
1639 1338 1721 1364 αὐτὸν
1738 1339 1785 1365 τὸν

990 1379 1112 1407 διάϐολον
1127 1379 1409 1414 συγκατακλίνεσθαις
1426 1379 1476 1411 τὰς
1493 1379 1520 1406 δὲ
1537 1379 1783 1414 καλλωπιζομένας

990 1422 1058 1457 πρὸς
1071 1421 1218 1455 ἀσέλγειαν
1232 1422 1367 1454 γυναῖκας
1388 1421 1438 1456 οὐχ
1462 1422 1516 1456 ἡγῇ
1540 1420 1599 1456 μετ’
1620 1421 1725 1447 ἐκείνου
1739 1421 1784 1456 μί-

989 1463 1122 1497 γνυσθαι;
1149 1463 1197 1490 καὶ
1225 1463 1267 1494 τίς
1293 1463 1401 1498 ἀντερεῖ
1423 1462 1512 1498 τούτῳ
1537 1463 1576 1497 τῷ
1595 1461 1686 1496 λόγως
1706 1462 1737 1488 El
1753 1462 1784 1488 δὲ

989 1505 1046 1532 ἐστι
1062 1513 1104 1536 τις
1130 1504 1301 1539 φιλονεικῶν,
1320 1504 1462 1530 ἀποδυέτω
1483 1504 1532 1539 τὴν
1555 1503 1645 1539 ψυχὴν
1667 1504 1722 1530 τῶν
1749 1504 1783 1531 τὰ

988 1546 1101 1573 τοιαῦτα
1116 1546 1329 1581 ἀσχημονουσῶν
1342 1545 1491 1580 γυναικῶν,
1505 1545 1552 1571 καὶ
1565 1544 1659 1580 ὄψεται
1674 1545 1784 1576 πάντως

988 1588 1033 1615 τὸν
1053 1588 1171 1624 πονηρὸν
1185 1588 1300 1623 δαίμονα
1315 1588 1419 1614 ἐκεῖνον
1430 1586 1553 1622 σφοδρῶς
1569 1587 1783 1622 συμπεπλεγμέ-

988 1639 1033 1656 νον
1046 1630 1150 1661 αὐταῖς.
1167 1629 1300 1656 Δύσκολον
1312 1629 1378 1664 γὰρ,
1390 1628 1540 1663 ἀγαπητοὶ,
1556 1627 1694 1660 δύσκολον,
1711 1628 1784 1663 τάχα

987 1671 1016 1698 δὲ
1024 1672 1071 1698 καὶ
1084 1672 1233 1707 ἀμήχανον,
1248 1670 1294 1697 τοῦ
1308 1670 1432 1705 σώματος
1445 1668 1685 1705 καλλωπιζομένου
1700 1669 1783 1699 οὕτω,

988 1714 1035 1739 καὶ
1053 1713 1102 1748 τὴν
1128 1712 1218 1748 ψυχὴν
1241 1712 1309 1748 ὁμοῦ
1331 1711 1551 1744 καλλωπίζεσθαι
1569 1720 1575 1727 ·
1597 1711 1654 1738 ἀλλ’
1674 1712 1782 1746 ἀνάγκη

989 1754 1103 1790 θάτερον
1116 1754 1286 1789 ἀμελεῖσθαι,
1304 1753 1518 1789 ἐπιμελουμένου
1533 1753 1663 1789 θατέρου·
1681 1752 1712 1779 οὺ
1726 1753 1781 1788 γὰρ

988 1796 1045 1831 ἔχει
1058 1796 1138 1831 φύσιν
1152 1796 1219 1831 ὁμοῦ
1237 1795 1324 1822 ταῦτα
1339 1796 1472 1830 γίνεσθαι.
1487 1795 1533 1821 Διό
1549 1803 1642 1830 φησιν·
1667 1795 1699 1821 '0
1711 1797 1783 1822 κολ-

987 1838 1122 1873 λώμενος
1139 1838 1175 1872 τῇ
1192 1838 1299 1872 πόρνῃ,
1319 1837 1353 1864 ἓν
1367 1837 1453 1871 σῶμά
1471 1838 1574 1864 ἐστιν·
1592 1839 1608 1863 d
1621 1836 1655 1863 δὲ
1672 1836 1783 1864 κολλώ-

985 1888 1078 1915 μενος
1105 1880 1144 1912 τῷ
1167 1880 1275 1913 Κυρίῳ,
1301 1879 1337 1906 ἐν
1362 1878 1480 1913 πνεῦμά
1497 1879 1573 1905 ἐστι.
1589 1877 1701 1913 Πνεῦμα
1725 1877 1782 1914 γὰρ

987 1922 1091 1957 γίνεται
1115 1921 1210 1949 λοιπὸν
1229 1923 1243 1948 ὁ
1267 1921 1399 1953 τοιοῦτος,
1428 1921 1478 1947 κᾶν
1503 1920 1585 1955 σῶμα
1612 1921 1779 1955 περίκειται.

975 1965 1071 1991 ⁷Ὂταν
1084 1963 1138 1999 γὰρ
1154 1963 1238 1999 μηδὲν
1253 1962 1409 1998 σωματικὸν
1430 1962 1497 1997 μηδέ
1514 1962 1587 1996 παχὺ
1603 1961 1671 1995 μηδὲ
1686 1961 1781 1996 γήϊνον

986 2006 1050 2042 περὶ
1072 2006 1153 2032 αὐτὸν
1168 2003 1196 2041 ᾖ,
1213 2004 1306 2036 ἁπλῶς
1326 2005 1356 2030 τὺ
1381 2004 1461 2039 σῶμα
1489 2003 1644 2038 περίκειται
1661 2010 1667 2016 ·
1681 2003 1746 2028 ὅταν
1762 2003 1780 2037 ἡ

986 2048 1061 2074 πᾶσα
1079 2046 1151 2082 ἀρχὴ
1173 2046 1222 2081 τῆς
1237 2046 1327 2081 ψυχῆς
1378 2046 1424 2071 καὶ
1448 2044 1495 2070 τοῦ
1517 2043 1684 2078 πνεύματος,
1707 2043 1780 2071 οὕτω

986 2089 1125 2122 δοξάζεται
1141 2089 1155 2115 ό
1171 2088 1248 2120 Θεός.
1273 2088 1318 2114 Διὸ
1340 2088 1388 2114 καὶ
1409 2088 1437 2114 ἐν
1457 2088 1490 2122 τῇ
1518 2087 1584 2121 εὑχῇ
1611 2085 1779 2120 κελευόμεθα

987 2131 1086 2166 λέγειν·
1108 2130 1286 2165 Ἁγιασθήτω
1306 2130 1339 2156 τὸ
1353 2128 1446 2163 ὄνομά
1460 2137 1519 2155 σου
1533 2136 1540 2143 ·
1561 2127 1609 2154 καὶ
1630 2128 1644 2153 ό
1662 2127 1778 2162 Χριστός

987 2181 1064 2208 φησι·
1080 2171 1231 2207 Λαμψάτω
1244 2171 1278 2198 τὸ
1295 2171 1359 2204 φῶς
1371 2170 1455 2205 ὑμῶν
1469 2170 1640 2204 ἔμπροσθεν
1651 2168 1709 2195 τῶν
1725 2168 1778 2197 ἀν-

987 2214 1122 2249 θρώπων,
1137 2213 1216 2246 ὅπως
1231 2213 1316 2240 ἴδωσι
1332 2213 1369 2239 τὰ
1383 2212 1460 2238 καλὰ
1477 2211 1548 2246 ἔργα
1561 2209 1654 2245 ὑμῶν,
1671 2210 1719 2236 καί
1731 2209 1778 2236 δα.

986 2256 1104 2287 ξάσωσι
1122 2255 1176 2282 τὸν
1197 2255 1314 2288 Πατέρα
1331 2253 1414 2288 ὑμῶν
1427 2253 1481 2279 τὸν
1502 2254 1537 2279 ἐν
1549 2252 1612 2285 τοῖς
1628 2251 1775 2286 οὐρανοῖς.

986 2297 1066 2324 Οὕτω
1085 2297 1244 2329 δοξάζουσιν
1265 2297 1347 2324 αὑτὸν
1375 2296 1423 2322 καὶ
1442 2296 1467 2321 οι
1487 2294 1612 2330 οὐρανοὶ,
1633 2294 1663 2320 οὐ
1685 2293 1777 2329 φωνὴν

985 2340 1123 2373 ἀφιέντες,
1138 2338 1206 2365 ἀλλὰ
1217 2338 1263 2364 διὰ
1280 2339 1327 2373 τῆς
1341 2337 1428 2372 δψεως
1445 2336 1656 2371 θαυμαζόμενοι,
1671 2336 1718 2361 καὶ
1728 2335 1777 2369 τὴν

985 2380 1063 2414 δόξαν
1079 2381 1120 2412 εἰς
1137 2380 1184 2406 τὸν
1199 2379 1371 2415 Δημιουργδν
1390 2378 1581 2413 ἀναφέροντες.
1602 2376 1680 2403 Οὕτω
1697 2376 1775 2410 δοξάο

987 2429 1078 2457 σωμεν
1088 2421 1168 2448 αὐτὸν
1178 2421 1226 2447 καὶ
1240 2421 1330 2456 ἡμεῖς,
1342 2420 1441 2456 μᾶλλον
1455 2420 1483 2446 δὲ
1499 2420 1546 2446 καὶ
1558 2418 1637 2445 πλέον
1648 2417 1774 2445 ἐκείνων·

986 2463 1124 2498 δυνάμεθα
1141 2462 1205 2498 γὰρ,
1223 2461 1256 2489 ἃν
1271 2462 1416 2497 ἐθέλωμεν.
1434 2462 1471 2488 Οὺ
1486 2461 1541 2497 γὰρ
1555 2460 1640 2492 οὕτως
1662 2459 1777 2496 οὐρανὸς

985 2505 1033 2531 καὶ
1043 2504 1135 2540 ἡμέρα
1147 2505 1195 2531 καὶ
1209 2504 1268 2536 νὺξ,
1284 2504 1322 2536 ὡς
1338 2504 1402 2538 ἁγία
1418 2503 1493 2539 ψυχὴ
1504 2503 1609 2536 δοξάζει
1622 2503 1696 2530 Θεὸν.
1710 2503 1776 2529 ’Ὠσ-

986 2555 1040 2582 περ
1051 2546 1104 2581 γὰρ
1117 2546 1157 2578 είς
1170 2545 1200 2572 τὸ
1210 2545 1306 2576 κάλλος
1320 2545 1366 2572 τοῦ
1376 2546 1405 2572 οὑ
1411 2546 1490 2581 ρανοῦ
1505 2553 1546 2576 τις
1556 2544 1676 2579 ἀφορῶν,
1689 2544 1774 2577 λέγει-

985 2588 1054 2620 Δόξα
1069 2596 1120 2619 σοι,
1135 2588 1150 2613 ὁ
1168 2587 1244 2619 Θεὸς,
1266 2586 1322 2614 οἷον
1342 2587 1421 2622 ἐργον
1436 2587 1546 2617 ἔκτισας
1557 2594 1563 2599 ·
1578 2585 1650 2612 οὕτω
1672 2586 1704 2620 δὴ
1728 2586 1775 2611 καὶ

986 2631 1025 2661 είς
1038 2629 1134 2665 ἀνδρὸς
1147 2629 1248 2665 ἀρετὴν
1262 2628 1378 2663 βλέπων,
1392 2628 1439 2655 καὶ
1454 2627 1544 2662 πολλῷ
1553 2627 1631 2653 πλέον
1646 2627 1773 2654 ἐνταῦθα.

1001 2672 1054 2698 Λπ’
1068 2671 1179 2697 ἐκείνων
1193 2670 1242 2705 μὲν
1259 2670 1313 2705 γὰρ
1324 2670 1378 2696 τῶν
1397 2669 1555 2704 κτισμάτων
1571 2669 1601 2694 οὺ
1620 2669 1722 2699 πάντες
1733 2668 1777 2694 δο·

987 2712 1122 2745 Εάζουσιν,
1140 2711 1207 2738 ἀλλὰ
1221 2712 1313 2738 πολλοὶ
1326 2712 1372 2738 καὶ
1386 2712 1528 2746 αὐτόματα
1539 2708 1609 2736 εἶναι
1621 2710 1730 2744 λέγουσι
1741 2710 1777 2735 τὰ

985 2755 1049 2782 ὂντα
1060 2762 1066 2768 ·
1085 2753 1158 2780 ἄλλοι
1176 2753 1205 2779 δὲ
1221 2754 1268 2780 καὶ
1291 2753 1415 2788 δαίμοσιν
1435 2752 1594 2779 ἀνατιθέασι
1610 2750 1657 2778 τοῦ
1672 2750 1775 2785 κόσμου

985 2797 1035 2831 τὴν
1052 2795 1232 2831 δημιουργίαν
1255 2796 1302 2822 καὶ
1327 2795 1375 2831 τὴν
1399 2795 1537 2829 πρόνοιαν,
1554 2794 1579 2820 οῖ
1604 2793 1650 2820 καὶ
1673 2791 1775 2826 σφόδρα

987 2838 1169 2872 ἀσύγγνωστα
1183 2837 1384 2872 ἁμαρτάνουσιν
1397 2846 1403 2853 ·
1420 2838 1466 2863 ἐπὶ
1475 2837 1504 2863 δὲ
1515 2835 1658 2871 ἀνθρώπου
1674 2833 1774 2869 ἀρετῆς

987 2880 1074 2911 οὐδεὶς
1087 2878 1199 2905 τοιαῦτα
1217 2879 1430 2914 ἀναισχυντῆσαι
1450 2879 1603 2913 δυνήσεται,
1618 2875 1686 2902 ἀλλὰ
1707 2875 1775 2902 πάν-

990 2931 1041 2954 τως
1062 2920 1167 2954 δοξάσει
1189 2920 1233 2947 τὸν
1257 2920 1334 2955 Θεὸν,
1360 2921 1404 2948 τὸν
1429 2920 1588 2946 δουλεύοντα
1610 2917 1683 2952 αὐτῷ
1707 2916 1775 2950 μετὰ
