2041 3111
167 147 221 176 H9

164 208 242 241 tiam,
253 207 326 244 quod
341 213 482 244 peccatum
493 209 538 237 vix
551 209 654 237 veniam
669 209 791 237 adtttitlat
807 219 812 237 :
828 210 897 236 circa
913 210 967 236 vir-

163 259 251 282 tutem
272 260 365 282 autem
390 255 524 288 hominis,
541 263 620 283 nemo
638 257 677 283 sic
697 256 865 290 impudenter
887 264 967 291 agere

164 301 276 335 poterit,
287 301 335 328 sed
346 302 458 329 omnino
468 302 628 337 gloriﬁcabit
640 303 735 333 Demu,
746 302 809 329 dum
821 302 893 329 videt
905 309 966 328 euttt

165 347 212 379 qtti
229 346 285 373 Deo
300 347 384 374 servit
398 353 492 375 sancte
515 349 659 375 viventem.
681 348 745 382 Quis
760 348 830 376 enim
849 355 901 374 non
916 348 965 375 ob-

166 398 314 428 stupescet,
337 394 446 428 quando
467 394 598 429 quispiam
610 416 616 425 ,
632 394 712 421 ltomo
724 401 784 421 cum
797 394 831 421 sit
843 401 965 420 contmn-

167 438 263 472 nisque
274 444 378 466 naturm
394 440 538 474 particeps,
553 440 577 466 in
592 440 741 474 mediisque
755 447 864 467 versans
880 439 965 465 homi-

168 484 246 511 nibus
259 507 266 517 ,
282 484 352 511 sicut
365 486 486 518 adamas,
512 494 564 512 non
587 486 751 513 Convenitur
764 485 795 511 ad
811 486 963 519 passionum

167 538 263 565 agmen
275 531 287 557 ?
300 539 361 558 cum
379 532 448 558 inter
471 532 557 567 ignem
572 538 599 559 et
613 532 711 559 ferrum
724 537 749 559 et
766 532 834 558 feras
855 538 964 558 versans

167 575 310 603 adamante
331 577 426 604 fortior
446 582 496 609 est,
512 583 537 604 et
553 585 599 611 per
622 577 727 612 pietatis
750 577 859 604 vt-rbum
880 577 962 604 ratio-

154 628 283 661 .nemque
297 622 388 649 omnia
402 622 582 657 superaverit?
595 622 701 657 quando
716 622 817 656 probris
835 622 960 654 afﬁcitur,

167 672 194 694 et
208 667 362 695 benedicit?
378 669 484 703 quando
506 669 575 696 ntale
598 669 670 695 autlit
691 675 716 695 ct
737 669 842 695 laudat?
856 668 961 702 quando

167 714 289 741 molestia
304 715 328 742 ei
342 721 460 748 creatur,
473 720 498 742 ιιι
510 715 554 742 ille
567 721 624 742 orat
640 723 686 749 pro
702 715 732 742 iis
747 715 791 749 qui
806 722 895 742 secum
908 714 960 742 ini-

167 767 219 794 que
229 761 330 794 agunt?
339 760 448 796 quando
460 761 563 788 insidiis
574 762 716 795 appetitw,
727 766 752 788 et
764 762 819 795 ipse
833 759 960 788 beneﬁcia

167 811 275 839 praestat
300 807 500 834 insidiatoribus
514 812 540 833 et
553 807 731 833 adversariis?
751 807 811 833 lla‘c
824 812 850 833 ct
863 806 959 833 similia

167 852 251 886 magis
269 860 348 886 quam
368 852 426 879 exii
447 852 596 887 glorificent
618 853 709 879 Deum.
735 853 822 879 Grarei
845 860 960 886 namque

168 898 260 924 uelum
285 898 425 930 videntes,
440 906 493 925 non
518 898 619 932 pudore
641 898 810 930 afﬁciuntur;
837 903 958 925 sanetum

166 950 253 971 autent
269 944 355 971 virum
372 944 492 972 videntes
517 949 640 972 accurate
666 945 859 979 philosophiam
879 945 957 971 exiti—

167 992 284 1024 bentem,
301 991 402 1025 pudore
416 991 604 1018 sntl‘unduntur
617 999 728 1026 seseque
741 991 877 1018 damnant.
890 990 956 1018 Cum

165 1037 233 1063 cnim
250 1038 282 1066 is.
297 1038 341 1069 qui
354 1037 474 1071 ejusdem
490 1043 590 1064 natura:
605 1045 715 1064 consors
726 1043 776 1069 est,
789 1037 823 1064 ita
835 1038 957 1072 superior

165 1082 215 1109 illis
228 1088 269 1109 est
282 1103 289 1113 .
305 1087 331 1109 et
346 1083 428 1110 multo
447 1083 546 1117 magis,
563 1091 640 1117 quam
657 1083 750 1109 cadunt
767 1087 862 1109 terraut
878 1090 956 1117 supe-

163 1133 217 1159 rat;
233 1127 274 1154 vel
290 1128 365 1154 inviti
388 1128 505 1162 (cgitant
516 1148 523 1159 ,
538 1127 679 1162 quamdam
693 1127 808 1154 divinam
832 1128 954 1155 virtutem

164 1174 219 1200 her
233 1174 342 1208 operari
357 1182 364 1200 :
377 1174 438 1201 ideo
452 1175 504 1201 ait:
519 1174 550 1200 Et
564 1174 705 1208 gloriﬁcent
730 1174 832 1200 Putrem
846 1179 953 1201 oestrum

161 1222 202 1255 qui
221 1222 247 1247 in
265 1221 334 1248 aulis
357 1226 403 1248 est.
425 1221 470 1248 Vis
485 1224 512 1247 et
526 1220 634 1248 aliunde
655 1220 774 1252 discere,
788 1221 921 1255 quomodo
938 1229 952 1247 a

161 1275 298 1294 servorum
322 1274 432 1294 suorum
456 1267 509 1294 vita
533 1267 695 1302 gloriﬁeetur
718 1267 798 1299 Deus,
820 1267 953 1302 quomodo

160 1315 237 1340 etiam
252 1322 266 1340 a
282 1313 439 1340 miraculis?
455 1313 566 1340 ltnntisit
579 1313 721 1347 aliquando
740 1313 954 1340 Nabuchodono-

158 1366 202 1386 sor
218 1363 271 1386 tres
286 1366 385 1393 pueros
400 1360 425 1386 in
441 1358 585 1385 fornacem.
602 1358 702 1385 Deinde
717 1359 777 1392 quia
790 1358 853 1385 vidit
864 1358 952 1392 ignem

158 1411 209 1431 nou
225 1405 285 1431 illos
298 1411 437 1438 superare,
450 1405 485 1430 ait
500 1413 506 1430 :
522 1403 673 1430 Benedictus
684 1403 763 1435 Deut,
774 1404 817 1437 qui
827 1404 893 1430 misit
904 1413 951 1431 au-

157 1451 238 1485 gclum
250 1458 335 1482 suum,
351 1455 374 1477 et
384 1450 475 1484 eripuit
489 1457 579 1484 pueros
589 1457 649 1476 suos
662 1457 677 1475 a
693 1449 809 1480 fornace,
821 1451 880 1482 quia
891 1457 951 1476 can-

157 1497 267 1530 ﬁdmutt
280 1497 304 1523 in
316 1505 374 1523 eum
390 1504 400 1523 :
412 1501 434 1522 et
450 1495 550 1522 verbum
563 1497 628 1530 regis
644 1500 800 1522 mutaverunt
816 1495 903 1530 (Dan.
921 1496 948 1522 5.

156 1544 189 1570 95
201 1542 220 1575 ).
232 1543 299 1576 Quid
314 1543 399 1569 dicis?
410 1547 578 1576 contemptus
593 1542 674 1572 fuisti,
686 1547 713 1568 et
727 1542 830 1568 miraris
845 1549 892 1568 eos
905 1542 949 1576 qui

156 1589 333 1624 respuerunt?
359 1589 456 1620 Etiam,
481 1589 576 1622 inquit,
599 1593 626 1616 et
652 1592 759 1622 propter
785 1587 835 1614 ltoc
863 1588 948 1621 ipsum

154 1636 224 1670 quod
248 1636 415 1670 contemptui
429 1635 534 1662 habitus
547 1635 614 1666 sim;
635 1639 661 1661 et
675 1634 793 1661 miraculi
810 1634 878 1661 hanc
893 1640 948 1661 sta-

155 1684 202 1710 tuit
215 1690 274 1710 esse
287 1690 406 1710 causam.
422 1683 512 1717 Itaque
527 1689 580 1708 non
597 1685 703 1716 propter
723 1681 826 1716 signum
846 1686 948 1708 tantum

156 1733 215 1756 tunc
227 1729 313 1763 gloria
328 1729 383 1756 Deo
395 1728 460 1761 fuit,
475 1728 522 1755 sed
539 1731 647 1762 propter
667 1727 832 1762 propositum
852 1735 946 1754 eorum

155 1775 198 1808 qui
212 1775 257 1801 illo
272 1775 362 1809 injecti
378 1779 447 1802 sunt.
474 1773 549 1808 Quod
565 1773 588 1800 si
604 1773 663 1807 quis
678 1773 728 1800 ltoc
740 1777 766 1800 et
779 1773 842 1800 illud
858 1781 906 1808 per
918 1781 947 1800 se

153 1820 294 1852 examinet,
312 1827 364 1846 non
380 1820 431 1847 hoc
446 1819 490 1846 illo
505 1820 592 1847 minus
605 1824 657 1845 est.
669 1820 689 1845 Α
706 1818 813 1846 fornace
828 1820 897 1846 enittt
913 1819 930 1846 li

152 1869 262 1896 berasse
272 1888 280 1901 ,
296 1875 349 1894 non
363 1871 403 1894 est
417 1867 502 1902 majus
515 1867 547 1894 ad
561 1867 689 1894 rationem
713 1867 832 1894 miraculi
843 1888 849 1899 ,
867 1874 944 1901 quam

151 1915 248 1940 animis
274 1913 438 1948 persuasisse
461 1919 488 1939 ιιι
512 1912 716 1947 ingrederentur
744 1913 769 1939 in
798 1912 943 1940 fornacem.

151 1959 292 1993 Quomodo
304 1959 373 1985 cniut
389 1967 441 1985 non
456 1958 565 1992 dignum
590 1963 699 1993 stupore
719 1958 807 1990 fuerit,
822 1967 882 1985 cunt
897 1966 943 1986 rex

150 2005 239 2037 orbis,
255 2009 307 2031 tam
322 2004 413 2031 multis
425 2004 511 2030 armis
520 2004 730 2038 circumseptus.
745 2006 879 2031 exercitus
895 2004 942 2030 ha-

151 2051 227 2083 bens,
244 2050 336 2083 duces,
349 2049 490 2085 toparcltas
501 2055 528 2077 et
539 2049 674 2082 consules,
687 2055 764 2076 terrae
777 2055 803 2076 et
817 2051 882 2076 mari
895 2050 943 2076 im-

151 2105 257 2132 perans,
268 2105 282 2124 a
296 2098 384 2132 pueris
395 2096 507 2131 captivis
520 2096 665 2131 despicitur
675 2117 682 2128 ,
695 2101 723 2123 et
734 2096 813 2123 vincti
824 2096 943 2124 vincien-

151 2149 204 2171 tem
217 2147 345 2179 superant
359 2147 386 2170 et
398 2147 482 2170 totum
495 2143 576 2177 ipsius
589 2143 697 2170 vincunt
707 2143 874 2170 exercitum?
884 2142 942 2170 Non

149 2190 220 2216 enim
244 2193 390 2223 potuerunt
404 2189 429 2216 id
441 2209 447 2219 ,
462 2188 533 2223 quod
555 2188 710 2220 voluerunt,
726 2196 772 2215 rex
788 2192 816 2215 et
830 2188 942 2216 clientes

149 2236 215 2270 ejus,
228 2235 272 2270 qui
296 2240 323 2262 et
344 2234 404 2261 hmo
424 2240 450 2261 et
476 2234 589 2261 fornacis
609 2234 713 2268 copiam
732 2233 879 2266 habebant;
894 2233 941 2261 sed

149 2281 222 2313 ttudi,
240 2281 328 2312 servi,
344 2279 612 2315 exteri,pauci(quid
633 2280 703 2306 enim
724 2279 809 2306 tribus
832 2279 942 2313 paucius

148 2326 213 2361 sit?)
236 2326 398 2353 immensum
417 2325 563 2352 exercitum
581 2325 662 2352 vincti
679 2325 863 2360 proﬂigarunt.
882 2325 941 2352 .Iam

148 2373 218 2400 cnim
237 2380 310 2400 ntors
322 2372 529 2407 despiciebatur,
541 2371 601 2406 quia
619 2371 782 2398 adventurus
792 2375 850 2398 erat
862 2371 940 2399 Chri-

148 2425 203 2446 stus
216 2429 224 2446 ι
237 2424 263 2447 ct
277 2419 349 2446 sicut
362 2419 416 2452 jam
429 2418 532 2444 oritura
546 2417 613 2450 sole,
623 2422 765 2452 antequam
779 2417 846 2444 radii
860 2424 941 2451 appa-

149 2471 235 2497 reant,
245 2464 386 2499 splendida
401 2463 516 2491 efllcitur
529 2463 573 2490 lux
588 2463 639 2490 diei
655 2472 661 2489 :
678 2463 717 2490 sic
732 2463 811 2489 etiam
827 2467 941 2489 venturo

149 2510 254 2546 iustitia:
267 2511 325 2538 sole
340 2517 413 2537 tnors
427 2509 531 2536 tandem
546 2509 666 2536 cedebat.
683 2509 751 2542 Quid
772 2508 817 2536 illo
838 2508 942 2536 theatro

150 2557 315 2592 splendidius
330 2555 431 2583 fuerit?
450 2555 512 2590 quid
528 2555 638 2582 victoria
650 2554 769 2582 clarius?
788 2555 850 2589 quid
865 2555 941 2582 novis

150 2605 254 2639 troparis
270 2603 420 2639 insignius?

185 2650 212 2678 ι.
239 2650 296 2678 Hoc
310 2649 341 2676 ﬁt
354 2649 436 2676 etiam
451 2653 543 2675 nostro
557 2653 688 2682 tempore.
711 2647 745 2675 Et
757 2655 826 2674 ntttte
840 2655 886 2674 rex
901 2651 942 2674 est

153 2697 321 2732 Babylonica:
342 2695 474 2728 fornacis,
491 2703 561 2722 ttunc
574 2695 653 2722 etiam
667 2694 804 2722 fornacem
819 2693 942 2721 accendit

152 2743 193 2770 illa
203 2743 357 2778 graviorem
374 2751 380 2769 :
396 2746 437 2768 est
450 2742 528 2768 etiam
541 2743 584 2775 qui
600 2748 670 2767 nunc
683 2740 752 2767 illam
764 2740 840 2774 jubet
853 2739 940 2766 admi-

153 2791 203 2818 rari
228 2790 373 2826 imaginem
387 2799 394 2816 :
408 2789 505 2816 adsunt
528 2788 577 2823 ipsi
597 2793 624 2815 et
637 2791 749 2821 satrapa:
763 2791 790 2814 et
803 2786 900 2813 milites
914 2789 942 2813 et

152 2837 250 2864 musica
275 2835 451 2866 dentuicens;
467 2834 595 2868 multique
609 2833 681 2860 illam
697 2832 840 2867 imaginem
855 2832 940 2859 admi—

156 2888 259 2916 rantur,
280 2881 402 2910 variam.
423 2887 556 2914 magnam.
580 2878 645 2905 Tale
658 2879 728 2905 enint
749 2877 884 2912 quidpiam
897 2881 938 2903 est

305 2931 444 2960 ΡΑτιιοι.
468 2930 526 2960 Gn.
554 2930 631 2960 LXI.

685 151 716 179 ΙΝ
737 150 845 179 EPIST.
867 152 875 178 Ι
909 153 954 179 AD
973 151 1051 180 COR.
1073 153 1187 181 HOMIL.
1211 153 1303 182 XVIII.

1762 159 1813 188 150

1020 210 1131 237 avaritia
1144 231 1150 242 ,
1166 210 1244 244 quale
1258 211 1346 245 imago
1361 211 1405 238 illa
1419 232 1425 244 ,
1443 220 1476 239 ne
1489 211 1589 240 ferrum
1604 213 1713 248 quidem
1727 215 1814 251 despi-

1019 255 1093 281 ciens
1105 277 1113 288 ,
1135 256 1181 283 sed
1195 264 1228 283 ex
1249 256 1423 284 dissintilibus
1437 259 1587 292 composita
1600 259 1680 287 rebus
1691 280 1701 293 .
1722 263 1812 288 omnia

1018 301 1145 329 admirari
1163 302 1260 336 jubens
1274 323 1281 335 ,
1295 311 1332 330 ωε
1346 324 1354 337 ,
1368 303 1486 337 ferrum,
1501 309 1528 331 et
1540 313 1600 339 quat
1612 311 1674 333 sunt
1695 306 1748 334 illis
1761 308 1812 335 ad-

1019 347 1126 375 modum
1151 349 1254 376 viliora.
1278 348 1331 376 Sed
1357 350 1583 385 queutadmoduttt
1600 351 1657 379 hinc
1670 357 1752 386 sunt;
1776 353 1814 381 ita

1017 393 1097 420 etiam
1112 402 1183 421 nuttc
1197 400 1260 422 smtt
1273 403 1417 430 puerorum
1431 395 1535 423 illortutt
1550 397 1697 425 itttitatores
1711 399 1755 432 qui
1769 399 1811 425 di—

1016 445 1099 466 cunt:
1116 440 1171 468 Diis
1185 441 1237 468 tuis
1250 449 1301 468 non
1314 442 1455 475 servimus,
1472 448 1498 469 et
1514 443 1656 478 imaginem
1672 449 1742 472 luant
1756 453 1808 474 non

1016 486 1177 519 adoramus;
1192 487 1239 514 sed
1264 491 1292 514 et
1315 489 1477 522 paupertatis
1493 488 1628 517 fornacem
1643 490 1810 518 sustinemus

1016 535 1043 558 et
1063 532 1141 559 aliam
1166 540 1272 559 omnem
1296 533 1430 561 miseriam
1453 542 1501 568 pro
1517 535 1562 562 Dei
1585 536 1695 570 legibus.
1712 536 1747 564 Et
1770 538 1806 564 illi

1015 578 1122 611 quidem
1134 579 1179 613 qui
1191 579 1271 606 multa
1284 578 1391 612 habent,
1403 585 1468 607 utet
1479 585 1584 608 veteres
1596 582 1643 614 illi,
1657 583 1724 609 hanc
1735 591 1807 617 stupe

1015 622 1128 650 adorant
1148 629 1176 651 et
1188 625 1397 658 comburuntur;
1421 626 1465 659 qui
1488 634 1552 653 vero
1567 627 1632 653 nihil
1650 628 1804 662 possident.

1015 667 1083 695 haue
1096 669 1249 704 despiciunt
1261 691 1268 703 ,
1282 675 1309 698 et
1320 670 1345 697 in
1362 675 1519 705 paupertate
1534 677 1681 704 versantes,
1702 674 1726 699 in
1744 681 1806 700 roro

1014 716 1098 749 magis
1119 716 1291 750 deliciatttur,
1315 725 1394 751 quant
1409 718 1446 744 illi
1461 718 1505 752 qui
1527 719 1553 745 in
1570 726 1658 746 rerum
1672 720 1748 754 copia
1764 720 1800 746 vi-

1014 766 1095 788 vunt:
1111 762 1180 788 sicut
1193 767 1220 789 et
1236 768 1298 790 tmte
1309 770 1432 798 quoque,
1449 764 1494 797 qui
1509 764 1658 800 iujecerunt
1672 765 1804 792 combusti

1012 811 1071 832 sunt
1082 827 1088 837 ,
1101 807 1145 841 qui
1163 812 1251 834 autent
1266 808 1292 834 iu
1306 808 1395 835 medio
1407 814 1484 836 erant
1496 830 1503 842 ,
1518 817 1566 836 ceu
1582 809 1607 836 in
1621 817 1688 844 aqtta
1702 815 1728 837 et
1743 818 1804 838 rore

1012 853 1196 881 versabantur.
1210 854 1352 889 Tyrannus
1365 859 1454 882 autem
1471 855 1514 882 ille
1530 861 1591 882 tunc
1604 855 1688 891 magis
1701 864 1715 882 ιι
1728 855 1804 883 ﬁam~

1011 905 1054 925 ma
1083 899 1226 932 urebatur,
1251 900 1290 927 ira
1313 900 1498 928 vehementius
1524 900 1597 928 illum
1622 900 1802 934 incendente,

1010 951 1090 979 quam
1102 945 1176 979 pueri
1191 946 1228 972 illi
1241 946 1457 973 incenderentur.
1472 946 1537 973 Nam
1558 946 1665 974 illorum
1680 954 1713 974 ne
1727 955 1803 974 sunt-

1010 998 1068 1017 mos
1082 991 1188 1025 quidem
1202 992 1313 1026 capillos
1327 992 1411 1026 potuit
1431 992 1499 1027 ignis
1520 997 1646 1027 tangere;
1662 992 1739 1027 hujus
1751 1000 1802 1019 au~

1011 1039 1063 1062 tem
1087 1041 1204 1062 tuentem
1219 1037 1278 1071 igne
1301 1037 1487 1064 vehementius
1510 1037 1547 1064 ira
1563 1037 1692 1065 incendit.
1709 1038 1801 1072 Cogita

1009 1082 1080 1109 enim
1095 1088 1222 1117 quantuni
1238 1083 1302 1109 illud
1315 1088 1402 1115 esset,
1417 1083 1442 1109 in
1460 1088 1513 1110 tam
1527 1083 1673 1110 multorum
1688 1091 1801 1117 conspe-

1007 1134 1052 1156 ctu
1075 1136 1089 1156 a
1114 1129 1204 1164 pueris
1226 1129 1337 1164 captivis
1357 1129 1443 1164 ipsunt
1467 1129 1615 1157 contemni.
1635 1129 1710 1156 Tunc
1728 1129 1799 1157 enim

1007 1175 1141 1207 ostendit,
1158 1183 1188 1202 se
1201 1175 1308 1202 illorum
1323 1176 1416 1203 urbem
1432 1176 1536 1210 cepisse
1546 1196 1553 1208 ,
1572 1183 1624 1203 non
1638 1177 1663 1202 vi
1679 1183 1736 1208 sua,
1751 1176 1799 1204 sed

1007 1225 1117 1256 propter
1127 1222 1270 1249 multorum
1284 1226 1401 1256 peccata.
1417 1221 1482 1248 Nam
1494 1221 1516 1249 si
1530 1221 1634 1249 vinctos
1645 1229 1698 1249 non
1715 1222 1798 1256 potuit

1006 1274 1150 1300 superare,
1167 1267 1301 1301 etiamque
1327 1267 1352 1293 in
1366 1266 1500 1294 fornacem
1517 1267 1629 1301 injectus
1641 1287 1649 1299 ,
1663 1266 1799 1301 quomodo

1006 1312 1067 1339 illos
1082 1312 1140 1346 lege
1155 1312 1216 1339 belli
1237 1317 1407 1346 superasset,
1430 1312 1451 1338 si
1467 1319 1562 1339 omnes
1576 1311 1643 1338 tales
1665 1311 1799 1338 fuissent?

1006 1357 1082 1385 Unde
1097 1357 1267 1384 manifestum
1287 1363 1329 1384 est
1343 1357 1487 1384 multorum
1502 1362 1610 1392 peccata
1633 1357 1725 1383 urbem
1742 1361 1797 1383 tra-

1004 1402 1114 1430 didisse.
1133 1403 1198 1430 Vide
1217 1408 1306 1430 autent
1318 1411 1397 1437 quam
1411 1410 1425 1429 a
1443 1410 1508 1429 vana
1523 1402 1608 1437 gloria
1623 1403 1701 1429 alieni
1723 1403 1798 1437 pueri

1004 1454 1103 1476 essent.
1127 1448 1184 1477 Non
1198 1449 1269 1475 enitn
1292 1449 1444 1476 insiliermtt
1459 1449 1485 1476 itt
1510 1448 1646 1476 fornacem
1659 1468 1667 1481 ,
1683 1448 1729 1475 sed
1741 1448 1796 1483 jam

1002 1494 1065 1521 olitn
1092 1493 1191 1521 Christi
1214 1501 1375 1529 pra-ceperim
1400 1495 1546 1523 servabant.
1570 1494 1702 1521 dicentis:
1720 1493 1798 1521 Orate

1002 1549 1033 1567 ne
1046 1541 1143 1567 intretis
1158 1541 1183 1567 in
1199 1542 1360 1567 tentationem
1381 1541 1489 1575 (Matth.
1504 1541 1548 1568 26.
1564 1540 1609 1577 tl)
1626 1550 1632 1568 :
1649 1548 1736 1576 neqtte
1751 1541 1794 1567 fu-

1001 1591 1098 1621 gerunt
1123 1586 1230 1620 quando
1249 1586 1320 1613 ducti
1335 1591 1412 1619 sunt,
1435 1586 1481 1614 sed
1507 1591 1640 1614 steterunt
1665 1587 1690 1613 ιιι
1708 1587 1796 1614 ntedio

1002 1631 1107 1659 fortiter
1120 1641 1126 1658 :
1145 1640 1230 1666 neque
1245 1639 1297 1659 non
1318 1637 1429 1658 vocante
1442 1632 1628 1665 decertantes,
1647 1640 1732 1666 neque
1747 1640 1794 1659 vo-

1000 1683 1078 1706 cante
1090 1678 1184 1705 molles
1198 1683 1225 1706 et
1239 1678 1336 1713 ignavi,
1351 1678 1398 1705 sed
1410 1678 1442 1704 ad
1456 1678 1544 1705 omnia
1557 1679 1641 1713 parati
1656 1683 1683 1706 et
1693 1679 1794 1706 strenui

1000 1725 1127 1759 omnique
1143 1724 1237 1752 ﬁducia
1253 1725 1334 1759 pleni.
1360 1725 1504 1751 Audiamus
1519 1725 1590 1751 enim
1605 1724 1668 1759 quid
1683 1725 1773 1751 dicant
1786 1745 1792 1755 ,

1000 1776 1028 1796 ut
1044 1770 1105 1798 inde
1124 1778 1217 1798 eorum
1231 1770 1420 1805 philosophum
1437 1778 1544 1797 sensum
1560 1770 1710 1797 ediscamus
1723 1779 1730 1797 :
1745 1769 1794 1797 Est

998 1815 1068 1843 Deus
1094 1816 1120 1842 in
1141 1816 1211 1843 etatis
1235 1821 1323 1850 potens
1345 1816 1441 1850 eripere
1461 1824 1507 1842 nos
1521 1815 1601 1852 (Dan.
1619 1817 1644 1844 ὄλ
1663 1816 1718 1851 17).
1734 1816 1792 1843 Νοιι

998 1861 1069 1888 enim
1083 1861 1117 1888 de
1130 1868 1160 1888 se
1173 1866 1234 1888 sttnt
1254 1862 1377 1893 solliciti,
1398 1862 1446 1889 sed
1469 1869 1530 1888 mox
1546 1862 1720 1889 eomburendi
1735 1883 1743 1895 ,
1758 1862 1792 1889 de

997 1907 1082 1942 gloria
1099 1907 1144 1933 Dei
1160 1907 1267 1934 solliciti
1290 1913 1362 1934 sunt.
1379 1907 1412 1935 Ut
1425 1907 1495 1935 enint
1507 1927 1515 1940 ,
1530 1907 1606 1934 nobis
1620 1907 1766 1935 combustis
1782 1929 1789 1941 ,

998 1953 1080 1980 Deum
1092 1961 1144 1980 non
1158 1952 1268 1980 damnes
1282 1953 1478 1983 imbecillitatis,
1494 1954 1547 1986 jam
1565 1953 1611 1979 tibi
1626 1958 1708 1981 lotutn
1723 1953 1790 1989 dog-

997 2007 1039 2025 ma
1062 2003 1183 2025 ttostrum
1206 2004 1330 2025 accurate
1342 2000 1541 2025 annuntiamus.
1560 1999 1605 2026 Eat
1619 1999 1687 2026 Deus
1699 2000 1726 2026 in
1739 2007 1790 2027 cce-

997 2044 1042 2077 lio,
1066 2051 1118 2071 non
1142 2045 1201 2071 talis
1216 2045 1301 2078 qualis
1317 2046 1372 2071 lucc
1387 2044 1474 2080 imago
1490 2045 1515 2072 in
1536 2050 1605 2072 terra
1620 2066 1626 2075 .
1644 2046 1788 2073 inauimata

996 2097 1022 2118 et
1039 2097 1128 2124 muta,
1150 2091 1195 2117 sed
1219 2091 1263 2126 qui
1279 2091 1362 2125 possit
1385 2099 1418 2118 ex
1443 2091 1530 2119 Inedia
1555 2091 1663 2120 fornace
1685 2092 1787 2120 ardenti

995 2136 1110 2170 eripere.
1127 2136 1165 2163 Ne
1181 2136 1270 2171 itaque
1285 2137 1357 2163 illunt
1372 2136 1483 2164 damnes
1497 2137 1704 2169 imbecillitatis,
1717 2139 1787 2173 quod

996 2189 1046 2209 nos
1061 2182 1130 2209 sinat
1145 2183 1169 2209 in
1186 2190 1245 2210 cant
1260 2182 1377 2209 incidere
1393 2191 1399 2208 :
1418 2188 1469 2210 lant
1486 2187 1580 2217 potens
1593 2189 1634 2210 est
1647 2204 1654 2217 ,
1671 2189 1698 2210 ut
1713 2189 1786 2218 post-

994 2237 1074 2263 quam
1091 2228 1264 2256 inciderimus
1274 2249 1281 2260 ,
1297 2236 1346 2255 nos
1358 2237 1373 2255 a
1396 2228 1502 2255 flamma
1516 2229 1622 2263 eripere
1638 2230 1718 2263 possit
1732 2237 1740 2262 ;
1757 2229 1788 2256 Et

994 2276 1016 2302 si
1031 2283 1081 2302 non
1096 2275 1193 2310 faciat,
1207 2280 1294 2301 notum
1307 2275 1339 2301 sit
1353 2275 1396 2301 tibi
1407 2296 1415 2307 ,
1432 2283 1446 2301 ο
1459 2283 1514 2308 rex,
1529 2275 1596 2310 quod
1611 2275 1661 2301 (liis
1675 2276 1724 2302 tuis
1738 2284 1787 2302 nou

994 2322 1116 2349 seruiunt:
1130 2343 1136 2353 ,
1151 2326 1175 2348 et
1190 2330 1295 2348 auream
1310 2329 1384 2356 quam
1400 2321 1507 2356 posuisti
1522 2326 1632 2349 statuant
1649 2330 1700 2348 non
1721 2321 1772 2349 udo

993 2377 1080 2396 ramus
1102 2368 1183 2403 (Ibid.
1198 2376 1221 2395 tt.
1240 2368 1293 2403 l8).
1313 2368 1378 2394 Vide
1401 2376 1448 2395 eos
1469 2373 1544 2395 certo
1564 2368 1678 2395 consilio
1694 2373 1718 2395 ct
1734 2368 1787 2395 dis-

994 2415 1153 2450 pensatione
1169 2422 1221 2441 non
1237 2421 1316 2441 nosse
1331 2415 1459 2440 futurum.
1482 2414 1509 2441 Si
1539 2415 1609 2441 enim
1626 2415 1765 2441 st-ivissent
1778 2436 1786 2446 ,

994 2461 1145 2488 adtttirattdi
1169 2468 1220 2487 non
1247 2460 1362 2487 fuissent
1386 2459 1443 2487 lucc
1457 2460 1586 2488 facientes
1606 2469 1612 2487 :
1629 2460 1692 2495 quid
1716 2460 1787 2487 cnim

995 2507 1090 2534 mirum
1103 2527 1111 2540 ,
1132 2506 1155 2533 si
1170 2506 1281 2542 pignora
1295 2506 1389 2533 salutis
1411 2506 1538 2534 habentes
1548 2526 1557 2539 ,
1571 2508 1660 2542 gravia
1677 2507 1719 2534 illa
1740 2515 1787 2534 au~

994 2552 1087 2580 dacter
1109 2552 1259 2580 adiissent?
1283 2551 1331 2579 sed
1351 2551 1546 2586 gloriﬁcaretur
1568 2552 1673 2586 quidem
1695 2552 1764 2579 Deus
1777 2572 1785 2586 ,

994 2599 1038 2634 qui
1057 2598 1187 2632 potuisset
1210 2597 1316 2632 eripere
1335 2605 1368 2624 ex
1385 2598 1512 2629 fornace;
1529 2598 1578 2632 ipsi
1596 2605 1658 2625 vero
1673 2606 1724 2624 non
1740 2597 1786 2624 ad-

995 2645 1131 2672 mirabiles
1144 2644 1266 2678 fuissent,
1280 2648 1373 2679 utpote
1387 2644 1432 2679 qui
1446 2652 1498 2671 non
1514 2645 1540 2671 in
1556 2645 1671 2679 pericula
1685 2644 1787 2679 seipsos

995 2691 1184 2725 coniecissent.
1208 2689 1271 2718 ideo
1295 2690 1429 2725 permisit.
1451 2695 1480 2717 ut
1501 2690 1552 2725 ipsi
1575 2690 1645 2726 quod
1670 2690 1786 2718 futttruttt

995 2743 1054 2766 erat
1076 2739 1246 2772 ignorarent,
1260 2742 1289 2764 ut
1304 2737 1387 2771 magis
1409 2744 1456 2764 eos
1469 2737 1640 2771 glorilicaret.
1665 2736 1698 2763 Et
1719 2736 1788 2763 sicut

996 2785 1045 2818 ipsi
1059 2783 1255 2811 conﬁrmabant
1269 2791 1359 2818 regem
1373 2803 1381 2816 ,
1397 2788 1427 2810 ut
1450 2791 1484 2811 ne
1498 2784 1581 2810 Deum
1598 2782 1786 2810 imbecillitati;

996 2831 1154 2862 damnaret,
1179 2829 1201 2856 si
1227 2829 1277 2863 ipsi
1301 2830 1433 2857 combusti
1458 2830 1570 2857 fuissent
1588 2839 1594 2857 ε
1611 2830 1646 2856 ita
1668 2833 1695 2854 et
1717 2828 1786 2855 Deus

999 2881 1141 2910 utrumque
1164 2875 1306 2910 prmstitit,
1325 2880 1351 2902 et
1365 2876 1509 2911 potentiam
1524 2882 1597 2902 suant
1613 2873 1746 2905 ostendit,
1759 2877 1785 2899 et

1579 2922 1616 2953 ιο
