2041 3111
245 131 292 163 Ιςῖ
596 134 625 163 S.
645 131 783 163 JOANNIS
794 130 1032 161 CHRYSOSTOMI
1046 130 1206 158 ARCHIEP.
1221 127 1486 158 CONSIANTlNOP.

243 198 388 227 puerorum
409 190 528 219 animum
551 190 751 226 pmclariorem
775 188 871 216 effecit.
898 186 1036 216 Undenam

243 237 376 273 ergoillis
391 237 450 265 huc
468 236 611 269 dubitatio,
627 235 743 271 inquies,
758 239 787 262 ut
801 241 855 262 nou
871 232 1038 261 conﬁderent

243 290 272 311 se
284 284 374 312 salvos
384 285 504 312 exituros
514 282 596 311 esse?
607 282 683 316 Quod
693 289 722 309 se
733 280 841 308 viliores
856 279 965 308 omnino
978 286 1038 307 esse

243 333 371 364 putarent
381 349 390 362 ,
404 333 432 358 et
445 329 492 356 tali
506 327 635 356 beneflcio
650 327 783 362 indignos.
797 325 874 359 Quod
884 330 972 352 autem
984 332 1036 352 non

243 382 276 401 ex
292 375 446 410 conjectura
467 373 520 400 hoc
539 373 641 404 dicam,
667 371 694 399 in
715 370 853 399 fornacem
867 370 981 406 conjecti
997 370 1036 397 la-

245 422 450 453 mentabantur,
476 420 534 447 haec
559 419 679 446 dicentes
703 427 710 446 :
736 417 920 451 Peccavimus,
943 417 1038 452 injuste

242 467 338 502 egimu-
350 474 360 494 :
372 466 493 494 nonticet
507 466 578 493 nobis
596 473 625 492 oc
646 464 746 500 aperire
762 464 844 499 (Dan.
857 464 885 492 5.
900 462 958 498 29).
972 463 1038 490 Pro-

243 516 335 546 ptem
353 511 496 545 dicebant,
514 511 547 538 Et
569 512 591 538 si
606 519 666 538 non.
683 510 712 538 Si
722 510 798 538 enim
812 518 865 537 non
879 509 955 537 clare
965 509 1037 537 dice-

242 558 317 590 bant,
334 558 426 585 Potest
438 557 573 585 nos'Deus
586 557 708 592 eripere;
722 556 745 583 si
756 561 847 584 autem
861 563 916 583 non
932 555 1037 590 eripue-

241 605 294 638 rit,
311 608 422 639 propter
434 609 545 639 peccata
559 609 649 631 nostra
666 611 719 630 non
733 602 831 638 eripiet
841 622 849 635 ,
863 609 897 630 ne
911 602 1016 629 mireris
1028 610 1035 628 :

242 649 292 677 visi
306 649 378 677 enim
393 654 484 677 essent
505 649 576 684 apud
593 649 720 677 barbaros
742 653 912 684 peccatorum
927 654 1036 675 suorum

240 695 352 723 obtentu
375 695 421 723 Dei
437 695 646 723 imbecillitatem
660 695 797 729 obtegere.
813 694 957 729 Propterea
976 700 1035 720 cttm

244 741 278 768 de
293 741 351 776 ejus
366 743 482 776 potentia
503 746 604 768 tantum
621 741 723 776 loquuti
739 744 849 772 essent,
863 746 970 767 causam
984 746 1036 766 non

244 791 358 820 ponunt.
375 786 500 822 Alioquin
516 792 590 814 recte
604 785 702 813 eruditi
715 789 791 813 erant
809 785 857 812 Dei
868 785 967 820 judicia
983 793 1036 812 non

244 832 351 859 curiose
363 831 508 867 inquirere.
523 833 588 859 Cum
605 831 662 859 Ita3c
672 839 735 866 ergo
748 830 890 864 dixissent,
907 830 933 857 itt
947 831 1035 865 ignem

245 879 357 914 ingressi
368 883 440 912 sunt,
450 886 500 906 nec
511 886 601 913 regem
611 877 773 906 contumelia
784 876 942 910 affecerunt,
950 885 1036 911 neque

246 929 361 952 statuam
385 930 518 953 evertere.
543 924 635 951 Virum
659 923 730 951 enim
755 922 850 950 fortem
875 923 956 950 talem
978 930 1037 950 esse

245 975 370 1005 oportet,
387 970 555 998 moderatum
576 974 604 996 et
619 973 787 996 mansuetum
800 988 808 1001 ,
823 969 939 996 maxime
952 968 978 995 in
992 975 1037 1002 pe-

243 1016 354 1049 riculis,
369 1020 400 1044 ut
414 1024 448 1045 ne
463 1016 587 1044 videatur
610 1023 643 1043 ex
667 1016 705 1042 ira
728 1019 755 1042 ct
778 1022 844 1042 vana
867 1014 951 1050 gloria
976 1013 1036 1042 talia

243 1061 319 1089 adire
333 1062 478 1090 certamina
489 1083 497 1096 ,
513 1062 561 1090 sed
577 1069 612 1089 ex
628 1061 785 1089 fortitudine
806 1065 834 1088 et
850 1061 1036 1096 temperantia.

241 1105 309 1133 Nam
325 1107 370 1142 qui
390 1107 552 1135 contumelia
573 1106 673 1139 afficit,
688 1105 714 1133 in
730 1105 910 1141 suspicionem
930 1105 1037 1133 illorum

242 1151 385 1180 criminum
398 1152 469 1180 venit
481 1160 488 1179 :
500 1152 545 1188 qui
559 1159 624 1180 vero
636 1151 752 1179 sustinet
762 1156 790 1178 et
802 1151 918 1179 trahitur
929 1158 960 1178 ac
974 1159 1035 1178 cum

1832 131 1884 160 ιω

1092 186 1294 214 mansuetudine
1313 185 1452 220 decertat,
1465 192 1519 214 non
1533 185 1613 215 modo
1626 190 1655 215 ut
1667 186 1743 216 fortis
1757 188 1784 216 in
1798 187 1885 216 admi-

1090 233 1194 259 ratione
1207 231 1320 260 habetur
1332 254 1339 265 ,
1352 232 1399 260 sed
1413 233 1492 260 etiam
1505 232 1540 260 ob
1550 233 1760 262 moderationem
1771 239 1798 263 et
1809 242 1885 263 man-

1091 278 1257 306 suetudinem
1284 286 1337 306 non
1363 279 1451 306 minus
1466 279 1628 307 celebratur.
1652 279 1679 307 ld
1692 280 1762 316 quod
1784 285 1812 309 et
1835 282 1884 316 ipsi

1091 328 1153 350 tunc
1177 323 1315 356 fecerunt,
1329 331 1390 351 cum
1406 327 1434 351 et
1456 323 1639 352 fortitudinem
1661 330 1688 352 et
1702 326 1886 353 mansuetudi-

1090 378 1152 398 nem
1168 378 1275 398 omnem
1291 370 1487 398 exhibuerunt:
1503 378 1552 399 nec
1565 370 1707 407 quidquam
1724 372 1811 400 fecere
1824 380 1885 408 pro-

1091 421 1150 451 pter
1164 417 1316 444 mercedem
1330 421 1358 444 et
1373 417 1522 451 praemium.
1533 417 1568 444 Et
1578 417 1599 444 si
1612 417 1737 451 noluerit,
1750 418 1883 453 inquiunt,

1091 469 1139 490 nos
1154 463 1259 496 eripere
1269 482 1276 495 ,
1300 462 1352 489 diis
1367 463 1419 489 tuis
1434 470 1487 490 non
1503 463 1636 490 servimus
1651 471 1658 490 :
1676 463 1735 498 .jam
1750 464 1821 491 enim
1831 472 1884 491 rc-

1090 510 1301 537 tnunerationetn
1325 509 1472 542 habemus,
1505 517 1533 537 ut
1559 509 1629 544 digni
1655 509 1753 543 habiti,
1779 511 1823 546 qui
1852 511 1886 537 ab

1091 556 1226 590 impietate
1240 555 1433 588 liberaremur,
1456 560 1484 583 et
1504 554 1575 590 quod
1601 561 1744 590 propterea
1768 563 1883 591 corpore

1090 605 1283 628 cremarentur.
1301 600 1333 627 Et
1343 608 1391 628 nos
1404 601 1484 636 igitur
1498 600 1627 628 habentes
1639 601 1694 636 jam
1711 601 1863 629 mercedem
1875 622 1883 633 ,

1091 654 1151 674 nam
1164 647 1293 674 habemus
1303 668 1310 679 ,
1326 647 1398 682 digni
1411 647 1547 682 habitiqui
1559 648 1632 675 illum
1645 655 1882 683 cognosceremus,

1089 697 1116 720 et
1129 694 1172 728 qui
1188 693 1309 720 membra
1322 692 1421 721 Christi
1437 693 1621 726 efficeremur,
1638 701 1671 722 tte
1685 694 1816 722 faciamus
1838 694 1882 721 illa

1091 740 1208 767 metnbra
1225 740 1384 767 meretricis.
1402 739 1429 767 In
1443 739 1494 767 hoc
1509 741 1580 768 enim
1595 745 1648 768 tam
1664 741 1797 769 horrendo
1812 741 1886 770 dicto

1091 786 1206 813 finienda
1222 790 1264 814 est
1277 786 1364 814 oratio
1384 795 1391 814 ε
1405 791 1434 814 ttt
1450 786 1566 814 validum
1590 786 1722 816 habentes
1735 789 1885 816 commina-

1092 833 1173 860 tionis
1187 833 1310 860 timorem
1322 854 1329 866 ,
1348 840 1503 860 maneamus
1516 841 1582 860 auro
1605 834 1725 868 puriores
1748 834 1799 862 hoc
1813 839 1886 862 metu

1091 878 1198 906 redditi.
1225 878 1270 906 Sic
1291 878 1367 905 enim
1393 879 1539 913 poterimus
1562 886 1577 906 a
1601 880 1777 908 fornicatione
1800 881 1886 915 erepti

1090 923 1227 950 Christum
1244 923 1336 951 videre
1351 932 1357 949 :
1374 931 1454 959 quem
1477 924 1578 951 utinam
1594 933 1654 952 cum
1680 925 1774 953 fiducia
1797 926 1888 953 videa-

1092 977 1151 996 mus
1164 969 1192 996 in
1208 968 1254 996 illo
1268 968 1327 1002 die,
1343 969 1427 1005 gratia
1441 974 1469 997 et
1492 969 1656 1006 benignitate
1678 971 1783 998 Domini
1799 972 1885 999 nostri

1091 1014 1154 1041 Jesu
1174 1014 1292 1048 Christi,
1314 1015 1421 1051 quicum
1447 1016 1517 1043 Patri
1538 1024 1642 1052 unaque
1666 1017 1777 1052 Spiritui
1792 1023 1887 1045 sancto

1091 1061 1173 1095 gloria
1185 1080 1192 1093 ,
1209 1060 1295 1088 honor
1306 1081 1314 1094 ,
1329 1061 1480 1096 imperium,
1497 1070 1568 1090 nunc
1583 1067 1608 1089 et
1623 1069 1739 1097 semper,
1755 1068 1782 1091 et
1794 1063 1821 1090 in
1835 1072 1887 1091 su:-

1092 1108 1150 1135 cttla
1172 1108 1342 1135 saeculorum.
1359 1109 1456 1136 Amen.

932 1245 1106 1276 HOMILIA
1127 1245 1217 1276 XIX.

243 1299 307 1326 Car.
324 1300 350 1326 7.
366 1308 390 1328 ν.
401 1301 431 1327 ’1.
448 1300 485 1327 De
507 1300 597 1336 quibus
619 1303 703 1327 autem
725 1298 860 1334 scripsistis
885 1298 969 1325 milii:
984 1297 1037 1324 Bo-

281 1355 340 1372 num
358 1351 394 1374 est
416 1347 512 1374 Itomim'
531 1347 661 1374 mulierem
683 1354 733 1373 non
755 1349 857 1381 tangere
868 1352 878 1372 :
890 1344 917 1372 Ξ.
934 1348 1039 1379 propter

281 1392 475 1426 fonticulionem
493 1397 576 1419 autent
597 1392 769 1427 unusquisque
781 1399 855 1418 suam
871 1397 977 1418 uxorem
991 1390 1038 1416 ha-

279 1440 345 1470 bent,
362 1442 384 1464 et
402 1445 557 1473 unaquaque
570 1445 643 1464 suum
656 1437 747 1463 uirum.

284 1485 309 1510 l.
331 1483 475 1519 Postquam
491 1483 648 1518 gravissima
665 1483 713 1509 tria
727 1482 845 1510 correxit
858 1482 921 1509 vitia
932 1502 941 1515 ,
956 1489 1038 1508 unum

245 1530 354 1565 quidem
367 1529 438 1565 quod
453 1529 774 1561 divelleretur‘Ecclesia,
785 1528 934 1556 secundum
949 1533 1037 1556 autern

245 1576 416 1603 l'nrtticatoris
429 1596 436 1607 ,
452 1575 560 1603 tertium
576 1577 649 1602 avart
662 1583 669 1608 ;
685 1574 783 1602 deinde
797 1575 901 1602 mitiore
921 1582 983 1602 usus
998 1578 1040 1602 est

245 1621 366 1649 oratione
381 1630 387 1648 :
409 1625 437 1649 et
451 1621 662 1648 admonitionem
677 1620 872 1655 consiliumque
894 1620 1039 1655 interponit

245 1668 279 1694 tle
292 1667 464 1694 matrimonio
473 1672 503 1694 et
518 1666 552 1695 de
566 1666 734 1702 virginitate,
749 1673 764 1693 a
778 1665 977 1693 molestioribus
992 1673 1038 1692 au-

247 1714 361 1741 ditorem
375 1713 407 1740 ad
416 1713 511 1748 quieta
525 1712 636 1740 ducens.
650 1712 677 1739 In
691 1711 810 1739 secunda
823 1716 912 1738 autent
923 1711 1037 1746 epistola

245 1760 410 1786 contrarium
424 1758 489 1787 l‘acit
507 1767 514 1786 :
539 1759 632 1793 incipit
644 1758 716 1785 enim
730 1765 744 1784 a
761 1757 927 1790 mitioribus,
940 1757 1039 1786 desinit

246 1810 336 1833 autem
350 1805 376 1832 in
393 1805 520 1833 tristiora.
537 1805 586 1832 Hic
594 1811 662 1832 vero
677 1809 816 1839 postquam
831 1803 865 1831 de
885 1804 1039 1839 virginitate

246 1858 400 1879 sermonem
424 1850 553 1886 perfecit,
569 1856 663 1877 rursus
687 1849 742 1876 cxit
764 1849 796 1876 ad
818 1856 848 1876 ea
871 1856 930 1884 qttte
955 1849 1039 1884 magis

246 1901 369 1933 pungunt
382 1904 414 1924 ac
428 1896 538 1930 feriunt,
554 1903 607 1924 non
623 1895 712 1923 omnia
728 1895 899 1924 continenter
914 1903 1017 1931 ponens
1029 1916 1037 1929 ,

246 1943 294 1971 sed
308 1950 460 1971 sermonem
474 1943 501 1971 in
517 1947 631 1978 utroque
645 1941 766 1975 varians,
782 1947 810 1969 ut
829 1946 934 1976 tempus
947 1943 1036 1977 exige-

248 1990 293 2016 bat
303 2010 310 2021 ,
336 1996 439 2017 necnon
453 1988 626 2024 prms’entium
649 1995 738 2015 rerum
753 1994 826 2014 usus.
849 1986 913 2014 Ideo
925 1987 962 2014 ait
977 1996 983 2015 :
1001 1987 1039 2014 De

246 2035 335 2071 quibus
352 2041 434 2062 autem
455 2035 590 2071 scripsistis
612 2035 683 2061 nti/ti.
705 2034 874 2069 Scripseram
887 2039 976 2062 autem
989 2034 1016 2062 ei
1028 2055 1036 2067 ,

244 2091 279 2109 an
299 2086 437 2117 oporteret
458 2082 493 2109 ab
513 2088 596 2109 uxore
611 2081 745 2108 abstinere
759 2088 791 2108 an
813 2088 879 2108 non.
903 2081 936 2108 Et
950 2081 983 2108 ad
1006 2089 1036 2108 ea

248 2129 398 2156 rescribens
408 2149 416 2162 ,
436 2132 465 2155 et
477 2127 512 2155 de
527 2127 697 2155 matrimonio
711 2127 794 2162 legem
809 2128 897 2154 ferens
910 2147 917 2160 ,
933 2134 1037 2154 sermo-

249 2182 309 2201 nem
324 2174 358 2202 de
373 2174 523 2209 virginitate
537 2173 638 2200 inducit
654 2182 661 2199 :
678 2172 776 2200 Bonum
790 2178 826 2200 est
840 2173 936 2200 homini
949 2174 1038 2201 mulie-

245 2229 299 2246 rem
312 2228 363 2247 non
377 2225 488 2255 tangere.
505 2218 569 2246 Nam
583 2219 625 2252 si,
641 2218 734 2253 inquit,
751 2219 822 2253 qttod
837 2218 934 2246 bonum
951 2225 992 2246 est
1011 2224 1039 2246 ct

246 2265 390 2293 admodum
404 2264 537 2292 excellens
553 2263 650 2299 qumris
660 2285 667 2296 ,
688 2264 781 2291 melius
795 2269 838 2291 est
852 2271 911 2291 cum
926 2265 1038 2293 muliere

247 2311 346 2337 nullam
363 2310 462 2337 ltabere
477 2308 718 2342 consuetudinem;
741 2309 763 2336 si
777 2309 847 2345 quod
872 2314 956 2337 tutum
973 2315 1015 2338 est
1029 2332 1036 2344 ,

244 2362 270 2384 et
285 2357 355 2391 quod
370 2356 552 2383 inﬁrmitatem
573 2360 644 2382 tuam
659 2355 732 2390 juvet
746 2376 752 2386 ,
764 2356 937 2383 matrimonio
951 2361 1036 2386 utere.

246 2404 313 2437 Quia
327 2407 416 2430 autent
430 2402 576 2429 verisimile
591 2405 664 2434 erat,
679 2407 707 2428 ut
721 2402 801 2430 etiam
816 2410 886 2429 nttnc
900 2403 982 2434 solet,
1003 2403 1038 2430 vi-

247 2457 305 2476 rum
321 2448 390 2476 velle
403 2470 410 2480 ,
427 2448 569 2475 mulierem
588 2455 652 2475 vero
667 2454 719 2474 non
733 2448 812 2480 item;
827 2447 868 2475 vel
882 2450 962 2475 etiam
974 2455 1038 2475 con-

250 2501 290 2522 tra
301 2516 308 2527 ,
332 2495 394 2523 vide
408 2494 544 2530 quomodo
563 2494 597 2522 de
610 2498 725 2528 utroque
738 2493 863 2521 disserat.
891 2494 923 2521 Et
946 2495 1037 2522 dicunt

246 2541 355 2577 quidam
366 2562 373 2573 ,
389 2541 440 2568 ltoc
452 2541 486 2568 ab
499 2539 544 2567 illo
557 2540 656 2567 dictum
671 2539 855 2567 sacerdotibus
870 2539 951 2566 fuisse
966 2549 972 2566 :
987 2547 1036 2575 ego

247 2594 315 2615 vero
329 2594 361 2614 ex
375 2586 407 2614 iis
418 2589 628 2620 quaesequuntur
641 2592 699 2612 rem
711 2584 885 2617 examinans,
900 2592 952 2612 non
966 2584 1037 2612 dixe-

246 2634 297 2662 rim
311 2640 367 2661 rem
381 2633 417 2660 ita
435 2639 465 2659 se
480 2631 596 2658 habere:
610 2637 697 2665 neque
710 2630 781 2657 enim
801 2629 926 2657 universe
942 2629 1037 2658 admo-

245 2681 374 2708 nitionem
383 2679 578 2707 constituisset.
592 2677 620 2705 Si
635 2681 724 2704 autem
736 2675 921 2703 sacerdotibus
934 2680 1036 2704 tantum

244 2727 305 2755 haec
325 2725 496 2761 scripsisset,
511 2724 623 2751 dixisset
635 2728 700 2749 sane
722 2730 729 2748 :
753 2721 856 2748 Bonum
876 2725 918 2749 est
932 2721 1036 2749 doctori

244 2780 356 2801 uxorem
372 2779 425 2799 non
442 2776 571 2806 tangere;
585 2775 656 2795 nunc
668 2772 756 2794 autem
768 2766 913 2794 universim
926 2767 977 2794 hoc
990 2775 1036 2803 po-

243 2819 299 2847 suit
320 2827 326 2845 :
348 2817 447 2845 Bonum
460 2821 496 2843 est
511 2814 625 2847 homini,
640 2813 732 2840 dicens
743 2833 751 2846 ,
766 2820 818 2840 non
833 2817 934 2840 tatttunt
948 2820 1037 2841 sacer-

244 2866 318 2898 duti;
343 2870 370 2893 et
392 2871 503 2896 rursus,
520 2861 624 2889 Solutm
644 2868 670 2887 et
690 2859 721 2887 ab
745 2859 844 2886 uxore?
859 2859 912 2886 noli
925 2867 1036 2894 φαεν-ονε

1092 1304 1207 1323 uxorem.
1222 1295 1280 1324 Non
1294 1296 1377 1328 dixit.
1395 1297 1433 1324 Tu
1447 1296 1574 1325 sacerdos
1588 1302 1615 1325 et
1627 1297 1731 1332 doctor,
1746 1299 1794 1327 sed
1809 1300 1886 1328 inde-

1093 1343 1185 1375 llnite;
1207 1348 1234 1370 et
1250 1347 1320 1371 totus
1343 1344 1453 1371 omnino
1468 1351 1557 1371 sermo
1572 1345 1611 1372 sic
1631 1345 1762 1380 procedit.
1778 1346 1809 1374 Et
1824 1354 1886 1374 cum

1092 1389 1177 1422 dixit,
1196 1389 1303 1425 Propter
1317 1390 1496 1426 fornicationes
1508 1391 1679 1426 untuquitque
1697 1400 1768 1418 ruant
1782 1400 1886 1420 uxorem

1093 1435 1197 1469 habeat,
1221 1443 1254 1463 ex
1277 1436 1333 1471 ipsa
1349 1436 1532 1463 concessionis
1546 1443 1626 1464 causa
1642 1437 1675 1464 ad
1691 1438 1885 1465 continentiam

1092 1481 1177 1509 duxit.
1191 1482 1217 1509 5.
1237 1482 1317 1509 Uxori
1329 1483 1367 1509 uir
1378 1482 1489 1509 debitum
1501 1483 1611 1516 reddat;
1623 1483 1739 1511 similiter
1751 1489 1779 1511 et
1796 1485 1888 1512 mulier

1092 1527 1155 1554 viro.
1171 1527 1239 1561 Quid
1253 1532 1295 1555 est
1314 1531 1402 1555 autem
1417 1527 1522 1555 debitus
1538 1528 1645 1556 honor?
1661 1529 1755 1557 Mulier
1769 1537 1822 1558 non
1837 1530 1886 1557 ha-

1093 1573 1137 1601 bet
1150 1578 1308 1609 potestatem
1321 1574 1362 1601 sui
1376 1575 1507 1609 corporis,
1522 1574 1568 1602 sed
1588 1580 1614 1602 et
1628 1575 1723 1602 ancilla
1737 1579 1765 1603 et
1777 1576 1885 1604 domina

1093 1620 1141 1646 viri
1157 1624 1207 1647 est.
1221 1619 1251 1646 Si
1271 1619 1403 1647 defeceris
1422 1620 1456 1648 ab
1471 1628 1501 1648 ea
1516 1629 1576 1656 qua:
1594 1621 1721 1649 convenit
1735 1623 1864 1651 servitute
1875 1643 1885 1656 ,

1094 1665 1175 1692 Deum
1190 1665 1323 1693 offendis:
1340 1666 1363 1693 si
1375 1670 1464 1694 autem
1477 1666 1624 1695 abscedere
1639 1667 1694 1700 vis,
1705 1674 1766 1695 cum
1780 1668 1821 1696 vir
1834 1668 1887 1697 hoc

1092 1711 1260 1746 permiserit,
1283 1712 1378 1739 saltem
1393 1711 1425 1739 ad
1441 1712 1521 1740 breve
1535 1717 1638 1748 tempus
1661 1713 1718 1741 fiat.
1739 1714 1886 1750 Propterea

1091 1762 1118 1784 et
1132 1757 1249 1785 debitam
1271 1766 1328 1785 rem
1349 1759 1472 1792 vocavit,
1488 1764 1518 1786 ut
1539 1760 1694 1788 ostenderet
1708 1761 1808 1789 nullum
1824 1769 1887 1790 esse

1091 1803 1132 1829 sui
1145 1802 1293 1836 dominum,
1305 1803 1350 1831 sed
1365 1811 1425 1832 esse
1439 1804 1551 1832 alterum
1563 1806 1674 1833 alterius
1687 1814 1805 1835 servum.
1816 1808 1885 1836 Cum

1092 1856 1157 1883 ergo
1172 1849 1272 1876 videris
1285 1851 1453 1878 meretricem
1471 1856 1497 1879 te
1509 1851 1542 1878 ad
1556 1857 1695 1887 peccatum
1709 1854 1884 1888 allicientem,

1091 1892 1136 1920 dic
1151 1902 1157 1920 :
1171 1893 1228 1922 Non
1243 1899 1286 1922 est
1300 1903 1389 1922 meum
1403 1903 1518 1931 corpus,
1534 1897 1582 1924 sed
1596 1899 1698 1926 uxoris.
1720 1899 1820 1928 Eadem
1842 1901 1885 1928 di-

1091 1944 1135 1966 cat
1150 1947 1217 1967 uxor
1229 1940 1294 1974 illis,
1306 1941 1351 1975 qui
1367 1942 1518 1969 castitatem
1534 1949 1608 1970 suam
1623 1943 1724 1971 violare
1738 1950 1862 1980 satagunt
1876 1956 1883 1973 :

1092 1985 1197 2020 Corpus
1212 1994 1300 2013 meum
1314 1995 1367 2014 non
1382 1992 1423 2015 est
1445 1995 1551 2022 meum,
1573 1989 1620 2016 scd
1635 1990 1692 2017 viri.
1714 1991 1740 2018 Si
1755 1999 1821 2020 vero
1835 2000 1885 2020 nec

1091 2032 1204 2059 maritus
1218 2040 1268 2059 nec
1284 2041 1350 2059 uxor
1365 2038 1523 2068 potestatem
1535 2035 1656 2070 corporis
1670 2035 1779 2069 habent,
1800 2039 1884 2066 multo

1092 2077 1179 2104 ntittus
1200 2078 1382 2112 pecuniarum.
1404 2078 1501 2107 Audite
1514 2087 1688 2116 quaecumque
1708 2084 1818 2110 ntaritos
1837 2084 1885 2111 ha—

1090 2122 1171 2156 betis,
1181 2127 1208 2151 et
1221 2124 1381 2159 quicumque
1397 2132 1504 2152 uxores.
1522 2125 1549 2153 Si
1563 2126 1634 2153 enim
1648 2134 1746 2163 corpus
1760 2128 1810 2156 sibi
1823 2136 1884 2163 pro-

1090 2169 1179 2203 prium
1205 2169 1305 2197 habere
1331 2177 1386 2197 non
1411 2170 1497 2204 licet,
1522 2171 1606 2198 multo
1631 2173 1718 2200 minus
1744 2175 1883 2208 pecunias.

1091 2215 1161 2243 Alibi
1184 2223 1249 2243 sane
1272 2224 1395 2252 magnam
1412 2216 1457 2244 dat
1477 2218 1573 2245 marito
1590 2219 1792 2254 praerogativam
1807 2225 1831 2248 et
1855 2221 1883 2248 in

1091 2261 1166 2288 Novo
1178 2267 1205 2288 et
1220 2262 1245 2288 in
1259 2261 1349 2289 Veteri
1362 2261 1535 2290 Testamento
1545 2262 1636 2291 dicens
1646 2285 1653 2297 ,
1667 2265 1706 2291 Ad
1716 2265 1797 2292 virum
1813 2271 1884 2293 tuum

1088 2308 1220 2334 conversio
1236 2313 1278 2334 tua
1289 2329 1296 2342 ,
1310 2313 1334 2335 et
1348 2309 1404 2343 ipse
1417 2309 1461 2336 tibi
1480 2309 1653 2337 dominabitur
1665 2310 1674 2345 (
1685 2309 1749 2338 Gen.
1765 2312 1791 2339 5.
1806 2312 1841 2340 16
1852 2313 1862 2348 )
1874 2321 1881 2345 ;

1092 2354 1189 2381 Paulus
1205 2359 1293 2381 autent
1308 2354 1346 2382 sic
1366 2354 1490 2382 dividens
1503 2360 1530 2382 et
1542 2355 1662 2383 scribens
1681 2365 1688 2383 :
1707 2356 1770 2390 Viri,
1785 2358 1883 2393 diligite

1091 2408 1184 2426 uxores
1195 2408 1204 2431 ;
1216 2408 1280 2426 uxor
1299 2405 1382 2428 autent
1397 2401 1482 2428 timeat
1497 2402 1578 2429 virum
1591 2402 1699 2437 (Ephet.
1714 2403 1741 2431 5.
1756 2403 1804 2438 25)
1817 2414 1823 2431 :
1840 2404 1883 2433 llic

1092 2453 1156 2473 vero
1171 2453 1223 2473 tton
1245 2446 1313 2473 ultra
1336 2447 1423 2481 majus
1437 2451 1483 2474 aut
1505 2447 1591 2475 ntinus
1615 2449 1705 2482 punit,
1729 2450 1776 2477 sed
1801 2457 1881 2478 unam

1091 2495 1261 2526 potestatem.
1288 2491 1400 2526 Quare?
1420 2491 1487 2526 Quia
1511 2493 1545 2519 de
1568 2494 1690 2521 castitate
1713 2502 1805 2522 sermo
1832 2496 1881 2531 ipsi

1090 2542 1157 2564 erat.
1182 2536 1209 2563 ltt
1232 2536 1292 2565 aliis
1305 2537 1412 2572 quidem
1427 2538 1627 2573 pratrogativam
1638 2558 1645 2570 ,
1663 2539 1748 2574 inquit
1760 2560 1767 2571 .
1785 2539 1881 2568 habeat

1091 2583 1202 2610 tnaritus
1215 2592 1220 2609 :
1234 2583 1278 2610 ubi
1291 2588 1380 2611 autem
1394 2582 1428 2612 de
1439 2584 1599 2611 continentia
1612 2585 1700 2620 agitur
1709 2606 1716 2616 .
1732 2593 1785 2614 non
1805 2587 1878 2614 item.

1096 2628 1140 2655 Vir
1163 2634 1310 2664 potestatem
1327 2629 1367 2656 sui
1390 2630 1504 2664 corporis
1523 2638 1573 2656 non
1594 2631 1678 2664 habet,
1700 2638 1783 2666 neque
1803 2641 1878 2660 νει-ον.

1091 2676 1171 2704 Multa
1185 2680 1226 2703 est
1244 2676 1382 2713 aequalitas
1394 2697 1401 2708 ,
1416 2681 1443 2703 et
1465 2676 1537 2703 nulla
1554 2678 1739 2712 prmrogativa.

1122 2720 1482 2757 Canjugiijura.—5.Nolite
1493 2723 1615 2758 fraudare
1627 2723 1743 2756 inuicem,
1751 2724 1800 2751 nisi
1814 2725 1880 2759 fort;

1089 2776 1121 2794 ea;
1136 2775 1268 2794 consensu.
1284 2767 1353 2800 Quid
1376 2767 1426 2795 hoc
1441 2769 1503 2794 est?
1515 2767 1554 2795 Ne
1568 2776 1597 2795 se
1618 2769 1763 2801 contineat,
1782 2769 1879 2804 inquit,

1091 2820 1158 2840 uxor
1172 2813 1268 2839 marito
1289 2813 1417 2845 nolente,
1434 2820 1520 2848 neque
1545 2814 1656 2840 maritus
1678 2814 1760 2841 invita
1782 2821 1878 2843 uxore.

1089 2858 1194 2891 Quare?
1206 2858 1272 2892 Quia
1286 2865 1380 2893 magna
1388 2865 1419 2886 cx
1434 2859 1477 2887 tali
1489 2859 1650 2886 cotttittetttia
1662 2861 1783 2887 oriuntur
1797 2862 1878 2887 mnia:
