2041 3111
240 149 294 178 155

238 215 349 236 contwrs
362 207 411 242 ipsi
423 210 495 235 esset
511 206 537 234 in
554 205 597 234 illa
612 213 642 233 re
650 203 797 233 secundum
810 207 891 236 quam
912 198 1028 225 immun-

240 255 291 284 dus
305 259 356 288 est,
372 254 398 281 in
412 253 559 289 impietate,
571 252 690 287 inquam,
705 250 761 285 ipsa
777 254 883 283 quoque
894 244 1029 273 immunda

239 301 309 330 foret
323 311 330 329 :
345 308 416 328 nunc
429 305 518 328 autem
535 299 589 326 alio
604 297 683 326 modo
698 294 850 324 immundus
865 297 905 322 est
918 292 1031 321 idolola-

240 353 296 381 tra;
318 347 344 375 in
366 346 416 374 alia
430 350 519 373 autem
532 352 562 372 re
575 343 624 379 ipsi
645 342 766 378 jungitur
780 348 864 373 uxor,
881 340 905 367 in
920 347 971 374 qua
987 339 1032 367 ille

242 393 396 422 immundus
407 401 459 421 non
472 396 523 420 est.
541 389 707 418 Connubium
719 388 790 416 enim
798 392 839 416 est
849 392 877 415 et
888 394 1031 422 corporum

241 441 344 472 mixtio,
360 440 387 467 in
406 446 457 474 qua
478 442 519 466 est
541 436 667 465 societas.
691 436 731 463 Ad
753 435 809 462 hate
834 441 898 461 vero
917 441 978 468 spes
992 437 1033 460 est

241 487 316 515 il.um
342 485 376 513 ab
399 491 483 512 uxore
508 487 663 511 revocatum
687 481 738 514 iri,
763 481 805 508 cui
829 479 958 507 adhzeret.
987 478 1033 505 ille

242 535 330 559 autem
355 530 422 558 alius
445 537 498 556 non
523 529 559 556 ita
580 528 658 555 lacile
679 525 864 563 (curabitur).
892 524 1033 559 Quomodo

242 578 286 605 llla
309 585 386 610 uxor,
414 584 474 611 qua:
489 576 575 611 ipsum
598 574 673 610 prius
698 573 829 601 dedecore
843 572 940 603 alTecit.
956 571 1034 599 etal-

242 623 293 651 ιετί
309 631 338 650 se
357 622 458 650 dedidit
477 622 591 656 jnraque
609 619 770 647 matrimonii
786 618 903 645 abolevit
914 638 920 650 ,
937 618 1032 652 injuria

243 668 367 696 affectum
391 675 518 695 revocare
543 666 657 702 poterit;
674 673 733 693 cuin
759 665 874 708 maxime
890 665 935 692 ille
957 665 1032 698 quasi

243 715 399 751 peregrinus
413 714 538 742 maneat?
554 713 688 741 Praeterea
701 717 789 738 autem
806 715 865 746 post
882 710 1034 738 fornicatio-

243 770 304 790 nem
317 762 429 789 maritus
441 769 492 788 non
501 765 543 788 est
554 761 620 787 ultra
634 758 761 786 maritus:
773 757 816 785 hic
825 761 914 784 autem
925 756 1032 790 mulier,

243 808 305 835 licet
319 807 388 835 idola
402 806 482 838 colat,
495 805 544 833 viri
558 805 601 840 jus
612 812 664 832 non
684 804 790 831 amittit.
806 803 859 830 Nec
873 803 932 830 sine
953 810 1032 830 causa

245 861 306 880 cum
320 853 420 881 inﬁdeli
435 852 546 884 habitat,
558 851 605 879 sed
620 852 678 886 ipso
690 851 813 878 volente:
830 850 941 886 ideoque
952 851 1031 878 dixit:

245 899 277 926 Et
290 900 344 933 ipse
357 898 477 926 consentit
491 898 604 925 habitare
618 904 674 924 cum
687 897 742 924 illa.
757 896 824 930 Quid
837 897 920 930 enitn,
931 905 1032 932 quaeso,

244 945 397 972 detrimenti
411 943 500 977 fuerit,
510 951 571 971 cum
586 951 616 972 ea
628 951 687 979 qua;
698 943 730 970 ad
746 943 901 978 religionem
912 949 1034 979 spectant

245 992 347 1026 integra
362 993 500 1024 maneant,
521 993 548 1017 et
571 989 604 1017 de
618 988 716 1016 inlideli
735 990 802 1016 bona
817 996 878 1024 spes
891 990 934 1022 sit,
947 991 968 1017 si
979 990 1033 1025 jam

244 1041 307 1064 sunt
324 1036 459 1071 conjugati
480 1039 624 1068 maneant,
639 1043 689 1063 nec
704 1035 830 1070 superﬂui
853 1035 913 1063 belli
930 1037 1034 1064 occasio

244 1082 404 1110 inducatur?
413 1090 498 1118 neque
508 1083 580 1110 enim
590 1082 633 1110 hic
641 1082 758 1117 loquitur
771 1082 804 1109 de
813 1082 844 1109 iis
857 1083 901 1117 qui
917 1083 1034 1110 nondum

241 1125 327 1160 juncti
352 1130 424 1158 sunt,
441 1125 488 1153 sed
513 1124 547 1152 de
561 1125 721 1160 conjugatis.
746 1124 803 1151 Non
819 1125 890 1152 enim
902 1125 969 1152 dixit
985 1135 991 1152 :
1007 1126 1034 1154 Si

242 1172 302 1206 quis
314 1171 378 1198 velit
388 1171 510 1205 accipere
521 1170 654 1198 infidelem
667 1178 674 1197 :
690 1171 747 1203 sed,
758 1170 788 1197 Si
798 1171 853 1204 quis
861 1170 934 1198 habet
944 1171 1035 1205 inﬁde-

244 1217 310 1247 lem,-
324 1217 349 1243 id
358 1221 410 1249 est,
424 1216 446 1243 si
457 1217 516 1251 quis
526 1221 664 1251 postquam
677 1217 812 1244 connubio
821 1217 929 1251 junctus
943 1217 1033 1251 fuerit,

245 1262 359 1296 accipiat
379 1262 491 1289 verbum
507 1262 556 1296 pia:
575 1262 731 1297 religionis;
758 1262 855 1290 deinde
868 1271 929 1298 pars
950 1264 1034 1291 altera

244 1308 372 1336 manserit
385 1309 411 1335 in
424 1307 578 1337 infidelitate
590 1330 597 1343 ,
612 1309 728 1343 velitque
742 1313 829 1337 tamen
844 1317 894 1336 una
903 1309 1032 1343 habitare,

246 1361 281 1380 ne
295 1357 434 1388 separetur
450 1361 458 1379 :
475 1353 657 1388 Sanctiﬁcatus
672 1355 739 1381 enim
752 1359 804 1387 est,
821 1355 917 1390 inquit,
940 1357 977 1382 uir
992 1356 1034 1382 in-

245 1399 328 1434 ﬁdelis
344 1407 388 1434 per
408 1407 521 1427 uxorem.
544 1400 629 1428 Tanta
644 1406 686 1429 est
708 1401 846 1429 munditia:
874 1406 926 1429 tua:
947 1403 1033 1437 copia.

245 1446 313 1480 Quid
328 1454 402 1481 ergo,
418 1451 562 1474 sanctusne
575 1452 615 1474 est
630 1448 759 1483 gentilis?
772 1447 943 1484 Nequaquam
958 1458 963 1476 :
981 1456 1034 1476 non

243 1492 315 1519 enim
329 1491 404 1526 dixit,
416 1491 530 1520 Sanctus
542 1497 598 1526 est;
613 1493 670 1526 sed,
683 1494 865 1528 Sanctiﬁcatus
873 1499 908 1521 est
919 1503 964 1530 per
972 1502 1036 1521 uxo-

244 1547 307 1564 rrm.
324 1538 380 1566 lloe
395 1545 475 1573 porro
487 1538 563 1572 dixit,
577 1546 629 1566 non
647 1543 675 1566 ut
687 1544 808 1566 sanetum
823 1540 896 1567 illum
911 1539 1034 1567 declara-

244 1588 295 1617 ret,
305 1585 352 1611 sed
362 1590 387 1611 ut
397 1584 458 1612 hinc
468 1586 550 1620 magis
557 1586 647 1613 uxoris
656 1591 754 1614 metum
763 1586 920 1621 depelleret,
932 1587 1019 1622 ipsum
1027 1603 1035 1609 -

245 1638 296 1665 que
307 1630 341 1657 ad
357 1631 476 1658 veritatis
497 1630 658 1659 desiderium
673 1631 819 1660 induceret.
835 1632 893 1660 Non
915 1633 986 1660 enim
1010 1634 1035 1661 in

245 1676 402 1711 corporibus
415 1676 565 1712 coniugatis
577 1682 618 1705 est
633 1678 798 1705 imtnunditia
809 1699 817 1712 ,
843 1678 889 1706 sed
905 1679 930 1706 in
951 1679 1036 1707 libero

245 1722 355 1749 arbitrio
369 1727 395 1749 et
409 1723 625 1758 cogitationibus.
642 1723 710 1751 liinc
721 1724 840 1759 sequitur
851 1724 984 1760 probatio.
1007 1726 1036 1754 Si

247 1768 317 1794 enim
328 1767 463 1795 immunda
477 1775 588 1795 manens
599 1768 702 1804 gignis;
719 1769 804 1797 infans
818 1774 906 1797 autem
930 1778 981 1797 non
998 1777 1037 1799 est

247 1822 279 1841 ex
300 1819 325 1842 te
338 1815 412 1847 sola;
435 1814 589 1843 immundus
602 1823 666 1850 ergo
679 1820 720 1843 est.
743 1815 839 1849 iulans,
856 1822 902 1843 aut
913 1824 945 1844 ex
958 1817 1038 1844 dimi-

247 1861 289 1887 tlia
306 1865 380 1895 parte
403 1861 518 1890 mundus
533 1870 539 1888 :
557 1870 626 1890 nunc
640 1868 728 1890 autem
743 1870 794 1890 non
808 1869 850 1891 est
873 1864 1038 1893 immundus.

250 1907 365 1942 ideoque
382 1907 534 1943 sabjungit:
544 1908 663 1943 Alioquin
673 1909 720 1943 ﬁlii
729 1910 803 1936 vestri
813 1909 936 1936 immundi
946 1915 1037 1942 essent;

248 1961 314 1981 nunc
328 1957 411 1980 autent
425 1954 506 1980 sancti
518 1958 594 1987 sunt;
610 1954 634 1980 id
646 1958 697 1987 est,
708 1961 760 1981 non
769 1955 908 1982 immundi.
918 1955 963 1983 ille
975 1963 1039 1983 vero

248 2004 355 2026 sanctos
363 1999 433 2034 ipsos
442 2000 557 2033 vocavit,
566 2004 594 2026 ut
602 2000 626 2026 vi
636 2001 777 2028 verborum
788 2000 937 2035 hujusntodi
950 2003 1038 2037 suspi-

248 2045 334 2072 eionis
345 2049 443 2073 metum
457 2045 619 2073 eliminaret.
636 2047 678 2074 15.
696 2047 726 2074 Si
738 2052 820 2074 autent
832 2048 942 2082 inﬁdelis
956 2048 1039 2075 disce-

251 2092 298 2125 dit,
314 2092 435 2119 discedat.
449 2092 498 2119 Hic
510 2093 580 2120 enim
596 2093 665 2120 nulla
680 2097 721 2120 est
735 2093 884 2121 fornicatio.
908 2094 975 2128 Quid
990 2095 1038 2122 sibi

253 2138 308 2164 vult
323 2143 411 2165 autem
435 2137 499 2165 illud
515 2146 521 2164 :
537 2137 654 2172 Infidelis
707 2138 810 2165 discedit
826 2144 870 2166 aut
887 2141 1041 2175 separatur?

255 2184 333 2212 Verbi
349 2185 433 2220 gratia
448 2184 471 2212 si
486 2189 511 2212 te
522 2184 598 2219 jubet
608 2185 760 2212 sacriﬁcare
773 2191 818 2212 aut
831 2185 930 2213 sociam
947 2186 1042 2221 impie-

251 2231 314 2258 tatis
329 2238 390 2258 esse
403 2234 513 2265 propter
534 2231 708 2265 connubium,
723 2232 763 2259 vel
778 2232 931 2264 discedere;
947 2233 1042 2261 melius

252 2281 293 2303 est
313 2276 443 2311 disrumpi
467 2276 641 2310 connubium,
668 2285 748 2312 quant
776 2278 846 2313 piam
872 2278 1041 2314 religionem.

251 2321 418 2356 Quapropter
443 2321 535 2350 subdit
549 2331 555 2349 :
573 2322 634 2349 Non
650 2323 716 2350 enim
731 2324 844 2351 servituti
859 2324 984 2356 subiectus
1003 2331 1042 2353 est

253 2369 332 2402 frater
345 2372 389 2394 aut
402 2376 475 2394 soror
486 2368 512 2395 in
531 2369 654 2404 ejusmodi
669 2370 752 2397 rebus.
767 2370 794 2398 Si
810 2371 929 2405 quotidie
952 2379 982 2399 ea
1009 2373 1044 2400 de

254 2420 335 2441 causa
349 2418 449 2448 pugnet
463 2419 488 2441 et
512 2414 609 2442 bellum
625 2421 729 2443 moveat
741 2437 748 2449 ,
765 2416 859 2452 inquit,
888 2418 983 2446 melius
1003 2424 1044 2446 est

253 2460 384 2493 separari.
404 2459 460 2487 Hoc
475 2461 546 2488 enim
561 2461 710 2490 subiudicat
721 2470 780 2490 eum
803 2464 885 2491 dicit:
900 2464 933 2492 In
956 2474 1043 2500 pacem

253 2511 338 2532 autem
353 2507 448 2533 uocauit
467 2515 512 2535 non
528 2507 606 2536 Deus.
633 2509 679 2537 Ille
693 2510 764 2538 enim
784 2511 839 2546 jam
853 2519 960 2540 causam
975 2521 1044 2548 prie-

256 2551 322 2584 huit,
339 2556 367 2579 ut
380 2553 402 2579 is
415 2553 459 2588 qui
474 2553 618 2583 fornicatus
633 2560 675 2583 est
698 2556 741 2584 t6.
756 2557 823 2590 Quid
836 2558 902 2584 enim
911 2560 970 2592 scis,
986 2568 1043 2586 mu-

255 2597 311 2629 lier.
333 2598 355 2625 si
375 2599 454 2626 virum
478 2600 576 2627 salvum
592 2601 687 2637 facies!
710 2603 766 2630 Hoc
791 2603 906 2632 refertur
920 2605 952 2632 ad
968 2606 1043 2639 illud,

258 2642 300 2670 Nc
314 2644 422 2672 dimittat
437 2645 529 2679 ipsum.
546 2645 611 2674 Nam
622 2648 649 2675 si
670 2648 760 2676 turbas
777 2657 829 2677 non
841 2655 939 2683 movet,
954 2659 1043 2685 mane,

254 2688 359 2724 inquit;
377 2691 438 2718 hinc
462 2693 532 2720 enim
546 2693 649 2721 lucrum
665 2695 794 2728 refertur;
820 2705 905 2729 mane,
924 2698 1044 2731 hortare,

254 2736 395 2764 consilium
405 2737 467 2765 dato
476 2743 501 2766 et
511 2739 654 2774 persuade:
665 2741 752 2768 nullus
760 2742 830 2770 ettim
841 2744 935 2771 doctor
944 2749 1044 2773 tantum

256 2784 364 2816 poterit,
378 2789 506 2820 quantum
518 2793 595 2813 uxor.
607 2786 698 2821 Neque
716 2788 827 2824 imponit
844 2790 881 2818 illi
898 2792 1044 2819 necessita-

255 2833 321 2861 tem.
335 2837 421 2866 neque
433 2839 488 2858 rem
505 2834 539 2858 ab
555 2832 597 2859 illa
607 2833 699 2868 exigit,
715 2841 748 2862 ue
763 2837 868 2869 gravius
879 2845 946 2864 onus
961 2839 1046 2873 impo-

255 2878 309 2908 nat,
323 2875 450 2912 iubetque
464 2885 497 2905 ne
516 2878 656 2913 desperet;
669 2880 716 2908 sed
733 2889 788 2909 rem
807 2882 832 2909 in
851 2882 937 2922 tutore
953 2885 1041 2913 incer-

611 146 638 175 S.
658 143 797 175 JOANNIS
815 136 1050 171 CllBYSOSTOMI
1071 136 1229 168 ARCHIEP.
1250 140 1515 172 CONSTANTINOP.

1826 139 1875 168 156

1087 200 1140 224 tam
1154 204 1182 226 et
1197 208 1353 236 suspensam
1369 205 1503 242 relinquit,
1520 207 1613 236 dicens
1627 216 1634 236 :
1651 209 1719 242 Quid
1734 209 1800 236 enim
1816 210 1875 240 scis.

1084 245 1185 280 mulier,
1211 248 1234 274 si
1248 249 1327 276 virum
1351 251 1448 279 salvum
1461 252 1540 287 facies
1553 254 1566 281 .9
1579 260 1623 282 aut
1637 256 1698 290 quid
1717 257 1776 289 scis,
1787 259 1824 284 uir
1834 279 1842 291 ,
1854 259 1877 285 si

1085 292 1214 319 mulierem
1228 295 1323 322 saluam
1338 296 1436 331 facies?
1447 304 1475 326 et
1494 307 1599 327 rursum
1616 309 1622 327 ε
1640 301 1682 328 17.
1699 301 1759 329 Nisi
1773 303 1876 330 unicui-

1084 345 1132 371 que
1153 339 1217 365 sicut
1231 341 1313 368 divisit
1332 342 1412 377 Deus,
1427 353 1625 381 unumquemque
1639 347 1704 374 sicut
1717 349 1812 376 vocavit
1825 348 1876 376 Do-

1085 384 1178 417 minus,
1190 386 1226 413 ita
1238 388 1292 422 ipse
1299 389 1418 417 ambulet.
1432 391 1474 419 i8.
1485 392 1655 421 Circumcisus
1666 400 1766 422 uocatus
1777 401 1812 423 est
1825 396 1876 423 ali-

1085 431 1161 466 quis?
1180 442 1231 461 non
1257 435 1369 463 adducat
1396 440 1557 473 praeputium.
1583 439 1616 467 In
1637 443 1760 477 praputio
1784 442 1877 478 aliquis

1085 483 1188 505 voratus
1201 482 1317 508 est?uon
1339 484 1543 513 circumcidutur.
1568 487 1610 514 l9.
1626 487 1789 516 Circumcisia
1813 489 1878 516 nihil

1085 527 1132 555 est,
1146 529 1169 550 et
1183 527 1335 560 praeputium
1346 529 1412 555 nihil
1421 534 1475 562 est;
1487 531 1532 558 sed
1550 532 1688 560 observatio
1700 534 1878 562 mandatorum

1088 567 1143 595 Dei.
1157 569 1202 597 ‘20.
1225 571 1404 609 Unusquisque
1422 576 1448 602 in
1461 584 1512 611 qua
1525 579 1653 605 vocatione
1667 585 1767 607 vocatus
1781 585 1827 614 est,
1851 583 1877 608 in

1085 623 1114 641 ea
1129 623 1282 650 permaneat.
1297 619 1341 646 ‘Zl.
1354 620 1449 649 Servus
1461 629 1562 651 vocatus
1581 625 1626 651 es?
1637 634 1686 652 non
1699 627 1730 653 sit
1742 627 1785 653 tibi
1797 636 1877 655 curae.

1087 661 1150 709 Haec
1164 663 1195 689 ad
1214 664 1293 691 tidem
1307 665 1371 693 nihil
1383 667 1542 702 conferunt,
1558 670 1644 706 inquit
1662 681 1669 699 :
1691 680 1724 699 ne
1738 681 1800 709 ergo
1812 683 1878 702 eon-

1087 708 1181 755 tendas
1195 718 1280 745 neque
1293 713 1407 741 turberis
1423 723 1429 740 :
1445 714 1510 743 tides
1524 717 1594 743 enim
1610 717 1666 745 hmc
1684 708 1775 746 omnia
1786 721 1876 755 ejccit.

1088 753 1265 790 Unusquisque
1279 757 1305 784 in
1319 766 1369 793 qua
1384 761 1511 788 uacatione
1525 767 1626 790 vocatus
1637 769 1682 795 est,
1695 765 1721 791 in
1737 773 1765 792 ea
1778 774 1879 801 pernm-

1086 805 1153 826 neat.
1186 801 1301 830 Uxorem
1325 805 1425 832 habens
1450 807 1583 835 infidelem
1606 815 1713 838 vocatus
1727 811 1777 839 es?
1800 821 1879 841 mane

1086 852 1147 872 cum
1163 846 1207 873 illa
1224 856 1230 875 :
1245 856 1278 876 ne
1299 855 1408 885 propter
1423 851 1501 880 ﬁdem
1515 854 1606 888 ejicias
1631 863 1753 883 uxorem.
1778 857 1880 886 Servius

1086 897 1195 919 vocatus
1208 894 1257 920 es?
1273 903 1306 922 ne
1321 896 1356 923 sit
1380 897 1426 924 tibi
1441 905 1512 926 cura:
1527 909 1533 926 :
1547 907 1640 928 servus
1655 909 1742 930 mane.
1767 903 1880 939 Prtepu-

1088 937 1152 964 tium
1177 938 1279 968 habens
1305 943 1459 970 credidisti?
1483 953 1543 972 cutn
1565 949 1695 982 prteputio
1713 957 1801 978 mane.
1816 937 1879 978 Cir-

1087 984 1220 1013 cumcisus
1229 987 1364 1015 credidisti
1375 990 1386 1015 ?
1395 998 1473 1018 mane
1483 992 1667 1021 circumcisus.
1679 994 1733 1021 lloc
1746 995 1817 1023 enim
1827 997 1879 1024 sibi

1087 1029 1214 1058 vultillud
1230 1039 1236 1057 :
1256 1032 1432 1069 Unusquisque
1441 1037 1505 1063 sicut
1513 1037 1597 1064 diuisit
1610 1037 1688 1066 Deus.
1704 1039 1766 1067 Haec
1779 1041 1880 1076 quippe

1087 1084 1140 1104 non
1162 1084 1226 1106 sunt
1239 1079 1428 1115 impedimenta
1449 1082 1482 1110 ad
1503 1083 1637 1118 pietatem.
1654 1085 1693 1113 Tu
1710 1094 1771 1114 eum
1785 1095 1881 1117 servus

1087 1129 1171 1155 esses,
1189 1129 1297 1153 vocatus
1316 1133 1346 1153 es
1362 1135 1368 1152 :
1390 1127 1459 1156 alius
1479 1135 1589 1157 uxorem
1606 1130 1707 1159 habens
1722 1132 1857 1161 inﬁdelem
1869 1154 1879 1167 ,

1087 1169 1155 1196 alius
1173 1171 1357 1200 circumcisus.

1122 1219 1148 1246 4.
1165 1220 1259 1254 Pnpre!
1273 1220 1378 1247 ubinam
1394 1223 1549 1250 servitutem
1564 1224 1670 1258 posuit?
1682 1224 1716 1253 Ut
1729 1225 1793 1252 nihil
1803 1226 1880 1261 juvat

1087 1265 1254 1293 circumcisio
1267 1287 1274 1300 ,
1298 1266 1417 1302 nihilque
1438 1273 1516 1295 nocet
1537 1270 1709 1304 prteputium,
1733 1271 1772 1299 sic
1793 1279 1880 1306 neque

1087 1311 1204 1338 servitus
1218 1319 1304 1347 neque
1319 1312 1437 1340 libertas.
1456 1313 1540 1348 thue
1555 1314 1618 1341 illud
1633 1315 1731 1344 clarius
1746 1324 1777 1343 ex
1791 1316 1880 1344 abun-

1086 1356 1176 1384 dantia
1198 1358 1336 1390 ostendat,
1351 1359 1410 1385 ait:
1427 1358 1479 1386 Sed
1494 1359 1517 1386 si
1537 1365 1607 1394 pom
1627 1362 1683 1394 ﬁeri
1703 1361 1777 1395 liber,
1799 1363 1882 1398 magis

1087 1408 1176 1435 utere;
1193 1403 1243 1430 hoc
1256 1409 1307 1435 est,
1325 1404 1407 1439 magis
1419 1405 1530 1432 servias.
1546 1404 1580 1432 Et
1591 1413 1639 1432 cur
1649 1414 1721 1439 eum,
1735 1408 1779 1442 qui
1796 1409 1882 1442 possit

1088 1449 1156 1477 liber
1169 1449 1239 1477 el'tlci
1252 1471 1259 1482 ,
1274 1450 1350 1485 jubet
1364 1458 1471 1478 servum
1493 1459 1601 1479 manere
1611 1452 1624 1478 Τ
1639 1452 1671 1480 Ut
1686 1455 1809 1481 ostendat
1823 1462 1882 1481 scr-

1089 1500 1215 1528 virtuteat
1230 1500 1297 1527 nihil
1307 1500 1413 1533 laedere,
1427 1499 1482 1527 imo
1494 1499 1632 1535 prodesse.
1645 1499 1699 1527 Nec
1713 1500 1808 1535 ignoro
1819 1501 1883 1536 qui-

1090 1545 1150 1573 dem
1166 1545 1298 1580 quosdam
1314 1552 1375 1573 esse
1388 1545 1435 1580 qui
1451 1544 1528 1576 illud,
1545 1544 1631 1578 Magis
1649 1549 1730 1577 utere,
1744 1545 1777 1572 de
1796 1545 1882 1573 liber-

1091 1595 1148 1619 tate
1162 1591 1263 1618 dictum
1280 1599 1341 1619 esse
1356 1595 1462 1626 putent,
1483 1590 1605 1617 dicentes
1619 1599 1625 1616 :
1644 1589 1672 1616 Si
1694 1595 1781 1624 potes,
1795 1591 1882 1619 liber-

1090 1641 1171 1664 tatem
1192 1636 1351 1672 adipiscere.
1367 1635 1420 1664 Sed
1436 1635 1511 1663 Pauli
1529 1643 1614 1670 scopo
1631 1635 1710 1663 valde
1722 1637 1880 1672 oppositum

1069 1705 1079 1715 ,
1089 1687 1161 1711 esset
1180 1683 1231 1710 hoc
1243 1683 1356 1714 dictum,
1371 1683 1394 1709 si
1415 1682 1467 1709 hoc
1486 1681 1682 1710 subindicaret.
1698 1681 1790 1718 Neque
1804 1684 1878 1712 enim

1090 1729 1144 1760 ille,
1166 1729 1229 1756 dum
1255 1736 1363 1756 servum
1387 1727 1545 1756 consolatur
1565 1727 1685 1763 dicitque
1702 1728 1790 1764 ipsum
1810 1731 1878 1758 nihil

1090 1774 1160 1807 latdi,
1175 1775 1280 1810 juberet
1294 1783 1356 1802 eum
1371 1774 1523 1802 libertatem
1540 1773 1667 1809 adipisci.
1686 1775 1792 1804 Diceret
1803 1777 1876 1804 enim

1090 1819 1205 1854 fortasse
1221 1821 1355 1856 quispiam
1372 1829 1378 1847 :
1395 1820 1467 1854 Quid
1483 1819 1577 1855 igitur,
1592 1820 1614 1847 si
1637 1828 1690 1848 non
1711 1822 1824 1857 possim,
1840 1831 1875 1850 au

1090 1864 1190 1900 injuria
1208 1866 1248 1893 vel
1261 1866 1361 1893 damno
1375 1865 1497 1893 ameior?

1127 1917 1159 1941 In
1171 1915 1212 1946 iis,
1223 1923 1279 1950 quw
1289 1915 1323 1942 ad
1334 1914 1461 1942 Christum
1474 1920 1587 1950 spectant
1602 1923 1686 1942 seruus
1700 1920 1722 1942 et
1737 1915 1799 1942 liber
1810 1924 1884 1950 pares

1091 1967 1160 1989 sunt.
1174 1977 1210 1981 —
1222 1961 1279 1989 Non
1294 1962 1345 1989 hoc
1359 1969 1422 1997 ergo
1436 1961 1518 1992 dicit:
1535 1961 1581 1989 sed
1597 1967 1625 1988 ut
1639 1969 1718 1997 supra
1734 1962 1880 1997 explicavi,

1092 2012 1169 2035 osten
1180 2008 1235 2035 lcre
1248 2008 1350 2041 volens,
1367 2008 1431 2035 nihil
1445 2008 1504 2044 plus
1516 2008 1654 2037 accedere.
1670 2009 1691 2035 si
1709 2008 1777 2036 liber
1786 2008 1888 2036 efficia-

1095 2059 1147 2087 tur,
1162 2055 1199 2081 ait
1212 2063 1217 2081 :
1232 2054 1340 2081 Etiamsi
1355 2062 1437 2089 penes
1448 2058 1474 2081 te
1487 2059 1567 2087 esset,
1581 2058 1609 2082 ut
1622 2055 1770 2082 libertatem
1783 2055 1890 2089 accipe-

1094 2107 1148 2131 res,
1163 2107 1255 2127 servus
1270 2100 1355 2134 potius
1370 2104 1486 2128 maneto.
1501 2100 1601 2128 Deinde
1611 2107 1717 2128 causam
1729 2100 1866 2135 subjungit
1877 2110 1886 2127 :

1093 2145 1138 2173 ‘22.
1157 2147 1206 2180 Qui
1220 2146 1285 2173 enim
1300 2147 1326 2173 in
1341 2145 1450 2174 Domino
1465 2151 1566 2174 vocatus
1580 2152 1616 2173 est
1628 2155 1722 2179 servus,
1738 2146 1840 2174 libertus
1851 2151 1888 2173 est

1095 2193 1199 2220 Domini
1215 2203 1223 2220 ξ
1236 2193 1352 2221 similiter
1364 2194 1406 2229 qui
1423 2193 1484 2221 liber
1497 2198 1599 2221 vocatus
1611 2198 1657 2226 est,
1669 2201 1753 2221 seruus
1764 2199 1799 2220 est
1810 2193 1885 2221 Chri-

1095 2242 1136 2268 sti.
1155 2240 1182 2268 In
1200 2241 1230 2268 iis
1245 2241 1315 2267 enim
1326 2261 1332 2273 ,
1349 2248 1408 2276 qua:
1428 2240 1460 2268 ad
1475 2240 1609 2268 Christum
1630 2246 1767 2275 spectant,
1784 2242 1888 2277 inquit,

1095 2288 1175 2315 ambo
1190 2291 1252 2314 sunt
1267 2294 1344 2322 pares
1359 2295 1365 2314 :
1381 2287 1504 2314 similiter
1518 2291 1545 2314 et
1564 2291 1591 2314 tu
1607 2286 1707 2314 Christi
1723 2294 1816 2315 servus
1826 2308 1833 2319 ,
1850 2288 1889 2314 si-

1097 2333 1194 2361 militer
1205 2333 1286 2360 herus
1297 2337 1367 2360 tuus.
1379 2332 1518 2366 Quomodo
1531 2340 1596 2368 ergo
1604 2340 1696 2360 servus
1706 2337 1746 2360 est
1759 2332 1889 2360 libertus?

1098 2378 1163 2412 Quia
1184 2378 1305 2406 liberavit
1322 2383 1347 2405 te
1358 2399 1364 2410 ,
1382 2385 1433 2405 non
1456 2382 1556 2405 tantum
1572 2385 1586 2405 a
1601 2382 1710 2413 peccato
1722 2399 1729 2410 ,
1745 2379 1791 2406 sed
1809 2379 1889 2405 etiam

1097 2425 1130 2452 ab
1144 2429 1252 2452 externa
1269 2425 1409 2456 servitute,
1422 2425 1484 2452 dum
1499 2431 1591 2452 manes
1602 2432 1706 2452 servus.
1717 2425 1808 2460 Neque
1818 2425 1889 2452 enim

1097 2478 1205 2498 servum
1219 2470 1282 2497 sinit
1293 2477 1352 2498 esse
1365 2478 1482 2500 servum,
1496 2478 1580 2505 neque
1592 2471 1726 2498 hominem
1738 2476 1890 2499 manentem

1099 2517 1125 2544 in
1140 2517 1268 2544 servitute
1280 2525 1287 2543 :
1299 2516 1351 2545 hoc
1363 2517 1433 2544 enim
1448 2517 1570 2544 mirabile
1581 2521 1632 2545 est.
1647 2517 1678 2545 Et
1689 2517 1825 2552 quomodo
1835 2525 1891 2545 ser-

1098 2571 1148 2590 vus
1162 2563 1230 2590 liber
1242 2567 1291 2595 est,
1307 2570 1419 2590 manens
1433 2564 1545 2590 servus?
1556 2563 1666 2597 Quando
1678 2565 1712 2591 ab
1724 2564 1806 2591 animi
1820 2572 1891 2592 mor-

1100 2608 1140 2636 bis
1150 2613 1177 2636 et
1186 2609 1326 2637 affectibus
1339 2609 1483 2637 liberatur:
1493 2610 1599 2645 quando
1610 2610 1716 2637 divitias
1727 2618 1775 2638 con
1781 2611 1892 2638 temnit:

1099 2654 1166 2682 iram
1180 2660 1345 2690 ceterosque
1357 2655 1439 2683 animi
1453 2659 1548 2682 motus.
1564 2656 1608 2683 25.
1627 2655 1713 2683 Pretio
1726 2657 1805 2692 empti
1814 2657 1872 2685 estis
1882 2663 1892 2682 :

1100 2700 1178 2727 nolite
1190 2701 1246 2734 ﬁeri
1259 2701 1322 2727 serui
1337 2701 1474 2728 hominum.
1491 2701 1546 2728 [loc
1559 2701 1658 2728 dictum
1673 2707 1724 2735 est,
1740 2709 1793 2729 non
1807 2703 1891 2729 servis

1100 2746 1190 2778 modo.
1206 2747 1253 2774 sed
1270 2748 1349 2775 etiam
1366 2748 1467 2775 liberis.
1491 2748 1582 2776 Potest
1595 2750 1665 2776 enim
1681 2750 1723 2784 qui
1736 2756 1833 2776 servus
1847 2749 1891 2780 sit,

1102 2801 1154 2821 non
1167 2801 1226 2821 esse
1242 2801 1337 2821 servus
1348 2815 1355 2828 ,
1372 2799 1399 2822 et.
1415 2795 1460 2829 qui
1483 2794 1567 2829 liber,
1580 2804 1675 2823 servus
1689 2804 1759 2823 esse.
1778 2796 1810 2822 Et
1824 2804 1889 2831 qm]—

1101 2839 1180 2866 modo
1192 2840 1235 2874 qui
1251 2847 1343 2867 servus
1357 2845 1408 2874 est,
1421 2848 1513 2868 servus
1529 2849 1580 2868 non
1595 2842 1648 2868 sit?
1661 2842 1772 2875 Quando
1786 2847 1893 2877 propter

1100 2886 1183 2914 Deum
1208 2894 1297 2914 omnia
1317 2887 1426 2921 iecerit,
1443 2888 1549 2925 quando
1571 2896 1624 2916 non
1644 2888 1767 2917 simulate
1786 2889 1892 2924 egerit,
