2041 3111
136 126 186 154 157

134 181 239 219 quando
252 187 303 208 non
317 179 353 208 ad
369 180 479 209 oculum
493 179 616 208 servierit
630 188 635 205 :
650 179 702 206 hoc
716 183 757 206 est
777 177 928 205 hominibus

134 228 236 256 servire
247 248 254 260 ,
271 231 297 254 et
317 233 382 254 esse
400 226 526 254 liberum.
542 225 574 252 Et
592 224 727 260 quomodo
742 230 847 252 rursum
862 222 931 250 liber

135 282 196 302 cum
208 273 243 301 sit
256 273 402 308 quispiam,
418 280 512 300 servus
526 271 660 299 efﬁcitur?
675 271 787 304 Quando
800 269 867 304 apud
883 269 932 296 ho~

136 320 222 347 mines
236 318 336 346 malum
352 318 411 345 obit
425 318 602 345 ministerium
613 338 620 350 ,
637 322 683 343 aut
702 321 812 351 propter
823 315 910 350 gulam
922 335 929 348 ,

135 369 181 392 aut
195 368 305 400 propter
317 363 492 398 pecuniarum
507 362 690 397 cupiditatem,
707 367 752 388 aut
765 366 873 396 propter
884 368 930 394 po-

136 412 255 439 tentiam.
269 410 334 438 Nam
347 411 392 445 qui
408 409 466 437 talis
480 414 532 442 est,
547 409 596 436 etsi
613 409 690 439 liber,
707 409 792 435 servis
807 407 932 434 otnnibus

136 458 279 486 demissior
291 462 342 485 est.
361 457 424 484 Haec
437 457 515 483 ambo
528 456 669 484 considera
686 465 692 482 :
707 462 801 482 servus
814 459 870 481 erat
884 454 929 481 Jo-

137 505 214 540 seplt,
225 504 272 531 sed
289 511 341 531 non
357 503 494 530 hominum
508 509 603 529 servus
619 511 625 528 :
640 501 752 535 ideoque
765 502 790 527 in
805 501 933 528 servitute

138 551 284 578 liberorum
298 551 418 578 omnium
437 549 587 577 liberrimus
600 553 668 576 erat.
684 548 761 576 Hera:
777 548 863 583 itaque
880 556 932 575 non

138 597 229 627 cessit,
243 597 279 622 ad
292 596 446 631 cupidinem
462 603 536 622 suam
550 594 678 622 famulum
692 594 849 628 impellenti.
864 594 934 621 Rur-

138 650 194 669 sum
212 642 255 669 illa
273 643 356 670 libera
374 647 450 674 erat,
472 642 517 669 sed
538 642 624 669 servis
639 641 763 668 omnibus
781 641 932 674 demissior,

139 696 198 723 qua!
221 689 322 715 famulo
345 688 502 715 adulabatur
524 688 663 723 ipsumqtte
686 687 864 722 provocabat;
887 687 934 714 scd

139 734 222 761 libero
242 742 296 761 non
318 735 451 769 persuasit
465 740 490 761 ut
511 734 535 760 id
554 733 653 761 faceret
671 733 742 769 quod
762 733 854 760 nollet.
877 733 933 760 Non

140 787 202 815 ergo
222 781 340 809 servitus
360 781 404 807 illa
421 786 496 812 erat,
513 780 560 807 sed
578 788 702 815 suprema
725 780 834 807 libertas
851 788 857 806 :
872 779 934 814 quid

140 828 210 854 enim
226 827 264 854 illi
279 828 312 854 ad
327 828 452 854 virtutem
468 827 659 862 impedimento
674 826 723 853 fuit
738 826 870 854 servitus?
881 827 935 853 Au-

142 874 216 901 diam.
234 874 304 901 servi
318 878 345 901 et
367 873 442 901 liberi
459 882 464 900 :
479 873 538 908 quis
554 873 680 906 servivit,
696 873 740 908 qui
760 877 867 907 rogatus
882 876 934 905 est,

142 927 176 946 au
189 927 248 955 qua:
264 919 389 955 rogavit?
402 928 461 954 qum
477 920 652 954 supplicavit,
667 927 701 946 an
716 920 760 954 qui
783 919 935 954 supplican-

143 970 193 993 tem
204 964 345 1000 despexit?
355 965 422 993 Sunt
433 966 504 993 enim
517 966 622 992 termitti
637 965 722 993 servis
736 973 750 992 a
767 965 821 993 Deo
835 965 913 999 positi
927 974 933 992 :

142 1017 166 1039 et
180 1019 321 1048 quousque
334 1020 381 1040 eos
401 1012 506 1040 modum
524 1021 630 1040 scrvare
645 1017 786 1047 oporteat,
807 1016 935 1038 statutum

142 1062 180 1084 est
196 1058 221 1084 in
239 1058 353 1092 legibus,
368 1065 435 1092 quas
450 1058 621 1093 pra-tcrgredi
634 1066 686 1085 non
703 1058 774 1085 licet.
787 1057 852 1085 Cum
864 1057 935 1085 cuitu

143 1102 222 1131 herus
237 1103 303 1131 nihil
321 1105 441 1139 prmcipit
453 1104 524 1140 qttod
542 1105 595 1131 Deo
608 1104 763 1139 displiceat,
781 1109 844 1131 tttnc
856 1105 936 1131 obse-

143 1149 185 1184 qui
201 1154 228 1176 et
244 1157 340 1184 parcre
361 1151 398 1177 illi
420 1155 544 1185 oportet;
563 1151 675 1178 ulterius
692 1156 780 1178 autem
803 1151 912 1178 minime
928 1159 935 1178 :

143 1195 180 1222 sic
200 1195 271 1222 enim
296 1204 388 1223 servus
413 1196 479 1223 liber
500 1196 622 1224 el’iicitur.
643 1197 672 1224 Si
698 1198 764 1224 ultra
789 1196 935 1232 procedas,

143 1241 245 1269 etiamsi
261 1241 328 1269 liber
350 1242 400 1274 sis,
415 1249 509 1268 servus
522 1241 631 1269 euectus
646 1249 685 1269 es.
701 1242 757 1269 Hoc
772 1242 860 1277 itaque
873 1242 937 1269 sub-

144 1288 243 1315 iudicat
256 1295 317 1315 cum
332 1288 398 1314 dicit
414 1299 421 1315 :
440 1287 526 1314 Nolite
538 1288 595 1322 fieri
609 1288 674 1314 servi
694 1288 834 1315 hominum.
849 1287 876 1315 Si
892 1295 939 1315 au-

145 1339 195 1361 tem
210 1341 264 1360 non
281 1334 315 1360 ita
331 1333 382 1366 sit,
396 1337 422 1359 et
436 1333 457 1360 si
473 1333 552 1367 jussit
565 1333 645 1360 heros
661 1333 812 1368 relinquere
822 1354 828 1365 ,
846 1338 872 1360 ct
890 1341 938 1368 pro

143 1379 310 1414 assequenda
328 1379 450 1406 libertate
470 1379 642 1411 contendere,
658 1379 792 1413 quomodo
812 1379 936 1407 hortaba-

145 1429 186 1452 tur
199 1425 292 1452 tlicens
304 1433 311 1451 :
326 1424 503 1459 Unusquisque
516 1425 542 1450 in
556 1425 603 1451 hoc
614 1429 725 1458 maneat,
736 1425 762 1451 in
774 1432 823 1459 quo
837 1430 940 1452 vocatus

145 1477 179 1497 (st
190 1471 202 1497 ἰ)
215 1475 243 1497 et
257 1470 320 1497 alibi
338 1479 345 1496 τ
363 1469 518 1504 Quicumque
535 1475 592 1496 sunt
605 1469 650 1496 sub
660 1471 725 1505 jugo
739 1470 813 1503 servi,
825 1471 940 1497 dominos

146 1525 204 1543 suos
219 1517 289 1543 omni
301 1517 396 1543 [tutiore
409 1516 498 1551 digitos
508 1522 634 1549 censeant,
648 1522 671 1543 el
686 1525 736 1544 non
746 1517 885 1551 despiciant
899 1519 941 1552 qui

147 1563 232 1597 ﬁdeles
245 1563 337 1589 habent
352 1563 479 1594 dominos,
494 1564 553 1597 quia
566 1563 656 1597 fratres
671 1569 728 1590 sunt
741 1564 783 1597 qui
795 1563 941 1597 bene/icium

147 1614 331 1643 consequuntur
344 1609 381 1644 (Ι.
397 1608 466 1636 Tim.
479 1609 506 1636 6.
521 1609 604 1644 1.2)?
619 1609 650 1636 Et
665 1609 788 1643 Ephesiis
801 1614 880 1645 atque
892 1610 942 1637 Co-

148 1656 315 1683 lossensibus
334 1655 456 1683 scribens
478 1655 570 1682 cadent
594 1656 648 1690 ipsa
673 1656 793 1691 praecipit
807 1661 833 1683 ct
850 1657 944 1683 statuit

151 1701 256 1736 (Ephrs.
272 1702 299 1728 6.
314 1701 343 1729 5.
357 1709 444 1736 teqq.;
458 1701 514 1728 Col.
529 1701 554 1728 5.
569 1701 627 1735 ‘22).
641 1701 718 1729 Unde
733 1702 819 1736 palam
836 1706 877 1728 cst
887 1723 894 1735 ,
911 1703 943 1729 il-

152 1748 203 1774 lttm
225 1748 294 1775 hanc
315 1747 470 1775 servitutem
493 1754 546 1774 non
565 1747 672 1780 tollere,
687 1747 733 1774 sed
747 1755 806 1774 eam
820 1755 880 1782 qua!
896 1755 944 1782 per

155 1794 212 1820 vitia
224 1794 303 1820 etiam
320 1793 419 1820 liberos
433 1793 544 1824 invadit,
559 1800 617 1826 quae
628 1797 669 1820 est
681 1793 849 1827 gravissima,
863 1793 943 1820 etiam

152 1839 173 1866 si
187 1839 246 1873 quis
261 1839 328 1866 liber
341 1838 391 1873 ipsi
404 1839 510 1866 serviat.
524 1838 591 1872 Quid
604 1839 674 1866 enim
690 1839 782 1865 lucrati
796 1844 857 1866 sunt
870 1838 945 1866 Jose-

153 1884 197 1918 phi
213 1885 321 1917 fratres,
339 1884 415 1911 liberi
430 1892 488 1911 cum
506 1884 613 1911 essent?
629 1892 716 1911 annon
732 1888 807 1912 erant
822 1885 945 1912 omnibus

153 1931 239 1957 servis
259 1931 425 1963 serviliores,
443 1931 486 1964 qui
506 1931 575 1965 apttd
595 1935 695 1964 patrem
712 1931 903 1964 mentirentur,
918 1936 945 1958 et

154 1976 347 2004 mercatoribus
360 1976 426 2003 falsa
438 1981 587 2006 narrarent.
603 1981 629 2003 ut
642 1977 721 2003 etiant
739 1977 832 2004 fratri?
846 1978 880 2004 At
893 1985 945 2004 non

155 2024 213 2050 talis
226 2029 283 2050 erat
300 2023 366 2050 liber
380 2023 434 2054 ille,
449 2022 496 2050 sed
512 2023 609 2058 ubique
621 2028 648 2050 et
663 2023 688 2050 itt
705 2024 830 2050 omnibus
844 2032 923 2051 verax
938 2033 945 2051 :

155 2070 272 2104 nihilque
283 2069 358 2096 illum
372 2070 398 2096 itt
414 2070 568 2097 servitutem
583 2069 703 2104 redigere
715 2070 811 2105 potuit,
825 2078 877 2097 n0ll
890 2071 947 2097 vitt-

155 2114 225 2147 cula,
242 2122 294 2141 non
309 2115 366 2149 ipsa
381 2115 505 2145 servitus,
524 2122 575 2142 non
587 2115 659 2141 bene
673 2123 757 2148 amor,
774 2123 826 2143 non
838 2115 907 2150 quod
922 2116 947 2143 in

156 2160 240 2187 aliena
251 2164 321 2188 terra
336 2165 426 2187 esset:
439 2161 485 2187 sed
498 2161 595 2195 ubique
607 2161 673 2187 liber
686 2162 791 2188 mansit.
809 2161 864 2188 Hoc
876 2162 946 2188 enim

158 2207 271 2235 maxime
293 2207 405 2234 libertas
423 2211 480 2241 est,
496 2207 602 2242 quando
615 2215 646 2234 ea
662 2210 687 2234 in
703 2208 830 2235 servitute
843 2215 949 2244 quoque

159 2254 249 2288 fulget.

193 2299 220 2327 5.
235 2299 309 2327 Talis
323 2307 367 2326 res
381 2304 422 2326 est
435 2298 654 2326 Christianismus
668 2308 675 2326 :
690 2299 715 2326 in
728 2300 857 2328 servitute
871 2301 952 2328 liber-

161 2350 237 2373 tatem
253 2345 390 2380 elargitur.
406 2345 444 2372 Ac
461 2345 531 2371 sicut
545 2352 643 2379 corpus
661 2365 669 2377 ,
692 2347 764 2382 quod
790 2353 822 2373 ex
851 2350 948 2374 natura

166 2391 199 2417 sit
215 2391 391 2422 vulnerabile,
415 2394 478 2417 tunc
498 2390 693 2417 invulnerabile
708 2391 872 2424 ostenditur,
890 2399 950 2419 cum

160 2443 267 2468 t:\t.'t'pttt
280 2435 334 2461 telo
349 2435 500 2470 niltilgrave
514 2437 615 2471 patitur
630 2437 685 2463 :sic
696 2437 739 2471 qui
750 2445 812 2464 vere
827 2438 960 2471 libercst,.

163 2485 221 2506 tunc
236 2481 296 2507 talis
313 2485 441 2515 apparet,
457 2481 564 2516 quando
577 2483 656 2509 etiam
673 2490 732 2509 cutn
753 2482 832 2510 heros
853 2483 950 2516 habet,

161 2532 212 2551 non
225 2527 250 2552 in
265 2527 423 2553 servitutem
446 2527 585 2562 redigitur.
608 2528 670 2555 ldeo
683 2529 759 2563 jubet
773 2537 878 2556 servum
895 2538 951 2556 tua-

161 2578 231 2599 nere.
247 2572 273 2600 Si
287 2578 377 2600 autem
392 2573 448 2600 ﬁeri
463 2581 514 2600 n0n
529 2579 618 2609 potest
629 2579 666 2607 ιιι,
682 2583 742 2602 cum
756 2576 790 2602 sit
803 2583 905 2609 servus,
918 2577 953 2603 sit

161 2617 326 2645 Christianus
337 2619 443 2654 qualem
454 2627 514 2647 esse
524 2625 641 2655 oportet,
654 2629 756 2656 magna:
766 2621 953 2649 imbecillitatis

161 2664 228 2698 piant
247 2665 405 2699 religionem
425 2665 587 2692 accusabunt
606 2665 711 2700 Grmci;
731 2667 800 2701 quod
815 2667 836 2694 si
852 2667 954 2695 discant

160 2709 228 2737 illam
243 2711 308 2738 nihil
325 2719 339 2738 a
357 2712 485 2739 servitute
501 2711 572 2744 la:di,
587 2712 802 2747 prardicationetn
817 2713 953 2740 mirabun-

162 2760 212 2783 tur.
227 2755 293 2783 Nam
310 2757 332 2783 si
349 2765 436 2792 neque
454 2766 527 2785 mors
548 2759 624 2786 nobis
646 2764 725 2786 nocet
747 2767 832 2795 neque
850 2761 952 2795 ﬂagella

161 2809 243 2837 neque
263 2803 384 2836 vincula,
402 2804 486 2831 multo
501 2805 589 2832 minus
608 2806 733 2839 servitus,
749 2806 826 2841 ignis,
843 2806 952 2839 ferrum,

161 2848 228 2877 mille
243 2849 415 2885 tyrannides,
430 2851 525 2884 morbi,
540 2857 691 2886 paupertas,
705 2852 776 2885 fetae,
790 2857 815 2878 et
828 2858 952 2881 sexcenta

650 121 682 150 IN
701 120 811 150 srtsr.
832 120 842 147 t
867 119 919 146 -Αο
938 118 1017 147 con.
1039 113 1151 149 uotum
1174 121 1244 149 xut.

1723 130 1775 158 £58

983 176 1024 204 his
1043 179 1163 211 graviora
1185 180 1275 207 fideles
1295 189 1346 208 non
1370 182 1513 217 lmserunt,
1535 184 1590 212 imo
1612 188 1775 219 potentiores

984 223 1113 252 fecerunt.
1135 226 1166 252 Et
1182 228 1316 260 quomodo
1332 229 1445 256 servitus
1465 237 1562 258 nocere
1582 233 1696 265 poterit?
1718 233 1775 261 Non

985 271 1039 305 ipsa
1069 274 1184 299 servitus
1212 274 1421 308 nocet,dilectc,
1444 275 1490 303 sed
1518 279 1617 311 pvcnati
1645 281 1771 314 servitus,

984 325 1043 352 qua:
1057 326 1119 346 vere
1132 319 1192 346 talis
1205 324 1256 347 est.
1280 320 1308 348 Si
1330 321 1397 349 hanc
1420 330 1472 349 non
1492 323 1589 351 subeas
1608 326 1774 359 servitutem,

984 363 1089 391 confide
1107 369 1133 391 et
1154 365 1263 398 lauare;
1285 366 1373 394 nullus
1389 368 1434 394 tibi
1450 376 1546 395 nocere
1563 371 1676 404 poterit,
1692 377 1719 398 ut
1732 372 1776 406 qui

986 417 1074 436 tuorcs
1087 410 1184 437 habeas
1197 411 1230 438 ab
1241 412 1313 438 omni
1329 413 1459 441 servitute
1473 414 1571 442 ltbrros
1585 424 1590 441 :
1603 417 1624 442 si
1639 425 1703 444 vero
1716 426 1777 450 pec-

986 455 1036 481 cati
1049 462 1142 482 scrvus
1156 456 1208 488 sis,
1225 457 1304 483 etiam
1319 458 1339 484 si
1355 458 1448 485 millies
1464 459 1531 486 liber
1546 462 1636 494 fueris,
1651 462 1714 489 nihil
1730 463 1776 489 tibi

987 500 1094 528 libertas
1118 501 1160 528 illa
1185 502 1301 536 prodest.
1324 503 1388 536 Qum
1410 505 1480 531 enim
1498 507 1612 539 utilitas,
1630 516 1738 541 quaso,
1755 510 1776 535 si

987 545 1087 572 homini
1102 547 1207 580 quidem
1224 555 1275 574 non
1289 549 1399 579 servias,
1412 550 1458 577 sed
1473 552 1552 578 animi
1570 553 1669 579 morbis
1681 559 1704 580 te
1718 555 1777 580 stib-

985 591 1081 625 jicias?
1093 592 1219 620 llotnincs
1232 594 1329 628 quippe
1342 602 1413 629 stupe
1428 603 1535 630 parcere
1550 598 1646 630 St'illnl,
1663 599 1699 626 illi
1715 607 1777 626 vero

986 637 1085 664 domini
1101 646 1244 674 numquam
1259 645 1300 667 tua
1315 641 1432 674 pernicie
1445 643 1585 669 satiantur.
1599 644 1702 671 llomini
1718 652 1777 671 ser-

988 683 1048 710 vis?
1062 683 1114 711 Sed
1132 685 1211 712 bcrus
1225 694 1330 720 quoque
1343 687 1388 713 tibi
1402 689 1494 719 SI‘I‘Vil,
1505 688 1549 722 qui
1563 689 1716 716 alimentum
1731 691 1778 717 tibi

988 730 1131 763 ministrat,
1150 732 1325 759 valetudinem
1343 736 1412 759 tuam
1427 738 1513 763 curat,
1525 739 1623 768 vestes,
1638 735 1741 762 calceos
1752 741 1779 763 et

988 776 1038 802 alia
1052 777 1141 804 omnia
1162 777 1322 812 suppeditat.
1337 778 1428 812 Neque
1444 779 1478 806 ita
1493 785 1520 806 tu
1537 780 1624 813 times,
1641 786 1666 807 ut
1681 789 1714 808 ne
1728 782 1777 808 do-

989 822 1089 849 minum
1103 823 1231 857 ollcndas,
1246 830 1274 851 ut
1290 825 1333 852 ille
1346 831 1432 857 curat,
1449 834 1481 853 ne
1494 826 1555 861 quid
1572 827 1616 854 tibi
1634 836 1666 854 cx
1683 836 1777 855 neces-

988 868 1067 896 sariis
1088 869 1166 896 desit.
1188 871 1222 897 At
1242 870 1287 898 ille
1304 872 1452 904 accumbit,
1469 878 1494 899 tu
1511 880 1574 900 vero
1588 878 1652 901 stas.
1670 874 1700 901 Et
1715 875 1778 910 quid

989 913 1059 941 ltoc?
1075 922 1160 950 neque
1173 916 1243 943 enim
1264 917 1290 943 id
1306 917 1375 951 apud
1395 918 1468 944 illtun
1492 923 1592 946 tantum
1610 919 1778 952 observatur,

988 959 1036 987 sed
1056 961 1135 988 etiam
1151 962 1220 996 apud
1242 967 1277 989 te.
1299 963 1376 997 Saepe
1392 971 1505 998 namque
1525 970 1549 992 te
1566 966 1739 993 recumbente
1754 971 1780 993 et

989 1007 1107 1034 suaviter
1129 1007 1278 1035 dormiente
1290 1030 1297 1041 ,
1319 1008 1362 1036 ille
1380 1017 1433 1036 non
1454 1009 1532 1036 modo
1547 1014 1616 1043 stat,
1635 1011 1680 1038 sed
1699 1012 1778 1038 etiam

989 1053 1061 1080 mille
1081 1053 1168 1089 poenis
1187 1053 1301 1081 afiieitur
1321 1054 1346 1081 in
1367 1055 1423 1082 foro
1436 1076 1442 1087 ,
1462 1060 1488 1082 et
1507 1056 1644 1083 molestius
1658 1066 1736 1092 quam
1754 1063 1781 1085 tu

990 1099 1091 1135 vigilat.
1108 1100 1176 1134 Quid
1195 1109 1277 1136 ergo,
1295 1105 1432 1130 tan'umue
1454 1111 1548 1137 passus
1568 1109 1608 1130 est
1629 1103 1727 1139 Joseph
1748 1105 1781 1131 ab

990 1144 1070 1177 hera,
1088 1151 1215 1180 quantum
1238 1147 1281 1172 illa
1303 1154 1316 1173 a
1336 1147 1549 1182 concupiscentia
1565 1148 1631 1175 sua?
1649 1149 1695 1176 llic
1710 1149 1780 1176 euiut

991 1198 1050 1226 quae
1065 1190 1108 1217 illa
1119 1191 1213 1226 jubere
1227 1193 1318 1225 voiuit,
1332 1201 1384 1219 non
1400 1193 1460 1220 fecit
1473 1202 1479 1219 :
1493 1193 1536 1220 illa
1549 1202 1612 1222 vero
1622 1203 1681 1230 quze
1693 1196 1781 1223 domi-

992 1244 1024 1264 na
1047 1237 1104 1271 ejus
1128 1237 1210 1265 libido
1232 1239 1387 1273 imperavit,
1403 1239 1490 1266 omnia
1511 1239 1592 1272 fecit;
1610 1248 1695 1275 neque
1710 1242 1783 1276 prius

991 1283 1102 1315 destitit,
1118 1283 1202 1310 donec
1215 1291 1274 1311 eam
1288 1284 1418 1312 dedecore
1433 1285 1532 1313 atl‘ucit.
1546 1286 1636 1318 Qualis
1651 1288 1730 1314 herus
1745 1292 1783 1314 ta-

992 1329 1025 1356 Iia
1040 1329 1172 1363 imperat?
1186 1330 1273 1364 qualis
1289 1331 1411 1357 immanis
1425 1333 1574 1366 tyrannus?
1588 1333 1670 1368 Roga,
1687 1334 1780 1368 inquit,

992 1382 1098 1402 servum
1119 1379 1212 1408 tuum,
1232 1376 1342 1404 adulare
1369 1377 1500 1410 emptitio,
1515 1378 1633 1412 supplico
1654 1380 1781 1412 captivo:

993 1421 1096 1448 eliatttsi
1110 1423 1250 1456 respuerit.
1267 1430 1358 1449 rursus
1373 1423 1439 1449 insta
1453 1432 1460 1455 ;
1477 1424 1579 1451 etiamsi
1595 1425 1691 1459 smpius
1706 1426 1783 1452 dixe-

994 1467 1030 1494 ris
1043 1473 1070 1493 et
1085 1469 1126 1492 ille
1142 1475 1192 1494 non
1208 1475 1333 1495 assensus
1350 1468 1446 1502 fuerit,
1462 1470 1573 1496 observa
1593 1471 1782 1506 solitudinem,

993 1517 1021 1540 et
1036 1513 1088 1539 vim
1105 1512 1183 1540 facito
1198 1518 1224 1540 ct
1240 1518 1264 1541 te
1280 1515 1333 1541 risu
1348 1514 1453 1550 dignam
1472 1516 1569 1549 pratbe.
1586 1516 1654 1550 Quid
1670 1517 1784 1552 ignomi-
1805 1511 1807 1514 ⁴

995 1557 1112 1590 niosius,
1127 1558 1189 1593 quid
1211 1559 1313 1594 turpius
1329 1559 1403 1587 hisce
1423 1560 1531 1587 verbis?
1551 1560 1579 1588 Si
1601 1567 1688 1589 autem
1704 1570 1736 1589 tte
1751 1563 1785 1589 ita

995 1604 1101 1639 quidem
1115 1604 1214 1639 aliquid
1231 1605 1383 1639 perfeceris,
1397 1606 1468 1633 illttnt
1481 1607 1642 1635 calumniare
1655 1615 1681 1635 et
1693 1609 1786 1643 decipe

995 1650 1145 1685 conjugcm.
1160 1650 1227 1678 Vide
1240 1659 1318 1687 quam
1332 1652 1481 1685 illiberalia,
1494 1661 1571 1688 quam
1588 1654 1671 1688 tttrpia
1686 1662 1786 1688 prarcc-

997 1700 1041 1730 pta
1054 1697 1122 1728 sint,
1138 1705 1216 1732 quam
1236 1698 1346 1725 immitia
1360 1718 1367 1731 ,
1383 1707 1461 1734 quam
1476 1707 1548 1726 sreva
1561 1721 1569 1733 ,
1585 1709 1663 1735 quam
1679 1702 1787 1730 furiosa.

996 1742 1063 1774 Quid
1079 1746 1179 1769 tantttm
1194 1745 1350 1778 prmceperit
1366 1744 1446 1772 herus
1458 1746 1554 1780 quivis,
1567 1752 1693 1781 quantttm
1709 1748 1787 1776 lasci-

996 1790 1039 1815 via
1055 1792 1117 1815 tunc
1131 1789 1257 1823 prmcepit
1275 1791 1354 1824 regim
1373 1791 1476 1817 nutlicri
1487 1791 1497 1810 ⁸)
1512 1797 1537 1818 et
1555 1797 1641 1819 tamen
1658 1801 1709 1820 non
1726 1802 1788 1821 ausa

998 1839 1039 1861 est
1061 1841 1112 1861 non
1133 1834 1252 1870 obsequi.
1268 1835 1367 1871 .loseph
1389 1844 1452 1863 vero
1470 1837 1532 1863 nihil
1549 1838 1599 1865 tale
1613 1846 1706 1873 paSsus
1719 1861 1725 1871 ,
1742 1842 1788 1868 sed

998 1882 1129 1907 contraria
1145 1882 1244 1913 omnia,
1260 1889 1319 1916 qua:
1339 1883 1449 1918 gloriam
1465 1888 1492 1911 ct
1508 1884 1636 1912 honorem
1652 1886 1788 1914 afferrent.

1001 1926 1046 1954 Vis
1061 1927 1139 1954 alium
1155 1928 1246 1955 videre
1261 1929 1347 1956 virum
1360 1950 1366 1959 ,
1381 1930 1423 1957 cui
1439 1937 1508 1957 s:eva
1524 1931 1628 1959 domina
1643 1933 1725 1960 multa
1739 1935 1788 1961 im-

1000 1973 1110 2008 peravit,
1126 1981 1175 2001 nec
1189 1982 1271 2001 ausus
1284 1980 1326 2002 est
1341 1975 1384 2002 ille
1399 1984 1451 2003 non
1465 1977 1595 2012 obsequi?

1035 2018 1143 2047 Invidiae
1161 2021 1264 2047 malum.
1281 2036 1316 2041 —-
1330 2020 1442 2049 Cainum
1456 2023 1540 2057 cogita
1554 2043 1560 2056 ,
1577 2030 1674 2058 quanta
1696 2034 1792 2061 nempe

999 2065 1033 2092 ab
1047 2066 1142 2093 invidia
1162 2066 1236 2101 jussu
1257 2069 1400 2102 acceperit.
1416 2068 1452 2096 Ut
1465 2068 1574 2097 fratrem
1590 2071 1724 2099 occideret
1740 2073 1791 2100 im-

1001 2111 1119 2146 pcravit,
1136 2118 1162 2139 ιιι
1178 2113 1232 2140 Deo
1247 2114 1417 2147 mentiretur,
1433 2119 1533 2150 patrem
1549 2116 1642 2144 dolore
1656 2118 1790 2151 afﬁceret,

1002 2157 1170 2192 impudenter
1180 2165 1270 2192 ageret
1284 2169 1290 2186 :
1305 2165 1331 2187 et
1345 2161 1433 2188 omnia
1446 2166 1608 2197 exsequutus
1621 2168 1671 2194 cst,
1684 2171 1715 2190 ac
1729 2165 1793 2192 nihil

1003 2204 1182 2238 przetermisit.
1201 2206 1301 2240 Ecquid
1323 2207 1446 2239 miraris,
1460 2207 1481 2234 si
1499 2207 1555 2235 hate
1570 2207 1676 2236 domina
1694 2216 1793 2238 tantam

1002 2250 1055 2277 vim
1070 2250 1165 2278 habeat
1179 2251 1204 2278 itt
1219 2259 1281 2284 uno,
1298 2260 1356 2287 qum
1370 2253 1488 2287 integros
1500 2261 1570 2288 stupe
1585 2254 1696 2289 populos
1708 2256 1796 2290 pcrdi-

1003 2297 1063 2323 dit?
1076 2297 1184 2325 Judmos
1199 2303 1272 2326 certe
1291 2299 1492 2326 Madianitarum
1515 2301 1640 2328 mulieres
1653 2302 1755 2329 vinctos
1770 2307 1797 2330 ct

1005 2342 1060 2369 fere
1073 2344 1193 2378 captivos
1207 2344 1393 2377 abduxerunt,
1407 2353 1466 2373 eum
1488 2345 1581 2373 furmm
1598 2356 1653 2374 sum
1669 2350 1796 2384 concupi-

1004 2389 1106 2416 scentia
1125 2390 1184 2418 illos
1199 2398 1292 2417 omnes
1307 2390 1432 2418 allcxere.
1450 2391 1523 2418 Hauc
1540 2393 1627 2427 itaque
1642 2395 1795 2422 servitutem

1003 2434 1114 2469 cjiciens
1130 2435 1226 2463 Paulus
1237 2457 1244 2469 ,
1261 2437 1367 2463 dicebat.
1383 2446 1388 2463 :
1408 2437 1447 2464 Nc
1460 2438 1515 2464 sitis
1529 2439 1593 2465 servi
1607 2440 1757 2473 hominum;
1772 2441 1797 2469 id

1005 2486 1062 2513 est,
1082 2489 1115 2508 tte
1135 2482 1316 2517 obsequamini
1341 2483 1492 2511 hominibus
1511 2485 1624 2512 absurda
1642 2486 1797 2521 impcrauli-

1005 2530 1069 2562 ltus;
1085 2530 1138 2557 imo
1153 2539 1185 2557 ne
1199 2532 1274 2557 vobis
1287 2532 1393 2566 quidem
1408 2533 1481 2568 ipsis.
1496 2533 1596 2560 Deinde
1610 2541 1670 2560 cum
1682 2540 1797 2562 mcntctn

1005 2577 1146 2609 erexisset,
1162 2577 1357 2612 sublimemque
1372 2578 1489 2611 fecisset,
1505 2579 1542 2605 ait
1558 2589 1564 2605 :
1581 2580 1625 2606 25.
1643 2579 1681 2607 Dc
1694 2581 1784 2616 virgini

1006 2623 1051 2649 [tua
1071 2628 1154 2649 autem
1178 2629 1332 2658 pra’ceplum
1356 2623 1458 2651 Domitii
1477 2633 1527 2651 non
1548 2624 1626 2652 Imbro
1644 2627 1799 2652 .‘tansilium

1006 2674 1089 2695 autem
1105 2669 1136 2695 do
1147 2690 1154 2701 ,
1170 2674 1298 2703 tamquam
1317 2670 1514 2696 misericordiam
1532 2676 1699 2706 consequutus
1713 2681 1728 2697 (ι
1743 2671 1798 2698 [)0-

1008 2715 1086 2747 miuo,
1101 2720 1128 2740 ut
1142 2714 1189 2741 sint
1202 2715 1294 2749 ﬁdelis.
1310 2715 1393 2742 Recto
1405 2715 1499 2743 ordine
1514 2716 1661 2751 procedens
1674 2717 1707 2743 de
1719 2716 1799 2750 virgi-

1008 2761 1090 2788 nitate
1102 2761 1227 2795 deinceps
1242 2761 1405 2789 mentionem
1421 2761 1493 2790 facit.
1511 2763 1653 2797 Postquam
1667 2762 1738 2789 cuint
1753 2770 1799 2789 eos

1008 2807 1042 2833 de
1056 2807 1218 2834 continentia
1234 2808 1358 2842 loqttuttts
1371 2808 1491 2836 exercuit
1505 2813 1532 2835 et
1548 2808 1710 2842 composuit,
1724 2807 1757 2834 ad
1774 2807 1797 2835 'ul

1009 2855 1079 2892 quod
1100 2855 1185 2890 majus
1208 2860 1246 2883 cst
1266 2855 1416 2891 egreditur,
1440 2848 1612 2891 Prwreptum,
1634 2854 1732 2889 inquit,
1750 2863 1798 2881 non
