2046 3114
225 130 276 158 1319

230 188 307 216 habeo
319 195 328 220 ,'
342 186 388 214 sed
403 186 500 214 bonam
515 194 570 213 rem
584 193 645 213 esse
659 189 731 220 puto.
747 183 857 217 Quare?
871 182 971 210 Eadem
985 181 1020 208 de

229 240 309 261 causa
321 252 327 264 ,
341 239 416 267 quam
438 231 473 260 de
490 231 652 259 continentia
673 230 771 265 posuit.
787 229 832 256 27.
854 228 981 262 Alligatus
994 235 1020 254 es

228 279 304 306 uxori
312 279 326 306 τι
338 277 393 305 noli
405 285 518 312 quaerere
534 277 695 304 solutionem.
716 274 822 302 Solutus
837 282 862 300 es
877 273 908 300 ab
922 273 1021 300 uxore!

227 324 282 351 noli
295 331 407 359 querere
421 331 536 350 uxorem.
549 322 612 349 ilice
627 328 679 348 non
693 324 754 348 sunt
767 319 938 354 repugnantis
952 318 1022 353 prio-

229 370 302 397 ril-us
312 379 320 402 ;
332 370 385 397 imo
396 369 471 397 valde
483 369 514 396 iis
525 367 705 395 assentientis.
714 366 780 394 Nam
793 371 817 393 et
831 366 884 393 illic
894 366 931 393 ait
944 375 950 393 :
963 364 1023 392 Nisi

228 417 294 450 forte
308 423 339 442 ea:
350 422 493 446 tame‘mu,‘
508 413 550 441 hic
564 421 628 440 vero
640 413 704 440 dicit
719 421 726 440 :
742 413 867 448 Alligatus
885 420 911 439 es
929 412 1023 439 uxori?

229 461 282 488 noli
296 469 406 496 quitrerc
426 460 587 487 solutionem.
612 459 669 487 Iloc
689 466 769 494 porro
789 458 953 486 contrarium
968 466 1021 484 non

227 511 266 534 est
281 515 287 533 :
300 513 360 533 nam
374 505 445 541 quod
460 510 556 539 pra‘ter
569 509 686 532 mentem
700 510 740 532 est
753 510 780 532 et
793 504 967 536 voluntatem,
981 509 1023 530 est

227 551 344 584 solutio;
360 552 382 578 si
402 556 492 579 autem
506 551 690 579 contiuuerint
704 559 735 578 ex
753 551 891 586 utriusque
906 557 1020 578 consen-

228 607 270 631 su,
288 606 339 625 non
353 603 392 625 est
407 597 516 625 solutio.

261 643 288 670 6.
306 643 423 676 Deinde,
445 652 478 670 ne
499 643 551 672 hoc
567 643 687 670 videatur
702 643 744 670 les
760 650 834 673 esse,
858 642 995 677 suhjnnxit
1010 650 1017 671 :

226 687 270 716 28.
287 688 316 716 Si
330 694 414 716 autem
428 689 553 723 acceperis
568 697 682 721 uxorem,
699 696 748 714 non
763 687 881 722 peccasti.
895 687 951 714 Sub
966 687 1022 714 huic

228 735 401 770 przesentium
415 741 523 762 causam
538 734 615 761 alii-rt
625 755 631 766 ,
648 734 791 760 instantem
815 732 1001 760 necessitatem
1012 753 1020 765 ,

228 787 333 816 tempus
352 785 517 808 contractum
532 785 560 808 et
580 780 789 807 tribulationem.
811 779 892 806 Multa
907 786 1021 814 namque

227 826 389 854 counubium
403 833 494 854 secum
510 826 600 858 trahit,
617 833 676 861 qua!
691 830 719 853 et
734 825 776 852 hic
790 825 977 855 subindicavit,
994 829 1021 852 et

229 874 255 901 in
269 881 393 901 sermone
407 873 441 900 de
451 871 614 900 continentia
629 882 634 899 :
651 871 705 899 illic
718 871 823 907 quidem
835 871 928 899 (licens
938 892 945 904 ,
959 879 1019 898 mu-

227 920 318 947 lierem
331 927 383 946 non
395 920 434 946 sui
448 923 604 954 potestatem
614 918 728 951 habere;
743 918 786 945 hic
799 923 898 951 autem,
914 917 1020 945 Solutus

227 975 268 1005 es.’
281 966 311 993 Si
331 970 414 992 autem
428 973 532 992 uxorem
545 965 689 999 acceperis,
706 973 755 991 non
778 964 902 998 peccasti;
918 971 971 991 non
987 963 1020 991 de

225 1020 258 1040 ea
274 1013 385 1047 loquens
407 1020 467 1047 quae
489 1011 668 1047 virginitatem
686 1011 784 1046 elegit;
801 1012 856 1046 ipsa
873 1011 944 1039 enim
965 1011 1019 1045 jam

228 1058 356 1094 peccavit.
371 1057 438 1086 Nam
451 1058 473 1084 si
487 1057 574 1084 vidua:
589 1057 616 1084 in
629 1057 731 1085 crimen
748 1061 886 1089 vocantur,
901 1064 961 1083 cuin
974 1064 1019 1084 se-

227 1104 330 1131 cundas
349 1104 457 1139 nuptias
469 1103 672 1136 contraxerint,
694 1103 717 1130 si
731 1102 815 1130 semel
834 1102 965 1138 elegerint
979 1102 1019 1129 vi-

227 1150 373 1182 duitatem;
388 1149 472 1176 multo
485 1149 570 1184 magis
581 1149 706 1183 virgines.
723 1147 922 1175 Tribulutionem
936 1152 1021 1174 tamen

227 1196 310 1223 carnis
323 1195 448 1223 habebunt
461 1195 617 1230 Itujusmodi.
634 1195 714 1230 Atqui
735 1195 814 1222 etiam
835 1194 999 1229 voluptatem
1012 1215 1019 1228 ,

228 1242 341 1277 inquies.
356 1241 408 1270 Sed
430 1241 488 1268 vide
502 1241 637 1276 quomodo
659 1241 730 1268 illam
745 1241 872 1275 temporis
891 1241 1021 1268 brevitate

228 1288 401 1320 contraxerit,
415 1287 522 1314 dicens:
537 1286 582 1314 29.
594 1285 705 1322 Tempus
719 1288 790 1313 breve
803 1291 848 1313 est.
863 1286 890 1313 ιιι
905 1291 961 1318 est,
975 1286 1019 1321 ju-

229 1334 323 1361 bemnr
333 1333 495 1369 peregrinari
507 1337 533 1360 et
547 1332 676 1360 excedere
691 1331 798 1359 demum
812 1341 819 1364 ;
835 1337 862 1359 tu
875 1339 939 1360 vero
954 1332 1021 1359 inte-

228 1380 285 1408 rius
306 1379 401 1407 curris.
425 1379 505 1414 Atqui
529 1378 633 1406 etiamsi
657 1378 723 1406 nihil
746 1378 887 1405 molestum
911 1378 1021 1405 haberet

229 1425 443 1456 matrimonium,
458 1424 491 1452 ad
512 1424 599 1452 futura
621 1429 708 1451 tamen
726 1423 851 1451 festinare
865 1428 1018 1458 oporteret;

227 1479 288 1500 cum
302 1477 390 1498 autem
411 1470 560 1498 molestiam
580 1478 671 1497 secum
693 1470 796 1502 trahat,
811 1470 875 1505 quid
893 1477 961 1505 opus
980 1474 1021 1497 est

227 1525 296 1546 ortus
305 1516 460 1545 attrahere?
471 1524 519 1544 cur
533 1520 631 1543 tantum
644 1516 781 1549 suscipere
793 1515 902 1546 molem,
914 1515 1021 1550 quando

229 1570 368 1600 postquam
389 1563 559 1597 Suscepcris,
581 1562 616 1589 ita
631 1562 668 1589 uti
694 1562 737 1589 illa
751 1567 858 1596 oportet
879 1569 910 1588 ac
930 1562 1019 1589 sinon

228 1610 358 1639 haberes!
378 1610 478 1638 etenim
498 1610 534 1636 ait
551 1620 558 1637 :
581 1609 631 1643 Qui
651 1608 742 1636 habent
765 1616 872 1640 uxores,
893 1613 1021 1644 tamquam

228 1666 278 1684 non
292 1657 410 1684 habentes
421 1656 481 1684 sint.
497 1655 598 1682 Deinde
609 1676 616 1687 ,
631 1662 691 1682 cum
704 1654 737 1681 de
750 1653 845 1680 futuris
858 1653 921 1688 quid
937 1654 1020 1680 inter-

229 1703 378 1738 posuisset,
399 1709 491 1729 rursus
511 1701 545 1728 ad
559 1707 679 1736 praesens
693 1705 797 1734 tempus
811 1706 964 1726 sermonem
980 1707 1021 1726 re-

229 1749 312 1777 ducit.
329 1748 433 1776 Etenim
453 1747 505 1774 alia
519 1751 581 1774 sunt
594 1746 742 1781 spiritualia
756 1753 763 1772 :
789 1745 833 1772 illa
848 1745 946 1779 quippe
961 1753 1021 1780 qua:

230 1795 279 1822 viri
301 1798 379 1824 sunt.
396 1793 454 1820 haec
467 1797 554 1820 autem
570 1799 630 1827 qua:
643 1796 706 1819 sunt
722 1791 767 1818 Dei
783 1795 877 1822 curat;
891 1790 942 1817 alia
957 1797 1021 1817 vero

230 1845 292 1868 sunt
305 1839 446 1876 pricsenlis
457 1838 535 1871 vitm;
550 1837 613 1865 illud
626 1844 730 1872 nempe,
745 1835 789 1864 52.
809 1835 870 1863 Volo
883 1841 966 1862 autem
980 1843 1022 1862 vos

229 1889 284 1916 siue
296 1886 464 1914 sollicitudine
476 1894 538 1913 esse.
555 1887 679 1912 Attamen
694 1884 759 1911 illud
771 1892 876 1919 quoque
891 1885 915 1910 in
927 1891 1020 1910 eorum

231 1938 389 1970 potestatem
412 1932 532 1959 remittit.
547 1930 612 1958 Nam
628 1931 672 1966 qui
694 1934 834 1965 postquam
856 1929 972 1956 Ostendit
996 1928 1020 1956 id

562 127 591 156 S.
610 127 749 156 JOANNIS
763 125 998 155 CHRYSOSTOMI
1018 125 1176 165 ABCIIIEP.
1196 125 1460 153 OONSTANTINOP.

1071 181 1141 215 quod
1155 186 1196 209 est
1215 181 1367 216 eligendum
1379 203 1386 214 .
1408 190 1502 210 rursus
1520 183 1609 218 cogit,
1626 183 1732 211 videtur
1745 191 1803 212 non-
1814 191 1871 212 suis

1073 227 1155 255 tldcre
1170 227 1267 255 verbis.
1283 229 1452 263 Quapropter
1461 229 1636 257 concessione
1647 229 1731 265 magis
1742 229 1818 265 ipsos
1829 231 1870 258 in.

1073 273 1148 300 duxit
1166 279 1192 300 et
1212 273 1339 307 retinuit,
1361 274 1476 302 dicens:
1492 274 1535 302 55.
1562 274 1644 302 Porro
1659 276 1706 302 hoc
1720 276 1754 302 ad
1767 276 1870 304 utilita-

1073 325 1122 346 tem
1136 325 1243 348 uestram
1257 321 1313 348 dico
1322 342 1329 353 ,
1352 329 1403 349 non
1416 327 1443 348 ut
1457 322 1574 358 laqueum
1595 323 1663 350 vobis
1675 323 1788 360 injiciam
1799 344 1807 357 ,
1824 323 1874 351 sed

1073 367 1108 393 ad
1121 367 1148 393 id
1159 367 1226 401 quod
1240 367 1372 394 honestum
1385 373 1440 400 est,
1461 374 1484 395 et
1497 368 1565 402 quod
1585 369 1732 401 facultatem
1746 369 1868 403 prebeat.

1075 411 1191 439 Audiant
1203 412 1334 448 virgines,
1349 413 1420 448 quod
1436 413 1578 448 virginitas
1590 414 1616 441 in
1636 413 1688 442 hoc
1700 422 1753 441 non
1773 414 1869 442 termi-

1075 461 1171 484 netur:
1189 465 1249 484 nam
1270 465 1330 492 qua:
1349 465 1396 485 res
1411 458 1501 488 mundi
1517 463 1609 491 curat,
1632 467 1681 487 nec
1695 459 1768 494 virgo
1790 460 1869 487 fuerit

1075 510 1124 529 nec
1138 502 1260 530 honesta.
1276 502 1343 530 Cum
1356 503 1469 531 dixisset
1482 504 1570 538 enim,
1585 503 1674 531 Diuisa
1688 509 1724 532 est
1739 505 1831 532 mulier
1845 510 1871 532 et

1074 549 1154 584 uirgo,
1169 548 1239 576 hanc
1253 548 1430 577 differentiam
1447 551 1552 585 posuit,
1567 555 1595 578 et
1614 558 1665 586 qua
1680 551 1706 578 in
1720 560 1750 579 re
1764 551 1870 580 discre-

1075 599 1138 629 pent
1151 594 1229 622 dixit.
1241 595 1280 622 Ac
1293 602 1353 622 cum
1368 595 1551 624 delinitioncm
1566 596 1641 624 dedit
1654 597 1762 632 virginis
1775 602 1803 625 et
1815 605 1870 625 non

1075 641 1201 676 virginis,
1223 649 1275 669 non
1290 642 1414 677 nuptias,
1436 650 1489 670 non
1506 643 1698 671 continentiam
1715 644 1797 676 dixit,
1820 644 1870 671 scd

1074 688 1263 716 sollicitudinis
1277 690 1438 717 vacuitatem
1459 695 1487 718 et
1499 698 1623 726 magnam
1646 691 1870 719 sollicitudinem.

1073 733 1130 760 Non
1146 734 1218 761 enim
1235 735 1322 762 coitus
1337 735 1423 763 malus
1444 742 1504 769 est,
1525 737 1572 764 sed
1594 736 1813 772 impedimentum
1835 738 1879 765 ad-

1073 778 1268 814 philomphiam
1283 780 1393 807 malum.
1410 781 1454 809 36.
1470 780 1501 809 Si
1513 782 1569 816 quis
1583 787 1668 809 autem
1680 787 1779 818 turpem
1791 791 1819 810 se
1831 783 1871 810 vi-

1075 825 1129 852 deri
1151 825 1278 853 existimat
1292 835 1369 861 super
1383 827 1480 863 virgine
1496 836 1553 855 sua.
1574 828 1623 856 llic
1643 828 1748 857 videtur
1760 829 1872 864 quidem

1075 871 1108 899 de
1129 871 1298 899 matrimonio
1312 872 1402 908 loqui;
1423 877 1507 901 totum
1519 877 1608 900 autem
1631 873 1695 901 dicit
1707 874 1742 901 de
1757 874 1870 909 virgini—

1076 921 1129 945 tate
1143 927 1150 945 :
1167 925 1228 945 nam
1242 923 1267 945 et
1285 918 1432 946 secundum
1444 919 1567 946 concedit
1579 920 1779 948 matrimonium
1789 941 1797 954 ,
1812 925 1872 948 tan-

1075 968 1131 991 tum
1149 962 1183 991 In
1201 962 1321 992 Domino.
1342 964 1410 999 Quid
1424 969 1465 992 est
1484 965 1568 999 illud,
1592 965 1625 993 In
1648 965 1779 994 Domino?
1801 966 1878 994 Cum.

1074 1010 1214 1043 castitate,
1226 1019 1286 1038 curn
1301 1011 1451 1039 honestate.
1467 1011 1522 1039 Hac
1536 1012 1609 1039 enim
1624 1012 1723 1048 ubique
1736 1017 1777 1041 est
1790 1021 1868 1048 opus,

1076 1057 1214 1092 ipsamque
1226 1057 1329 1092 insequi
1351 1063 1457 1093 oportet
1473 1067 1480 1086 :
1495 1058 1614 1094 alioquin
1628 1067 1662 1087 ne
1675 1060 1740 1088 licet
1759 1060 1869 1095 quidem

1076 1102 1160 1130 Deum
1171 1103 1272 1131 videre.
1286 1104 1315 1131 Si
1325 1108 1414 1132 autem
1426 1105 1621 1140 praeterivimus
1630 1113 1671 1138 ea.
1685 1113 1745 1141 qua:
1755 1106 1869 1134 dicenda

1075 1154 1152 1177 erant
1160 1149 1192 1177 de
1201 1150 1362 1185 virginitate,
1373 1159 1451 1178 nemo
1463 1158 1511 1178 nos
1519 1151 1686 1187 negligentia:
1697 1151 1868 1179 condemnet.

1075 1195 1184 1223 Librum
1199 1196 1271 1223 enim
1288 1196 1420 1231 integrum
1438 1197 1464 1224 iu
1486 1204 1544 1224 eam
1561 1205 1616 1224 rem
1632 1197 1764 1225 edidimus
1779 1198 1827 1232 (a),
1844 1203 1871 1225 et

1074 1250 1134 1269 cum
1151 1241 1186 1269 ibi
1200 1247 1326 1270 accurate
1336 1249 1463 1278 quantum
1476 1244 1611 1279 potuimus
1623 1244 1695 1272 illam
1704 1252 1761 1272 rem
1773 1249 1870 1272 tracta-

1075 1287 1209 1321 verimus,
1225 1295 1452 1323 supervacaneum
1474 1297 1535 1317 esse
1555 1290 1680 1318 duximus
1701 1290 1795 1318 eadem
1812 1291 1876 1325 ipsa

1075 1333 1119 1361 hic
1144 1339 1275 1369 repetere.
1301 1335 1480 1369 Quamobrem
1505 1335 1552 1364 illo
1574 1337 1741 1364 remittentes
1762 1337 1869 1364 audito—

1075 1387 1132 1407 rem
1143 1400 1151 1412 ,
1171 1380 1215 1407 hic
1230 1379 1295 1407 illud
1309 1380 1447 1414 dicemus,
1463 1382 1656 1409 continentiam
1677 1390 1738 1411 esse
1761 1387 1868 1410 sectan—

1075 1424 1135 1452 dam
1151 1434 1157 1452 :
1175 1433 1236 1453 nam
1249 1426 1287 1453 ait
1301 1425 1346 1453 ille
1359 1435 1366 1454 :
1383 1425 1477 1454 Pacem
1493 1427 1670 1464 parsequimini
1684 1433 1708 1455 et
1722 1430 1869 1464 sancti/icu-

1074 1471 1183 1504 tionem,
1197 1472 1251 1499 sine
1263 1479 1313 1507 qua
1331 1481 1402 1500 nemo
1415 1473 1507 1500 uidebit
1523 1473 1670 1501 Dominum.
1685 1474 1718 1502 Ut
1730 1482 1794 1510 ergo
1807 1483 1873 1504 eum

1076 1516 1167 1545 videre
1181 1517 1336 1553 dignemur;
1354 1519 1410 1546 sive
1430 1519 1455 1545 in
1478 1519 1631 1554 virginitate
1651 1519 1796 1555 degamus,
1812 1521 1871 1549 sive

1074 1565 1101 1592 in
1113 1565 1205 1599 primis
1215 1565 1270 1593 sive
1281 1566 1306 1592 in
1320 1566 1445 1594 secundis
1455 1567 1562 1602 nuptiis,
1577 1568 1646 1595 hanc
1657 1575 1865 1604 persequamur,

1076 1616 1104 1637 ut
1118 1618 1229 1645 regnum
1244 1610 1371 1638 ca-lorum
1393 1611 1584 1647 adipiscamur,
1600 1613 1685 1648 gratia
1700 1618 1727 1641 et
1745 1614 1867 1650 benigni-

1076 1661 1129 1684 tate
1145 1657 1248 1684 Domini
1265 1658 1349 1684 nostri
1363 1657 1428 1685 Jcsu
1447 1657 1562 1691 Christi,
1584 1660 1691 1694 quicum
1712 1659 1781 1688 Patri
1803 1669 1869 1688 una-

1075 1711 1127 1738 que
1141 1704 1250 1738 Spiritui
1261 1709 1355 1732 sancto
1369 1705 1464 1740 gloria,
1482 1706 1633 1740 imperium,
1649 1706 1744 1741 honor,
1761 1715 1832 1735 nunc
1842 1712 1870 1736 et

1074 1757 1191 1785 semper,
1209 1754 1238 1778 et
1252 1749 1278 1777 in
1292 1750 1389 1778 saecula
1406 1751 1577 1778 saeculorum.
1595 1753 1690 1780 Amen.

1107 1839 1143 1870 (a)
1155 1839 1201 1864 Hic
1213 1839 1301 1873 librum
1310 1839 1426 1873 suumde
1437 1839 1585 1873 Virginitate
1597 1843 1726 1873 memorat,
1736 1848 1811 1873 quem
1819 1842 1870 1867 edi-

1075 1876 1129 1903 mus
1137 1874 1209 1903 'l'onio
1220 1870 1243 1900 ι,
1251 1870 1297 1903 col.
1309 1870 1421 1903 Sal-582.
1429 1870 1494 1901 Lege
1507 1871 1618 1895 monitum
1626 1871 1696 1903 operi
1708 1870 1868 1903 praemissum,

1076 1902 1116 1926 ubi
1129 1902 1195 1925 clare
1208 1902 1322 1932 probatur
1333 1902 1398 1926 idem
1415 1902 1495 1932 ipsum
1506 1908 1568 1932 opus
1590 1905 1616 1926 et
1638 1909 1686 1926 non
1706 1902 1772 1928 aliud
1783 1904 1808 1928 lo
1820 1902 1870 1928 ﬁne

1076 1932 1148 1963 hujus
1156 1932 1261 1956 Homilies
1274 1932 1298 1956 in
1311 1931 1387 1964 Epist.
1401 1931 1432 1957 ad
1442 1931 1549 1958 Corinth.
1562 1933 1702 1958 memorari.

241 1987 1870 2001 Mm

942 2032 1115 2063 HOMILIA
1136 2033 1210 2063 XX.

228 2112 292 2141 CAP.
309 2113 336 2140 8.
353 2121 378 2138 v.
397 2113 422 2139 ι.
440 2110 479 2138 De
500 2111 531 2138 iis
553 2115 647 2142 autem,
672 2117 729 2144 qui:
750 2108 826 2136 idolis
843 2108 1018 2141 immolantur,

266 2159 358 2186 scimus
370 2158 437 2191 quod
456 2165 542 2184 omnes
556 2156 686 2184 scientiam
702 2154 829 2182 habemus.
854 2153 968 2182 Scientia
983 2154 1022 2180 in-

266 2205 327 2240 flat,
341 2203 433 2231 caritas
446 2210 503 2229 vero
518 2202 638 2233 adificat.

267 2252 292 2278 1.
309 2250 424 2278 Necesse
443 2254 484 2276 est
499 2249 584 2284 primo
597 2248 686 2276 dicere
699 2247 763 2282 quid
778 2247 829 2274 sibi
846 2247 909 2274 velit
924 2246 966 2274 hic
981 2247 1023 2273 lo-

231 2304 280 2325 cus
294 2306 302 2323 :
318 2298 357 2323 sic
374 2303 488 2331 namque
504 2294 582 2322 facile
596 2294 760 2329 intelligetur
775 2293 846 2328 quod
864 2292 960 2320 dicturi
975 2299 1022 2319 su-

233 2350 301 2372 mus.
322 2342 374 2376 Qui
393 2341 465 2369 enim
484 2341 597 2376 aliquem
618 2340 737 2368 accusari
757 2339 848 2371 videt,
875 2338 925 2366 nisi
950 2338 1023 2373 prius

232 2388 334 2423 peccati
346 2391 468 2415 naturam
483 2392 587 2420 noscat,
600 2394 660 2421 qua:
673 2385 798 2413 dicentur
812 2392 864 2412 non
880 2384 1021 2419 intelliget.

231 2435 287 2468 Qua
302 2441 365 2468 ergo
379 2432 413 2460 de
435 2440 465 2460 re
487 2437 550 2460 tunc
567 2431 721 2460 Corinthios
736 2430 896 2459 accusabat?
914 2430 1022 2458 Crimen

230 2485 289 2508 erat
306 2487 448 2515 magnum,
464 2487 495 2506 ac
509 2479 655 2507 multorum
675 2486 756 2506 causa
775 2478 917 2505 malorum.
939 2476 1023 2510 Quale

231 2527 315 2555 illud?
328 2526 401 2554 Multi
414 2534 446 2554 ex
462 2526 515 2554 illis
528 2533 588 2554 cum
602 2525 769 2558 didicissent,
785 2532 837 2551 non
853 2532 911 2559 quae
922 2523 1024 2550 intrant

231 2572 372 2606 inquinare
386 2571 531 2605 hominem,
543 2570 590 2598 sed
600 2578 660 2605 qum
670 2574 769 2598 exeunt
780 2578 786 2596 :
799 2574 823 2596 et
836 2568 916 2600 idola,
927 2575 1023 2602 nempe

230 2618 318 2650 ligna,
342 2617 443 2652 lapides
466 2622 494 2644 et
515 2616 724 2647 daemones,nec
744 2622 842 2642 nocere
865 2622 914 2642 nec
925 2613 1022 2649 juvare

232 2670 327 2697 posse,
349 2663 406 2691 sine
429 2662 509 2690 modo
530 2663 585 2690 ullo
607 2662 657 2689 bac
678 2659 796 2696 perfecta
813 2660 851 2688 rei
870 2660 1023 2695 cognitione

231 2709 385 2741 utebantur,
400 2713 426 2736 et
446 2711 474 2735 lu
494 2716 572 2735 suum
592 2712 619 2735 et
639 2707 664 2734 in
688 2707 802 2734 aliorum
821 2706 1021 2735 detrimentum.

231 2755 298 2783 Nam
317 2754 351 2783 ad
369 2754 440 2783 idola
458 2753 687 2790 ingrediebantur,
711 2757 738 2781 et
756 2760 908 2781 mensarum
923 2753 1021 2781 ibidem

233 2803 375 2838 participes
387 2805 483 2834 erant,
500 2801 615 2836 hincque
630 2808 752 2836 magnam
767 2800 915 2829 inferebant
928 2800 1021 2836 perni-

232 2849 311 2877 ciem.
330 2848 395 2876 Nam
416 2848 460 2884 qui
474 2847 560 2876 adhuc
575 2847 644 2876 idola
666 2847 811 2881 timebant,
832 2855 881 2876 nec
903 2853 1022 2876 content-

1075 2108 1162 2136 nenda
1177 2108 1220 2136 illa
1236 2116 1296 2136 esse
1310 2109 1474 2143 didicerant,
1489 2118 1625 2138 coenarum
1639 2112 1790 2147 huiusmodi
1807 2120 1867 2147 par—

1076 2154 1170 2189 ticipes
1183 2159 1259 2181 erant
1269 2175 1276 2187 ,
1293 2162 1353 2182 cum
1376 2155 1551 2190 perfectiores
1565 2157 1687 2186 viderent
1701 2158 1815 2194 idipsum
1831 2159 1869 2186 fa-

1076 2201 1194 2233 cientes,
1218 2205 1246 2228 et
1265 2200 1327 2228 hinc
1349 2202 1468 2229 maxime
1491 2202 1657 2230 tardabantur
1673 2203 1780 2239 (neque
1796 2205 1868 2232 enim

1076 2247 1168 2275 eadem
1184 2254 1234 2282 qna
1252 2247 1291 2274 illi
1307 2251 1397 2275 mente
1413 2249 1533 2284 apposita
1544 2269 1552 2282 ,
1567 2249 1614 2277 sed
1629 2250 1705 2284 quasi
1727 2250 1804 2278 idolis
1820 2251 1870 2277 im-

1076 2292 1173 2320 molata
1187 2293 1320 2320 habebant
1331 2302 1337 2320 :
1353 2298 1380 2321 et
1390 2301 1422 2321 ea
1433 2302 1476 2322 res
1487 2295 1528 2322 via
1539 2285 1597 2322 erat
1607 2295 1640 2322 ad
1654 2295 1846 2331 idololatriam)
1859 2305 1865 2322 :

1075 2343 1103 2366 et
1118 2339 1154 2366 illi
1168 2347 1274 2374 quoque
1288 2340 1332 2374 qui
1348 2339 1522 2374 perfectiores
1537 2346 1624 2374 erant,
1639 2349 1691 2368 non
1705 2341 1755 2369 levi
1768 2341 1868 2369 damno

1075 2384 1272 2419 afﬂeiebantur,
1287 2385 1350 2413 dum
1367 2386 1468 2414 mensis
1481 2386 1635 2415 daemonicis
1654 2388 1816 2416 fruerentur.
1835 2387 1869 2415 Et

1077 2432 1127 2460 hoc
1141 2433 1250 2468 quidem
1270 2433 1372 2460 crimen
1386 2437 1453 2461 erat.
1469 2433 1568 2462 Beatus
1582 2438 1671 2461 autem
1684 2434 1735 2466 vir,
1753 2439 1781 2462 ut
1802 2434 1868 2462 illud

1076 2480 1246 2513 emendaret,
1263 2487 1317 2507 non
1338 2480 1428 2507 statim
1444 2480 1597 2508 vehementi
1619 2480 1703 2508 utitur
1723 2480 1846 2508 oratione
1861 2489 1866 2506 :

1076 2533 1136 2552 nam
1153 2533 1185 2552 ex
1206 2524 1359 2560 insipientia
1374 2526 1459 2561 magis
1469 2547 1476 2558 ,
1492 2533 1571 2561 quam
1586 2533 1619 2553 es
1634 2525 1734 2553 malitia
1754 2526 1780 2552 id
1795 2525 1868 2552 desi-

1074 2571 1215 2606 gnabatur.
1230 2570 1318 2604 Quare
1333 2570 1409 2598 initio
1422 2570 1609 2598 adhortatione
1619 2571 1705 2605 magis
1717 2578 1785 2606 opus
1797 2575 1867 2602 erat,

1074 2625 1153 2652 quam
1176 2617 1328 2645 vehementi
1350 2617 1530 2652 increpatione
1550 2622 1577 2645 et
1590 2617 1782 2652 indignatione.
1803 2618 1868 2644 Ani-

1077 2663 1212 2690 madverte
1226 2663 1305 2698 igitur
1323 2663 1381 2697 ejus
1410 2664 1594 2698 prudentiam,
1617 2664 1752 2699 quomodo
1778 2663 1868 2691 statim

1074 2709 1284 2736 admonitionem
1300 2709 1428 2744 incipiat:
1444 2709 1482 2736 De
1495 2710 1525 2736 iis
1540 2714 1642 2743 autem,
1657 2717 1715 2744 qua:
1728 2709 1804 2736 idolis
1818 2709 1869 2736 im»

1074 2753 1212 2786 moluntur,
1225 2755 1319 2782 scimus
1331 2755 1399 2790 quod
1411 2763 1496 2782 omnes
1508 2755 1639 2782 scientiam
1650 2755 1780 2782 habemus.
1795 2754 1869 2782 Infir-

1075 2800 1204 2828 mioribus
1229 2801 1349 2834 relictis,
1378 2801 1448 2837 quod
1472 2809 1580 2837 semper
1604 2802 1683 2836 facit,
1708 2801 1870 2829 valentiores

1073 2847 1189 2882 primum
1207 2847 1369 2882 aggreditur.
1393 2847 1449 2876 lloc
1471 2848 1542 2876 cnim
1559 2848 1638 2876 etiam
1662 2848 1689 2877 in
1709 2848 1821 2883 epistola
1837 2847 1874 2875 ad.
