2046 3114
141 134 191 164 ’δι

137 192 273 219 Romanos
283 188 360 222 fecit,
379 188 474 217 dicens
488 197 495 216 :
512 188 552 216 Tu
568 196 625 216 vero
639 188 700 223 quid
710 188 815 223 judicas
829 189 934 224 fratrem

137 243 208 265 tuum
222 236 308 271 (Rom.
327 236 372 264 ιι.
385 235 449 271 10)⁴ῖ
464 235 507 263 ltic
518 234 590 262 enim
606 239 658 266 est,
674 234 719 269 qui
736 234 839 262 facilius
852 234 935 268 possit

136 280 348 317 iucrepationem
369 281 504 315 accipere.
519 280 596 313 Quod
618 280 661 307 hic
680 288 787 315 quoque
808 279 871 307 facit
886 288 892 307 :
907 284 935 307 et

136 328 224 362 primo
238 327 338 354 fastum
359 334 454 354 eorum
474 330 604 356 evacuat.
619 325 683 354 dum
700 325 772 361 quod
787 326 825 352 illi
840 325 933 360 pra-ci-

138 381 218 408 puum
229 373 361 408 putabant.
371 377 396 400 et
410 373 555 407 perfectam
569 372 718 403 scientiam,
732 372 781 398 hoc
791 379 934 398 commune

137 427 197 447 esse
212 419 395 455 pronuntiavit
410 429 415 445 :
432 419 535 446 Scimus
549 418 631 449 enini,
650 418 749 453 inquit,
765 418 831 452 quod
848 426 934 444 omnes

137 466 268 493 scientiam
281 466 414 492 habemus.
429 465 495 492 Natn
509 465 530 492 si
546 465 605 492 illos
618 465 700 491 altum
714 472 808 499 sapere
826 464 931 494 sitiens,

138 513 224 548 primo
239 512 404 539 ostendisset
418 520 473 539 rem
486 519 546 539 esse
556 511 615 538 aliis
630 512 747 544 noxiam,
764 518 816 537 non
831 515 932 536 tantum

138 559 278 592 utilitatis,
308 563 441 594 quatttnm
471 558 561 585 damni
590 558 735 585 attulisset.
768 557 934 584 Ambitiosus

138 605 234 640 quippe
246 605 364 636 animus,
375 612 435 631 cum
449 605 536 639 aliqua
551 613 579 630 re
590 612 618 630 se
629 604 717 630 ornari
729 608 812 637 putat.
828 603 932 630 etiant~i

138 651 195 679 aliis
206 652 242 677 sit
256 651 346 683 noxia,
359 658 418 677 eam
432 651 582 678 accuratius
596 651 690 677 rctiuet
707 651 741 677 ob
756 657 830 677 tame
840 649 932 683 gloria:

138 697 319 733 tyrannidem.
343 698 407 724 ldco
429 697 528 724 Paulus
552 698 638 731 primo
662 705 716 723 rem
743 700 772 723 ut
795 696 820 722 in
843 704 871 722 se
893 701 934 722 est

138 745 288 777 examinat,
306 749 334 771 ut
349 744 419 771 circa
435 748 572 770 externam
587 744 742 777 sapientiam
759 743 881 776 superius
895 743 932 768 l'e-

137 791 190 822 cit,
207 790 280 816 illatn
294 790 405 817 omnino
420 789 560 823 dejiciens.
581 789 631 816 Sed
648 789 700 815 illic
714 789 820 823 quidem
838 788 861 814 id
873 788 933 822 jure

138 835 269 868 faciebat;
286 840 370 862 totum
388 836 459 862 enim
474 835 684 870 reprehensione
697 835 805 869 dignum
820 839 891 867 erat,
907 839 934 861 et

138 881 223 909 facilis
236 889 279 909 res
292 886 351 908 erat
363 890 370 907 :
384 886 549 915 quapropter
563 880 588 907 id
603 888 655 907 non
677 880 757 907 modo
770 887 932 914 supervaca-

139 936 234 961 neum,
250 927 297 955 sed
308 928 389 954 etiam
405 927 585 961 praedicatiotti
601 926 764 953 contrarium
779 933 838 952 esse
854 925 931 952 dixit.

139 974 186 1000 Hic
198 978 288 1000 autem
304 981 357 999 non
377 973 456 1000 liceat
471 973 505 999 ita
519 972 607 999 facere
620 981 626 998 :
644 979 704 998 nam
721 971 745 998 id
758 971 791 998 de
804 979 857 1006 quo
872 979 933 1005 age-

139 1019 214 1046 batur
227 1019 340 1046 scientia
356 1023 415 1046 erat
426 1038 434 1052 ,
451 1022 478 1045 et
491 1018 603 1045 scientia
619 1018 745 1051 perfecta.
763 1017 853 1051 Neque
868 1024 932 1051 ergo

138 1072 193 1092 eam
213 1065 333 1100 dejicere
348 1069 433 1092 tutum
454 1068 528 1097 erat,
545 1072 594 1092 nec
618 1064 696 1091 aliter
718 1063 814 1091 licebat
837 1063 931 1090 fastum

138 1119 167 1139 ex
182 1111 227 1139 illa
242 1117 404 1146 conceptum
425 1111 552 1146 dejicere.
571 1111 639 1145 Quid
658 1119 723 1146 ergo
747 1110 826 1138 facit?
840 1111 932 1137 Primo

138 1158 208 1184 illam
225 1157 374 1185 ostendens
387 1164 447 1185 esse
457 1164 638 1189 communem,
656 1157 762 1183 illorutn
774 1156 870 1183 fastum
884 1157 931 1182 de-

138 1204 236 1239 primit.
251 1204 302 1238 Qui
319 1204 389 1231 cnitn
401 1211 526 1238 maguum
539 1204 675 1238 quidpiam
689 1209 716 1231 et
732 1204 870 1238 pulchrum
887 1203 933 1229 ha-

139 1251 218 1283 bc'nt,
232 1250 256 1277 si
271 1250 322 1276 soli
338 1250 470 1281 habeant,
485 1251 569 1284 magis
582 1249 744 1281 ell‘eruntur;
760 1249 781 1275 si
795 1256 857 1276 vero
872 1256 932 1275 cum

138 1297 195 1324 aliis
206 1296 231 1323 id
242 1296 381 1331 possidere
393 1295 639 1330 deprehendantur,
652 1304 703 1323 non
716 1296 771 1330 pari
784 1301 846 1322 tunc
855 1296 934 1322 modo

138 1341 223 1369 allecti
245 1347 318 1368 suttt.
342 1342 462 1369 Primum
479 1342 558 1377 igitur
577 1342 628 1369 hoc
643 1349 785 1369 commune
799 1342 912 1368 ostendit
925 1362 932 1374 ,

139 1388 263 1423 quoniam
288 1388 339 1422 ipsi
363 1388 492 1423 putabant
512 1389 537 1416 id
560 1389 610 1416 sibi
632 1393 734 1416 tantum
755 1395 908 1422 competere
926 1397 932 1415 :

139 1434 234 1461 deinde
248 1439 392 1469 postquam
409 1434 473 1461 illud
488 1442 631 1462 commune
647 1435 720 1467 fecit,
737 1442 789 1461 non
804 1442 833 1461 se
847 1435 933 1460 solmn

141 1480 296 1514 participem
310 1480 376 1507 dicit
391 1489 397 1507 :
413 1481 452 1507 sic
466 1481 536 1507 enim
552 1480 610 1507 illos
623 1481 708 1515 magis
727 1481 875 1507 extulisset.
900 1480 935 1508 Ut

140 1526 160 1552 si
174 1533 241 1552 unus
263 1529 368 1552 tantum
383 1525 487 1552 habeat.
499 1526 639 1552 seextollit
655 1534 661 1552 :
680 1526 715 1552 ita
733 1526 755 1552 si
776 1533 856 1552 unuut
878 1530 935 1551 tan-

142 1575 195 1599 tum
207 1571 250 1598 vel
262 1571 377 1598 alterunt
394 1579 427 1599 ex
442 1571 581 1606 prsccipuis
594 1576 744 1598 consortem
759 1572 863 1603 haheat,
881 1579 934 1598 non

142 1617 252 1645 minoris
263 1625 321 1644 rem
338 1617 410 1644 facit.
425 1617 486 1644 Ideo
499 1625 550 1644 non
567 1625 596 1644 se
609 1618 695 1644 solum
712 1618 799 1652 ponit,
815 1617 861 1645 sed
875 1626 934 1645 ont-

143 1672 207 1691 nes:
222 1672 277 1691 non
291 1666 364 1691 enint
377 1664 455 1695 dixit,
471 1664 525 1698 Ego
538 1665 676 1691 scientiam
693 1665 791 1696 habeo;
807 1665 863 1696 Sed,
878 1665 936 1692 Sri-

145 1719 198 1737 mus
211 1711 280 1746 quod
288 1719 375 1738 omnes
390 1710 521 1737 scientiam
537 1710 665 1736 habemus.
683 1710 738 1737 lloe
755 1711 833 1744 igitur
849 1712 935 1744 priore

144 1756 213 1782 dicto
230 1763 325 1783 eorttut
348 1754 445 1782 fastum
466 1755 575 1789 dejecit;
598 1756 717 1782 secundo
741 1761 829 1782 autem
853 1756 935 1783 vehe-

145 1802 267 1828 nteutius.
282 1801 423 1835 Quodnam
437 1801 500 1827 illud
511 1802 571 1827 est?
586 1801 661 1834 Quod
676 1802 798 1828 ostendat
815 1810 869 1828 rem
883 1810 935 1828 non

145 1847 306 1882 perfectam.
325 1847 378 1873 imo
391 1847 532 1873 admodum
553 1847 736 1880 imperfectam
751 1855 810 1874 esse
824 1857 829 1878 ;
849 1856 936 1882 neque

144 1894 223 1920 tttodu
239 1893 421 1927 imperfectam
434 1914 441 1925 ,
456 1894 502 1919 sed
518 1898 545 1919 et
560 1895 675 1925 noxiam,
692 1894 741 1919 nisi
758 1894 790 1919 sit
804 1893 873 1920 aliud
886 1894 934 1920 ad~

142 1939 277 1974 junctum.
292 1939 355 1966 Cum
369 1939 482 1966 dixisset
500 1940 587 1971 ettittt,
606 1939 745 1966 Scientiam
761 1948 845 1966 omnes
862 1940 938 1967 liabe-

145 1994 212 2018 mus,
229 1985 366 2019 sultjunxit
380 1993 387 2014 :
410 1985 522 2012 Srientia
536 1986 626 2019 inﬂat,
643 1986 735 2012 caritas
750 1991 833 2012 autent
853 1987 935 2020 redi/i-

145 2036 193 2058 cat.
209 2031 301 2065 Itaque
321 2039 382 2058 cum
402 2037 445 2059 est
469 2032 527 2059 sine
551 2033 679 2062 caritate,
703 2032 735 2058 ad
757 2033 936 2067 arrogantiam

145 2077 259 2105 extollit.
276 2079 309 2104 At
325 2085 411 2112 neque
434 2078 548 2111 caritas,
565 2078 685 2113 inquies,
703 2079 803 2113 absque
826 2079 936 2106 scientia

146 2123 243 2158 aliquid
256 2124 322 2151 lucri
333 2123 424 2151 habet.
437 2124 534 2151 Verum
548 2132 600 2150 non
615 2123 665 2151 hoc
676 2124 752 2156 dixit,
767 2125 813 2152 sed
828 2125 897 2159 quod
910 2125 936 2151 in

146 2170 268 2197 confesso
279 2175 318 2198 cst
331 2171 495 2204 relinquens,
510 2171 625 2197 ostendit
637 2171 686 2198 ltoc
699 2172 744 2198 illo
756 2171 832 2198 valde
847 2180 935 2206 egere.

147 2215 210 2243 Nam
223 2214 267 2251 qui
282 2216 386 2251 diligit,
403 2221 493 2251 utpote
512 2217 556 2251 qui
581 2222 741 2251 prmeeptum
758 2218 866 2251 impleat
880 2226 937 2244 ont-

148 2262 217 2288 ttiunt
235 2262 504 2296 praestantissimum,
526 2263 630 2289 etiantsi
653 2263 715 2298 quiti
739 2263 787 2298 ipsi
811 2264 935 2295 deficiat,

148 2307 198 2334 cito
212 2315 261 2342 per
282 2308 422 2335 caritatem
439 2309 549 2335 scientia
573 2309 686 2341 fruetur,
709 2313 737 2336 ut
758 2310 896 2336 Cornelius
912 2315 938 2336 et

149 2353 190 2380 alii
205 2353 281 2380 multi
296 2362 302 2379 ε
318 2354 362 2388 qui
379 2358 469 2381 autem
487 2355 626 2382 scientiam
647 2355 754 2389 quidem
779 2355 873 2387 habet,
891 2355 937 2382 sed

149 2407 199 2426 non
213 2399 353 2426 caritatem
365 2421 372 2432 ,
390 2408 443 2427 nott
458 2401 538 2428 modo
553 2400 619 2428 nihil
633 2406 752 2428 assumet
762 2422 768 2432 ,
785 2402 830 2428 sed
848 2402 881 2428 al)
895 2402 938 2428 illa

149 2452 225 2478 quam
237 2444 318 2472 habet
328 2445 445 2478 excidet,
459 2453 530 2481 smpe
541 2447 566 2473 in
581 2448 759 2482 arrogantiam
775 2447 875 2474 labens.
889 2447 940 2473 lla-

148 2498 198 2525 qne
212 2491 325 2519 scicntia
348 2492 487 2519 caritatem
504 2500 556 2519 non
579 2494 661 2527 parit,
678 2494 731 2520 imo
746 2498 839 2520 contra
861 2493 894 2520 ab
909 2501 938 2519 ea

149 2537 280 2565 abscindit
293 2546 355 2565 eum
371 2539 416 2574 qui
433 2546 485 2565 non
501 2539 629 2572 attendit,
645 2540 708 2566 dum
729 2540 804 2566 illum
821 2539 894 2566 inflat
915 2544 941 2566 et

148 2584 260 2610 extollit.
286 2583 393 2611 Etenim
417 2585 568 2620 arrogantia
591 2585 711 2613 dividere
735 2586 819 2617 solet;
843 2586 941 2613 caritas

149 2637 212 2656 Vero
224 2630 363 2665 conjungit
375 2635 403 2658 et
415 2631 449 2658 ad
462 2631 601 2659 scientiam
615 2632 732 2659 adducit.
747 2632 823 2665 Quod
838 2633 940 2667 signiﬁ-

149 2682 211 2703 cans
225 2676 270 2704 ille
283 2676 391 2705 dicebat
402 2686 409 2704 :
425 2677 456 2705 Si
468 2679 525 2713 quia
536 2684 619 2706 autent
632 2679 714 2714 diligit
730 2678 811 2705 Deum
821 2700 827 2710 ,
843 2679 883 2705 hic
898 2687 942 2705 co-

149 2721 232 2755 gnitus
246 2727 284 2750 est
301 2723 332 2749 ab
346 2723 403 2758 ipso
418 2724 457 2759 ti.
472 2724 530 2751 Cor.
547 2724 572 2751 8.
585 2725 624 2760 ὅ).
641 2724 731 2759 Itaque
747 2732 798 2751 tton
816 2724 940 2759 impedio,

151 2766 251 2802 inquit,
271 2770 418 2804 quominus
432 2771 548 2805 perfecta
563 2771 672 2798 scicntia
689 2771 834 2804 habeatur;
855 2771 900 2798 sed
917 2776 944 2798 ut

151 2819 209 2840 cum
229 2815 344 2843 caritate
367 2816 512 2848 habeatur,
533 2816 583 2843 hoc
607 2817 734 2852 prmeipio
750 2825 756 2843 :
774 2817 890 2852 alioquin
905 2817 944 2843 lu-

151 2865 223 2885 crum
237 2863 351 2895 nullum,
363 2861 410 2889 sed
423 2861 624 2889 detrimentum.

668 131 702 159 IN
721 130 828 159 EPIST.
849 130 870 159 1.
891 131 937 158 ΑΙ)
955 130 1033 158 COR.
1055 130 1170 159 IIOMIL.
1191 131 1251 159 XX.

1731 135 1785 164 162

1023 187 1041 214 2
1073 187 1166 215 Videu'
1179 187 1314 222 quomodo
1323 188 1377 223 jam
1392 190 1461 217 viam
1478 195 1554 225 parat
1567 191 1600 219 ad
1615 199 1779 227 sermonem,

987 239 1067 266 quem
1080 232 1115 260 de
1136 233 1248 261 caritate
1263 238 1306 261 est
1319 233 1459 263 habiturus
1468 237 1481 261 Ἰ
1493 236 1559 264 Nam
1573 238 1635 273 quia
1652 238 1709 267 haec
1719 247 1779 268 om-

988 277 1031 304 nia
1047 278 1117 305 mala
1132 278 1196 306 hinc
1214 280 1393 313 accidebant,
1417 289 1470 309 non
1494 287 1584 310 autem
1608 291 1641 312 cx
1663 285 1780 319 perfecta

987 323 1111 357 scientia,
1126 324 1174 352 sed
1188 326 1259 360 quod
1276 334 1328 353 non
1341 326 1485 355 admodum
1501 327 1654 364 diligerent,
1672 339 1721 358 nee
1737 340 1778 359 re~

988 369 1036 397 bus
1051 371 1164 405 proximi
1182 378 1333 406 parcerent;
1351 374 1421 401 unde
1437 376 1609 409 contingebat
1623 377 1683 403 illos
1698 377 1781 404 dissi-

987 416 1051 443 dere
1063 439 1069 448 ,
1082 417 1169 444 efferri
1182 438 1189 449 ,
1211 423 1360 453 eattcraquc
1384 423 1470 447 omnia
1487 423 1595 449 rvcnire
1607 444 1614 455 ,
1637 423 1671 450 de
1684 424 1781 458 quiltus

988 462 1031 489 ille
1045 467 1071 489 et
1085 468 1146 490 attte
1160 468 1186 490 et
1201 470 1260 498 post
1281 464 1338 491 lucc
1353 466 1507 501 redarguit:
1522 468 1674 502 frequenter
1689 469 1722 495 de
1737 477 1782 495 cae

988 509 1065 535 ritate
1089 514 1198 541 tractat,
1225 510 1324 537 fontem
1345 513 1464 538 outniunt
1488 513 1617 540 honorum
1644 515 1779 549 put-ierim

987 553 1112 581 reddens.
1128 555 1195 588 Quid
1209 564 1272 590 ergo
1287 557 1368 583 inflati
1384 558 1448 583 estis
1459 579 1465 591 ,
1483 558 1584 592 inquit,
1601 559 1633 586 de
1647 561 1780 588 scicntia?

986 598 1013 625 Si
1025 600 1094 625 ettittt
1110 601 1248 627 caritatem
1263 610 1314 628 non
1340 602 1499 636 habueritis,
1516 604 1578 631 ltittc
1591 605 1716 632 damnum
1731 614 1776 634 ac-

987 645 1110 678 cipietis:
1126 646 1188 680 qttid
1212 648 1283 673 enim
1305 649 1456 682 arrogantia
1481 650 1577 683 pejus?
1595 651 1616 677 si
1634 659 1698 678 vero
1713 652 1778 679 iilud

986 691 1073 722 adsit,
1093 692 1172 719 etiam
1189 693 1239 720 ltoc
1255 694 1281 720 in
1306 699 1362 720 tttto
1374 695 1435 721 erit.
1453 695 1565 723 Etiamsi
1589 697 1659 723 cnint
1678 698 1777 732 aliquid

987 738 1101 772 amplius
1115 741 1185 766 scias
1197 760 1204 771 ,
1221 748 1299 774 quam
1315 742 1468 775 proximus;
1485 743 1507 769 si
1528 750 1601 770 antes
1616 744 1688 770 illunt
1701 766 1707 776 ,
1725 753 1777 771 ttott

986 784 1134 817 extollet-is,
1150 785 1196 812 sed
1213 786 1298 820 ipsum
1311 794 1418 821 quoque
1431 788 1463 814 ad
1477 787 1527 815 ltoc
1538 788 1665 816 deduces.
1679 790 1778 822 Quam-

987 830 1077 856 oltrent
1094 839 1152 857 cum
1170 832 1299 863 dixisset,
1317 834 1431 860 Scienlia
1452 835 1534 869 inﬂat,
1552 836 1663 868 addidit,
1679 836 1779 864 Caritas

986 882 1069 903 anteiit
1085 878 1204 912 mli/icui.
1220 879 1277 907 Non
1291 880 1377 912 dixit,
1393 881 1510 908 Modesto
1523 890 1552 909 se
1563 884 1652 917 gerit,
1664 884 1711 911 sed
1726 885 1777 911 ali-

986 922 1047 956 quid
1066 923 1144 958 longe
1158 925 1242 958 majus
1257 930 1282 952 cl
1299 926 1406 952 utilius:
1423 928 1534 954 scientia
1548 929 1619 955 enim
1631 938 1682 956 llOll
1699 931 1778 958 modo

987 968 1104 1002 inﬂxbat,
1121 970 1166 996 sed
1181 971 1261 997 etiant
1276 971 1451 1006 disjungehat.
1469 974 1583 1009 Ideoque
1607 976 1656 1002 hoc
1672 976 1706 1003 illi
1731 984 1779 1011 op-

987 1017 1085 1050 pusuit.
1101 1017 1201 1045 liciude
1214 1020 1320 1045 lcrtiltttt
1337 1027 1443 1054 qtt0que
1460 1022 1543 1055 ponit,
1556 1022 1626 1056 quod
1643 1023 1701 1049 illos
1715 1031 1777 1058 pos-

986 1062 1019 1088 sit
1033 1062 1159 1096 dejicere.
1175 1063 1314 1096 Quodnam
1332 1065 1396 1092 illud
1421 1066 1480 1092 est?
1500 1066 1574 1099 Quod
1592 1068 1696 1094 etiamsi
1711 1076 1777 1096 con-

984 1107 1073 1142 juncta
1086 1109 1119 1135 sit
1130 1111 1238 1143 caritas,
1254 1118 1286 1137 nc
1297 1112 1336 1138 sic
1346 1111 1454 1146 quidem
1471 1112 1588 1146 perfecta
1603 1114 1774 1142 sitscientia:

987 1154 1098 1189 ideoque
1112 1155 1250 1189 subjunin
1264 1166 1269 1183 :
1286 1156 1313 1183 2.
1330 1157 1360 1184 Si
1370 1158 1426 1192 quis
1440 1163 1522 1184 autem
1537 1159 1662 1186 existimat
1677 1170 1702 1187 se
1717 1162 1779 1188 scire

986 1199 1098 1233 aliquid,
1111 1200 1223 1227 nondum
1235 1203 1498 1236 cognovit—quomodo
1510 1208 1623 1238 oporteat
1637 1214 1693 1232 eum
1705 1207 1778 1234 scire.

987 1245 1050 1272 llaec
1064 1246 1181 1272 maxima
1198 1247 1274 1282 plaga
1291 1247 1428 1282 inﬂigitur.
1443 1249 1499 1276 Non
1515 1250 1574 1277 dico
1586 1252 1667 1283 enim,
1685 1252 1778 1287 inquit,

987 1291 1125 1318 scietttiant
1147 1299 1317 1319 communem
1341 1301 1400 1321 esse
1423 1296 1565 1322 omnibus:
1580 1304 1633 1324 tton
1654 1297 1714 1324 dico
1735 1303 1779 1331 te,

987 1337 1031 1370 qui
1047 1337 1109 1364 odio
1126 1337 1208 1365 habes
1231 1340 1381 1373 proxiutuut
1404 1344 1430 1367 ct
1452 1349 1580 1376 arrogans
1602 1350 1648 1375 es,
1666 1343 1710 1370 tibi
1728 1344 1778 1379 ipsi

987 1384 1102 1410 maxime
1116 1392 1222 1411 nocere.
1238 1385 1347 1412 Etiamsi
1361 1387 1431 1413 enim
1448 1388 1520 1414 solus
1536 1388 1658 1421 haberes,
1673 1390 1778 1417 etiamsi

988 1430 1106 1457 modeste
1121 1439 1214 1464 ageres
1227 1453 1234 1464 ,
1249 1432 1354 1460 etiamsi
1377 1433 1485 1461 fratrcut
1500 1435 1628 1470 diligeres
1640 1457 1647 1469 ,
1663 1437 1701 1464 sic
1714 1445 1779 1472 quo-

987 1483 1039 1509 que
1054 1476 1224 1510 imperfectus
1240 1485 1314 1504 esses
1325 1479 1472 1506 secundum
1487 1482 1626 1508 scientiam
1640 1490 1646 1508 :
1661 1483 1778 1510 nondum

988 1521 1058 1547 enim
1073 1522 1126 1548 scis
1139 1522 1285 1556 quidpiam,
1301 1528 1329 1550 ut
1343 1525 1412 1551 seire
1428 1531 1541 1559 oportet.
1557 1526 1624 1560 Quid
1637 1528 1658 1554 si
1680 1528 1779 1554 nullant

988 1566 1074 1592 adhuc
1085 1572 1235 1594 accuratam
1247 1569 1386 1596 scientiam
1399 1569 1561 1603 habeamus;
1576 1572 1710 1606 quomodo
1722 1573 1779 1607 qui-

988 1611 1048 1638 dam
1064 1612 1089 1637 in
1104 1616 1203 1639 tantaut
1219 1613 1347 1640 insaniam
1364 1621 1563 1650 processerunt,
1578 1621 1605 1643 ut
1620 1617 1739 1646 dicerent
1750 1626 1779 1645 su

989 1658 1070 1684 Deum
1080 1666 1140 1685 cum
1154 1660 1226 1687 omni
1239 1662 1409 1688 accuratione
1420 1664 1670 1696 cognosceretnam
1685 1668 1780 1692 etiam-

988 1706 1010 1732 si
1038 1707 1156 1732 ontnium
1188 1707 1298 1734 aliarum
1328 1716 1418 1735 rerum
1456 1715 1608 1737 accuratant
1641 1712 1779 1738 scientiam

990 1752 1165 1786 haberemus,
1184 1761 1269 1787 neque
1296 1754 1335 1780 sic
1350 1754 1406 1781 fieri
1427 1760 1530 1789 posset,
1556 1761 1582 1782 ut
1609 1756 1677 1783 itane
1702 1758 1781 1784 etiam

989 1797 1158 1825 haberemus.
1177 1798 1308 1831 Quantum
1321 1800 1390 1826 enim
1405 1800 1439 1826 sit
1451 1801 1563 1835 spatium
1579 1802 1647 1828 inter
1662 1802 1743 1829 Deum
1755 1807 1782 1829 et

989 1843 1039 1870 alia
1054 1844 1141 1870 omnia
1154 1865 1161 1877 ,
1177 1852 1209 1872 ne
1224 1844 1276 1872 dici
1289 1845 1395 1880 quidem
1412 1852 1507 1880 potest.
1525 1847 1557 1873 Et
1573 1847 1632 1874 vide
1646 1849 1780 1883 quomodo

990 1891 1095 1917 illorunt
1113 1891 1209 1918 fastum
1230 1892 1348 1926 dejiciat.
1371 1892 1427 1919 Non
1444 1894 1514 1920 cnint
1531 1894 1619 1927 dixit,
1644 1895 1680 1921 De
1701 1895 1780 1922 rebus

989 1938 1133 1973 propositis
1146 1943 1337 1973 congruentem
1361 1940 1499 1966 scientiam
1521 1949 1573 1967 non
1592 1941 1711 1973 habetis,
1734 1942 1781 1969 sed

986 1985 1023 2012 De
1037 1991 1065 2011 re
1079 1984 1209 2018 qualibet.
1223 1984 1316 2019 Neque
1327 1985 1413 2018 dixit,
1431 1985 1485 2012 Vos
1508 1991 1608 2012 tantum
1620 2008 1627 2019 ,
1643 1987 1689 2014 sed
1701 1986 1782 2020 .Qni-

990 2037 1104 2064 cumque
1118 2031 1152 2056 sit
1164 2039 1170 2056 :
1184 2031 1289 2057 etiamsi
1315 2031 1408 2058 Petrus
1425 2031 1523 2064 fuerit,
1540 2033 1644 2060 etiamsi
1667 2034 1763 2060 Paulus
1774 2055 1781 2066 ,

990 2077 1093 2103 etiamsi
1108 2077 1193 2111 quivis
1210 2077 1286 2104 :tlius.
1306 2077 1361 2104 lloc
1374 2079 1444 2104 enint
1459 2078 1530 2104 dicto
1549 2079 1605 2105 illos
1621 2085 1744 2107 accurate
1756 2085 1783 2107 et

990 2123 1142 2149 consolatus
1158 2128 1199 2149 est
1221 2127 1247 2149 et
1271 2123 1409 2157 repressit.
1435 2124 1460 2150 5.
1480 2123 1510 2150 Si
1524 2124 1579 2158 quis
1593 2129 1676 2150 autem
1700 2125 1783 2160 diligit

991 2168 1084 2202 Deum,
1102 2169 1142 2195 hic
1156 2170 1270 2204 cognitus
1284 2175 1319 2196 est
1331 2170 1361 2196 ab
1385 2178 1423 2197 co.
1441 2170 1498 2197 Non
1512 2171 1578 2197 dixit
1589 2191 1595 2202 ,
1611 2170 1689 2197 Novit
1703 2180 1763 2198 cum
1774 2191 1783 2206 ,

991 2215 1049 2247 sed,
1065 2216 1185 2250 Coguitus
1206 2220 1240 2242 est
1256 2217 1286 2242 ab
1302 2224 1339 2242 eo.
1365 2216 1422 2242 Non
1447 2217 1517 2242 enim
1534 2224 1581 2243 nos
1605 2217 1691 2251 ipsum
1708 2220 1783 2244 novi-

992 2269 1061 2293 mus,
1078 2262 1124 2289 sed
1140 2263 1196 2296 ipse
1211 2269 1259 2289 nos
1274 2262 1348 2288 novit
1366 2262 1414 2297 (α).
1433 2261 1494 2288 ldeo
1518 2262 1624 2289 dicebat
1639 2263 1762 2290 Christus
1777 2273 1781 2289 :

993 2308 1052 2335 Non
1068 2317 1110 2334 vos
1126 2317 1163 2335 me
1178 2308 1298 2343 elegistis,
1314 2308 1358 2335 sed
1371 2317 1416 2343 ego
1431 2309 1493 2343 elegi
1507 2316 1549 2335 vos
1562 2308 1651 2343 (Joan.
1666 2310 1708 2337 15.
1727 2309 1783 2346 16);

992 2360 1017 2382 et
1032 2355 1131 2381 Paulus
1147 2354 1208 2381 alibi
1226 2364 1232 2381 :
1248 2353 1319 2381 Tunc
1334 2360 1418 2380 autent
1437 2363 1586 2389 cognoscant
1608 2356 1672 2381 sicut
1694 2361 1717 2382 el
1739 2365 1785 2382 co-

993 2401 1077 2435 gnitus
1099 2409 1155 2426 sum
1179 2400 1225 2434 (Ι.
1242 2400 1301 2427 Cor.
1319 2401 1361 2427 l5.
1385 2400 1447 2436 1‘2).
1466 2401 1605 2435 Perpende
1628 2402 1706 2436 igitur
1722 2407 1784 2438 quot

993 2446 1071 2474 dictis
1087 2446 1191 2473 illorunt
1210 2446 1305 2473 fastum
1322 2447 1463 2481 deprimat.
1488 2447 1579 2475 Primo
1593 2449 1711 2476 ostendit
1727 2449 1785 2477 illos

994 2500 1046 2519 non
1061 2492 1134 2519 solos
1148 2492 1217 2519 scire
1234 2500 1265 2519 ca
1278 2500 1337 2526 qua:
1349 2493 1452 2525 sciunt;
1471 2492 1565 2520 Omnes
1580 2495 1650 2521 enim
1662 2514 1669 2526 ,
1685 2494 1786 2529 inquit,

994 2538 1123 2564 scientiam
1147 2537 1285 2564 habemus:
1306 2537 1401 2564 deinde
1424 2546 1480 2565 rem
1497 2546 1557 2565 esse
1574 2539 1683 2566 noxiam
1695 2561 1702 2573 ,
1717 2540 1739 2567 si
1754 2541 1788 2568 sit

996 2586 1053 2611 sine
1067 2585 1198 2616 caritate;
1222 2592 1283 2611 nam
1309 2583 1422 2611 Scientia
1443 2585 1517 2620 inﬂat
1530 2606 1537 2617 ,
1554 2586 1639 2620 inquit
1655 2596 1661 2613 :
1678 2592 1768 2621 postea
1779 2608 1789 2620 ,

996 2630 1066 2665 quod
1081 2630 1186 2657 etiamsi
1208 2630 1241 2656 sit
1256 2638 1315 2657 cum
1338 2630 1448 2657 caritate
1458 2652 1465 2663 ,
1482 2630 1507 2658 id
1523 2639 1575 2658 non
1590 2632 1741 2660 absolutum
1756 2634 1791 2660 sit

997 2683 1083 2711 neque
1098 2675 1244 2710 perfectum
1260 2684 1267 2703 :
1281 2675 1311 2703 Si
1324 2675 1395 2703 enim
1409 2676 1464 2710 quis
1479 2681 1550 2710 putat
1565 2685 1591 2704 se
1604 2678 1668 2704 scire
1682 2678 1789 2711 aliquid,

998 2722 1109 2748 nondum
1125 2722 1171 2748 scit
1213 2722 1426 2757 quemadmodum
1454 2728 1553 2757 oportet
1575 2719 1655 2751 scire.
1670 2724 1710 2751 Ad
1735 2724 1791 2751 haec

998 2776 1062 2796 vero
1075 2789 1082 2801 ,
1098 2768 1168 2802 quod
1184 2776 1235 2795 non
1251 2768 1302 2795 ltoc
1316 2776 1349 2796 ex
1365 2776 1395 2796 se
1409 2769 1529 2796 habeant
1540 2790 1546 2801 ,
1564 2770 1610 2796 sed
1625 2770 1678 2796 Deo
1694 2769 1790 2802 dante;

1031 2837 1067 2868 (α)
1082 2837 1108 2861 I.t
1121 2837 1284 2869 sequentibus
1297 2838 1396 2868 [legium
1406 2837 1517 2863 Codieem
1530 2838 1664 2869 scquintur.
1678 2837 1704 2861 In
1717 2837 1793 2861 liditis

1000 2869 1110 2899 quzedam
1121 2869 1259 2892 necessaria
1271 2868 1383 2893 deerant.
