2046 3114
259 146 311 176 163

256 212 261 230 |
276 210 311 229 ou
325 201 394 231 enim
404 200 487 234 dixit,
501 201 579 229 Novit
594 201 687 233 Deum,
701 200 758 232 sed,
771 200 891 234 Cognita:
904 205 940 225 est
954 200 984 226 ob
995 207 1023 226 eo
1037 207 1045 226 :

258 248 354 276 deinde
366 267 374 280 ,
388 248 458 282 quod
473 248 523 274 hoc
534 255 548 273 a
562 246 672 273 caritate
697 245 742 272 (int
755 266 761 277 ,
776 253 855 280 quam
871 252 924 271 non
948 244 1047 271 habent

258 300 287 321 ut
302 298 449 328 oporteret.
465 292 529 319 Nam
544 293 574 319 Si
586 292 642 326 qui:
655 311 662 320 .
679 291 713 317 ait
724 312 732 322 ,
748 290 830 326 diligit
844 289 940 323 Deum,
953 289 992 316 hic
1005 298 1046 316 co-

256 340 342 375 gnitus
356 344 391 365 est
405 339 435 365 ab
449 346 488 365 eo.
511 337 578 364 Cum
604 344 649 370 per
670 335 727 362 lucc
743 336 862 363 leniisset
878 336 984 362 illorum
1002 339 1046 361 tu-

258 392 372 417 morem,
384 383 475 417 incipit
487 383 633 409 dot-trinam
645 381 784 408 instituere
799 381 840 408 his
851 381 938 408 verbis
952 389 958 406 :
972 381 998 407 4.
1010 379 1049 406 De

257 438 312 457 esca
323 430 401 464 igitur
410 436 467 464 qua!
477 428 526 454 diis
537 427 686 453 immolatur
695 447 702 458 ,
718 427 812 453 scimus
824 426 891 461 quod
904 426 1004 452 nullum
1016 425 1048 452 sit

257 476 354 502 idolum
368 477 395 502 in
410 475 504 501 mutulo
515 495 521 506 ,
536 479 558 500 et
571 474 637 508 quod
649 473 737 499 nullus
751 472 818 500 Deus
830 473 897 499 alius
912 472 961 498 nisi
972 480 1047 498 unus.

260 520 326 547 Vide
351 521 375 546 iu
398 524 523 554 quantam
553 519 702 553 angustiam
728 518 862 545 inciderit.
888 517 950 544 Vult
976 517 1048 544 enim

260 572 401 601 utrumque
412 565 536 600 probare,
546 565 616 599 quod
630 574 643 590 ει
657 565 701 591 tali
717 571 807 591 mensa
819 564 954 591 abstinere
968 571 1049 597 (φοι-ε

261 617 326 641 teat,
343 616 370 638 et
383 611 453 646 quod
473 611 525 637 vim
547 619 599 637 non
621 610 716 637 haheat
738 609 772 636 ad
787 609 921 636 tradendos
942 616 989 635 eos
1003 608 1049 643 qui

259 662 321 683 sunt
335 657 393 691 ejus
407 657 568 692 participes:
583 664 642 690 qu:e
656 655 762 690 quidem
777 663 829 681 non
849 655 993 682 admodum
1009 655 1034 680 in

259 707 298 729 ter
312 710 341 730 se
355 703 559 729 conveniebant.
576 702 640 729 Nam
653 709 712 728 cum
727 700 883 728 didicissent
898 709 930 728 ea
945 709 997 727 non
1012 699 1052 727 af-

259 749 328 775 ferre
353 748 501 781 damnum,
529 756 559 775 ea
587 753 720 782 tamquam
749 747 926 774 iudiﬂ'erenlia
953 747 1050 774 adituri

259 798 337 821 crant
358 802 364 819 :
386 802 446 820 cum
468 802 532 821 vero
555 793 747 828 impedirentur
768 801 801 819 ne
824 793 866 819 illa
891 797 1050 826 tangerent,

259 847 352 867 rursus
369 839 588 874 suspicabantur,
610 839 679 873 quod
707 839 832 872 prohibiti
860 843 951 865 essent
974 838 1049 873 quasi

261 885 305 911 illa
322 886 375 912 vim
398 885 528 911 haberent
542 885 668 912 lzL-dcndi.
686 885 747 912 Ideo
772 892 831 912 cum
848 885 978 912 idolorum
992 885 1051 917 opi-

260 931 366 957 nionem
381 930 544 962 sustulisset,
558 931 709 957 abstineudi
723 930 834 965 primam
851 938 957 957 causam
974 930 1051 956 all'ert

260 976 370 1003 fratrum
386 975 561 1008 oﬂ‘endicula,
576 976 615 1003 sic
635 976 747 1003 dicens:
762 976 799 1002 De
813 984 868 1002 esca
883 976 960 1011 igitur
973 996 980 1007 ,
997 983 1053 1008 qua:

259 1022 308 1047 diis
322 1021 476 1052 immolatur,
489 1022 581 1047 scimus
592 1021 659 1056 quod
674 1021 772 1048 nullmn
785 1022 818 1048 sit
830 1020 927 1047 idolum
941 1021 967 1047 in
978 1029 1052 1047 num-

260 1067 302 1092 do.
320 1067 421 1094 Rursus
436 1067 521 1101 ipsum
536 1075 677 1094 commune
703 1068 782 1100 tacit,
799 1074 849 1094 nec
862 1067 987 1094 concedit
1002 1067 1054 1094 hoc

261 1113 366 1140 illorum
387 1121 446 1140 esse
468 1113 568 1146 S‘Iilltll,
593 1113 639 1140 svd
661 1113 781 1140 extrudit
800 1114 981 1148 cognitionem
1008 1121 1054 1147 per

262 1164 346 1186 totum
360 1160 453 1186 orbem
469 1165 556 1186 terra'.
579 1159 669 1194 Neque
690 1160 760 1186 enim
781 1160 850 1194 apud
865 1168 912 1187 vos
932 1164 1052 1191 tantum,

262 1206 360 1242 inquit,
375 1206 423 1234 scd
438 1207 534 1241 ubique
550 1210 680 1233 terrarum
697 1206 747 1234 huc
759 1206 856 1241 dogma
873 1207 925 1233 vim
940 1207 1051 1234 obtinet.

263 1252 402 1286 Quodnam
419 1252 504 1279 illud?
528 1251 603 1284 Quod
626 1252 723 1278 nullum
737 1253 769 1279 sit
792 1252 886 1279 idolum
903 1253 928 1278 in
943 1252 1053 1285 mundo,

263 1298 367 1332 etquod
386 1306 437 1324 non
450 1297 482 1324 sit
504 1296 573 1324 Deus
589 1297 654 1324 aliut
677 1298 724 1323 nisi
745 1305 819 1324 unut.
843 1297 900 1324 Non
917 1301 1054 1334 sinitergo

265 1343 334 1370 idola
342 1344 354 1368 ἲ
365 1351 417 1371 non
428 1347 490 1370 sunt
503 1343 689 1371 statuae'lSnnt
700 1343 817 1378 quidem,
831 1344 877 1370 sed
893 1343 990 1370 nullam
1003 1344 1054 1370 vim

268 1389 378 1420 habent;
394 1397 480 1424 neque
493 1389 529 1416 dii
545 1393 617 1422 sunt,
632 1389 679 1416 sed
695 1389 797 1423 lapides
811 1393 837 1415 et
852 1389 998 1416 daemones.
1014 1389 1053 1416 Ad

264 1440 391 1470 utrosque
400 1436 472 1463 enim
486 1443 555 1463 nunc
568 1436 716 1463 orationem
732 1435 817 1470 dirigit
833 1456 841 1469 ,
853 1440 877 1463 et
892 1436 924 1462 ad
939 1436 1054 1462 crassio-

265 1489 307 1508 res
320 1486 346 1507 ct
361 1481 392 1507 ad
406 1489 453 1508 eos
475 1482 520 1516 qui
540 1481 724 1516 philosophari
739 1482 871 1508 videntur.
895 1482 962 1514 Quia
982 1481 1055 1508 etiim

265 1527 308 1553 alii
326 1526 390 1553 nihil
407 1527 465 1561 plus
488 1527 577 1554 sciunt
599 1535 676 1561 quam
697 1527 813 1561 lapides,
830 1527 874 1553 alii
888 1534 951 1554 vero
964 1527 1055 1553 dicunt

267 1574 377 1599 virtute~
387 1571 513 1606 quasdam
526 1573 551 1599 in
566 1572 757 1604 illisi-aliitare,
768 1580 832 1607 quas
845 1573 923 1599 etiam
934 1572 1000 1600 deus
1010 1580 1057 1599 vo-

266 1623 342 1646 cant:
355 1618 407 1644 illis
418 1618 524 1652 quidem
536 1617 600 1645 dicit
611 1618 711 1645 nullum
725 1624 784 1645 οειε
799 1618 897 1645 idolum
911 1618 1054 1651 inmundo,

266 1663 325 1689 aiiis
348 1670 412 1690 vero
423 1683 432 1695 ,
448 1671 500 1690 non
515 1671 575 1690 esse
591 1663 675 1690 Deum
699 1664 726 1690 in
748 1664 846 1690 mundo
870 1664 918 1690 nisi
931 1671 1023 1690 unum.

303 1709 328 1735 5.
348 1708 438 1736 Vidcn'
452 1709 586 1744 quomodo
600 1717 652 1736 non
667 1709 762 1736 {rustra
778 1710 873 1744 dogma
887 1711 1056 1737 constituens

268 1754 324 1781 hrc
340 1755 435 1781 scribat
449 1775 457 1787 ,
479 1755 524 1782 sed
540 1755 572 1781 ad
586 1755 762 1782 dili‘erentiam
786 1757 978 1783 externorum?
995 1764 1054 1783 nam

267 1800 328 1826 illud
344 1800 440 1834 ubique
454 1801 648 1827 ohsurvandum
661 1822 668 1832 ,
684 1801 741 1828 sive
761 1802 1052 1837 aiisnlntequiddicat,

266 1846 322 1872 sive
342 1846 402 1872 aliis
416 1846 558 1873 obsistens.
585 1845 677 1880 Neque
699 1847 770 1873 enim
792 1847 843 1874 hoc
863 1855 955 1881 parum
979 1848 1055 1876 nobis

269 1891 376 1917 Cottion
390 1891 422 1918 ad
437 1892 591 1925 dogmatum
613 1893 810 1920 accuratiouem
821 1898 848 1920 et
870 1893 902 1920 ad
924 1893 1054 1921 dictorum

269 1936 480 1970 intelligentiam.
499 1937 525 1964 5.
545 1936 614 1963 Nam
627 1938 674 1964 etsi
686 1942 743 1964 sunt
756 1940 799 1972 qui
814 1940 933 1965 dicuntur
947 1940 992 1971 dii,
1005 1940 1056 1966 sive

268 1982 294 2007 in
304 1981 433 2013 caelo,sive
445 1981 469 2008 in
481 1986 563 2014 terra;
579 1987 606 2008 ut
616 1987 673 2009 sunt
686 1984 721 2009 dii
736 1983 810 2010 multi
820 1988 843 2009 rt
857 1984 953 2010 domini
965 1985 1054 2012 multi:

267 2025 294 2052 6.
312 2025 381 2053 nobis
394 2032 476 2053 tamen
487 2035 552 2054 unus
567 2027 633 2054 Deus
650 2027 743 2061 Pater,
757 2037 788 2055 ex
800 2037 847 2063 qua
860 2030 945 2055 omnia
955 2050 963 2062 ,
977 2035 1000 2056 et
1011 2038 1056 2058 nos

269 2071 295 2097 in
303 2071 368 2105 ipsa;
377 2076 399 2098 et
409 2080 473 2098 unus
486 2071 608 2099 Dominus
616 2073 631 2098 .l
636 2082 691 2100 esus
699 2073 822 2107 Christus,
833 2083 953 2110 perquam
960 2077 1054 2109 omnia,

269 2122 292 2143 et
307 2125 352 2143 nos
374 2126 418 2152 per
430 2118 523 2152 ipsum.
540 2118 605 2152 Quia
621 2118 702 2152 dixit,
719 2120 820 2146 nullum
841 2127 901 2148 esse
917 2121 1015 2149 idolum
1029 2127 1056 2149 et

269 2163 369 2188 nullum
388 2163 469 2190 Deum
487 2163 584 2196 alium;
600 2170 728 2198 erantque
741 2170 829 2192 tamen
846 2166 925 2198 idola,
941 2172 968 2194 et
980 2174 1057 2196 erant

268 2209 311 2243 qui
326 2209 361 2236 dii
379 2209 559 2236 vocabantur:
576 2218 609 2237 ne
629 2210 750 2238 videatur
763 2216 856 2239 contra
871 2220 926 2240 rem
945 2209 1056 2242 Inanil’eo

268 2260 336 2281 stam
359 2263 484 2290 pugnare,
500 2256 635 2291 subjungit
657 2257 701 2294 (si
727 2263 789 2285 sunt
809 2258 842 2285 ita
862 2260 985 2294 appellati
1005 2261 1052 2294 dii,

269 2305 297 2326 ut
322 2308 414 2328 revera
440 2306 513 2332 sunt.
529 2310 581 2328 non
609 2310 670 2330 vere
687 2309 757 2334 sunt.
781 2304 827 2331 Sed
853 2305 889 2332 ita
914 2305 1054 2338 dicuntur;

269 2354 322 2372 non
351 2346 376 2373 iu
402 2354 449 2377 re,
471 2347 517 2374 sed
539 2348 565 2375 in
580 2349 662 2376 verbo
684 2349 733 2375 hoc
758 2350 909 2386 habentes)
926 2360 932 2378 :
948 2351 1007 2379 Sive
1030 2353 1057 2379 in

268 2392 330 2418 ario
341 2412 348 2424 ,
365 2392 416 2418 sive
430 2392 456 2419 in
471 2397 555 2426 terra;
569 2393 595 2420 in
620 2395 685 2421 carlo
708 2395 800 2422 dicens
821 2397 905 2423 solem
919 2402 945 2424 et
967 2398 1055 2425 lunam

269 2442 296 2464 et
315 2438 445 2472 reliqumn
461 2444 592 2466 astrorum
606 2441 735 2473 chorum;
753 2450 812 2468 nam
831 2443 886 2470 haec
900 2444 979 2471 etiam
993 2445 1057 2474 ado-

269 2483 365 2510 rabant
377 2484 507 2519 gentiles;
525 2485 550 2512 in
568 2490 647 2519 terra,
664 2487 810 2520 dwmonas,
825 2493 851 2514 et
862 2497 908 2516 eos
924 2497 954 2516 ex
968 2489 1054 2516 homi-

270 2529 347 2555 nibus
361 2530 404 2563 qui
425 2530 451 2556 in
466 2530 531 2558 deos
545 2532 620 2558 relati
644 2538 716 2559 sunt.
743 2533 795 2560 Sed
809 2533 879 2559 nobis
897 2542 963 2561 unus
986 2534 1056 2562 Deus

271 2573 356 2601 Pater.
375 2575 440 2602 Cum
456 2577 528 2611 prius
548 2578 682 2612 posuisset
701 2579 801 2613 absque
826 2579 868 2605 illa
885 2587 948 2605 vove
962 2580 1054 2613 Pater,

269 2624 296 2646 ct
309 2620 428 2653 dixisset,
444 2621 542 2649 Nullus
558 2628 594 2650 est
607 2624 672 2650 alius
690 2623 756 2650 Deus
767 2625 816 2650 nisi
830 2633 910 2657 unus;
924 2634 994 2654 nunc
1005 2627 1056 2655 hoc

268 2665 358 2697 addit,
375 2671 513 2702 postquam
529 2669 588 2695 illos
603 2669 712 2695 omnino
725 2669 852 2703 cjecerat.
872 2671 970 2698 Deinde
985 2673 1055 2707 quod

269 2719 308 2738 est
321 2713 465 2740 maximum
482 2715 626 2742 divinitatis
638 2715 767 2749 judicium
783 2717 856 2744 addit
869 2727 874 2744 :
891 2718 932 2745 Ea:
943 2727 992 2754 quo
1003 2728 1056 2746 om-

269 2758 320 2784 nia.
339 2759 392 2786 lloc
402 2760 473 2787 enim
485 2761 603 2787 ostendit
619 2761 678 2788 illos
695 2770 747 2789 non
759 2769 818 2790 esse
828 2763 902 2791 deos.
919 2765 957 2791 Dii
971 2766 1054 2799 enim,

269 2802 363 2838 inquit,
379 2807 424 2840 qui
439 2807 533 2833 cadum
549 2812 576 2834 et
591 2812 687 2835 terram
707 2817 758 2835 non
780 2809 899 2837 fecerunt
911 2832 918 2844 ,
933 2819 1053 2846 pereant.

270 2849 381 2883 Deinde,
397 2852 468 2887 quod
485 2860 536 2879 con
552 2853 639 2881 minus
655 2859 706 2888 est,
721 2855 811 2890 adjicit
826 2865 831 2882 :
848 2856 880 2882 Et
892 2865 937 2884 ποι
952 2858 977 2884 in
988 2859 1052 2893 ipso.

628 143 657 172 S.
677 142 813 171 JO;\.\'NIS
836 140 1070 169 CIIRYSUSTUMI
1091 140 1249 169 ARCHIEP.
1270 141 1534 170 CONSTANTINOP.

1840 146 1888 176 ιω

1102 199 1214 233 Quando
1223 200 1293 226 enim
1303 200 1379 232 dixit,
1391 200 1432 228 Ea:
1439 209 1487 236 quo
1501 202 1585 228 omnia
1598 204 1774 235 ,creationem
1789 213 1893 233 mento-

1102 249 1143 271 rat
1153 249 1181 271 et
1190 244 1390 279 productionem
1400 254 1432 273 ex
1442 246 1525 274 nihilo
1536 247 1568 274 ad
1580 249 1748 277 existentiam
1759 259 1765 282 ;
1778 258 1839 278 cum
1849 260 1892 279 an.

1103 296 1154 317 tem
1165 290 1241 322 dicit,
1251 291 1283 317 Et
1294 300 1339 319 nos
1351 292 1377 318 in
1386 293 1451 326 ipso,
1469 293 1527 321 tidei
1538 295 1768 329 etconjunctionis
1781 298 1890 325 verbum

1102 335 1203 370 profert
1215 345 1220 362 :
1233 336 1303 371 quod
1315 343 1392 364 antea
1404 346 1508 373 quoque
1520 339 1644 367 dicebat:
1658 341 1698 368 Ex
1708 342 1763 376 ipso
1774 348 1857 369 autem
1870 348 1893 369 et

1102 389 1145 408 vos
1158 385 1216 409 estis
1232 383 1258 409 in
1266 383 1433 410 CItristoJesu
1444 385 1548 418 (1.6m.
1559 386 1583 412 Ι.
1594 386 1651 422 ⁸50).
1663 388 1763 422 Duplici
1774 389 1844 416 enim
1855 396 1893 415 ra-

1102 427 1174 454 tione
1181 436 1213 454 e:
1226 428 1284 462 ipso
1292 436 1394 462 smnus,
1405 430 1508 464 etquod
1517 438 1577 457 cum
1587 439 1639 459 non
1649 440 1780 466 essemus,
1790 433 1851 461 facti
1861 434 1894 460 si-

1102 480 1170 505 mns,
1183 478 1208 500 et
1219 473 1289 508 quod
1309 474 1400 502 tideles
1416 475 1475 502 lacti
1491 476 1660 504 simus:nam
1678 478 1727 505 hoc
1735 485 1842 514 quoque
1852 484 1894 506 est

1102 520 1205 546 creatio
1214 528 1221 545 :
1231 521 1300 554 quod
1309 521 1389 548 etiam
1399 521 1460 549 alibi
1470 522 1548 549 dicit:
1560 521 1593 550 Ut
1602 523 1666 550 duos
1674 531 1767 551 crearet
1776 528 1802 552 in
1810 526 1894 556 seipse

1103 573 1128 591 tu
1138 574 1213 592 unum
1225 574 1314 593 nomon
1325 567 1450 594 hominem
1459 567 1565 604 (Ep/tes.
1577 569 1604 596 2.
1616 569 1671 606 lli).
1683 569 1716 597 Et
1727 580 1791 599 unus
1801 571 1893 599 Domi-

1102 619 1150 637 nus
1162 611 1238 638 Iesus
1254 612 1378 646 Christus,
1403 622 1447 648 per
1458 622 1530 649 quem
1549 616 1633 642 omnia
1643 621 1666 643 ει
1681 625 1726 644 nos
1743 619 1892 654 peripsum.

1104 658 1136 684 l:.t
1157 659 1238 684 etiam
1253 658 1287 685 de
1302 658 1409 686 Christo
1429 660 1552 688 sinnl.ter
1576 661 1626 689 hoc
1646 664 1823 698 cogitandum.
1841 666 1894 694 Per

1104 704 1189 739 ipsum
1203 706 1275 731 enim
1288 713 1320 732 ex
1335 705 1419 733 nihilo
1435 708 1589 741 productum
1605 714 1646 735 est
1661 717 1744 744 genus
1756 710 1894 739 hominum

1103 751 1136 777 ad
1156 751 1325 778 existentiam
1336 772 1343 784 ,
1358 758 1385 780 et
1398 761 1429 780 ex
1446 761 1539 781 errore
1556 755 1587 781 ad
1605 756 1741 783 veritatem
1766 758 1894 785 reductus

1104 801 1153 824 est.
1170 797 1263 832 Itaque
1278 798 1359 830 illud.
1376 799 1416 826 Ea:
1430 808 1489 834 quo.
1505 808 1558 827 non
1573 806 1630 833 est,
1644 802 1703 830 sine
1723 803 1801 830 (Jhris
1814 812 1830 831 ο
1843 815 1849 832 :
1861 814 1894 832 ex

1105 843 1162 877 ipso
1175 844 1246 870 enim
1264 851 1311 878 per
1325 844 1460 872 Christum
1485 847 1567 873 creati
1591 855 1695 875 sumus.
1717 849 1807 884 Neque
1830 859 1896 884 rrgu

1105 888 1214 915 nomina
1230 894 1365 924 tamquam
1379 895 1451 918 sorte
1473 891 1614 920 d.stributa
1634 894 1740 928 divisit,
1757 895 1825 922 Filio
1837 898 1896 931 qui-

1104 933 1165 961 dem
1183 935 1320 968 Dominus,
1336 935 1406 963 Patri
1422 944 1486 964 vero
1501 937 1586 970 Deus,
1602 940 1760 968 attribuens.
1781 941 1847 968 Nam
1863 951 1894 969 ea

1105 987 1212 1014 quoque
1227 981 1296 1008 solet
1311 989 1382 1016 εωνο
1398 987 1502 1010 mutare
1516 983 1652 1018 Scriptura
1664 1006 1671 1018 ,
1688 991 1714 1013 ut
1729 994 1788 1013 cum
1804 987 1869 1014 dicit
1884 1009 1892 1019 .

1106 1025 1176 1053 Dixit
1199 1027 1323 1055 Dominus
1350 1027 1459 1055 Domino
1475 1038 1546 1061 meo;
1571 1035 1598 1058 et
1621 1039 1733 1064 rursus,
1755 1033 1896 1069 Propterea

1106 1074 1178 1099 unxit
1191 1078 1214 1100 te
1238 1073 1321 1106 Deus,
1336 1074 1404 1101 Deus
1418 1080 1475 1102 tuus
1487 1076 1495 1110 (
1505 1076 1644 1104 Psol.109.
1655 1077 1710 1105 Let
1732 1079 1775 1106 Η.
1790 1080 1833 1115 8);
1850 1087 1874 1107 ct
1886 1102 1893 1111 .

1109 1118 1148 1145 lia:
1171 1119 1260 1151 quibus
1273 1120 1388 1148 Christus
1408 1123 1545 1149 secundant
1568 1131 1685 1156 carnem,
1699 1125 1742 1158 qui
1765 1131 1802 1152 est
1820 1135 1896 1161 super

1106 1165 1190 1191 omnia
1206 1165 1272 1192 Dens
1293 1165 1382 1202 (Rom.
1398 1167 1479 1203 9.5).
1498 1168 1528 1194 Et
1552 1176 1624 1203 saepe
1640 1169 1738 1196 videris
1762 1170 1819 1198 haec
1838 1179 1899 1198 mu-

1107 1214 1158 1236 tata
1171 1212 1289 1238 nomina.
1312 1212 1339 1240 Si
1353 1218 1442 1240 autent
1465 1219 1555 1241 essent
1575 1216 1650 1249 quasi
1672 1222 1744 1243 sorte
1759 1218 1896 1253 assignata

1108 1255 1252 1291 unicuique
1279 1263 1398 1290 natum,
1416 1267 1502 1294 neque
1527 1259 1596 1287 Deus
1607 1266 1680 1288 esset
1693 1261 1775 1288 Filius
1786 1284 1793 1296 ,
1809 1271 1896 1298 neque

1108 1301 1178 1328 Deus
1192 1308 1220 1328 ut
1237 1303 1329 1335 Pater,
1346 1311 1457 1332 manens
1471 1305 1570 1338 Filius;
1584 1314 1645 1334 cum
1661 1308 1742 1340 dixit,
1757 1308 1810 1336 Sed
1825 1310 1897 1336 nobis

1107 1356 1172 1375 unus
1187 1348 1271 1381 Deus,
1288 1350 1422 1385 superﬂue
1437 1351 1582 1380 addidisset
1598 1354 1660 1380 illud
1673 1375 1679 1385 ,
1692 1353 1786 1387 Pater,
1804 1356 1897 1383 volens

1106 1394 1258 1428 signiﬁcare
1272 1397 1419 1431 ingenitum
1435 1406 1442 1424 :
1458 1399 1523 1426 satis
1536 1400 1607 1427 enim
1622 1399 1714 1428 fuisset
1726 1401 1799 1433 illud.
1814 1402 1895 1435 Deus,

1107 1441 1128 1465 si
1143 1440 1199 1474 ejus
1220 1441 1303 1468 solius
1318 1443 1456 1470 exhiberet
1474 1445 1674 1480 cognitionem,
1691 1447 1723 1474 ad
1747 1447 1772 1474 id
1796 1448 1899 1482 signiti-

1105 1485 1231 1513 mudum.
1248 1487 1305 1515 Non
1333 1488 1382 1516 hoc
1406 1494 1494 1517 autem
1516 1490 1601 1517 solum
1613 1511 1621 1524 ,
1636 1491 1683 1518 sed
1706 1492 1777 1519 aliud
1792 1501 1899 1528 quoque

1107 1531 1157 1557 dici
1176 1536 1273 1566 potest.
1300 1533 1328 1560 Si
1342 1534 1413 1561 enim
1429 1535 1529 1562 dixeris
1542 1556 1550 1568 ,
1565 1536 1625 1571 quia
1642 1538 1710 1565 Deus
1726 1546 1793 1565 unus
1811 1539 1899 1567 dictus

1107 1582 1147 1604 est
1157 1599 1164 1609 ,
1181 1578 1244 1605 illud
1257 1600 1264 1611 ,
1290 1579 1358 1607 Deus
1369 1600 1378 1613 ,
1399 1588 1451 1608 nou
1466 1583 1590 1610 convenit
1603 1583 1686 1617 Filio;
1701 1585 1813 1612 observa
1827 1587 1898 1621 quod

1108 1624 1159 1652 hoc
1173 1626 1254 1653 etiam
1276 1626 1310 1654 de
1327 1627 1395 1655 Filio
1408 1628 1460 1655 dici
1482 1630 1573 1663 possit.
1592 1630 1697 1657 Etenim
1713 1631 1795 1658 Filius
1806 1653 1814 1665 ,
1829 1641 1899 1660 unus

1110 1669 1238 1698 Dominus
1255 1672 1344 1699 dictus
1357 1678 1416 1705 est;
1431 1682 1518 1709 neque
1533 1680 1620 1703 tamen
1635 1677 1697 1704 ideo
1712 1679 1774 1705 illud
1785 1699 1792 1712 ,
1807 1678 1898 1707 Domi-

1107 1723 1171 1747 nus,
1187 1717 1236 1751 ipsi
1252 1718 1302 1744 soli
1325 1725 1480 1753 competere
1498 1720 1620 1749 dicimus.
1635 1722 1805 1758 Quapropter
1817 1734 1897 1760 quant

1110 1763 1164 1789 vim
1180 1763 1259 1791 habet
1273 1764 1336 1792 illud
1348 1785 1354 1796 ,
1373 1765 1446 1793 Unus
1456 1787 1463 1799 ,
1478 1775 1539 1802 erga
1551 1768 1646 1795 Filium
1657 1791 1664 1801 ,
1680 1771 1800 1799 eamdem
1818 1773 1899 1801 habet

1108 1817 1169 1844 erga
1196 1810 1300 1838 l‘atrcm
1317 1820 1323 1838 :
1339 1819 1370 1839 ac
1390 1813 1614 1846 quemadmodum
1640 1815 1684 1843 ille
1708 1825 1759 1844 non
1787 1819 1898 1854 impedit

1107 1856 1250 1888 quominus
1265 1856 1343 1884 Pater
1356 1857 1487 1885 Dominus
1499 1860 1543 1892 sit,
1558 1868 1591 1887 eo
1603 1861 1683 1889 modo
1698 1871 1749 1897 quo
1761 1863 1844 1891 Filius
1856 1871 1897 1893 est

1110 1901 1246 1935 Dominus,
1261 1910 1293 1929 eo
1308 1903 1378 1938 quod
1394 1903 1477 1931 Filius
1489 1913 1557 1932 unus
1581 1906 1708 1934 Dominus
1722 1908 1844 1937 dicatur:
1861 1912 1896 1938 ita

1109 1955 1194 1981 neque
1207 1946 1303 1974 Filium
1328 1949 1439 1983 impedit
1458 1951 1602 1984 quominus
1619 1953 1653 1979 sit
1670 1953 1737 1980 Deus
1749 1975 1755 1987 ,
1771 1962 1804 1982 eo
1819 1957 1899 1984 modo

1107 1999 1160 2026 quo
1173 1992 1252 2020 Pater
1267 1998 1308 2020 est
1330 1994 1415 2027 Deus,
1432 1995 1502 2030 quod
1516 1996 1595 2024 Pater
1609 1997 1712 2026 dicatur
1727 2008 1794 2026 unus
1816 2001 1896 2029 Deus.

1107 2036 1182 2070 Quod
1196 2038 1218 2065 si
1234 2039 1341 2072 quidam
1359 2039 1476 2067 dixerat
1487 2061 1495 2074 ,
1509 2049 1557 2068 cur
1576 2042 1703 2078 Spiritum
1728 2053 1779 2072 non
1796 2054 1896 2075 memo-

1108 2082 1192 2109 ravit?
1207 2083 1271 2111 illud
1285 2084 1447 2118 dixerimus,
1459 2087 1544 2121 ipsum
1557 2096 1652 2123 nempe
1668 2090 1820 2119 idololatras
1833 2093 1899 2120 allo-

1108 2130 1152 2164 qui
1162 2150 1170 2162 ,
1180 2135 1207 2157 et
1219 2130 1252 2157 de
1266 2130 1318 2158 diis
1331 2132 1424 2159 multis
1434 2132 1520 2168 deque
1533 2133 1649 2162 dominis
1663 2137 1753 2163 multis
1765 2145 1825 2164 esse
1839 2146 1898 2165 cer-

1108 2179 1206 2202 tamen.
1225 2175 1287 2202 ldeo
1301 2183 1360 2204 cum
1381 2177 1487 2205 Patrem
1502 2179 1583 2206 Deum
1599 2180 1719 2213 dixisset,
1734 2182 1829 2210 Filium
1847 2183 1899 2210 Do-

1108 2221 1209 2247 minum
1234 2222 1387 2256 appellavit.
1409 2224 1437 2251 Si
1458 2231 1523 2259 ergo
1546 2225 1650 2253 Patrem
1675 2235 1727 2254 non
1752 2236 1833 2256 aiisus
1857 2235 1898 2257 est

1111 2273 1180 2293 nunc
1195 2267 1329 2301 appellare
1345 2268 1486 2296 Dominum
1498 2277 1558 2297 cum
1574 2270 1651 2304 Filio,
1667 2280 1701 2300 ne
1715 2274 1741 2300 in
1762 2275 1897 2309 suspicio-

1109 2319 1169 2338 nem
1184 2313 1289 2340 veniret
1301 2313 1371 2348 quod
1387 2314 1454 2342 duos
1467 2315 1570 2343 diceret
1584 2317 1725 2350 Domitios,
1753 2327 1839 2354 neque
1853 2321 1898 2348 Fi—

1109 2357 1174 2384 lium
1199 2357 1282 2385 Deum
1304 2366 1364 2386 cum
1387 2360 1481 2393 Patre.
1506 2369 1539 2389 ne
1556 2367 1696 2397 putaretur
1717 2364 1784 2392 duos
1806 2365 1898 2393 dicere

1110 2401 1178 2429 Deos
1188 2421 1195 2434 ,
1204 2403 1266 2436 quid
1276 2404 1390 2437 miraris,
1401 2406 1423 2432 si
1433 2406 1559 2440 Spiritum
1570 2415 1622 2435 non
1632 2412 1838 2438 memoraverit?
1852 2412 1898 2439 ad-

1109 2455 1202 2475 versus
1217 2449 1277 2477 illos
1289 2451 1360 2476 enim
1375 2455 1429 2478 tum
1444 2453 1624 2487 concertabat,
1640 2460 1666 2482 ut
1677 2457 1832 2485 ostenderet
1844 2466 1896 2486 non

1109 2500 1167 2520 csse
1182 2495 1250 2529 apud
1273 2503 1320 2522 nos
1344 2497 1565 2531 multiplicitatem
1587 2500 1708 2527 deorum.
1730 2501 1793 2529 Ideo
1814 2503 1894 2535 illud.

1111 2538 1192 2572 Ultus,
1208 2541 1315 2568 aSsidue
1331 2543 1429 2570 retinet
1444 2543 1546 2578 dict-ns,
1564 2545 1624 2573 Non
1639 2552 1675 2573 est
1687 2547 1756 2575 Deus
1770 2549 1837 2578 alius
1849 2552 1902 2579 nisi

1108 2593 1188 2616 unus;
1201 2591 1236 2617 et,
1256 2587 1335 2614 Nobis
1350 2597 1414 2616 unus
1429 2595 1464 2616 est
1479 2590 1547 2618 Deus
1558 2597 1582 2619 et
1595 2600 1659 2620 unus
1673 2593 1806 2622 Dominus.
1823 2597 1897 2624 Unde

1110 2631 1279 2660 manifestum
1294 2639 1335 2660 est
1353 2634 1424 2661 illum
1435 2656 1443 2667 ,
1459 2637 1608 2665 auditorum
1623 2639 1767 2668 inﬁrmitati
1785 2650 1897 2676 parcen-

1110 2681 1173 2710 tem,
1191 2678 1241 2705 hoc
1253 2681 1380 2714 arguendi
1396 2681 1475 2708 modo
1490 2690 1565 2710 usum
1579 2692 1640 2712 esse
1650 2706 1658 2717 ,
1682 2686 1795 2721 ideoque
1811 2689 1895 2722 Spiri-

1109 2728 1163 2749 tum
1179 2731 1230 2750 non
1246 2727 1446 2754 memoravisse.
1472 2727 1538 2755 Nam
1564 2730 1585 2756 si
1609 2730 1661 2759 hoc
1684 2739 1736 2759 non
1751 2739 1833 2764 esset,
1849 2742 1897 2762 nec

1108 2768 1169 2795 alibi
1183 2770 1346 2802 oportuisset
1369 2772 1497 2806 Spiritum
1524 2782 1690 2809 memorare,
1713 2785 1801 2813 neque
1821 2780 1896 2807 illum

1109 2822 1168 2841 cum
1186 2815 1265 2843 Patre
1286 2822 1312 2844 et
1335 2818 1403 2845 Filio
1417 2819 1589 2855 conjungere.
1614 2822 1679 2849 Nam
1703 2824 1725 2850 si
1748 2831 1762 2850 ιι
1778 2824 1857 2852 Patre
1870 2831 1896 2853 et

1111 2859 1177 2888 Filio
1191 2867 1261 2889 esset
1275 2863 1398 2891 exclusus
1410 2886 1418 2898 ,
1434 2866 1516 2893 multo
1530 2868 1613 2903 magis
1635 2868 1708 2897 illum
1721 2870 1749 2898 in
1764 2870 1895 2907 baptismo
