2046 3114
173 130 220 159 [65

170 195 225 217 cum
240 186 304 223 ipsis
317 180 486 224 conjungere
506 195 558 215 non
580 188 761 224 oportuisset,
778 189 822 217 ubi
844 190 960 217 maxime

168 234 310 262 divinitatis
323 233 446 269 dignitas
458 238 587 270 apparet,
600 239 628 262 et
639 234 709 262 dona
724 235 822 263 dantur
833 244 893 271 qua:
906 236 961 263 Deo

168 279 215 307 soli
229 280 293 306 dare
307 280 466 318 competit,

201 326 228 353 4.
243 325 298 359 Ego
308 325 392 360 igitur
402 332 511 352 causam
529 324 596 358 dixi,
610 325 714 353 cur‘hic
728 326 836 354 silentio
847 331 957 362 practer-

169 373 263 400 missus
276 372 313 399 sit
327 380 334 398 :
353 376 381 399 tu
395 380 472 405 vero,
489 373 511 399 si
524 379 569 399 res
582 379 635 400 non
651 372 686 400 ita
702 380 732 401 se
747 373 839 407 habet,
854 374 898 401 dic
910 381 959 402 enr

170 419 193 444 in
207 418 338 451 baptismo
349 418 532 453 conjungitur.
547 418 599 445 Sed
622 427 675 446 non
695 419 774 446 aliam
796 420 882 454 possis
896 427 959 447 eau-

169 472 222 492 sam
239 464 339 495 dicere,
366 472 446 499 quam
467 465 538 499 quod
553 465 587 492 sit
609 465 710 493 honore
730 473 786 500 par.
807 467 872 493 Cum
895 474 959 501 ergo

169 511 263 538 nullant
290 510 371 538 talem
398 510 478 538 habet
506 511 710 544 necessitatem,
742 512 801 539 vide
824 513 959 546 quomodo

168 558 251 591 ipsum
271 556 420 590 conjungit,
447 556 482 583 ita
503 556 594 583 dicens
616 566 622 584 :
645 557 733 584 Gratia
756 557 857 585 Domini
879 560 958 585 nostri

166 603 226 630 Iesu
239 602 345 635 Christi,
361 607 384 629 et
402 603 494 629 caritas
508 602 557 628 Ι)σὶ
573 609 596 629 et
615 603 711 634 Patris,
727 609 748 630 et
763 605 957 631 communicatio

167 649 280 684 Spiritus
294 649 375 676 sancti
387 649 488 675 sitcum
501 649 615 676 omnibus
627 650 695 676 nobis
711 650 747 684 (:2.
764 651 822 677 Cor.
840 652 883 678 l5.
896 652 955 686 15);

166 701 190 722 et
213 703 331 729 rursum,
355 695 498 722 Divisioncs
521 696 660 730 gratiarum
687 702 754 729 sunt,
784 697 851 723 idem
873 703 956 724 autent

167 742 299 777 Spiritus;
314 747 337 769 et
352 742 488 768 divisiones
504 742 717 769 ministrationum
736 749 804 775 sunt,
828 744 894 770 idem
908 752 956 770 au-

165 795 212 815 tem
227 787 373 820 Dominus;
392 792 415 814 et
434 788 568 815 divisiones
592 790 769 823 operationunt
796 794 863 823 siml,
890 790 956 817 idem

166 839 248 860 autent
266 833 335 860 Deus
350 836 360 869 ί
374 834 400 861 1.
420 833 478 860 Cor.
495 833 539 860 19.
552 834 602 861 4-6
617 834 637 869 ).
663 834 715 861 Sed
728 836 787 869 quia
816 843 886 862 nunc
911 835 957 862 ad-

167 889 258 909 versus
270 881 378 909 Grmcos
394 888 484 909 sermo
499 885 566 914 erat,
588 886 615 908 et
629 889 676 907 eos
690 882 735 915 qui
752 881 852 908 Grmeis
870 882 955 909 imbe-

165 928 281 955 cilliores
303 931 391 960 erant,
412 931 553 962 propterea
578 927 603 953 id
626 927 734 954 interim
758 932 911 954 reservatur
929 932 956 954 et

166 978 277 1000 tacetur.
295 972 323 999 ld
343 972 414 1006 quod
435 972 514 999 etiam
535 972 674 1006 propheta:
696 972 795 999 faciunt
815 972 849 999 de
876 972 952 1007 Filio,

164 1027 242 1053 quem
259 1026 387 1053 nusquam
403 1023 495 1053 aperte
509 1019 649 1045 nominant
662 1018 697 1045 ob
710 1019 860 1045 auditorum
875 1019 956 1045 imbe-

163 1065 309 1092 cillitatem.
326 1065 352 1091 7.
370 1064 422 1092 Sed
438 1073 487 1091 non
501 1065 527 1091 in
542 1065 657 1091 omnibus
671 1070 706 1091 est
721 1065 837 1097 scicntia,
858 1066 953 1099 inquit.

163 1111 289 1144 Quaenam
305 1111 369 1137 illa?
383 1118 416 1137 an
432 1118 475 1143 ea,
492 1118 550 1145 quae
563 1116 604 1138 est
618 1111 650 1139 de
668 1111 732 1142 [)eo,
749 1118 782 1137 an
796 1119 837 1142 ea,
850 1119 908 1145 qum
922 1111 955 1138 ilc

163 1159 194 1185 iis
208 1166 268 1192 qua:
283 1157 419 1184 immolata
444 1162 506 1185 sunt
520 1158 619 1185 idolis?
633 1160 685 1184 Aut
698 1163 771 1185 certe
785 1158 892 1185 Grreeos
912 1157 955 1184 hic

162 1204 323 1236 subindicat,
335 1204 380 1238 qui
395 1203 517 1230 dicebant
528 1204 626 1231 multos
637 1211 696 1230 esse
705 1204 770 1230 deos
782 1208 808 1230 et
819 1203 951 1235 dominos,

162 1257 210 1277 nec
222 1250 344 1277 sciebant
363 1249 445 1276 Deum
461 1250 506 1284 qui
529 1257 592 1277 vere
612 1254 652 1276 est
668 1257 675 1278 '.
691 1255 737 1276 aut
764 1257 810 1276 eos
824 1250 868 1284 qui
885 1251 953 1277 inter

160 1297 274 1331 gentiles
286 1296 478 1323 imbecilliores
493 1300 580 1329 erant,
592 1296 637 1330 qui
648 1295 764 1322 nondum
773 1296 844 1322 clare
855 1296 953 1322 scirent

161 1342 230 1369 idola
246 1349 300 1369 non
323 1349 383 1369 esse
406 1342 533 1373 timenda,
552 1347 579 1368 et
600 1341 701 1368 nullum
724 1349 784 1369 esse
803 1341 902 1368 idolum
925 1342 951 1369 in

161 1388 269 1415 mundo.
287 1388 356 1415 Cum
371 1388 421 1414 hoc
435 1392 523 1415 autem
537 1388 660 1419 dixisset,
676 1388 801 1422 paulatim
817 1388 875 1415 illos
888 1396 952 1415 con-

161 1433 260 1460 solatus
278 1439 320 1461 est
342 1438 370 1461 et
393 1434 487 1461 erexit.
505 1433 596 1467 Neque
620 1434 691 1461 enim
712 1434 801 1460 omnia
827 1434 951 1461 insectari

161 1480 311 1515 oportebat,
327 1487 387 1507 cum
414 1480 529 1507 maxime
554 1480 613 1507 illos
636 1488 741 1507 rursum
767 1480 951 1508 vehementius

160 1530 232 1553 esset
247 1526 428 1560 impctiturus.

195 1570 234 1597 De
259 1571 582 1606 idolotlzytis.—Quidam
608 1578 692 1599 autem
719 1580 774 1599 cunt
798 1573 950 1599 conscientia

160 1616 221 1643 idoli
235 1625 315 1651 usque
330 1625 397 1643 nunc
408 1618 481 1651 quasi
490 1617 659 1652 idolot/tytum
671 1618 823 1644 manducant
836 1626 844 1644 :
855 1623 876 1644 ct
890 1627 950 1645 con-

159 1663 263 1689 scientia
277 1671 365 1690 eorum
380 1671 437 1690 cum
452 1664 483 1690 sit
502 1664 614 1698 inﬁrma,
632 1665 763 1697 polluitur.
784 1664 879 1692 Adhuc
894 1669 951 1692 tre-

160 1714 243 1742 munt,
256 1710 351 1744 inquit,
368 1714 395 1736 et
411 1714 532 1736 metuunt
549 1710 628 1736 idola.
649 1709 687 1736 Ne
705 1710 770 1736 mihi
788 1710 859 1736 enim
880 1718 949 1744 prse-

161 1762 259 1783 sentem
275 1764 366 1784 rerum
382 1760 480 1783 statum
494 1756 603 1789 dixeris,
618 1761 645 1784 et
667 1756 736 1791 quod
757 1757 827 1791 piam
842 1757 949 1791 religio—

160 1810 219 1829 nem
244 1810 258 1829 a
287 1803 434 1837 majoribus
465 1803 625 1838 acceperis;
659 1803 706 1830 sed
735 1808 852 1831 mentem
877 1808 949 1831 tuam

159 1848 274 1876 transfer
288 1849 313 1875 in
327 1849 370 1875 illa
385 1852 516 1883 tempora,
531 1853 558 1876 et
571 1849 668 1883 cogita,
683 1856 743 1875 cum
758 1849 838 1876 modo
851 1850 951 1877 consti-

159 1901 213 1923 tuta
226 1901 298 1923 esset
310 1896 473 1931 prtedicatio,
489 1900 516 1923 et
531 1896 652 1931 impietas
665 1896 752 1923 adhuc
771 1902 894 1931 regnaret
906 1904 950 1924 ar-

158 1942 308 1978 derentque
327 1950 379 1970 ara:
393 1947 419 1969 et
439 1942 579 1975 sacriﬁcia,
599 1942 724 1969 libamina
746 1946 949 1979 peragerentur,

158 1994 185 2016 et
196 1989 289 2024 plures
303 1993 391 2016 essent
402 1989 525 2024 gentiles,
540 1989 584 2024 qui
598 1996 612 2015 a
624 1989 770 2023 majoribus
785 1989 948 2023 impietatem

158 2039 328 2070 acceperant,
349 2042 364 2062 a
383 2035 514 2069 patribus,
537 2035 594 2062 avis
615 2040 643 2063 et
660 2035 747 2062 atavis
768 2035 866 2063 talibus
885 2036 948 2068 orti,

159 2087 238 2115 atque
249 2088 263 2107 a
278 2080 444 2107 dtcmonibus
465 2080 533 2107 mala
557 2080 638 2107 tnulta
659 2080 729 2115 passi
747 2085 837 2107 essent
853 2089 860 2107 :
877 2081 947 2113 illos,

159 2127 278 2161 inquam,
297 2130 408 2161 repente
430 2130 554 2158 mutatos,
578 2125 713 2160 quomodo
731 2125 878 2152 verisimile
892 2130 949 2152 erat

158 2167 228 2200 afﬁci
244 2181 250 2199 :
265 2171 399 2206 quomodo
415 2171 538 2199 timenda:
552 2171 752 2206 tremendazquc
763 2176 839 2198 erant
850 2171 950 2198 dmmo-

158 2227 220 2246 num
242 2219 348 2246 insidiae
362 2227 368 2245 ε
384 2223 492 2253 propter
518 2226 585 2253 quos
604 2218 684 2245 etiam
706 2217 732 2244 id
755 2217 949 2244 subindicando

158 2265 273 2295 dicebat,
297 2265 407 2297 Quidam
428 2269 513 2290 autem
537 2272 596 2290 cum
621 2264 775 2290 conscientia
801 2263 946 2298 idolotliyti.

158 2311 249 2347 Neque
263 2311 336 2338 enim
352 2315 443 2345 aperte
461 2310 580 2337 declarat
598 2309 668 2342 illos,
691 2317 724 2336 ne
746 2309 883 2344 percellat,
899 2316 947 2335 ne-

159 2365 209 2392 que
222 2357 333 2384 omnino
350 2356 541 2391 prtetercurrit,
557 2355 604 2382 sed
627 2354 765 2382 indeﬁnite
778 2362 871 2381 eorum
894 2362 949 2381 ηιθ-

160 2403 244 2434 minit,
258 2402 353 2429 dicens
370 2410 376 2427 :
392 2400 504 2433 Quidam
517 2405 601 2427 autem
616 2408 674 2427 cum
694 2400 846 2427 conscientia
865 2400 948 2427 idolo—

161 2449 222 2483 tligti
234 2456 311 2482 usque
325 2455 391 2473 nunc
403 2447 477 2481 quasi
488 2446 657 2480 idolothytum
671 2447 825 2472 manducant
835 2454 845 2478 ;
860 2446 884 2473 id
896 2450 947 2478 est,

159 2501 219 2520 cum
237 2493 332 2520 eadem
355 2497 445 2519 mente
465 2499 515 2527 qua
534 2492 624 2527 prius;
645 2497 668 2518 et
690 2492 843 2519 conscientia
861 2500 949 2519 eorum

158 2547 214 2565 cum
231 2539 264 2566 sit
285 2539 398 2573 inﬁrma,
421 2538 543 2573 polluitur
561 2546 569 2564 :
584 2545 644 2565 cum
660 2537 777 2564 nondum
796 2538 879 2572 possit
900 2538 947 2564 de-

159 2586 274 2620 spicere,
298 2592 387 2620 neque
402 2585 511 2612 omnino
536 2585 581 2611 illa
604 2584 727 2617 irridere,
744 2584 791 2611 sed
813 2585 901 2611 adhuc
923 2585 948 2612 in

158 2631 239 2658 dubio
252 2635 386 2659 versetur.
400 2631 439 2658 Ac
456 2630 479 2658 si
491 2631 561 2665 quis,
573 2631 596 2657 si
611 2635 701 2665 tangat
717 2636 861 2664 mortuum,
875 2636 949 2666 putet

158 2679 275 2713 seipsum
292 2677 424 2712 polluere,
447 2677 594 2704 secundum
616 2676 753 2704 Judaicam
778 2676 950 2704 consuetudi-

157 2731 236 2756 nem;
259 2722 412 2757 deindeqne
433 2722 500 2749 alios
521 2722 613 2749 videns
641 2726 780 2757 tangentes
799 2729 859 2749 cum
884 2730 949 2757 pura

158 2770 332 2802 conscientia,
352 2776 407 2796 non
427 2777 489 2796 cum
502 2769 596 2796 eadem
612 2773 700 2796 mente
713 2774 834 2803 tangens,
849 2770 952 2804 pollue-

156 2821 229 2843 retur
244 2824 253 2850 ;
270 2816 311 2843 sic
324 2819 352 2842 et
365 2815 405 2842 illi
418 2819 480 2842 tunc
491 2819 567 2841 erant
580 2814 678 2842 affecti.
693 2815 804 2847 Quidam
818 2816 893 2847 enim,
909 2815 950 2842 in-

154 2863 220 2899 quit,
233 2871 294 2890 cum
305 2862 459 2889 conscientia
471 2862 533 2888 idoli
547 2870 624 2895 usque
634 2870 710 2889 nunc.
725 2861 782 2890 Non
798 2862 855 2889 sine
870 2870 949 2890 causa

310 2906 447 2937 PA't'nuL.
471 2906 529 2937 Gn.
554 2906 634 2937 LXI.

703 131 735 160 IN
754 131 862 161 EPIST.
882 133 893 161 l
923 133 971 161 AD
990 133 1069 163 COR.
1089 135 1205 164 HOMIL.
1226 137 1287 166 XX.

1755 147 1806 174 166

1015 191 1093 224 illud,
1111 192 1197 229 Usque
1209 202 1287 229 nunc,
1300 197 1398 230 posuit,
1413 197 1459 225 sed
1473 203 1503 226 ut
1515 199 1649 235 ostendat,
1665 201 1725 230 illos
1741 204 1806 232 nihil

1014 237 1161 282 profecisse
1173 247 1228 267 non
1238 247 1299 268 sese
1311 244 1556 273 accommodantes.
1572 245 1664 282 Neque
1677 249 1749 275 enim
1767 250 1806 277 sic

1014 281 1076 310 illos
1099 283 1227 313 inducere
1247 288 1399 323 oportebat,
1426 291 1473 317 sed
1496 290 1550 318 alio
1571 292 1661 326 modo,
1683 294 1766 322 verbo
1780 300 1807 323 et

1013 327 1136 356 doctrina
1161 338 1314 365 persuasus.
1336 333 1371 360 Et
1395 336 1549 363 conscientia
1573 337 1676 365 illarum
1695 348 1752 366 cum
1773 341 1807 368 sit

1012 373 1127 408 inﬁrma,
1138 376 1271 410 polluitur.
1287 378 1422 415 Nusquam
1436 381 1523 410 adhuc
1538 383 1609 411 circa
1628 385 1665 412 rei
1684 390 1805 414 naturam

1013 420 1093 447 verba
1108 420 1181 456 facit,
1195 423 1243 450 sed
1257 431 1365 460 semper
1379 431 1406 454 et
1421 427 1518 462 ubique
1528 429 1598 457 circa
1610 431 1804 460 conscientiam

1011 466 1168 501 accipientis
1182 475 1315 497 versatur.
1327 470 1415 500 Timet
1426 473 1497 500 enim
1513 482 1560 508 ne,
1575 476 1637 503 dum
1656 477 1713 504 vult
1732 478 1806 505 inﬁr—

1011 518 1085 540 mum
1106 514 1251 549 corrigere,
1273 516 1370 544 fortem
1383 520 1565 556 perstringat,
1589 522 1718 558 illumque
1730 524 1804 552 inﬁr-

1010 566 1083 586 mum
1107 561 1212 588 reddat.
1235 562 1405 599 Quapropter
1429 573 1482 593 non
1507 568 1595 595 minus
1621 569 1683 598 huic
1707 571 1803 606 parcit,

1010 612 1090 640 quam
1114 607 1162 634 illi.
1187 608 1280 644 Neque
1299 610 1363 638 sinit
1386 612 1450 647 quid
1469 613 1556 641 simile
1579 615 1738 649 existimari,
1755 619 1801 645 sed

1010 657 1135 681 sermone
1148 654 1234 682 utitur
1246 656 1360 690 prolixo,
1381 663 1410 685 ut
1423 666 1457 686 ne
1473 660 1527 688 tale
1539 661 1603 695 quid
1624 660 1649 689 in
1669 664 1801 699 suspicio-

1010 704 1072 724 nem
1086 699 1186 727 veniat.
1199 700 1227 727 8.
1245 701 1312 728 Esca
1327 707 1410 730 autem
1430 712 1476 731 nos
1496 714 1546 732 non
1561 709 1718 736 commendat
1736 710 1800 737 Deo.

1010 742 1101 778 Neque
1110 745 1177 772 enim
1189 747 1212 773 si
1222 746 1467 783 manducauerimus,
1481 751 1658 786 abundamus;
1681 762 1760 789 neque
1779 758 1801 783 sl

1009 797 1060 816 non
1073 791 1318 827 manducauerimus,
1329 794 1471 829 deﬁcimus.
1486 796 1580 825 Viden‘
1593 800 1727 834 quomodo
1743 809 1803 828 rur-

1008 842 1055 862 sus
1068 843 1161 864 eorum
1176 837 1273 866 fastum
1288 839 1441 875 deprimat?
1454 841 1520 870 Nam
1535 851 1597 871 cum
1611 845 1733 880 dixisset,
1747 855 1800 875 non

1007 882 1089 909 modo
1109 883 1180 916 illos,
1200 884 1248 912 sed
1263 885 1343 913 etiam
1362 894 1457 915 omnes
1477 889 1617 918 scientiam
1641 891 1757 927 habere;
1774 899 1802 921 et

1008 928 1142 956 neminem
1155 929 1225 958 scire
1234 932 1462 966 quemadmodum
1477 935 1546 963 scire
1559 941 1680 971 oportet;
1692 940 1799 974 etquod

1007 974 1117 1001 scientia
1136 974 1226 1009 inﬂet;
1243 976 1340 1005 deinde
1356 986 1416 1006 cum
1431 980 1491 1007 illos
1505 987 1578 1009 esset
1591 983 1754 1016 consolatus,
1769 992 1800 1013 ac

1006 1018 1128 1053 dixisset,
1143 1028 1196 1049 non
1210 1022 1237 1049 in
1253 1024 1378 1052 omnibus
1392 1032 1453 1053 esse
1465 1027 1616 1061 scientiam,
1637 1033 1665 1056 et
1679 1029 1728 1057 hos
1739 1031 1799 1066 pol-

1006 1064 1042 1111 tut
1057 1071 1167 1101 propter
1180 1067 1408 1103 imbecillitatem;
1424 1079 1458 1099 ne
1471 1072 1592 1101 dicerent
1606 1074 1643 1101 illi
1661 1083 1667 1103 :
1684 1075 1719 1103 Et
1735 1064 1798 1111 quid

1005 1110 1037 1138 ad
1052 1118 1114 1143 nos,
1143 1112 1166 1140 si
1184 1120 1237 1140 non
1257 1119 1300 1142 cst
1321 1115 1347 1142 in
1366 1116 1491 1145 omnibus
1511 1119 1643 1147 scientia?
1656 1128 1704 1148 cur
1726 1110 1797 1150 enim

1006 1155 1050 1183 ille
1064 1157 1125 1184 talis
1139 1165 1191 1185 non
1210 1158 1291 1187 habet
1312 1161 1473 1189 scientiam?
1485 1171 1534 1191 cur
1546 1169 1588 1192 est
1610 1165 1753 1195 inﬁrmus?
1766 1176 1799 1196 ne

1005 1200 1064 1229 haec
1077 1202 1233 1238 objicerent,
1249 1213 1302 1233 non
1316 1207 1406 1234 statim
1421 1208 1453 1235 ad
1467 1207 1566 1237 claram
1584 1210 1798 1241 demonstratio—

1004 1254 1066 1275 nem
1081 1249 1166 1282 venit,
1180 1250 1251 1285 quod
1265 1259 1300 1279 ne
1311 1252 1425 1281 hedatur
1438 1255 1493 1288 ille,
1509 1256 1646 1285 abstinere
1655 1264 1796 1294 oporteat;

1004 1294 1051 1322 sed
1062 1295 1178 1329 primum
1191 1297 1306 1332 quadam
1318 1299 1476 1328 velitatione
1489 1302 1619 1330 adverSus
1635 1304 1708 1332 illum
1724 1313 1796 1338 usus,

1004 1341 1122 1369 ostendit
1140 1342 1177 1375 id,
1188 1343 1259 1378 quod
1273 1349 1316 1371 est
1327 1345 1373 1372 illo
1390 1346 1486 1379 majus.
1511 1347 1651 1381 Quodnam
1670 1354 1711 1378 est
1725 1351 1797 1379 hoc?

1003 1386 1079 1420 Quod
1094 1388 1199 1416 etiamsi
1217 1397 1296 1418 nemo
1318 1390 1472 1425 laederetur,
1487 1400 1575 1429 neque
1597 1396 1712 1430 proximi
1736 1405 1795 1432 per-

1003 1433 1093 1460 versio
1105 1434 1249 1462 metuenda
1264 1440 1346 1468 esset,
1360 1444 1395 1464 ne
1410 1437 1450 1465 sic
1463 1439 1573 1473 quidem
1593 1440 1644 1469 hoc
1663 1444 1795 1478 agendum

1002 1483 1075 1507 esset
1089 1488 1097 1506 :
1111 1487 1195 1507 vanus
1216 1481 1315 1516 quippe
1331 1482 1407 1510 labor
1422 1483 1468 1511 ille
1482 1489 1563 1513 esset.
1580 1485 1646 1514 Nam
1662 1488 1707 1523 qui
1720 1478 1796 1518 audi-

1002 1525 1040 1552 vit
1049 1525 1130 1552 alium
1142 1525 1267 1558 hedi,sed
1281 1526 1331 1554 sibi
1342 1527 1444 1555 lucrum
1456 1536 1526 1563 esse,
1542 1538 1595 1558 non
1607 1532 1719 1561 multum
1731 1535 1795 1563 abs-

1002 1570 1085 1603 tinet;
1097 1570 1145 1599 sed
1158 1575 1221 1599 tunc
1233 1572 1316 1607 magis
1328 1580 1389 1601 cum
1405 1573 1537 1609 didicerit,
1552 1576 1618 1604 nihil
1631 1584 1661 1605 se
1674 1578 1708 1607 ab
1721 1587 1753 1608 ea
1765 1589 1794 1608 re

999 1616 1097 1652 juvari.
1116 1616 1178 1644 Ideo
1200 1617 1250 1644 hoc
1270 1618 1383 1652 primum
1402 1620 1477 1654 ponit
1494 1620 1606 1651 dicens:
1626 1622 1694 1651 Esca
1712 1630 1795 1653 autem

1001 1671 1048 1691 nos
1062 1671 1114 1690 non
1126 1664 1286 1691 commendat
1305 1664 1370 1692 Deo.
1387 1665 1480 1693 Viden‘
1494 1673 1623 1702 quantum
1638 1669 1665 1697 id
1683 1671 1795 1707 viltpen-

1001 1709 1057 1742 dat,
1073 1709 1143 1744 quod
1157 1709 1297 1738 videbatur
1310 1717 1326 1737 a
1341 1711 1457 1746 perfecta
1470 1713 1580 1741 scientia
1595 1714 1664 1743 el‘flci
1676 1716 1688 1743 7
1705 1716 1796 1754 Neque

1001 1756 1068 1783 enim
1086 1756 1110 1782 si
1129 1756 1375 1790 manducata-imus,
1399 1758 1575 1792 abundamus;
1600 1760 1627 1788 id
1649 1766 1700 1796 est,
1724 1764 1793 1798 apud

1001 1801 1086 1829 Deum
1103 1801 1206 1836 probati
1230 1808 1334 1836 sumus,
1352 1807 1382 1830 ut
1396 1803 1459 1838 quid
1480 1804 1579 1832 bonum
1601 1807 1644 1834 vel
1667 1816 1792 1844 magnum

1000 1846 1120 1881 operati;
1136 1855 1216 1881 neque
1227 1847 1250 1874 si
1262 1855 1313 1874 non
1335 1849 1579 1884 manducauerimus,
1604 1852 1752 1888 deﬁcimus,-
1766 1855 1793 1884 id

1000 1897 1051 1927 est,
1067 1893 1155 1921 minus
1167 1893 1230 1929 quid
1246 1894 1385 1923 habemus.
1405 1894 1514 1924 Interim
1529 1897 1609 1933 igitur
1620 1899 1685 1928 illud
1699 1907 1793 1930 osten-

999 1939 1039 1968 dit
1052 1939 1217 1976 supertluum
1231 1945 1259 1968 et
1272 1940 1337 1968 nihil
1362 1948 1423 1969 esse
1438 1951 1445 1969 :
1461 1950 1523 1970 nam
1538 1943 1583 1977 id,
1609 1945 1679 1980 quod
1706 1955 1793 1983 neque

1000 1987 1024 2015 si
1046 1987 1094 2015 ﬂat
1113 1986 1233 2021 prodest,
1249 1994 1336 2022 neque
1348 1987 1371 2015 si
1385 1995 1437 2016 non
1453 1988 1500 2016 ﬁat
1513 1994 1602 2024 nocet,
1625 1992 1789 2027 superﬂuum

1000 2037 1075 2060 certe
1094 2032 1183 2060 tuerit.

1036 2078 1063 2106 5.
1073 2078 1233 2114 Progressus
1239 2082 1328 2106 autem
1338 2083 1422 2107 totum
1430 2080 1470 2107 rei
1478 2080 1603 2110 damnum
1612 2083 1705 2118 aperit.
1713 2085 1792 2115 Nunc

999 2128 1090 2152 autem
1097 2123 1173 2155 dicit,
1182 2123 1209 2152 id
1221 2124 1292 2160 quod
1306 2123 1558 2155 fratribusaceidit:
1574 2127 1600 2156 9.
1621 2128 1706 2158 Videte
1713 2132 1790 2166 enim,

1000 2169 1096 2205 inquit,
1105 2177 1136 2197 ne
1143 2169 1209 2204 forte
1216 2170 1270 2197 lucc
1275 2170 1375 2197 licentia
1385 2175 1466 2198 uestra
1475 2170 1656 2205 o/I'endiculum
1664 2175 1711 2210 ﬁat
1721 2177 1790 2213 inﬁr.

1000 2216 1048 2242 mis
1055 2214 1186 2250 fratribus.
1199 2214 1259 2242 Non
1265 2215 1341 2248 dixit,
1356 2215 1432 2250 Quod
1445 2216 1551 2244 licentia
1562 2224 1650 2247 vestra
1665 2221 1792 2251 sitotien—

1000 2261 1128 2294 diculum,
1151 2267 1239 2296 neque
1249 2260 1275 2288 id
1290 2261 1481 2296 pronuntiavit,
1493 2266 1521 2289 ut
1535 2270 1569 2290 ne
1580 2263 1791 2299 impndentiores

1000 2307 1062 2334 illos
1069 2306 1214 2340 redderet;
1230 2306 1277 2334 sed
1286 2306 1442 2342 quomodo?
1461 2306 1558 2341 Videte,
1573 2313 1677 2339 terrens
1686 2311 1747 2340 illos
1760 2321 1792 2342 ac

999 2353 1102 2388 pudore
1114 2352 1235 2380 afﬁciens
1255 2358 1283 2380 et
1296 2351 1330 2380 ad
1341 2351 1455 2380 faciendi
1469 2353 1637 2389 negationem
1651 2357 1789 2389 inducens.

999 2399 1093 2434 Neque
1106 2398 1184 2432 dixit,
1199 2398 1264 2425 Hinc
1283 2402 1371 2425 vestra
1392 2398 1513 2433 scientia,
1534 2400 1604 2434 quod
1619 2402 1703 2438 magis
1717 2404 1789 2432 laudi

1000 2448 1092 2478 esset;
1113 2452 1211 2479 neque,
1231 2444 1295 2472 Haec
1309 2448 1399 2472 vestra
1416 2444 1562 2480 perfectio;
1586 2447 1633 2474 sed
1652 2446 1767 2478 Licentia
1780 2459 1790 2479 .-

1000 2491 1072 2527 quod
1086 2490 1170 2527 magis
1180 2490 1350 2523 temeritatis,
1362 2490 1514 2525 petulantia:
1523 2496 1551 2518 et
1562 2495 1721 2528 arrogantia:
1731 2503 1792 2524 esse

1001 2538 1151 2566 videbatur.
1165 2536 1221 2565 Nec
1240 2537 1317 2569 dixit,
1336 2536 1493 2570 Fratribus;
1515 2537 1563 2566 sed
1577 2538 1693 2574 lnﬁrmis
1706 2542 1792 2577 fratri-

1000 2583 1056 2617 ltus,
1071 2584 1173 2612 crimen
1193 2590 1303 2619 augens,
1319 2582 1389 2618 quod
1410 2590 1445 2611 ne
1466 2583 1577 2612 inﬁrmis
1602 2586 1709 2620 quidem
1729 2596 1791 2624 par.

1001 2635 1073 2664 cant,
1088 2631 1142 2658 imo
1163 2629 1300 2658 fratribus.
1323 2629 1389 2657 Esto
1412 2630 1495 2663 enim,
1511 2638 1563 2658 non
1577 2632 1689 2668 eorrigis
1704 2642 1791 2671 neque

1002 2677 1123 2709 excitas;
1142 2683 1190 2703 cur
1212 2675 1367 2710 supplantas
1390 2681 1417 2703 et
1440 2675 1545 2711 dejieis,
1570 2684 1632 2705 cum
1654 2684 1790 2714 oporteret

1001 2729 1111 2750 manum
1131 2721 1268 2757 porrigere
1280 2721 1292 2748 ?
1304 2721 1356 2750 Sed
1381 2721 1434 2749 hoc
1449 2729 1502 2749 non
1519 2722 1559 2749 vis
1573 2732 1581 2750 :
1595 2731 1660 2759 ergo
1674 2732 1710 2752 ne
1723 2725 1791 2761 deji—

1002 2769 1067 2796 cias.
1081 2767 1148 2794 Nam
1160 2767 1183 2794 si
1197 2768 1282 2795 malus
1295 2772 1375 2801 esset,
1396 2768 1562 2796 correctione
1580 2776 1647 2804 opus
1663 2769 1791 2802 haberet;

1002 2814 1024 2842 si
1039 2818 1128 2842 autem
1142 2812 1272 2847 inﬁrmus,
1287 2814 1429 2842 medicina.
1449 2813 1525 2842 Nunc
1536 2819 1625 2842 autern
1641 2822 1694 2842 non
1712 2815 1791 2842 modo

1004 2861 1126 2890 inﬁrmus
1144 2865 1196 2895 est,
1216 2861 1263 2889 sed
1279 2862 1358 2890 etiam
1373 2861 1464 2891 frater.
1480 2862 1523 2890 10.
1539 2861 1602 2889 Cum
1621 2863 1676 2897 quis
1690 2864 1757 2889 enim
1768 2867 1792 2889 te
