2046 3114
245 116 294 143 167

246 173 334 200 uiderit
344 172 475 199 scientiam
488 172 618 198 habentem
629 171 654 197 in
666 169 743 197 idolio
754 167 945 196 recumbentem.
954 173 1038 193 nonne

244 220 398 248 conscientia
414 220 478 254 ejus,
492 227 549 246 rnm
560 219 591 245 ait
601 218 728 252 inﬁrmus,
742 215 911 249 ludiﬁcabitur
925 214 959 240 ad
971 221 1039 240 man-

243 267 390 294 ducandum
403 266 545 300 idolatltyta
554 264 567 291 .’
578 264 643 291 Cum
657 263 777 294 dixisset,
798 261 885 288 Videte
896 269 927 287 ne
937 260 1038 287 licentia

242 318 324 340 rastra
338 313 371 340 sit
381 311 571 345 offendiculnm,
588 309 652 336 dicit
662 307 795 342 quomodo
809 307 859 333 hoc
873 307 928 338 fiat,
942 310 970 333 et
982 305 1039 332 ulri-

241 367 294 393 que
309 358 490 386 infirmitatem
511 355 594 390 punit,
611 362 645 381 ne
664 353 787 380 videatur
799 352 925 380 damnum
941 359 973 378 ex
988 358 1037 378 ua-

241 410 301 433 tura
324 404 363 432 rei
385 410 454 435 esse,
469 406 495 430 et
515 401 648 428 terribiles
662 407 722 427 esse
737 399 878 426 videantur
889 397 1036 424 diemones.

241 451 317 478 Nunc
330 450 401 478 enim
420 456 504 484 prope
523 453 574 481 est,
592 447 688 482 inquit,
710 451 739 473 ιη
752 447 860 473 ninnino
877 445 985 472 deﬁciat
1003 443 1038 471 ab

243 496 321 524 idolis
337 504 344 522 :
359 499 387 522 te
401 499 489 521 autem
504 493 598 520 videns
613 499 673 519 eum
688 491 739 519 illis
752 491 866 518 libenter
874 494 1035 522 versantem,

242 549 298 568 rem
323 540 420 574 accipit
433 547 483 574 pro
503 538 695 570 admonitione,
716 541 742 564 et
760 537 787 563 in
808 536 850 563 illa
866 543 896 562 re
914 539 1038 562 versatur

240 587 320 616 etiam
335 588 403 622 ipse.
420 586 512 621 Itaque
527 594 580 612 non
596 585 683 612 solum
699 591 729 610 ex
751 583 821 610 illitis
842 581 1034 612 imbecillitate,

240 634 288 662 sed
303 642 335 661 ex
353 632 544 665 intempestivo
563 635 609 658 ttm
623 637 705 665 opere
726 629 828 656 insidia:
848 628 992 655 oriuntur:
1008 631 1035 654 tu

240 681 312 712 enim
327 679 400 707 illum
414 677 590 706 infirmiorem
603 676 702 704 reddis.
717 676 758 702 Η.
773 673 805 700 Ει
818 673 907 709 peribit
919 673 1036 707 inﬁrmus

240 729 324 763 frater
336 726 363 752 in
378 733 435 752 esca
449 729 501 755 tua,
516 727 619 758 propter
634 729 706 756 quem
723 720 838 748 Christus
855 723 969 746 mortuus
987 723 1034 745 est.

241 773 300 799 Duo
315 777 430 806 namque
444 774 516 800 sunt,
529 776 588 803 qtae
603 771 629 794 te
641 766 718 794 venia
734 766 842 801 privam
855 765 890 792 ob
908 764 959 791 hoc
972 763 1033 790 illa-

241 823 296 845 tum
309 817 447 846 damnum,
464 818 492 842 et
509 813 579 847 quod
599 813 731 844 infirmus,
748 815 774 838 et
792 810 863 846 quod
880 809 962 837 frater
980 809 1032 840 sit;

242 865 295 891 imo
311 863 417 890 tertium
434 868 539 896 quoque
558 859 674 890 additur,
697 856 768 891 quod
792 856 912 883 omnium
930 854 1036 882 terribi-

242 910 372 938 lissitnum
384 912 434 936 est.
455 905 594 940 Quodnam
612 903 675 930 illud
689 903 750 930 est?
762 901 838 935 Quod
849 900 973 928 Christus
986 908 1034 935 pro

240 956 286 983 illo
301 955 368 982 mori
384 961 435 979 non
451 951 631 980 recusaverit;
649 954 676 976 tu
690 956 756 976 vero
769 955 802 975 ne
812 947 919 983 quidem
932 946 966 973 ad
976 945 1034 980 ejus

240 1000 449 1029 imbecillitatem
464 1002 490 1025 te
504 1002 675 1032 attemperas.
691 995 741 1022 Per
760 994 818 1021 lnrc
836 999 924 1021 autem
943 992 1032 1028 perfe-

239 1041 312 1075 ctum
333 1046 468 1076 admonet,
485 1043 569 1078 qualis
585 1043 642 1077 ipse
657 1041 730 1076 prius
749 1044 829 1071 cSSet,
846 1043 873 1067 et
894 1038 964 1074 quod
986 1045 1033 1073 pro

239 1094 285 1122 illo
296 1082 375 1121 etiam
390 1095 510 1119 mortuus
524 1089 568 1116 sit.
592 1089 624 1116 Et
641 1095 693 1115 non
714 1087 781 1114 dixit
796 1096 803 1113 :
820 1086 872 1113 Pro
884 1092 938 1121 quo
952 1085 1032 1112 etiam

239 1140 308 1168 mori
323 1144 349 1166 te
362 1136 516 1173 oportebat;
531 1135 578 1162 sed
592 1133 662 1169 quod
679 1133 764 1160 multo
781 1132 867 1167 majus
880 1135 947 1164 erat,
961 1130 1032 1165 quod

238 1189 319 1217 etiam
333 1187 456 1215 Christus
469 1189 579 1221 propter
589 1183 675 1218 ipsum
688 1186 730 1209 est
739 1185 869 1208 mortuus.
884 1179 927 1207 Sic
942 1178 1033 1206 Domi-

239 1243 290 1263 nus
304 1233 411 1270 quidcm
424 1238 484 1260 tuus
496 1238 544 1266 pro
559 1230 606 1257 illo
617 1229 684 1256 mori
696 1235 747 1255 n0u
759 1226 909 1257 recusavit;
925 1230 953 1252 tu
967 1232 1032 1252 vrro

239 1282 296 1317 ejus
310 1279 410 1308 nullam
424 1278 553 1305 rationem
571 1276 663 1308 habes,
679 1280 707 1301 ttt
723 1281 772 1301 nec
790 1277 898 1308 propter
918 1271 1004 1306 ipsum
1016 1278 1031 1297 a

239 1328 353 1356 scelesta
364 1333 455 1353 mensa
466 1323 618 1354 abstineas;
633 1321 679 1348 sed
695 1320 759 1348 sinis
774 1320 859 1354 ipsum
871 1318 960 1352 perire
973 1321 1033 1352 post

239 1375 353 1402 salutem
368 1373 403 1398 ita
420 1374 538 1406 partam;
560 1367 684 1403 quodque
702 1365 889 1401 gravissimum
909 1367 960 1395 est,
984 1369 1032 1397 per

238 1416 454 1451 cscam'iNcquc
472 1414 542 1442 enim
566 1412 642 1444 dixit,
664 1411 776 1445 Propter
795 1415 866 1436 tuam
887 1407 1031 1443 perfectio-

239 1472 311 1495 nem,
332 1463 373 1490 vel
390 1465 499 1496 propter
516 1464 586 1486 tuam
603 1457 754 1489 sci-entiam,
767 1455 814 1482 sed
834 1454 943 1490 Propter
960 1459 1030 1480 tuam

237 1520 330 1540 escam.
343 1510 412 1538 Sunt
422 1509 511 1543 itaque
523 1511 637 1542 quatuor
647 1503 770 1536 crimina,
786 1502 883 1537 illaque
895 1501 1009 1528 maxima
1020 1508 1029 1527 ς

237 1557 308 1594 quod
323 1561 350 1583 et
364 1555 444 1582 frater
458 1553 503 1586 sit,
516 1557 543 1580 et
556 1551 687 1580 infirmus.
705 1554 732 1576 et
745 1548 823 1582 cujus
837 1546 960 1574 Christus
974 1551 1031 1594 tan:

239 1591 293 1631 tam
307 1601 398 1629 habuit
413 1599 553 1629 rationem,
570 1601 598 1624 ut
613 1604 660 1631 pro
676 1595 722 1622 illo
742 1598 905 1625 moreretur;
919 1597 944 1619 et
960 1591 1031 1627 quod

239 1653 299 1685 pust
321 1647 378 1674 haec
400 1645 489 1673 omnia
516 1647 627 1678 propter
641 1648 729 1669 escam
746 1644 846 1675 pereat.
863 1639 905 1666 12.
922 1638 967 1666 Sic
985 1646 1032 1664 uu-

239 1701 288 1722 tem
302 1697 433 1729 peccantes
452 1691 479 1717 in
501 1691 601 1725 fratres,
624 1693 647 1714 ct
668 1687 832 1722 percutientes
851 1685 1032 1712 conscientiam

227 1749 326 1769 eorum
341 1739 480 1774 inﬁrmam,
496 1737 523 1764 in
544 1735 672 1763 Christum
694 1733 813 1767 peccatis.
837 1731 930 1759 Viden‘
950 1738 1029 1766 quam

239 1789 338 1816 sensim
349 1791 376 1814 et
391 1785 516 1822 paulatim
531 1788 668 1819 peccatum
685 1781 749 1809 illud
762 1781 794 1808 ad
809 1781 914 1808 culmen
933 1779 1030 1814 iniqui-

239 1836 301 1862 tatis
314 1831 476 1862 deduxerit?
492 1831 647 1864 Rursusque
665 1827 829 1855 infirmitatis
849 1826 953 1853 illorum
973 1833 1030 1852 me-

240 1882 327 1910 minit.
342 1879 408 1907 Nam
429 1877 500 1913 quod
514 1876 563 1911 ipsi
579 1882 628 1910 pro
641 1882 671 1902 se
684 1880 743 1901 esse
764 1871 962 1904 existimabant,
979 1870 1030 1897 hoc

240 1927 338 1962 ubique
352 1926 378 1952 in
394 1924 500 1952 illorum
511 1926 590 1957 caput
602 1920 744 1948 convertit.
755 1918 847 1954 Neque
860 1917 936 1951 dixit,
947 1917 1030 1945 Scan-

240 1974 398 2003 dalizantcs.
414 1970 461 1998 sed
476 1968 659 1999 Percutientea,
675 1971 704 1994 ut
718 1973 766 2002 per
779 1965 903 1993 dictionis
917 1963 1030 1998 empha-

239 2021 280 2047 sin
296 2018 480 2047 crudelitatem
494 2014 659 2043 ostenderet.
671 2012 739 2046 Quid
752 2012 823 2039 enim
836 2011 932 2039 smvius
950 2009 1031 2037 fuerit

240 2066 358 2098 homine,
374 2064 419 2099 qui
433 2069 534 2097 a‘grum
554 2058 704 2095 percutiat?
727 2058 832 2086 Etenim
854 2056 948 2092 quovis
968 2056 1030 2082 vul-

239 2119 306 2140 nere
323 2110 432 2146 gravius
444 2112 485 2136 est
504 2106 695 2136 scandalizare.
711 2112 757 2132 seu
775 2103 964 2131 oﬂ‘endiculum
981 2110 1030 2137 po-

239 2167 304 2187 nere
317 2167 325 2185 :
340 2164 412 2192 smpe
432 2161 546 2189 namque
562 2153 612 2180 hoc
635 2156 748 2178 mortem
770 2151 882 2178 induxit.
909 2149 942 2177 Et
963 2157 1031 2184 quo-

239 2204 319 2233 modo
332 2203 360 2230 in
375 2201 510 2230 Christum
527 2197 659 2234 peccant?
671 2197 730 2225 Uno
743 2196 849 2231 quidem
863 2195 954 2229 modo,
969 2195 1030 2230 quia

239 2259 299 2287 qua:
318 2252 380 2276 sunt
401 2245 561 2274 famulorum
582 2248 612 2271 ut
634 2243 741 2278 propria
756 2242 805 2269 sibi
825 2241 964 2274 attribuit;
988 2249 1032 2268 se-

238 2296 336 2329 cundo,
357 2293 428 2329 quod
449 2291 495 2327 qui
510 2290 697 2321 verberantur,
713 2288 746 2315 ad
760 2295 857 2322 corpus
871 2292 898 2315 et
910 2286 1030 2315 ntembra

239 2343 323 2379 ipsius
335 2340 502 2376 pertineant;
515 2337 606 2370 tertio,
618 2336 689 2372 quod
704 2343 771 2370 opus
782 2342 858 2362 suum
872 2342 879 2360 :
893 2341 942 2369 per
955 2341 1031 2362 suam

240 2389 342 2417 caedem
361 2385 494 2422 propriam
517 2383 694 2415 aedificatum,
717 2382 766 2416 ipsi
787 2388 835 2416 per
857 2380 1030 2408 ambitionem

239 2443 314 2464 suam
340 2434 458 2462 diruant.
481 2432 526 2460 15.
555 2430 726 2464 Quapropter,
749 2428 771 2454 si
793 2435 849 2454 esca
873 2427 1031 2454 scandalizat

240 2483 344 2517 fratrem
359 2486 459 2510 meum,
478 2485 529 2504 non
546 2475 703 2503 mnnducabo
727 2481 828 2500 canum:
848 2474 875 2500 in
897 2477 1027 2500 teternum.

240 2527 296 2555 lloc
319 2532 454 2560 tamquam
478 2523 596 2559 optitnus
618 2521 757 2556 magister,
779 2519 856 2554 cujus
876 2524 918 2547 est
935 2527 983 2554 per
1001 2526 1030 2546 se

241 2573 337 2600 docere
351 2580 410 2607 (ιιιιιῖ
423 2570 497 2598 dicit.
507 2568 599 2604 Neque
609 2567 684 2598 dixit,
694 2566 756 2594 Sive
767 2565 837 2600 jnste
848 2565 905 2592 sive
915 2565 1028 2599 injuste;

241 2618 287 2646 aed
303 2617 562 2653 quomodocumque.
577 2613 631 2640 Nec
645 2612 718 2644 dico,
733 2611 828 2646 inquit,
840 2610 916 2639 idolo
932 2610 1029 2638 immo-

239 2665 332 2698 latum,
349 2663 419 2699 quod
434 2662 514 2690 etiam
534 2664 643 2695 propter
658 2658 736 2684 aliam
756 2664 863 2684 causam
883 2661 926 2684 est
941 2656 1030 2691 prohi-

241 2712 342 2743 bitum;
355 2709 402 2737 scd
415 2708 437 2735 si
453 2706 516 2742 quid
530 2705 611 2733 etiam
623 2710 728 2736 eurum,
741 2709 801 2738 qum
813 2702 840 2729 in
855 2706 987 2737 potestate
1003 2706 1031 2729 et

242 2764 371 2786 conceSsa
395 2759 459 2782 sunt
481 2751 608 2784 offendat,
630 2749 663 2777 ab
682 2749 735 2776 illis
753 2755 859 2784 quoque
879 2748 1029 2781 abstinebo,

239 2812 294 2833 non
308 2810 360 2831 uno
373 2801 416 2829 vel
429 2800 514 2827 altero
527 2797 581 2831 die,
597 2796 645 2824 sed
661 2800 717 2823 toto
730 2796 791 2823 vita:
807 2803 874 2823 mete
885 2799 1007 2830 tempore
1021 2802 1029 2820 :

245 2847 305 2876 Non
317 2845 474 2875 manducabo
490 2843 571 2878 enim,
586 2842 681 2878 inquit,
695 2849 784 2869 carnes
794 2841 820 2868 in
834 2846 964 2869 aeternum.
975 2840 1030 2868 Nec

613 113 641 141 S.
662 112 800 141 .IOANNIS
817 109 1054 139 CHRYSOSTOMI
1074 107 1231 137 ARCIIIEP.
1252 108 1518 138 CONSTANTINOP.

1835 115 1886 143 1³68

1093 165 1171 197 dixit,
1183 165 1222 192 Ne
1233 165 1342 200 perdam
1358 165 1479 199 fratrem,
1500 166 1548 195 sed
1568 169 1737 204 simpliciter.
1757 170 1798 199 Nc
1811 171 1887 206 fratri

1092 210 1248 243 offendicula
1261 211 1318 238 sint.
1334 211 1439 239 Etenim
1455 218 1584 241 extrema:
1597 214 1742 243 dementia:
1759 217 1840 244 fuerit
1855 226 1885 246 ea

1091 264 1151 292 quin
1169 257 1276 284 Christo
1297 258 1332 284 ila
1350 258 1425 285 cordi
1446 258 1531 292 fuere,
1550 264 1577 287 et
1590 260 1654 288 talia
1678 266 1707 288 ut
1727 267 1836 297 propter
1854 271 1886 291 ea

1091 307 1205 330 mortem
1217 303 1339 338 elegerit,
1360 312 1408 331 nos
1424 304 1459 331 ita
1478 306 1551 340 parvi
1568 305 1666 339 facere,
1683 311 1712 334 ut
1725 315 1759 335 ne
1774 314 1885 344 propter

1090 347 1137 374 illa
1151 347 1259 382 quidem
1281 349 1316 376 ab
1336 350 1404 377 escis
1428 350 1480 377 illis
1502 350 1697 379 abstineamus.
1720 352 1784 381 "mc
1805 362 1885 388 porro

1091 403 1144 422 non
1157 396 1210 423 illis
1228 396 1326 430 solum,
1338 397 1385 424 sed
1397 397 1478 424 etiam
1494 398 1571 426 nobis
1580 403 1733 434 opportune
1750 400 1884 434 dicantur,

1090 442 1135 477 qui
1148 443 1260 477 proximi
1272 443 1385 470 salutem
1397 443 1569 478 despicimus,
1582 448 1610 472 et
1619 445 1737 473 satanica
1750 446 1792 474 illa
1803 447 1884 475 verba

1091 489 1263 524 proferimus.
1280 489 1345 517 Nam
1361 490 1462 523 dicere,
1477 490 1545 524 Quid
1564 492 1628 519 ntihi
1648 499 1722 520 cura:
1738 498 1790 525 est,
1804 494 1826 521 si
1840 495 1886 522 ille

1088 535 1240 563 offendatur
1255 541 1285 564 et
1307 537 1352 564 ille
1373 538 1488 572 pereat?
1508 539 1635 566 salanicaa
1657 544 1699 567 est
1715 540 1885 569 crudelitatis

1089 587 1115 609 et
1137 581 1348 610 inhumanitatis.
1365 583 1446 618 Atqui
1463 588 1527 611 tunc
1541 584 1648 618 quidem
1670 585 1778 614 illorum
1798 587 1885 615 imbe-

1088 627 1206 655 cillitatis
1220 633 1288 660 erat,
1310 629 1406 664 quibus
1428 629 1486 657 haec
1508 629 1672 658 oﬁendieulo
1695 637 1788 665 erant;
1813 633 1884 668 apud

1090 681 1138 701 nos
1150 681 1214 701 vero
1228 681 1280 701 non
1294 675 1367 702 item.
1380 675 1445 702 Nam
1460 675 1503 702 illa
1516 680 1623 710 peccata
1637 676 1812 712 admittimus,
1825 687 1885 714 qua:

1089 719 1201 747 fortibus
1221 721 1301 748 etiam
1325 719 1488 749 offendiculo
1503 722 1566 749 sint.
1588 721 1655 750 Cum
1677 723 1749 751 enim
1768 725 1886 760 percuti-

1088 773 1158 798 mus,
1174 767 1291 801 rapimus
1308 771 1335 794 et
1354 767 1474 794 avaritiae
1488 767 1640 802 studemus,
1659 769 1806 805 liberisque
1816 775 1885 798 tam-

1087 820 1166 847 quam
1182 813 1324 848 mancipiis
1338 814 1483 847 abutimur,
1497 815 1603 842 cuinam
1620 815 1676 843 haec
1694 824 1747 844 non
1766 816 1881 845 offendi-

1087 859 1148 886 CIIIO
1161 859 1278 886 fuerint?
1297 859 1362 887 Nam
1378 868 1413 888 ne
1425 860 1538 894 dixeris,
1553 861 1602 889 llic
1615 867 1702 895 sutor.
1721 863 1772 891 iste
1786 863 1885 892 tinetor

1087 910 1145 938 est;
1163 913 1249 940 neque
1267 906 1377 939 dixeris,
1392 906 1514 935 Erarius
1528 907 1603 935 faber
1615 908 1684 935 alius
1696 913 1737 936 cst
1753 918 1759 935 :
1775 910 1823 937 sed
1839 918 1885 937 co-

1086 951 1139 985 gita
1153 950 1227 978 illttm
1241 959 1301 978 esse
1313 951 1417 979 fidelem
1431 957 1459 979 et
1469 952 1591 980 fratrem.
1602 952 1710 981 Illorum
1720 955 1790 982 enirn
1803 955 1884 983 disci-

1085 998 1142 1038 puli
1164 1006 1267 1031 smnus,
1283 998 1457 1033 piscatorum,
1484 1000 1700 1033 publicanorum.
1720 1001 1883 1029 tabernacu-

1087 1043 1173 1071 lorum
1200 1046 1327 1080 opificum
1345 1053 1351 1071 :
1367 1045 1438 1072 illius
1451 1047 1495 1081 qui
1511 1047 1537 1073 iu
1562 1047 1642 1074 domo
1669 1047 1735 1075 fabri
1763 1048 1882 1076 nutritus

1086 1090 1145 1124 fuit,
1162 1091 1206 1126 qui
1226 1098 1354 1125 sponsam
1368 1091 1426 1126 ejus
1441 1096 1554 1119 matrem
1570 1092 1671 1120 habere
1686 1092 1810 1128 dignatus
1828 1099 1880 1126 est,

1086 1136 1129 1171 qui
1147 1136 1241 1170 pannis
1262 1136 1397 1164 involutus
1419 1136 1445 1163 in
1469 1137 1581 1172 praesepi
1607 1138 1740 1172 recubuit,
1759 1139 1804 1174 qui
1827 1147 1881 1167 non

1085 1181 1202 1210 habebat
1215 1181 1260 1209 ubi
1276 1187 1356 1217 caput
1378 1182 1534 1214 reclinaret,
1549 1183 1594 1217 qui
1608 1188 1679 1211 tanta
1701 1185 1818 1220 suscepit
1839 1186 1883 1213 iti-

1085 1236 1159 1261 nera,
1173 1233 1202 1255 ut
1213 1236 1245 1256 ex
1261 1229 1302 1255 via
1317 1228 1405 1256 fessus
1418 1235 1499 1262 esset,
1515 1230 1560 1264 qui
1574 1229 1609 1256 ab
1622 1230 1683 1258 aliis
1700 1231 1879 1259 nutriebatur.

1120 1276 1146 1302 6.
1168 1274 1263 1302 Festus
1276 1275 1402 1302 humanus
1415 1276 1479 1303 nihil
1493 1281 1540 1304 est.
1550 1276 1658 1304 -—H:ec
1673 1278 1772 1312 cogita,
1787 1283 1814 1306 et
1828 1278 1881 1306 hu-

1084 1328 1192 1347 manum
1204 1320 1301 1348 fastum
1316 1321 1381 1348 nihil
1398 1329 1458 1349 esse
1472 1327 1549 1356 putes
1562 1331 1570 1354 ;
1585 1322 1632 1350 sed
1648 1327 1675 1350 et
1690 1323 1880 1352 tabernaculo-

1084 1374 1143 1393 rum
1165 1365 1300 1401 opiﬁcem,
1322 1371 1351 1393 et
1366 1375 1427 1394 eum
1448 1368 1492 1402 qui
1513 1375 1593 1395 curru
1616 1368 1733 1401 vehitur,
1757 1375 1785 1397 et
1800 1370 1879 1398 mille

1083 1412 1200 1440 famulos
1214 1413 1304 1446 habet,
1316 1417 1342 1440 et
1355 1413 1414 1441 [οι-ο
1427 1413 1522 1441 obvios
1532 1419 1616 1448 arcet,
1629 1414 1738 1443 fratrem
1751 1423 1812 1443 esse
1821 1417 1881 1444 exi-

1083 1459 1181 1491 stima;
1198 1459 1252 1486 imo
1267 1459 1341 1486 illum
1358 1460 1443 1495 magis
1456 1468 1535 1495 qualn
1549 1461 1629 1488 hunc.
1644 1461 1710 1489 Nam
1726 1462 1770 1490 ille
1782 1470 1879 1498 oppor-

1083 1506 1174 1532 tunius
1189 1505 1271 1533 frater
1281 1505 1396 1535 dicaturt
1413 1507 1458 1541 qui
1473 1507 1557 1542 magis
1568 1508 1664 1536 similis
1674 1512 1725 1536 est.
1738 1509 1804 1542 Quis
1814 1517 1879 1544 ergo

1083 1551 1179 1578 similis
1191 1556 1233 1578 est
1246 1551 1444 1586 piscatoribus?
1458 1553 1503 1588 qui
1517 1553 1675 1588 quotidiana
1688 1554 1769 1582 alitur
1783 1563 1876 1589 opere,

1089 1604 1144 1624 non
1157 1596 1261 1624 habens
1273 1595 1403 1623 famulum
1421 1604 1509 1632 neqtte
1519 1598 1701 1631 domicilium;
1714 1598 1761 1626 sed
1776 1599 1803 1626 in
1815 1607 1876 1627 om-

1090 1643 1171 1671 nibus
1179 1643 1341 1672 crucifixus:
1353 1643 1448 1673 anille.
1458 1643 1503 1677 qui
1511 1648 1588 1671 tanto
1596 1644 1667 1672 fastu
1677 1645 1874 1678 circumdatur,

1089 1687 1374 1724 etcontrarialegibus
1385 1688 1484 1716 divinis
1496 1688 1642 1724 operatur?
1652 1688 1691 1717 Ne
1705 1697 1770 1726 ergo
1783 1690 1876 1726 despi-

1087 1736 1144 1763 cias
1157 1733 1244 1766 illum,
1256 1733 1303 1768 qui
1317 1734 1404 1769 magis
1416 1733 1498 1762 frater
1512 1739 1575 1762 tuus
1586 1738 1629 1763 est
1641 1742 1648 1761 :
1661 1742 1723 1762 nam
1733 1735 1777 1763 ille
1788 1736 1876 1771 magis

1083 1780 1177 1808 similis
1191 1785 1234 1808 cst
1246 1781 1401 1815 apostolica:
1416 1782 1534 1817 imagini.
1554 1783 1588 1810 At
1611 1790 1664 1810 non
1685 1783 1808 1814 libenter,
1830 1783 1878 1811 sed

1083 1825 1192 1856 invitus.
1208 1826 1312 1861 inquies
1327 1835 1334 1854 :
1350 1834 1404 1854 non
1426 1828 1497 1855 enim
1520 1835 1552 1856 ex
1575 1828 1656 1855 animi
1679 1829 1810 1856 sententia
1826 1828 1878 1857 hoc

1083 1870 1155 1898 facit.
1174 1870 1312 1899 Uudenam
1329 1871 1397 1898 hoc?
1408 1879 1460 1900 non
1473 1872 1595 1906 audistis,
1609 1872 1697 1900 Nolite
1705 1873 1836 1908 judicare,
1850 1879 1878 1901 ut

1083 1925 1132 1944 non
1142 1917 1292 1952 judicemini
1306 1917 1413 1952 (Matth.
1431 1919 1457 1945 7.
1479 1918 1504 1954 t)
1517 1919 1529 1945 ’ἰ
1542 1918 1575 1947 Ut
1590 1924 1679 1947 autem
1694 1920 1782 1948 discas
1801 1920 1876 1948 illum

1083 1971 1136 1990 non
1152 1964 1264 1990 invitum
1276 1964 1397 1998 operari.
1414 1965 1511 1992 accede
1531 1970 1559 1992 et
1581 1965 1615 1993 da
1640 1966 1678 1993 illi
1698 1965 1790 1994 decies
1802 1967 1877 1995 mille

1083 2010 1142 2037 auri
1157 2010 1268 2044 talenta,
1284 2014 1312 2038 et
1333 2010 1436 2038 videbis
1453 2011 1527 2039 illum
1550 2011 1608 2040 htcc
1624 2020 1760 2040 recusare.
1785 2013 1877 2049 Itaque

1082 2056 1189 2083 etiamsi
1211 2064 1227 2084 a
1247 2056 1393 2091 majoribus
1412 2057 1519 2086 divitias
1539 2066 1591 2086 non
1611 2060 1755 2094 acceperit,
1778 2060 1826 2088 sed
1849 2065 1878 2088 et

1082 2108 1143 2128 cum
1157 2102 1280 2136 accipere
1294 2101 1397 2134 liceret,
1413 2110 1466 2130 non
1481 2104 1625 2139 acceperit,
1640 2112 1690 2132 nec
1702 2105 1758 2132 suis
1768 2105 1878 2133 addide-

1083 2147 1128 2180 rit,
1145 2155 1270 2183 magnum
1283 2148 1361 2175 ali‘ert
1374 2148 1500 2177 indicium
1516 2150 1586 2185 quod
1598 2150 1725 2185 pecunias
1735 2150 1876 2186 despiciat.

1083 2193 1149 2221 Nam
1165 2198 1192 2221 et
1206 2194 1326 2222 Joannes
1340 2194 1461 2222 Zcbedtei
1485 2196 1628 2224 admodum
1656 2198 1782 2232 pauperis
1805 2197 1877 2225 ﬁlius

1083 2245 1159 2273 erat;
1174 2240 1220 2268 sed
1233 2249 1284 2268 non
1299 2245 1439 2276 propterea
1449 2246 1569 2270 coactam
1582 2242 1663 2270 fuisse
1673 2243 1793 2270 dicemus
1806 2242 1878 2271 illius

1084 2291 1279 2322 paupertatem.
1303 2287 1369 2315 Cum
1395 2295 1459 2323 ergo
1490 2289 1592 2317 videris
1619 2289 1688 2325 ligna
1711 2289 1874 2321 cedentem,

1084 2332 1182 2360 malleo
1204 2333 1370 2366 tundentem,
1388 2334 1497 2370 fuligine
1521 2335 1644 2370 tinctum,
1672 2343 1706 2364 ne
1727 2335 1788 2364 ideo
1809 2343 1876 2364 con-

1083 2383 1197 2412 temnas,
1213 2379 1260 2406 sed
1283 2379 1343 2407 ideo
1358 2380 1474 2407 mireris.
1495 2380 1560 2408 Nam
1575 2386 1603 2410 et
1615 2382 1712 2409 Petrus
1724 2382 1877 2410 succinctus

1083 2429 1151 2457 erat,
1164 2431 1290 2459 sagenam
1306 2425 1439 2453 tractabat
1457 2430 1485 2453 ct
1505 2427 1659 2461 piscabatur
1677 2432 1737 2462 post
1752 2434 1876 2455 resone-

1082 2471 1199 2497 ctiuuem
1216 2470 1332 2498 Domini.
1348 2471 1449 2506 Ecquid
1469 2471 1530 2500 dico
1552 2472 1683 2500 Petrum?
1699 2473 1799 2500 Paulus
1819 2473 1877 2507 ipse

1083 2520 1144 2551 post
1159 2523 1269 2543 emensa
1292 2521 1365 2543 tanta
1382 2521 1512 2544 terrarum
1533 2518 1629 2553 spatia.
1653 2522 1714 2553 post
1741 2522 1782 2545 tot
1805 2517 1876 2546 edita

1083 2561 1222 2594 miracula,
1241 2561 1268 2589 in
1287 2563 1463 2590 tentoriorum
1479 2563 1585 2591 officina
1606 2568 1691 2598 stans,
1710 2564 1794 2600 pelles
1813 2571 1878 2592 con-

1052 2617 1055 2620 '
1083 2608 1187 2640 suebat,
1203 2612 1230 2635 et
1243 2608 1437 2636 reverebantur
1448 2616 1510 2637 eum
1524 2610 1611 2645 angeli
1622 2614 1650 2638 et
1660 2615 1809 2638 trementes
1821 2610 1877 2637 dte-

1083 2660 1178 2682 mones
1189 2652 1369 2682 formidabant
1386 2663 1392 2682 :
1408 2662 1458 2682 nec
1472 2655 1589 2690 pudebat
1599 2655 1690 2684 dicere
1705 2665 1712 2683 :
1729 2655 1878 2684 Necessita-

1083 2701 1148 2727 tibus
1169 2708 1241 2733 metr,
1265 2705 1290 2727 et
1310 2700 1343 2728 iis
1361 2701 1405 2736 qui
1429 2709 1528 2728 mecum
1553 2707 1642 2735 erant,
1670 2703 1878 2730 ministraverttnt

1084 2755 1173 2775 manus
1186 2749 1241 2776 isne
1257 2748 1325 2783 (Act.
1339 2748 1384 2776 20.
1405 2749 1463 2784 δι).
1483 2749 1586 2785 Ecquid
1602 2749 1673 2784 dico,
1692 2758 1746 2778 non
1761 2748 1879 2785 pudebat

1083 2794 1165 2822 eum?
1180 2795 1208 2822 ln
1229 2794 1281 2823 hoc
1295 2800 1370 2823 certe
1388 2795 1435 2824 ille
1449 2796 1625 2832 gloriaba'ur.
1645 2797 1744 2833 Ecquis
1764 2801 1817 2829 cst,
1835 2795 1878 2823 in-

1084 2840 1171 2876 quies,
1187 2848 1259 2869 nuuc
1279 2840 1362 2869 Paulo
1374 2841 1473 2870 virtute
1497 2842 1564 2878 par?
1577 2843 1640 2872 Scio
1658 2848 1687 2871 et
1704 2850 1754 2879 ego
1773 2841 1878 2870 nullum
