2046 3114
169 163 219 193 ΝΞΟ

167 229 242 254 esse;
255 220 303 249 sed
315 227 368 248 non
384 221 452 249 ideo
460 220 648 249 contemnendi
664 221 707 256 qui
724 228 794 249 nunc
808 225 880 249 sunt.
894 221 960 250 Nam

166 269 187 295 si
212 271 322 303 propter
347 267 489 295 Christum
521 267 640 295 honores
672 267 715 295 vel
744 267 888 301 ultimum,
917 267 964 295 scd

166 314 282 348 ﬁdelem,
309 314 406 350 dignus
427 322 494 342 sane
515 319 557 342 est
571 314 616 350 qui
637 313 797 341 honoretur.
823 313 928 341 Etenim
943 314 965 340 si

166 360 358 388 accedentibus
371 360 434 388 duci
449 360 564 395 cuipiam
573 365 599 387 et
611 359 699 392 militi,
717 360 888 394 Imperatoris
899 359 966 385 ami-

166 406 216 440 eis,
240 406 377 435 ambobus
397 407 507 434 domum
521 406 681 441 aperueris;
705 412 754 440 per
775 412 856 440 quem
880 403 966 439 magis

168 452 360 488 Imperatorem
380 454 514 480 honorare
530 451 668 479 videaris?
683 451 765 479 Plane
780 458 826 485 per
840 450 964 477 militem.

167 499 231 526 Nam
246 499 301 526 dux
316 503 414 534 praeter
428 498 602 535 Imperatoris
620 498 764 526 amicitiam
784 497 898 532 plurima
918 497 965 523 ha-

167 546 220 578 bet,
235 553 297 581 quae
313 545 363 573 tibi
380 545 495 573 suadere
512 549 633 580 possunt,
647 549 676 571 ut
690 544 769 572 talem
790 543 828 571 illi
841 543 965 571 conferas

167 592 320 625 honorem;
336 591 415 619 miles
429 599 495 619 vero
514 591 580 618 nihil
602 590 675 618 aliud
694 597 773 626 quam
793 590 965 624 Imperatoris

166 639 323 666 amicitiam.
353 639 415 666 Ideo
441 638 562 670 claudos,
584 637 703 670 mutilos,
725 641 752 664 et
771 644 817 664 eos
841 636 887 671 qui
911 643 965 662 non

166 685 271 719 possint
284 685 397 720 gratiam
415 683 526 717 referre,
541 683 574 710 ad
589 690 680 711 coenas
694 687 721 710 et
735 682 858 709 convivia
873 686 963 708 nostra

165 737 263 758 vocare
279 730 361 765 jussit
381 730 461 762 Deus,
476 730 537 765 quia
559 729 617 757 haec
636 729 720 764 magis
734 728 843 763 proprie
856 732 965 763 propter

167 777 250 805 Deum
280 776 400 812 prtestita
434 780 497 804 sunt
524 776 663 804 beneﬁcia.
692 775 720 804 Si
747 782 812 802 vero
838 782 965 810 magnum

166 823 319 858 quempiam
333 827 362 850 et
382 822 514 850 illustrem
536 822 687 856 exceperis,
705 821 763 848 lucc
782 827 835 848 non
848 819 884 847 ita
900 827 964 854 pura

167 873 210 896 est
223 869 394 904 eleemosyua
409 877 417 902 ;
441 868 489 896 sed
510 872 614 903 partem
629 867 746 902 aliquam
768 866 839 901 apud
852 870 879 894 te
891 872 965 901 saepe

168 915 222 942 sibi
234 915 352 942 vindicat
365 914 453 942 inanis
463 915 558 950 gloria,
575 918 602 942 et
617 913 688 949 quod
703 913 835 941 beneﬁcio
847 913 884 940 sis
896 912 965 940 alle-

167 965 237 994 ctus,
258 964 287 988 et
307 964 419 995 propter
432 960 507 987 illum
521 959 592 995 apud
614 960 712 987 multos
726 959 856 993 insignior
869 958 906 985 sis
926 957 966 986 ef-

166 1006 264 1034 fectus.
281 1006 379 1034 Multos
390 1010 464 1034 certe
479 1005 622 1034 ostendere
634 1005 745 1040 possim,
762 1004 808 1039 qui
821 1007 964 1039 propterea

167 1053 358 1090 insignioribus
371 1058 525 1081 sanctorum
537 1052 708 1085 famulantur,
721 1057 750 1079 ut
763 1059 810 1086 per
821 1051 880 1078 illos
894 1049 965 1085 apud

166 1100 304 1136 principes
325 1099 422 1135 majori
447 1099 569 1126 fruantur
591 1097 700 1131 ﬁducia,
723 1104 754 1124 ac
772 1097 853 1124 rebus
868 1096 924 1123 suis
938 1099 966 1122 et

166 1145 270 1173 aedibus
284 1145 406 1173 utilior-es
419 1145 486 1172 ﬁant
499 1153 505 1172 :
522 1150 549 1172 et
563 1152 578 1171 a
591 1143 692 1171 sanctis
706 1142 760 1171 illis
773 1142 857 1170 multa
872 1141 965 1176 hujus-

168 1207 1247 1222 Μ

697 163 728 192 IN
748 163 855 192 EPIST.
876 163 887 191 l
920 166 966 194 AD
985 165 1064 195 COR.
1085 164 1202 193 llOMlL.
1223 164 1292 192 XXI.

1765 171 1812 197 l‘Tll

1018 222 1091 250 modi
1107 222 1215 257 exigunt
1233 221 1378 255 beneﬁcia;
1395 230 1448 258 quo
1463 222 1496 250 ﬁt-
1505 228 1533 251 ut
1549 224 1601 252 illis
1614 229 1706 260 pereat
1722 227 1812 262 hospi-

1020 268 1129 295 talitatis
1145 275 1259 300 merces,
1271 268 1378 303 quando
1393 269 1438 296 tali
1453 274 1542 298 mente
1551 271 1692 299 accedunt.
1705 271 1737 299 Et
1748 273 1812 306 quid

1018 321 1084 348 opus
1100 313 1207 341 esthoc
1225 313 1258 341 de
1277 315 1377 342 sanctis
1401 314 1512 343 dicere?
1531 315 1638 344 Etenim
1657 317 1701 352 qui
1719 325 1735 344 ιι
1754 320 1810 348 Deo

1017 360 1146 388 laborum-
1163 361 1274 395 prasmia
1297 361 1340 388 hic
1363 362 1469 396 quaerit,
1486 366 1513 389 et
1537 367 1646 398 propter
1670 364 1812 398 praesentia

1017 406 1143 433 virtutem
1165 406 1230 439 adit,
1251 405 1405 434 tnercedeut
1429 414 1506 434 suam
1524 408 1639 435 minuit:
1654 408 1700 444 qui
1721 414 1810 437 autem

1017 451 1134 486 integras
1150 452 1204 479 illic
1222 452 1323 486 expetit
1341 460 1465 487 coronas,
1487 454 1565 490 longe
1584 455 1735 483 mirabilior
1748 463 1812 483 eva-

1017 497 1057 524 dit
1070 505 1078 530 ;
1093 497 1162 524 sicut
1174 497 1292 525 Lazarus
1304 498 1358 531 ille,
1374 499 1418 534 qui
1430 499 1499 527 bona
1511 500 1601 527 omnia
1613 502 1733 536 accepit;
1745 503 1812 529 sicut

1018 547 1072 570 tres
1089 543 1175 578 pueri,
1190 544 1234 578 qui
1250 544 1276 570 iu
1289 543 1425 572 fornacem
1438 553 1501 572 mox
1516 545 1652 580 injiciendi
1666 547 1792 575 dicebant
1805 557 1811 575 :

1017 587 1064 615 Est
1078 588 1147 616 Deus
1168 590 1194 616 in
1217 590 1296 623 caelis,
1315 591 1357 624 qui
1371 591 1450 625 possit
1471 592 1567 626 eripere
1579 600 1624 619 nos
1637 601 1646 625 ,'
1659 593 1698 620 sin
1717 594 1811 625 minus.

1016 639 1103 660 nolunt
1119 634 1150 660 sit
1172 634 1226 668 tibi,
1248 643 1303 667 rex,
1327 635 1395 671 quod
1416 636 1476 663 deos
1492 641 1548 663 tuos
1563 645 1615 664 non
1635 638 1752 671 colimus,
1767 647 1812 666 nec

1016 683 1126 706 statuam
1140 687 1245 707 auream
1259 688 1335 713 quam
1355 681 1456 708 erexisti
1477 682 1613 709 adoramus
1629 682 1708 718 (Dan.
1724 685 1751 712 5.
1768 685 1812 712 ΓΙ.

1018 724 1090 759 18);
1106 725 1177 752 sicut
1190 725 1337 758 Abraham,
1352 726 1397 761 qui
1411 726 1492 753 ﬁlium
1503 735 1581 755 suum
1597 728 1706 756 adduxit
1719 735 1745 757 et
1758 738 1814 757 ma-

1016 770 1107 802 ctavit,
1131 775 1158 797 et
1181 770 1238 798 lucc
1254 779 1306 798 non
1323 779 1371 807 pro
1387 773 1513 801 mercede
1533 773 1607 807 fecit,
1623 774 1675 801 sed
1687 783 1810 810 magnam

1016 816 1175 844 existimans
1192 820 1450 852 remunerationem,
1466 819 1539 854 quod
1553 820 1667 848 Domino
1680 821 1812 850 obediret.

1018 861 1073 889 llos
1085 867 1111 890 et
1130 870 1180 890 nos
1192 871 1296 899 quoque
1310 864 1457 893 imitemur.
1473 865 1518 893 Sic
1531 867 1603 894 enim
1617 868 1724 904 copiosa
1738 869 1814 896 nobis

1016 908 1149 936 bonorum
1167 910 1310 938 retributio
1331 912 1430 946 veniet,
1456 913 1527 948 quod
1551 914 1596 941 tali
1618 915 1709 942 animo
1724 915 1813 943 omnia

1016 954 1156 989 faciamus,
1169 961 1197 983 et
1210 956 1408 991 splendidiores
1421 965 1596 994 assequemur
1607 967 1735 993 coronas;
1747 969 1814 996 quas

1017 1001 1118 1028 utinam
1133 1009 1182 1029 nos
1196 1009 1291 1031 omnes
1312 1004 1493 1039 adipiscamur
1505 1006 1591 1040 gratia
1605 1011 1632 1034 et
1649 1007 1814 1043 benignitate

1018 1047 1124 1075 Domim
1152 1050 1237 1077 nostri
1261 1049 1325 1078 Jesu
1349 1051 1460 1085 Christi,
1484 1052 1591 1086 quicum
1609 1053 1681 1080 Patri
1705 1061 1814 1089 unaque

1016 1093 1126 1130 Spiritui
1139 1101 1232 1124 sancto
1243 1097 1338 1131 gloria,
1351 1098 1507 1134 imperium,
1515 1099 1613 1134 honor,
1626 1109 1697 1129 nunc
1708 1107 1736 1130 et
1746 1110 1813 1130 sem-

1016 1147 1076 1176 per,
1091 1145 1118 1169 et
1133 1142 1160 1169 in
1175 1143 1274 1170 saacula
1285 1143 1457 1172 sazculorum.
1471 1145 1568 1173 Amen.

1733 1215 1791 1222 -η

868 1246 1042 1278 HOMILIA
1057 1247 1146 1280 XXI.

167 1326 233 1357 Car.
249 1326 276 1355 9.
291 1335 316 1354 υ.
332 1327 358 1354 l.
374 1326 438 1353 Non
449 1334 505 1354 tum
517 1326 669 1362 apostolus?
679 1333 731 1353 non
741 1332 796 1352 sum
806 1324 888 1352 liber?
901 1332 964 1351 non-

205 1382 238 1400 ne
251 1373 381 1401 Christum
400 1372 490 1400 Iesum
507 1371 647 1400 Dominum
659 1376 774 1399 nostrum
790 1371 862 1399 vidi?
882 1379 966 1398 nonne

208 1428 273 1455 opus
291 1427 376 1447 meum
391 1427 435 1446 vos
450 1420 508 1446 estis
520 1420 546 1446 in
559 1418 691 1446 Domino?

204 1467 231 1494 I.
247 1466 314 1499 Quia
328 1473 390 1493 cum
410 1466 541 1500 dixisset,
564 1465 596 1493 Si
617 1473 674 1493 esca
687 1465 844 1493 scandalizat
861 1466 966 1500 fratrem

168 1511 451 1545 mum,noncomedam
459 1519 547 1538 carnes
555 1512 581 1538 in
590 1510 797 1545 amulum;un
805 1518 858 1537 non
868 1509 966 1537 fecerat

168 1557 292 1593 quidem,
308 1557 356 1584 sed
371 1564 401 1584 se
414 1557 547 1584 iacturum
561 1557 737 1591 promiserat,
753 1557 775 1583 si
790 1563 857 1591 opus
872 1559 963 1583 esset:

169 1612 203 1632 ne
218 1604 278 1639 quis
292 1603 397 1631 diceret
409 1623 417 1636 ,
441 1602 551 1630 Frustra
565 1603 689 1638 gloriaris
701 1607 727 1630 et
738 1603 828 1630 verbis
846 1602 966 1637 philoso-

169 1650 261 1686 pharis
273 1657 374 1685 oreque
390 1649 542 1684 promittis,
559 1649 630 1685 quod
646 1654 673 1677 et
686 1649 752 1677 mihi
767 1653 795 1677 et
817 1649 902 1677 cuivis
924 1648 966 1676 la-

169 1697 222 1725 cile
234 1700 276 1725 est
288 1705 296 1724 :
312 1704 374 1724 nam
387 1697 409 1724 si
418 1703 450 1724 ex
467 1697 556 1723 animo
565 1696 623 1724 haec
636 1695 714 1730 dicis,
726 1703 757 1723 re
766 1696 822 1731 ipsa
835 1695 964 1730 ostende,

171 1743 231 1777 quid
247 1742 408 1777 despexeris
418 1763 426 1775 ,
440 1746 469 1769 ut
483 1749 517 1770 ne
528 1742 604 1770 fratri
620 1742 782 1770 offendicqu
792 1749 866 1770 esses
880 1750 887 1768 :
904 1742 964 1770 ideo

171 1789 273 1825 cogitur
282 1789 411 1824 deinceps
426 1789 451 1816 in
466 1789 561 1816 horum
576 1788 836 1817 demonstrationem
849 1789 964 1816 descen-

172 1834 254 1868 dere,
279 1835 498 1870 ostendereque,
523 1835 658 1870 quomodo
686 1843 701 1862 a
725 1835 806 1862 rebus
829 1835 965 1862 concessis

169 1881 345 1914 abstinuerit,
363 1880 435 1908 nulla
451 1881 510 1916 lege
528 1880 615 1916 ipsum
630 1884 755 1916 cogente.
772 1880 864 1915 Neque
878 1880 965 1908 adhuc

170 1928 269 1954 mirum
282 1927 333 1955 hoc
345 1931 387 1954 est
397 1948 404 1960 ,
419 1927 522 1954 etiamsi
537 1927 573 1953 sit
594 1927 744 1954 mirandum
754 1946 761 1958 ,
783 1927 854 1961 quod
869 1934 884 1954 a
898 1934 966 1954 con-

169 1973 256 2001 cessis
270 1973 442 2006 abstinuerit,
458 1980 512 2000 non
529 1972 610 2000 modo
625 1976 654 2000 ut
672 1980 725 2000 non
741 1972 903 2000 oll’endieulo
916 1980 962 2001 es-

170 2023 222 2052 set,
237 2019 285 2046 sed
299 2019 379 2046 etiam
393 2018 464 2054 quod
475 2026 534 2045 cum
543 2018 626 2046 multo
638 2018 733 2046 labore
740 2023 766 2046 et
781 2018 899 2053 periculo
915 2018 965 2046 hoc

171 2065 282 2093 laceret.
295 2065 364 2099 Quid
378 2065 449 2092 enim
463 2065 553 2092 dicere
567 2068 682 2100 oportet,
698 2065 794 2100 inquit,
811 2064 844 2092 de
857 2065 890 2092 iis
905 2072 964 2100 qua:

171 2112 307 2139 immolata
321 2116 385 2139 sunt
400 2111 496 2139 idolis?
505 2110 572 2138 Nam
583 2118 642 2138 cum
657 2111 780 2138 Christus
791 2111 922 2144 statuerit,
936 2115 965 2138 ut

172 2160 207 2193 ii,
223 2159 267 2195 qui
282 2159 451 2194 evangelium
473 2157 639 2193 prmdicant,
655 2165 688 2185 ex
701 2157 829 2185 doctrina:
844 2158 964 2185 ministe-

173 2206 214 2233 rio
230 2205 336 2238 vivant,
353 2205 404 2232 hoc
416 2211 468 2239 ego
481 2212 533 2232 non
549 2203 616 2237 feei;
632 2204 679 2231 sed
692 2204 790 2236 statui,
805 2204 826 2231 si
841 2211 909 2239 opus
919 2211 964 2231 es-

171 2257 227 2284 set,
243 2252 324 2278 etiam
340 2250 410 2278 fame
424 2251 506 2277 vitam
522 2250 600 2278 ﬁnire
615 2254 642 2278 et
659 2254 773 2277 mortem
787 2250 879 2278 subire
889 2257 965 2278 acer—

171 2297 320 2329 bissimam,
332 2304 366 2324 ne
374 2296 437 2331 quid
445 2296 594 2331 acciperem
603 2296 677 2323 abiis
685 2296 729 2331 qui
738 2296 945 2323 instituebantur
955 2305 962 2323 :

172 2352 223 2371 non
237 2343 312 2379 quod
326 2343 352 2374 id
366 2343 417 2370 ill-is
432 2342 593 2370 oﬂ'endiculo
607 2341 694 2375 foret,
709 2342 730 2369 si
744 2349 797 2369 non
812 2342 961 2377 acciperet,

175 2390 221 2418 sed
242 2389 304 2425 quia
329 2388 478 2416 aediﬁcandi
494 2392 588 2420 erant;
608 2387 680 2422 quod
703 2387 781 2422 longe
795 2387 881 2422 majus
894 2391 962 2414 erat.

172 2436 205 2463 Et
218 2436 297 2470 hujus
320 2434 359 2462 rei
375 2438 457 2461 testes
472 2434 544 2469 ipsos
560 2434 586 2461 in
612 2433 730 2460 medium
744 2432 868 2466 adducit,
893 2432 964 2467 apud

171 2490 238 2518 quos
248 2488 366 2517 operans
376 2485 403 2508 et
413 2481 535 2508 esuriens
547 2480 628 2507 vixit:
641 2484 667 2507 et
677 2479 746 2514 apud
757 2479 824 2506 alios
834 2480 961 2513 nutritus,

172 2530 197 2557 in
221 2528 346 2564 angustia
368 2527 454 2559 vixit,
484 2530 512 2554 ut
539 2533 573 2553 ne
607 2525 659 2552 illis
685 2524 848 2552 otl‘endiculo
874 2523 962 2552 foret:

171 2574 278 2604 etiamsi
288 2574 386 2602 frustra
405 2572 500 2601 oll‘ensi
523 2572 655 2605 fuissent;
671 2572 728 2606 ipse
742 2579 857 2606 namque
876 2571 962 2606 legem

170 2621 309 2657 implebat,
326 2624 444 2647 attamen
460 2626 493 2647 ex
508 2618 654 2645 abundanti
670 2618 723 2645 illis
736 2617 873 2652 parcebat.
885 2617 962 2651 Quod

169 2670 191 2696 si
207 2675 289 2704 supra
302 2667 388 2702 legem
405 2666 456 2694 hoc
470 2665 583 2693 faciebat
596 2665 650 2698 ille,
663 2668 692 2691 ut
703 2664 864 2692 oﬂ‘endieulo
878 2668 960 2698 esset,

171 2719 195 2743 et
208 2715 242 2742 ab
253 2715 286 2742 iis
296 2721 356 2750 qua:
367 2713 498 2748 permissa
512 2711 564 2739 sibi
576 2716 652 2739 erant
665 2711 793 2738 abstinuit
803 2710 836 2737 ad
847 2710 960 2737 aliorum

170 2760 393 2792 mdiﬁcationem;
409 2758 476 2794 quid
487 2761 626 2785 merentur
635 2756 691 2790 isti,
699 2755 745 2790 qui
756 2756 792 2784 ab
806 2755 963 2791 idolothytis

168 2815 220 2834 non
238 2805 394 2834 abstinent?
416 2804 497 2839 idque
517 2810 578 2830 cum
593 2802 669 2829 multi
683 2809 717 2829 ex
730 2809 762 2828 ea
784 2809 813 2829 re
829 2805 959 2836 pereant,

167 2851 238 2887 quod
246 2856 322 2880 certe
331 2851 412 2879 etiam
423 2850 525 2884 absque
534 2847 697 2876 otl‘eudiculo
706 2846 799 2883 fugere
811 2850 959 2882 oporteret,

168 2906 201 2928 eo
214 2899 287 2935 quod
302 2898 338 2927 sit
358 2897 509 2926 daemonum
535 2902 640 2924 mensa.
663 2894 749 2930 Caput
771 2893 851 2930 igitur
875 2898 960 2923 totum

1021 1326 1073 1354 hoc
1087 1332 1146 1361 est,
1162 1329 1232 1364 quod
1248 1330 1339 1358 multis
1353 1331 1591 1360 tractatversibus.
1604 1332 1812 1368 Oportetaulem

1021 1381 1079 1400 rem
1104 1375 1268 1409 propositam
1295 1376 1376 1404 altius
1398 1381 1529 1412 repetere.
1554 1377 1648 1414 Neque
1666 1379 1737 1406 enim
1762 1380 1814 1408 hoc

1020 1419 1092 1446 clare
1104 1421 1242 1455 exposuit,
1260 1425 1289 1449 ut
1299 1421 1354 1456 jam
1371 1422 1440 1455 dixi;
1458 1430 1544 1457 neque
1562 1424 1595 1451 ad
1610 1423 1637 1452 id
1657 1425 1749 1452 statim
1769 1433 1813 1453 re-

1020 1465 1091 1498 silit,
1107 1467 1155 1494 sed
1172 1467 1279 1495 aliunde
1293 1468 1385 1504 incipit
1408 1469 1451 1496 his
1464 1470 1574 1498 verbis:
1591 1469 1654 1498 Non
1673 1479 1730 1498 sum
1750 1480 1813 1506 apo-

1019 1511 1120 1539 stultis?
1128 1512 1194 1540 Nam
1207 1521 1267 1541 cum
1281 1514 1322 1546 iis,
1336 1523 1395 1550 quin
1409 1514 1479 1542 dicta
1494 1520 1556 1544 sunt
1568 1517 1693 1550 ,multum
1702 1525 1808 1553 quoque

1020 1557 1183 1585 discriminis
1205 1560 1333 1593 interest,
1350 1561 1421 1596 quod
1434 1561 1534 1588 Paulus
1549 1562 1582 1588 sit
1597 1563 1642 1597 qui
1665 1563 1722 1590 hare
1735 1562 1811 1592 facit.

1019 1603 1058 1631 Ne
1069 1603 1190 1632 dicerent
1203 1606 1286 1639 enim,
1302 1605 1378 1634 Licet
1391 1614 1421 1635 se
1435 1607 1551 1643 signanti
1566 1613 1686 1643 gustare,
1701 1609 1810 1636 inierint

1019 1650 1126 1685 quidem
1138 1650 1200 1678 huic
1212 1651 1252 1679 rei
1268 1659 1322 1679 non
1339 1651 1452 1685 insistit;
1467 1652 1516 1681 sed
1529 1652 1604 1687 dicit,
1620 1653 1732 1682 Etiamsi
1741 1655 1812 1683 .lice-

998 1715 1000 1718 .
1019 1701 1081 1730 ret,
1099 1696 1134 1724 ob
1148 1696 1259 1724 fratrum
1272 1697 1401 1725 damnum
1419 1705 1472 1725 non
1487 1703 1631 1733 oporteret
1639 1699 1691 1727 hoc
1706 1700 1793 1728 facere
1803 1722 1811 1735 ,

1019 1741 1183 1777 demumque
1194 1743 1313 1770 ostendit
1326 1751 1380 1770 non
1394 1744 1487 1772 licere.
1501 1743 1578 1772 Nunc
1591 1749 1680 1773 autem
1696 1747 1812 1781 primum

1018 1787 1084 1814 illud
1099 1789 1193 1823 probat
1206 1788 1284 1817 exiis
1297 1797 1356 1824 qua:
1369 1790 1402 1817 ad
1417 1797 1448 1818 se
1461 1796 1598 1826 spectant;
1613 1796 1641 1819 et
1651 1792 1771 1821 dicturus
1782 1801 1813 1822 se

1019 1833 1087 1860 nihil
1101 1833 1200 1862 abillis
1222 1835 1376 1870 accepisse,
1397 1842 1451 1863 non
1466 1836 1555 1863 statim
1571 1837 1636 1865 illud
1651 1839 1744 1873 ponit,
1760 1840 1808 1867 sed

1019 1878 1174 1914 dignitatem
1197 1887 1271 1907 suam
1288 1880 1376 1916 primo
1391 1880 1475 1908 dicit:
1497 1881 1559 1908 Non
1581 1890 1638 1909 sum
1661 1885 1813 1918 apostolus?

1018 1932 1070 1951 non
1081 1933 1138 1952 sum
1153 1924 1236 1952 liber?
1248 1925 1288 1953 Ne
1301 1927 1423 1954 dicerent
1436 1926 1508 1954 enim
1521 1935 1529 1954 :
1543 1928 1654 1956 Etiamsi
1667 1937 1719 1956 non
1731 1938 1810 1958 acce-

1019 1971 1106 2006 peris,
1121 1972 1192 2006 quotl
1218 1979 1271 1999 non
1295 1972 1390 1999 liceret
1404 1979 1457 2000 non
1471 1974 1619 2008 accepisti;
1638 1965 1698 2002 ideo
1723 1976 1810 2010 primo

1018 2018 1093 2053 ponit
1105 2025 1210 2050 causas,
1225 2022 1336 2054 propter
1349 2025 1416 2054 quas
1428 2018 1492 2054 jure
1502 2020 1659 2055 accepisset,
1674 2021 1697 2048 si
1711 2022 1812 2050 voluis-

1018 2067 1059 2090 set
1072 2063 1206 2098 accipere.

1054 2107 1154 2135 Paulus
1173 2116 1219 2135 cur
1232 2109 1343 2144 seipsum
1355 2109 1456 2136 laudet.
1465 2123 1502 2130 —
1516 2109 1618 2138 Deinde
1628 2118 1662 2139 ne
1671 2111 1811 2141 videretur

1018 2152 1076 2182 haec
1084 2153 1176 2181 dicens
1187 2155 1295 2182 Petrum
1303 2159 1330 2182 et
1338 2162 1401 2182 suos
1407 2155 1542 2183 criminari
1553 2156 1625 2191 (nam
1637 2156 1675 2184 illi
1690 2158 1807 2193 accipie-

1019 2199 1099 2237 bant)
1110 2209 1117 2228 :
1126 2201 1212 2236 primo
1221 2201 1338 2229 ostendit
1347 2201 1399 2229 illis
1406 2202 1527 2238 accipere
1537 2202 1658 2230 licuisse:
1667 2203 1765 2232 deinde
1773 2212 1808 2232 ne

1017 2245 1078 2281 quis
1090 2246 1210 2274 diceret:
1225 2246 1306 2274 Petro
1316 2246 1424 2282 quidem
1438 2247 1561 2281 accipere
1576 2248 1668 2282 licuit,
1685 2249 1731 2276 tibi
1745 2257 1810 2277 vero

1017 2300 1072 2320 non
1093 2293 1185 2326 licuit;
1207 2293 1357 2321 auditorem
1379 2294 1519 2329 praevertit
1536 2294 1660 2322 laudibus
1674 2296 1750 2324 suis:
1768 2297 1808 2324 vi-

1017 2340 1138 2376 densque
1157 2342 1338 2369 necessarium
1350 2348 1412 2368 esse
1442 2345 1473 2368 ut
1487 2348 1517 2368 se
1532 2341 1653 2369 laudaret
1670 2342 1725 2378 (sie
1736 2343 1810 2371 enim

1017 2387 1149 2414 Corinthii
1165 2387 1402 2422 corrigebantur);
1424 2387 1545 2422 nihilque
1562 2392 1651 2415 tamen
1669 2389 1761 2416 volens
1775 2389 1810 2417 de

1017 2440 1046 2461 se
1057 2440 1181 2469 magnum
1192 2433 1297 2465 dicere,
1315 2433 1362 2460 sed
1374 2437 1502 2468 quantum
1518 2434 1644 2469 exigebat
1658 2442 1723 2462 usus
1737 2443 1807 2470 prat-

1016 2479 1101 2506 sentis
1115 2478 1242 2513 propositi
1255 2487 1261 2504 :
1283 2477 1342 2505 vide
1355 2478 1491 2513 quomodo
1505 2479 1627 2515 utrisque
1643 2484 1671 2507 ut
1688 2488 1704 2507 e
1715 2488 1744 2507 re
1757 2481 1809 2508 l'uit

1018 2531 1081 2551 usus
1095 2528 1151 2557 est,
1166 2528 1268 2551 tantum
1279 2531 1309 2551 se
1324 2523 1453 2558 laudans,
1473 2531 1526 2551 non
1539 2529 1671 2560 quantum
1684 2525 1743 2561 ipse
1757 2526 1808 2554 sibi

1016 2569 1140 2597 conscius
1150 2573 1209 2597 erat
1218 2589 1226 2602 ,
1240 2569 1288 2597 sed
1301 2573 1429 2604 quantum
1443 2569 1565 2605 exigebat
1577 2578 1697 2606 prtesens
1709 2579 1806 2599 neces-

1015 2614 1090 2642 sitas.
1104 2613 1170 2642 Cum
1185 2619 1276 2650 posset
1287 2614 1359 2642 enim
1374 2614 1475 2648 dicere,
1487 2615 1529 2642 Me
1541 2615 1602 2650 plus
1621 2623 1700 2651 quam
1713 2624 1808 2645 omnes

1015 2665 1042 2689 et
1055 2669 1135 2696 quam
1149 2661 1210 2688 illos
1221 2660 1362 2696 oportebat
1374 2661 1513 2696 accipere,
1527 2662 1589 2696 quia
1601 2661 1659 2697 plus
1674 2669 1754 2698 quam
1769 2663 1806 2690 illi

1016 2707 1149 2739 laboravi;
1164 2708 1216 2736 hoc
1229 2707 1335 2742 quidem
1347 2715 1401 2735 non
1412 2707 1487 2741 dicit,
1499 2707 1571 2743 quod
1586 2708 1727 2739 sublimius
1738 2709 1805 2737 fuis-

1015 2758 1072 2787 set;
1092 2753 1140 2781 sed
1153 2761 1184 2781 ea
1204 2753 1259 2781 sola
1275 2754 1368 2788 ponit,
1383 2761 1419 2781 ex
1432 2753 1529 2789 quibus
1543 2753 1582 2781 illi
1604 2755 1694 2789 magni
1705 2760 1800 2788 erant,

1014 2805 1042 2827 et
1055 2800 1124 2827 unde
1134 2799 1194 2834 jure
1205 2799 1389 2834 accipiebant,
1402 2799 1443 2828 sic.
1456 2799 1569 2835 loquens
1580 2809 1589 2828 :
1603 2799 1665 2828 Non
1676 2807 1733 2827 sum
1743 2808 1806 2834 apo—

1014 2846 1112 2873 stolus?
1125 2854 1176 2873 mm
1189 2854 1246 2873 sum
1258 2846 1339 2874 liber?
1351 2845 1379 2873 ld
1400 2850 1461 2874 est:
1476 2853 1567 2873 annon
1581 2846 1634 2873 mei
1656 2845 1740 2880 ipsius
1754 2853 1804 2881 po-

1014 2896 1138 2920 testatem
1153 2891 1259 2920 habeo?
1273 2899 1308 2920 an
1326 2891 1442 2927 cuipiam
1464 2890 1588 2920 subditus
1607 2898 1684 2926 sum,
1699 2890 1745 2927 qui
1761 2899 1804 2920 mc
