2046 3114
236 167 281 195 ΓΗ

238 229 315 260 cogat
328 227 355 251 et
368 227 440 250 velet
460 222 602 257 accipere?
615 222 650 248 At
667 221 703 247 illi
716 219 816 254 aliquid
832 219 893 254 plus
908 218 1024 251 habent,

237 270 308 306 quod
325 269 423 297 fuerint
437 275 498 296 cum
512 267 629 295 Christo.
641 265 739 293 Verum
753 272 786 292 ne
798 265 844 292 illo
859 264 966 299 quidem
981 272 1030 291 ex-

237 324 297 351 pers
311 316 346 344 fui
359 325 367 343 :
384 315 443 342 ideo
457 314 521 341 dicit
534 322 540 340 :
556 312 650 340 Nonne
661 311 801 339 Dominum
814 315 926 338 nostrum
940 310 1031 336 Iesum

235 363 364 391 Christum
383 362 457 389 vidi.’
481 359 625 388 Nouissime
646 359 740 394 quippe
763 357 896 390 omnium,
925 357 1029 391 inquit,

235 416 362 444 tamquam
384 407 497 434 abortivo
515 406 581 435 visus
603 410 638 431 est
664 409 687 431 et
707 403 770 430 mihi
781 403 790 439 (
807 403 833 431 l.
847 402 907 430 Cor.
925 402 968 429 l5.
983 401 1029 437 8).

234 456 291 483 Non
306 462 387 489 parva
402 457 493 480 autem
509 452 566 479 lucc
580 455 638 479 erat
651 450 778 486 dignitas.
793 449 871 476 Multi
881 448 953 476 enim
969 455 1031 482 pro-

236 502 318 536 pheta:
328 506 351 528 et
361 499 437 535 justi.
452 499 546 533 inquit,
564 498 694 525 voluerunt
708 497 791 523 videre
803 503 860 530 qua:
874 503 918 522 vos
929 495 1030 525 videtis,

235 553 258 574 et
284 555 336 574 non
362 545 481 573 viderunt
506 543 621 579 (Matth.
640 544 682 570 15.
704 542 774 577 l7);
790 547 834 573 et,
858 540 960 567 Veniant
979 540 1032 566 dies

235 593 337 626 quando
349 591 438 618 voletis
449 590 535 618 videre
545 598 624 617 unum
633 597 664 616 ea:
679 589 718 615 Itis
729 588 816 614 diebus
830 587 906 622 (Luc.
917 587 962 613 l7.
973 586 1030 620 22).

236 638 305 672 Quid
319 643 386 670 tum,
400 637 505 665 etiamsi
519 637 556 664 sis
568 635 708 671 apostolus
721 640 748 662 et
763 634 840 666 liber,
854 638 882 661 et
896 633 1031 660 Christum

235 684 335 712 videris
348 693 355 717 ;
371 683 395 712 si
409 683 512 710 tutllutn
525 682 680 710 exhibueris
693 680 807 715 apostoli
820 687 887 713 Oplls
900 699 907 709 ,
920 685 1033 713 quomo-

237 731 272 758 do
287 730 370 758 debes
393 729 538 764 accipere?
563 728 624 755 Ideo
651 732 744 762 postea
767 725 923 761 subjuuxit:
940 724 1034 751 Nonne

235 785 301 812 opus
311 784 394 802 meum
408 783 452 802 vos
463 775 521 802 estis
533 774 560 800 in
575 773 677 801 Christo
688 773 701 800 Ρ
721 772 779 800 [loc
792 772 891 806 quippe
904 778 1031 805 magnum

237 828 277 851 est
291 831 297 849 :
313 830 375 850 nam
389 821 434 849 illa
449 821 550 855 absque
565 820 616 847 hoc
631 819 698 846 nihil
715 818 818 853 juvant.
832 817 937 844 Etenim
951 815 1033 843 ludas

237 868 376 904 apostolus
387 871 446 896 erat
457 871 485 894 et
501 866 568 894 liber
578 886 586 898 ,
602 869 684 900 atque
697 864 833 891 Christum
849 862 968 894 viderat;
984 862 1033 890 sed

237 915 299 950 quia
319 914 433 950 apostoli
448 920 516 948 opus
537 920 590 940 non
606 911 714 943 habuit,
738 909 805 937 nihil
821 908 879 936 haec
903 908 953 943 ipsi
969 915 1033 943 pro-

239 963 355 990 fuerunt.
376 960 523 995 Propterea
545 962 573 987 et
595 957 646 985 hoc
667 957 776 992 adjicit,
799 956 927 991 ipsosque
949 959 1032 982 testes

239 1014 325 1039 vocat.
340 1010 374 1037 Et
385 1009 448 1044 quia
461 1015 587 1043 magnum
600 1006 725 1041 loquutus
739 1008 807 1037 erat,
823 1003 884 1031 vide
897 1001 1033 1037 quomodo

239 1057 303 1084 illud
325 1056 440 1091 castiget
454 1054 564 1085 dicens,
581 1052 615 1080 In
638 1051 746 1079 Domino
761 1059 770 1079 .-
789 1050 816 1078 id
829 1054 890 1083 est,
906 1050 953 1077 Dei
966 1056 1034 1084 opus

238 1108 279 1132 est
290 1123 299 1136 ,
315 1109 369 1130 non
384 1109 483 1129 meum.
498 1100 526 1127 2.
544 1099 575 1127 Si
596 1099 654 1126 aliis
675 1106 728 1124 non
747 1105 804 1124 sum
817 1095 948 1131 apostolus
959 1116 966 1128 ,
990 1095 1034 1122 sed

241 1154 325 1176 tamen
345 1147 414 1175 vobis
434 1154 500 1174 sunt.

273 1194 302 1222 2.
316 1193 397 1221 Vides
409 1192 545 1228 quomodo
566 1197 620 1218 non
641 1195 857 1225 supervacaueus
879 1186 933 1215 sit?
955 1187 1034 1222 Atqui

239 1245 344 1276 poterat
364 1239 455 1267 dicere
477 1237 570 1265 orbem
596 1242 675 1263 terra:
698 1240 726 1262 et
748 1239 842 1270 gentes
862 1233 989 1261 barbaras
1008 1237 1036 1259 et

240 1293 338 1315 terram
351 1289 380 1314 et
392 1292 484 1317 mare;
497 1283 546 1312 sed
556 1283 623 1310 nihil
639 1282 733 1309 horum
750 1281 815 1308 dicit
828 1301 837 1313 ,
859 1280 906 1307 sed
926 1288 960 1307 ex
971 1286 1035 1306 cou-

238 1333 362 1361 cessione
375 1335 402 1359 et
416 1338 450 1358 ex
462 1329 626 1357 abundantia
639 1328 732 1355 vincit.
748 1327 817 1360 Quid
830 1326 902 1354 enim
912 1346 922 1358 ,
934 1326 1035 1360 inquit,

239 1378 306 1406 mihi
318 1383 387 1413 opus
399 1381 441 1404 est
457 1374 683 1410 supervacaneis,
699 1381 759 1401 cum
776 1373 834 1400 lucc
848 1371 982 1400 sufﬁciant
1002 1371 1035 1398 ad

241 1431 360 1460 prtesens
373 1426 559 1458 argumentum
570 1421 583 1446 Ῥ
597 1419 655 1448 Non
669 1420 729 1448 dico
742 1419 822 1455 igitur
834 1419 878 1446 illa
893 1418 1035 1454 prmclara.

239 1477 300 1505 qua:
313 1469 383 1504 apud
396 1468 465 1496 alios
475 1475 491 1495 a
503 1475 546 1494 me
558 1467 626 1494 facta
637 1471 710 1498 sunt,
729 1466 777 1494 sed
797 1473 828 1494 ea
850 1473 965 1500 quorum
988 1472 1037 1492 vos

240 1520 324 1544 testes
337 1515 414 1542 estis.
430 1513 600 1548 Quapropter
614 1512 721 1540 etiamsi
735 1519 787 1538 non
803 1510 921 1545 aliunde,
931 1519 946 1538 a
960 1510 1037 1538 vobis

240 1561 361 1590 maxime
374 1560 533 1595 Oportebat,
548 1566 591 1586 me
606 1559 728 1593 accipere
742 1566 749 1584 :
766 1561 883 1584 attamen
900 1564 915 1583 a
939 1557 1036 1592 quibus

241 1615 285 1635 me
298 1607 413 1635 maxime
427 1605 568 1641 oportebat
582 1605 705 1639 accipere
719 1603 834 1638 (doctor
853 1603 924 1630 enim
948 1606 1039 1629 vester

242 1652 298 1689 fui)
311 1673 318 1686 ,
333 1652 367 1680 ab
381 1652 412 1679 iis
427 1659 480 1678 non
494 1650 595 1685 accepi.
612 1649 644 1677 Si
661 1649 719 1676 aliis
741 1657 791 1675 non
809 1656 866 1675 sum
886 1647 1036 1683 apostolus,

240 1700 286 1727 sed
309 1698 377 1726 vobis
404 1705 472 1725 sum.
497 1696 600 1724 Rursus
621 1703 653 1723 ex
669 1694 806 1722 concessis
821 1694 937 1730 loquitur
952 1702 959 1720 :
974 1701 1036 1721 nam

241 1745 316 1774 orbis
328 1744 467 1779 apostolus
481 1746 550 1771 erat.
565 1743 689 1770 Attamen
705 1741 758 1769 hoc
772 1749 824 1768 non
841 1741 918 1773 dico,
934 1740 1034 1775 inquit,

243 1799 330 1826 neque
343 1798 432 1826 pugno
455 1794 483 1817 et
502 1788 658 1820 contendo,
684 1787 733 1815 sed
756 1787 828 1821 quod
851 1791 970 1814 vestrum
996 1791 1037 1814 est

243 1846 322 1873 pono.
338 1837 408 1865 Nam
420 1835 580 1872 signaculum
599 1834 757 1870 apostolatus
779 1834 827 1860 mei
848 1840 892 1860 vos
913 1833 972 1860 estis
990 1833 1034 1868 (ἓ.

242 1885 301 1912 (.‘or.
316 1884 361 1912 12.
377 1883 431 1918 l2)
446 1891 454 1910 :
471 1882 497 1910 id
512 1887 564 1915 est,
578 1880 783 1909 demonstratio.
798 1880 832 1907 Et
850 1880 873 1907 si
888 1880 948 1915 quis
967 1880 1037 1907 scire

241 1932 306 1959 velit
330 1930 402 1959 unde
427 1930 477 1957 sim
501 1928 661 1964 apostolus,
697 1934 747 1954 vos
773 1926 882 1961 profero
912 1934 919 1952 :
945 1926 1036 1953 omnia

242 1979 313 2006 enim
336 1985 396 2012 qua:
416 1980 480 2004 sunt
500 1974 633 2010 apostoli,
660 1973 687 2001 in
707 1973 783 2000 vobis
805 1971 911 2000 ostendi
927 1976 955 2000 et
970 1971 1036 1998 nihil

242 2022 415 2060 praetermisi;
439 2027 468 2050 ut
491 2021 518 2048 in
540 2019 660 2048 secunda
693 2026 801 2055 quoque
825 2019 938 2054 cpistola
959 2018 1036 2051 dicit,

243 2070 349 2098 Etiamsi
378 2068 444 2096 nihil
469 2076 543 2102 sum,
580 2067 723 2102 inquiens,
749 2067 822 2101 signa
856 2071 940 2093 tamen
972 2073 1036 2100 apo-

241 2117 300 2144 stoli
318 2116 345 2143 in
364 2115 432 2142 vobis
459 2115 527 2149 facta
547 2118 606 2140 sunt
618 2113 645 2139 in
659 2113 728 2139 onmi
753 2112 881 2146 potentia,
905 2112 931 2138 iu
957 2112 1036 2147 signis

241 2168 264 2190 et
279 2161 403 2197 prodigiis
423 2164 448 2187 et
468 2159 598 2186 uirtutibus
615 2157 704 2193 (Ibid.
719 2165 748 2185 v.
774 2158 817 2184 ll.
841 2161 869 2185 et
892 2157 954 2193 12).
966 2157 1036 2190 Quid

244 2213 285 2235 est
306 2207 396 2238 enim,
422 2205 494 2240 quod
516 2204 604 2232 minus
624 2203 753 2230 habuistis
776 2211 830 2238 pra:
852 2203 956 2230 caeteris
982 2203 1035 2230 Ec-

242 2252 351 2281 clesiis?
373 2251 436 2279 Ideo
457 2250 495 2277 ait
522 2257 528 2276 :
555 2249 723 2285 Signaculum
743 2248 901 2284 apostolatus
922 2249 971 2275 mei
993 2257 1036 2275 vos

247 2301 314 2329 estis.
328 2299 397 2328 Nam
409 2303 436 2326 et
450 2298 525 2333 signa
538 2296 655 2330 ostendi,
670 2300 697 2323 et
713 2295 797 2323 verbo
807 2295 901 2328 docui,
914 2299 942 2322 et
963 2295 1034 2330 peri-

246 2348 305 2375 cula
320 2346 398 2379 subii,
413 2351 440 2373 et
453 2345 533 2371 vitam
549 2343 710 2378 inculpatam
724 2341 801 2370 duxi.
817 2342 851 2369 Et
867 2342 924 2369 haec
945 2342 1034 2369 omnia

245 2396 338 2425 videre
350 2394 413 2421 licet
424 2399 473 2427 per
485 2391 566 2418 hasce
577 2390 645 2417 duas
659 2389 785 2424 epistolas
794 2408 802 2421 ,
817 2396 895 2423 quam
911 2393 1035 2416 accurate

247 2449 344 2477 nempe
353 2440 412 2468 haec
419 2436 522 2473 singula
535 2436 711 2464 demonstret.
727 2435 754 2462 5.
773 2434 833 2461 Mea
856 2434 968 2469 defensio
985 2434 1033 2467 iis,

244 2490 288 2525 qui
301 2495 340 2516 me
354 2487 529 2520 interrogant,
544 2482 598 2510 hac
607 2485 654 2509 est.
670 2480 739 2515 Quid
757 2484 815 2512 est,
840 2479 900 2507 Mea
922 2480 1035 2516 defensio

243 2536 276 2562 iis
288 2555 296 2567 ,
310 2533 353 2570 qui
365 2539 405 2558 me
417 2531 574 2564 interrogant
584 2548 592 2561 ,
609 2527 661 2554 hac
671 2527 730 2554 est?
744 2526 779 2553 lis
792 2526 837 2562 qui
861 2526 966 2553 discere
988 2533 1035 2553 vo-

244 2581 304 2609 lunt
318 2578 450 2606 undenam
461 2575 512 2603 sim
522 2573 659 2610 apostolus
668 2593 676 2605 ,
690 2577 736 2600 aut
749 2573 782 2600 iis
804 2572 849 2608 qui
875 2580 919 2599 me
942 2572 1034 2599 crimi-

241 2631 339 2654 nantur
353 2629 382 2652 ut
397 2623 442 2659 qui
453 2622 581 2659 pecunias
593 2620 723 2655 accipiam
737 2640 744 2652 ,
759 2624 806 2646 aut
819 2619 851 2646 iis
866 2619 910 2653 qui
923 2625 1031 2645 causam

241 2675 365 2708 quaerunt
375 2677 423 2698 cur
436 2675 489 2696 non
500 2667 627 2702 accipiam
637 2686 646 2700 ,
664 2670 711 2693 aut
723 2666 755 2692 iis
770 2664 814 2699 qui
827 2663 919 2691 volunt
942 2669 1032 2691 osten-

243 2718 323 2750 dere,
337 2723 382 2744 me
395 2723 448 2744 non
462 2721 524 2742 esse
536 2712 687 2748 apostolum
703 2731 711 2744 ,
727 2716 815 2738 vestra
831 2709 962 2738 institutio
973 2731 980 2742 ,
1005 2714 1033 2737 et

241 2772 273 2793 ea
286 2771 346 2800 quae
359 2762 479 2790 dicturus
492 2767 552 2788 sum
562 2779 570 2792 ,
588 2758 616 2785 in
629 2756 886 2785 demonstrationem
899 2761 926 2783 et
939 2755 1032 2784 defen-

241 2811 344 2838 sionem
359 2808 516 2837 aﬁ'eruntur.
531 2805 658 2839 Quaenam
671 2807 760 2830 autem
775 2802 838 2829 illa?
855 2802 881 2830 4.
899 2801 1032 2836 Numquid

241 2864 292 2884 non
313 2855 432 2883 habemus
454 2855 601 2888 potestatem
624 2848 797 2876 manducandi
819 2853 842 2875 et
861 2848 984 2875 bibendi?
1002 2848 1028 2876 5.

239 2901 360 2933 numuid
379 2907 428 2928 non
453 2897 572 2926 hbemus
597 2900 744 2931 potestatem
768 2894 897 2921 mulierem
914 2901 1027 2921 sororem

585 163 613 191 S.
634 162 772 191 JOANNIS
789 159 1028 189 CllBYSOSTOMI
1047 159 1206 190 ARCHIEI‘.
1227 160 1492 191 CONSTANTINOP.

1827 165 1878 194 I72

1083 218 1291 247 circumducendi
1301 219 1314 246 .9
1327 219 1501 255 thuomodo
1509 220 1566 248 lucc
1576 220 1698 249 defensio
1707 222 1789 250 sunt?
1799 224 1877 257 Quia,

1083 273 1143 292 cum
1159 266 1313 301 apparuerit
1326 274 1369 294 me
1381 267 1460 294 etiam
1475 274 1489 294 a
1503 268 1640 295 concessis
1653 268 1805 303 abstinere,
1823 278 1876 298 non

1081 313 1141 348 jure
1155 313 1181 340 in
1197 313 1376 348 suspicionem
1396 315 1517 342 venerim
1539 315 1610 349 quod
1634 315 1714 343 fallax
1739 316 1790 344 sim
1805 338 1812 350 ,
1836 318 1878 345 vel

1083 358 1155 393 quod
1169 359 1288 393 pecunia:
1302 366 1383 387 causa
1405 359 1506 395 aliquid
1528 360 1634 388 faciam.
1660 362 1696 389 Ea
1718 362 1798 397 igitur
1819 371 1880 398 qua!

1085 405 1158 439 prius
1173 405 1244 432 dicta
1257 410 1330 439 sunt,
1346 410 1374 433 et
1387 411 1475 433 vestra
1489 406 1622 440 doctrina,
1634 413 1661 435 et
1673 416 1732 443 qua:
1745 409 1800 443 iam
1811 410 1879 444 d.xi,

1083 450 1117 477 ad
1132 449 1316 478 defensionem
1329 451 1404 479 vobis
1418 452 1573 486 sufficiunt;
1587 457 1616 481 et
1637 453 1767 482 adversus
1784 462 1880 483 omnes

1083 496 1128 530 qui
1140 496 1306 531 interrogant
1318 505 1362 525 me
1373 517 1382 530 ,
1398 496 1442 525 hic
1453 498 1508 531 jam
1523 503 1566 525 sto
1576 518 1584 532 ,
1600 503 1628 526 et
1643 499 1700 527 hmo
1719 506 1746 527 et
1767 501 1813 528 illa
1835 501 1879 529 tli-

1084 548 1148 568 ccns
1164 550 1172 569 :
1187 541 1277 569 Annon
1290 542 1410 569 habemus
1435 547 1584 578 potestatem
1605 545 1778 572 manducandi
1798 552 1822 573 et
1843 547 1881 574 bi-

1085 587 1182 615 bendi?
1194 597 1279 615 annon
1297 589 1418 623 habemus
1439 594 1587 623 potestatem
1612 599 1723 618 sororem
1749 593 1881 620 mulierem

1085 633 1310 662 circumducendi?
1334 636 1459 663 Attamen
1482 636 1545 664 licet
1574 637 1705 670 habeam,
1745 639 1880 668 abstineo.

1085 678 1153 712 Quid
1170 680 1252 715 ergo?
1274 689 1327 708 non
1349 681 1545 709 manducabat?
1571 691 1623 710 non
1650 684 1780 712 bibebat?
1803 685 1882 721 Smpe

1085 730 1158 753 certe
1182 734 1232 754 nec
1252 727 1446 762 maudttcabat,
1469 736 1519 756 nec
1543 729 1650 757 bibebat
1665 739 1672 757 :
1688 738 1750 759 nam
1773 733 1831 759 ait:
1847 732 1882 760 lu

1086 773 1153 806 fame
1165 777 1188 799 et
1202 773 1261 806 siti,
1282 772 1309 800 in
1333 775 1429 810 frigore
1449 780 1472 802 et
1497 776 1610 803 nuditate
1637 777 1674 810 (2
1687 777 1747 805 Cor.
1765 779 1808 806 Η.
1824 779 1880 814 27)

1086 817 1267 845 versabantur.
1283 818 1332 847 Hic
1349 824 1438 848 autem
1458 829 1515 848 non
1542 821 1594 850 hoc
1616 821 1700 856 dicit;
1726 824 1773 852 sed
1797 825 1882 860 quid?

1086 865 1144 892 Non
1160 865 1351 894 manducamus
1365 875 1415 895 nec
1428 868 1554 901 bibimus,
1569 876 1585 896 a
1599 869 1737 905 discipulis
1747 871 1883 907 accipien—

1087 916 1144 945 tes,
1158 913 1262 940 etiamsi
1277 918 1435 947 potestatem
1450 914 1598 942 habeamus
1615 916 1775 951 accipiendi.
1797 917 1882 944 Num-

1087 957 1148 992 quid
1162 966 1213 985 non
1231 958 1350 986 habemus
1370 965 1518 994 potestatem
1542 969 1655 988 serarent
1678 962 1809 990 mulierem
1831 965 1884 991 cir-

1086 1004 1269 1038 cumducendi,
1286 1006 1351 1032 sicut
1365 1011 1389 1033 et
1406 1006 1490 1033 elateri
1508 1006 1619 1042 apostoli
1630 1011 1653 1034 et
1665 1009 1757 1043 fratres
1775 1008 1882 1036 Domini

1086 1053 1110 1075 et
1123 1049 1221 1084 Cephas
1230 1050 1242 1077 ?

1123 1094 1202 1122 Pauli
1221 1097 1477 1131 sapientia.—Vide
1502 1099 1660 1134 sapientiam
1683 1108 1690 1126 :
1709 1100 1882 1136 coryphaeum

1087 1141 1210 1169 ultimum
1222 1143 1313 1177 posuit
1329 1152 1336 1170 :
1352 1151 1412 1171 nam
1428 1145 1500 1180 quod
1516 1145 1585 1173 inter
1597 1146 1684 1181 capita
1700 1146 1797 1175 fortius
1819 1154 1861 1176 est
1873 1169 1882 1180 ,

1087 1192 1152 1216 tunc
1165 1189 1248 1223 ponit.
1263 1189 1355 1225 Neque
1369 1190 1441 1218 enim
1454 1191 1490 1218 ila
1503 1191 1653 1219 mirandum
1667 1197 1724 1220 erat
1735 1214 1743 1226 ,
1756 1193 1824 1221 alios
1836 1201 1884 1221 os-

1089 1236 1197 1263 tendere
1212 1235 1262 1263 hoc
1275 1237 1412 1270 facientes,
1429 1241 1458 1264 ut
1473 1238 1586 1272 primum
1601 1244 1627 1266 et
1640 1246 1701 1267 eum
1717 1240 1759 1267 cui
1775 1240 1881 1267 traditae

1087 1287 1150 1309 sunt
1164 1282 1254 1310 claves
1268 1283 1342 1318 regni
1354 1283 1493 1311 caelorum.
1510 1283 1641 1311 Caeterum
1657 1293 1709 1312 non
1729 1284 1815 1312 solum
1832 1294 1883 1320 po-

1088 1329 1127 1356 uil
1137 1349 1145 1362 ,
1159 1328 1208 1356 sed
1219 1336 1313 1356 omnes
1325 1350 1334 1362 ,
1348 1337 1380 1357 ac
1390 1330 1411 1356 si
1426 1329 1527 1357 diceret
1540 1338 1548 1357 :
1565 1330 1628 1358 Sive
1650 1331 1790 1359 inferiores
1810 1339 1884 1366 qum-

1088 1381 1132 1401 ras
1145 1375 1201 1402 sive
1216 1375 1368 1410 superiores
1381 1396 1389 1409 ,
1405 1375 1526 1403 omnium
1552 1376 1639 1411 posita
1663 1382 1726 1403 sunt
1747 1377 1881 1412 exentpla.

1090 1421 1194 1448 Etenim
1210 1421 1308 1449 fratres
1323 1422 1429 1449 Domini
1443 1430 1458 1449 a
1470 1422 1754 1457 prioreiucredulitate
1766 1423 1882 1458 liberati,

1089 1467 1157 1494 inter
1168 1467 1296 1495 clariores
1309 1473 1400 1500 erant,
1416 1468 1466 1496 etsi
1480 1468 1513 1496 ad
1527 1469 1664 1504 apostolos
1677 1477 1731 1497 non
1754 1477 1883 1504 pervene-

1088 1517 1148 1540 rant
1162 1521 1168 1539 :
1186 1512 1301 1548 ideoque
1312 1513 1337 1540 in
1351 1514 1440 1541 medio
1455 1514 1516 1541 illos
1531 1515 1620 1549 posuit
1634 1535 1640 1546 ,
1657 1515 1770 1542 summis
1797 1518 1883 1542 utrin-

1088 1563 1141 1590 que
1157 1555 1261 1590 positis.
1278 1557 1306 1583 6.
1322 1556 1372 1582 Aut
1387 1564 1434 1592 ego
1447 1557 1516 1583 solus
1530 1562 1554 1584 et
1574 1557 1707 1584 Barnabas
1728 1566 1778 1584 non
1802 1559 1882 1586 habe-

1089 1610 1145 1629 mus
1159 1607 1307 1637 potestatem
1321 1611 1372 1629 non
1383 1603 1506 1638 operandi
1517 1603 1555 1640 (a)
1566 1603 1579 1630 .9
1593 1603 1658 1631 Vide
1669 1604 1846 1632 humilitatem
1856 1609 1883 1632 et

1087 1648 1206 1675 animant
1220 1648 1294 1675 omni
1308 1648 1405 1676 invidia
1421 1649 1544 1682 liberam,
1559 1649 1695 1684 quomodo
1706 1657 1767 1678 eum
1780 1670 1788 1683 ,
1803 1658 1882 1686 quem

1089 1701 1215 1722 curarum
1227 1695 1329 1722 socium
1346 1695 1447 1722 sciebat
1460 1715 1467 1728 ,
1484 1703 1537 1722 non
1552 1696 1675 1723 tacuerit.
1692 1696 1721 1723 Si
1736 1697 1807 1723 enim
1830 1697 1882 1724 alia

1088 1741 1240 1769 communia
1253 1762 1260 1773 ,
1275 1749 1324 1769 cur
1339 1741 1389 1769 hoc
1403 1749 1455 1769 non
1471 1750 1614 1770 commune
1639 1742 1741 1770 fuerit?
1761 1744 1883 1778 Δροαοιί

1089 1791 1151 1815 sunt
1165 1791 1192 1814 et
1205 1787 1241 1814 illi
1257 1793 1285 1814 et
1299 1794 1347 1814 nos
1357 1808 1365 1819 .
1380 1791 1408 1815 et
1421 1787 1497 1815 liberi
1511 1796 1518 1821 ;
1532 1792 1560 1815 et
1572 1787 1708 1815 Christum
1722 1788 1837 1816 vidimus
1855 1794 1883 1817 et

1088 1841 1148 1869 quae
1161 1833 1342 1868 apostolorum
1356 1838 1434 1861 erant
1444 1833 1626 1862 exhibuimus.
1634 1834 1705 1869 Ergo
1717 1841 1766 1861 nos
1774 1842 1883 1869 quoque

1089 1885 1250 1915 potestatem
1266 1880 1395 1907 habemus
1410 1881 1435 1907 in
1448 1881 1504 1908 otio
1526 1880 1648 1914 vivendi,
1674 1885 1702 1908 et
1719 1881 1844 1909 alimenta
1867 1889 1881 1908 τι

1089 1925 1229 1960 discipulis
1251 1925 1410 1961 accipiendi.
1427 1927 1454 1953 7.
1478 1926 1542 1959 Quis
1560 1926 1652 1953 militat
1675 1928 1727 1954 suis
1749 1927 1882 1960 stipendiis

1089 1972 1229 2007 umquam?
1243 1972 1310 2005 Quia
1322 1974 1394 1999 enim
1407 1993 1414 2005 ,
1439 1973 1510 2008 quod
1530 1973 1722 2000 validissimum
1747 1978 1823 2006 erat,
1848 1981 1880 2000 ex

1088 2018 1217 2054 apostolis
1231 2018 1369 2051 ostendit,
1384 2019 1456 2055 quod
1478 2027 1576 2054 nempe
1591 2019 1671 2047 liceat
1696 2020 1746 2048 ltoc
1769 2020 1881 2054 facere;

1089 2065 1122 2091 ad
1137 2064 1260 2100 exempla
1273 2064 1380 2092 demum
1396 2065 1470 2092 venit
1484 2070 1511 2092 et
1535 2065 1567 2092 ad
1590 2073 1759 2093 communem
1784 2074 1861 2093 usunt
1872 2087 1880 2099 ,

1089 2115 1118 2138 ut
1129 2117 1188 2138 mos
1199 2114 1241 2137 est
1252 2110 1289 2137 illi
1301 2109 1397 2138 facere.
1415 2110 1477 2144 Quis
1490 2111 1581 2137 militat
1601 2111 1655 2138 suis
1674 2111 1826 2146 stipendiis?
1842 2111 1882 2138 iu-

1090 2157 1157 2191 quit.
1173 2157 1212 2186 Tu
1223 2165 1287 2185 vero
1298 2157 1362 2184 mihi
1378 2158 1527 2192 perpendas
1537 2157 1628 2191 velim,
1642 2165 1720 2192 quam
1731 2162 1881 2192 opportuna

1089 2204 1142 2231 sint
1168 2203 1313 2238 proposita:
1335 2203 1372 2230 rei
1397 2203 1518 2237 exempla
1545 2203 1604 2236 illa,
1631 2208 1658 2231 et
1669 2203 1804 2238 quomodo
1827 2204 1882 2238 pri-

1088 2258 1161 2277 mum
1189 2249 1343 2277 meminerit
1376 2249 1531 2284 periculosa:
1560 2249 1616 2281 rei,
1644 2249 1762 2281 militiat,
1787 2257 1881 2276 armo-

1088 2303 1147 2324 rum
1163 2301 1190 2324 et
1209 2295 1281 2323 belli.
1302 2295 1457 2330 llujusmodi
1482 2295 1552 2322 enim
1576 2302 1620 2322 res
1642 2299 1684 2322 est
1703 2295 1880 2330 apostolatus,

1089 2344 1143 2370 imo
1158 2342 1199 2370 his
1212 2342 1296 2369 multo
1308 2342 1403 2376 major.
1422 2341 1514 2376 Neque
1525 2341 1596 2368 enim
1612 2341 1739 2368 adversus
1752 2341 1878 2368 homines

1090 2393 1192 2417 tantum
1207 2388 1307 2416 bellum
1322 2388 1388 2424 ipsis
1401 2392 1478 2420 erat,
1493 2386 1540 2414 sed
1555 2393 1582 2414 et
1594 2386 1721 2414 adversus
1742 2387 1879 2415 daemones

1088 2441 1116 2463 et
1132 2435 1280 2471 principem
1291 2435 1397 2462 illorum
1410 2435 1540 2462 instructa
1557 2434 1639 2461 acies.
1655 2433 1710 2461 Hoc
1723 2438 1764 2461 est
1778 2439 1880 2466 autem,

1088 2481 1160 2518 quod
1182 2482 1267 2510 dicit:
1283 2481 1376 2516 Neque
1396 2480 1501 2509 externi
1523 2480 1658 2515 principes
1680 2480 1731 2507 hoc
1752 2480 1880 2515 exigunt,

1088 2530 1153 2557 saevi
1167 2529 1229 2557 licet
1241 2533 1268 2557 et
1281 2528 1364 2563 iniqui
1374 2548 1382 2560 ,
1397 2532 1426 2555 ut
1438 2527 1535 2554 milites
1550 2527 1650 2554 bellum
1663 2531 1757 2561 gerant
1770 2530 1797 2553 et
1808 2526 1879 2560 peri-

1087 2576 1149 2604 cula
1158 2576 1257 2603 adeant
1268 2596 1275 2608 ,
1290 2582 1378 2609 exque
1402 2575 1458 2602 suis
1481 2573 1653 2601 facultatibus
1671 2574 1777 2601 alantur
1793 2581 1799 2598 :
1815 2580 1881 2606 quo-

1087 2623 1168 2652 modo
1188 2630 1252 2657 ergo
1273 2621 1396 2649 Christus
1413 2621 1464 2648 hoc
1478 2627 1603 2655 umquam
1628 2619 1768 2654 exegerit?
1788 2619 1880 2654 Neque

1087 2676 1140 2696 uno
1152 2673 1294 2696 contentus
1306 2671 1347 2694 est
1358 2666 1493 2701 exemplo.
1513 2665 1578 2693 Nam
1594 2665 1634 2693 vel
1649 2665 1840 2700 sitnplicioretn
1853 2669 1880 2691 et

1085 2716 1246 2743 crassiorem
1260 2714 1311 2741 hoc
1333 2713 1450 2741 maxime
1464 2711 1541 2740 sedat
1563 2717 1590 2739 et
1614 2711 1711 2746 placat.
1728 2719 1788 2739 cum
1804 2710 1878 2737 videt

1085 2768 1255 2789 communem
1274 2758 1495 2787 consuetudinem
1509 2765 1569 2785 cum
1586 2757 1631 2785 Dei
1651 2756 1878 2791 legibusconseu-

1086 2810 1144 2837 tire.

1116 2866 1152 2896 (rt)
1165 2865 1192 2890 1n
1204 2864 1306 2896 Vulgata
1314 2863 1406 2896 legitur
1419 2868 1429 2896 ε
1437 2864 1479 2896 νειμ
1489 2863 1562 2896 ego_et
1576 2859 1698 2895 parnabas
1707 2866 1754 2896 non
1765 2858 1878 2896 habemus

1084 2889 1222 2931 poleslatem
1229 2889 1273 2921 Ιιόι
1285 2889 1403 2927 ορεγῖιηάί
1417 2892 1429 2918 2
1441 2893 1468 2918 td
1477 2889 1541 2924 qu'od
1548 2892 1621 2917 etiam
1627 2897 1681 2915 cum
1692 2891 1759 2916 serie
1766 2889 1876 2921 quadrat.
