2046 3114
242 142 294 170 175

276 200 360 235 γ’.Διὺ
372 200 419 227 καὶ
430 199 472 234 ἐφ’
483 200 577 234 ἕτερον
588 197 705 233 πρόεισι,
713 197 842 232 καίφησι·
855 196 903 228 Τίς
910 195 1028 230 φυτεύει

240 242 413 279 ἀμπελῶνα,
429 243 478 269 καὶ
491 242 526 269 ἐκ
543 241 596 269 τοῦ
612 239 729 274 καρποῦ
744 239 837 267 αὑτοῦ
853 241 910 266 οὐκ
922 238 1024 269 ἐσθίει,

242 286 282 312 Δι’
298 285 404 312 ἐκείνου
423 285 473 320 μὲν
500 284 554 318 7&9
570 282 633 313 τοὺς
648 281 799 313 κινδύνους,
812 281 856 308 διὰ
879 281 908 307 δὲ
931 279 1028 307 τούτου

241 329 287 355 τὸν
302 327 384 354 πόνον
398 328 444 353 καὶ¹
462 325 511 361 τὴν
537 324 638 359 πολλὴν
661 324 850 359 ταλαιπωρίαν
869 323 917 350 καὶ
932 322 1029 357 ἐπιμέ-

241 372 316 398 λειαν
336 369 462 404 ἐνέφηνε.
481 367 536 393 Καὶ
548 366 638 400 τρίτον
655 365 736 392 πάλιν
750 365 902 400 ὑπόδειγμα
917 364 1030 399 προστί-

241 413 317 447 θησι,
331 411 435 445 λέγων’
465 409 513 441 Τίς
530 408 681 443 ποιμαίνει
701 407 843 442 ποίμνην,
868 406 917 433 καί
930 407 964 433 ἐκ
976 406 1029 433 τοῦ

242 454 393 489 γάλακτος
409 450 505 484 αὐτῆς
519 451 575 477 οὐκ
590 450 703 482 ὲσθίει;
726 449 781 484 Τὴν
798 448 962 484 κηδεμονίαν
981 447 1030 484 τὴν

241 495 343 531 πολλὴν
367 494 417 529 τὴν
442 492 595 528 διδασκάλῳ
613 492 772 527 πρέπουσαν
788 492 852 527 περὶ
867 491 930 523 τοὺς
948 491 1030 526 ἀρχο-

243 537 341 572 μένους
366 535 562 562 ἐπιδείκνυται.
587 535 641 561 Καὶ
655 534 711 570 7&9
735 533 783 560 καὶ
801 532 967 570 στρατιῶται
983 532 1030 560 καὶ

240 579 359 614 γεωργοὶ
376 578 423 604 καὶ
450 577 579 612 ποιμένες
601 575 672 612 ἦσαν
693 577 718 602 οἱ
741 575 897 607 ἀπόστολοι,
922 575 953 602 οὐ
976 574 1030 609 γῆς

240 621 301 648 οὐδέ
319 620 426 654 ἀλόγων
442 619 504 646 οὐδὲ
520 618 646 654 πολέμων
660 617 799 653 αἰσθητῶν
818 622 839 650 ⁸,
854 616 924 644 ἀλλὰ
936 616 1030 652 ψυχῶν

241 662 358 698 λογικῶν
372 662 420 689 καὶ
443 661 493 696 τῆς
510 661 579 696 πρὸς
595 660 658 692 τοὺς
681 659 812 694 δαίμονας
837 659 1029 694 παρατάξεως.

242 703 456 740 Παρατηρητέον
479 702 508 729 δὲ
531 702 652 734 κάκεῖνο,
665 701 740 733 ὅπως
753 701 890 736 πανταχοῦ
902 700 952 736 τὴν
965 709 1032 735 συμ-

241 747 356 783 μετρίαν
375 744 506 781 ἐφύλαξε,
522 745 552 771 τὸ
568 744 697 779 χρειῶδες
714 743 804 779 ζητῶν
820 743 911 778 μόνον,
927 741 986 778 οὐχὶ
999 741 1031 768 τὸ

241 789 380 826 περιττόν.
408 788 446 814 Οὐ
470 787 527 822 7&9
548 784 620 818 εἷπε,
647 786 695 817 Τίς
723 784 912 820 στρατεύεται,
931 785 979 811 καὶ
999 785 1030 810 οὐ

241 832 368 859 πλουτεῖ·
387 829 466 861 ἀλλὰ,
486 828 533 861 Τίς
558 828 752 862 στρατεύεται
777 827 864 859 ὶδίοις
889 826 1032 861 ὀψωνίοις

241 873 335 905 ποτές
356 872 418 899 οὐδὲ
445 869 518 902 εἷπε,
536 870 584 901 Τίς
611 868 722 904 φυτεύει
742 868 901 903 ἀμπελῶνα,
927 867 974 895 καὶ
999 868 1030 894 οὐ

242 916 354 949 συνάγει
365 913 487 949 χρυσίον,
502 912 519 947 ἦ
534 912 580 938 τὸν
597 910 703 946 καρπὸν
718 911 865 946 ὁλόκληρον
877 911 907 937 οὺ
925 911 1031 946 τρυγᾷ;

241 957 310 989 ἀλλ’,
326 957 373 982 Ἐκ
391 955 443 982 τοῦ
452 954 569 988 καρποῦ
581 953 674 981 αὑτοῦ
686 954 743 980 οὐκ
754 953 868 984 ἐσθίει;
884 952 945 979 οὐδὲ
958 951 1031 985 εἷπε,

242 1000 290 1032 Τίς
314 997 453 1034 ποιμαίνει
483 995 613 1032 ποίμνην,
628 995 675 1022 καὶ
699 996 749 1022 οὐκ
766 995 949 1031 ἐμπορεύεται
969 996 1032 1027 τοὺς

242 1043 342 1078 ἄρναςς
369 1039 439 1067 ἀλλά
463 1039 542 1072 πῶς;
567 1038 621 1065 Καὶ
642 1039 677 1064 ἐκ
702 1037 756 1064 τοῦ
771 1038 922 1072 γάλακτος
936 1036 1032 1071 αὐτῆς

242 1084 297 1112 οὐκ
314 1082 426 1114 ὲσθίει;
445 1081 495 1108 οὐκ
518 1081 551 1107 ὲκ
565 1080 620 1106 τῶν
639 1079 741 1115 ἀρνῶν,
758 1079 816 1106 ἀλλ’
833 1079 885 1106 Ἐκ
903 1078 958 1106 τοῦ
981 1079 1031 1114 τά.

242 1127 369 1156 Iaztoc'
390 1123 498 1154 δεικνὺς
525 1121 660 1158 [185]ὅτι
687 1122 772 1157 μικρᾷ
798 1121 960 1157 παραμυθίᾳ
987 1120 1033 1147 τὸν

242 1165 402 1194 διδάσκαλον
431 1164 574 1200 ἀρκεῖσθαι
594 1163 645 1195 δεῖ,
671 1163 719 1190 καὶ
744 1164 782 1198 τῆ·
800 1163 938 1198 ἀναγκαίᾳ
965 1162 1032 1197 μόνῃ

242 1207 449 1244 τροφῇ.Ί“αῦτα
470 1205 539 1241 πρὸς
562 1206 626 1237 τοὺς
650 1205 830 1240 βουλομένους
849 1205 939 1232 πάντα
969 1213 1034 1231 κατ-

243 1251 344 1278 εσθίειν
361 1250 408 1277 καὶ
420 1249 466 1276 τδν
481 1248 587 1283 καρπὸν
600 1247 746 1283 ὀλόκληρον
760 1247 875 1282 τρυγᾷν.
885 1246 964 1273 Οὕτω
986 1246 1034 1273 καὶ

192 1314 194 1316 -
243 1294 258 1320 ὁ
281 1293 383 1328 Κύριος
410 1290 600 1326 ἐνομοθέτησε,
618 1289 714 1323 λέγων·
742 1289 839 1322 Ἄξιος
867 1290 883 1315 ὁ
908 1288 1034 1323 ἐργάτης

243 1333 298 1368 τῆς
317 1333 431 1368 τροφῆς
459 1331 553 1360 αὑτοῦ
573 1331 669 1358 ἐστιν.
687 1331 724 1357 Οὺ
741 1330 821 1357 τοῦτο
846 1330 875 1357 δέ
898 1330 978 1365 μόνον
989 1330 1034 1357 διὰ

243 1376 298 1404 τῶν
311 1374 518 1410 ὑποδειγμάτων
530 1372 741 1404 κατασκευάζει,
757 1371 824 1399 ἀλλὰ
839 1372 886 1399 καὶ
898 1372 1034 1399 δείκνυσιν

243 1419 335 1446 ὁποῖον
349 1415 419 1444 εἶναι
437 1415 490 1452 χρὴ
510 1415 555 1442 τὸν
572 1415 657 1450 ἱερέα.
675 1415 730 1441 Καὶ
742 1413 796 1449 7&9
812 1413 979 1449 στρατιώτου
990 1414 1036 1441 άν-

243 1460 334 1497 δρείαν
356 1458 506 1492 κεκτῆσθαι
525 1457 627 1483 δεῖκαὶ
651 1455 775 1491 γεωργοῦ
803 1455 962 1490 ἐπιμέλειαν
987 1457 1034 1483 καὶ

244 1501 374 1537 ποιμένος
394 1498 571 1535 κηδεμονίαν,
592 1498 640 1524 καὶ
663 1497 733 1532 μετὰ
743 1497 831 1523 ταῦτα
845 1497 934 1524 πάντα
951 1497 1034 1532 μηδὲν

245 1543 326 1572 πλέον
336 1543 391 1570 τῶν
403 1541 561 1575 ἀναγκαίων
580 1539 682 1575 ζητεῖν.
703 1539 799 1572 Δείξας
814 1540 906 1566 τοίνυν
920 1539 967 1566 καὶ
980 1539 1034 1566 ἀπὸ

244 1585 301 1613 τῶν
314 1583 482 1616 ἀποστόλων,
498 1583 539 1609 ὅτι
555 1581 584 1608 οὺ
599 1580 752 1608 κεκώλυται
767 1581 916 1615 λαμϐάνειν
932 1581 977 1608 τὸν
993 1581 1033 1607 δι-

244 1627 390 1658 δάσκαλον,
415 1626 463 1652 καὶ
484 1624 538 1651 ἀπὸ
552 1624 606 1650 τῶν
620 1623 692 1650 κατὰ
707 1623 754 1649 τὸν
771 1623 827 1658 βίον
845 1623 1034 1659 παραδειγμά-

245 1677 312 1701 των,
338 1668 387 1695 καὶ
412 1667 460 1693 ἐπὶ
484 1665 576 1701 τρίτον
609 1665 624 1684 δ
648 1665 796 1699 κεφάλαιον
818 1664 938 1700 ἔρχεται,
962 1665 1035 1692 οὕτω

245 1711 344 1746 λέγων’
361 1708 409 1744 Μὴ
423 1707 498 1735 κατὰ
518 1706 676 1740 ἄνθρωπον
692 1706 786 1733 ταῦτα
799 1706 903 1739 λαλῶ;
923 1708 943 1741 ἣ
965 1707 1034 1742 οὐχὶ

246 1753 296 1782 καὶ
312 1754 328 1779 ὁ
346 1752 440 1786 νόμος
458 1749 551 1777 ταῦτα
567 1748 668 1782 λέγει;
689 1748 799 1783 Ἐπειδὴ
822 1749 876 1785 γὰρ
897 1749 966 1777 τέως
980 1750 1034 1776 ἀπὸ

247 1794 363 1831 Γραφῶν
389 1792 466 1819 οὐδὲν
494 1788 581 1822 εἶπεν.
606 1790 674 1817 ἀλλὰ
695 1790 745 1825 τὴν
771 1790 863 1825 κοινὴν
891 1791 1034 1826 συνήθειαν

246 1835 426 1873 προεϐάλετο,
447 1833 493 1869 Μὴ
514 1831 654 1873 νομίσητέ-
662 1840 708 1867 με,
719 1832 798 1867 φησὶ,
811 1831 916 1864 τούτοις
929 1833 1035 1868 ἰσχυρί-

247 1871 342 1914 ζέσθαι
365 1877 466 1913 μόνοις,
493 1874 559 1910 μηδὲ
574 1874 620 1908 ἀφ’
636 1871 674 1901 ὧν
698 1875 755 1906 τοῖς
769 1873 924 1909 ἀνθρώποις
948 1875 1033 1908 δοκεῖ,

247 1922 334 1950 ταῦτα
349 1919 514 1955 νομοθετεῖν.
529 1918 603 1952 Ἔχω
624 1916 678 1952 7&9
698 1916 794 1950 δεῖξαι,
811 1917 851 1943 ὅτι
865 1918 912 1944 καὶ
925 1917 964 1953 τῷ
975 1917 1036 1954 Θεῷ

247 1963 335 1991 ταῦτα
351 1962 435 1994 δοκεῖ,
460 1960 507 1986 καὶ
524 1959 638 1986 παλαιὸν
659 1957 840 1993 ἀναγινώσκω
852 1959 934 1994 νόμον
948 1959 1036 1987 ταῦτα

247 2004 403 2033 κελεύοντα,
419 2002 463 2028 Διὺ
477 2001 524 2028 καὶ
534 2000 597 2027 κατ’
612 1999 746 2035 ἐρώτησιν
761 1999 876 2036 προάγει
888 2000 934 2027 τὸν
945 2000 1034 2035 λόγον,

247 2048 316 2081 ὅπερ
337 2045 384 2072 ἐπὶ
399 2043 454 2071 τῶν
469 2043 572 2078 σφόδρα.
592 2042 812 2078 ὡμολογημένων
830 2042 947 2076 γίνεται,
965 2042 1036 2070 οὕτω

248 2089 352 2123 λέγων·
375 2086 423 2121 Μὴ
449 2085 524 2112 κατὰ
547 2085 705 2118 ἄνθρωπον
721 2083 815 2110 ταῦτα
836 2084 933 2119 .ιέτω;
950 2085 1036 2113 Τουτ-

249 2130 318 2163 (an,
354 2129 401 2164 Μὴ
428 2127 458 2159 ἐξ
482 2126 661 2161 ἀνθρωπίνων
693 2125 781 2160 μόνων
805 2126 1036 2162 παραδειγμάτων

250 2171 441 2208 ίσχυρίζομαι;
460 2167 499 2195 Ἦ
528 2167 598 2202 οὐχὶ
617 2167 667 2194 καὶ
691 2168 707 2194 ὀ
725 2169 817 2202 νόμος
832 2167 925 2195 ταῦτα
937 2168 1035 2204 λέγει;

256 2215 307 2242 Ἑν
323 2213 378 2248 γὰρ
394 2210 434 2243 τῷ
449 2210 529 2244 νόμῳ
551 2208 699 2241 Μωυσέως
726 2209 903 2243 γέγραπται·
926 2211 967 2237 Οὺ
990 2220 1036 2244 φι-

248 2255 360 2291 μώσεις
374 2253 454 2286 ,βοῦν
470 2250 616 2279 ἀλοῶντα.
640 2250 695 2277 Καὶ
713 2250 786 2281 τίνος
804 2250 897 2277 ἐνεκεν
912 2251 1036 2287 ἐμνήσθη

250 2297 356 2328 τούτου,
370 2295 401 2322 τὺ
424 2294 478 2320 τῶν
490 2292 584 2328 ἱερέων
594 2291 749 2326 ὑπῶειγμα
770 2291 856 2326 ἑχων;
874 2292 922 2319 Ἐκ
933 2293 1037 2329 πολλῆς

250 2340 300 2376 τῆς
310 2335 468 2374 περιουσίας
480 2335 546 2361 αὐτὸ
559 2333 764 2376 κατασκευάσαι
775 2333 944 2369 βουλόμενος.
958 2333 1034 2367 Εἶτα,

251 2381 296 2408 ἵνα
310 2381 347 2416 μή
360 2387 402 2410 τις
417 2377 494 2413 λέγῃ,
507 2376 562 2404 Καὶ
575 2375 601 2402 τί
615 2375 683 2412 πρὸς
695 2376 768 2411 ἡμᾶς
780 2376 811 2402 τὸ
826 2377 889 2413 περὶ
901 2376 956 2404 τῶν
967 2377 1036 2412 βοῶν

251 2422 412 2459 εἰρημένον;
434 2418 647 2454 ἐπεξεργάζεται
663 2418 729 2445 αὐτὸ
745 2419 814 2454 μετὰ
833 2419 975 2455 ἀκριϐείας
990 2419 1035 2446 λέ-

251 2473 324 2500 γων’
347 2463 396 2497 Μὴ
425 2461 484 2489 τῶν
509 2460 594 2493 ,βοῶν
618 2459 703 2495 μέλει
725 2459 766 2493 τῷ
788 2460 866 2494 Θεῷ;
893 2462 930 2488 Οὺ
960 2462 1036 2497 μέλει

250 2504 298 2534 οὖν
311 2505 377 2540 περὶ
392 2504 447 2531 τῶν
465 2502 545 2538 βοῶν,
569 2502 630 2528 εἰπέ
649 2511 704 2538 μοι.
719 2501 759 2537 τῷ
781 2502 858 2537 Θεῷ;
885 2503 969 2530 Μέλει
987 2503 1036 2538 μὲν

250 2546 308 2580 οὖν,
325 2548 374 2582 οὐχ
386 2546 457 2573 οὓτω
474 2545 512 2577 δὲ,
529 2545 568 2576 ὡς
582 2545 629 2571 καὶ
647 2544 730 2579 νόμον
743 2543 828 2571 θεῖναι
844 2545 914 2580 ὑπὲρ
927 2545 1034 2572 τούτου.

253 2591 337 2617 ’Ὠστι
364 2589 389 2615 εἰ
414 2588 451 2623 μὴ
470 2587 542 2623 μέγα
566 2595 594 2613 τι
623 2586 756 2622 ᾐνίττετο,
786 2587 965 2622 ἐγγυμνάζων
980 2588 1036 2619 τοῖς

251 2632 359 2666 ἀλόγοις
387 2631 450 2662 τοὺς
474 2628 617 2660 Ἰουδαίους
632 2629 673 2660 εἰς
688 2628 717 2654 τὺ
731 2626 800 2655 εἶναι
816 2628 1033 2664 φιλανθρώπους,

251 2674 298 2701 καὶ⁵
323 2673 378 2700 ἀπὸ
401 2671 504 2698 τούτων
519 2670 648 2705 καὶπερὶ
672 2670 726 2696 τῶν
751 2669 919 2697 διδασκάλων
943 2670 1036 2702 αὐτοῖς

249 2715 451 2750 διαλεγόμενος,
470 2712 520 2740 οὐκ
535 2712 568 2739 ἂν
585 2711 722 2746 τοσαύτην
743 2712 888 2747 ἐποιήσατο
906 2712 1034 2748 σπουδὴν,

249 2758 287 2790 ὼς
301 2757 349 2784 καὶ
363 2757 443 2791 νόμον
455 2755 560 2790 γράψαι
579 2755 649 2790 ὑπὲρ
664 2753 712 2781 τοῦ
739 2754 776 2790 μὴ
798 2753 952 2790 κημοῦσθαι
972 2753 1036 2787 τ’δὺς

251 2799 325 2835 βοῦς.
343 2797 483 2826 Ἐντεῦθεν
506 2796 553 2824 καὶ
574 2795 667 2831 ἐτερόν
689 2804 715 2822 τι
736 2795 868 2828 δείκνυσι,
891 2796 974 2823 πολὺν
989 2796 1035 2823 τὸν

281 2888 293 2902 ³
301 2886 408 2918 Κεε.,οὺ
421 2886 446 2910 δὲ
457 2885 550 2918 ᾇὶογων
559 2885 614 2909 οὐδὲ
623 2886 733 2918 πολέμων
744 2887 871 2916 αἰσθητῶν,
879 2891 958 2911 recte.
972 2888 1034 2913 Edlli

252 2924 322 2950 vero,
337 2918 393 2942 οὐδὲ
404 2917 514 2946 πολέμων
523 2917 624 2947 ἀλόγων.
659 2918 671 2935 ιι
685 2917 757 2949 £95.,
776 2919 896 2949 τέταρτον,
911 2918 984 2944 male.

587 139 616 166 S.
636 137 778 166 JOANNIS
797 135 1040 165 CHRYSOSTONI
1058 134 1218 165 AHCHIEP.
1238 135 1511 166 CONSTANTINOP.

1819 138 1877 166 175'

1084 196 1164 223 πόνον
1177 196 1232 224 τῶν
1250 197 1418 226 διδασκάλων
1427 199 1474 226 καὶ
1489 197 1564 230 ὄντα,
1576 197 1622 224 καὶ
1635 195 1705 225 εἶναι
1717 197 1871 233 ὀφείλοντα·

1065 255 1070 261 ι
1084 239 1132 264 καὶ
1148 239 1241 274 ἕτερον
1257 240 1347 266 πάλιν.
1374 240 1452 267 Ποῖον
1469 240 1500 275 δὴ
1517 239 1613 273 τοῦτο;
1631 240 1693 266 ’Ὁτι
1717 240 1822 274 ὅσαπερ
1838 240 1871 266 ἂν

1083 280 1154 314 ὑπὲρ
1168 281 1217 316 τῆς
1234 281 1287 308 τῶν
1300 282 1404 316 ἀλόγων
1417 282 1576 317 ἐπιμελείας
1590 281 1666 316 παρά
1683 281 1734 317 τῆς
1749 282 1873 314 Παλαιᾶς

1084 322 1209 357 λέγηται.
1227 323 1443 359 προηγουμένως
1456 324 1497 355 είς
1511 323 1560 359 τὴν
1573 323 1627 350 τῶν
1640 323 1687 350 ἀνθ
1693 323 1792 359 ρώπων
1809 332 1874 350 συν-

1083 366 1155 392 τελεῖ
1168 366 1341 392 διδασκαλίαν
1353 375 1360 382 ·
1379 366 1474 400 ὥσπερ
1488 364 1535 392 οὖν
1552 367 1599 393 καὶ
1615 366 1648 392 τὰ
1661 366 1730 393 ἄλλα
1754 366 1873 399 ἅπαντα,

1083 404 1139 434 οἷον
1154 407 1189 434 τά
1212 409 1276 444 περὶ
1302 408 1417 444 ἱματίων
1432 408 1572 442 ποικίλων,
1589 409 1637 435 καὶ
1650 408 1684 435 τά
1699 408 1764 444 περὶ
1780 408 1873 443 ἀμπε-

1084 448 1177 476 λώνων
1199 449 1246 476 καὶ
1262 450 1429 486 σπερμάτων
1446 450 1493 476 καὶ
1507 449 1553 476 τοῦ
1577 449 1614 485 μὴ
1635 449 1763 485 διάφορον
1785 451 1874 477 ποιεῖν

1083 491 1134 527 τὴν
1154 491 1216 527 γῆν,
1233 492 1269 518 τά
1295 492 1360 528 περὶ
1381 491 1496 527 λέπρας,
1514 491 1610 518 καὶτὰ
1623 491 1701 523 ἀλλα,
1716 491 1755 522 ὡς
1774 492 1872 523 εἰπεῖν,

1083 533 1203 562 ἅπαντα.
1228 535 1396 570 Παχυτέροις
1408 534 1464 570 7&9
1488 533 1562 561 οὖσιν
1582 533 1707 561 ἐντεῦθεν
1727 533 1873 567 διελέγετο,

1084 576 1155 602 κατά
1169 576 1269 612 μικρὸν
1288 576 1464 609 ἀναϐιϐάζων
1478 575 1586 608 αὐτούς.
1601 576 1657 602 Καὶ
1669 576 1720 611 ὅρα
1733 575 1791 607 πῶς
1806 575 1875 603 αὺτδ

1084 618 1143 646 οὐδὲ
1159 619 1360 652 κατασκευάζει
1374 619 1477 651 λοιπὸν,
1491 619 1540 646 ἅτε
1555 619 1672 654 φανερὸν
1687 618 1717 645 ὃν
1733 618 1779 645 καὶ
1791 618 1874 645 αὑτό-

1085 660 1235 696 Θενδῆλον.
1262 661 1434 697 Εἰπὼν-(ἀρ,
1457 661 1506 695 Μὴ
1529 660 1590 687 τῶν
1610 659 1695 693 βοῶν
1724 660 1810 695 μέλει
1832 659 1875 692 τῷ

1086 702 1167 735 Θεῷ;
1183 703 1335 738 ἐπήγαγεν,
1353 701 1391 731 Ἦ
1405 703 1444 730 δι’
1459 703 1538 738 ἡμᾶς
1559 702 1680 736 πάντως
1695 702 1796 737 Mra;
1813 701 1876 728 οὐδὲ

1085 745 1126 777 τὺ,
1142 745 1274 778 Πάντως,
1290 745 1384 777 ἁπλῶς
1404 745 1546 780 προσθεὶς,
1567 744 1625 772 ἀλλ’
1647 745 1692 771 ἵνα
1711 744 1748 780 μὴ
1766 753 1876 779 συγχω-

1086 788 1159 823 ρήσῃ
1175 787 1237 822 μηδ’
1249 787 1339 814 ὁτιοῦν
1350 789 1488 815 ἀντειπεῖν
1500 787 1539 823 τῷ
1554 787 1687 823 ἀκροατῇ.
1704 787 1760 814 Καὶ
1775 786 1877 822 ἐπιμέ-

1085 837 1125 855 νει
1149 829 1183 864 τῇ
1208 829 1351 865 μεταφορᾷ
1381 829 1468 863 λέγων
1494 831 1542 856 καὶ
1568 829 1805 863 ἀποφαινόμενος·
1835 827 1876 854 Δι’

1085 869 1166 904 ἡμᾶς
1181 870 1237 905 γὰρ
1249 871 1374 906 ἐγράφη,
1396 871 1441 898 ὅτι
1465 871 1511 897 ἐπ’
1533 871 1635 898 ἐλπίδι
1649 871 1765 905 ὀφείλει
1778 871 1794 896 ὁ
1805 870 1877 903 ἀρο-

1086 911 1175 945 τριῶν
1204 912 1364 947 ἀροτριᾷν·
1393 913 1542 946 τουτέστιν,
1562 913 1576 939 ὁ
1597 911 1756 942 διδάσκαλος
1772 910 1877 945 ὀφείλει

1085 955 1140 981 τῶν
1154 955 1243 981 πόνων
1267 955 1317 987 τὰς
1342 955 1460 991 ἀμοιϐὰς
1479 955 1566 990 ἔχειν’
1591 954 1641 982 και
1662 956 1678 982 ὁ
1704 954 1804 982 ἀλοῶν
1821 953 1877 987 τῆς

1086 996 1212 1030 ἐλπίδος
1236 997 1330 1024 αὐτοῦ
1355 997 1495 1032 μετέχειν
1514 995 1590 1033 [ιει]
1614 997 1661 1023 ἐπ’
1687 996 1800 1023 ἑλπίδι.
1820 997 1877 1024 Καὶ

1087 1037 1137 1064 θέα
1154 1038 1271 1066 σύνεσιν.
1291 1039 1358 1066 ’Λπδ
1377 1039 1432 1075 7&9
1448 1039 1495 1066 τοῦ
1512 1039 1612 1075 σπόρου
1635 1039 1681 1065 ἐπὶ
1699 1038 1749 1074 τὴν
1769 1037 1826 1065 ἅλω
1845 1038 1877 1064 τὸ

1087 1081 1204 1116 πρᾶγμα
1228 1081 1389 1116 μετήνεγκε,
1414 1081 1496 1108 πάλιν
1513 1080 1654 1108 κάνταῦθα
1675 1081 1739 1112 τοὺς
1761 1079 1876 1110 πολλοὺς

1089 1122 1204 1158 ἱδρῶτας
1228 1122 1281 1149 τῶν
1298 1123 1468 1150 διδασκάλων
1493 1123 1646 1158 ἐμφαίνων,
1662 1123 1704 1149 ὅτι
1729 1122 1806 1149 αὐτοὶ
1829 1121 1877 1148 καὶ

1087 1165 1236 1200 ἀροτριῶσι
1255 1165 1303 1192 καὶ
1325 1165 1375 1200 τὴν
1393 1165 1449 1192 ἅλω
1465 1165 1599 1201 τρίϐουσι.
1623 1165 1679 1191 Καὶ
1701 1165 1748 1191 ἐπὶ
1762 1165 1812 1199 μὲν
1827 1163 1876 1190 τοῦ

1087 1206 1227 1241 ἀροτριᾷν,
1252 1206 1346 1242 ἐπειδὴ
1364 1206 1441 1234 οὐδὲν
1459 1205 1493 1242 ἦν
1519 1206 1730 1242 καρπώσασθαι,
1748 1205 1816 1233 ἀλλά
1828 1206 1877 1232 πό-

1088 1256 1142 1279 νον,
1172 1247 1222 1283 τὴν
1245 1247 1342 1275 ἐλπίδα
1355 1248 1496 1275 τέθεικεν·
1515 1249 1562 1275 ἐπὶ
1587 1248 1616 1275 δέ
1640 1248 1688 1275 τοῦ
1709 1247 1814 1284 τρίϐειν
1826 1246 1878 1283 τὴν

1089 1289 1156 1322 ἃλω,
1171 1289 1221 1326 ἤδη
1248 1290 1298 1326 τὴν
1323 1291 1475 1318 ἀπόλαυσιν
1502 1291 1649 1327 ἐχαρίσατο
1673 1290 1770 1324 λέγων·
1787 1290 1842 1317 Καὶ
1860 1290 1877 1316 ό

1087 1331 1188 1359 ἀλοῶν
1206 1332 1261 1367 τῆς
1277 1333 1403 1366 ἐλπίδος
1417 1333 1512 1360 αὑτοῦ
1524 1333 1653 1368 μετέχει.

1123 1372 1144 1399 δ’
1148 1394 1155 1400 .
1171 1371 1246 1406 Εἶτα,
1257 1375 1300 1401 ῐνα
1318 1375 1431 1411 μὴ-λέγη
1440 1384 1493 1408 τις,
1504 1375 1577 1410 Αὕτη
1592 1373 1661 1410 οὖνὴ
1675 1374 1728 1401 τῶν
1741 1373 1878 1401 τοσούτων

1090 1415 1210 1451 ἱδρώτων
1228 1417 1353 1452 ἀμοιϐή;
1374 1417 1556 1453 προσέθηκεν,
1577 1417 1636 1443 Ἐπ’
1662 1417 1772 1450 ἐλπίδι,
1798 1425 1878 1443 τουτ-

1089 1458 1157 1491 έστι,
1172 1459 1204 1494 τῇ
1223 1458 1367 1496 μελλούσῃ.
1391 1459 1475 1486 Οὐδὲν
1489 1457 1535 1486 οὖν
1551 1459 1645 1494 ἕτερον
1659 1459 1689 1485 τὺ
1708 1459 1794 1494 στόμα
1808 1459 1878 1494 ἀκή-

1090 1509 1179 1535 μωτον
1192 1501 1222 1527 ὃν
1236 1501 1283 1527 τοῦ
1305 1500 1376 1533 ξώου
1397 1501 1492 1527 τούτου
1513 1501 1572 1537 βοᾷ,
1584 1502 1601 1537 ἢ
1615 1502 1655 1528 ὅτι
1673 1502 1737 1533 τοὺς
1750 1501 1878 1528 διδασκά-

1089 1542 1152 1573 λους
1165 1542 1228 1574 τοὺς
1247 1542 1397 1574 πονοῦντας
1421 1542 1461 1569 δεῖ
1475 1544 1522 1569 καὶ
1535 1543 1654 1578 ἀμοιϐῆς
1666 1542 1825 1570 ἀπολαύειν.
1842 1543 1879 1569 El

1089 1583 1174 1618 ἡμεῖς
1193 1584 1265 1618 ὑμῖν
1283 1585 1320 1611 τὰ
1339 1586 1526 1619 πνευματικὰ
1541 1585 1733 1620 ἐσπείραμεν,
1748 1585 1836 1620 μέγα,
1852 1585 1879 1610 εὶ

1089 1625 1175 1658 ἡμεῖς
1187 1623 1272 1658 ὑμῶν
1283 1624 1319 1651 τὰ
1337 1625 1469 1658 σαρκικὰ
1482 1625 1659 1660 θερίσομεν;
1684 1625 1749 1652 Ἰδοὺ
1773 1625 1820 1651 καὶ
1834 1624 1879 1651 τέ-

1088 1674 1187 1700 ταρτον
1204 1665 1504 1702 προστίθησιλογισμδν
1520 1667 1590 1702 ὑπὲρ
1604 1666 1651 1694 τοῦ
1664 1666 1720 1693 δεῖν
1735 1666 1878 1702 παρέχειν.

1095 1707 1204 1742 Ἐπειδὴ
1234 1707 1288 1743 7&9
1314 1705 1385 1740 εἷπε,
1407 1708 1454 1741 Τίς
1471 1708 1665 1742 στρατεύεται
1692 1707 1777 1741 ἰδίοις
1797 1709 1879 1742 ὀψω-

1089 1749 1167 1782 νίοις
1195 1749 1283 1781 ποτέ;
1307 1749 1364 1782 καὶ,
1391 1750 1439 1783 Τίς
1465 1751 1586 1784 φυτεύει
1613 1749 1792 1784 ἀμπελῶνα;
1818 1751 1877 1780 καὶ.

1092 1791 1141 1824 Τίς
1161 1792 1312 1826 ποιμαίνει
1335 1792 1487 1826 ποίμνην;
1510 1793 1556 1819 καὶ
1583 1793 1728 1827 παρήγαγε
1744 1793 1789 1819 τὸν
1813 1792 1878 1828 βοῦν

1090 1833 1134 1861 τὸν
1148 1833 1281 1865 ἀλοῶντα,
1308 1833 1429 1861 δείκνυσι
1446 1834 1493 1860 καὶ
1512 1834 1596 1870 ἀλλην
1618 1835 1708 1861 αἰτίαν
1724 1834 1879 1868 εὐλογωτά-

1089 1884 1151 1911 την,
1167 1875 1201 1902 δι’
1222 1876 1256 1910 ἢν
1277 1873 1348 1911 ἦσαν
1366 1875 1466 1902 δίκαιοι
1483 1875 1586 1909 λαϐεῖν,
1602 1876 1640 1907 ὡς
1656 1876 1747 1911 πολλῷ
1765 1875 1878 1911 μείζονα

1090 1918 1305 1954 παρεσχηκότες,
1333 1918 1424 1945 οὐκέτι
1451 1918 1489 1950 ὡς
1511 1919 1644 1954 καμόντες
1661 1919 1752 1954 μόνον.
1765 1919 1812 1951 Τίς
1829 1918 1878 1947 οὖν

1090 1961 1165 1987 ἐστιν
1176 1969 1184 1993 ;
1202 1961 1237 1987 El
1251 1959 1336 1994 ἡμεῖς
1349 1959 1421 1994 ὑμῖν
1433 1960 1469 1987 τὰ
1480 1963 1666 1996 πνευματικὰ
1684 1962 1877 1998 ἐσπείραμεν,

1087 2002 1175 2037 μέγα,
1202 2003 1229 2029 εὶ
1253 2002 1338 2037 ἡμεῖς
1364 2003 1447 2037 ὑμῶν
1477 2003 1514 2030 τὰ
1545 2003 1673 2038 σαρκικὰ
1701 2005 1878 2040 θερίσομεν;

1090 2043 1167 2076 Εἶδες
1185 2044 1359 2079 δικαιοτάτην
1375 2044 1465 2072 αἰτίαν
1478 2045 1525 2072 καὶ
1538 2045 1593 2072 τῶν
1607 2047 1747 2082 προτέρων
1762 2048 1879 2082 εὐλογω-

1089 2087 1193 2124 τέραν;
1216 2087 1289 2113 Ἐκεῖ
1313 2087 1362 2122 μὲν
1388 2087 1454 2122 γάρ,
1481 2089 1559 2123 φησὶ,
1580 2089 1711 2125 σαρκικὸς
1733 2091 1747 2116 ὁ
1766 2091 1878 2126 σπόρος,

1091 2129 1222 2164 σαρκικὸς
1236 2129 1283 2156 καὶ
1296 2129 1311 2155 ό
1326 2129 1431 2164 καρπός
1443 2138 1450 2145 ·
1468 2130 1586 2157 ἐνταῦθα
1598 2131 1625 2157 δὲ
1641 2131 1690 2166 οὑχ
1707 2130 1803 2163 οὕτως,
1819 2132 1878 2158 ἀλλ’

1090 2173 1105 2198 ό
1123 2171 1173 2206 μὲν
1194 2170 1293 2205 σπόρος
1316 2171 1508 2206 πνευματικὸς,
1523 2172 1539 2207 ἡ
1553 2172 1582 2198 δὲ
1597 2172 1732 2204 ἀντίδοσις
1746 2174 1877 2209 σαρκική.

1091 2212 1151 2239 Ἵνα
1166 2212 1221 2248 γὰρ
1240 2212 1277 2247 μὴ
1295 2212 1366 2247 μέγα
1381 2212 1516 2248 φρονῶσιν
1540 2214 1564 2240 οἱ
1587 2214 1752 2248 παρέχοντες
1766 2216 1822 2245 τοῖς
1836 2215 1879 2241 δι-

1090 2255 1244 2286 δασκάλοις,
1261 2254 1362 2287 ἔδειξεν
1373 2255 1414 2281 ὅτι
1430 2255 1540 2290 μείζονα
1554 2255 1748 2291 λαμϐάνουσιν,
1761 2256 1777 2291 ἢ
1788 2256 1877 2283 διδὸαο

1091 2305 1144 2323 σιν.
1166 2296 1198 2323 Οἱ
1229 2296 1279 2332 μὲν
1302 2296 1357 2331 7&9
1372 2297 1500 2332 γεωργοὶ,
1515 2297 1588 2333 ἆπερ
1607 2297 1640 2324 ἂν
1662 2298 1878 2333 κατασπείρωσι,

1090 2340 1177 2366 ταῦτα
1189 2339 1237 2366 καὶ
1251 2338 1445 2374 λαμϐάνουσαν
1460 2340 1541 2374 ἡμεῖς
1556 2339 1585 2366 δὲ
1599 2340 1757 2375 σπείροντες
1769 2341 1810 2372 εἰς
1827 2341 1877 2373 τὰς

1091 2382 1226 2418 ὑμετέρας
1253 2381 1342 2417 ψυχὰς
1365 2382 1548 2417 πνευματικὰ,
1567 2382 1712 2418 θερίζομεν
1739 2383 1877 2418 σαρκικά-

1090 2423 1210 2451 τοιοῦτον
1231 2425 1286 2458 7&9
1310 2424 1327 2458 ὴ
1353 2422 1418 2458 παρ’
1436 2423 1525 2450 αὐτῶν
1539 2423 1665 2458 διδομένη
1690 2425 1787 2460 τροφή.
1812 2423 1880 2452 Εἶτα

1091 2467 1139 2493 καὶ
1151 2466 1410 2502 ἐντρεπτικώτερον·
1426 2466 1461 2492 Ei
1476 2466 1564 2493 ἄλλοι
1576 2466 1632 2501 τῆς
1640 2467 1786 2499 ἐξουσίας
1795 2467 1879 2502 ὑμῶν

1088 2507 1280 2543 μετέχουσιν,
1301 2508 1338 2534 οὐ
1355 2507 1460 2540 πολλῷ
1472 2506 1593 2542 μᾶλλον
1618 2508 1726 2543 ἠμεῖς;
1746 2508 1814 2536 Ἰδοὺ
1830 2509 1879 2536 καὶ

1091 2551 1183 2585 ἔτερος
1211 2550 1292 2577 πάλιν
1314 2550 1454 2585 λογισμὸς,
1471 2550 1517 2577 καὶ
1532 2550 1612 2582 αὐτὸς
1633 2551 1666 2578 ἐκ
1689 2551 1879 2587 παραδειγμά-

1090 2600 1156 2625 των,
1179 2592 1237 2619 ὰλλ’
1260 2592 1310 2628 οὐχ
1326 2592 1436 2628 ὁμοίων.
1450 2592 1518 2619 Οὐδὲ
1543 2593 1597 2628 7&9
1611 2593 1715 2628 Πέτρου
1741 2593 1878 2628 μέμνηται

1090 2634 1218 2666 ἐνταῦθα,
1243 2634 1304 2661 οὔτε
1329 2634 1384 2661 τῶν
1409 2634 1577 2665 ἀποστόλων.
1594 2635 1653 2662 ἀλλ’
1670 2635 1772 2670 ἐτέρων
1797 2636 1878 2662 τινῶν

1090 2676 1186 2709 νόθων,
1206 2677 1276 2712 πρὸς
1300 2677 1346 2708 οῦς
1368 2675 1482 2712 ὕστερον
1509 2677 1666 2709 ἀποδύεται,
1688 2678 1735 2704 καὶ
1758 2678 1822 2714 περὶ
1840 2674 1877 2704 ὦν

1091 2726 1184 2754 φησιν’
1199 2719 1237 2746 El
1251 2728 1296 2752 τις
1310 2717 1389 2754 ὑμᾶς
1404 2719 1566 2750 κατεσθίει,
1579 2719 1607 2746 ει
1622 2728 1667 2752 τις
1683 2719 1835 2754 λαμϐάνει,
1849 2719 1879 2746 ει

1090 2768 1135 2793 τις
1147 2760 1311 2794 ἐπαίρεται,
1325 2760 1354 2787 ει
1369 2769 1414 2794 τις
1430 2761 1475 2793 εις
1492 2761 1656 2794 ,πρόσωπον
1670 2760 1748 2795 ὑμᾶς
1764 2760 1875 2795 (Sa/per

1089 2802 1137 2829 καὶ
1150 2804 1196 2828 τὸν
1211 2802 1279 2836 πρὸς
1292 2802 1413 2833 ἐκείνους
1427 2802 1478 2837 ἤδη
1494 2802 1729 2837 προανακρούεται
1745 2802 1875 2837 πόλεμον.

1091 2845 1135 2871 Διὸ
1149 2843 1209 2871 οὐδὲ
1224 2841 1311 2876 εἶπεν,
1333 2844 1364 2871 Εἰ
1385 2843 1460 2871 ἄλλοι
1486 2843 1655 2878 λαμϐάνουσι
1672 2849 1683 2864 ε
1706 2844 1772 2880 παρ’
1786 2843 1875 2880 ὑμῶν,

1122 2923 1132 2937 ε
1148 2921 1220 2950 Rem.
1234 2921 1253 2944 εἰ
1265 2920 1332 2945 ἄλλοι
1343 2919 1369 2944 οῦ
1379 2919 1535 2951 λαμϐάνουσι.
