1991 3121
135 161 174 189 ii?»
628 159 660 187 IN
680 159 787 188 EPIST.
809 160 818 186 1
851 158 893 187 AD

947 158 992 189 ης.
1011 159 1128 188 HOMIL.
1148 161 1219 190 XXI.

161 218 182 244 Ξ.
207 215 322 251 ldqune
347 216 380 243 ad
402 215 472 248 aliud
494 216 600 252 pergit,
621 220 650 244 et
671 216 708 244 ait
723 224 731 242 :
749 216 812 249 Quis
830 217 904 250 ptan-

133 269 161 291 tnt
181 262 296 293 uincam,
325 266 349 289 et
375 270 407 290 etc
427 262 511 297 fructu
532 263 586 297 eius
604 270 655 290 non
675 263 745 290 edit?
763 263 815 290 Per
841 262 906 290 illud

133 309 188 337 cnim
211 308 349 343 pericula,
376 315 424 342 per
449 307 499 335 hoc
525 315 590 336 vero
613 308 752 340 laborem.
778 309 906 344 defatiga-

133 356 214 382 tionem
240 354 353 382 multam
379 357 407 381 et
431 361 523 381 curam
547 353 704 382 declaravit.
727 355 902 390 Tertiumque

132 408 207 429 rursus
221 400 333 436 apponit
351 400 502 435 exemplum
526 400 619 429 dicens
636 410 642 428 :
661 401 723 435 Quis
745 402 825 437 pascit
847 411 905 437 gre-

131 454 188 482 gem,
198 450 221 472 et
233 446 265 473 de
281 445 346 472 lacte
360 446 415 483 ejus
427 454 478 472 non
491 446 562 473 edit?
574 445 670 474 Curam
691 447 801 475 multam
812 468 821 480 ,
844 456 903 485 qua:

131 492 249 519 doctorem
262 490 289 518 in
301 491 453 519 erudiendis
462 491 599 526 discipulis
617 492 705 527 decet,
719 493 763 521 hic
775 494 902 522 ostendit.

131 537 181 565 Nam
191 541 215 564 et
226 537 326 565 milites
337 541 365 565 et
374 537 497 572 agricolae
509 541 536 565 et
547 543 669 572 pastores
680 539 794 574 apostoli
810 545 900 574 erant;

131 591 171 611 non
181 588 255 610 terrae
267 590 354 618 neque
365 583 503 611 brutorum
515 591 601 619 neque
609 584 740 613 bellorum
749 585 900 619 sensilium,

130 630 323 658 sedanimarum
338 629 507 657 rationalium
529 634 557 658 et
579 630 664 663 aciei,
689 639 749 666 qua:
772 631 902 660 adversus

130 677 248 705 damonas
260 676 411 704 instruitur.
428 676 494 704 illud
510 684 615 713 quoque
628 677 825 706 observandum
839 684 881 707 est
892 700 900 713 ,

129 723 246 758 quomodo
260 722 359 759 ubique
372 722 581 751 moderationem
590 723 750 758 adhibuerit,
760 725 901 754 utilitatem

128 770 198 797 solum
210 777 335 806 quaerens
344 790 352 804 ,
368 777 422 797 non
438 777 482 798 res
494 770 653 806 superﬂuas.
668 771 726 799 Non
740 772 811 800 enim
822 773 897 806 dixit,

128 816 181 851 Quis
190 820 286 853 pugnat
295 820 323 844 et
336 824 390 844 non
400 816 475 844 dives
488 817 550 844 est?
565 817 613 845 sed
622 838 630 850 ,
647 817 710 851 Qui:
732 818 825 846 militat
846 819 898 847 suis

127 862 239 898 stipendiis
252 862 392 897 Iniquom?
408 861 468 890 Non
480 862 557 896 dixit,
570 862 635 896 Quis
646 863 861 898 plantatvineam
872 869 899 893 et

128 908 273 945 noncolligit
284 915 392 942 aurum,
406 913 452 936 aut
464 908 579 936 fructum
593 913 677 937 totum
690 917 743 938 non
757 909 898 945 decerpit?

127 954 178 989 sed,
189 954 226 983 Es;
236 957 322 992 [ructu
335 956 389 991 ejus
402 963 452 983 non
468 956 597 983 comedit?
609 955 701 991 Neque
721 956 807 990 dixit,
831 956 897 992 Quis

124 1001 195 1036 pascit
206 1009 312 1037 gregem
327 1006 355 1030 et
367 1001 402 1029 de
416 1002 492 1037 agnis
506 1009 559 1030 non
573 1007 681 1030 exercet
695 1008 872 1031 mercaturam
885 1004 897 1031 ?

124 1046 163 1074 sed
173 1046 322 1082 quomodo?
335 1046 369 1074 Et
385 1055 417 1074 ea;
430 1048 484 1083 ejus
498 1047 562 1075 lacte
575 1055 624 1075 non
635 1048 763 1075 comedit?
783 1048 840 1077 Non
862 1057 896 1078 ex

122 1093 195 1129 agnis,
205 1093 251 1122 sed
264 1093 308 1123 Ea:
316 1094 399 1127 lacte;
413 1094 557 1122 ostendens
565 1094 700 1122 doctorem
710 1103 792 1130 parvo
800 1096 896 1124 solatio

122 1143 259 1168 contentum
273 1147 334 1168 esse
345 1145 487 1175 oportere,
509 1141 621 1176 soloque
646 1142 799 1169 necessario
823 1142 894 1170 cibo.

121 1183 173 1212 Hac
182 1184 213 1212 ad
224 1192 272 1213 eos
283 1206 292 1218 ,
305 1185 351 1221 qui
366 1185 457 1214 volunt
467 1186 555 1213 omnia
568 1185 710 1214 comedere
719 1206 727 1218 ,
741 1191 768 1214 et
780 1186 893 1216 fructum

120 1234 191 1258 totum
204 1230 360 1266 decerpere.
383 1231 458 1259 Hanc
479 1235 506 1259 et
528 1232 656 1259 Dominus
678 1232 764 1268 legem
787 1233 892 1267 posuit,

118 1274 216 1303 dicens:
230 1275 334 1312 Dignus
348 1281 385 1304 est
406 1277 537 1312 operarius
558 1278 613 1305 cibo
640 1286 686 1306 suo
712 1278 824 1313 (Matth.
847 1280 892 1308 10.

119 1321 173 1356 l0).
184 1322 238 1350 Non
258 1323 312 1351 hoc
332 1327 422 1351 autem
445 1324 531 1352 solum
555 1325 685 1360 exemplis
710 1325 821 1360 probat,
846 1326 892 1354 sed

116 1367 184 1395 etiam
206 1368 327 1396 ostendit
350 1369 456 1404 qualem
482 1374 606 1405 oporteat
629 1378 689 1398 esse
714 1371 890 1399 sacerdotem.

115 1411 207 1442 Etenim
219 1415 300 1443 militi
312 1415 412 1444 habere
424 1415 606 1445 fortitudinem
621 1425 689 1453 opus
701 1422 752 1452 est,
768 1420 892 1455 agricola:

115 1465 203 1494 curam,
218 1462 323 1496 pastori
336 1462 542 1491 sollicitudinem
560 1471 614 1491 :ac
640 1468 701 1498 post
724 1465 782 1492 lucc
802 1465 891 1493 omnia

113 1503 169 1532 nihil
179 1506 294 1542 amplius
308 1514 429 1542 quaerere
442 1515 521 1543 quam
536 1509 697 1536 necessaria.
718 1509 785 1537 Cum
799 1514 891 1538 osten-

113 1549 184 1579 disset
195 1559 270 1588 ergo,
285 1561 341 1582 non
354 1560 416 1582 esse
424 1555 535 1582 vetitum
548 1555 652 1583 doctori
667 1557 800 1591 accipere,
815 1562 843 1584 et
857 1564 891 1585 ex

112 1596 251 1628 doctoribus
265 1604 296 1628 et
309 1608 342 1628 ex
358 1601 420 1628 vitae
433 1601 595 1636 quotidiana:
607 1602 739 1637 exemplis
751 1622 759 1634 ,
774 1602 809 1630 ad
834 1607 890 1631 ter-

113 1643 167 1671 tium
179 1650 258 1680 caput
269 1647 361 1680 venit,
375 1647 414 1674 sic
429 1646 522 1674 dicens
536 1656 544 1674 :
557 1644 585 1675 8.
604 1646 735 1683 Numquid
753 1648 892 1676 secundum

111 1689 223 1718 hominem
236 1692 293 1720 quc
304 1693 361 1720 dico
371 1692 424 1720 ?an
435 1697 458 1720 et
470 1693 512 1720 lex
520 1693 574 1720 [nec
586 1701 637 1720 non
650 1693 711 1721 dicit
721 1693 807 1727 .’Quia
818 1694 890 1722 enim

110 1734 225 1766 hactenus
239 1747 273 1767 ex
286 1738 433 1774 Scripturis
454 1738 519 1767 nihil
539 1739 621 1772 dixit,
647 1739 695 1768 sed
721 1747 889 1768 communem

109 1783 204 1816 protulit
227 1784 453 1812 consuetudinem
467 1805 475 1817 ,
499 1784 537 1812 Ne
561 1785 660 1821 putetis
683 1793 727 1813 me
747 1807 755 1818 ,
784 1785 889 1820 inquit,

108 1827 172 1856 hisce
184 1829 232 1857 niti
246 1830 317 1858 solis
327 1850 336 1864 ,
352 1837 440 1866 neque
454 1838 487 1858 ex
500 1829 638 1858 hominum
652 1830 748 1866 placito
762 1831 819 1858 lucc
833 1834 890 1858 sta-

107 1878 172 1902 tuere
186 1884 191 1902 :
205 1883 318 1911 possum
342 1876 414 1904 enim
437 1876 597 1909 ostendere,
621 1876 679 1904 hare
703 1877 759 1905 Deo
783 1884 890 1912 quoque

106 1920 190 1954 placita
198 1930 266 1955 esse,
278 1927 308 1950 et
319 1927 435 1950 veterem
444 1922 504 1958 lego
515 1923 599 1958 legem
611 1922 668 1950 hace
679 1923 888 1958 praecipientem.

107 1965 161 1994 ideo
176 1975 220 2002 per
234 1968 476 2003 interrogationem
493 1968 661 2003 progreditur
673 1989 681 2001 ,
696 1968 734 1995 uti
748 1968 817 1996 solet
831 1968 889 1996 ﬁeri

104 2011 126 2038 in
146 2012 196 2046 iis,
218 2021 280 2048 quae
305 2014 417 2041 omnino
437 2014 464 2041 in
487 2014 610 2042 confesso
632 2018 703 2046 sunt,
718 2014 758 2041 sic
771 2013 865 2042 dicens
881 2023 888 2041 :

105 2057 227 2094 Numquid
237 2061 382 2088 secundant
397 2061 521 2088 hominem
539 2061 592 2088 hac
606 2061 683 2088 dico?
696 2060 723 2088 Id
737 2066 778 2089 est
792 2082 800 2095 ,
820 2060 889 2088 Num

103 2103 215 2133 humanis
227 2110 335 2134 tantum
349 2106 479 2142 exemplis
494 2107 581 2134 tritor?
593 2107 684 2134 Annon
697 2107 773 2134 etiam
788 2107 829 2134 lea:
836 2107 890 2134 licet:

102 2149 175 2177 dicit?
192 2151 218 2179 9.
236 2151 376 2187 Scriptum
390 2156 427 2178 est
442 2152 506 2179 enim
518 2152 545 2179 in
556 2152 610 2188 lege
622 2152 721 2188 Moysis
734 2160 744 2179 :
755 2151 815 2180 Non
830 2151 890 2179 ulli-

101 2195 164 2228 gabis
175 2205 202 2224 os
215 2197 275 2224 boui
291 2197 435 2224 trituranti.
452 2198 486 2225 Et
499 2206 546 2225 cur
570 2198 626 2226 iure
652 2202 801 2230 memorat,
827 2206 888 2226 cum

101 2237 203 2269 haberet
220 2242 384 2277 exemplum
399 2242 587 2270 sacerdotum?
601 2243 752 2271 Admodum
772 2243 888 2271 ubertim

101 2284 150 2313 hate
162 2288 282 2322 probare
297 2288 405 2316 volens.
414 2289 524 2322 Deinde,
536 2297 569 2317 ne
580 2290 640 2325 quis
650 2289 752 2318 diceret
766 2298 774 2317 :
788 2289 889 2325 Ecquid

100 2331 127 2358 ad
140 2341 196 2368 nos,
206 2334 283 2370 quod
300 2334 336 2362 de
348 2334 434 2362 bobus
448 2335 549 2363 dictum
563 2337 624 2364 est?
634 2336 684 2364 hoc
692 2341 815 2364 accurate
829 2336 888 2364 dis-

99 2378 155 2405 cutit
166 2379 262 2408 dicens
277 2389 285 2408 :
304 2379 439 2415 Numquid
453 2384 485 2408 de
510 2380 586 2408 bobus
596 2389 657 2408 cura
671 2387 707 2409 est
718 2381 792 2409 Deo?
804 2381 889 2409 Boves

99 2429 154 2459 ergo
166 2433 220 2453 non
236 2429 333 2458 curat,
344 2432 437 2460 quaeso
451 2430 486 2460 te,
498 2426 589 2454 Deus?
602 2425 685 2454 Curat
707 2427 798 2462 utique
810 2446 818 2461 ,
841 2427 888 2455 sed

100 2476 145 2498 non
155 2470 200 2506 ita,
218 2476 251 2500 ut
264 2471 304 2500 dc
319 2471 363 2498 illa
376 2479 407 2499 re
421 2471 504 2507 legem
519 2472 618 2500 tulerit.
636 2473 803 2509 Quapropter
815 2494 823 2505 ,
837 2474 889 2501 nisi

99 2523 213 2552 magnum
229 2517 301 2554 quid
318 2517 509 2552 subindicaret,
522 2518 629 2546 Judzcos
643 2527 692 2554 per
713 2519 789 2547 bruta
812 2527 890 2547 exer-

98 2570 153 2592 cens
163 2565 197 2593 ad
214 2565 420 2601 benignitatem
430 2585 437 2597 ,
448 2569 528 2600 atque
539 2566 620 2592 etiam
639 2565 699 2593 illos
713 2573 760 2601 per
779 2565 838 2593 haec
855 2566 889 2593 de

98 2609 244 2639 doctoribus
261 2611 423 2645 alloquens,
435 2618 487 2638 non
502 2611 555 2638 tale
569 2611 731 2646 suscepisset
753 2611 869 2638 studium
879 2631 888 2645 ,

98 2660 153 2685 utet
167 2658 256 2693 legem
270 2657 409 2684 scriberet
428 2656 462 2684 de
484 2656 568 2685 bobus
587 2664 666 2685 camo
687 2665 740 2684 non
764 2657 887 2693 ligandis.

98 2700 152 2730 inde
164 2709 256 2731 autem
268 2702 349 2730 aliud
360 2701 487 2735 ostendit.
500 2703 612 2730 multum
622 2710 684 2731 esse
696 2703 835 2731 doctorum
850 2704 889 2731 la-

99 2747 180 2776 borem
195 2753 224 2777 et
238 2755 308 2777 esse
324 2747 444 2780 debere;
465 2748 590 2783 aliudque
613 2755 729 2776 rursum.
748 2748 888 2782 Quodnam

98 2791 173 2822 illud?
186 2793 267 2829 Quod
284 2799 467 2829 quaecumque
478 2793 503 2820 in
516 2792 602 2821 veteri
615 2793 673 2828 lege
694 2794 728 2821 de
750 2794 889 2821 brutorum

98 2846 150 2867 cura
163 2840 309 2872 dicuntur,
328 2837 363 2865 ad
373 2837 508 2866 hominum
520 2839 667 2867 doctrinam
679 2840 811 2876 praecipue
825 2847 890 2868 con-

99 2882 193 2920 iciant;
210 2890 241 2914 ut
257 2888 288 2914 et
300 2882 358 2912 alia
368 2884 456 2912 omnia
471 2893 478 2912 :
492 2885 564 2913 verbi
577 2885 671 2921 gratia,
688 2893 746 2921 quae
759 2885 793 2914 de
804 2885 886 2914 variis

1701 169 1750 196 i75

958 215 1088 250 vestibus,
1102 225 1162 252 qua:
1168 217 1202 246 de
1210 218 1304 252 vincis,
1317 220 1351 248 de
1361 221 1518 257 seminibus,
1530 223 1564 251 de
1580 228 1647 252 terra
1659 245 1666 257 ,
1678 227 1749 260 quod

961 268 1013 288 non
1028 260 1132 290 diversa
1146 262 1266 292 facienda
1280 265 1333 299 sit,
1347 265 1382 294 de
1393 266 1467 303 lepra
1479 276 1485 301 ;
1509 268 1596 303 deque
1617 270 1677 297 aliis
1688 291 1697 303 ,
1721 276 1749 298 ut

960 304 995 331 ita
1006 305 1092 333 dicam
1101 328 1109 340 ,
1124 308 1258 336 omnibus.
1272 309 1338 338 Cum
1353 312 1424 339 enim
1436 313 1472 340 illi
1486 315 1633 343 crassiores
1647 322 1747 348 essent.

958 349 1021 378 hinc
1033 351 1182 380 disserebat
1195 361 1256 382 cum
1272 355 1333 389 illis,
1350 357 1476 391 paulatim
1491 359 1562 394 ipsos
1576 361 1692 396 erigens.
1714 361 1749 389 Et

957 395 1018 442 vide
1037 398 1173 432 quomodo
1195 399 1246 428 hoc
1265 409 1319 429 non
1341 402 1410 430 ultra
1430 405 1541 439 probet,
1566 395 1657 441 utpote
1675 407 1747 442 quod

957 440 1064 474 planum
1080 447 1106 469 et
1120 450 1152 470 ex
1167 451 1197 471 se
1211 445 1378 474 manifestum
1394 448 1438 475 sit.
1453 448 1520 477 Cum
1535 440 1647 478 dixisset
1662 440 1746 485 enim,

956 485 1090 522 Numquid
1111 489 1143 516 de
1163 489 1241 518 bobus
1251 499 1312 518 cura
1323 498 1358 520 est
1372 493 1448 522 Deo!
1464 496 1601 531 subjunxit
1615 505 1622 523 :
1638 498 1681 527 10.
1706 500 1746 528 Att

955 536 1057 566 propter
1071 541 1117 561 nos
1127 535 1229 562 omnino
1239 536 1287 563 hoc
1299 538 1383 566 dicit?
1403 539 1457 568 Nec
1477 542 1535 570 sine
1559 550 1638 571 causa
1660 545 1722 573 illud
1734 567 1742 578 ,

956 576 1076 612 Omnino,
1089 580 1174 615 ponit,
1187 582 1233 609 sed
1252 591 1285 610 ne
1299 583 1391 612 liceret
1404 586 1519 615 auditori
1531 608 1534 613 .
1544 589 1586 617 vel
1610 576 1743 619 tantillum

954 624 1150 653 contradicere.
1168 627 1254 662 Atque
1265 629 1292 656 in
1308 631 1464 666 metaphora
1481 639 1580 667 perstat
1602 635 1693 664 dicens
1717 642 1745 665 et

954 671 1130 704 pronuntians
1144 680 1151 698 :
1168 673 1237 701 Nam
1250 680 1352 710 propter
1364 685 1410 704 nos
1427 679 1522 713 scripta
1541 686 1616 714 sunt;
1636 683 1696 718 quia
1716 684 1744 711 iu

952 723 998 751 spe
1011 717 1082 744 debet
1094 719 1138 752 qui
1147 719 1203 747 arat
1215 729 1290 749 arare
1303 730 1313 749 :
1324 722 1350 750 id
1362 728 1413 756 est,
1427 724 1523 753 doctor
1532 726 1612 755 debet
1622 728 1742 757 laborum

952 762 1105 791 mercedem
1120 764 1219 794 habere
1235 775 1242 794 :
1257 771 1280 794 et
1290 768 1334 802 qui
1346 770 1457 803 triturat,
1474 770 1501 797 in
1517 779 1562 806 spe
1574 774 1672 808 {ructus
1686 783 1744 810 per-

951 808 1062 843 cipiendi
1074 818 1137 838 esse.
1148 812 1182 840 Et
1194 813 1255 841 vide
1269 815 1447 849 prudentiam.
1462 818 1483 844 Α
1496 818 1599 847 semine
1616 808 1690 848 enim
1708 822 1741 849 ad

950 860 1041 881 aream
1057 863 1113 883 rem
1130 857 1265 892 traduxit;
1289 859 1332 887 hic
1352 868 1458 889 rursum
1484 863 1581 892 multos
1601 864 1741 894 doctorum

950 899 1062 928 sudores
1077 903 1231 938 ostendens,
1245 906 1370 940 quoniam
1386 907 1435 943 ipsi
1450 913 1478 935 et
1498 913 1577 937 arant
1596 914 1624 938 et
1647 919 1738 940 aream

950 949 1049 994 terunt.
1071 948 1104 976 Et
1124 949 1150 978 in
1168 951 1269 979 arando
1287 952 1405 988 quidem,
1420 955 1481 990 quia
1495 955 1582 984 nullus
1591 959 1741 994 percipien-

948 991 998 1020 dus
1011 993 1113 1023 fructus
1124 1000 1199 1030 erat,
1214 997 1261 1025 sed
1273 998 1349 1026 labor
1360 1003 1461 1028 tantum
1475 1001 1568 1030 aderat
1577 991 1674 1038 {spem
1692 1012 1740 1039 po-

947 1038 1002 1065 suit
1017 1046 1024 1064 :
1039 1039 1065 1066 in
1081 1041 1191 1069 terenda
1205 1049 1270 1070 vero
1282 1050 1354 1077 arca,
1368 1044 1421 1079 jam
1437 1053 1513 1073 usum
1534 1048 1649 1076 iructum
1672 1038 1738 1078 con-

947 1084 1030 1111 cessit
1042 1085 1152 1113 dicens:
1165 1086 1200 1114 Et
1216 1089 1259 1124 qui
1270 1089 1380 1124 triturat,
1395 1091 1451 1126 ejus
1464 1093 1516 1127 spei
1530 1095 1656 1130 particeps
1671 1101 1717 1123 est.

982 1129 1009 1157 4.
1024 1130 1136 1166 Deinde,
1158 1140 1193 1160 ne
1212 1136 1272 1169 quis
1293 1135 1373 1169 dicat,
1397 1137 1521 1167 l-laeccine
1540 1145 1582 1168 est
1603 1129 1737 1170 territorum

946 1181 1051 1204 merces
1071 1177 1213 1206 laborum?
1236 1180 1343 1215 adjecit,
1365 1181 1399 1209 In
1421 1191 1485 1218 spe,
1511 1185 1615 1214 scilicet
1636 1186 1736 1217 futura.

946 1220 1016 1248 Nihil
1030 1229 1096 1258 ergo
1108 1223 1180 1252 aliud
1198 1225 1297 1254 clamat
1309 1234 1339 1255 os
1359 1227 1437 1264 hujus
1451 1230 1574 1259 animalis
1586 1239 1663 1261 camo
1684 1243 1737 1263 non

946 1267 1066 1303 ligatum,
1088 1278 1166 1306 quam
1190 1273 1261 1308 quod
1286 1279 1408 1309 oporteat
1433 1276 1560 1305 doctores
1583 1279 1737 1309 laborantes

945 1315 1070 1343 mercede
1083 1316 1144 1345 frui.
1159 1318 1202 1345 Η.
1216 1318 1247 1346 Si
1259 1328 1305 1347 nos
1315 1321 1383 1348 vobis
1393 1322 1538 1356 spiritualia
1548 1325 1735 1360 seminavimus,

944 1368 1063 1397 magnum
1085 1368 1132 1395 est,
1154 1364 1176 1390 si
1198 1373 1244 1392 nos
1263 1366 1378 1394 carnalia
1399 1373 1480 1395 vestra
1501 1371 1644 1398 metamus!
1666 1371 1736 1400 Ecce

943 1411 1067 1440 quartum
1082 1408 1161 1436 etiam
1177 1409 1250 1438 addit
1263 1411 1431 1440 ratiocinium
1443 1433 1451 1446 ,
1465 1414 1536 1449 quod
1550 1420 1672 1449 oporteat
1684 1417 1735 1445 ali-

944 1457 1033 1480 menta
1046 1454 1176 1488 prmbere.
1188 1455 1256 1489 Quia
1266 1456 1338 1484 enim
1351 1457 1429 1491 dixit,
1443 1458 1507 1492 Quis
1520 1460 1612 1488 militat
1624 1463 1736 1497 propriis

943 1498 1076 1533 stipendiis
1089 1502 1229 1535 umquam?
1240 1506 1277 1534 et,
1293 1502 1358 1536 Quis
1370 1504 1468 1538 plantat
1482 1505 1580 1533 uincam
1590 1507 1603 1534 .7
1616 1511 1653 1541 et,
1671 1508 1735 1541 Quis

943 1545 1024 1579 pascit
1041 1547 1162 1581 gregem?
1184 1550 1211 1574 et
1225 1547 1334 1576 adduxit
1354 1549 1449 1578 bovem
1461 1551 1734 1586 trituranlem;aliam

944 1591 1044 1626 profert
1052 1599 1161 1620 causam
1172 1594 1269 1622 rationi
1278 1595 1356 1623 valde
1366 1603 1523 1631 consonam,
1534 1604 1644 1634 propter
1654 1608 1734 1636 quam

941 1638 1001 1673 jure
1023 1640 1161 1674 accepturi
1183 1645 1278 1674 erant;
1293 1641 1365 1676 quod
1379 1650 1432 1670 non
1452 1643 1533 1671 modo
1555 1645 1733 1679 laborassem,

942 1684 990 1711 sed
1002 1689 1029 1712 et
1039 1685 1118 1720 longe
1129 1686 1230 1721 majora
1245 1687 1432 1721 prmbuisscnt.
1446 1689 1575 1724 Quaenam
1595 1699 1660 1728 ergo
1673 1693 1734 1720 est?

943 1731 974 1759 Si
987 1740 1033 1760 nos
1043 1733 1111 1761 vobis
1124 1734 1269 1768 spiritualia
1280 1736 1459 1764 seminavimus
1468 1758 1475 1771 ,
1493 1746 1612 1773 mugitum
1637 1744 1672 1766 est
1683 1759 1691 1772 ,
1711 1741 1734 1767 si

941 1785 988 1805 nos
1002 1779 1116 1806 carnalia
1130 1784 1213 1806 vestra
1223 1785 1346 1808 metamus
1356 1781 1370 1808 ?
1383 1778 1627 1812 Vidistin“causam
1637 1780 1732 1819 justis-

942 1824 1048 1857 simam,
1060 1829 1086 1852 et
1097 1825 1181 1860 magis
1191 1833 1270 1861 quam
1284 1827 1389 1861 priores
1401 1829 1497 1856 rationi
1509 1832 1733 1858 consentaneum?

943 1869 999 1897 illic
1015 1878 1129 1906 namque
1151 1871 1225 1905 dicit,
1247 1873 1361 1901 Caruale
1385 1881 1477 1902 semen
1500 1881 1551 1909 est,
1575 1877 1691 1904 carnalis
1705 1883 1734 1905 et

941 1915 1064 1943 fruetus?
1079 1916 1122 1944 hic
1143 1921 1231 1945 autem
1255 1925 1308 1946 non
1328 1918 1378 1952 sic,
1400 1919 1446 1947 sed
1460 1927 1553 1948 semen
1573 1921 1731 1959 spirituale,

943 1970 1048 1991 merces
1060 1970 1125 1991 vero
1138 1964 1263 1992 carnalis.
1278 1964 1343 1993 Nam
1359 1973 1392 1993 ne
1408 1966 1520 1994 multum
1534 1967 1583 1994 sibi
1597 1966 1735 2002 placerent

942 2008 960 2036 ii
971 2029 979 2041 ,
993 2008 1039 2043 qui
1059 2008 1160 2044 aliquid
1172 2009 1327 2038 doctoribus
1345 2011 1497 2046 praiberent
1508 2031 1516 2045 ,
1537 2012 1654 2040 ostendit
1669 2013 1730 2041 illos

942 2054 1044 2090 majora
1056 2062 1136 2090 quam
1150 2055 1214 2083 dent
1227 2057 1359 2092 accipere.
1375 2058 1507 2093 Agricola:
1520 2066 1635 2094 namque
1646 2080 1654 2093 ,
1669 2067 1730 2094 quas

942 2100 1090 2135 seminam,
1104 2101 1198 2129 eadem
1213 2102 1271 2137 ipsa
1285 2104 1417 2138 accipiunt
1433 2112 1440 2131 :
1456 2111 1505 2133 nos
1519 2109 1607 2133 autem
1618 2127 1626 2140 ,
1643 2106 1687 2141 qui
1702 2107 1730 2134 in

941 2145 1079 2174 animabus
1101 2147 1198 2174 vestris
1218 2147 1367 2183 spiritualia
1383 2149 1496 2178 serimus
1506 2169 1514 2184 ,
1528 2151 1653 2179 metimus
1667 2158 1729 2179 car-

942 2191 1010 2219 nalia
1031 2201 1038 2220 :
1058 2193 1110 2220 tale
1132 2200 1246 2229 namque
1267 2198 1309 2221 est
1326 2194 1481 2223 alimentum
1505 2195 1540 2223 ab
1559 2195 1612 2224 illis
1628 2196 1731 2224 datum.

943 2238 1044 2266 Deinde
1058 2239 1187 2274 majorem
1200 2239 1280 2267 infert
1292 2240 1422 2276 pudorem
1437 2249 1445 2271 :
1458 2241 1501 2269 i2.
1517 2241 1548 2270 Si
1561 2241 1605 2269 alii
1619 2247 1730 2278 potesta~

942 2284 973 2310 tis
987 2288 1077 2311 vestrte
1089 2285 1226 2320 participes
1237 2290 1296 2312 sunt
1308 2306 1316 2319 ,
1332 2294 1411 2320 quare
1422 2295 1474 2314 non
1487 2288 1571 2323 potius
1583 2296 1629 2315 nos
1637 2289 1650 2316 .’
1662 2289 1732 2317 Ecce

941 2331 1021 2358 aliam
1041 2331 1190 2363 rationem,
1212 2339 1272 2367 qua:
1285 2336 1312 2359 et
1326 2332 1382 2367 ipsa
1403 2332 1438 2360 ab
1451 2333 1581 2368 exemplis
1594 2334 1709 2362 sumitur
1720 2353 1729 2367 ,

941 2377 989 2405 sed
1013 2385 1065 2405 non
1088 2385 1103 2404 a
1123 2377 1264 2405 similibus.
1285 2377 1377 2413 Neque
1398 2378 1469 2406 enim
1492 2378 1536 2406 hic
1558 2378 1667 2407 Petrum
1682 2387 1732 2408 nec

941 2425 1078 2460 apostolos
1091 2427 1239 2457 memorat,
1255 2423 1302 2452 sed
1323 2424 1391 2451 alios
1411 2424 1539 2459 quosdam
1554 2425 1730 2459 adulterinos,

941 2474 1035 2498 contra
1048 2477 1115 2505 quos
1128 2470 1255 2504 deinceps
1269 2477 1383 2505 pugnam
1401 2471 1527 2503 instruit,
1543 2478 1574 2498 ac
1587 2471 1621 2498 de
1633 2471 1730 2506 quibus

942 2516 1007 2544 dicit
1020 2525 1026 2543 :
1042 2515 1073 2543 Si
1084 2516 1141 2550 quis
1155 2523 1199 2543 vos
1210 2515 1327 2549 devorat,
1341 2516 1364 2543 si
1380 2516 1435 2551 quis
1449 2516 1540 2552 accipit
1549 2537 1557 2550 ,
1579 2517 1601 2543 si
1616 2518 1672 2551 quis
1685 2525 1732 2544 ea:-

942 2561 1051 2594 tollitui',
1062 2562 1084 2589 si
1096 2562 1152 2597 quis
1167 2564 1194 2589 in
1206 2563 1298 2598 facient
1311 2570 1355 2589 vos
1368 2563 1443 2590 credit
1456 2561 1503 2597 (2.
1519 2562 1578 2589 Cor.
1594 2563 1638 2590 11.
1651 2563 1688 2591 20
1699 2563 1710 2599 )
1722 2571 1731 2596 ;

942 2613 969 2636 et
982 2607 1044 2636 belli
1057 2612 1149 2635 contra
1160 2614 1208 2635 eos
1218 2607 1326 2642 gerendi
1336 2607 1391 2643 jam
1402 2607 1464 2635 facit
1474 2607 1643 2642 prmludium.
1658 2608 1733 2636 Ideo-

942 2661 995 2690 que
1008 2662 1062 2682 non
1073 2653 1153 2687 dixit,
1168 2654 1197 2681 Si
1216 2654 1261 2681 alii
1275 2661 1290 2680 a
1304 2654 1380 2682 vobis
1400 2654 1554 2689 accipiunt;
1575 2654 1623 2682 sed
1643 2660 1734 2684 oeten-

942 2700 1010 2728 dens
1030 2700 1138 2727 illorum
1159 2700 1350 2735 arrogantiam,
1370 2700 1541 2736 tyrannidem
1558 2703 1586 2727 et
1599 2707 1733 2727 commer-

942 2748 1013 2781 cium
1023 2768 1030 2781 ,
1042 2747 1107 2775 dicit
1123 2756 1130 2775 :
1145 2747 1176 2774 Si
1189 2747 1236 2774 alii
1248 2747 1377 2782 potestatis
1397 2753 1485 2775 vestrm
1504 2747 1639 2782 participes
1652 2750 1732 2777 sunt;

943 2793 970 2821 id
983 2797 1039 2826 est,
1053 2793 1077 2821 si
1092 2793 1225 2829 imperant
1235 2794 1311 2822 vobis
1322 2815 1331 2828 ,
1343 2794 1366 2822 si
1379 2798 1538 2829 potestatem
1552 2796 1695 2824 exercent,
1709 2792 1733 2819 si

944 2843 974 2867 ut
991 2839 1097 2867 famulis
1108 2844 1220 2867 utuntur
1231 2860 1240 2873 ,
1253 2848 1307 2868 non
1322 2840 1403 2868 modo
1416 2839 1578 2873 accipientes
1589 2858 1597 2871 ,
1613 2837 1659 2864 sed
1672 2843 1734 2864 cum

944 2885 1026 2914 multa
1037 2885 1207 2915 accurationc
1219 2890 1247 2915 et
1259 2885 1431 2914 auctoritate.
1453 2883 1515 2912 ideo
1536 2882 1657 2916 addidit,
1670 2881 1732 2910 Non
