2046 3114
247 127 257 155 i
262 127 297 155 75

248 161 332 218 potiit:
344 183 412 212 nos!
424 183 495 220 quod
513 190 567 211 non
579 182 707 217 dixisset,
721 184 743 210 si
756 182 790 210 de
805 181 934 217 apostolis
953 187 1043 209 sermo

247 235 329 259 esset.
352 230 405 258 Sed
429 230 516 266 palam
539 234 597 262 est,
622 229 694 257 illum
719 228 848 263 quosdam
872 227 1041 255 subindicnre

249 278 433 312 perniciosos,
461 277 506 312 qui
536 277 608 311 ipsos
632 275 797 309 deciperent.
823 274 913 309 Itaque
944 278 1042 309 prmter

247 322 346 358 Illoysis
359 324 444 358 legem
464 329 513 349 vos
528 328 635 356 quoque
654 320 739 355 legem
754 319 859 351 tulistis,
877 318 948 354 quod
970 327 1040 354 pra-,-

249 368 313 396 bere
323 372 455 404 oporteat.
466 367 532 395 Cum
544 366 610 394 dixit
620 370 723 398 autem,
737 364 798 392 Non
811 367 893 400 potius
906 364 973 392 nos?
987 372 1040 391 non

249 415 344 450 probat
363 421 412 442 cur
434 414 517 441 multo
531 412 615 448 magis
627 416 762 447 oporteat,
783 412 830 439 sed
855 412 960 439 illorum
976 418 1042 438 eon—

248 460 369 488 scientite
385 459 552 495 probandum
575 459 722 494 relinquit,
738 458 872 493 simulque
891 462 918 485 et
940 462 1043 485 terrere

248 507 342 535 volens
356 511 384 534 et
400 507 529 541 majorem
554 506 675 533 incutere
696 504 838 540 pudorem.
860 504 914 532 Sed
931 511 981 531 non
1002 503 1045 530 usi

247 561 335 581 suum:
360 552 405 580 tali
429 556 559 588 potestate.
576 552 604 579 ld
617 556 677 586 est,
691 551 748 579 Non
768 551 931 585 accepimus.
947 549 1043 577 Viden‘

247 599 393 634 quomodo,
416 606 477 626 cum
498 599 574 634 prius
595 603 633 625 tot
656 597 803 626 rationibus
815 597 971 633 probasset,
988 604 1040 623 non

247 653 308 674 esse
323 649 416 673 contra
431 645 516 680 legem
530 665 539 678 ,
555 645 678 679 accipere
690 665 698 675 .
713 648 776 672 tunc
795 643 861 671 dixit
878 653 884 670 :
899 643 956 670 Non
972 643 1042 670 acci-

248 693 348 728 pimus,
370 700 405 720 ne
425 691 546 719 videatur
566 691 700 718 abstinere
717 695 850 725 tamquam
866 697 881 717 a
896 688 1040 724 pirobibito.

248 739 307 768 Non
321 740 404 773 enim,
419 739 515 774 inquit,
527 738 599 773 quod
612 745 665 766 non
677 738 766 768 liceat,
782 745 835 764 non
848 736 968 771 accipio;
981 736 1043 763 licet

248 786 331 817 enim,
343 789 372 814 et
382 785 433 813 hoc
443 792 476 812 ex
487 784 577 812 multis
588 783 843 815 demonstravimus;
858 790 890 810 ex
901 781 1042 817 apostolis,

248 840 282 860 ex
297 832 376 860 rebus
389 839 449 866 quae
465 832 491 858 in
505 831 558 858 vita
578 830 661 861 ﬁunt,
677 838 710 856 ex
724 829 808 856 milite
818 849 825 861 ,
841 828 976 863 agricola,
992 834 1043 863 pa-

249 883 323 906 store
333 898 341 909 .
357 884 371 904 a
387 877 446 911 lege
461 875 570 911 Moysis,
587 875 620 902 ab
634 875 690 910 ipsa
703 876 742 901 rei
757 879 850 901 natura
864 895 871 906 ,
886 873 946 908 quia
960 873 1041 900 semi-

249 924 373 951 navimus
392 922 467 949 vobis
486 920 651 956 spiritualia;
673 927 705 947 ex
722 919 755 946 iis
767 940 775 952 ,
798 927 857 954 qua:
872 926 920 945 vos
941 918 1043 945 fecistis

249 977 312 1004 erga
332 969 399 996 alios
415 976 422 995 :
436 967 484 995 sed
499 967 588 999 sicut,
609 973 644 993 ne
658 965 793 993 videretur
812 964 914 1000 pudore
935 964 1043 991 afﬁcere

248 1014 396 1049 apostolos,
411 1012 456 1048 qui
469 1012 649 1047 accipiebant,
664 1011 722 1039 hmc
734 1011 833 1046 posuit,
848 1010 976 1046 pudorem
991 1009 1043 1037 illis

251 1061 386 1089 incutiens
400 1064 428 1087 et
439 1059 583 1087 ostendens
604 1065 633 1085 se
646 1065 700 1085 non
715 1065 731 1085 a
744 1065 773 1085 re
787 1061 816 1084 ut
832 1056 963 1092 prohibita
978 1056 1042 1083 abs-

250 1108 336 1135 tinere
351 1116 358 1135 :
374 1106 412 1135 ita
425 1113 531 1134 rursum
544 1126 553 1139 ,
573 1112 608 1132 ne
622 1112 670 1139 per
688 1103 798 1132 multam
821 1103 892 1130 illam
907 1102 1043 1137 probatio-

249 1161 312 1181 nem
331 1157 360 1180 et
379 1151 528 1187 frequentia
542 1151 676 1185 exempla,
692 1150 769 1185 queis
782 1149 900 1177 ostendit
921 1149 1043 1183 accipere

249 1205 385 1236 oportere,
398 1199 536 1227 videretur
548 1202 576 1225 ut
584 1198 698 1232 accipiat
707 1204 840 1232 quaerere,
855 1196 969 1231 ide0que
983 1196 1043 1223 talia

250 1247 385 1283 proferre;
398 1247 454 1282 jam
476 1245 541 1273 illud
563 1244 689 1279 corrigit;
710 1248 737 1271 et
751 1243 850 1271 clarius
870 1243 979 1270 demum
993 1242 1044 1269 hoc

250 1293 350 1329 posuit,
367 1300 428 1320 cum
444 1291 527 1319 dicit:
544 1290 605 1318 Non
625 1289 716 1325 scripsi
729 1294 814 1316 autent
834 1290 889 1316 lucc
900 1310 907 1321 ,
928 1289 1003 1316 utsic
1017 1289 1045 1316 iu

252 1348 293 1366 me
305 1339 351 1374 ﬁat
365 1346 374 1366 :
390 1338 432 1365 hic
447 1344 528 1372 porro
539 1336 614 1368 dicit,
624 1335 683 1363 Non
696 1335 736 1363 usi
750 1343 838 1362 sumus
850 1335 897 1362 hac
911 1339 1042 1370 potestate.

249 1385 380 1420 Quodque
393 1383 478 1418 majus
488 1387 540 1417 est,
551 1382 590 1410 Ne
601 1381 665 1410 illud
676 1381 784 1417 quidem
795 1380 893 1416 poterit
904 1381 1043 1416 quisquam

250 1433 351 1465 dicere,
367 1430 437 1466 quod
449 1438 509 1457 cum
523 1429 601 1457 nobis
614 1429 710 1464 ampla:
724 1428 865 1456 facultates
877 1433 968 1456 essent
979 1448 987 1461 ,
1003 1427 1045 1454 his

252 1487 305 1506 non
320 1477 361 1505 usi
376 1477 474 1509 simus;
495 1476 626 1511 siquidem
651 1480 764 1510 urgente
785 1475 965 1508 necessitate,
990 1482 1045 1502 nou

250 1525 380 1553 cessimus
394 1523 546 1551 necessitati
563 1531 570 1549 ε
587 1521 613 1549 id
627 1522 698 1557 quod
712 1522 792 1550 etiam
809 1522 834 1549 in
849 1521 967 1549 secunda
980 1521 1017 1549 ait
1035 1530 1041 1547 :

251 1572 323 1599 Alias
336 1570 464 1598 Ecciesias
476 1569 613 1604 easpoliavi
622 1589 630 1601 .
644 1569 770 1603 accipiens
783 1560 909 1603 stipendia
921 1568 955 1595 ad
968 1568 1044 1595 mini-

251 1617 355 1644 sterium
369 1620 499 1647 vestrum;
518 1620 541 1642 et
560 1623 616 1642 cum
636 1623 713 1642 essem
728 1615 798 1649 apud
820 1623 862 1642 vos
881 1619 904 1642 et
925 1623 1022 1650 egerem
1033 1634 1043 1648 ,

251 1664 316 1690 nulli
329 1671 448 1690 onerosus
462 1663 500 1698 fui
515 1661 553 1696 (2.
569 1662 627 1688 Cor.
643 1662 686 1688 il.
704 1661 733 1696 8)
748 1669 755 1693 ;
777 1665 805 1689 et
825 1661 851 1688 in
866 1661 917 1688 hac
931 1669 1043 1689 rursus:

253 1710 286 1738 Et
305 1710 430 1738 esurimus
447 1713 470 1736 et
486 1708 585 1736 sitintus
596 1713 618 1734 et
630 1708 693 1734 nudi
706 1716 793 1735 sumus
806 1712 829 1735 et
841 1708 956 1743 colaphis
967 1708 1045 1735 caedi-

252 1765 309 1783 mur
322 1756 360 1792 (i.
378 1754 437 1783 Cor.
457 1755 485 1783 4.
507 1755 558 1789 ll).
574 1754 607 1781 Et
625 1754 669 1782 ltic
688 1762 781 1782 rursus
793 1755 908 1790 idipsum
920 1755 1044 1783 subindi-

251 1808 315 1834 cat,
338 1802 452 1833 dicens.
472 1801 525 1829 Sed
548 1801 632 1828 omnia
650 1801 812 1828 sustinemus.
836 1801 933 1829 Dicens
955 1801 1043 1835 enim,

252 1847 346 1875 Omnia
367 1847 528 1879 sustinemus,
552 1846 649 1874 famem
672 1846 822 1874 subindicat
843 1851 869 1875 et
891 1838 1043 1882 angustiam

251 1895 373 1927 multam,
386 1894 490 1929 aliaque
502 1894 603 1921 omnia.
616 1893 669 1921 Sed
685 1901 771 1928 neqtte
785 1894 834 1926 sic,
852 1894 947 1929 inquit,
958 1894 1044 1922 coacti

251 1947 346 1968 sumus
357 1940 462 1967 solvere
475 1939 572 1974 legem,
589 1946 668 1974 quam
685 1939 762 1966 nobis
775 1938 840 1974 ipsis
853 1939 1042 1974 imposuimus.

251 1986 361 2019 Quare?
372 1985 414 2012 Ne
425 1985 494 2020 quod
508 1984 689 2018 offendiculum
700 1984 788 2012 demus
798 1985 926 2021 evangelio
938 1985 1042 2013 Christi.

250 2033 318 2065 Quia
331 2031 402 2059 enim
413 2031 575 2059 inﬁrmiores
590 2030 720 2058 Corinthii
730 2036 816 2064 erant,
828 2031 866 2058 Ne
877 2039 935 2066 vos,
947 2032 1042 2067 inquit,

251 2078 449 2105 oil'enderemus
464 2077 638 2112 accipientes,
653 2076 797 2104 maluimus
810 2077 869 2112 plus
882 2085 962 2113 quam
976 2086 1044 2113 pne-

250 2129 357 2158 ccptum
370 2115 429 2151 erat
446 2122 545 2156 facere,
561 2131 640 2157 quam
658 2122 762 2150 obicem
776 2124 929 2158 quempiam
946 2124 1043 2153 aﬂ‘erre

250 2169 405 2204 cvangelio;
420 2167 446 2195 id
461 2173 513 2201 est,
530 2168 691 2196 institutioni
705 2173 811 2197 vestrze.
833 2169 863 2198 Si
877 2174 966 2198 autem
981 2179 1041 2205 nos,

251 2215 358 2244 etiamsi
371 2215 466 2243 liceret
484 2215 562 2242 nobis
575 2219 602 2243 et
615 2215 724 2243 multam
745 2216 799 2243 vim
816 2222 978 2252 pateremur,
993 2226 1042 2246 ex-

249 2262 422 2297 emplumque
437 2261 598 2289 haberemus
611 2262 758 2297 apostolos,
768 2263 794 2290 id
808 2271 859 2291 non
870 2264 991 2299 fecimus,
1002 2265 1043 2293 Ne

250 2307 435 2342 olfendiculum
448 2308 536 2335 demus
549 2308 610 2344 (nec
622 2308 689 2336 dixit
701 2310 867 2339 eversionem
879 2332 886 2345 ,
898 2312 945 2339 sed
958 2312 1044 2340 offen-

250 2355 380 2388 diculutn,
405 2361 456 2382 nec
478 2354 634 2389 simpliciter
647 2355 837 2384 oﬂ'endiculnm
848 2378 855 2390 ,
870 2357 916 2385 sed
929 2358 1042 2386 oli'cudi-

250 2401 340 2428 culum
354 2400 488 2436 quoddam
501 2420 508 2432 ,
525 2405 555 2428 ut
566 2408 600 2428 no
610 2401 651 2428 vel
665 2401 827 2430 levissimam
849 2411 952 2431 moram
966 2404 1041 2432 verbi

247 2447 340 2475 cursui
355 2446 524 2477 inferremus)
538 2455 545 2474 :
559 2447 581 2474 si
595 2455 660 2482 ergo
674 2455 724 2476 nos
738 2453 809 2476 tanta
821 2450 860 2476 usi
874 2457 966 2478 sumus
981 2451 1042 2478 dili-

247 2495 354 2530 gentia,
371 2493 471 2528 inquit,
490 2498 590 2529 quanto
610 2494 695 2530 magis
709 2502 773 2528 vos,
790 2497 835 2531 qui
858 2497 893 2524 ab
912 2498 1041 2532 apostolis

248 2542 328 2577 longe
347 2540 457 2571 abestis,
480 2547 567 2574 neque
587 2540 673 2575 legem
688 2542 799 2576 potestis
820 2542 911 2570 dicere
933 2551 993 2578 qum
1016 2544 1040 2572 id

249 2586 404 2622 permittat:
419 2585 465 2613 sed
479 2590 572 2613 contra
584 2586 664 2614 etiam
680 2587 811 2622 prohibita
826 2589 943 2624 tangitis,
960 2594 1041 2625 atque

247 2635 329 2661 etiam
340 2641 399 2668 qua:
412 2633 538 2661 damnum
552 2641 677 2668 magnum
690 2634 804 2662 aderunt
817 2636 968 2670 evangelio;
986 2645 1039 2665 non

247 2680 402 2708 oil'endiculi
421 2680 500 2708 tnodo
515 2680 615 2707 vitandi
635 2687 726 2714 causa,
739 2680 786 2708 sed
802 2681 903 2709 nullam
917 2683 1039 2711 videntes

247 2729 391 2756 instantem
415 2726 624 2759 necessitatem,
653 2726 789 2755 abstinere
817 2733 933 2763 oportet.
965 2729 1039 2757 Hanc

247 2776 318 2804 cnim
341 2779 423 2802 totam
445 2774 529 2802 movit
542 2774 690 2802 orationem
707 2779 817 2809 propter
835 2776 897 2804 illos
909 2797 916 2808 .
931 2777 975 2812 qui
991 2785 1038 2812 per

248 2821 335 2848 cibum
351 2820 566 2858 idolothytorum‘
577 2818 799 2849 imbecillioribus
813 2821 940 2852 fratribus
956 2822 1038 2851 oﬂ'eu-

247 2867 335 2896 tiiculo
348 2870 435 2895 crant.

616 125 646 154 S.
665 125 803 154 JOANNIS
821 122 1057 153 CBRYSUSTOMI
1071 122 1229 153 ARCHIEP.
1248 125 1515 157 CONSTANTINOP.

1833 134 1886 162 476

1129 182 1156 210 5.
1170 182 1233 211 Hec
1245 192 1294 211 nos
1306 192 1412 220 quoque
1423 187 1572 221 audiamus,
1588 187 1689 221 dilecti,
1708 194 1735 216 ut
1751 197 1783 217 nc
1795 190 1885 225 chpi-

1091 227 1194 255 ciemus
1212 236 1259 256 eos
1279 232 1322 265 qui
1337 231 1524 263 οίῖρηᾱυηίιιν,
1543 241 1576 260 ne
1598 233 1785 262 oil‘endiculum
1802 244 1885 270 pona-

1091 281 1152 300 mus
1166 275 1303 309 evangclio
1322 275 1432 309 Christi,
1453 286 1505 305 neu
1521 284 1638 306 nostram
1657 280 1799 314 prodamus
1812 283 1884 309 salu-

1092 322 1155 345 tem.
1170 319 1207 347 Ne
1221 321 1285 347 mihi
1300 322 1370 348 enim
1383 323 1466 355 dicas,
1479 331 1539 350 cum
1553 324 1635 352 frater
1645 326 1790 354 oil'cnditur
1803 336 1809 353 :
1822 328 1881 354 Non

1091 366 1246 400 prohibetur
1259 366 1308 394 hoc
1319 368 1361 394 vel
1378 369 1440 395 illud
1457 370 1481 395 in
1495 378 1547 404 quo
1563 371 1606 398 ille
1622 372 1775 404 odenditur,
1790 379 1817 400 et
1829 374 1885 401 lici—

1092 416 1147 439 tum
1170 418 1220 440 est.
1242 413 1299 448 Ego
1322 415 1393 441 enim
1418 416 1463 442 tibi
1490 418 1589 451 majora
1613 418 1695 445 dico:
1711 420 1751 446 vel
1775 421 1796 447 si
1823 421 1882 455 ipsc

1090 457 1213 486 Christus
1234 461 1399 494 permiserit,
1420 462 1572 497 viderisque
1588 463 1686 490 offendi
1708 466 1861 499 quempiam
1876 488 1884 497 ,

1090 505 1195 533 abstine
1208 511 1235 533 et
1250 515 1284 534 ne
1298 508 1474 541 permissione
1487 510 1580 536 utaris.
1597 510 1651 537 lloe
1665 511 1734 537 enim
1749 516 1775 539 cl
1786 512 1885 539 Paulus

1093 551 1154 579 fecit
1169 561 1176 578 :
1190 553 1234 587 qui
1254 561 1314 580 cum
1330 554 1499 588 permittente
1511 555 1615 582 Christo
1636 556 1726 585 liceret
1748 558 1884 592 accipere.

1093 604 1147 625 non
1164 599 1276 632 accepit.
1293 597 1359 626 Cum
1373 600 1443 626 enim
1466 600 1593 635 benignus
1607 602 1639 628 sit
1656 603 1780 630 llotttinus
1792 625 1799 636 ,
1816 604 1885 630 Inul-

1093 647 1144 670 tam
1166 644 1308 678 praeceptis
1327 646 1383 672 suis
1404 646 1507 673 miscuit
1524 648 1752 674 mausucttnlinem
1764 670 1771 680 ,
1787 655 1815 675 ut
1830 658 1883 676 non

1091 689 1178 716 salum
1194 698 1225 716 cx
1237 689 1313 724 jussu
1325 711 1333 723 ,
1353 691 1399 718 sed
1416 692 1495 719 etiam
1513 693 1595 719 multa
1611 701 1643 720 ex
1657 693 1739 721 libera
1754 694 1884 722 faciamus

1092 735 1173 762 animi
1193 737 1336 763 sententia.
1354 737 1461 764 Poterat
1483 739 1569 770 enim,
1591 739 1640 766 nisi
1664 739 1714 767 ltoc
1735 741 1884 772 voluisset,

1093 785 1224 816 praecepta
1240 783 1323 817 magis
1342 791 1440 818 augere
1460 792 1490 811 ac
1509 784 1619 813 dicere:
1636 785 1684 818 Qui
1706 794 1757 813 non
1779 794 1886 820 semper

1090 826 1210 861 icjunat,
1227 828 1369 862 puniatur;
1388 830 1431 864 qui
1447 830 1625 864 virginitatem
1641 839 1693 858 non
1710 838 1808 865 servat,
1821 840 1885 867 snp—

1093 873 1172 907 plicio
1185 872 1331 907 afficiatur;
1351 876 1396 910 qui
1411 884 1462 902 non
1478 883 1506 903 se
1522 877 1645 904 omnibus
1663 879 1735 904 cxuit
1753 879 1887 905 facultati~

1093 919 1143 947 bus
1154 941 1162 952 ,
1179 924 1313 948 extremas
1334 921 1378 948 det
1394 929 1497 956 pmnas.
1514 923 1567 949 Sed
1584 931 1636 950 non
1654 923 1703 951 hoc
1719 925 1789 956 iecit,
1803 925 1886 951 licen-

1094 966 1157 993 tiam
1173 967 1218 993 tibi
1232 966 1299 994 dans
1311 988 1319 1000 ,
1336 968 1357 994 si
1373 969 1449 1001 velis,
1466 969 1566 1003 majora
1586 970 1758 1004 suscipiendi.
1782 971 1886 998 Idcirco

1093 1021 1154 1041 cum
1175 1014 1208 1041 de
1229 1014 1383 1048 virginitate
1406 1015 1577 1049 loqueretur,
1600 1016 1706 1043 diccbat
1721 1026 1726 1044 :
1742 1018 1789 1050 Qui
1806 1023 1887 1052 potest

1093 1067 1192 1096 capere,
1205 1061 1288 1094 capiat
1300 1061 1406 1095 (Matth.
1420 1062 1463 1089 i9.
1479 1062 1543 1096 12);
1560 1067 1586 1089 ct
1599 1062 1672 1089 diviti
1685 1063 1734 1090 alia
1749 1064 1886 1098 pra‘cepil,

1093 1107 1144 1133 alia
1159 1106 1217 1141 ejus
1227 1107 1356 1134 voluntati
1372 1108 1500 1141 permisit.
1513 1107 1604 1143 Neque
1618 1109 1688 1136 enitn
1699 1109 1776 1142 dixit,
1791 1109 1883 1137 Vende

1094 1160 1153 1187 qua:
1168 1152 1249 1180 habes
1259 1161 1267 1186 ;
1279 1153 1337 1185 sed,
1348 1154 1378 1180 Si
1391 1154 1426 1180 vis
1442 1157 1566 1190 perfectus
1575 1157 1782 1193 esse,vcnde(1b.
1791 1166 1814 1184 υ.
1827 1158 1885 1193 ‘11).

1095 1200 1130 1226 At
1150 1207 1199 1227 nos
1217 1207 1270 1227 non
1293 1200 1373 1228 modo
1389 1209 1440 1227 nou
1461 1202 1560 1236 majora
1575 1203 1734 1236 suscipimus
1749 1212 1835 1238 neque
1856 1213 1890 1232 ca.

1094 1252 1154 1280 quae
1169 1250 1300 1280 praecepta
1313 1250 1375 1273 sunt
1387 1254 1554 1281 superamus,
1570 1248 1619 1274 sed
1632 1248 1744 1275 mttltmn
1759 1250 1845 1281 abest.
1859 1256 1886 1277 ut

1095 1296 1291 1328 praeceptorum
1306 1301 1459 1321 mensuram
1480 1294 1647 1329 itnpleamtts.
1666 1296 1698 1322 Et
1716 1296 1812 1323 Paulus
1826 1298 1887 1330 qui-

1095 1337 1156 1365 dem
1170 1338 1315 1372 esuriebat,
1330 1347 1364 1366 ne
1377 1339 1567 1367 olTendiculnm
1583 1341 1712 1375 prrcberet
1729 1343 1886 1377 evangelio;

1096 1392 1145 1412 nos
1157 1390 1245 1412 autem
1258 1393 1291 1412 ne
1302 1385 1436 1413 recondita
1451 1386 1557 1420 quidem
1574 1387 1650 1414 nobis
1661 1388 1791 1422 attingere
1806 1389 1887 1415 aude-

1095 1439 1175 1465 mus,
1201 1431 1356 1459 innumeras
1380 1431 1500 1458 videntes
1529 1434 1633 1460 animas
1658 1441 1778 1460 eversas.
1803 1434 1889 1461 Rodat

1095 1477 1184 1509 enim.
1200 1477 1285 1512 inquit
1304 1477 1348 1504 illc
1359 1498 1365 1509 ,
1382 1478 1449 1505 tinea
1463 1499 1469 1511 ,
1485 1483 1511 1505 ct
1526 1487 1578 1505 non
1595 1479 1671 1505 rodat
1694 1487 1811 1514 panper;
1828 1481 1888 1507 edat

1095 1524 1210 1557 vermis,
1224 1529 1251 1552 et
1264 1532 1317 1551 non
1331 1524 1456 1551 induatur
1474 1525 1571 1552 uttdus.
1585 1525 1678 1552 Omnia
1697 1532 1889 1554 consumantur

1097 1575 1228 1605 tempore,
1241 1575 1268 1598 et
1283 1578 1336 1598 non
1347 1571 1433 1597 alatur
1448 1570 1579 1602 Christus,
1596 1571 1658 1598 dtnn
1675 1573 1766 1599 esurit.

1131 1615 1225 1644 Contra
1245 1624 1345 1643 amas.
1359 1631 1395 1636 —
1411 1617 1507 1651 Ecquis
1530 1617 1580 1644 hoc
1595 1617 1678 1644 dicit?
1696 1619 1809 1653 inquies.
1835 1619 1888 1646 Hoc

1096 1662 1168 1690 enitn
1184 1670 1265 1698 grave
1278 1663 1420 1690 admodum
1433 1668 1472 1690 est
1483 1684 1490 1695 ,
1506 1664 1575 1698 qttod
1593 1672 1646 1691 non
1662 1666 1750 1692 verbis
1763 1687 1770 1697 ,
1788 1667 1835 1693 sed
1851 1667 1889 1693 fa-

1095 1710 1145 1737 ctis
1160 1709 1216 1737 lucc
1236 1709 1367 1737 dicantur.
1384 1709 1448 1736 Nam
1463 1710 1550 1737 tttinus
1566 1718 1645 1744 grave
1666 1716 1737 1738 esset
1759 1713 1781 1739 si
1800 1713 1889 1740 verbis

1095 1757 1248 1789 diceretur,
1268 1763 1347 1791 quam
1364 1764 1424 1783 cum
1445 1758 1531 1791 reipsa
1548 1756 1672 1784 cilicitur.
1697 1758 1791 1785 Annon
1818 1760 1889 1786 enim

1096 1803 1154 1831 lucc
1176 1803 1296 1839 quotidie
1316 1803 1414 1830 clamat
1428 1804 1539 1830 avaritia
1551 1825 1558 1836 ,
1575 1805 1698 1831 immanis
1717 1805 1760 1832 illa
1776 1810 1803 1832 et
1818 1813 1888 1833 sana

1098 1849 1228 1885 tyrannis,
1252 1849 1365 1884 captivis
1387 1850 1463 1876 suis?
1486 1850 1662 1884 Apponantur
1688 1856 1776 1878 vestra
1798 1859 1889 1879 conte-

1096 1895 1183 1923 denda
1199 1896 1371 1931 sycophantis
1381 1916 1389 1929 ,
1405 1895 1553 1923 latronibus
1566 1900 1593 1923 et
1606 1896 1820 1931 insidiatoribus,
1836 1906 1891 1925 nou

1095 1947 1185 1970 autem
1196 1942 1324 1969 famelicis
1336 1947 1364 1969 et
1378 1943 1481 1977 egenis.
1493 1942 1588 1970 Annon
1600 1950 1648 1970 vos
1659 1942 1743 1971 facitis
1753 1944 1890 1972 latrones?
1910 1936 1917 1962 ⁴

1095 1997 1184 2017 annon
1208 1996 1256 2016 vos
1277 1996 1366 2017 escam
1390 1989 1515 2024 praebetis
1537 1990 1590 2024 igni
1613 1990 1888 2020 invidorum?annon

1095 2043 1144 2063 vos
1157 2035 1243 2062 facitis
1257 2034 1383 2070 fugitivos
1396 2039 1422 2063 et
1438 2035 1617 2068 insidiatores,
1633 2036 1695 2063 dum
1707 2037 1782 2072 quasi
1795 2045 1888 2066 escam

1095 2081 1150 2108 illis
1159 2080 1265 2108 divitias
1276 2085 1379 2108 vostras
1396 2080 1550 2115 apponitis?
1563 2088 1622 2116 qua:
1634 2086 1675 2109 est
1689 2082 1746 2110 lucc
1760 2083 1888 2111 insania?

1096 2126 1200 2154 Insania
1218 2126 1315 2161 quippe
1336 2130 1365 2154 et
1379 2125 1519 2153 manifesta
1534 2127 1649 2154 amentia
1665 2132 1723 2160 est,
1740 2136 1818 2156 arcas
1834 2130 1888 2156 im-

1096 2173 1169 2208 plere
1187 2172 1318 2204 vestibus,
1334 2175 1362 2199 et
1375 2179 1449 2205 eum,
1463 2172 1508 2206 qui
1521 2172 1554 2199 ad
1567 2172 1709 2208 imaginem
1724 2179 1750 2201 et
1764 2175 1889 2203 similitu-

1095 2219 1184 2247 dinem
1206 2218 1252 2246 Dei
1277 2218 1361 2245 factus
1376 2223 1418 2245 est
1430 2239 1438 2251 ,
1452 2217 1552 2245 nudum
1563 2239 1571 2252 ,
1585 2225 1601 2246 ι
1616 2218 1713 2254 frigore
1728 2225 1887 2249 trementem

1094 2274 1126 2294 ac
1144 2266 1188 2293 vix
1203 2270 1304 2293 rectum
1327 2269 1442 2292 stantctn
1458 2264 1607 2299 despicere.
1627 2267 1721 2294 Atille
1733 2288 1741 2300 ,
1765 2267 1888 2303 inquies,

1095 2316 1240 2339 tremorem
1254 2315 1282 2338 et
1296 2310 1478 2337 infirmitatem
1501 2311 1632 2339 simulat?
1647 2312 1742 2340 Annon
1760 2314 1839 2341 times
1854 2322 1888 2342 ne

1094 2357 1196 2386 fulmen
1221 2357 1254 2384 ab
1276 2357 1327 2384 hoc
1347 2357 1429 2385 verbo
1452 2365 1595 2385 accensum
1610 2366 1642 2386 ex
1657 2359 1711 2386 alto
1725 2360 1889 2395 dejiciatur?

1094 2405 1132 2432 ira
1149 2404 1221 2431 enim
1234 2403 1404 2438 disrumpor,
1421 2404 1561 2438 ignoscite.
1578 2405 1618 2432 Tu
1633 2406 1730 2440 quippe
1744 2408 1832 2434 ventri
1849 2408 1889 2435 in—

1093 2452 1205 2487 dulgens
1217 2455 1243 2478 et
1258 2450 1363 2486 pinguis
1373 2472 1381 2484 ,
1395 2455 1422 2478 et
1434 2451 1467 2478 ad
1483 2451 1640 2486 profundam
1652 2460 1735 2487 usque
1746 2462 1887 2488 vesperam

1093 2499 1317 2534 compotationem
1325 2498 1663 2533 extendens,mollibusque
1674 2499 1744 2527 fotus
1752 2501 1886 2535 stragulis,

1094 2553 1146 2572 non
1157 2552 1252 2573 censes
1266 2550 1292 2572 te
1301 2551 1394 2580 poenas
1407 2544 1540 2575 daturum.
1552 2552 1612 2571 cum
1623 2549 1676 2572 tam
1688 2545 1777 2580 inique
1787 2546 1832 2573 Dei
1842 2547 1889 2574 do-

1093 2592 1135 2619 nis
1150 2591 1234 2619 utaris
1244 2592 1341 2627 (neque
1351 2591 1422 2618 enim
1433 2591 1524 2618 vinum
1533 2591 1623 2618 datum
1633 2596 1673 2619 est
1679 2598 1706 2619 ut
1714 2593 1884 2626 inebriemur,

1093 2646 1180 2674 neqttc
1201 2645 1345 2666 concessus
1368 2637 1445 2665 cibus
1468 2642 1497 2664 ut
1516 2642 1636 2665 ventrem
1657 2638 1841 2666 distendamus
1860 2644 1888 2667 et

1092 2684 1285 2720 dirumpamns)
1300 2693 1307 2711 :
1324 2691 1468 2719 pauperem
1481 2691 1554 2715 vero.
1567 2684 1704 2717 miserum,
1715 2692 1767 2712 non
1776 2686 1887 2713 meliore

1092 2731 1246 2759 conditione
1265 2738 1345 2766 quam
1362 2735 1511 2762 mortuutnl
1530 2730 1603 2757 illum
1613 2750 1620 2762 ,
1634 2730 1760 2765 inquam,
1774 2731 1806 2758 ad
1820 2739 1886 2759 exa-

1091 2784 1161 2805 ctam
1177 2777 1309 2804 rationem
1322 2775 1486 2803 reddendam
1501 2776 1575 2811 cogis
1588 2785 1596 2809 ;
1610 2784 1660 2804 nec
1676 2777 1772 2804 metuis
1786 2777 1887 2805 Christi

1092 2823 1208 2850 tribunal
1227 2822 1291 2850 illud
1303 2821 1468 2849 horrendum
1481 2827 1508 2849 et
1523 2822 1715 2850 formidabile?
1726 2823 1793 2850 Nam
1809 2823 1832 2851 si
1847 2824 1886 2851 si-

1093 2869 1175 2897 mulat
1185 2890 1192 2903 ,
1208 2876 1240 2897 ex
1253 2868 1416 2897 necessitate
1430 2873 1457 2896 et
1469 2873 1589 2904 egestan
1603 2869 1728 2902 simulat,
1743 2869 1778 2897 ob
1792 2869 1886 2897 imma-
