2046 3114
144 146 194 174 ΠἹ

142 207 254 233 nitatem
277 208 307 230 et
327 201 459 230 savitiam
488 206 558 228 tuam
573 221 580 231 ,
610 207 670 234 qua:
693 198 844 233 huiusmodi
868 205 935 231 opus

142 251 226 279 habet
247 249 340 281 larvis,
365 255 427 284 quae
450 255 503 275 non
525 246 642 274 flectitur
662 246 694 273 ad
716 243 937 272 misericordiam.

143 299 209 332 Quis
220 297 293 325 enim
307 295 376 323 adeo
389 296 473 323 miser
486 298 528 323 est
541 299 568 321 et
581 293 681 325 infelix,
694 297 723 319 ut
735 292 808 319 nulla
824 292 939 320 instante

144 344 306 372 necessitate
317 350 368 378 pro
382 349 438 369 uno
451 348 520 377 pane
533 345 586 368 tam
600 339 726 367 indecore
739 346 768 366 se
781 342 866 374 gerat,
880 337 940 373 pul-

144 394 236 422 setur,,
247 393 276 417 et
287 393 378 416 tantas
390 387 521 415 sustineat
539 385 651 421 pcenas?
665 385 738 412 Illius
754 385 842 419 itaque
855 384 938 411 simu-

144 437 209 464 latio
230 436 326 464 circuit
348 434 570 463 inhumanitatem
591 437 662 460 tuam
686 432 845 467 prtedicans.
871 431 938 464 Quia

144 483 217 510 enim
231 481 401 517 supplicans,
417 480 561 508 obsecrans
571 500 578 512 ,
593 483 620 506 et
633 478 795 505 miserabilia
812 477 938 504 emittens

144 528 237 561 verba,
251 527 414 560 lamentans,
431 526 582 561 lacrymans
596 529 624 552 et
637 531 684 559 per
697 528 779 551 totam
797 523 867 550 diem
885 523 938 550 cir-

145 575 275 608 cumiens,
289 581 326 602 ne
337 573 519 601 necessarium
533 572 640 607 quidem
655 571 756 598 invenit
769 570 935 603 alimentum,

145 622 214 648 hanc
230 620 345 648 fortasse
361 619 486 648 technam
500 617 676 653 excogitavit,
692 624 751 652 quae
767 623 819 643 non
835 619 936 642 tantum

144 669 192 701 illi,
212 671 343 703 quantum
364 665 411 693 tibi
431 664 510 700 aﬂ‘ert
530 665 646 693 dedecus
665 668 692 691 et
710 662 846 698 probrum.
865 662 937 689 Illius

144 714 214 742 enim
228 718 258 742 ut
275 713 452 741 misereamus
472 719 578 747 :equum
592 715 641 742 est,
657 709 718 745 quia
733 709 760 737 in
776 713 875 736 tantam
891 715 936 735 re-

144 761 238 788 dactus
252 763 294 787 est
316 758 505 787 necessitatem
522 766 529 784 :
544 764 594 785 nos
617 764 681 784 vero
702 756 777 784 mille
800 755 936 790 suppliciis

144 805 235 841 digni,
249 805 310 840 quia
325 811 457 840 pauperes
471 803 504 830 ad
520 803 578 830 haec
591 802 710 830 facienda
725 801 861 836 cogimus,
868 800 934 828 Nam

143 852 166 880 si
180 849 260 879 facile
271 850 450 883 flecteremur,
465 856 609 884 numquam
622 848 668 876 ille
681 848 763 875 vellet
778 847 839 874 talia
852 847 935 874 susti-

143 905 220 926 nere.
236 897 269 925 Et
289 896 353 932 quid
376 897 438 924 dico
458 896 604 923 nuditatem
626 899 654 922 et
675 893 835 921 tremorem?
857 892 934 926 Quod

143 944 216 971 enim
229 943 308 979 longe
320 942 477 970 horribilius
491 946 533 970 est
544 942 630 970 dicam
643 950 650 969 :
662 941 746 969 coacti
758 939 934 975 suntquidam

143 989 212 1017 ﬁlios
233 996 373 1017 excaecare
393 993 472 1016 aetate
494 988 650 1016 immaturos
662 1008 670 1020 ,
685 991 715 1014 ut
729 987 754 1013 in
770 990 850 1013 tanta
864 986 934 1013 cala-

142 1036 244 1063 mitatis
266 1042 374 1063 sensum
398 1035 563 1062 veniremus.
588 1034 654 1068 Quia
675 1033 747 1060 enim
765 1032 886 1060 videntes
907 1036 934 1059 et

142 1082 204 1109 nudi
219 1081 428 1114 circumeuntes,
444 1088 531 1116 neque
543 1088 576 1108 ex
592 1083 669 1107 mtate
683 1087 770 1114 neque
783 1086 815 1106 ex
826 1078 934 1106 calami-

142 1132 196 1155 tate
208 1126 437 1166 immiserigordes
450 1126 628 1159 attrahebant,
643 1120 685 1153 tot
692 1126 771 1152 malis
783 1125 861 1152 aliam
873 1133 934 1160 gra-

142 1174 244 1201 viorem
261 1172 419 1208 tragoediam
432 1173 612 1206 addiderunt,
630 1176 659 1199 ut
671 1171 768 1199 famem
788 1171 932 1203 sedarent;

141 1215 225 1243 levius
239 1223 301 1243 esse
315 1215 501 1243 existimantes
514 1215 565 1242 hac
577 1215 713 1242 communi
729 1214 787 1242 luce
804 1218 831 1241 et
844 1214 934 1241 omni-

140 1261 190 1288 bus
203 1267 334 1288 comesse
346 1260 423 1288 radio
437 1261 545 1296 privari,
558 1268 638 1295 quam
650 1267 709 1288 cum
722 1264 849 1294 perpetua
863 1259 933 1287 fame

139 1307 231 1334 luctari
245 1311 275 1335 et
284 1311 399 1335 mortem
411 1307 500 1335 subire
513 1307 700 1334 miSerrimam.
715 1305 781 1339 Quia
797 1306 867 1333 enim
879 1313 932 1333 non

139 1353 270 1382 didicistis
283 1354 406 1381 misereri
420 1354 595 1389 paupertatis,
611 1354 658 1382 sed
672 1353 867 1381 calamitatibus
882 1352 931 1380 de-

139 1400 250 1434 lectari,
267 1400 447 1428 insatiabilem
467 1405 584 1428 vestram
604 1400 717 1435 implent
737 1399 930 1434 cupiditatem,

138 1450 164 1473 et
188 1446 240 1473 sibi
265 1450 294 1473 et
319 1446 395 1474 vobis
420 1446 541 1481 gehenna
573 1446 723 1482 graviorem
757 1445 932 1473 incendentes

139 1492 285 1520 ﬂammam.
302 1492 338 1520 Et
351 1498 380 1520 ut
395 1493 516 1526 discatis,
529 1493 585 1520 hmc
598 1497 626 1521 et
637 1493 734 1520 similia
750 1493 810 1520 ideo
824 1493 930 1519 contin-

137 1547 216 1574 gere,
231 1544 420 1575 argumentum
434 1540 508 1567 vobis
520 1539 653 1575 proferam
674 1539 746 1575 quod
766 1539 791 1566 in
807 1539 931 1567 confesso

139 1585 193 1618 sit,
211 1584 257 1613 cui
270 1592 353 1613 nemo
366 1585 543 1613 contradicat.
558 1585 626 1613 Sunt
646 1585 691 1612 alii
708 1592 839 1620 pauperes
858 1584 931 1611 leves

138 1632 282 1668 animoque
294 1631 368 1665 elati,
383 1631 429 1667 qui
444 1631 539 1659 famem
553 1631 623 1659 ferre
636 1631 766 1664 nesciunt,
779 1630 826 1658 sed
841 1630 930 1657 omnia

138 1677 227 1712 potius
245 1684 327 1712 quam
343 1676 393 1704 hoc
405 1677 550 1712 patiuntur.
565 1676 598 1704 lli
612 1684 684 1712 saepe
704 1684 751 1704 vos
770 1675 931 1703 miserabili-

140 1723 190 1751 bus
201 1727 230 1751 et
251 1723 372 1759 gestibus
394 1727 423 1750 et
436 1722 525 1750 verbis
538 1722 684 1755 adeuntes,
701 1729 762 1749 cum
776 1721 843 1748 nihil
862 1728 929 1748 con-

139 1769 244 1804 sequuti
261 1772 366 1802 essent,
389 1768 480 1796 missis
501 1768 751 1803 supplicationibus,
780 1766 930 1802 praestigia-

139 1819 211 1843 tores
229 1814 342 1843 demum
364 1815 444 1850 longe
457 1819 530 1843 retro
551 1815 734 1850 reliquerunt;
756 1814 800 1841 alii
822 1814 929 1850 quidem

138 1860 301 1890 mandentes
322 1861 397 1889 coria
409 1860 567 1894 detritorum
583 1860 735 1888 calceorum
749 1881 757 1892 ,
772 1859 818 1886 alii
837 1864 931 1887 acutos

137 1907 231 1935 clavos
244 1907 272 1935 in
286 1911 367 1942 caput
380 1907 531 1942 infigentes,
556 1907 601 1934 alii
624 1910 713 1934 autem
738 1906 764 1933 in
780 1905 855 1940 aquis
868 1905 929 1940 gelu

138 1953 276 1982 concretis
299 1953 370 1982 nudo
395 1958 491 1981 ventre
504 1953 697 1986 immorantes;
720 1952 763 1979 alii
785 1955 874 1979 autem
888 1951 930 1979 his

137 1999 298 2028 absurdiora
311 2003 339 2027 et
360 1999 500 2027 acerbiora
520 1998 700 2033 sustinentes,
724 2002 754 2025 ut
779 1997 929 2033 improbum

138 2045 287 2074 exhibeant
301 2045 494 2080 spectaculum.
817 2052 819 2054 ·

172 2090 200 2119 6.
219 2090 262 2119 Tu
276 2095 367 2119 autent
384 2091 448 2118 dum
462 2091 520 2118 haec
539 2091 607 2118 fiunt
621 2094 677 2117 stas
692 2090 784 2118 ridens
799 2094 826 2118 et
843 2089 930 2117 admi-

137 2144 211 2170 rans,
228 2141 257 2164 et
268 2136 305 2164 de
322 2136 439 2164 aliorum
462 2137 540 2164 malis
553 2144 604 2164 ceu
618 2144 742 2172 pompam
757 2144 850 2171 agens,
866 2136 929 2164 dum

138 2182 292 2210 communis
301 2186 397 2210 natura
410 2182 541 2210 dedecore
551 2182 675 2210 afficitur.
693 2183 726 2210 Et
739 2182 802 2218 quid
816 2182 931 2217 amplius

138 2228 239 2256 faceret
252 2228 380 2256 immanis
397 2227 525 2256 damon?
539 2228 641 2256 Deinde
662 2233 693 2256 ut
710 2229 859 2264 promptius
873 2229 931 2256 haec

138 2273 228 2307 faciat,
240 2273 387 2310 largiorem
401 2274 540 2308 pecuniam
561 2282 667 2309 erogas.
682 2274 716 2302 Et
725 2275 751 2302 ei
765 2275 873 2309 quidem
886 2275 931 2310 qui

139 2325 273 2355 precatur,
288 2319 374 2348 Deum
393 2320 509 2354 invocat,
526 2320 682 2356 placideque
703 2321 817 2354 accedit,
841 2329 874 2349 ne
889 2329 932 2349 re-

139 2367 274 2402 spondere
295 2366 406 2402 quidem
426 2366 545 2402 dignaris
567 2374 654 2401 ncqtte
681 2367 815 2401 respicere
838 2366 931 2399 illum;

141 2413 193 2441 imo
211 2414 294 2442 etiam
315 2413 431 2441 molesta
444 2414 471 2442 in
491 2415 565 2441 illum
582 2414 662 2441 verba
684 2413 809 2447 efl'undis,
826 2413 933 2449 quando

139 2460 293 2495 frequenter
318 2461 367 2488 tibi
394 2461 563 2496 importunus
587 2466 649 2489 est:
664 2460 803 2489 Hunccine
827 2464 934 2496 oportet

139 2506 247 2535 vivere?
262 2506 398 2535 hunccine
412 2509 558 2542 respirare,
572 2512 619 2534 aut
633 2507 704 2534 hunc
723 2507 807 2534 solem
822 2506 934 2534 videre?

140 2559 200 2588 erga
214 2552 277 2581 illos
288 2557 381 2582 autem
394 2553 473 2582 lzetus
491 2562 522 2582 es
536 2559 563 2581 et
576 2554 705 2586 liberalis,
720 2558 813 2589 utpote
832 2554 878 2589 qui
896 2554 935 2582 sis

140 2605 188 2627 ceu
208 2599 375 2635 agonotheta
396 2600 504 2635 quidam
526 2600 598 2628 illius
619 2600 739 2628 ridiculae
763 2605 791 2628 et
809 2600 935 2628 satanicze

141 2645 323 2681 turpitudinis.
345 2646 527 2681 Quamobrem
549 2647 740 2682 congruentius
754 2647 796 2679 iis,
816 2646 862 2682 qui
878 2645 937 2674 hzec

140 2696 292 2727 proponunt
311 2692 473 2726 certamina,
495 2697 523 2721 et
537 2693 604 2720 nihil
619 2693 746 2720 omittunt
760 2692 848 2720 donec
868 2692 936 2719 alios

139 2737 255 2766 viderint
274 2738 350 2766 male
360 2738 443 2771 affici,
461 2738 524 2766 talia
538 2737 621 2766 verba
633 2738 789 2766 dicerentur
801 2748 808 2766 :
819 2738 936 2766 Hoscine

139 2783 238 2819 vivere,
251 2785 369 2813 omnino
383 2785 538 2820 respirare?
551 2787 623 2813 hunc
635 2785 718 2813 solem
733 2785 834 2818 videre,
849 2786 893 2821 qui
910 2786 937 2813 in

140 2836 311 2859 communem
322 2830 485 2867 delinquunt
495 2835 629 2865 naturam,
641 2836 668 2858 et
680 2831 763 2858 Deum
775 2831 936 2858 contumelia

140 2877 278 2906 alliciunt?
290 2877 328 2906 Et
344 2884 408 2906 cum
431 2877 501 2906 Deus
514 2877 604 2906 dicat:
626 2877 663 2905 Da
677 2876 888 2913 elcemosynam,
910 2882 938 2905 ct

662 140 694 168 ΙΝ
715 138 824 167 EPIST.
845 138 855 165 Ι
888 137 932 165 Al)
951 136 1029 165 COR.
1050 136 1164 164 HOMIL.
1185 136 1257 165 XXI.

1734 139 1786 169 ΠΒ

993 195 1028 224 do
1043 196 1090 224 tibi
1105 204 1216 231 regnum
1231 196 1376 226 ctelorum:
1401 204 1454 224 non
1474 197 1572 225 audisti
1587 207 1594 225 :
1609 198 1716 226 diabolo
1738 208 1785 228 an-

993 247 1046 270 tem
1061 243 1218 271 ostendente
1230 247 1310 278 caput
1321 243 1405 271 clavis
1417 243 1564 277 confixum,
1582 245 1670 272 statim
1685 245 1783 273 libera-

992 288 1026 317 lis
1038 289 1148 317 et’fectns
1160 297 1190 317 es
1203 298 1211 317 :
1227 290 1366 325 magisque
1379 295 1406 318 te
1416 290 1519 318 inflexit
1532 291 1642 326 maligni
1653 291 1785 319 dtemouis

992 336 1126 369 machina,
1142 340 1243 363 tantum
1268 337 1386 365 inferens
1406 337 1544 369 damnum.
1558 345 1638 373 quam
1659 338 1705 365 Dei
1721 345 1784 373 pro-

992 382 1083 410 missio
1093 382 1175 410 millia
1187 382 1304 411 afl‘erens
1314 383 1394 411 bena.
1410 383 1477 411 Cum
1491 384 1663 419 oportuisset,
1676 385 1783 413 etiamsi

991 435 1086 455 aurum
1099 436 1240 456 numerare
1262 435 1408 465 oporteret,
1433 435 1461 457 111.
1476 431 1535 458 haec
1555 438 1609 458 non
1623 431 1719 459 ﬁerent
1732 439 1782 460 nec

991 473 1059 500 facta
1074 479 1268 509 spectarentur,
1286 475 1349 503 nihil
1370 484 1422 503 non
1436 484 1515 511 agere
1538 481 1565 505 et
1583 477 1646 512 pati,
1662 482 1693 506 ut
1707 483 1780 507 tanta

991 519 1035 546 illa
1051 520 1189 548 tolleretur
1204 521 1326 554 insania;
1342 529 1390 548 vos
1403 526 1502 554 autem,
1519 527 1548 550 ut
1561 527 1589 550 et
1600 523 1665 550 flant
1674 529 1702 550 et
1713 524 1781 552 facta

991 565 1140 600 videantur,
1163 567 1228 594 nihil
1251 575 1306 594 non
1330 567 1408 602 agitis
1426 572 1454 595 et
1476 569 1635 603 operamini.
1650 569 1781 597 Adhucne

991 612 1149 647 interrogas,
1164 612 1207 640 dic
1222 612 1298 646 mihi,
1314 620 1363 641 cur
1376 613 1411 640 sit
1425 613 1568 648 gehenna?
1581 615 1614 641 At
1629 622 1662 642 ne
1677 615 1728 643 hoc
1741 615 1781 642 ul-

990 663 1029 685 tra
1044 658 1203 693 interroges,
1220 659 1267 686 scd
1277 666 1325 686 cur
1336 666 1386 687 una
1398 664 1501 687 tantum
1518 661 1553 687 sit
1566 661 1697 696 gebetma.
1709 662 1781 696 Quot

988 703 1060 730 enim
1076 711 1130 731 non
1146 709 1209 731 sunt
1220 705 1358 739 suppliciis
1371 705 1444 740 digni
1456 705 1494 738 hi,
1510 706 1555 741 qui
1569 710 1621 733 tam
1636 706 1744 735 crudele
1752 712 1780 735 et
1796 739 1797 742 η

988 749 1161 777 inhumanum
1183 751 1347 778 constituant
1369 752 1561 786 spectaculum,
1584 753 1724 788 ridentque
1745 753 1779 781 de

988 796 1031 830 iis,
1047 796 1082 824 de
1095 797 1190 832 quibus
1202 797 1292 832 lugere
1302 802 1329 825 et
1342 798 1402 825 illos
1417 803 1444 825 et
1456 805 1505 826 vos
1518 803 1666 833 oporteret,
1680 800 1778 835 magis-

987 849 1039 876 que
1052 849 1099 870 vos
1114 842 1159 878 qui
1175 843 1206 870 ad
1223 847 1275 870 tam
1290 843 1415 871 indecore
1429 844 1562 880 agendum
1582 845 1697 880 cogitis?
1713 847 1777 881 Sed,

987 889 1102 924 inquies,
1124 896 1176 916 non
1194 897 1272 925 cogo.
1288 890 1439 924 Quomodo,
1461 899 1552 926 qutrso
1571 896 1607 924 te,
1625 899 1678 919 non
1693 893 1777 928 cogis,

987 935 1031 970 qui
1046 935 1253 963 modestioribus
1265 941 1291 963 et
1303 935 1428 964 flentibus
1446 943 1477 964 ac
1492 937 1576 964 Deum
1592 937 1778 967 invocantibus

987 989 1021 1008 ne
1044 989 1137 1009 aurem
1151 983 1258 1017 quidem
1282 984 1402 1018 praebere
1416 983 1501 1016 velis;
1523 983 1566 1011 his
1589 992 1654 1012 vero
1669 985 1779 1020 largiter

987 1028 1127 1062 pecuniam
1138 1036 1243 1063 erogas,
1258 1033 1285 1056 ct
1305 1029 1404 1057 multos
1418 1030 1532 1058 advocas
1547 1030 1731 1059 admirantes?
1745 1032 1778 1060 Et

985 1075 1153 1107 recedamus,
1171 1075 1286 1110 inquies,
1303 1083 1397 1103 eorum
1412 1076 1581 1104 miserentes.
1598 1077 1631 1104 Et
1649 1081 1713 1105 tune
1727 1078 1777 1106 hoc

983 1122 1081 1157 jubes?
1093 1122 1151 1150 Non
1165 1126 1207 1150 est
1222 1123 1272 1150 hoc
1285 1122 1418 1156 misereri,
1435 1131 1451 1150 ο
1464 1123 1553 1156 homo,
1571 1129 1657 1151 tantas
1670 1124 1777 1159 exigere

985 1177 1080 1204 ptenas
1089 1177 1137 1204 pro
1150 1169 1254 1196 duobus
1267 1169 1363 1202 obolis,
1385 1170 1531 1205 przecipere
1548 1174 1578 1197 ut
1591 1178 1639 1205 pro
1653 1178 1777 1198 necessa-

985 1216 1026 1243 rio
1040 1215 1100 1243 cibo
1111 1223 1170 1243 sese
1185 1216 1311 1247 lacerent,
1326 1221 1353 1243 et
1363 1216 1457 1251 capitis
1473 1221 1562 1243 cutem
1577 1220 1629 1243 tam
1644 1216 1739 1244 acerbe
1750 1221 1778 1244 et

985 1261 1172 1289 miserabiliter
1186 1262 1211 1289 iu
1223 1261 1320 1289 multas
1331 1267 1420 1297 partes
1434 1262 1578 1290 dissecent.
1593 1263 1666 1290 Bona
1682 1263 1775 1297 verba,

985 1307 1103 1342 inquies;
1126 1315 1212 1343 neque
1232 1308 1303 1335 enim
1326 1315 1376 1335 nos
1391 1308 1477 1343 capita
1500 1308 1583 1336 clavis
1606 1308 1774 1344 configimus.

986 1351 1092 1380 Utinam
1110 1357 1137 1380 tu
1153 1353 1267 1387 faceres,
1283 1357 1310 1380 et
1324 1360 1368 1381 res
1382 1361 1434 1380 non
1447 1357 1501 1380 tam
1513 1354 1601 1388 gravis
1616 1359 1697 1382 esset.
1709 1354 1776 1382 Nam

983 1399 1028 1434 qui
1043 1400 1194 1435 quempiam
1208 1399 1342 1433 interficit,
1358 1399 1442 1427 multo
1455 1400 1562 1435 gravius
1575 1399 1648 1433 facit,
1662 1408 1741 1436 quam
1753 1401 1775 1428 is

983 1445 1028 1480 qui
1042 1446 1160 1480 seipsum
1171 1445 1247 1480 jubet
1260 1445 1422 1473 interficere.
1436 1445 1512 1478 Quod
1525 1446 1605 1473 etiam
1629 1446 1655 1473 in
1669 1446 1711 1474 Itis
1726 1454 1775 1474 usu

984 1491 1076 1518 venit:
1091 1491 1244 1519 acerbiores
1268 1492 1340 1519 enim
1359 1492 1492 1519 sustinent
1516 1492 1642 1525 dolores,
1665 1493 1773 1527 quando

983 1544 1030 1564 sua
1051 1544 1131 1565 manu
1143 1537 1272 1572 jubentur
1286 1537 1344 1565 htec
1355 1538 1424 1566 male
1437 1539 1512 1573 jussa
1535 1539 1661 1573 exsequi;
1676 1544 1703 1567 et
1717 1539 1775 1567 haec

983 1583 1142 1617 Antiochiae,
1159 1584 1203 1611 ubi
1217 1585 1331 1619 primum
1347 1584 1473 1620 appellati
1495 1589 1558 1612 sunt
1570 1584 1726 1619 Christiani,
1746 1586 1774 1613 in

982 1638 1034 1666 qua
1049 1631 1123 1659 fuere
1137 1633 1255 1658 omnium
1273 1631 1410 1658 hominum
1424 1631 1567 1666 mitissimi,
1594 1632 1620 1659 in
1636 1640 1687 1667 qua
1708 1632 1773 1660 olim

982 1677 1088 1713 vigebat
1109 1685 1221 1713 magnus
1246 1678 1428 1713 eleemosyna:
1451 1677 1562 1705 fructus.
1583 1676 1678 1713 Neque
1702 1679 1774 1707 enim

983 1723 1160 1758 prassentibus
1173 1727 1287 1756 tantum,
1302 1723 1349 1751 sed
1363 1725 1442 1752 etiam
1454 1724 1486 1751 iis
1500 1724 1544 1759 qui
1559 1724 1650 1759 procul
1663 1724 1775 1756 aberant

982 1770 1135 1803 mittebant,
1146 1770 1224 1805 idque
1234 1770 1297 1798 dum
1307 1770 1389 1798 fames
1400 1775 1609 1806 exspectaretur.
1619 1770 1688 1805 Quid
1698 1779 1772 1807 ergo,

983 1815 1098 1851 inquies,
1111 1815 1276 1844 faciendum?
1292 1816 1366 1844 Hanc
1376 1815 1507 1843 feritatem
1521 1817 1671 1850 demittere,
1682 1817 1775 1852 egenis

982 1868 1048 1888 vero
1062 1861 1186 1889 omnibus
1201 1861 1317 1895 edicere,
1333 1861 1356 1889 si
1370 1861 1426 1889 haec
1441 1861 1548 1893 faciant.
1563 1861 1628 1888 nihil
1649 1867 1772 1897 acceptu-

982 1914 1029 1935 ros
1041 1907 1101 1934 illos
1112 1914 1189 1940 esse;
1205 1907 1227 1934 si
1239 1914 1303 1934 vero
1317 1907 1438 1934 modeste
1449 1907 1587 1939 accedant,
1603 1915 1697 1942 magna
1708 1907 1775 1935 frui-

985 1959 1059 1981 turos
1070 1953 1203 1989 largitate.
1213 1953 1240 1981 Si
1250 1961 1330 1988 porro
1337 1954 1388 1981 hoc
1396 1953 1526 1985 ediscant,
1540 1953 1646 1981 etiamsi
1653 1954 1773 1981 omnium

982 1999 1128 2027 miserrimi
1141 1999 1249 2032 fuerint,
1267 2006 1410 2035 numquam
1432 2007 1466 2026 eo
1480 1999 1639 2026 inducentur
1652 2003 1681 2027 ut
1693 2006 1722 2027 se
1734 2000 1774 2028 sic

983 2046 1094 2080 lanient,
1107 2052 1158 2081 ego
1177 2045 1319 2081 polliceor;
1341 2045 1388 2073 sed
1411 2046 1491 2073 etiam
1507 2046 1582 2073 vobis
1595 2046 1707 2081 gratiam
1723 2045 1773 2073 ha-

982 2092 1093 2125 bebunt,
1109 2091 1180 2127 quod
1193 2091 1253 2119 illos
1265 2091 1299 2119 ab
1313 2091 1436 2119 irrisione
1449 2096 1478 2119 et
1491 2091 1584 2119 dolore
1600 2092 1645 2119 tali
1658 2092 1768 2128 eripue-

983 2138 1052 2166 ritis.

1019 2183 1187 2220 Eleemosyna
1202 2184 1305 2220 largiter
1315 2184 1411 2211 danda.
1423 2183 1586 2211 Antias/teme
1606 2183 1718 2212 ecclesia
1734 2192 1775 2211 re-

983 2230 1052 2257 ditus
1073 2230 1100 2257 in
1119 2238 1244 2265 pauperes
1259 2229 1342 2264 effusi.
1359 2243 1394 2250 ——
1407 2229 1484 2257 Nunc
1505 2234 1594 2257 autem
1610 2236 1659 2264 pro
1673 2229 1773 2265 aurigis

984 2275 1064 2303 etiam
1074 2275 1144 2303 filios
1155 2275 1316 2309 obtuleritis,
1328 2280 1355 2303 et
1366 2283 1417 2310 pro
1430 2275 1602 2303 saltatoribus
1612 2275 1692 2302 etiam
1704 2274 1776 2310 ipsas

985 2320 1156 2356 profuderitis
1183 2321 1303 2354 animas;
1320 2328 1369 2356 pro
1393 2321 1501 2349 Christo
1522 2325 1613 2348 autem
1639 2321 1775 2348 esuriente

985 2374 1020 2395 ne
1041 2366 1179 2394 minimam
1204 2367 1311 2402 quidem
1332 2366 1487 2394 facultatum
1501 2371 1605 2402 partem
1629 2365 1775 2399 dederitis;

985 2413 1031 2441 sed
1047 2413 1070 2441 si
1085 2414 1217 2441 tantillum
1231 2414 1334 2448 argenti
1349 2413 1428 2446 detis,
1451 2420 1482 2440 ac
1497 2413 1518 2446 si
1532 2417 1615 2440 totum
1629 2412 1775 2446 solveritis,

987 2460 1026 2487 sic
1039 2459 1124 2488 affecti
1139 2459 1213 2494 estis,
1231 2460 1391 2492 nescientes,
1407 2459 1478 2495 quod
1494 2467 1548 2487 non
1562 2459 1638 2493 dare,
1653 2458 1701 2486 sed
1715 2466 1776 2486 cum

987 2505 1110 2541 largitate
1128 2505 1203 2539 dare,
1229 2505 1293 2533 illud
1316 2505 1431 2532 maxime
1453 2509 1494 2532 est
1514 2505 1697 2540 eleemosyna.
1715 2504 1778 2532 ldeo

987 2551 1116 2587 propheta
1131 2559 1184 2579 non
1199 2558 1246 2579 eos
1260 2552 1305 2587 qui
1319 2551 1405 2578 solum
1420 2551 1485 2578 dant
1501 2551 1628 2586 prmdicat
1645 2555 1673 2579 et
1684 2551 1778 2578 beatos

987 2597 1060 2631 dicit,
1082 2597 1129 2625 sed
1151 2604 1199 2625 eos
1217 2597 1263 2633 qui
1285 2597 1395 2632 largiter
1413 2597 1488 2625 dant.
1512 2597 1570 2625 Non
1591 2597 1678 2625 solum
1707 2597 1778 2625 enim

988 2643 1065 2677 dixit,
1080 2643 1174 2676 Dedit;
1191 2643 1237 2672 sed
1252 2643 1409 2679 quomodo?
1423 2643 1559 2680 Dispersit,
1574 2643 1642 2670 dedit
1658 2643 1780 2679 pauperi-

989 2692 1034 2718 bus
1053 2690 1139 2726 (Psal.
1156 2691 1217 2718 Ml.
1230 2690 1269 2726 9).
1284 2690 1353 2724 Quid
1367 2691 1439 2718 enim
1453 2690 1571 2726 prodest,
1587 2690 1610 2718 si
1631 2698 1663 2718 ex
1680 2690 1780 2717 divitiis

990 2742 1091 2765 tantum
1104 2737 1223 2770 dederis,
1238 2741 1365 2772 quantum
1376 2736 1480 2764 dederit
1489 2736 1621 2772 quispiam
1634 2736 1706 2763 verbi
1719 2743 1779 2770 gra-

990 2785 1025 2811 tia
1048 2791 1082 2811 ex
1102 2784 1168 2811 mari
1191 2783 1329 2819 cyathum,
1352 2791 1439 2818 neque
1461 2783 1547 2810 viduae
1571 2781 1779 2818 magnitudinem

991 2830 1072 2857 animi
1091 2830 1231 2857 aemulatus
1252 2829 1351 2857 fueris?
1371 2829 1506 2865 quontodo
1528 2829 1638 2862 dixeris,
1662 2828 1778 2860 Domine,

992 2878 1110 2905 miserere
1123 2878 1171 2905 mei
1188 2877 1326 2905 secundum
1348 2885 1466 2913 magnam
1488 2875 1686 2904 misericordiam
1699 2878 1778 2907 tuam,
