2046 3114
237 129 288 157 Ιῖθ

238 193 261 215 et
276 186 414 215 secundum
433 185 620 214 multitudinem
639 183 828 211 miserationem
849 186 951 208 tuarum
970 180 1025 207 dele

237 234 395 268 iniquitatem
415 240 498 262 meam
524 230 610 266 (Paul.
630 229 675 256 50.
689 229 736 263 3);
752 235 813 255 cum
833 226 890 262 ipse
913 233 967 253 non
981 232 1026 252 se-

236 279 352 307 cundmn
367 286 488 313 magnam
504 276 714 304 miscricordiam
729 273 896 305 miserearis;
911 273 965 299 imo
974 272 1027 298 for-

237 325 316 352 tassis
344 332 431 359 neque
453 322 597 350 secundum
627 319 751 355 parvam?
779 319 863 345 Valde
890 318 960 344 cnim
984 324 1027 344 mc

237 369 330 405 pudet,
349 376 410 396 cum
425 368 501 395 rideo
522 366 618 393 divites
642 364 739 392 mttltos
759 363 835 399 cquis
848 364 923 390 freno
946 369 1028 389 aureo

238 415 373 442 instructis
388 417 490 444 vectos,
507 412 550 446 qui
565 418 655 438 secum
671 409 780 437 trahunt
797 409 911 436 famulos
933 415 1027 434 aurum

237 464 384 495 gestantes,
413 464 441 485 et
464 458 548 485 lectos
569 457 669 484 habent
691 460 832 490 argenteos
861 454 1028 488 multttmquc

238 507 320 534 alium
339 505 452 536 fastum;
473 512 534 531 cum
552 508 642 530 autem
663 502 771 537 pauperi
795 500 959 536 erogandum
977 504 1026 531 est,

238 552 320 579 etiam
333 550 411 577 valde
427 550 589 585 pauperibus
613 556 672 576 esse
694 547 877 582 pauperiores.
897 545 950 573 Sed
967 544 1029 579 quid

238 602 280 625 cst
293 596 360 625 illud
375 596 445 631 quod
466 603 538 631 saepe
553 594 664 622 dicunt?
679 594 775 626 Habet,
791 592 887 627 inqttit,
900 590 1029 619 Ecclesiae

238 651 391 671 commune.
417 642 452 669 Et
464 642 527 676 quid
545 641 597 668 hoc
618 640 651 667 ad
667 640 711 667 te‘!
736 647 822 673 neque
835 638 918 671 extim,
944 637 966 663 si
981 643 1031 670 ego

240 691 351 723 dedero,
373 695 401 717 tu
417 690 508 717 salvus
531 689 603 715 eris:
620 695 716 722 neqtte,
738 687 760 713 si
783 686 895 713 ecclesia
915 684 1029 714 dederit,

243 742 272 765 ιιι
297 742 403 772 peccata
431 741 474 762 tua
495 734 627 761 delevisti.
657 733 772 766 Ideoque
801 739 852 757 non
880 730 943 762 das,
968 729 1029 763 quia

241 783 352 811 ecclesia
367 782 432 808 dare
446 780 524 808 debet
540 779 632 814 egenis
647 787 653 805 :
670 779 731 813 quia
746 777 899 804 sacerdotes
916 783 1030 810 precan-

240 833 295 861 tur,
309 833 337 854 tu
347 834 491 861 numquam
505 830 660 859 precaturus
673 823 720 850 es?
734 827 761 849 et
774 823 835 856 quia
843 821 888 847 alii
898 820 1030 855 jejunant,

243 879 271 901 tu
285 877 415 909 perpetuo
429 871 518 898 ebrius
534 869 609 897 eris?
624 869 714 895 Nescis
731 869 792 902 quia
808 874 860 893 non
874 866 908 893 ita
924 870 1032 900 propter

241 925 372 954 pauperes
385 918 564 952 elcemosyna:
579 916 664 950 legem
680 914 769 949 posuit
784 913 863 945 Deus,
885 917 912 939 ut
923 917 1033 946 pmptcr

241 973 288 993 eos
305 967 378 1000 ipsos
389 965 433 999 qui
450 962 617 998 largiuntur?
631 963 671 989 An
689 961 734 988 tibi
749 960 875 987 sacerdos
892 963 1032 993 suspectus

241 1011 304 1039 est?
326 1011 374 1039 Est
389 1010 496 1046 quidem
512 1009 563 1036 hoc
587 1016 668 1044 grave
692 1011 830 1041 peccatum
845 1015 851 1038 ;
874 1006 920 1033 sed
935 1006 968 1032 de
983 1004 1034 1032 hoc

245 1064 299 1085 nan
313 1061 437 1084 accurate
453 1055 595 1090 disputabo
609 1063 616 1081 :
632 1059 740 1089 propter
757 1059 782 1080 te
795 1052 883 1080 omnia
898 1052 988 1084 facito,
1007 1056 1033 1078 et

244 1104 283 1132 sic
293 1103 427 1138 duplicem
448 1101 599 1136 assequeris
615 1099 777 1127 mercedem.
793 1099 898 1125 Etenim
911 1106 970 1133 qum
986 1105 1034 1124 nos

242 1151 277 1178 de
285 1151 454 1185 elcemosyna
465 1149 588 1180 dicimus,
602 1155 655 1174 non
664 1147 775 1173 dicimus
784 1151 812 1172 ut
822 1145 855 1172 ad
866 1153 915 1172 nos
925 1144 1033 1176 offeras,

242 1198 290 1226 sed
305 1203 333 1225 ut
348 1202 375 1224 tu
388 1203 436 1231 per
446 1196 562 1230 teipsum
573 1194 719 1221 ministres.
731 1192 797 1220 Nam
809 1193 832 1219 si
847 1191 913 1219 mihi
927 1190 1033 1223 offeras,

244 1243 367 1271 fortassis
386 1250 402 1270 a
426 1249 493 1269 vana
512 1240 596 1276 gloria
618 1238 783 1274 corripieris,
809 1244 935 1273 saepeque
954 1236 1035 1264 etiam

245 1290 365 1317 ofl‘cns-ns
378 1288 488 1316 recedes
507 1287 577 1314 mala
596 1285 766 1320 suspicatus:
781 1284 805 1312 si
823 1288 912 1311 autem
927 1290 975 1318 per
988 1289 1036 1309 vos

246 1337 318 1371 ipsos
332 1335 422 1363 omnia
438 1333 552 1366 faciatis,
568 1337 595 1360 et
610 1331 803 1359 oli'ensionibus
814 1335 842 1358 et
853 1329 978 1357 absurdis
991 1336 1036 1356 su-

244 1380 406 1417 Spicionibus
420 1380 496 1408 liberi
510 1379 596 1411 eritis,
613 1379 752 1413 majorque
765 1376 840 1404 vobis
855 1383 959 1404 merces
974 1376 1035 1404 erit.

281 1428 309 1456 7.
329 1427 388 1455 Non
412 1427 493 1462 igitur
513 1425 570 1454 haec
593 1425 666 1458 dico,
681 1428 710 1452 ut
727 1425 781 1452 vim
797 1423 872 1451 vobis
890 1423 984 1451 faciam
1003 1423 1037 1450 ad

248 1475 375 1510 pecunias
394 1474 447 1501 huc
463 1472 630 1505 alferendas;
649 1478 736 1507 neque
758 1471 912 1505 indignatus
927 1474 1037 1505 propter

244 1520 400 1547 sacerdotes
418 1519 462 1554 qui
476 1518 544 1546 male
560 1518 682 1545 audiunt.
705 1517 769 1544 Nam
792 1517 815 1544 si
837 1524 996 1544 succensere
1010 1520 1038 1543 et

245 1565 337 1592 dolere
349 1568 467 1600 oportet.
482 1571 531 1599 pro
545 1563 621 1591 vobis
631 1563 775 1591 dolendum
789 1567 830 1591 est
849 1563 895 1598 qui
911 1562 981 1590 male
994 1562 1037 1590 di-

246 1611 318 1638 citis.
334 1610 369 1638 Iis
385 1611 468 1644 enim,
482 1610 526 1645 qui
541 1609 638 1637 frustra
658 1613 686 1636 ct
701 1614 802 1636 temere
824 1608 893 1636 male
914 1607 1037 1642 audiunt,

248 1663 354 1684 merces
367 1655 473 1691 major;
488 1654 638 1683 dicentibus
652 1659 740 1682 autem
752 1653 881 1689 judicium
897 1659 923 1681 et
938 1653 1039 1688 suppli-

246 1703 318 1730 cium
331 1702 438 1738 gravius
459 1702 520 1729 crit.
543 1701 602 1729 Non
615 1708 680 1737 ergo
693 1708 742 1735 pro
757 1700 810 1727 illis
825 1700 882 1727 haec
896 1700 970 1733 dico,
990 1700 1038 1727 sed

247 1748 318 1784 quod
333 1748 367 1776 de
381 1747 463 1775 vobis
471 1755 563 1775 curam
578 1751 607 1774 et
625 1745 834 1774 sollicitudinem
848 1754 950 1781 gerant.
970 1745 1038 1780 Quid

247 1795 318 1822 cnim
337 1794 445 1826 mirum,
461 1793 483 1821 si
498 1797 577 1821 aetate
590 1798 681 1821 nostra
695 1792 802 1828 quidam
817 1793 845 1820 in
859 1792 1039 1828 suspicionem

247 1842 370 1876 veniunt,
392 1847 454 1869 cum
468 1840 550 1868 etiam
570 1840 675 1868 illorttm
691 1844 811 1875 tempore
825 1844 979 1867 sanctorum
993 1839 1040 1874 qui

248 1888 359 1923 angelos
381 1886 565 1919 imitabantur,
580 1886 625 1921 qui
648 1886 714 1913 nihil
735 1885 786 1914 sibi
800 1886 938 1920 proprium
952 1885 1041 1920 possi-

249 1933 358 1966 debant,
373 1932 557 1967 apostolorum
573 1932 692 1967 inquam,
712 1932 834 1958 murmur
845 1930 927 1958 fuerit
948 1931 974 1958 in
991 1931 1041 1958 mi-

249 1980 362 2007 nisterio
384 1978 524 2009 viduarum
536 2000 545 2012 ,
572 1979 642 2014 quod
667 1978 869 2013 despicerentur
888 1985 1019 2013 pauperes
1031 1998 1039 2011 ,

250 2024 357 2060 quando
370 2032 450 2052 nemo
460 2023 604 2059 quidquam
618 2031 652 2052 ex
662 2023 718 2051 suis
731 2023 900 2051 facultatibus
912 2023 964 2051 sibi
979 2030 1042 2058 pro-

249 2072 336 2106 prium
347 2078 407 2099 esse
419 2071 534 2104 dicebat,
548 2069 595 2098 sed
606 2074 682 2098 erant
694 2069 759 2106 ipsis
766 2070 855 2098 omnia
866 2070 1039 2098 communia?

249 2117 289 2145 Ne
302 2117 352 2145 hos
364 2117 531 2152 proferamus
540 2116 677 2149 obtentus,
690 2123 741 2144 nec
755 2116 782 2143 in
795 2115 977 2143 defensionem
993 2123 1043 2143 no-

250 2168 333 2195 stram
348 2163 472 2191 conferre
485 2166 610 2198 putemus
624 2161 696 2197 quod
713 2161 833 2189 Ecclesia
855 2161 938 2188 multa
954 2161 1042 2196 possi-

251 2210 324 2238 deat.
342 2209 410 2237 Cum
430 2209 502 2237 enim
515 2208 671 2236 facultatum
686 2207 745 2242 ejus
759 2207 969 2242 magnitudinem
982 2214 1043 2242 per-

252 2256 344 2291 spicis,
360 2255 448 2291 cogita
461 2254 542 2282 etiam
564 2253 753 2288 inseriptorum
765 2260 910 2288 pauperum
923 2259 1042 2288 gregem,

251 2302 418 2329 inﬁrmorum
429 2299 638 2333 multitudinem,
655 2299 855 2327 innumerarum
866 2306 1042 2334 expensarum

253 2349 408 2384 occasiones
420 2357 427 2375 :
438 2348 544 2375 curiose
557 2346 662 2382 inquire
671 2351 698 2374 ct
712 2351 833 2374 scrutare
846 2354 853 2373 :
867 2353 946 2374 nemo
960 2346 1045 2380 impe-

252 2397 302 2429 dit,
318 2396 373 2427 imo
393 2394 479 2430 parati
493 2401 585 2434 sumus
603 2393 636 2421 ad
653 2394 772 2422 rationes
784 2393 860 2421 vobis
880 2392 1043 2420 reddendas.

254 2444 307 2472 Sed
322 2442 472 2480 hyperbole
482 2442 521 2469 uti
536 2442 607 2470 volo.
622 2441 690 2469 Cum
702 2441 773 2468 enim
788 2440 906 2468 rationes
920 2439 1044 2467 reddide-

254 2489 349 2523 rimus,
363 2493 391 2517 et
403 2487 599 2516 ostenderimus
613 2493 758 2522 expensam
773 2489 905 2521 proventu
918 2491 971 2512 non
983 2492 1045 2513 esse

256 2536 400 2568 minorem,
422 2535 476 2562 imo
488 2539 514 2562 et
532 2533 677 2569 aliquando
690 2532 818 2567 majorem
831 2541 838 2559 :
853 2531 918 2559 illud
938 2538 954 2558 a
969 2531 1045 2559 vobis

254 2581 369 2609 libenter
389 2580 553 2613 sciscitarer,
574 2587 636 2607 cum
655 2579 701 2606 illo
715 2577 929 2613 migraverimus,
952 2581 980 2604 et
997 2584 1045 2603 au-

253 2628 382 2656 dierimus
403 2627 539 2655 Christum
562 2626 695 2654 dicentem
711 2634 717 2651 :
732 2625 891 2652 Eturientem
913 2632 953 2651 me
977 2624 1044 2650 vidi-

257 2675 312 2705 stis.
328 2679 352 2702 et
366 2681 417 2701 non
438 2681 477 2700 me
497 2672 646 2705 nutrivistis,
662 2671 759 2699 nudum
770 2691 777 2703 ,
792 2676 815 2699 et
839 2679 890 2698 non
912 2671 1047 2706 aperuisti:

256 2720 366 2752 (Matth.
376 2719 421 2747 25.
436 2719 484 2753 42)
499 2728 506 2746 :
519 2718 582 2754 quid
596 2718 738 2745 dicemus?
751 2725 831 2753 quam
844 2717 986 2745 aﬂ‘eremus
997 2717 1044 2744 de-

255 2765 423 2794 fensionem?
445 2764 517 2793 hunc
535 2764 576 2791 vel
598 2764 672 2790 illum
693 2763 855 2791 adducemus
874 2763 899 2790 in
916 2763 1043 2795 medium,

256 2812 302 2847 qui
316 2810 358 2839 his
371 2818 424 2838 non
438 2811 601 2846 obscquutus
613 2813 670 2844 est,
686 2814 712 2837 et
725 2810 853 2845 quosdam
868 2817 900 2838 ex
914 2809 1045 2844 Suspectis

256 2856 442 2886 sacerdotibus
452 2856 472 2884 't.
488 2855 521 2891 Et
535 2855 599 2891 quid
612 2854 664 2884 hoc
677 2856 710 2883 ad
724 2859 764 2884 te?
774 2855 890 2892 inquiet;
909 2863 958 2890 ego
971 2854 1043 2882 enim

587 127 615 155 S.
634 124 771 155 JOANNIS
788 121 1026 152 CHRYSOSTUHI
1044 121 1201 150 ARCHIEP.
1220 120 1487 153 CONSTAETINOP.

1821 117 1876 147 i80

1080 184 1106 207 te
1118 187 1216 207 accuso
1228 179 1262 208 de
1275 180 1399 215 peccatis,
1415 187 1476 215 quae
1488 178 1629 208 admisisti.
1644 178 1769 213 Purgatio
1777 184 1877 208 eorum

1079 230 1131 258 est,
1143 230 1172 252 ιιι
1186 226 1291 260 propria
1305 225 1396 253 abluas
1411 229 1531 259 peccata,
1551 232 1605 252 non
1620 229 1649 251 ut
1663 223 1790 251 ostendas
1804 223 1876 251 alios

1080 272 1106 299 in
1121 271 1216 299 cadent
1231 271 1367 299 incidisse.
1382 271 1502 299 Ecclesia
1514 271 1586 299 enim
1605 270 1641 297 ob
1655 274 1772 297 vestram
1785 269 1877 305 parci-

1082 321 1163 344 tatem
1178 317 1296 345 retinere
1313 318 1419 353 cogitur
1431 324 1473 350 ea,
1488 324 1549 353 qua:
1563 324 1634 344 nunc
1653 316 1744 344 habet.
1754 315 1833 349 Quod
1849 315 1872 343 si

1081 364 1170 391 omnia
1186 364 1333 391 secundum
1347 363 1509 399 apostolicas
1522 364 1595 398 leges
1608 367 1728 398 agerent,
1739 361 1798 397 ejus
1812 369 1877 397 pro-

1081 414 1189 437 ventum
1205 413 1342 444 oporteret
1362 416 1424 437 esse
1440 414 1559 437 vestrum
1572 409 1691 436 animum
1705 416 1713 435 :
1729 407 1801 443 quod
1814 408 1877 443 qui-

1082 454 1143 482 dem
1166 459 1193 482 et
1219 459 1303 482 tutum
1324 459 1396 483 esset
1419 455 1588 490 peuuarium,
1616 459 1644 482 ct
1665 453 1809 481 thesaurus
1830 454 1876 481 in-

1083 502 1240 531 exhaustus.
1249 501 1324 529 Nunc
1335 505 1424 529 autem
1437 509 1499 528 cum
1509 508 1557 528 vos
1567 499 1675 536 quidem
1687 500 1877 528 thesaurizatis

1084 550 1109 576 in
1125 553 1208 583 terra,
1223 554 1252 577 et
1264 549 1353 577 omnia
1366 549 1393 576 in
1409 548 1545 584 penuariis
1564 548 1661 575 vestris
1673 547 1796 575 clauditis
1806 555 1813 579 ;
1825 547 1877 574 Ec-

1083 595 1165 623 clesia
1178 603 1244 624 vero
1258 595 1414 631 impendere
1431 602 1543 622 necesse
1556 594 1647 626 habet,
1666 593 1806 620 viduarum
1819 599 1878 619 cte-

1085 642 1163 675 tibus,
1178 642 1312 678 virginum
1331 641 1432 674 choris,
1455 641 1589 675 hospitum
1604 639 1773 671 adventibus,
1798 645 1878 673 pere-

1083 688 1245 723 grinantium
1259 687 1397 721 arumnis,
1411 687 1561 714 vinctorum
1574 684 1782 717 calamitatibus,
1798 682 1876 711 infir-

1084 741 1189 761 morum
1204 737 1232 761 et
1244 733 1401 760 mutilorum
1422 731 1638 764 necessitatibus,
1653 729 1714 757 aliis
1723 728 1877 764 huiusmodi

1084 780 1285 807 occasionibus:
1295 779 1358 814 quid
1368 778 1516 806 faciendum
1525 778 1536 804 ‘2
1550 784 1632 805 eosne
1640 783 1734 804 omnes
1742 775 1875 807 aversari,

1083 831 1110 853 et
1121 830 1161 852 tot
1175 830 1268 860 portus
1282 824 1443 852 obstruere?
1456 824 1548 859 ecquis
1559 822 1704 858 naufragiis
1719 822 1782 849 hinc
1793 821 1878 857 partis

1084 872 1229 905 suffecerit,
1244 871 1361 904 ﬂetibus,
1373 871 1508 903 lamentis,
1523 869 1667 905 ejulatibus
1680 868 1798 903 undique
1811 868 1878 895 alla-

1086 918 1138 945 tis?
1149 917 1188 945 Nc
1200 925 1264 953 ergo
1275 921 1375 945 temere
1388 917 1530 952 loquamur
1540 915 1611 951 quod
1623 915 1648 942 in
1663 920 1779 942 mentem
1795 920 1879 941 vene-

1087 965 1131 991 rit.
1145 963 1222 991 Nunc
1235 964 1319 996 enim,
1335 968 1364 991 ut
1375 963 1429 999 jam
1448 963 1512 994 dixi,
1529 962 1648 990 rationes
1663 962 1740 989 vobis
1762 960 1878 988 reddere

1086 1010 1172 1045 parati
1183 1018 1285 1038 sumus.
1307 1009 1336 1038 Si
1359 1015 1448 1037 autem
1473 1016 1551 1036 secus
1573 1015 1619 1036 res
1642 1015 1672 1036 se
1700 1007 1823 1039 haberet,
1850 1010 1879 1034 et

1086 1057 1108 1084 si
1122 1056 1249 1085 doctores
1263 1056 1400 1084 haberetis
1414 1059 1566 1090 corruptos,
1579 1054 1624 1090 qui
1639 1053 1727 1081 omnia
1751 1057 1880 1088 raperent

1087 1108 1114 1131 et
1124 1104 1196 1131 avari
1208 1108 1307 1136 essent,
1320 1110 1407 1138 neque
1418 1103 1457 1130 sic
1468 1102 1588 1137 purgatio
1597 1105 1684 1128 vestra
1696 1104 1770 1128 esset
1783 1107 1878 1127 eorum

1087 1150 1215 1185 nequitia.
1230 1150 1295 1177 Nam
1309 1150 1439 1184 benignus
1457 1149 1502 1176 ille
1514 1153 1541 1176 et
1555 1147 1768 1183 sapientissimus
1782 1146 1878 1180 unige-

1088 1198 1159 1226 nitus
1175 1198 1222 1226 Dei
1237 1197 1321 1225 Filius
1335 1197 1425 1224 omnia
1443 1196 1548 1229 videns,
1570 1196 1713 1231 scienSque
1727 1194 1798 1230 quod
1812 1202 1880 1222 ron-

1087 1244 1172 1279 tingat
1193 1244 1292 1272 multos
1315 1244 1342 1271 in
1366 1243 1492 1271 diuturno
1517 1248 1638 1278 tempore
1659 1247 1686 1270 et
1708 1246 1782 1269 tanto
1807 1241 1881 1268 orbis

1088 1291 1175 1326 spatio
1187 1298 1248 1318 esse
1269 1290 1423 1318 sacerdotes
1437 1294 1599 1325 corruptos;
1613 1294 1642 1316 ut
1656 1296 1690 1316 ne
1705 1296 1753 1323 per
1772 1288 1879 1315 illorum

1089 1336 1228 1368 incuriam,
1244 1344 1336 1364 eorum
1352 1336 1397 1371 qui
1412 1336 1476 1371 ipsis
1491 1335 1588 1363 subditi
1613 1339 1676 1362 sunt
1692 1334 1815 1362 socordia
1833 1342 1880 1361 au-

1088 1387 1192 1418 geatur,
1206 1390 1312 1410 omnem
1324 1382 1421 1410 tollens
1434 1382 1601 1417 negligentiae
1614 1380 1814 1409 excusationem
1826 1380 1880 1407 ait:

1090 1429 1175 1465 Super
1191 1429 1339 1456 cathedram
1352 1428 1450 1464 Moysi:
1469 1428 1586 1455 sederunt
1600 1427 1690 1455 scribta
1702 1432 1724 1454 et
1744 1425 1881 1453 Pharisaei.

1090 1475 1184 1502 Omnia
1197 1483 1267 1510 ergo,
1282 1482 1339 1508 qua:
1357 1474 1468 1501 dixerint
1482 1473 1551 1500 vobis
1571 1475 1663 1508 facere,
1679 1473 1754 1508 facile
1766 1480 1775 1499 :
1789 1480 1882 1499 secun-

1088 1521 1150 1547 dum
1164 1529 1242 1555 opera
1262 1525 1345 1546 autem
1360 1520 1462 1546 illorum
1480 1527 1511 1546 ne
1534 1519 1634 1553 faciatis
1652 1518 1760 1553 (Matth.
1774 1518 1821 1545 23.
1835 1517 1881 1554 2);

1089 1566 1245 1599 ostendens,
1256 1565 1327 1601 quod
1342 1565 1447 1593 etiamsi
1457 1564 1594 1592 doctorem
1607 1563 1758 1599 improbum
1769 1562 1882 1596 habeas,

1089 1613 1155 1640 nihil
1170 1611 1216 1639 tibi
1229 1611 1358 1647 prodesse
1373 1611 1481 1646 poterit.
1502 1610 1553 1637 nisi
1568 1610 1600 1637 iis
1621 1618 1680 1645 qua:
1700 1610 1826 1638 dicuntur
1839 1615 1883 1637 at-

1090 1659 1194 1687 tendas.
1211 1658 1302 1694 Neque
1315 1658 1386 1685 enim
1408 1657 1442 1684 ab
1461 1656 1494 1684 iis
1507 1664 1566 1692 quae
1580 1656 1675 1684 doctor
1688 1660 1815 1691 operatus
1828 1661 1883 1688 est,

1090 1705 1138 1733 sed
1150 1705 1183 1732 ah
1194 1705 1226 1732 iis
1238 1711 1298 1739 qua:
1310 1703 1418 1736 audisti,
1431 1710 1480 1731 nec
1494 1703 1659 1738 obscquutus
1670 1703 1722 1730 illis
1733 1710 1780 1730 es:
1792 1702 1826 1730 ab
1841 1702 1884 1730 his

1091 1751 1138 1779 tibi
1151 1751 1283 1778 calculum
1299 1749 1368 1777 feret
1382 1749 1461 1777 Deus.
1479 1749 1570 1784 Itaque
1589 1749 1611 1776 si
1625 1756 1656 1775 ea
1672 1756 1732 1783 qua:
1747 1752 1882 1783 praecepta

1090 1802 1153 1825 sunt
1166 1797 1273 1828 feceris.
1288 1803 1349 1823 cum
1372 1795 1456 1823 multa
1472 1800 1534 1823 tunc
1546 1795 1630 1822 stabis
1645 1795 1757 1828 liducia;
1781 1795 1803 1821 si
1818 1802 1885 1822 vero

1091 1843 1170 1872 dictis
1184 1851 1237 1870 non
1251 1842 1416 1878 obscquutus
1428 1841 1519 1874 fueris,
1535 1841 1640 1869 etiamsi
1655 1841 1726 1868 mille
1739 1846 1885 1876 corruptos

1091 1889 1246 1918 sacerdotes
1260 1889 1398 1922 ostendas,
1416 1888 1482 1916 nihil
1494 1888 1546 1916 hoc
1561 1888 1607 1915 tibi
1621 1888 1750 1923 proderit.
1774 1887 1840 1915 Nam
1857 1892 1884 1914 et

1091 1936 1174 1964 Judas
1192 1935 1330 1970 apostolus
1343 1938 1418 1966 erat;
1434 1933 1486 1961 hoc
1508 1938 1597 1961 tatnen
1621 1933 1687 1961 nihil
1701 1940 1829 1968 umquam
1842 1940 1887 1960 sa—

1092 1990 1199 2010 crorum
1208 1982 1370 2017 cxpilatores
1377 1985 1405 2008 et
1414 1987 1510 2008 avaros
1519 1980 1667 2008 excusabit.
1680 1980 1772 2015 Neque
1787 1979 1887 2014 poterit

1093 2028 1154 2064 quis
1166 2032 1309 2055 accusatus
1321 2026 1412 2055 dicere
1429 2035 1436 2053 :
1451 2026 1595 2054 Enimvero
1607 2026 1743 2061 apostolus
1757 2025 1800 2053 fur
1813 2030 1883 2057 erat,

1093 2081 1230 2102 sacrorum
1242 2073 1374 2108 expilator
1385 2077 1412 2100 ct
1425 2071 1545 2107 proditor
1560 2081 1566 2099 :
1579 2072 1626 2100 sed
1642 2072 1694 2099 hoc
1708 2079 1756 2099 nos
1768 2072 1885 2098 maxime

1093 2119 1225 2155 supplicio
1236 2119 1323 2147 tradet
1335 2124 1363 2147 et
1372 2118 1520 2151 damnabit,
1531 2118 1602 2153 quod
1615 2125 1667 2145 non
1681 2118 1794 2145 aliorum
1806 2117 1886 2145 malis

1093 2167 1128 2195 ad
1140 2174 1233 2194 sanam
1243 2170 1360 2194 mentem
1373 2165 1476 2193 reducti
1491 2165 1585 2192 simus.
1601 2165 1664 2192 ldco
1676 2165 1747 2192 enim
1759 2165 1803 2192 illa
1817 2165 1886 2191 scri-

1094 2218 1139 2248 pta
1154 2216 1225 2245 sunt,
1251 2216 1280 2239 ut
1294 2211 1426 2246 fugiamus
1445 2211 1551 2239 illorum
1575 2211 1760 2238 imitationem.
1785 2210 1887 2237 Idcirco

1096 2259 1166 2286 hunc
1179 2263 1207 2286 et
1220 2258 1294 2286 illum
1310 2257 1503 2292 relinquentes,
1527 2257 1603 2284 nobis
1616 2257 1681 2292 ipsis
1695 2255 1866 2284 attendamus
1879 2265 1886 2283 :

1095 2305 1279 2339 unusquisque
1300 2304 1372 2331 enim
1396 2308 1515 2331 nostrum
1537 2310 1585 2338 pro
1609 2310 1638 2331 se
1658 2303 1789 2330 rationem
1811 2302 1887 2330 dabit

1096 2351 1163 2379 Deo.
1186 2350 1222 2378 Ut
1243 2357 1308 2385 ergo
1329 2350 1398 2377 hanc
1416 2349 1547 2376 rationem
1568 2356 1629 2376 cum
1653 2348 1723 2376 bona
1743 2347 1889 2375 reddamus

1096 2398 1265 2433 purgatione,
1282 2401 1401 2424 nostram
1423 2403 1615 2431 componamus
1630 2395 1722 2429 vitam,
1745 2401 1772 2423 et
1786 2395 1887 2430 largam

1097 2452 1205 2472 manum
1219 2444 1310 2479 egenis
1325 2443 1493 2478 porrigamus
1508 2452 1514 2470 :
1531 2443 1648 2470 scientes
1659 2442 1728 2470 hanc
1738 2442 1822 2469 solam
1838 2449 1888 2469 no-

1096 2495 1179 2518 stram
1191 2497 1252 2517 esse
1262 2489 1457 2522 defensionem,
1470 2490 1493 2516 si
1506 2489 1680 2517 ostendamus
1694 2495 1744 2516 nos
1754 2494 1887 2523 praecepta

1096 2542 1170 2565 recte
1180 2540 1341 2570 exsequutos
1350 2543 1427 2567 esse;
1442 2535 1596 2570 nullamque
1605 2542 1668 2563 esse
1678 2534 1768 2561 aliam.
1779 2534 1807 2561 Si
1821 2534 1892 2561 hanc

1096 2584 1224 2612 exhibere
1239 2583 1382 2617 possimus,
1399 2581 1580 2609 intolerabiles
1593 2581 1653 2608 illos
1667 2580 1798 2616 gehennae
1810 2579 1890 2607 dolo—

1097 2638 1142 2658 res
1161 2629 1328 2665 eti‘ugiemus,
1351 2634 1379 2656 et
1393 2628 1481 2656 futttra
1503 2634 1701 2662 consequentur
1722 2626 1812 2654 bona:
1829 2632 1889 2660 quae

1097 2684 1147 2704 nos
1168 2684 1262 2704 omnes
1281 2676 1391 2711 adipisci
1409 2675 1554 2710 contingat,
1571 2673 1654 2709 gratia
1676 2678 1703 2701 et
1724 2672 1889 2708 benignitate

1098 2723 1204 2750 Domini
1228 2723 1311 2750 nostri
1335 2722 1398 2750 Jesn
1424 2721 1535 2754 Christi,
1560 2721 1666 2756 quicum
1687 2719 1759 2746 Patri
1784 2726 1889 2755 unaque

1098 2768 1208 2803 Spiritui
1234 2773 1328 2796 sancto
1350 2768 1444 2803 gloria,
1471 2767 1624 2802 imperium,
1653 2766 1748 2800 honor,
1769 2772 1842 2794 nunc
1864 2772 1890 2795 et

1098 2822 1215 2850 semper,
1230 2820 1257 2842 et
1270 2815 1296 2842 in
1309 2814 1405 2843 smcula
1419 2814 1590 2842 sreculorum.
1607 2814 1703 2840 Amen.
