2046 3114
266 127 307 154 1⁸1
627 126 657 154 S.
676 125 818 154 JOAN‘NIS
836 121 1060 151 CIIRYSUSTO!

1110 118 1263 148 ARCHIEP.
1284 113 1565 145 CONSTANTINOP.

503 187 1887 214 Μ

267 206 501 214 ο---

973 254 1095 281 ΟΜΙΛΙΛ
1115 253 1180 281 KB’.

268 303 329 330 οὐκ
347 302 447 329 οἴδατε
470 303 513 329 ὅτι
537 305 562 329 οἱ
588 303 623 329 τὰ
646 302 708 335 Ιερὰ
732 300 927 335 ἐργαζόμενοι,
946 300 981 327 ἐκ
998 299 1050 326 τοῦ

302 338 382 371 ιεροῦ
409 338 587 369 ἐσθίουσιγ;
606 339 632 364 οὶ
656 336 695 368 τῷ
718 336 921 369 θυσιαστηρίῳ
942 342 1050 371 "apocr-

302 373 491 405 εδρεύοντες,
506 372 546 404 τῷ
575 371 777 405 θυσιαστηρίῳ
805 370 1050 405 συμμερίζονττακ

304 404 385 434 Οὕτω
400 408 448 434 καί
464 404 488 434 δ
502 407 608 440 Κύριος
622 404 739 437 διέταξε
755 404 816 438 τοῖς
831 404 1052 440 τὸεὺαγγέλιον

303 439 575 477 καταγγέλλουσιν,
587 441 622 468 ἐκ
636 442 688 469 τοῦ
701 441 878 476 εὐαγγελίου
893 439 956 475 ζῇν.

304 498 338 522 α’.
348 494 451 530 Πολλὴν
460 495 577 522 ποιεῖται
587 495 636 530 τὴν
649 494 778 530 σπουδὴν,
786 494 856 521 ὥστε
867 492 950 525 δεῖξαι
962 491 1000 527 μὴ
1008 499 1053 517 κε-

269 536 426 571 κωλυμένον
438 536 468 563 τὸ
480 536 639 571 λαμϐάνειν.
650 536 749 572 Διόπερ
763 535 882 563 τοσαῦτα
894 534 978 561 εἰπὼν
1002 533 1053 568 Εμ-

269 577 397 612 προσθεν,
410 577 460 604 οὐκ
473 578 606 613 ἠρκέσθη,
616 578 685 605 ἀλλὰ
693 578 740 605 καὶ
752 577 798 603 ἐπὶ
810 577 856 603 τὸν
869 577 949 612 νόμον
959 575 1052 611 χωρεῖ,

267 620 430 656 οξκειὸτερον
444 619 491 647 τοῦ
504 620 638 655 προτέρου
660 620 786 655 παρέχων
803 619 966 653 ὑπόδειγμα.
985 616 1053 644 Οὐδὲ

267 662 323 697 γὰρ
339 660 373 698 ἦν
388 662 443 688 ἴσον
457 661 507 694 τὰς
531 661 593 697 βοῦς
605 668 618 682 ι
635 662 807 696 παραγαγεῖν
830 661 870 692 εις
893 660 985 696 μέσον,
1007 659 1055 686 καὶ

270 703 359 738 ῥητῶς
369 704 433 738 περὶ
445 703 540 739 ἱερέων
552 704 633 738 νόμον
643 703 768 737 κείμενον
781 703 820 734 είς
835 702 917 737 μέσον
930 700 1052 735 ἀγαγεῖν.

269 745 368 772 Σκόπει
384 746 414 773 δέ
434 754 480 781 μοι
503 745 553 772 κάν
568 744 656 780 τούτῳ
673 744 722 779 τὴν
739 743 845 770 Παύλου
862 743 978 774 σύνεσιν,
996 740 1055 772 πῶς

269 787 406 822 μέμνηται
425 786 472 814 τοῦ
488 787 649 822 πράγματος
669 785 893 821 μεγαλοπρεπῶς.
917 783 984 811 Ούδὲ
1000 782 1053 818 γὰρ

268 827 355 862 εἶπεν,
370 828 403 856 οι
414 828 448 855 τὰ
462 829 523 864 ίερά
538 827 715 863 ἐργαζόμενοι
730 828 762 853 ἐκ
777 826 830 852 τῶν
845 824 1054 861 προσφερόντων

270 870 344 906 μθῖ]
359 870 552 906 λαμϐάνουσιν·
568 869 636 896 ἀλλὰ
647 869 673 896 τί
685 877 692 901 ;
716 869 766 896 Ἐκ
780 868 834 895 τοῦ
846 867 926 902 ὶεροῦ
937 866 1056 895 ἐσθίου-

269 919 331 938 σιν·
347 912 391 939 ἵνα
407 912 475 947 μήτε
495 912 520 937 οί
538 911 721 946 λαμϐάνοντες
737 909 929 942 όνειδίζωνται,
947 909 1016 944 μήτε
1030 907 1055 934 οῑ

270 954 435 989 παρέχοντες
443 953 620 989 ὲπαίρωνται.
627 953 672 980 Διὸ
681 952 728 980 καὶ
737 953 766 979 τὸ
774 951 836 987 ἑξῆς
844 951 916 978 οὕτω
923 950 1054 977 τέθεικεν.

269 995 337 1022 οὐδὲ
353 995 405 1031 γάρ
423 995 484 1021 οὐδὲ
504 994 644 1021 ἐνταῦθαδ
662 992 748 1025 εἶπεν,
765 994 797 1021 Οἱ
815 993 855 1028 τῷ
871 991 1057 1027 θυσιαστηρίῳ

270 1036 494 1072 προσεδρεύοντες
508 1037 562 1063 ἀπὸ
572 1036 626 1064 τῶν
637 1035 754 1063 θυόντων
767 1035 962 1070 λαμϐάνουσιν,
977 1033 1056 1066 ἀλλὰ,

273 1078 315 1111 Τῷ
342 1079 545 1113 θυσιαστηρίῳ
569 1078 803 1113 συμμερίζονται.
832 1077 873 1104 Τὰ
890 1077 945 1112 γὰρ
973 1084 1057 1112 προσ-

270 1121 413 1156 ενεχθέντα
423 1121 515 1148 ούκέτι
523 1121 616 1148 λοιπὸν
627 1121 681 1148 τῶν
691 1120 930 1156 προσενεγκάντων
938 1116 981 1154 ἦν,
990 1117 1058 1145 ἀλλὰ

271 1162 318 1189 τοῦ
335 1162 407 1198 ἱεροῦ
424 1164 470 1189 καὶ
487 1162 533 1189 τοῦ
550 1162 756 1198 θυσιαστηρίου.
776 1162 832 1188 Καὶ
849 1161 900 1188 οὐκ
916 1159 1003 1192 εἶπεν,
1016 1160 1057 1186 ὅτι

271 1205 312 1233 Τὰ
327 1205 386 1242 ἱερὰ
398 1206 594 1241 λαμϐάνουσιν,
609 1206 677 1238 ἀλλ’,
692 1206 742 1233 Ἐκ
754 1205 807 1232 τοῦ
819 1205 899 1239 ίεροῦ
909 1204 1056 1235 ἐσθίουσι,

271 1248 377 1280 δεικνὺς
395 1248 476 1275 πάλιν
489 1248 538 1283 τὴν
553 1248 734 1282 συμμετρίαν,
757 1247 804 1274 καὶ
818 1247 859 1273 ὅτι
878 1246 908 1272 ού
924 1244 1059 1281 χρηματί-

272 1290 367 1322 ζεσθαι
382 1290 424 1316 δεῖ
436 1290 496 1316 ούδέ
513 1290 648 1316 πλουτεῖν.
675 1289 706 1316 El
721 1289 749 1316 δὲ
769 1289 853 1323 λέγει,
877 1289 917 1315 ὄτι
944 1286 986 1320 Τῷ
1007 1289 1058 1314 θυ-

272 1331 437 1365 σιαστηρίῳ
453 1331 680 1366 συμμερίζονται
690 1352 697 1364 ,
711 1331 741 1357 ού
758 1330 806 1366 τὴν
820 1329 910 1365 ἐξίσης
929 1329 1059 1364 διανομὴν

271 1373 355 1407 λέγει,
371 1372 438 1399 ἀλλὰ
458 1372 507 1408 τὴν
524 1373 553 1406 ἐξ
569 1372 681 1407 ὀφειλῆς
698 1371 840 1408 διδομένην
861 1371 953 1403 αὐτοῖς
969 1378 1059 1405 παρα-

274 1415 382 1450 μυθίαν,
400 1415 538 1442 Καίτοιτὰ
552 1415 607 1442 τῶν
620 1415 776 1442 ἀποστόλων
790 1414 901 1449 μείζονα
915 1412 1004 1448 πολλῷ
1013 1409 1058 1448 ἦν.

279 1457 353 1483 Ἐκεῖ
367 1457 416 1492 μὲν
428 1457 481 1492 γὰρ
495 1456 560 1492 τιμὴ
573 1454 606 1492 ἢν
621 1458 637 1492 ὴ
651 1456 783 1492 ἱερωσύνη
795 1463 802 1470 ⁸
821 1455 939 1483 ἐνταῦθα
953 1454 980 1480 δὲ
999 1454 1059 1480 κίν-

273 1497 345 1524 δυνοι
358 1499 405 1525 καὶ
421 1498 524 1532 σφαγαὶ
539 1499 585 1524 καὶ
602 1498 688 1533 φόνοι.
714 1497 813 1532 Διόπερ
831 1497 886 1523 τῶν
905 1495 993 1522 ἄλλων
1006 1503 1059 1521 πα-

275 1539 463 1575 ραδειγμάτων
474 1539 602 1566 ἁπάντων
617 1539 683 1566 πολὺ
710 1538 801 1573 μεῖζον
823 1536 858 1574 ἦν
872 1538 902 1564 τδ
915 1537 1014 1571 λέγειν’
1026 1536 1060 1562 El

274 1581 361 1616 ἡμεῖς
374 1581 445 1615 ὑμῖν
456 1582 492 1608 τὰ
504 1582 690 1616 πνευματικὰ
701 1581 892 1615 ἐσπείραμεν.
909 1580 994 1606 Ὅταν
1005 1579 1060 1613 γάρ

276 1623 351 1660 εἴπῃ,
372 1623 578 1657 Ἑσπείραμεν,
596 1623 658 1654 τοὺς
671 1622 807 1658 χειμῶνας
824 1622 871 1649 καλ⁸
893 1621 956 1653 τοὺς
969 1620 1059 1647 κινδύ-

276 1673 347 1697 νους,
364 1665 410 1691 καὶ
422 1664 470 1696 τὰς
478 1664 623 1696 ἐπιϐουλὰς
630 1665 677 1691 καὶ
688 1665 724 1691 τὰ
738 1665 828 1700 ἄφατα
842 1663 915 1690 κακὰ
926 1662 1060 1690 ἐνδείκνυ-

275 1715 332 1737 ται.
359 1706 431 1741 ἆπερ
456 1707 591 1742 ὑπέμενον
611 1707 803 1742 κηρύττοντες.
833 1705 902 1732 Ἀλλ’
917 1706 992 1740 ὅμως
1013 1703 1061 1730 καὶ

276 1748 409 1783 τοσαύτης
419 1747 500 1783 οὔσης
514 1748 563 1783 τῆς
577 1748 722 1784 ὑπεροχῆς,
741 1749 791 1774 ούκ
805 1747 937 1783 ἠθέλησεν
952 1745 1014 1772 οὗτε
1027 1744 1061 1771 τὰ

275 1790 327 1825 τῆς
347 1789 469 1820 Παλαιᾶς
490 1789 668 1821 ταπεινῶσαι,
683 1789 745 1816 οὔτε
765 1788 801 1815 τὰ
825 1787 923 1816 ἐαυτοῦ
944 1787 1060 1822 ἐπᾶραι·

277 1833 347 1860 ἀλλὰ
366 1833 413 1860 καὶ
429 1832 462 1858 τά
477 1831 574 1859 ἑαυτοῦ
594 1831 743 1863 συστέλλει,
766 1831 817 1858 οὐκ
835 1831 889 1858 ἀπὸ
901 1830 955 1856 τῶν
971 1828 1063 1856 κινδύ-

278 1883 342 1906 νων,
368 1873 425 1901 ἀλλ¹
448 1874 502 1900 ἀπὸ
514 1873 560 1899 τοῦ
577 1873 708 1908 μεγέθους
726 1873 777 1906 τῆς
793 1873 898 1908 δωρεᾶς
912 1871 999 1903 διδοὺς
1013 1871 1062 1906 τὴν

279 1916 425 1951 ὑπεροχήν.
447 1915 483 1942 Ού
500 1915 554 1950 γὰρ
569 1912 654 1947 εἶπεν,
673 1915 705 1941 Et
719 1914 944 1954 ἐκινδυνεύσαμεν
957 1913 975 1949 ἢ
992 1921 1063 1954 παρέ

278 1956 507 1992 εὸουλευσάμεθα,
521 1956 589 1989 ἀλλ’,
601 1957 637 1983 El
651 1956 735 1990 ἡμεῖς
747 1955 819 1990 ὑμῖν
829 1955 865 1982 τὰ
877 1953 1064 1989 πνευματικὰ

277 1998 471 2033 ἐσπείραμεν·
489 1999 536 2025 καὶ
551 1995 586 2025 τὰ
600 1998 655 2025 τῶν
681 1998 787 2033 ἱερέων,
805 1997 842 2030 ὼς
860 1994 916 2024 οἷόν
932 1997 963 2023 τέ
978 1997 1062 2028 ἐστιν,

279 2042 386 2076 ἐπαίρει
403 2040 504 2074 λέγων·
527 2041 559 2067 Οἱ
575 2039 612 2067 τὰ
626 2039 689 2073 ιερὰ
704 2038 901 2074 ἐργαζόμενοι,
919 2038 968 2065 καί
985 2039 1013 2066 οί
1024 2035 1064 2070 τῷ

279 2082 482 2116 θυσιαστηρίῳ
504 2080 767 2115 προσεδρεύοντες,
793 2081 842 2115 τὴν
866 2079 978 2115 διηνεκῆ
1003 2079 1065 2105 δου-

279 2122 353 2150 λείαν
369 2123 460 2150 αὐτῶν
474 2122 521 2150 καὶ
541 2123 589 2157 τὴν
603 2122 750 2158 καρτερίαν
764 2121 807 2149 διὰ
829 2121 932 2149 τούτων
948 2120 1065 2154 ἐνδείξα-

280 2164 342 2191 σθαι
363 2164 532 2199 βουλόμενος.
550 2164 605 2190 Καὶ
620 2163 704 2190 εἰπὼν
727 2164 790 2195 τοὺς
807 2163 897 2199 ἱερέας
911 2163 974 2194 τοὺς
989 2161 1065 2198 παρὰ

285 2205 499 2238 Ἰουδαίοις,τούς
509 2213 538 2231 τε
544 2204 659 2236 Λευίτας
670 2204 733 2235 τούς
742 2213 772 2231 τε
782 2204 938 2240 ἀρχιερέας,
946 2204 1063 2239 ἑκάτερα

278 2247 313 2273 τὰ
338 2247 466 2282 τάγματα
484 2247 613 2282 ἐδήλωσε,
631 2247 678 2273 καὶ
701 2246 734 2273 τὰ
751 2246 952 2282 καταδεέστερα
968 2246 1064 2273 καὶτὰ

279 2289 461 2324 ὑπερέχονται
478 2288 512 2315 τὰ
537 2288 586 2323 μὲν
601 2287 645 2314 διὰ
661 2288 708 2314 τοῦ
729 2287 829 2322 λέγειν,
845 2289 877 2315 οι
891 2289 928 2315 τὰ
942 2288 1006 2322 ίερὰ
1019 2289 1065 2322 ἐρ-

279 2329 442 2365 γαζόμενοι,
454 2331 488 2357 τὰ
499 2330 527 2357 δέ
539 2330 582 2356 διὰ
591 2330 638 2356 τοῦ
652 2330 748 2363 εἰπεῖν,
765 2331 796 2356 Οἱ
809 2329 849 2363 τῷ
863 2330 1066 2364 θυσιαστηρίῳ

279 2372 543 2407 προσεδρεύοντες.
560 2372 626 2399 Οὐδὲ
643 2372 696 2408 γὰρ
714 2373 796 2398 πᾶσιν
809 2372 838 2399 ἓν
852 2372 1066 2407 ἐπιτεταγμένον

280 2414 360 2449 ἔργον
375 2412 408 2449 ἦν
419 2423 425 2428 ·
441 2414 498 2440 ἀλλ’
517 2414 541 2440 οἱ
558 2414 607 2449 μὲν
632 2414 667 2440 τὰ
691 2414 843 2449 παχύτερα,
861 2415 884 2440 οἱ
902 2414 930 2440 δὲ
948 2414 983 2440 τὰ.
997 2414 1066 2449 ὑψη-

281 2455 378 2490 λότερα
391 2453 461 2490 ἦσαν
474 2455 716 2490 ἐγκεχειρισμένοι.
735 2455 842 2487 Πάντας
855 2456 944 2482 τοίνυν
954 2455 1066 2488 τούτους

280 2497 446 2532 περιλαϐὼν,
463 2498 506 2524 ἴνα
522 2498 559 2532 μή
584 2506 627 2529 τις
647 2497 725 2533 λέγῃ,
741 2497 774 2523 Τί
790 2497 839 2532 τῆς
861 2497 984 2529 Παλαιᾶς
1000 2498 1066 2533 ἡμῖν

282 2539 420 2574 μέμνησαι
431 2547 438 2568 :
451 2540 501 2566 οὐκ
516 2538 592 2565 οἶσθα
605 2539 646 2566 ὅτι
661 2539 879 2574 προσταγμάτων
892 2539 1066 2574 τελειοτέρων

281 2581 347 2615 ἡμῖν
363 2581 377 2607 ό
391 2581 503 2616 καιρός;
527 2581 586 2616 μετ’
606 2582 697 2608 ἐκεῖνα
720 2581 809 2608 πάντα
821 2581 852 2607 τδ
867 2581 976 2608 πάντων
992 2583 1067 2616 ισχυ-

283 2622 392 2658 ρὸτερον
417 2623 541 2649 τέθεικεν
563 2623 662 2650 είπών·
685 2623 767 2650 Οὕτω
785 2623 834 2651 καί
852 2625 868 2651 ό
884 2625 992 2658 Κύριος
1008 2623 1066 2650 διέ-

280 2664 352 2695 ταξε
365 2664 426 2697 τοῖς
442 2664 475 2690 τὸ
491 2665 667 2699 εὐαγγέλιον
681 2665 951 2700 καταγγέλλουσιν,
968 2665 1002 2692 ἐκ
1013 2665 1066 2693 τοῦ

282 2706 458 2740 εὐαγγελίου
470 2705 533 2740 ζῇν.
542 2706 597 2733 Καὶ
609 2707 669 2733 ούδέ
680 2706 797 2734 ἐνταῦθα
809 2708 841 2733 ἐκ
849 2707 903 2733 τῶν
914 2706 1066 2743 ἀνθρώπων

283 2747 356 2781 λέγει
381 2747 537 2783 τρέφεσθαι,
555 2748 613 2775 ἀλλ’
626 2747 719 2784 ὥσπερ
743 2748 859 2775 ἐπὶτῶν
884 2749 990 2784 ἱερέων,
1016 2749 1067 2776 Ἑλ.

283 2789 337 2817 τοῦ
360 2790 450 2823 ἱεροῦ,
474 2790 522 2817 καὶ
551 2791 602 2817 Ἐκ
619 2789 672 2817 τοῦ
689 2791 917 2824 θυσιαστηρίου,
933 2791 1003 2818 οὕτω
1019 2792 1067 2818 καὶ

316 2841 329 2878 ξ
345 2842 416 2880 Reg?
426 2842 486 2878 τοὺὶ
498 2842 562 2873 βοῦς,
573 2843 693 2880 ςιρειυισ
711 2845 766 2880 ροες.
776 2842 924 2880 ίρειηλνὸμον
941 2844 979 2868 ἐπὶ
989 2844 1066 2876 τούτῳ

288 2873 390 2902 κείμενον
401 2873 539 2904 ἀναγνῶναι.
573 2874 586 2893 b
605 2873 699 2904 Deerat,
712 2873 766 2897 οὐδὲ
776 2874 881 2897 ἐνταῦθα.

1101 297 1228 328 ἐνταῦθα,
1252 297 1303 323 Ἐκ
1325 295 1380 322 τοῦ
1402 293 1590 328 εὐαγγελίου,
1617 292 1702 328 φησί·
1721 291 1769 317 καὶ
1793 290 1889 326 ὥσπερ

1101 339 1159 365 ἐκεῖ
1172 338 1310 368 Ἐσθίειν,
1319 336 1406 366 οὕτως
1417 335 1532 362 ἐνταῦθα
1544 334 1616 368 Ζῆν,
1628 335 1678 361 οὐκ
1687 332 1889 368 ἐμπορεύεσθαι

1100 379 1161 406 ούδέ
1183 377 1369 414 θησαυρίζειν.
1397 376 1495 409 Ἄξιος
1519 376 1584 411 γὰρ,
1610 375 1702 410 φησὶν,
1725 376 1741 401 ό
1761 373 1890 408 ἐργάτης

1102 421 1156 448 τοῦ
1169 421 1280 456 μισθοῦ
1296 419 1400 447 αὐτοῦ.
1422 418 1492 453 Ἐγὼ
1506 417 1540 444 δὲ
1555 417 1657 444 οὐδενὶ
1674 417 1787 443 τούτων
1803 415 1890 450 ἐχρη-

1103 464 1214 498 σάμην.
1236 463 1268 489 Τί
1282 460 1338 493 οὖν,
1356 463 1381 488 εί
1400 461 1437 496 μὴ
1457 460 1576 496 ἐχρήσω,
1605 459 1683 495 φησὶ,
1699 458 1758 491 νῦν,
1776 458 1844 494 πρὸς
1861 457 1891 484 δὲ

1102 505 1134 532 τὸ
1159 504 1255 541 μέλλον
1283 503 1436 540 χρήσασθαι
1458 502 1558 538 βούλει,
1580 502 1628 528 καὶ
1643 501 1687 528 διὰ
1702 501 1780 527 τοῦτο
1803 499 1892 526 ταῦτα

1103 547 1207 581 λέγεις;
1228 547 1350 580 Ἀπαγεο
1368 546 1416 572 καὶ
1431 545 1486 580 γὰρ
1501 544 1545 571 διὰ
1559 544 1636 571 τοῦτο
1659 543 1763 578 ’ταχέως
1778 544 1811 578 τῇ
1828 543 1891 568 ἐπι-

1105 588 1247 624 διορθώσει
1264 589 1408 623 ἐχρήσατο,
1424 587 1511 619 οὕτως
1533 586 1628 613 εἰπών’
1647 587 1709 613 Οὐκ
1725 585 1842 620 ἔγραψα
1857 583 1893 611 δὲ

1104 631 1208 664 ταῦτα,
1225 630 1276 657 ἵνα
1298 629 1375 657 οὕτω
1398 628 1520 664 γένηται
1542 628 1577 656 ἐν
1592 627 1668 662 ἐμοί.
1693 627 1749 654 Καὶ
1763 627 1814 662 ὅρα
1832 625 1892 661 μεθ’

1105 672 1171 708 ὅσης
1200 671 1381 707 σφοδρότητος
1422 670 1543 706 ἀρνεῖται
1573 670 1620 696 καὶ
1653 668 1827 704 διακρούεται
1861 667 1893 694 τὸ

1105 714 1237 749 πρᾶγμα·
1261 712 1362 746 Καλὸν
1378 710 1435 746 γάρ
1455 720 1506 746 μοι
1527 710 1648 746 μᾶλλον
1672 708 1844 741 ἀποθανεῖν,
1871 708 1892 742 ἣ

1104 756 1137 782 τὸ
1153 755 1294 790 καύχημά
1312 763 1370 788 μου
1391 754 1441 780 ἵνα
1457 763 1502 787 τις
1517 753 1646 787 κενώσῃ.
1673 752 1728 780 Καὶ
1742 752 1792 786 οὐχ
1817 750 1894 782 ἅπαξ

1105 797 1165 824 ούδέ
1188 797 1239 830 δὶς,
1267 796 1336 823 ἀλλά
1365 796 1411 823 καὶ
1434 796 1565 827 πολλάκις
1591 795 1723 830 κέχρηται
1750 795 1784 828 τῇ
1813 793 1894 829 ῥήσει

1105 837 1207 874 ταύτῃ·
1234 838 1282 864 καὶ
1306 837 1359 873 γὰρ
1381 837 1510 872 ἀνωτέρω
1527 836 1602 873 [195]
1622 834 1708 868 εἷπεν,
1729 836 1790 862 οὐκ
1806 834 1895 868 ἐχρη-

1105 879 1222 914 σάμεθα
1234 878 1411 913 τῇέξουσίᾳ
1424 879 1518 912 ταύτῃ
1529 886 1536 894 ·
1555 878 1603 905 καὶ
1618 878 1686 914 μετὰ
1700 877 1785 903 ταῦτα
1800 875 1893 908 πάλιν,

1107 923 1159 955 Είς
1180 921 1214 949 τὸ
1233 921 1276 956 μὴ
1303 921 1552 956 καταχρήσασθαι
1566 929 1604 955 με
1623 919 1661 954 τῇ
1679 919 1806 952 ἐξουσία
1818 924 1894 952 μονα

1106 963 1154 990 καὶ
1167 962 1292 994 ἐνταῦθα,
1319 963 1390 997 Ἐγὼ
1403 962 1438 988 δὲ
1456 961 1558 989 οὐδενὶ
1577 961 1691 988 τούτων
1706 960 1895 995 ἐχρησάμην.

1109 1006 1234 1036 Τούτων,
1251 1005 1351 1037 ποίων;
1367 1003 1428 1031 Τῶν
1446 1003 1552 1030 πολλῶν
1571 1002 1810 1039 παραδειγμάτων.
1827 1000 1898 1028 Πολ-

1107 1046 1160 1073 λῶν
1178 1046 1232 1082 γάρ
1247 1055 1293 1080 μοι
1306 1046 1479 1081 παρεχόντων
1493 1045 1618 1078 ἐξουσίαν
1628 1064 1636 1076 ,
1650 1044 1698 1071 τοῦ
1715 1042 1897 1078 στρατιώτου,

1107 1087 1155 1114 τοῦ
1178 1087 1314 1123 γεωργοῦ,
1338 1087 1384 1114 τοῦ
1411 1086 1549 1122 ποιμένος,
1579 1086 1633 1113 τῶν
1660 1085 1827 1117 ἀποστόλων,
1849 1083 1898 1110 τοῦ

1108 1130 1200 1165 νόμου,
1215 1129 1268 1156 τῶν
1282 1129 1347 1164 παρ’
1359 1128 1439 1164 ἡμῶν
1451 1129 1491 1159 εἰς
1504 1128 1575 1163 ὑμᾶς
1589 1127 1751 1163 γινομένων.
1762 1126 1816 1152 τῶν
1831 1125 1898 1160 παρ’

1108 1171 1185 1206 ὑμῶν
1207 1171 1247 1202 είς
1270 1171 1333 1202 τοὺς
1350 1170 1457 1202 ἄλλους,
1472 1169 1526 1196 τῶν
1539 1170 1645 1205 ἱερέων,
1658 1169 1704 1195 τοῦ
1719 1167 1900 1203 προστάγμα-

1107 1221 1153 1245 τος
1168 1212 1215 1239 τοῦ
1230 1211 1360 1248 Χριστοῦ,
1376 1211 1463 1238 οὐδενὶ
1481 1211 1584 1238 τούτων
1602 1210 1733 1246 ἐπείσθην
1749 1210 1788 1242 είς
1801 1208 1832 1236 τὸ
1849 1217 1901 1235 κα-

1107 1255 1222 1282 ταλῦσαι
1245 1255 1290 1281 τὺν
1319 1254 1438 1290 ἐμαυτοῦ
1467 1254 1562 1289 νόμον,
1591 1254 1638 1280 καὶ
1657 1253 1759 1279 λαεείν.
1789 1252 1844 1278 Καὶ
1860 1251 1899 1286 μή

1110 1306 1155 1333 μοι
1171 1297 1207 1323 τὰ
1230 1296 1400 1331 παρελθόντα
1422 1295 1485 1330 λέγε
1496 1304 1502 1311 ·
1519 1295 1607 1322 καίτοι
1623 1303 1654 1330 γε
1676 1295 1730 1330 έχω
1743 1295 1842 1325 εἰπεῖν,
1857 1293 1901 1320 ὅτι

1108 1338 1196 1366 πολλὰ
1210 1338 1257 1365 καὶ
1270 1339 1301 1364 ὲν
1321 1339 1377 1370 τοῖς
1392 1336 1574 1374 παρελθοῦσιν
1594 1337 1728 1372 ὑπέμεινα
1742 1336 1786 1362 διὰ
1800 1334 1898 1361 τοῦτο·

1108 1380 1166 1408 ἀλλ’
1180 1380 1256 1416 ὅμως
1269 1380 1319 1406 οὐκ
1333 1379 1447 1412 ἐκείνοις
1463 1378 1638 1416 ίσχυρίξομαι
1652 1378 1753 1413 μόνοις,
1769 1376 1837 1404 ἀλλὰ
1852 1376 1901 1403 καὶ

1109 1421 1174 1457 περὶ
1203 1421 1256 1448 τῶν
1288 1421 1440 1457 μελλόντων
1469 1420 1668 1456 ὑπισχνοῦμαι,
1695 1420 1736 1446 ὅτι
1767 1417 1902 1453 αἱροῦμαι

1111 1463 1210 1498 μᾶλλον
1238 1463 1384 1490 ἀποθανεῖν
1408 1462 1491 1498 λιμῷ,
1513 1463 1530 1498 ἢ
1547 1462 1649 1489 τούτων
1677 1459 1901 1496 ἀποστερηθῆναι

1109 1503 1164 1530 ’τῶν
1178 1503 1327 1537 στεφάνων.
1343 1503 1444 1530 Καλὸν
1458 1501 1514 1537 γάρ
1527 1511 1578 1536 μοι
1591 1501 1713 1536 μᾶλλον
1724 1499 1901 1530 ἀποθανεῖν,

1111 1545 1203 1580 φησὶν,
1225 1545 1244 1579 ἢ
1267 1544 1300 1571 τὸ
1323 1543 1462 1579 καύχημά
1483 1552 1543 1578 μου
1563 1544 1614 1570 ἵνα
1630 1552 1672 1576 τις
1694 1542 1824 1575 κενὼσῃ.
1842 1541 1903 1567 Ούκ

1111 1581 1196 1616 εἶπεν,
1215 1584 1250 1610 Ἢ
1272 1583 1317 1609 τὸν
1339 1583 1420 1618 νόμον
1445 1591 1496 1618 μου
1510 1582 1554 1608 ἴνα
1570 1590 1613 1613 τις
1638 1581 1789 1616 καταλύσῃ,
1819 1579 1900 1612 ἀλλὰ,

1114 1626 1148 1652 Τὸ
1168 1625 1317 1660 καύχημα.
1341 1626 1400 1652 ’Ὶνα
1419 1624 1473 1659 γάρ
1489 1625 1526 1660 μὴ
1547 1624 1614 1660 λέγῃ
1634 1632 1685 1656 τις,
1702 1624 1744 1650 ὃτι
1760 1624 1836 1650 Ποιεῖ
1849 1622 1903 1658 μὲν

1111 1667 1187 1699 αὐτὸ,
1213 1668 1242 1695 οὐ
1267 1667 1369 1703 χαίρων
1392 1667 1431 1700 δὲ,
1448 1666 1518 1694 ἀλλὰ
1534 1666 1634 1693 στένων
1654 1666 1700 1692 καὶ
1719 1665 1902 1700 ὀδυνώμενος,

1110 1707 1161 1742 τὴν
1176 1707 1328 1743 ὑπερϐολὴν
1356 1707 1406 1742 τῆς
1428 1707 1515 1742 χαρᾶς
1545 1705 1631 1739 δεῖξαι
1662 1705 1746 1732 Θέλων
1772 1704 1821 1731 καὶ
1850 1703 1904 1738 τὴν

1112 1748 1270 1784 περιουσίαν
1285 1749 1334 1784 τῆς
1349 1748 1513 1784 προθυμίας,
1529 1749 1576 1774 καὶ
1591 1747 1724 1783 καύχημα
1739 1747 1770 1773 τὺ
1783 1746 1904 1782 πρᾶγμα

1112 1790 1199 1817 καλεῖ.
1213 1790 1345 1817 Τοσοῦτον
1359 1791 1473 1825 άπείχεν
1485 1790 1640 1822 ὀδυνᾶσθαι,
1652 1789 1693 1816 ὅτι
1706 1788 1754 1815 καὶ
1765 1787 1904 1822 καυχᾶται

1113 1832 1160 1859 καὶ
1170 1832 1315 1859 ἀποθανεῖν
1333 1833 1450 1868 αἱρεῖται
1469 1831 1580 1866 μᾶλλον,
1594 1831 1611 1866 ἢ
1628 1831 1754 1858 ἐκπεσεῖν
1768 1829 1816 1856 τοῦ
1835 1838 1904 1856 καυ-

1113 1873 1235 1909 χήματος
1247 1873 1352 1901 τούτου.
1367 1873 1445 1900 Οὕτω
1458 1872 1504 1899 καὶ
1518 1873 1591 1908 ζωῆς
1605 1872 1679 1908 αὐτῷ
1691 1871 1857 1907 γλυκύτερον
1868 1868 1904 1906 ἧν

1113 1914 1143 1941 τὸ
1156 1915 1309 1949 γινόμενον.

1150 1957 1182 1992 β’.
1198 1955 1263 1984 Εἶτα
1278 1958 1325 1984 καὶ
1335 1957 1467 1993 ἑτέρωθεν
1490 1957 1600 1993 ἐπαίρει
1625 1957 1701 1990 αὐτὸ,
1713 1956 1761 1984 καὶ
1783 1955 1905 1983 δείκνυσι

1115 1999 1186 2034 μέγα
1193 1998 1233 2031 ὃν,
1242 1999 1291 2034 οὐχ
1298 1999 1341 2025 ῐνα
1351 1998 1445 2025 ἐαυτὸν
1455 1999 1580 2035 λαμπρὸν
1593 2000 1731 2034 ἀποφήνῃ·
1743 1998 1838 2034 πόρρω
1845 1998 1904 2034 γὰρ

1113 2037 1191 2072 οὗτος
1204 2040 1309 2067 ἐκείνου
1325 2040 1372 2067 τοῦ
1390 2040 1509 2072 πάθως’
1524 2040 1581 2067 ἀλλ’
1596 2041 1640 2068 ἵνα
1658 2041 1733 2077 δείξῃ
1745 2040 1785 2067 ὅτι
1800 2040 1904 2075 χαίρει,

1114 2082 1162 2108 καὶ
1173 2081 1223 2117 τὴν
1234 2081 1351 2117 ὑποψίαν
1363 2083 1396 2109 ἐκ
1409 2082 1567 2118 περιουσίας
1578 2083 1671 2118 ἀνέλῃ.
1686 2083 1736 2109 Διὰ
1748 2083 1802 2118 γὰρ
1811 2081 1903 2113 τοῦτο,

1114 2122 1152 2155 ὡς
1166 2122 1251 2158 ἔφθην
1263 2123 1358 2156 εἰπὼν,
1374 2125 1421 2152 καὶ
1437 2123 1567 2160 καύχημα
1582 2124 1648 2152 αὐτὸ
1663 2124 1786 2152 ἐκάλεσε.
1800 2124 1856 2150 Καὶ
1877 2123 1905 2150 τί

1115 2173 1212 2200 φησιν;
1244 2165 1314 2192 Ἐὰν
1341 2165 1396 2200 γὰρ
1417 2165 1657 2201 εὐαγγελίζωμαι,
1683 2167 1740 2193 οὐκ
1763 2164 1830 2192 ἐστι
1852 2173 1905 2200 μοι

1116 2206 1274 2240 καύχημα’
1298 2206 1415 2241 ἀνάγκη
1438 2207 1493 2242 γάρ
1515 2217 1567 2242 μοι
1591 2208 1749 2234 ἐπίκειται·
1778 2206 1846 2233 οὐαὶ
1870 2205 1905 2232 δὲ

1114 2248 1165 2282 μοί
1183 2248 1279 2280 ἐστιν,
1304 2248 1358 2275 ἐὰν
1379 2248 1421 2283 μὴ
1439 2248 1687 2284 εὐαγγελίζωμαιί
1700 2250 1734 2276 ει
1753 2249 1808 2283 γὰρ
1825 2247 1906 2274 ἑκὼν

1115 2289 1202 2316 τοῦτο
1216 2289 1354 2323 πράσσω,
1369 2290 1482 2324 μισθὸν
1502 2291 1561 2325 ἕχω
1571 2299 1577 2305 ·
1594 2292 1619 2317 εὶ
1635 2290 1670 2317 δὲ
1682 2291 1772 2322 ἄκων,
1786 2290 1905 2316 οἰκονο-

1112 2331 1186 2365 μίαν
1205 2331 1414 2366 πεπίστευμαι.
1444 2333 1491 2365 Τίς
1506 2331 1564 2359 οὖν
1580 2333 1632 2367 μοι
1646 2332 1731 2358 ἐστιν
1748 2332 1764 2358 ό
1774 2331 1904 2366 μισθός;

1117 2372 1185 2399 Ἵνα
1202 2373 1474 2408 εὐαγγελιζόμενος,
1494 2373 1651 2402 ἀδάπανον
1667 2374 1750 2407 θήσω
1765 2373 1799 2400 τὸ
1814 2374 1903 2408 εὐαγν

1116 2415 1216 2450 γέλιον
1226 2415 1278 2442 τοῦ
1292 2416 1431 2449 Χριστοῦ,
1444 2417 1488 2449 είς
1503 2416 1536 2442 τὸ
1548 2415 1591 2451 μὴ
1605 2414 1854 2450 καταχρήσασθαι
1865 2414 1904 2449 τῇ

1115 2456 1240 2490 ἐξουσίᾳ
1266 2465 1326 2491 μου
1347 2457 1383 2483 ἐν
1407 2457 1447 2490 τῷ
1476 2459 1652 2492 εὐαγγελίῳ.
1671 2458 1704 2483 Τί
1725 2457 1824 2492 λέγεις,
1841 2457 1902 2483 εἰπέ

1117 2506 1179 2533 μοι;
1203 2498 1251 2524 ἐὰν
1271 2498 1443 2534 εύαγγελίζῃ,
1463 2499 1514 2526 οὐκ
1533 2499 1591 2526 ἐστι
1618 2507 1660 2526 σοι
1682 2499 1823 2534 καύχημα,
1843 2499 1902 2525 ἀλλ’

1116 2540 1164 2566 ἐὰν
1180 2539 1316 2566 ἀδάπανον
1330 2540 1379 2576 θῇς
1398 2542 1429 2567 τὸ
1442 2541 1617 2575 εὐαγγέλιον;
1633 2540 1731 2568 οὐκοῦν
1749 2540 1829 2567 τοῦτο
1845 2541 1904 2575 μεῖ-

1117 2580 1162 2613 ζον
1175 2581 1294 2614 ἐκείνου;
1307 2582 1440 2617 Οὐδαμῶς
1450 2591 1457 2598 ·
1471 2582 1530 2610 ἀλλ’
1545 2582 1679 2618 ἑτέρωθεν
1692 2582 1749 2617 ἔχει
1763 2591 1790 2609 τι
1805 2582 1901 2609 πλέον’

1116 2623 1157 2649 ὅτι
1169 2622 1200 2649 τὸ
1215 2623 1266 2657 μέν
1284 2624 1357 2650 ἐστιν
1373 2624 1522 2659 ἐπίταγμα,
1538 2624 1568 2651 τὸ
1583 2624 1612 2651 δὲ
1624 2624 1675 2659 τῆς
1691 2624 1760 2660 ἐμῆς
1772 2624 1902 2659 προαιρέ-

1117 2672 1186 2695 σεως
1204 2664 1380 2700 κατόρθωμα.
1411 2666 1445 2692 "A
1469 2666 1518 2700 μὲν
1545 2667 1600 2701 γὰρ
1628 2665 1699 2701 ὑπὲρ
1718 2666 1766 2701 τὴν
1793 2665 1903 2700 ἐντολὴν

1116 2705 1232 2739 γίνεται,
1251 2706 1336 2732 πολὺν
1349 2705 1407 2742 ἔχει
1421 2707 1467 2733 τὸν
1490 2708 1586 2742 μισθὸν
1601 2707 1673 2734 κατὰ
1685 2706 1766 2734 τοῦτο
1778 2715 1784 2722 ·
1801 2707 1818 2734 a
1832 2707 1860 2733 δὲ
1874 2708 1903 2734 ἐν

1117 2746 1225 2782 ἐντολῆς
1239 2747 1325 2779 τάξει,
1339 2748 1369 2774 ού
1392 2748 1528 2775 τοσοῦτον.
1544 2749 1625 2774 Ὥστε
1638 2748 1710 2775 κατὰ
1727 2748 1806 2775 τοῦτό
1824 2757 1902 2784 φησι.

1115 2787 1195 2814 τοῦτο
1218 2788 1322 2814 ἐκείνου
1345 2789 1425 2815 πλέον
1453 2788 1532 2821 εἶναι,
1547 2791 1578 2816 οὐ
1593 2791 1653 2817 κατ’
1666 2790 1750 2826 αὐτὴν
1765 2790 1812 2816 τοῦ
1832 2791 1903 2824 πρά-

1116 2837 1221 2863 γματος
1234 2830 1283 2864 τὴν
1307 2829 1398 2864 φύσιν.
1418 2831 1450 2857 Τί
1462 2831 1515 2867 γὰρ
1526 2832 1571 2858 τοῦ
1593 2832 1710 2868 κηρῦξαι
1726 2832 1798 2865 (cev;
1816 2831 1902 2858 Ἱοῦτο

1116 2871 1171 2906 γὰρ
1195 2872 1242 2900 καὶ
1269 2871 1337 2906 πρὸς
1361 2873 1424 2904 τοὺς
1451 2873 1582 2907 ἀγγέλους
1609 2875 1706 2906 αὐτοὺς
1736 2874 1901 2910 ἁμιλλᾶσθαι
