2046 3114
146 121 190 153 181
663 117 695 146 IN
715 116 822 146 El'IST.
845 117 854 144 Ι
885 117 930 144 AD
950 116 1028 144 C0“.
1051 112 1164 144 IIOMIL.
1186 115 1269 143 XXII.

152 185 1398 201 _____________.___.._.___..__—__—

1736 121 1785 148 182

793 222 964 253 HOMILIA
986 223 1090 254 XXII.

145 317 209 344 Car.
230 311 258 340 9.
280 319 306 339 ι’.
328 310 372 338 15.
402 308 514 336 Nescitis
535 307 604 342 quod
623 307 666 341 qui
691 314 764 333 sacra
790 310 939 340 operantur,

181 367 213 387 ετ
225 357 339 385 sacrario
352 356 437 383 vivunt
448 355 461 381 ?
473 354 515 388 qui
527 353 604 380 altari
614 352 768 385 deserviunt,
793 359 850 378 cum
864 350 940 377 altari

133 424 135 426 ι
183 403 360 442 participant?
386 402 430 430 H.
456 400 498 428 Ita
515 404 540 427 et
559 399 683 426 Dominus
697 398 822 426 ordinavit
837 397 879 431 iis,
897 397 941 432 qui

182 450 339 484 evangelium
354 447 516 479 annuntiant,
535 446 567 473 de
580 445 710 481 cvangelio
723 445 814 471 vivere.

182 498 208 525 1.
229 496 339 524 Multum
351 499 428 522 curat
441 492 585 520 ostendere
596 499 649 519 non
665 498 726 518 esse
739 493 852 518 velitum
867 489 940 516 acci-

150 551 220 580 pere.
237 541 353 576 Ideoque
365 547 426 566 cum
449 543 488 565 tot
502 542 630 572 tantaque
649 540 727 562 antea
748 535 871 566 dixisset,
887 541 940 561 non

149 591 211 618 salis
230 588 335 620 habuit,
362 586 410 614 sed
423 585 504 613 etiam
517 583 550 611 ad
566 583 657 618 legem.
668 580 798 616 procedit,
816 580 940 616 prtehens

150 635 303 670 exemplum
319 633 403 669 priori
415 630 628 660 convenientius.
650 627 709 656 Non
736 627 807 654 enim
830 634 879 662 par
898 633 942 653 res

148 686 204 709 erat
218 681 301 708 boves
316 679 341 706 in
355 678 473 705 medium
488 675 632 706 adducere,
657 677 685 701 et
696 673 783 708 legem
803 671 837 699 de
850 678 942 698 sacer-

149 727 255 754 dotibus
269 725 370 753 diserte
384 723 463 750 latam
483 720 590 748 ail‘erre.
604 718 743 754 Perpende
764 721 854 745 autem
877 716 942 743 mihi

149 774 228 800 etiam
246 772 273 799 in
290 771 340 798 hoc
356 769 428 797 Pauli
445 766 627 803 prudentiam,
641 772 720 800 quam
734 764 832 791 decore
845 767 873 790 et
887 770 942 789 tua-

150 820 245 854 ;nilice
266 825 324 845 rem
343 818 484 843 memoret.
506 812 598 848 Neque
610 811 680 838 enim
702 810 770 838 dixit
785 819 792 837 :
805 808 856 842 Qui
867 815 942 836 Sacra

151 868 295 899 operantur
315 862 349 890 ab
371 859 544 888 offerentibus
566 857 717 892 accipiunt;
733 855 780 882 sed
794 855 876 890 quid?
903 853 944 880 Ea:

150 910 264 937 sacrario
279 908 384 940 vit-unt;
410 911 438 933 ut
453 912 504 932 nec
525 903 688 938 accipientes
703 901 802 937 probro
820 899 943 928 allician-

153 962 196 984 tur
210 977 217 988 ,
243 961 293 982 nec
313 953 358 988 qui
383 951 504 988 praebent
525 948 698 977 extollantur.
723 947 892 981 Quapropter
916 944 943 972 id

151 1002 222 1039 quod
247 1000 368 1035 sequitur
387 999 426 1027 sic
447 998 546 1033 posuit.
560 996 651 1031 Neque
663 995 707 1022 hic
720 994 791 1021 enim
806 991 944 1039 dixit,Qui

151 1037 227 1076 altari
242 1047 372 1079 assident,
386 1045 420 1072 ab
432 1043 630 1071 immolantibus
645 1040 797 1075 accipiunt;
811 1039 870 1071 sed,
881 1037 945 1066 Cum

153 1095 226 1121 altari
239 1093 403 1128 participant.
421 1090 486 1117 Nam
497 1096 556 1124 qua:
568 1088 658 1115 oblata
674 1086 790 1118 fuerant,
806 1092 859 1112 non
876 1084 944 1110 ultra

153 1139 323 1168 ochrcntium
340 1141 428 1169 erant,
448 1136 495 1163 sed
511 1134 621 1162 sacrarii
641 1139 668 1161 et
679 1132 781 1160 altaris.
795 1131 849 1159 Nec
861 1131 944 1162 dixit,

152 1186 232 1214 Sacra
243 1185 387 1219 accipiunt,
401 1182 458 1215 sed,
469 1181 510 1209 Ea:
521 1181 634 1208 sacrario
644 1179 745 1209 rivum:
755 1185 848 1206 rursus
856 1182 947 1205 osteno

152 1233 219 1260 dens
233 1231 462 1261 moderationem,
484 1233 511 1255 et
532 1226 603 1262 quod
617 1234 671 1254 non
682 1229 807 1261 oporteat
819 1224 946 1259 pecunias

154 1279 282 1313 colligere
296 1284 346 1304 nec
359 1275 448 1303 ditari.
463 1275 492 1302 Si
505 1279 595 1301 autem
608 1273 682 1305 dicit,
701 1271 764 1299 Cum
777 1271 853 1298 altari
868 1270 948 1305 parti-

154 1325 250 1358 cipant,
275 1330 326 1350 non
338 1329 371 1349 ex
385 1328 461 1356 atquo
476 1321 571 1347 laetam
585 1317 799 1345 distributionem
811 1316 885 1348 dicit,
899 1315 947 1343 sed

155 1369 181 1397 id
193 1369 263 1404 quod
279 1375 314 1396 es
329 1367 420 1395 debito
431 1367 510 1393 datur
519 1365 558 1393 eis
570 1365 704 1392 solatium.
715 1363 794 1398 Atqui
804 1363 881 1397 longe
891 1369 948 1389 ma-

153 1417 211 1450 jora
228 1414 298 1450 apud
312 1414 447 1449 apostolos
462 1416 548 1440 erant.
575 1411 629 1438 Illic
642 1411 712 1438 enim
727 1409 814 1436 honor
827 1413 885 1436 erat
903 1414 949 1434 sa-

154 1462 323 1494 cerdotium;
338 1460 382 1488 hic
395 1464 483 1486 autem
500 1457 631 1493 pericula,
642 1456 822 1492 jngulationes
831 1476 838 1488 ,
850 1454 947 1482 cmdes.

157 1509 220 1536 Ideo
233 1508 357 1535 omnibus
370 1507 430 1533 aliis
440 1503 570 1539 exemplis
581 1504 658 1538 longe
673 1502 759 1537 majus
770 1505 828 1529 erat
840 1501 866 1528 id
879 1499 948 1534 quod

157 1557 231 1587 dicit,
249 1556 280 1583 Si
296 1562 341 1582 nos
358 1553 427 1581 vobis
437 1551 581 1587 spiritualia
595 1550 781 1577 seminavimus.
795 1547 861 1574 Cum
877 1546 949 1574 enim

157 1601 231 1633 dicit,
245 1600 443 1630 Scminavimus,
459 1599 642 1631 tempestates,
658 1592 786 1629 pericula,
801 1591 911 1619 insidias
924 1595 950 1618 et

158 1646 349 1674 ineuarrabilia
366 1644 434 1671 mala
456 1641 583 1672 ostendit,
597 1648 656 1675 qua:
680 1638 847 1666 sustinebant
867 1638 884 1664 ii
906 1636 950 1671 qui

159 1692 350 1728 praedicabant.
359 1691 483 1717 Attamen
495 1688 544 1716 etsi
559 1691 629 1714 tanta
643 1690 716 1713 esset
729 1684 895 1716 excellentia,
904 1691 952 1710 no-

161 1739 208 1766 luit
222 1746 252 1766 ea
265 1745 325 1773 qua:
341 1738 440 1764 veteris
455 1738 532 1762 erant
547 1733 613 1768 legis
626 1731 788 1766 deprimere,
806 1737 892 1765 neque
904 1737 951 1756 sua

161 1785 289 1813 extollere
300 1794 306 1811 :
317 1783 364 1811 sed
374 1790 421 1810 sua
433 1780 629 1816 quodammodo
640 1777 804 1814 comprimit,
813 1784 865 1804 nun
876 1785 890 1803 a
904 1784 951 1811 pe-

151 1824 262 1864 ‘riculis,
275 1829 323 1858 sed
335 1837 350 1856 a
362 1827 544 1864 magnitudine
557 1826 618 1853 doni
630 1825 697 1852 dans
709 1824 747 1851 illi
756 1823 950 1851 excellentiam.

164 1877 222 1905 Non
240 1878 313 1904 enim
325 1876 403 1907 dixit,
414 1875 441 1902 Si
459 1874 580 1909 pericula
591 1873 718 1905 adiimus,
735 1872 758 1900 si
776 1871 838 1898 vitae
850 1873 951 1897 nostra:

164 1931 219 1950 non
230 1921 418 1949 consuluimus
426 1941 433 1953 ,
446 1920 502 1952 sed,
514 1920 595 1948 Sinos
602 1919 673 1946 vobis
680 1916 952 1953 spiritualiasemina-

164 1969 249 1995 vimus
257 1977 266 1995 .-
274 1971 300 1994 et
309 1975 368 2002 quae
377 1970 441 1993 sunt
458 1965 640 1996 sacerdotum,
651 1966 783 1998 quantum
796 1961 853 1989 ﬁeri
863 1963 953 1996 potest

162 2012 267 2039 extollit
289 2011 380 2038 dicens
398 2020 405 2038 :
422 2010 473 2042 Qui
487 2016 560 2037 sacra
574 2013 728 2044 operantur,
760 2012 784 2035 et
810 2008 853 2042 qui
878 2007 955 2033 altari

164 2058 292 2089 assident;
313 2061 468 2092 perpetuam
490 2055 594 2082 illorum
614 2054 770 2082 servitutem
782 2057 810 2080 et
824 2059 952 2087 perseve-

165 2105 277 2132 rantiam
293 2104 386 2131 volens
401 2102 553 2130 ostendere.
576 2101 609 2129 Et
627 2109 687 2128 cum
701 2100 813 2127 dixisset
830 2099 954 2126 sacerdo-

165 2157 204 2179 tes
224 2151 269 2186 qui
290 2154 352 2178 Sunt
370 2150 440 2185 apud
454 2148 570 2181 Judreos,
586 2152 612 2175 et
629 2147 734 2175 Levitas
749 2150 776 2174 et
789 2145 933 2174 Pontiﬁces
945 2166 953 2178 ,

165 2203 291 2232 utrosque
315 2196 423 2222 ordines
449 2195 558 2226 indicat,
580 2198 607 2222 et
621 2194 663 2228 qui
685 2197 748 2220 sunt
766 2192 906 2219 inferiores
928 2195 955 2218 et

163 2243 206 2279 qui
219 2243 381 2278 superiores,
394 2242 460 2268 alios
470 2241 576 2276 quidem
590 2247 649 2268 cum
659 2239 734 2271 dicit,
752 2239 800 2272 Qui
814 2247 885 2265 sacra
896 2246 956 2272 ope-

163 2294 269 2322 rantur;
287 2289 355 2315 alios
371 2296 433 2315 vero
448 2295 508 2314 cum
521 2287 601 2320 dicit,
619 2287 668 2320 Qui
681 2286 755 2313 altari
768 2286 890 2312 assident.
902 2284 953 2312 Ne»

164 2344 214 2371 que
229 2335 301 2363 enim
319 2335 444 2362 omnibus
456 2342 537 2361 unum
551 2341 617 2368 opus
631 2332 784 2360 mandatum
808 2336 865 2359 erat
876 2353 883 2365 ,
907 2331 954 2358 sed

164 2382 222 2409 aliis
241 2381 392 2412 crassiora,
407 2380 466 2407 aliis
485 2379 578 2407 altiora
594 2378 747 2406 concredita
762 2377 877 2405 fuerant.
899 2377 954 2404 llos

166 2429 243 2463 igitur
255 2434 351 2455 omnes
363 2427 518 2462 complexus
528 2446 535 2457 ,
550 2432 583 2453 ne
597 2425 657 2460 quis
670 2424 781 2457 diceret,
797 2423 850 2451 Cur
863 2427 954 2450 vetera

165 2475 240 2501 nobis
255 2473 433 2501 memorasti?
453 2472 540 2500 nescis
558 2472 745 2506 perfectiornm
768 2470 953 2497 mandatorum

165 2521 239 2548 nobis
252 2528 315 2548 esse
329 2519 454 2554 tempus?
474 2523 534 2553 post
555 2517 599 2545 illa
619 2517 720 2549 omnia,
739 2516 810 2551 quod
829 2515 955 2543 omnibus

165 2567 258 2594 fortius
274 2570 333 2593 erat
345 2565 435 2600 posuit
449 2565 541 2592 dicens
555 2572 563 2591 :
583 2563 626 2590 Ita
646 2567 671 2591 et
686 2562 811 2590 Dominus
829 2562 955 2589 ordinavit

164 2615 202 2646 iis,
229 2615 272 2650 qul
285 2613 442 2647 evangelium
454 2611 616 2643 annuntiant,
633 2610 664 2637 de
678 2610 805 2646 cvangelio
818 2609 908 2636 vivere.
921 2608 955 2636 Et

165 2668 250 2694 neque
273 2660 324 2687 hoc
341 2659 417 2691 dicit,
432 2659 473 2686 Ali
488 2658 521 2685 ab
536 2657 708 2689 hominibus;
724 2656 772 2684 sed
789 2656 894 2684 sieutin
908 2663 954 2683 sa-

164 2705 328 2737 cerdotibus,
357 2703 400 2731 Ex
420 2712 502 2736 sacro,
526 2707 554 2730 et
574 2702 616 2730 Ea:
637 2703 721 2735 altari,
747 2702 781 2729 ita
801 2706 828 2729 et
843 2702 897 2735 hic,
914 2700 956 2728 Ex

164 2752 300 2787 cvangelio,
314 2751 378 2778 dicit
392 2760 399 2778 :
414 2755 439 2777 ct
451 2750 518 2777 sicut
531 2749 585 2777 illic
601 2749 692 2781 Edere,
709 2749 743 2776 ita
757 2752 784 2776 et
794 2749 837 2776 hic
851 2748 956 2781 Vivere;

165 2803 216 2823 non
230 2801 412 2825 mercaturam
427 2795 516 2822 facere
534 2795 577 2822 vel
594 2794 785 2822 thesaurizare.
806 2793 906 2829 Dignus
920 2798 955 2820 est

164 2842 245 2878 enim,
261 2842 358 2877 inquit,
378 2842 510 2876 operarius
524 2840 636 2868 mercede
655 2849 701 2867 sua
713 2839 818 2878 (Matth.
837 2839 881 2867 10.
898 2839 953 2876 id).

321 2888 457 2918 PA'I'nOL.
481 2886 539 2916 Gn.
561 2885 641 2916 LXI.

995 305 1038 332 15.
1056 305 1112 339 Ego
1130 310 1213 333 autem
1230 307 1301 334 nullo
1315 307 1404 334 horum
1419 316 1479 335 usus
1493 317 1560 335 sum.
1574 309 1642 341 Quid
1658 313 1713 336 tum
1724 330 1731 341 ,
1745 311 1786 337 ln-

994 351 1081 384 quies,
1096 352 1117 378 si
1133 358 1203 379 nunc
1217 359 1270 379 non
1285 360 1348 380 usus
1363 361 1403 387 es,
1418 354 1443 381 in
1464 353 1554 382 futuro
1569 359 1657 382 autem
1672 363 1711 382 Vis
1728 361 1764 382 llll
1778 377 1786 384 .

993 401 1021 424 et
1035 401 1177 432 propterea
1193 397 1250 426 haec
1263 398 1349 426 dicis?
1362 400 1472 434 Apage;
1487 401 1576 427 statim
1597 409 1711 436 natnquc
1727 409 1788 435 pro-

995 447 1086 476 pterea
1099 450 1161 470 usus
1176 448 1218 471 est
1233 445 1410 477 correctione,
1426 446 1464 472 sic
1483 446 1577 473 dicens
1595 455 1601 473 :
1619 445 1680 474 Non
1695 449 1785 482 scripsi

994 494 1079 515 autent
1092 489 1160 521 luta,
1174 494 1202 516 ut
1217 490 1253 517 sic
1261 491 1307 524 ﬁat
1320 491 1347 517 in
1361 499 1410 518 me.
1433 491 1465 518 Et
1479 490 1540 519 vide
1552 500 1612 519 cum
1628 498 1724 527 quanta
1740 502 1786 520 \'e-

995 535 1129 563 ltementia
1141 544 1197 564 rem
1212 541 1288 571 negat
1302 541 1328 564 et
1341 537 1449 572 depellit
1467 547 1473 564 :
1489 538 1589 565 Bonum
1600 544 1636 566 est
1646 541 1712 566 enim
1726 540 1789 566 milii

996 582 1077 617 magis
1100 583 1175 616 mori,
1200 591 1276 618 quam
1289 588 1316 610 ut
1329 583 1439 619 gloriam
1454 593 1534 611 meam
1548 586 1604 620 quis
1617 591 1730 613 evacuet.
1755 586 1789 613 Et

995 635 1048 655 non
1063 628 1159 662 semel,
1174 635 1262 663 neque
1275 629 1326 661 bis,
1348 629 1395 656 sed
1416 630 1514 664 stt-pius
1527 631 1577 658 hac
1591 632 1674 658 utitttr
1687 631 1783 658 dictio-

995 681 1029 701 ne
1045 683 1051 699 :
1068 681 1128 700 nam
1139 678 1168 701 et
1182 675 1306 710 superius
1320 675 1386 702 dixit
1400 685 1406 701 :
1423 675 1484 709 Non
1503 677 1542 702 usi
1555 685 1642 703 sumus
1656 677 1702 704 hac
1714 682 1788 712 pote-

995 725 1078 752 state;
1101 725 1129 748 et
1151 725 1242 755 postea
1267 729 1385 754 rursum,
1412 722 1446 749 Ut
1465 731 1515 749 non
1531 723 1624 750 abutar
1645 731 1700 750 mea
1720 728 1788 758 pote-

996 771 1059 793 state
1070 775 1080 798 ;
1100 771 1127 793 et
1141 767 1184 794 ltic
1201 777 1207 794 :
1224 766 1279 803 Ego
1293 773 1376 795 autent
1391 768 1461 795 nullo
1475 769 1566 795 Irarum
1580 777 1640 796 usus
1653 778 1719 796 sum.
1736 769 1790 796 llo-

995 819 1052 838 rum
1068 820 1077 838 :
1097 813 1229 848 quorum?
1251 813 1394 841 Multorum
1417 814 1611 848 exemplorum.
1628 815 1695 842 Cum
1718 816 1788 842 enim

997 859 1078 886 multa
1093 859 1157 886 mihi
1173 865 1334 895 potestatem
1354 860 1515 895 praeberent,
1544 861 1633 894 miles,
1660 863 1788 897 agricola.

997 910 1098 939 pastor,
1114 906 1240 940 apostoli,
1252 907 1305 937 lex,
1318 914 1349 934 ea
1361 914 1421 941 qua:
1436 914 1450 934 a
1467 907 1543 934 nobis
1559 907 1585 933 in
1600 914 1646 934 vos
1664 908 1739 938 ﬁant,
1756 914 1786 935 ea

997 958 1055 986 qua:
1070 959 1083 977 a
1099 952 1173 979 vobis
1185 951 1209 978 itt
1224 952 1299 985 alios,
1315 952 1479 984 sacerdotes,
1494 958 1658 988 praeceptori)
1669 954 1768 981 Christi
1782 963 1788 981 :

998 995 1061 1022 nulli
1075 995 1169 1023 borum
1184 997 1378 1032 obtemperavi,
1391 1003 1420 1024 ut
1434 997 1519 1033 legem
1532 1004 1619 1025 meam
1632 999 1789 1034 abrogarem

997 1047 1024 1068 et
1038 1043 1198 1077 acciperem.
1211 1043 1266 1071 Nec
1278 1043 1344 1071 mihi
1355 1043 1429 1071 dicas
1448 1044 1491 1071 illa
1507 1051 1566 1079 qute
1581 1045 1766 1079 pra-terierunt
1783 1054 1790 1072 ε

998 1088 1102 1116 etiamsi
1124 1089 1226 1123 possim
1251 1088 1351 1121 dicere,
1369 1097 1413 1117 me
1437 1091 1520 1117 multa
1533 1090 1635 1125 pridem
1650 1096 1790 1126 propterea

999 1141 1105 1168 passum
1119 1141 1179 1162 esse
1195 1139 1332 1162 :attamen
1352 1142 1404 1162 non
1428 1135 1481 1162 illis
1505 1140 1606 1162 tantum
1630 1137 1718 1167 nitor;
1745 1135 1790 1162 sed

998 1180 1078 1207 etiam
1086 1179 1120 1207 de
1133 1179 1229 1207 futuris
1244 1180 1382 1215 polliceor,
1392 1188 1435 1208 me
1448 1181 1527 1208 malle
1539 1182 1606 1209 mori
1622 1181 1700 1212 fame,
1713 1190 1792 1216 quam

999 1225 1041 1253 his
1057 1226 1166 1254 coronis
1181 1226 1289 1262 privari.
1305 1226 1405 1254 Bonum
1415 1232 1452 1254 est
1466 1228 1532 1254 enim
1546 1228 1608 1254 mihi
1622 1228 1703 1262 magis
1717 1228 1792 1260 mori,

1000 1274 1092 1309 inquit,
1104 1282 1178 1309 quam
1192 1279 1220 1301 ut
1234 1275 1342 1310 gloriam
1357 1283 1438 1301 meum
1449 1275 1504 1309 quis
1519 1279 1628 1301 evacuct.
1643 1274 1699 1301 Non
1714 1274 1792 1305 dixit.

1000 1327 1078 1355 quam
1091 1324 1120 1347 ιιι
1134 1320 1220 1354 legem
1233 1327 1320 1347 meam
1334 1320 1393 1355 quis
1408 1321 1510 1351 solvat,
1524 1320 1570 1347 sed
1583 1342 1590 1353 ,
1604 1319 1729 1348 Gloriam.
1755 1319 1794 1347 Ne

1000 1367 1058 1402 quis
1078 1367 1149 1394 cnitn
1164 1367 1245 1400 dicat,
1263 1367 1348 1402 ipsutn
1364 1367 1415 1394 hoc
1431 1367 1539 1402 quidem
1553 1367 1652 1400 facere,
1675 1367 1722 1394 Sed
1738 1374 1791 1394 non

1000 1413 1171 1448 gaudentem,
1192 1413 1238 1440 sed
1261 1417 1413 1448 gementem
1433 1417 1460 1440 et
1483 1417 1640 1440 mcerentcm
1654 1421 1661 1444 ;
1676 1413 1793 1439 Its-titiam

1001 1461 1136 1494 ingentem
1158 1459 1301 1487 ostendere
1314 1460 1407 1487 volens
1423 1465 1601 1494 magnamque
1614 1459 1792 1493 alacritatem,

1001 1513 1057 1533 rem
1073 1505 1156 1540 ipsam
1169 1505 1286 1540 appellat
1299 1504 1493 1540 gloriationem.
1520 1505 1632 1532 Tantum
1653 1505 1745 1532 aberat
1766 1510 1795 1532 ut

1001 1551 1116 1584 doleret,
1140 1556 1172 1582 ut,
1192 1552 1271 1578 ctiam
1297 1551 1468 1586 gloriaretur,
1483 1556 1511 1578 et
1527 1551 1593 1578 mori
1608 1551 1693 1581 malit,
1714 1558 1794 1585 quam

1003 1597 1054 1624 hac
1075 1597 1160 1631 gloria
1182 1597 1317 1624 excidere.
1344 1597 1381 1624 Ita
1397 1596 1467 1632 quod
1483 1601 1538 1624 turn
1553 1597 1644 1629 liebat,
1670 1598 1726 1632 ipsa
1742 1597 1795 1624 vita

1002 1643 1107 1670 dulcius
1123 1644 1171 1678 ipsi
1186 1648 1253 1670 erat.

1038 1689 1066 1715 2.
1089 1688 1190 1716 Deinde
1212 1689 1319 1716 aliunde
1336 1689 1416 1716 etiam
1437 1688 1462 1716 id
1483 1689 1597 1722 extollit,
1621 1694 1648 1717 et
1673 1697 1796 1725 inagnnm

1004 1741 1064 1761 esse
1078 1735 1205 1767 ostendit,
1222 1742 1273 1762 non
1289 1740 1317 1762 ut
1330 1743 1358 1763 se
1373 1735 1542 1770 splendidum
1556 1735 1722 1768 declararet;
1735 1742 1797 1772 pro-

1003 1781 1045 1808 Clll
1059 1782 1129 1809 enim
1145 1782 1189 1809 ille
1200 1785 1258 1809 erat
1272 1782 1306 1809 ab
1321 1782 1373 1809 hoc
1384 1783 1464 1809 animi
1477 1780 1590 1813 affectu:
1605 1783 1651 1810 sed
1667 1788 1694 1810 ut
1708 1788 1798 1810 osten-

1005 1827 1082 1855 deret
1094 1835 1124 1855 se
1139 1828 1233 1861 ltetari,
1249 1833 1275 1855 et
1289 1828 1468 1862 suspicionem
1485 1836 1590 1856 omnem
1601 1827 1635 1856 de
1646 1829 1734 1856 medio
1748 1829 1798 1855 tol-

1005 1874 1081 1901 leret.
1094 1874 1154 1901 Ideo
1163 1874 1245 1906 enim,
1256 1879 1283 1900 ut
1294 1873 1348 1909 jam
1362 1874 1427 1906 dixi,
1439 1882 1496 1902 rem
1511 1879 1588 1902 vocat
1599 1875 1796 1909 gloriationem.

1004 1919 1038 1947 Et
1051 1920 1113 1954 quid
1127 1920 1184 1946 ait?
1206 1920 1249 1947 16.
1266 1919 1336 1946 Nam
1351 1921 1372 1946 si
1387 1920 1598 1955 cunngelizavero,
1615 1928 1665 1947 non
1679 1925 1714 1947 est
1735 1920 1798 1947 mihi

1005 1966 1087 2001 gloria
1098 1974 1109 1998 ;
1125 1965 1258 1993 necessitas
1271 1967 1336 1992 enim
1354 1967 1417 1992 mihi
1431 1966 1550 1993 incumbit
1563 1974 1572 1999 ;
1589 1974 1625 1993 me
1638 1971 1721 1993 autem
1735 1966 1798 1993 mihi

1006 2016 1052 2044 est,
1067 2012 1089 2038 si
1102 2019 1152 2037 non
1165 2011 1377 2047 cvangelizavero.
1395 2012 1438 2039 Π.
1463 2012 1494 2039 Si
1507 2013 1571 2039 enim
1585 2013 1669 2040 volens
1683 2013 1729 2039 hoc
1749 2021 1796 2048 ego

1006 2056 1084 2090 facio,
1105 2055 1244 2082 mercedem
1259 2056 1337 2083 habeo
1351 2065 1360 2083 :
1374 2058 1395 2083 si
1409 2061 1494 2084 autem
1517 2057 1620 2088 invitus,
1641 2057 1797 2092 dispensatio

1006 2102 1069 2128 mihi
1093 2102 1190 2129 credita
1215 2107 1261 2129 est.
1284 2103 1327 2130 18.
1352 2102 1415 2135 Qua:
1430 2107 1468 2129 est
1483 2111 1543 2138 ergo
1556 2111 1649 2129 merces
1664 2104 1740 2130 mea?
1763 2102 1797 2130 Ut

1006 2147 1162 2182 evangelium
1176 2148 1327 2182 pradicans,
1343 2149 1397 2175 sine
1411 2153 1513 2183 sumptu
1530 2156 1622 2182 ponam
1640 2149 1796 2183 evangelium

1007 2192 1126 2220 Christi:
1145 2199 1172 2219 ut
1197 2202 1247 2220 non
1270 2194 1358 2220 abutar
1383 2199 1504 2229 potestate
1526 2202 1581 2220 mea
1605 2195 1631 2221 in
1657 2195 1797 2229 evangelio.

1006 2239 1086 2273 Quid,
1104 2247 1205 2275 qtucso,
1221 2240 1310 2267 dicis?
1327 2239 1350 2267 si
1368 2240 1545 2275 evangelizas,
1562 2248 1614 2267 non
1628 2245 1668 2268 est
1682 2241 1727 2268 tibi
1740 2241 1798 2276 glo-

1007 2286 1102 2318 riatio;
1127 2286 1174 2313 sed
1197 2287 1218 2313 si
1240 2286 1298 2313 sine
1324 2291 1430 2322 sumptu
1446 2294 1530 2322 ponas
1547 2287 1734 2322 evangelium?
1748 2287 1798 2314 hoc

1006 2340 1070 2367 ergo
1086 2332 1171 2367 majus
1184 2337 1225 2359 est
1240 2333 1305 2359 illo?
1328 2333 1518 2367 Nequaquam;
1542 2333 1589 2360 sed
1616 2332 1723 2360 aliunde
1747 2333 1797 2359 ali-

1007 2379 1071 2415 quid
1085 2380 1200 2415 amplius
1217 2379 1316 2411 habet;
1337 2380 1464 2414 quoniam
1488 2379 1558 2406 aliud
1577 2379 1683 2414 quidem
1699 2386 1799 2413 prarce-

1007 2430 1080 2460 ptum
1093 2431 1145 2458 est,
1160 2425 1231 2452 aliud
1247 2431 1336 2453 autem
1351 2433 1365 2452 a
1378 2433 1436 2453 mea
1454 2425 1591 2453 voluntate
1605 2426 1733 2460 prmelare
1747 2433 1796 2460 ge-

1007 2476 1077 2498 stum
1098 2475 1148 2498 est.
1173 2470 1239 2498 Nam
1255 2479 1314 2506 qum
1329 2479 1407 2506 supra
1423 2471 1575 2498 mandatum
1593 2471 1669 2502 ﬁunt,
1686 2471 1797 2499 multam

1005 2517 1047 2544 vel
1063 2516 1125 2544 inde
1140 2516 1290 2545 mercedem
1305 2515 1403 2544 habent
1416 2525 1422 2548 ;
1437 2525 1495 2551 qua:
1510 2521 1598 2544 autem
1616 2522 1650 2544 ex
1660 2517 1797 2549 mandato,

1007 2570 1059 2589 non
1083 2566 1193 2589 tantam.
1217 2562 1308 2597 Itaque
1330 2562 1378 2590 hac
1402 2563 1505 2590 ratione
1518 2561 1592 2595 dicit,
1615 2561 1669 2590 hoc
1682 2562 1726 2589 illo
1737 2569 1799 2590 esse

1007 2609 1138 2643 amplins,
1160 2615 1213 2635 non
1233 2608 1379 2635 secundum
1402 2608 1486 2643 ipsum
1511 2608 1550 2635 rei
1574 2612 1716 2634 naturam:
1733 2607 1795 2642 quid

1007 2655 1078 2681 enim
1091 2654 1271 2689 przcdicationi
1283 2661 1331 2688 par
1345 2653 1443 2680 fuerit?
1460 2653 1516 2680 lloc
1527 2653 1598 2680 enim
1614 2653 1705 2684 et‘iicit,
1716 2658 1745 2679 ut
1759 2652 1796 2679 illi

1007 2708 1068 2728 cum
1083 2700 1184 2735 angelis
1197 2703 1353 2727 concertent
1369 2708 1375 2726 :
1390 2705 1506 2726 attamen
1521 2699 1646 2735 quoniam
1662 2698 1724 2725 illud
1738 2697 1797 2732 qui-

1007 2746 1069 2774 dem
1095 2750 1256 2780 praeceptum
1281 2749 1323 2773 est
1346 2750 1373 2772 et
1392 2745 1521 2776 debitum,
1538 2745 1587 2771 hoc
1600 2749 1687 2771 autem
1704 2743 1795 2769 liberm

1008 2792 1154 2820 voluntatis
1170 2799 1237 2827 opus
1251 2791 1376 2819 alacriter
1387 2797 1539 2825 susceptum
1552 2799 1559 2824 ;
1584 2789 1730 2818 secundum
1750 2787 1796 2814 illo

1009 2838 1122 2874 amplius
1136 2843 1186 2866 est.
1210 2837 1272 2866 Ideo
1285 2838 1332 2871 ait,
1352 2838 1403 2866 huc
1415 2838 1501 2873 ipsum
1520 2837 1698 2870 interpretans
1720 2836 1792 2869 quod
