2046 3114
237 140 284 170 ικῗί
650 142 787 171 JOANMS
807 141 1037 170 CllIiYSUS'l'OMl
1059 142 1212 170 AllCllllll‘.
1234 144 1498 174 (IONSTANTINOP.
1838 149 1887 180 43.3

234 208 304 228 nunc
318 200 374 228 dixi
392 210 398 227 :
411 201 442 229 Si
452 203 518 228 enim
532 202 615 228 volens
629 201 675 228 hoc
688 202 766 236 facio,
782 200 919 227 mercedem
932 200 1030 230 habeo;

231 249 252 273 si
270 252 354 274 mitem
367 248 471 280 invitus,
485 248 640 284 dispensatio
653 248 714 274 mihi
727 247 821 273 tradita
832 251 866 274 est
879 255 888 273 :
904 247 967 273 illud
982 245 1031 273 Vo-

233 295 285 320 .'eiii
314 298 341 321 et
362 293 460 321 Inritus
484 294 630 328 accipiens.
646 301 694 328 pro
709 300 741 320 eo
760 293 831 327 quod
848 292 1029 319 concreditum

232 339 272 366 rel
292 348 345 367 nun
358 340 542 368 concreditum
558 346 608 366 est.
626 340 670 367 Sic
685 339 766 367 etiam
785 339 862 371 illud,
884 339 1031 366 Necessitas

234 385 297 412 milii
316 386 449 417 incumbit,
477 384 679 421 intelligendum
704 389 754 416 est,
772 393 824 412 non
845 385 915 420 quod
931 384 1030 419 aliquid

235 429 330 457 horum
348 430 446 456 ini-itus
461 429 542 457 iaciat
552 451 559 462 ,
574 430 645 456 absit
659 439 665 462 ;
682 429 729 457 sed
747 434 774 456 ιιι
789 431 834 464 qui
849 430 884 456 sit
899 429 1030 456 obnoxius

235 476 266 502 iis
283 483 341 510 quae
362 475 435 510 jussa
456 481 516 502 sunt
530 496 538 508 ,
559 479 585 502 et
607 475 641 502 ad
666 475 865 503 distinctionem
891 475 1023 502 libertatis

233 529 292 556 quae
308 521 377 548 dicta
393 521 472 549 estin
487 521 656 556 accipiendo.
672 521 786 556 Ideoque
799 521 940 556 discipulis
955 520 1029 548 dice-

234 567 278 593 bat
290 565 412 594 Christus
429 576 434 593 :
454 567 516 593 Cum
532 568 617 594 omnia
631 567 752 603 feceritis,
768 568 854 599 dicite,
876 566 949 594 Senu'
973 566 1030 592 iuu-

234 614 288 641 tiles
301 623 405 646 sumus;
418 623 473 650 quin
487 615 553 642 enim
565 614 696 641 debuimus
709 617 805 650 facere,
823 614 928 650 fecimus
951 613 1027 649 (Luc.

234 660 278 687 i7.
296 660 352 695 10).
373 661 438 694 Quae
458 666 497 688 est
516 653 580 696 ergo
595 668 700 688 merces
714 660 793 688 mea?
818 659 851 687 Ut
873 660 1029 695 evangelium

233 706 376 740 pradicant
391 707 447 734 sine
461 712 565 742 sumptu
579 715 673 741 ponam
684 707 852 742 evangelium.
871 706 938 739 Quid
953 713 1028 740 ergo,

233 759 324 786 quieso
342 756 380 785 te,
396 753 490 780 Petrus
506 752 660 780 mercedem
684 760 736 779 non
751 751 850 789 habet?
863 756 890 778 et
901 751 960 785 quis
972 759 1029 777 um-

233 806 312 831 quain
327 802 426 825 tantam
443 798 576 830 habuerit,
591 802 718 833 quantam
731 797 795 825 ille?
806 797 870 832 quid
886 804 950 823 vero
965 797 1030 823 reli—

233 843 277 878 qui
290 844 424 878 apostoli?
440 844 575 878 quomodo
588 851 652 879 ergo
667 843 732 870 dixit
748 853 754 869 ε
773 843 804 870 Si
824 843 908 870 volens
927 842 1028 878 quidem

234 889 280 915 hoc
292 897 351 924 ago,
364 889 502 916 mercedem
518 889 616 922 habeo;
631 890 654 916 si
667 889 769 921 invitus,
789 888 943 923 dispensatio
968 888 1028 914 iui/ii

233 935 328 961 credita
346 936 398 962 est?
421 935 501 963 Vides
523 936 565 963 hic
586 944 692 970 quoque
720 935 910 970 prudentiam?
937 935 1027 969 Neque

233 981 303 1008 enim
318 981 394 1013 dixit,
413 981 440 1009 Si
454 986 542 1009 autem
559 982 669 1014 invitus,
687 989 739 1009 non
755 981 841 1009 habeo
857 981 1027 1013 mercedem;

233 1028 297 1059 sed,
324 1027 487 1063 Dispensatio
509 1029 572 1056 milii
594 1029 690 1056 credita
709 1033 745 1056 est
756 1037 766 1061 ;
785 1028 931 1056 ostendens
946 1035 975 1055 se
989 1027 1027 1055 sic

233 1081 338 1108 quoque
355 1074 506 1102 mercedem
522 1074 631 1105 habere,
648 1074 694 1101 sed
710 1074 799 1106 talem,
812 1074 917 1109 qualem
935 1073 967 1106 is,
982 1074 1027 1108 qui

232 1120 415 1154 quodjussuin
431 1127 488 1148 erat
502 1127 665 1156 exsequutus
676 1126 734 1153 est;
749 1128 802 1148 non
815 1121 922 1156 qualem
937 1121 969 1151 is,
982 1121 1026 1155 qui

233 1173 266 1192 ex
289 1171 360 1193 metu
388 1173 437 1194 suo
460 1167 585 1194 alacriter
599 1173 762 1202 prmceptum
776 1168 925 1202 superavit.
950 1167 1027 1201 Quir-

233 1219 293 1238 nam
309 1221 373 1247 ergo
389 1221 492 1241 merces
505 1214 566 1241 est?
590 1213 624 1240 Ut
640 1214 797 1249 evangelium
810 1213 964 1247 pi'tzdicans,
987 1213 1027 1240 in-

234 1258 308 1293 quit,
324 1259 379 1285 sine
396 1264 498 1294 sumptu
518 1267 611 1294 ponam
639 1259 852 1294 euangelium;ul
873 1267 923 1286 non
937 1259 1027 1286 abutar

233 1309 355 1337 potestate
375 1313 430 1332 mea
443 1305 469 1332 in
482 1306 621 1341 evangelia.
647 1305 743 1333 Videii‘
760 1305 896 1341 quomodo
921 1314 1027 1342 semper

233 1351 371 1383 potestatis
388 1352 496 1378 nomine
511 1356 620 1381 utatur;
637 1352 782 1380 ostendens
798 1353 873 1385 illud,
888 1353 957 1388 quod
974 1353 1027 1380 l're-

232 1401 346 1429 quenter
359 1396 432 1428 dixi,
458 1397 528 1432 quod
552 1405 600 1424 nec
616 1397 651 1425 illi
667 1398 787 1432 quidem,
812 1399 857 1433 qui
880 1399 1024 1433 accipiunt,

232 1441 303 1476 digni
323 1442 377 1469 sint
395 1442 627 1476 reprehensione?
649 1444 759 1471 Addidit
780 1449 880 1478 autem,
897 1444 931 1471 In
948 1453 1024 1472 evan-

231 1488 306 1521 gelio.
321 1488 400 1514 simul
414 1488 568 1523 signiﬁcans
577 1489 756 1524 evangelum,
772 1494 798 1516 et
814 1489 958 1524 prohibetis
970 1491 1026 1518 ubi-

231 1541 283 1568 que
296 1540 352 1560 rem
366 1533 493 1561 educere.
521 1535 666 1562 Ducentem
678 1535 750 1562 enim
767 1540 873 1569 oportet
887 1536 1024 1571 accipere,

232 1587 284 1606 non
301 1583 389 1607 autem
405 1579 531 1606 otiosum.
548 1579 592 1607 i9.
603 1579 672 1606 Nam
685 1588 743 1607 cum
758 1580 819 1607 liber
835 1589 915 1608 essent
927 1590 958 1608 ea;
973 1590 1027 1608 ani-

232 1625 315 1657 nibits,
332 1625 444 1651 omnium
460 1633 498 1651 me
509 1633 606 1652 servum
620 1625 678 1660 feci,
695 1630 722 1651 tit
736 1626 821 1660 plures
839 1626 1024 1662 lucrifacerem.

233 1670 282 1698 Hic
303 1677 396 1698 rursus
410 1671 490 1697 aliam
511 1671 586 1705 ponit
606 1671 782 1706 hyperbolen.
811 1672 934 1708 Magnum
955 1673 1025 1700 enim

233 1721 274 1744 est
287 1724 340 1743 non
352 1716 488 1751 accipere;
502 1716 553 1743 hoc
566 1721 654 1744 autem
667 1717 737 1751 quod
747 1717 868 1745 dicturus
880 1723 931 1751 est,
949 1718 1027 1753 longe

234 1763 319 1798 majus
335 1762 381 1789 illo
394 1767 444 1790 est.
460 1761 530 1795 Quid
553 1766 642 1789 autem
666 1767 708 1790 est
728 1762 753 1790 id
780 1763 850 1797 quod
872 1763 953 1791 dicit?
967 1764 1025 1791 Non

233 1808 321 1836 solum
345 1816 399 1835 non
419 1807 520 1842 accepi,
540 1808 635 1842 inquit,
662 1815 750 1843 neque
773 1809 860 1836 solum
883 1817 935 1837 non
962 1817 1026 1837 usus

233 1862 291 1882 sunt
316 1854 366 1881 hac
389 1858 520 1889 potestate
533 1874 540 1887 ,
563 1853 609 1881 sed
624 1854 703 1881 etiam
720 1862 764 1882 me
775 1855 896 1882 servituti
911 1855 1024 1891 subjeci,

235 1899 289 1926 imo
303 1899 382 1926 varia:
396 1904 423 1927 et
436 1900 524 1926 omnis
536 1900 642 1935 generis
657 1900 788 1928 servituti.
805 1901 896 1936 Neque
910 1902 982 1929 enim
1000 1903 1026 1929 iii

234 1946 352 1978 iecuniis
366 1945 471 1973 solum:
494 1945 540 1973 sed
554 1946 624 1980 quod
640 1946 761 1981 pecuniis
774 1947 854 1982 longe
870 1948 958 1982 majus
973 1954 1024 1981 est,

234 1993 260 2019 in
284 1992 375 2019 multis
396 1997 423 2019 et
439 1992 520 2019 variis
541 1993 654 2027 negotiis
675 1992 726 2020 hoc
745 1992 831 2027 ipsunt
855 1993 982 2021 exhibui:
1000 2000 1027 2021 et

233 2039 355 2066 servituti
373 2045 415 2065 me
434 2038 548 2072 subjeci,
569 2046 629 2066 cum
652 2038 677 2065 in
701 2038 774 2065 nulla
789 2046 818 2066 re
830 2039 967 2074 subjectus
981 2048 1026 2068 es-

232 2091 300 2116 sem,
314 2091 363 2111 nec
373 2084 426 2111 ulla
437 2084 596 2111 necessitate
606 2083 719 2111 ducerer
731 2092 738 2117 ;
751 2083 801 2111 hoc
813 2085 884 2112 enim
896 2089 937 2112 est
951 2085 1025 2118 illud,

233 2129 307 2157 Liber
321 2138 379 2157 cum
391 2137 469 2157 essent
486 2138 518 2156 ea;
534 2130 671 2160 omnibus;
686 2137 772 2165 neque
792 2131 837 2157 uni
860 2135 961 2158 tantum
984 2140 1026 2159 me

233 2177 346 2211 suhjeci,
363 2175 410 2204 sed
433 2181 489 2203 toto
513 2176 572 2202 orbi
597 2180 728 2202 terrarum
753 2185 760 2202 ε
784 2181 947 2212 quapropter
961 2178 1024 2205 sub-

230 2223 329 2257 junxit,
347 2222 466 2249 Omnium
487 2229 525 2248 me
543 2229 641 2248 servant
656 2221 714 2255 feci.
729 2221 794 2248 Nam
809 2223 954 2257 praedicare
966 2223 1025 2258 jus-

233 2277 278 2295 sus
302 2276 375 2294 erant
387 2289 393 2299 ,
416 2272 444 2294 et
457 2267 615 2294 annuntiare
630 2274 673 2300 ea,
690 2274 749 2301 qute
771 2267 836 2295 inihi
851 2268 952 2296 credita
969 2269 1026 2297 l'ue-

233 2321 313 2342 iant:
339 2314 544 2342 innumerabilia
557 2318 645 2341 autem
661 2313 807 2341 machinari
822 2319 849 2342 et.
861 2316 1024 2351 excogitare,

233 2371 265 2389 cx
281 2370 340 2388 uiuo
354 2361 443 2388 studio
456 2359 604 2396 profectum
620 2365 672 2388 est.
697 2360 763 2388 Nam
789 2361 922 2389 solvenda:
943 2370 1025 2396 pecu-

233 2410 284 2435 ni.e
301 2412 403 2434 tantum
419 2407 552 2434 obnoxius
564 2415 636 2434 erant
656 2416 661 2434 :
680 2415 730 2442 ego
751 2415 816 2434 vero
833 2415 882 2442 pro
902 2408 946 2435 illa
968 2409 1024 2436 exi-

232 2454 317 2490 genda
333 2454 397 2481 nihil
414 2461 467 2481 non
483 2454 604 2488 agebam,
621 2453 696 2488 plura
713 2458 831 2486 tentans,
843 2461 924 2489 quam
936 2454 1026 2488 jussus

235 2509 319 2528 erant.
345 2500 411 2534 Quia
432 2500 503 2528 enini
525 2507 556 2527 ex
580 2500 704 2532 arbitrio,
719 2499 862 2527 alacritate
874 2503 901 2527 et
915 2501 1026 2527 caritate

233 2554 295 2581 erga
320 2545 455 2573 Christum
478 2546 566 2573 omnia
590 2545 706 2581 agebat,
728 2545 871 2572 insatiabili
893 2545 1026 2573 desiderio

232 2593 344 2620 salutem
361 2593 496 2620 hominum
511 2593 665 2628 exoptabat.

271 2639 368 2666 Paulus
377 2643 471 2674 quanta
485 2640 572 2675 fecerit
587 2647 634 2674 pro
647 2639 756 2666 aliorum
771 2639 863 2666 salute.
878 2654 914 2659 ——
928 2639 1026 2673 Quam-

231 2686 323 2714 obrem
340 2694 373 2713 ex
390 2687 490 2722 ingenti
507 2687 647 2714 alacritate
669 2691 744 2720 septa
765 2685 952 2719 transiliebat,
980 2693 1027 2720 per

236 2733 325 2759 uninia
341 2732 426 2767 ipsum
440 2740 548 2767 quoque
562 2731 658 2759 caelum
673 2732 876 2759 transcendens.
905 2732 944 2759 Ac
965 2739 1025 2759 cuin

230 2778 386 2805 servitutem
412 2778 535 2810 dixisset,
559 2777 647 2804 varius
667 2777 737 2804 illius
759 2778 853 2805 modos
867 2777 964 2805 deinde
984 2785 1024 2804 re-

233 2830 335 2853 censet.
352 2826 464 2858 Quinam
479 2825 516 2851 illi
532 2825 613 2851 sunt?
625 2824 671 2853 20.
687 2823 720 2851 Et
735 2825 817 2859 factus
831 2833 903 2856 sum,
921 2824 1024 2858 inquit,

229 2871 337 2903 Iudicis,
364 2876 490 2906 tamquam
511 2870 630 2903 Iudaeas,
660 2876 688 2898 ut
713 2871 820 2897 Iuda-os
842 2871 963 2896 lucrarer.
994 2870 1024 2896 Et

1085 202 1220 235 quomodo
1241 202 1292 230 hoc
1308 203 1405 230 factum
1421 205 1481 232 est?
1504 205 1616 239 Quando
1643 207 1827 242 circumcidit,
1858 217 1885 237 ut

1085 252 1218 274 everteret
1237 249 1480 277 circuiucisiuncut.
1504 251 1566 278 Ideo
1583 260 1635 279 non
1650 253 1717 281 dixit
1729 275 1736 284 .
1751 254 1884 287 .ludteus;

1085 292 1142 320 sed.
1157 291 1299 327 Tamquam
1319 295 1438 329 Jiidwus,
1455 297 1525 331 quod
1542 303 1600 324 crat
1619 298 1798 333 dispensatio.
1814 301 1884 335 Quid

1085 337 1173 366 dicis?
1198 347 1286 373 prii-co
1309 341 1398 374 orbis,
1413 343 1457 377 qui
1472 343 1553 370 callos
1569 344 1642 378 ipsos
1658 345 1755 381 tetigit,
1771 351 1798 374 et
1813 347 1884 375 adeo

1085 384 1111 411 in
1124 385 1208 420 gratia
1220 385 1302 419 fulsit,
1319 387 1341 413 is
1355 392 1465 422 repente
1487 393 1588 417 tantum
1604 390 1763 419 descendit?
1778 393 1882 425 Etiam;

1086 429 1137 457 hoc
1159 431 1229 458 enim
1246 437 1286 459 est
1299 433 1456 461 ascendere.
1472 434 1565 470 Neque
1584 436 1655 463 enim
1671 436 1721 464 hoc
1734 438 1821 465 solum
1839 446 1883 465 re-

1084 476 1193 510 spicias,
1218 477 1288 512 quod
1302 478 1458 512 descendat,
1479 480 1526 507 sed
1542 482 1613 515 quod
1633 482 1713 509 etiam
1729 491 1809 516 eum,
1835 484 1880 518 qui
1923 501 1927 504 ν

1085 521 1189 549 ini’erne
1211 523 1294 557 jacet,
1317 524 1402 559 erigat
1422 530 1450 552 et
1471 526 1503 552 ad
1519 534 1549 553 se
1563 527 1689 555 adducat.
1710 529 1754 556 21.
1780 528 1818 556 lis
1838 531 1882 564 qui

1084 568 1128 592 sub
1151 566 1203 602 lege
1225 573 1297 601 sunt,
1315 570 1388 604 quasi
1402 570 1447 596 sub
1469 570 1523 606 lege
1541 580 1638 604 essent,
1660 581 1718 599 cum
1737 583 1787 600 non
1802 583 1882 601 essent

1083 613 1129 639 sub
1146 613 1210 648 lege,
1230 619 1255 640 ut
1270 623 1310 641 eus
1323 615 1365 649 qui
1377 615 1420 642 sub
1432 615 1485 651 lege
1497 622 1556 643 sunt
1570 618 1753 653 liieri'facercm.

1119 659 1145 685 5.
1167 660 1220 686 Aut
1241 665 1281 686 est
1305 661 1448 695 explicatio
1468 663 1564 696 prioris
1583 664 1658 697 dicti,
1677 670 1723 691 atit
1743 665 1880 700 quidpiam

1083 705 1235 732 snhiiidicat
1246 710 1342 740 prwtei-
1358 706 1421 733 illud
1435 708 1508 742 prius
1527 716 1533 733 :
1547 707 1655 736 ludii-os
1670 710 1776 744 quidem
1788 711 1882 738 dicens

1083 757 1140 781 eos,
1158 750 1202 785 qui
1215 751 1269 785 jam
1284 751 1348 778 olim
1363 751 1396 779 ab
1411 752 1487 779 initio
1504 753 1569 781 tales
1582 760 1675 786 erant;
1694 756 1744 782 sub
1760 756 1819 791 lege
1832 765 1882 784 aii-

1084 799 1136 822 tcm
1147 817 1155 829 ,
1181 797 1331 832 proselytos
1342 817 1349 829 ,
1373 802 1419 824 aut
1433 806 1480 826 eos
1494 800 1538 833 qui
1555 799 1648 827 ﬁdeles
1661 807 1737 828 erant
1752 807 1775 829 et
1793 803 1882 830 adhuc

1083 841 1133 875 legi
1150 841 1296 869 haerebant.
1307 842 1365 870 Non
1379 844 1449 870 enim
1466 844 1534 872 ultra
1547 852 1624 872 erant
1635 853 1770 882 tamquam
1782 847 1879 882 Juda‘i,

1082 888 1129 914 sud
1154 888 1205 914 sub
1228 889 1296 923 lege.
1320 889 1353 916 Et
1367 890 1474 924 quando
1489 891 1572 918 lactus
1586 897 1627 918 est
1640 892 1689 919 sub
1710 893 1789 928 lege?
1811 894 1880 921 Cum

1085 937 1177 960 tonsus
1193 933 1260 965 fuit,
1284 942 1344 961 cum
1361 936 1525 963 sacrilicatit
1552 937 1614 964 llaec
1631 946 1709 971 porro
1723 938 1791 966 facta
1804 945 1878 971 sunt,

1082 987 1134 1005 non
1150 979 1220 1014 quod
1234 980 1394 1008 sententiam
1409 987 1554 1015 mutasset;
1580 982 1671 1011 fuissu
1692 986 1762 1011 enim
1786 993 1816 1012 ea
1836 993 1880 1012 res

1083 1025 1172 1057 mala;
1200 1025 1247 1052 sed
1269 1026 1381 1054 caritate
1401 1027 1461 1055 sese
1483 1033 1687 1063 attempcraiito.
1710 1030 1774 1057 Nam
1790 1037 1817 1057 ut
1831 1038 1880 1058 eos

1081 1071 1125 1105 qui
1143 1079 1204 1099 rere
1218 1076 1295 1099 erant
1310 1072 1342 1099 ad
1360 1072 1416 1100 haec
1433 1073 1602 1108 traduceret,
1624 1075 1709 1103 iactus
1724 1081 1766 1103 est
1780 1082 1806 1103 ct
1821 1077 1878 1111 ipsi:

1082 1116 1207 1152 (iudieiis
1222 1117 1248 1151 ).
1273 1126 1325 1145 nou
1342 1126 1403 1146 vere
1415 1139 1422 1150 ,
1439 1119 1486 1146 scd
1502 1124 1604 1147 tantum
1621 1121 1646 1148 id
1660 1129 1713 1156 przc
1727 1129 1756 1149 sc
1770 1123 1877 1153 ferens,

1081 1171 1141 1189 cuin
1166 1168 1253 1190 tamen
1278 1164 1337 1191 talis
1358 1172 1411 1191 non
1428 1169 1517 1198 esset,
1534 1174 1583 1194 nec
1599 1175 1631 1194 ex
1646 1168 1735 1194 animo
1751 1168 1802 1196 huc
1814 1177 1879 1196 vero

1082 1208 1191 1237 laceret.
1208 1210 1349 1243 Quomodo
1369 1211 1440 1238 enim
1463 1211 1570 1240 fecisset
1581 1234 1587 1245 ,
1601 1214 1646 1248 qui
1661 1213 1728 1241 alios
1743 1219 1877 1241 transiuit-

1082 1260 1138 1282 tare
1160 1256 1286 1288 curabat;
1310 1262 1337 1284 et
1357 1257 1418 1284 ideo
1432 1257 1482 1284 hoc
1496 1257 1609 1286 faciebat
1622 1280 1629 1292 ,
1646 1264 1675 1286 ut
1689 1260 1756 1287 alios
1772 1260 1824 1288 hoc
1837 1262 1875 1287 ta-

1081 1301 1183 1329 cieiiles
1209 1302 1334 1330 liberaret
1360 1303 1393 1330 ab
1419 1303 1569 1332 humilitate
1592 1305 1814 1340 hujusinodi?lis
1833 1308 1878 1343 qui

1080 1348 1134 1374 sine
1145 1348 1198 1383 lege
1212 1354 1294 1382 erant,
1307 1354 1434 1384 tamquam
1448 1350 1502 1377 sine
1514 1351 1568 1386 lege
1583 1359 1670 1378 essem.
1688 1352 1719 1379 lli
1732 1361 1818 1387 neque
1831 1353 1877 1380 Ju-

1082 1394 1132 1420 daei
1149 1399 1226 1421 erant
1242 1402 1329 1429 neque
1342 1394 1489 1423 Christiani
1507 1404 1591 1431 neque
1605 1396 1707 1430 erci;
1732 1398 1779 1426 sed
1800 1404 1877 1426 extra

1081 1441 1167 1475 legem
1183 1446 1270 1474 erant,
1288 1446 1316 1469 ut
1327 1447 1385 1469 erat
1400 1442 1552 1476 Cornelius,
1568 1448 1595 1470 et
1606 1444 1627 1470 si
1644 1445 1688 1479 qui
1701 1445 1744 1471 alii
1763 1445 1875 1471 similes.

1081 1487 1121 1513 Ad
1136 1487 1196 1514 illos
1209 1488 1279 1514 enim
1296 1488 1460 1522 ingrediens,
1482 1489 1565 1516 multa
1579 1490 1612 1516 ad
1628 1490 1700 1524 ipsos
1715 1491 1877 1525 pertinentia

1082 1533 1235 1560 simulabat.
1257 1534 1369 1566 Quidam
1387 1543 1450 1562 vero
1469 1535 1580 1567 dicunt,
1606 1535 1681 1562 illuni
1706 1537 1876 1564 suhiudicare

1081 1579 1298 1614 disputationem,
1326 1588 1404 1614 quant
1429 1581 1558 1608 habuerat
1583 1589 1642 1608 cuni
1667 1583 1878 1609 Atticini-asilum

1080 1626 1150 1652 circa
1175 1625 1375 1660 inscriptionem
1401 1626 1426 1652 iii
1444 1635 1488 1652 ara
1506 1626 1619 1661 positam
1631 1647 1639 1658 ,
1655 1632 1679 1654 ct
1702 1628 1761 1654 ideo
1775 1628 1876 1659 dicere,

1081 1669 1118 1698 lis
1130 1671 1172 1706 qui
1182 1671 1236 1697 sine
1249 1672 1302 1706 lege
1312 1676 1380 1703 stitit,
1397 1677 1522 1707 tamquam
1533 1672 1586 1699 sine
1599 1673 1652 1707 lege
1663 1681 1750 1700 essent.
1766 1674 1877 1706 Deinde,

1081 1724 1114 1743 ne
1129 1715 1189 1750 quis
1209 1720 1314 1750 putaret
1335 1724 1391 1743 rem
1411 1717 1484 1743 illam
1507 1725 1567 1744 esse
1587 1719 1727 1746 sententiae
1746 1720 1876 1746 lllllllllitr

1081 1770 1152 1794 nem,
1165 1762 1266 1790 addidit
1280 1771 1286 1789 :
1302 1762 1364 1789 Cum
1373 1763 1427 1790 sine
1440 1763 1494 1798 lege
1509 1762 1554 1789 Dei
1569 1771 1620 1790 non
1634 1771 1723 1795 essent,
1733 1765 1777 1791 sed
1787 1765 1812 1791 in
1824 1766 1879 1800 lege

1081 1817 1159 1836 essent
1179 1809 1282 1836 Christi.
1308 1808 1335 1836 Id
1358 1814 1416 1841 est,
1431 1808 1496 1836 Cum
1513 1818 1566 1836 non
1582 1810 1661 1837 modo
1676 1818 1729 1838 non
1746 1812 1805 1839 sine
1819 1812 1878 1848 lege

1081 1863 1184 1888 essent,
1199 1855 1245 1882 sed
1259 1855 1339 1882 etiam
1354 1862 1407 1882 non
1425 1855 1512 1882 solum
1526 1855 1576 1883 sub
1592 1856 1652 1891 lege
1665 1865 1753 1884 essent
1766 1878 1773 1890 ,
1788 1859 1834 1885 sed
1852 1864 1880 1885 et

1082 1901 1166 1936 legem
1179 1900 1305 1927 haberem
1321 1901 1404 1928 veteri
1419 1901 1497 1936 longe
1510 1901 1705 1934 sublimiorem,
1719 1903 1744 1930 id
1759 1910 1810 1934 est,
1823 1904 1879 1939 Spi-

1081 1949 1148 1974 ritus
1166 1952 1192 1974 ct
1206 1947 1298 1982 gratia:
1314 1956 1321 1974 :
1337 1947 1450 1982 ideoque
1472 1947 1625 1984 subjuugit,
1650 1947 1755 1977 Christi.
1780 1950 1878 1978 P.istea

1082 2002 1142 2021 eum
1157 1993 1184 2021 id
1206 1993 1350 2026 effecisset,
1372 1999 1400 2021 ut
1424 1993 1458 2021 de
1481 2001 1527 2020 sua
1551 1995 1683 2021 sententia
1700 1995 1876 2029 conﬁderent,

1082 2041 1186 2067 lucrum
1202 2039 1300 2067 deinde
1316 2040 1376 2066 talis
1390 2047 1446 2067 sua:
1460 2041 1690 2074 atlemperaliouis
1712 2043 1805 2074 ponit,
1835 2043 1860 2068 «Ii
1872 2057 1878 2062 -

1081 2094 1145 2114 cens
1161 2097 1167 2114 :
1186 2085 1219 2114 Ut
1234 2086 1408 2122 lucrifacere»:
1421 2094 1473 2117 eos,
1490 2087 1532 2121 qui
1547 2086 1600 2113 sine
1613 2087 1667 2122 lege
1678 2092 1758 2114 erant.
1775 2088 1808 2114 Et
1819 2088 1879 2115 tibi-

1081 2141 1132 2168 que
1146 2140 1255 2160 causam
1276 2133 1354 2160 all‘ert
1368 2133 1599 2167 attemperationis
1622 2133 1702 2160 illius.
1726 2133 1816 2168 Neque
1842 2136 1877 2162 illi

1081 2178 1193 2214 gradum
1213 2179 1294 2212 sistit,
1318 2178 1376 2212 sed,
1391 2178 1436 2206 ‘22.
1453 2178 1484 2205 Et
1497 2179 1614 2212 inﬁrmus
1630 2180 1712 2214 factus
1729 2188 1783 2206 sum
1799 2185 1825 2206 ut
1838 2181 1879 2206 iii-

1081 2226 1168 2259 ﬁrnios
1181 2225 1355 2260 lurrifaeerem
1367 2233 1376 2251 :
1391 2224 1442 2252 ltoc
1457 2225 1565 2252 demunt
1580 2224 1672 2251 dicens
1685 2224 1717 2251 ad
1734 2225 1794 2252 illos
1814 2233 1878 2260 per-

1083 2272 1180 2302 tinens,
1207 2276 1317 2306 propter
1339 2270 1409 2305 quod
1436 2271 1493 2298 haec
1516 2270 1604 2297 omnia
1618 2270 1688 2297 dicta
1701 2275 1773 2298 sunt.
1797 2271 1877 2306 Atqui

1082 2318 1125 2344 illa
1149 2323 1226 2344 erant
1248 2318 1326 2352 longe
1348 2317 1461 2352 majora,
1486 2317 1536 2344 hoc
1558 2325 1622 2344 vero
1644 2317 1848 2344 convcuicntius
1867 2326 1874 2344 :

1081 2364 1254 2398 quamobrem
1275 2369 1439 2398 postremum
1456 2363 1520 2390 illud
1538 2364 1621 2398 ponit.
1636 2363 1754 2397 ldipstiin
1769 2370 1878 2397 quoque

1081 2410 1150 2444 apud
1173 2410 1310 2436 Romanus
1333 2409 1404 2442 fecit,
1419 2408 1527 2443 quando
1546 2408 1580 2436 de
1592 2408 1661 2435 cibis
1676 2408 1834 2441 accusabat,
1852 2413 1879 2435 et

1082 2455 1108 2482 in
1119 2455 1208 2482 multis
1220 2455 1281 2481 aliis
1294 2454 1370 2481 locis.
1386 2453 1497 2485 Deinde,
1512 2461 1546 2481 ne
1559 2453 1662 2489 singula
1676 2458 1702 2480 et
1715 2453 1803 2480 omnia
1815 2461 1878 2488 per-

1081 2508 1196 2535 sequens
1216 2500 1313 2527 diutius
1335 2503 1465 2531 moretur,
1480 2499 1516 2525 ait
1531 2508 1537 2526 :
1557 2499 1681 2525 Omnibus
1695 2498 1780 2525 omnia
1793 2500 1878 2534 factus

1080 2555 1147 2579 sinit,
1161 2551 1189 2573 ut
1200 2546 1301 2573 omnino
1312 2544 1434 2580 quosdam
1443 2545 1526 2572 salvos
1540 2547 1660 2580 facerem.
1673 2544 1767 2571 Vidcn‘
1781 2543 1877 2579 hyper-

1081 2593 1160 2620 bolen
1173 2592 1184 2618 .9
1197 2591 1328 2619 Omnibus
1341 2592 1429 2618 omnia
1447 2591 1531 2618 iactus
1546 2598 1616 2621 sum,
1632 2598 1684 2617 non
1696 2589 1769 2625 quod
1783 2597 1878 2617 Omllt‘ré

1081 2638 1168 2664 salvos
1183 2637 1272 2664 facere
1284 2644 1432 2671 sperarem,
1456 2636 1502 2663 sed
1530 2641 1558 2662 ut
1584 2636 1677 2663 saltem
1702 2643 1802 2670 paucos
1826 2637 1879 2662 sal-

1081 2692 1129 2711 vos
1153 2683 1258 2710 faciam.
1276 2683 1308 2710 Et
1327 2683 1376 2710 hoc
1391 2683 1497 2718 quidem
1518 2683 1636 2710 studium
1649 2703 1657 2716 ,
1680 2683 1875 2710 ministerium-

1082 2738 1132 2764 que
1155 2729 1207 2757 tale
1225 2730 1312 2762 subii,
1339 2734 1469 2765 quantum
1492 2737 1540 2764 par
1560 2734 1617 2756 erat
1632 2737 1704 2761 eum,
1721 2731 1765 2764 qui
1781 2737 1876 2756 omnes

1081 2775 1169 2802 salvos
1183 2774 1290 2808 laceret,
1305 2783 1357 2802 11011
1372 2780 1460 2802 tamen
1475 2781 1588 2809 sperans
1603 2782 1646 2802 me
1661 2782 1755 2801 omnes
1768 2782 1878 2809 supera-

1082 2826 1170 2848 tiirunt
1183 2828 1244 2849 esse
1260 2830 1267 2848 :
1287 2821 1357 2856 quod
1373 2829 1437 2848 vcre
1452 2829 1576 2856 magnum
1599 2826 1671 2854 erat,
1694 2820 1877 2854 ferventisque

1082 2867 1173 2895 animi.
1195 2867 1260 2896 Nam
1282 2869 1326 2903 qui
1348 2867 1507 2901 semiuahat,
1523 2867 1627 2908 ubique
1643 2867 1805 2900 seiiiinabat,
1825 2873 1874 2892 nec
