2046 3114
242 103 294 130 185

242 164 329 187 totum
348 158 464 186 servavit
477 161 644 188 sementem;
666 161 784 184 attamen
799 156 869 191 quod
886 163 962 183 suum
977 161 1036 182 erat

241 203 377 239 praestitit.
403 203 513 230 Etcum
538 207 705 229 servatorum
727 201 887 236 paucitatem
913 201 1033 233 dixisset,

241 257 349 277 rursum
363 249 408 276 illa
420 248 509 275 addita
524 255 601 280 voce,
626 247 747 280 Omnino,
764 247 916 274 consolatus
932 250 972 273 est
988 254 1035 273 eos

241 295 287 331 qui
303 294 337 322 de
350 295 383 322 iis
395 294 529 321 dolerent.
544 293 609 320 Nam
624 294 673 320 etsi
689 293 747 320 lieri
760 300 813 319 non
830 296 927 327 potest,
942 296 971 318 ut
993 297 1034 318 to-

240 346 297 368 tum
319 348 411 368 semen
432 340 537 368 salvum
556 341 608 372 sit;
640 344 758 367 attamen
785 344 814 367 ut
837 344 921 366 totum
945 343 1036 373 pereat

241 387 300 415 fieri
317 387 420 422 nequit.
436 386 499 414 ideo
513 386 594 418 dixit,
613 385 722 412 Omnino
737 386 819 420 :quia
835 392 945 412 necesse
960 391 1036 418 pror-

241 441 287 461 sus
300 438 351 467 est,
367 437 396 460 ut
412 433 456 468 qui
471 437 524 460 tam
539 431 674 459 ferventer
687 439 744 459 rem
758 435 849 463 curat,
862 431 942 458 etiam
958 437 1031 456 asse-

241 484 348 514 quatur.
361 478 406 506 '25.
425 478 517 505 Omnia
528 482 611 504 autem
622 477 692 511 facio
704 481 807 511 propter
819 475 988 511 evangelium,
1003 480 1031 502 ut

241 525 371 560 particeps
381 524 436 558 eius
447 524 549 559 eﬂiciar.
567 523 595 550 Id
615 527 666 555 est,
681 527 709 549 ut
723 522 815 549 videar
829 527 855 549 et
867 522 924 557 ipse
937 521 1037 556 aliquid

241 577 277 596 ex
289 577 333 597 me
342 569 473 602 attulisse,
487 573 515 596 et
525 568 659 603 particeps
671 568 720 595 sim
732 575 891 595 coronarum
901 576 960 602 qua:
974 567 1038 594 fide-

244 615 315 642 libus
341 615 468 650 reposita:
490 618 562 641 sunt.
586 613 817 647 Quemadmodum
832 613 905 640 enim
920 613 1036 645 dicebat,

245 660 288 689 Ea:
308 661 436 696 evangelio
459 660 550 694 vivere,
578 660 604 687 id
626 665 679 693 est,
700 667 733 687 ex
747 659 920 687 credentibus
937 669 943 686 :
960 658 998 686 sic
1011 662 1039 686 et

246 709 296 736 hoc
309 708 380 740 loco,
393 707 528 742 Particepr
541 707 634 742 eﬂiciar
648 705 771 742 euangelii
781 727 789 738 ,
804 710 832 733 ut.
847 706 945 741 possim
963 713 1038 732 com-

245 754 383 781 municare
404 761 467 781 cum
491 753 542 786 iis,
564 752 610 788 qui
626 752 652 780 in
672 752 841 787 evangelium
855 751 1037 779 crediderunt.

247 799 339 827 Viden‘
356 799 546 832 humilitatem,
572 798 709 833 quomodo
725 798 751 825 in
772 797 903 825 mercedis
923 797 1039 824 retribu-

246 846 319 873 tione
332 853 412 873 unum
426 845 497 872 inter
510 845 609 871 nmltos
624 852 684 871 sese
699 848 796 878 ponat,
813 852 873 871 cum
889 844 948 878 plus
960 851 1039 878 quam

247 899 341 919 omnes
359 890 540 918 laboraverit?
567 889 644 918 Unde
666 890 753 924 palam
770 894 828 923 est,
845 890 915 917 illius
931 890 1040 924 prmmia

247 937 348 972 majora
362 935 431 964 fore.
447 937 571 963 Attamen
585 944 638 962 non
653 943 683 963 se
697 935 806 970 dignum
820 940 913 963 censet
926 935 970 970 qui
985 935 1040 969 pri-

248 993 306 1012 mas
319 988 419 1018 teneat,
435 983 483 1012 sed
496 988 605 1018 exoptat
617 988 648 1010 ut
662 991 722 1011 cum
736 983 795 1010 aliis
808 983 940 1018 particeps
950 982 985 1009 sit
997 990 1041 1009 co-

249 1039 373 1059 ronarum
387 1039 447 1066 quae
461 1031 586 1065 reposita:
598 1035 670 1057 sunt.
688 1029 750 1057 Haec
764 1037 845 1064 porro
859 1029 973 1060 dicebat,
987 1035 1040 1055 non

248 1078 319 1113 quod
342 1085 390 1112 pro
411 1076 536 1104 mercede
558 1077 647 1111 aliqua
669 1076 720 1104 hoc
740 1075 856 1108 faceret,
876 1074 923 1102 scd
938 1079 967 1102 ut
980 1073 1043 1102 illos

250 1123 311 1150 hinc
324 1130 429 1158 quoque
441 1121 588 1149 attraheret
599 1142 606 1154 ,
631 1125 658 1149 et
673 1128 720 1156 per
733 1128 808 1156 spem
823 1119 974 1154 hujusmodi
989 1119 1043 1146 illis

251 1168 433 1202 persuaderet,
449 1171 477 1194 ttt
499 1166 588 1193 omnia
604 1174 652 1201 pro
666 1166 794 1193 fratribus
811 1166 939 1192 facerent.
964 1164 1039 1192 Vidi-

251 1213 311 1241 stin‘
328 1212 515 1248 prudentiam?
530 1211 646 1239 vidistin”
657 1211 803 1246 diligentim
819 1211 1040 1246 magnitudinem,

251 1258 386 1294 quomodo
410 1259 470 1293 plus
490 1265 570 1293 quam
590 1263 752 1293 praeceptum
767 1257 854 1284 fuerat
870 1257 961 1284 fecerit
978 1256 1042 1284 nihil

251 1306 396 1341 accipiens,
412 1305 618 1339 cum'accipere
642 1303 754 1331 liceret“?
776 1303 894 1330 vidistin‘
910 1310 1043 1330 summam

251 1353 512 1388 attemperationem,
527 1351 664 1386 quomodo
679 1350 725 1386 qui
741 1351 767 1377 in
784 1350 842 1386 lege
854 1350 952 1377 Christi
967 1354 1042 1383 erat,

251 1405 279 1426 et
292 1406 443 1434 supremam
458 1398 582 1425 servabat
596 1398 694 1432 legem,
711 1397 743 1424 iis
753 1397 798 1432 qui
811 1397 870 1424 sine
883 1397 941 1431 lege
956 1401 1043 1430 crant,

253 1451 387 1479 tamquam
402 1444 461 1472 sine
475 1444 534 1479 lege
547 1448 636 1475 esset;
660 1443 760 1471 Judmis
777 1447 911 1478 tamquam
925 1442 1043 1475 Judwus,

255 1493 281 1518 in
304 1491 424 1524 utrisque
445 1497 565 1517 summus
588 1496 721 1525 apparens
742 1493 768 1516 et
791 1496 886 1516 omnes
915 1488 1046 1515 vinocns?

259 1537 314 1564 Iloc
325 1541 352 1564 et
368 1541 394 1563 tu
405 1535 502 1568 facito,
522 1539 548 1562 ct
562 1543 595 1562 ne
611 1540 688 1569 putes
703 1539 728 1562 tc
741 1535 837 1562 Cadere
850 1542 911 1562 cum
926 1541 1046 1561 summus

255 1582 310 1613 eis.
324 1582 347 1609 si
362 1580 426 1616 quid
445 1586 557 1616 propter
573 1581 681 1607 l'ratrem
698 1580 799 1607 humile
812 1585 838 1607 et
852 1579 985 1614 abjectum
1001 1587 1047 1614 pa-

255 1628 330 1655 tiaris
344 1636 350 1654 :
367 1635 419 1654 non
433 1632 474 1654 est
488 1627 561 1654 enim
578 1626 643 1653 illud
661 1626 776 1659 cadere,
801 1625 847 1653 sed
870 1625 1046 1653 descendere.

257 1674 307 1707 Qui
319 1673 415 1701 cecidit
428 1673 510 1704 enim,
522 1673 593 1707 jacet
606 1677 633 1699 et
648 1672 689 1699 vix
705 1671 820 1705 resurgit
836 1680 842 1698 :
858 1672 901 1707 qui
920 1679 986 1699 vero
999 1672 1046 1699 de-

257 1720 370 1751 scendit,
396 1718 532 1751 ascendet,
549 1723 574 1745 et
589 1725 651 1745 cum
663 1717 746 1745 multo
761 1718 834 1744 lucro
851 1726 857 1744 :
873 1717 1050 1752 quemadmo.

258 1765 321 1792 dum
340 1765 420 1792 etiam
441 1764 538 1792 Paulus
552 1763 691 1791 descendit
705 1764 778 1791 solus
791 1764 909 1799 quidem,
926 1764 972 1791 sed
987 1772 1049 1791 cum

259 1811 324 1838 orhe
334 1810 455 1838 ascendit
468 1818 475 1837 :
488 1817 541 1836 non
553 1809 701 1842 simulans;
717 1817 803 1843 neque
817 1810 888 1836 enim
903 1817 994 1837 eorum
1005 1811 1049 1845 qui

260 1856 357 1884 servati
371 1860 434 1883 sunt
446 1855 549 1882 lucrum
563 1855 739 1890 qumsivisset,
753 1855 776 1882 si
787 1855 946 1882 simulasset.
963 1856 1051 1891 llypo-

262 1902 326 1930 crita
343 1901 414 1928 cnim
430 1901 540 1928 exitium
562 1900 674 1935 qua-rit,
690 1905 718 1928 et
735 1900 845 1927 simulat
864 1905 893 1927 ut
916 1901 1048 1935 accipiat,

264 1952 354 1976 nonut
367 1947 413 1974 det
429 1955 436 1974 :
451 1947 495 1974 hic
508 1954 571 1974 vero
583 1954 636 1973 non
650 1946 699 1978 sic,
714 1945 762 1973 sed
774 1950 801 1973 ut
816 1946 944 1979 medicus,
960 1951 990 1974 ut
1004 1947 1052 1974 do-

261 2000 330 2027 ctor,
346 1999 372 2021 ut
386 1998 472 2029 pater,
485 1993 530 2020 ille
539 1992 647 2028 quidem
663 1998 775 2028 a-groto,
793 1992 836 2020 hic
849 1993 991 2028 discipulo,
1008 1993 1052 2022 hic

263 2041 316 2069 tilio
336 2048 396 2068 sese
414 2044 591 2074 attemperat,
617 2044 648 2067 ut
669 2039 803 2075 corrigat,
822 2048 875 2068 non
889 2045 919 2068 ut
931 2047 1026 2069 noceat
1043 2050 1049 2068 :

263 2087 298 2115 ita
308 2087 387 2114 etiam
402 2086 455 2113 hic.

298 2134 324 2160 4.
340 2132 398 2159 Non
422 2132 494 2167 quod
515 2140 557 2165 ea,
573 2140 632 2168 quae
656 2132 727 2160 dicta
749 2138 822 2166 sunt,
838 2134 974 2162 simulatio
998 2142 1053 2162 non

262 2183 361 2211 essent,
372 2186 433 2206 cum
445 2178 511 2205 nihil
527 2177 678 2213 hujusmodi
694 2179 735 2206 vel
748 2178 838 2206 dicere
851 2179 891 2207 vel
908 2179 995 2207 facere
1008 2187 1053 2207 eo-

261 2229 379 2262 grretur,
395 2225 441 2253 sed
455 2225 526 2260 quod
540 2224 663 2252 affectum
679 2232 757 2252 suum
772 2225 949 2261 ﬁduciamque
963 2231 1054 2254 osten-

262 2273 325 2300 dere
335 2273 425 2304 vellet,
441 2271 503 2298 audi
525 2272 612 2306 ipsum
625 2271 758 2299 dicentem
773 2280 781 2299 :
796 2271 886 2306 Neque
904 2272 954 2299 vita
974 2281 1052 2308 neque

261 2326 338 2350 morr,
352 2325 430 2352 neque
442 2318 526 2353 angeli
539 2325 619 2351 neque
631 2317 788 2352 principatus
807 2325 886 2350 neque
907 2323 1051 2353 potestates,

262 2372 341 2398 neque
351 2364 472 2390 instantia
482 2371 561 2399 neque
571 2363 668 2398 futura,
686 2371 764 2398 neque
776 2364 883 2391 altitudo
902 2372 980 2400 neque
992 2373 1053 2400 pro-

262 2410 380 2445 fundum,
391 2417 470 2443 neque
480 2409 565 2443 aliqua
575 2409 627 2436 alia
637 2413 764 2441 creatura,
775 2409 867 2444 poterit
879 2418 924 2437 nos
934 2418 1053 2446 separare

261 2464 277 2482 a
289 2456 394 2483 caritate
410 2455 469 2489 Dei,
484 2463 540 2489 qtae
556 2460 591 2482 est
608 2456 635 2482 in
647 2455 746 2482 Christo
764 2455 827 2483 Iesu
847 2456 956 2484 Domino
965 2462 1052 2486 nostra

261 2501 349 2536 (Rom.
364 2502 391 2529 8.
405 2501 519 2537 58.59).
538 2501 661 2529 Vidistin‘
674 2502 814 2529 caritatem
836 2501 896 2536 igne
918 2502 1053 2530 ardentio-

263 2548 337 2576 rem?
361 2548 398 2575 lla
415 2552 442 2576 et
456 2555 506 2575 nos
520 2555 628 2583 quoque
641 2547 775 2575 Christum
795 2548 957 2583 diligamus;
974 2549 1053 2577 facile

264 2601 377 2628 namque
385 2598 436 2627 est,
448 2594 470 2621 si
483 2594 608 2621 velimus.
619 2594 710 2629 Neque
723 2595 794 2622 enim
808 2594 856 2622 ille
866 2595 926 2621 talis
934 2599 992 2622 erat
1006 2603 1053 2622 na-

264 2644 340 2666 tura:
354 2639 467 2674 ideoque
483 2639 571 2674 priora
585 2639 655 2667 illius
668 2639 712 2667 his
725 2641 856 2668 contraria
881 2640 963 2668 fuisse
987 2641 1053 2669 scri-

264 2689 336 2719 ptum
352 2690 392 2712 est
405 2705 412 2717 ,
429 2689 458 2712 ut
472 2685 606 2713 discamus
617 2693 684 2719 opus
698 2685 764 2712 illud
776 2685 851 2713 liberi
865 2686 967 2713 arbitrii
983 2694 1052 2719 esse.

264 2736 291 2758 et
300 2731 450 2759 volentibus
461 2732 551 2759 omnia
561 2739 621 2759 esse
633 2731 729 2758 facilia.
740 2731 779 2760 Ne
791 2732 964 2767 desperemus
974 2741 1053 2768 ergo;

263 2777 310 2804 sed
323 2778 372 2805 etsi
387 2777 543 2806 maledietns
554 2786 594 2811 es,
610 2778 659 2805 etsi
674 2786 779 2811 avarus,
790 2779 839 2806 etsi
850 2779 956 2814 quidvis
971 2779 1053 2815 aliud,

266 2823 351 2858 cogita
374 2824 485 2851 l‘aulum
507 2823 691 2859 blasphemum
713 2825 804 2860 fuisse,
820 2831 1052 2861 pcrsequutorem,

755 99 788 127 ΙΝ
808 98 913 127 EPIST.
937 99 945 126 Ι
976 99 1022 125 AD
1041 99 1119 126 COIt.
1141 99 1256 128 llOMlL.
1278 101 1359 129 XXII.

1829 103 1879 130 Ηςῡ

1090 157 1325 189 contumeliosum,
1352 164 1574 195 peccatorumque
1599 161 1724 195 primunt,
1748 165 1775 188 et
1799 160 1879 188 dere—

1091 207 1171 237 pente
1184 203 1217 230 ad
1239 203 1326 238 ipsum
1340 205 1446 232 virtutis
1467 205 1573 232 culmen
1594 206 1756 240 pervenisse,
1773 211 1800 233 et
1815 206 1878 233 mhil

1089 248 1139 282 ipsi
1163 248 1346 283 impedimenti
1368 251 1456 285 priora
1475 251 1613 279 attulisse:
1630 251 1703 286 atqui
1726 259 1805 279 nemo
1818 259 1878 278 cum

1090 299 1163 321 tanto
1191 295 1281 322 furore
1309 296 1454 331 nequitiam
1481 301 1612 330 sectatur,
1633 305 1694 324 cum
1715 301 1815 332 quanto
1836 297 1880 324 ille

1090 339 1188 367 bellum
1209 345 1302 368 contra
1322 341 1480 369 Ecclesiam.
1496 341 1562 369 Nam
1578 347 1641 369 tunc
1654 341 1712 376 ipse
1732 349 1807 370 suam
1825 347 1880 368 tra-

1090 384 1156 412 didit
1169 386 1302 419 animam;
1318 391 1345 413 et
1358 387 1419 421 quia
1435 396 1488 414 non
1503 387 1576 415 mille
1596 395 1691 415 tnanus
1706 387 1831 420 habebat,
1854 393 1882 414 ut

1089 431 1213 458 omnibus
1237 431 1403 467 Stephanum
1427 433 1579 468 impeteret,
1595 433 1712 461 dolebat.
1737 434 1771 461 Et
1793 438 1881 460 tamen

1090 477 1128 504 sic
1139 485 1246 512 quoque
1258 477 1366 505 modmn
1382 478 1493 511 invenit,
1505 487 1558 514 quo
1570 484 1661 515 posset
1674 479 1746 507 illum
1763 479 1883 514 pluribus

1089 522 1169 550 ferire
1182 524 1306 551 manibus
1322 523 1450 551 falsorum
1465 525 1582 558 testium,
1594 532 1706 560 quorum
1721 525 1778 560 ipse
1793 529 1883 552 vestes

1090 570 1224 597 servabat.
1239 571 1272 598 Et
1292 578 1353 598 cum
1376 571 1402 598 in
1420 571 1517 598 domos
1540 572 1663 605 intraret,
1679 576 1814 607 tamquam
1828 571 1882 598 fera

1091 615 1234 649 insiliebat,
1254 616 1364 644 trahens
1385 622 1413 644 et
1436 617 1557 644 lacerans
1578 617 1657 650 viros,
1674 615 1819 650 mulieres;
1840 621 1883 643 tu-

1091 662 1174 688 multu
1190 666 1218 688 et
1230 662 1342 696 strepitu
1356 669 1387 689 ac
1407 662 1484 689 bellis
1499 663 1633 690 sexcentis
1647 663 1736 690 omnia
1756 662 1881 697 implens.

1090 707 1126 734 lta
1142 715 1238 742 nempe
1253 708 1381 735 terribilis
1399 712 1467 740 erat,
1482 712 1511 735 ut
1526 708 1640 743 apostoli
1652 709 1730 735 etiam
1747 713 1806 742 past
1817 708 1885 742 opti-

1091 761 1161 780 mam
1183 753 1240 788 ejus
1260 753 1464 781 conversionem
1485 753 1604 781 nondum
1625 753 1753 780 auderent
1766 753 1815 788 ipsi
1831 753 1884 780 hze-

1094 806 1162 826 rere.
1174 800 1298 826 Attamen
1314 804 1374 833 post
1387 799 1431 825 illa
1443 799 1533 826 omnia
1548 799 1607 826 talis
1623 798 1732 826 effectus
1753 803 1806 831 est,
1818 806 1883 832 qun-

1092 844 1125 872 lis
1138 852 1201 872 vere
1216 844 1282 872 fuit:
1298 852 1384 880 neque
1397 845 1468 872 enim
1481 846 1556 879 plura
1569 844 1660 873 dicere
1673 852 1741 880 opus
1754 849 1804 871 est.
1821 844 1884 871 Ubi-

1093 899 1153 918 nam
1168 899 1232 926 ergo
1254 895 1317 918 sunt
1338 891 1386 922 illi,
1401 891 1446 926 qui
1463 890 1508 917 fati
1523 891 1712 918 necessitatem
1737 889 1886 917 obtendunt

1092 937 1219 964 adversus
1233 937 1335 964 arbitrii
1356 937 1441 964 nostri
1456 936 1627 964 libertatem?
1646 937 1708 964 Haec
1723 936 1843 969 audiant,
1860 942 1887 963 et

1092 989 1138 1009 ora
1155 990 1202 1009 sua
1223 982 1372 1009 obstruunt.
1391 982 1458 1009 Eum
1475 983 1547 1009 enim
1562 983 1607 1018 qui
1628 983 1714 1010 bonus
1737 990 1796 1010 esse
1810 983 1885 1014 velit,

1095 1027 1162 1054 nihil
1177 1027 1298 1062 impedit,
1315 1027 1420 1055 etiamsi
1445 1028 1515 1055 inter
1531 1028 1710 1063 nequissimos
1729 1033 1807 1056 antea
1820 1036 1886 1056 cen—

1093 1078 1208 1100 seretur.
1222 1073 1262 1100 Ad
1279 1073 1330 1100 hoc
1348 1073 1420 1101 enim
1442 1075 1559 1108 aptiores
1573 1081 1675 1106 sumus,
1689 1079 1821 1110 quatenus
1841 1083 1885 1102 se—

1093 1120 1208 1147 cundum
1222 1123 1345 1147 naturam
1358 1120 1443 1147 virtus
1468 1120 1538 1147 inest
1551 1120 1637 1154 nobis,
1651 1125 1679 1148 et
1693 1125 1789 1156 praeter
1804 1126 1884 1148 natu-

1095 1173 1151 1192 ram
1175 1165 1286 1198 vitium;
1311 1166 1379 1192 sicut
1392 1166 1472 1192 etiam
1494 1171 1625 1201 :cgrotare
1648 1171 1676 1194 et
1698 1166 1766 1194 bene
1788 1167 1885 1194 valere.

1095 1212 1200 1238 Etenim
1224 1211 1315 1238 oculos
1335 1211 1412 1239 nobis
1436 1211 1509 1239 dedit
1532 1211 1611 1244 Deus,
1628 1219 1682 1239 non
1705 1216 1734 1239 ut
1756 1211 1888 1247 impudice

1095 1258 1275 1293 aspiciamus,
1291 1257 1338 1285 sed
1363 1261 1393 1284 ut
1413 1265 1458 1285 res
1479 1257 1513 1285 ab
1534 1266 1567 1285 eo
1588 1263 1694 1285 creatas
1713 1258 1885 1291 admirantes,

1095 1302 1265 1330 Conditorem
1289 1302 1442 1330 adoremus.
1458 1303 1534 1336 Quod
1548 1308 1635 1330 autem
1648 1303 1692 1331 hic
1705 1304 1740 1331 sit
1749 1304 1887 1331 oculorum

1096 1357 1171 1380 usus,
1188 1349 1274 1384 palam
1295 1354 1336 1376 est
1351 1357 1384 1376 ex
1404 1349 1483 1376 rebus
1498 1349 1548 1376 sub
1566 1354 1705 1384 aspectum
1721 1349 1886 1378 cadentibus.

1097 1395 1327 1422 Pulchritudinem
1349 1402 1463 1430 namque
1488 1395 1553 1422 solis
1573 1399 1600 1422 ct
1619 1395 1678 1422 caeli
1699 1403 1732 1423 ex
1757 1396 1889 1423 immenso

1096 1441 1240 1475 aspicimus
1262 1441 1421 1468 intervallo:
1447 1442 1567 1469 mulieris
1587 1449 1651 1469 vero
1675 1442 1786 1469 formam
1810 1451 1889 1470 nemo

1098 1494 1129 1514 ex
1144 1491 1218 1513 tanto
1233 1487 1321 1521 spatio
1335 1488 1449 1514 noverit.
1465 1488 1556 1515 Viden‘
1571 1488 1677 1516 oculum
1695 1489 1772 1516 nobis
1791 1489 1824 1516 ad
1839 1489 1889 1517 hoc

1098 1533 1214 1559 maxime
1227 1532 1318 1559 datum
1333 1532 1438 1560 fuisse?
1459 1533 1562 1561 Rursus
1576 1534 1695 1561 auditum
1709 1534 1782 1567 fecit,
1796 1543 1849 1562 non
1863 1541 1891 1563 ut

1099 1578 1253 1613 blasphema
1270 1578 1433 1614 excipiamus
1452 1580 1545 1614 verba,
1561 1581 1607 1608 sed
1629 1585 1658 1608 ut
1677 1582 1801 1609 salutaria
1823 1582 1890 1617 dog-

1099 1628 1181 1651 mata.
1216 1623 1331 1658 ldeoque
1362 1632 1421 1651 cum
1450 1625 1586 1660 quidpiam
1611 1626 1741 1653 absonum
1768 1628 1887 1662 excipit,

1100 1675 1127 1697 et
1141 1671 1246 1698 animus
1267 1675 1295 1698 et
1317 1671 1402 1705 ipsum
1424 1679 1521 1707 corpus
1544 1674 1680 1708 torpescit.
1709 1673 1799 1702 Sermo
1826 1676 1895 1702 enim

1101 1716 1209 1743 multum
1224 1717 1349 1752 jurantis,
1367 1718 1432 1753 pilos
1453 1719 1538 1754 erigit,
1556 1719 1651 1754 inquit.
1669 1720 1701 1747 Et
1721 1721 1742 1748 si
1756 1721 1818 1756 quid
1831 1730 1892 1750 cru-

1101 1763 1162 1790 dele
1176 1763 1217 1790 vel
1230 1763 1331 1791 immite
1344 1765 1496 1797 audiamus,
1514 1773 1608 1793 rursus
1623 1767 1780 1802 horremus;
1794 1769 1815 1796 si
1831 1777 1894 1797 vero

1102 1809 1164 1844 quid
1182 1817 1356 1837 numerosum
1379 1815 1406 1838 et
1423 1810 1580 1844 humanum,
1594 1817 1620 1839 et
1635 1813 1764 1848 gestimus
1777 1819 1804 1842 et
1820 1814 1893 1842 Iaata-

1102 1863 1172 1881 mur.
1188 1855 1224 1882 Os
1235 1863 1342 1890 quoque
1353 1860 1475 1883 nostrum
1493 1857 1580 1892 turpia
1592 1857 1713 1892 loquens,
1729 1859 1857 1894 pudorem
1868 1866 1896 1888 et

1102 1900 1292 1928 verecundiam
1316 1900 1413 1934 infert;
1432 1902 1472 1929 sin
1488 1907 1576 1930 autem
1598 1902 1720 1938 honesta,
1741 1905 1846 1939 placide
1868 1911 1896 1933 et

1103 1953 1163 1973 cum
1182 1946 1254 1973 omni
1274 1946 1398 1974 libertate
1420 1947 1464 1974 illa
1488 1948 1595 1975 emittit.
1610 1948 1647 1975 De
1668 1949 1700 1975 iis
1719 1955 1819 1984 autem,
1834 1959 1894 1986 quae

1104 1997 1166 2019 sunt
1176 1992 1324 2020 secundum
1338 1997 1461 2020 naturam
1477 2001 1556 2020 nemo
1567 1993 1720 2028 erubuerit;
1739 1995 1787 2023 sed
1800 1996 1834 2024 de
1851 1997 1894 2030 iis,

1104 2046 1164 2073 qua!
1186 2041 1249 2065 sunt
1271 2043 1368 2073 prmter
1387 2042 1521 2066 naturam.
1538 2039 1573 2066 Et
1596 2046 1690 2067 manus
1704 2040 1812 2076 quidem
1835 2049 1895 2069 cum

1104 2083 1222 2119 rapiunt,
1238 2091 1267 2111 se
1290 2083 1447 2116 occultant,
1463 2089 1490 2112 et
1512 2085 1696 2113 defensionem
1711 2092 1850 2121 quarunt;
1872 2088 1897 2115 si

1105 2138 1171 2158 vero
1186 2129 1386 2166 eleemosynam
1403 2129 1477 2165 dent,
1493 2131 1573 2158 etiam
1588 2131 1747 2166 gloriantur.
1762 2132 1856 2168 Itaque
1875 2133 1898 2161 si

1105 2176 1230 2209 velimus,
1244 2183 1368 2211 magnam
1381 2176 1498 2211 undique
1508 2176 1639 2204 habemus
1652 2177 1686 2204 ad
1696 2179 1821 2206 virtutem
1837 2186 1898 2214 pro-

1107 2222 1274 2257 pensionem.
1299 2221 1327 2250 Si
1348 2226 1438 2250 autem
1454 2222 1521 2251 mihi
1541 2223 1705 2259 voluptatem
1725 2233 1758 2252 ex
1781 2227 1903 2261 nequitia

1107 2273 1210 2303 partam
1232 2268 1316 2301 dicas,
1331 2269 1419 2304 cogita
1442 2275 1492 2296 nos
1515 2268 1589 2296 illam
1611 2270 1739 2305 majorem
1753 2279 1786 2299 ex
1800 2272 1899 2300 virtute

1107 2314 1263 2349 decerpere.
1277 2313 1382 2342 Etenim
1399 2314 1497 2342 bonam
1513 2314 1614 2343 habere
1624 2311 1827 2348 conscientiam,
1842 2325 1900 2344 om-

1107 2360 1185 2388 nibus
1201 2361 1227 2387 in
1251 2360 1428 2388 admiratione
1442 2369 1514 2395 csse,
1527 2361 1681 2398 bonamque
1703 2371 1778 2398 sporn
1796 2369 1898 2397 tenere,

1106 2406 1225 2433 omnium
1237 2406 1462 2441 jucundissimum
1471 2412 1513 2435 est
1522 2408 1558 2441 ei,
1565 2409 1610 2443 qui
1622 2409 1767 2444 voluptatis
1778 2415 1899 2438 naturam

1107 2452 1297 2487 perpenderit',
1313 2457 1341 2480 ut
1355 2453 1490 2481 contraria
1500 2455 1622 2482 omnium
1636 2456 1826 2484 molestissima
1838 2462 1901 2483 sunt

1106 2500 1141 2533 ei,
1151 2501 1195 2536 qui
1204 2499 1306 2528 doloris
1320 2505 1442 2528 naturam
1455 2502 1544 2529 novit:
1558 2502 1632 2530 verbi
1645 2503 1740 2538 gratia,
1756 2509 1782 2530 et
1795 2504 1900 2538 probris

1106 2546 1141 2573 ab
1160 2545 1284 2574 omnibus
1307 2546 1378 2573 afﬁci
1393 2551 1419 2574 et
1436 2555 1451 2574 a
1475 2554 1505 2575 se
1522 2548 1581 2582 ipso
1602 2549 1734 2583 accusari,
1751 2551 1847 2577 timere
1865 2557 1897 2576 ae

1108 2597 1225 2620 tremere
1243 2594 1383 2627 praesentia
1397 2600 1428 2620 ac
1442 2593 1540 2621 futura.

1143 2640 1170 2669 5.
1196 2640 1318 2676 Voluptas
1333 2640 1413 2667 brevis
1428 2644 1474 2673 est,
1490 2639 1564 2668 dolor
1576 2642 1635 2669 hinc
1650 2647 1739 2676 partus
1753 2647 1900 2678 perpetuus.

1108 2689 1182 2716 —Et
1201 2693 1231 2716 ut
1253 2689 1279 2717 id
1300 2689 1371 2724 quod
1386 2689 1446 2717 dico
1460 2689 1560 2717 clarius
1580 2689 1694 2722 evadat,
1718 2695 1899 2723 supponamus

1107 2736 1259 2771 quempiam
1274 2744 1385 2764 uxorem
1408 2736 1549 2765 habentem
1568 2737 1683 2772 proximi
1707 2736 1812 2770 nuptias
1837 2743 1898 2769 per-

1109 2780 1211 2816 fodere,
1223 2787 1250 2810 et
1258 2790 1290 2810 ex
1307 2783 1356 2811 hoc
1371 2783 1494 2819 improbo
1510 2783 1580 2811 furto
1594 2783 1637 2810 illa
1653 2783 1703 2810 frui
1714 2790 1792 2816 quam
1804 2787 1874 2809 amat
1888 2792 1894 2813 ;

1107 2828 1205 2856 deinde
1228 2828 1309 2857 alium
1334 2829 1395 2858 huic
1416 2837 1602 2866 opponamus,
1620 2829 1664 2864 qui
1687 2836 1799 2856 uxorem
1820 2836 1894 2856 suam
