2046 3114
151 130 200 158 £87

149 188 342 225 complectatur
357 197 363 215 :
380 191 461 222 utque
475 186 587 214 victoria
602 185 700 214 clarior
714 184 824 219 evadat,
840 184 882 210 hic
895 184 940 220 qui

150 237 204 263 uola
218 243 266 264 sua
279 243 362 264 uxore
375 234 488 266 fruitur,
499 234 580 262 etiam
596 233 667 261 illam
682 236 754 260 amet
769 239 828 268 qua:
838 231 941 259 adulte-

150 287 240 315 ratur,
258 282 306 310 sed
322 289 440 309 amorem
463 281 587 308 cohibeat
611 279 730 314 nihilque
751 278 814 305 ntali
841 278 939 313 faciat,

148 337 307 365 quamquam
325 337 357 356 ne
373 328 424 355 hoc
434 327 540 363 quidem
552 331 593 354 est
604 333 668 362 pura
684 325 859 360 temperantia
873 333 879 356 ;
894 332 941 352 ve-

150 384 206 403 rum
221 375 254 402 ad
278 375 382 402 libitum
394 395 401 408 ,
418 378 447 400 ut
470 373 557 400 discas
569 376 666 407 quanta
691 371 726 398 sit
741 371 847 398 virtutis
863 370 939 397 volu-

149 426 217 455 ptas,
234 420 294 448 ideo
307 419 458 455 hujusmodi
471 419 562 446 drama
577 417 737 445 efﬁnximus.
753 417 800 445 llis
814 424 877 452 ergo
887 424 938 444 una

147 466 308 502 comparatis
318 487 325 499 ,
341 466 381 493 sic
393 465 486 492 ambos
499 465 704 500 interrogemus,
720 463 804 491 utrius
817 463 868 490 vita
880 463 939 489 dul-

148 513 222 540 cior:
237 511 366 541 etaudies
379 511 453 538 illum
468 510 575 546 quidem
589 510 748 546 gloriantem
760 513 787 537 et
799 511 936 538 exsultan-

148 563 199 588 tem
214 558 247 585 de
260 557 372 585 victoria
383 577 391 591 ,
406 564 486 592 quam
501 561 592 584 contra
611 555 748 584 libidinem
771 557 936 591 reportavit;

148 605 217 630 Inmc
231 610 311 636 vero;
325 603 378 630 imo
390 610 442 630 non
454 602 661 637 exspectandum
673 607 714 630 est
728 608 754 629 ut
765 602 800 629 ab
813 602 859 629 illo
873 604 936 638 quid

146 649 296 677 ediscamus
314 658 320 676 :
337 648 440 677 videbis
459 649 530 678 enim
554 649 628 677 illum
641 669 649 682 ,
661 649 765 676 etiamsi
789 649 815 676 id
840 650 936 677 millies

147 695 298 730 negaverit,
314 695 493 725 miserabilius
503 703 584 730 quam
599 695 616 722 ii
636 695 681 730 qui
699 699 762 722 sunt
782 695 807 722 in
823 696 935 723 vinculis

144 741 280 769 allectum.
297 741 363 773 Nam
377 748 471 768 omnes
490 740 565 768 timet
579 745 607 768 et
625 745 764 775 SuspectOs
787 740 886 774 habet,
910 746 936 769 et

145 795 255 816 uvcrem
267 794 341 821 suam
353 790 380 814 et
390 786 518 819 adultera:
528 786 614 813 virum
627 786 765 821 ipsamque
776 786 933 819 adulteram,

145 833 300 865 tiuniliaree,
315 832 416 859 amicos
429 853 436 865 ,
450 836 590 866 cognatos,
606 831 733 865 parietes,
749 831 867 864 umbras,
883 831 936 858 sei-

145 887 220 912 psunt
235 887 241 911 ;
256 883 282 905 et
299 878 368 913 quod
384 883 424 905 est
445 877 564 904 omnium
577 877 762 912 gravissimum
774 898 781 910 ,
797 878 937 905 conscien-

145 927 208 953 tiam
232 925 310 953 habet
333 925 523 952 reelaniantem
547 928 573 951 et
593 924 712 959 quotidie
734 925 886 952 latrantem.
907 924 934 952 Si

142 980 207 1002 vero
217 972 297 1007 etiam
312 971 357 999 Dei
374 971 488 998 tribunal
505 970 531 998 in
548 975 665 998 mentem
679 971 799 1004 venerit,
814 979 847 998 ne
862 976 935 999 stare

142 1017 249 1054 quidem
265 1017 372 1052 poterit.
389 1017 421 1044 Et
436 1017 557 1052 voluptas
568 1016 675 1052 quidem
688 1017 777 1044 brevis
790 1021 841 1050 est,
857 1017 935 1044 dolor

141 1069 230 1091 autent
245 1063 307 1090 hinc
323 1069 414 1098 partus
430 1069 585 1098 perpetuus.
607 1062 673 1090 Nam
695 1067 722 1090 et
741 1070 851 1097 vespere
870 1063 933 1090 etin

141 1116 221 1138 nocte
235 1130 242 1139 .
260 1110 286 1141 in
302 1109 446 1139 solitudine
458 1129 465 1139 .
482 1109 507 1136 in
523 1109 630 1136 civitate
643 1113 670 1136 el
685 1108 783 1143 tibique
795 1114 935 1136 accusator

142 1156 272 1190 sequitur,
288 1154 404 1190 gladium
421 1159 574 1185 monstrans
588 1160 694 1181 acutum
711 1160 738 1182 et
758 1154 933 1182 intolerabilia

141 1201 269 1236 supplicia
283 1222 290 1230 .
308 1206 379 1228 metu
401 1207 562 1231 consumens
587 1200 672 1229 illum.
694 1199 739 1227 Ille
751 1207 816 1227 vero
831 1204 932 1234 tempe-

141 1256 214 1278 rans,
232 1248 274 1274 his
288 1247 413 1274 omnibus
429 1253 540 1280 vacuus,
556 1246 581 1272 in
596 1245 719 1277 libertate
732 1249 781 1276 est,
797 1249 825 1272 et
839 1251 933 1272 secure

140 1302 249 1329 osorem
264 1301 340 1320 suam
354 1292 425 1319 videt
438 1312 445 1324 ,
462 1291 530 1319 filios
541 1312 549 1323 ,
564 1292 664 1318 amicos
682 1312 688 1322 ,
703 1295 730 1317 et
746 1290 835 1318 liberis
849 1290 933 1317 oculis

139 1339 350 1374 111111111118ῃ1οΞι.
376 1338 402 1365 Si
426 1342 515 1365 autem
530 1337 552 1364 is
568 1337 612 1372 qui
625 1342 717 1369 amat,
741 1340 767 1363 et
791 1340 879 1363 tamen
903 1343 932 1362 se

140 1388 278 1419 continet,
306 1391 379 1420 tanta
399 1386 497 1415 fruitur
523 1386 677 1420 voluptate:
693 1385 737 1420 qui
760 1391 814 1410 non
838 1388 930 1416 amat,

141 1435 187 1460 sed
215 1441 280 1469 pure
309 1438 461 1468 temperans
486 1437 545 1466 est,
573 1439 626 1468 quo
655 1436 753 1466 portu,
781 1438 831 1465 qua
858 1435 930 1457 trau-

138 1480 268 1515 qnillitate
289 1487 341 1507 non
354 1475 509 1506 ‘dulciorem
530 1483 556 1505 et
583 1477 758 1512 placidiorem
784 1476 932 1511 possidebit

139 1528 254 1555 animum
268 1525 280 1552 ?
296 1525 357 1552 Ideo
372 1529 445 1552 certe
462 1524 598 1551 adulteros
613 1523 710 1549 videris
727 1529 825 1557 paucos
837 1542 845 1554 ,
862 1527 930 1548 tem-

140 1576 262 1606 perantes
273 1576 360 1598 autem
374 1571 474 1605 plures.
487 1569 562 1605 Quod
577 1569 597 1597 si
614 1569 664 1595 hoc
673 1567 777 1595 dulcius
788 1573 868 1598 esset,
881 1567 931 1595 hoc

140 1619 225 1652 ipsum
242 1617 315 1650 multi
329 1617 467 1651 eligerent.
494 1615 546 1642 Nec
567 1614 630 1641 mihi
649 1614 722 1640 dicas
744 1613 830 1648 legum
851 1614 929 1640 timo-

139 1657 213 1700 rem;
230 1670 316 1697 neque
329 1663 402 1688 enim
417 1662 459 1688 hic
474 1661 533 1688 illos
545 1661 663 1695 continet
676 1681 684 1692 ,
699 1659 745 1686 sed
759 1659 930 1687 absurditatis

139 1707 303 1744 magnitudo,
316 1708 419 1742 etquod
435 1708 508 1742 plura
525 1707 559 1733 ibi
572 1707 625 1733 sint
640 1706 724 1733 tristia
736 1713 815 1740 quam
827 1707 929 1738 suavia,

139 1754 349 1782 «tcouseicutia:
374 1761 480 1788 quoque
502 1753 629 1780 calculus.
647 1753 680 1779 Et
700 1753 805 1780 adulter
820 1753 927 1788 quidem

138 1800 200 1826 Iulis
213 1804 262 1826 est.
276 1799 303 1826 Si
319 1799 403 1834 placet
416 1804 516 1831 autem,
529 1806 638 1824 avarum
649 1805 755 1834 quoque
767 1798 930 1826 adducamus

139 1846 164 1872 in
179 1845 293 1872 medium
305 1866 313 1878 ,
329 1844 410 1871 alium
428 1851 521 1871 rursus
536 1844 654 1879 iniquum
667 1852 785 1871 amorem
801 1845 929 1879 detegen-

139 1897 187 1929 tes.
206 1891 309 1924 Etenim
322 1891 407 1926 ipsum
420 1890 499 1919 etiam
516 1890 663 1920 ridebimus
676 1891 768 1918 eadem
783 1891 928 1918 formidan-

139 1944 202 1975 tem,
218 1946 266 1966 nec
280 1938 411 1965 valentem
424 1946 487 1972 pura
499 1938 548 1964 frui
561 1938 705 1971 voluptate.
718 1938 805 1965 Mente
816 1945 930 1973 namque

137 1993 248 2018 versans
263 1992 308 2012 eos
322 1985 366 2020 qui
388 1985 483 2019 injuria
506 1984 660 2012 afficiuntur
673 2006 680 2016 ,
696 1989 722 2012 et
737 1992 783 2012 eos
795 1985 838 2018 qui
854 1993 928 2012 com-

138 2032 307 2058 miseratione
323 2033 473 2062 ducuntur.
487 2036 513 2058 et
526 2039 694 2058 comnmnem
707 2031 825 2058 oumitnn
839 2031 872 2058 de
885 2031 930 2058 illo

137 2078 267 2118 calculum
282 2099 288 2110 ,
305 2078 378 2106 mille
399 2078 513 2113 agitatur
536 2079 591 2113 ipse
611 2078 744 2106 Iluetibus.
767 2078 858 2114 Neque
879 2079 930 2106 hoc

137 2125 224 2155 solum
246 2125 388 2153 molestum
404 2125 451 2159 ipsi
464 2129 503 2158 est
518 2146 524 2156 ,
541 2124 587 2151 sed
602 2132 688 2159 neque
703 2125 798 2152 dilecta
816 2133 863 2152 sua
880 2125 929 2153 frui

138 2175 234 2207 potest.
249 2170 321 2208 Talis
333 2172 405 2204 enim
427 2176 468 2197 est
483 2178 623 2198 avarorum
643 2178 700 2197 mos
717 2179 724 2197 :
741 2170 840 2197 habent
852 2191 859 2202 ,
877 2179 929 2198 11011

138 2221 166 2243 nt
187 2216 325 2250 fruantur,
340 2216 386 2244 sed
404 2221 432 2243 ut
455 2223 507 2242 non
532 2215 667 2247 fruantur.
685 2215 760 2249 Quod
775 2217 796 2243 si
817 2217 868 2244 hoc
883 2217 928 2244 tibi

137 2271 151 2288 ιι
163 2263 248 2296 nigma
263 2269 322 2289 esse
334 2261 450 2293 videtur,
465 2261 534 2296 quod
547 2261 633 2290 adhuc
645 2261 719 2296 pejus
733 2266 761 2292 et
774 2263 858 2297 magis
870 2270 929 2297 per-

139 2310 245 2343 plexum
260 2313 300 2335 est
313 2308 374 2335 audi
389 2317 394 2334 ε
412 2308 485 2343 ipsos
505 2316 601 2342 nempe
620 2315 673 2335 non
697 2308 757 2335 ideo
777 2309 864 2336 solum
882 2318 929 2337 vo-

138 2355 238 2389 luptate
253 2353 362 2389 privari,
373 2354 444 2391 quod
458 2362 511 2381 non
522 2354 639 2391 audeant
647 2354 724 2382 bonis
736 2353 787 2382 frui
797 2360 825 2389 ut
836 2356 928 2389 velint,

139 2401 185 2427 sed
200 2400 279 2427 etiam
295 2400 366 2435 quod
383 2408 526 2434 numquam
545 2400 704 2433 impleantur
714 2422 721 2434 ,
734 2409 766 2428 ac
783 2409 889 2436 semper
904 2403 929 2429 in

139 2447 182 2474 siti
199 2451 339 2474 versentur
353 2454 360 2472 :
377 2454 429 2481 quo
442 2446 505 2481 quid
520 2447 658 2474 molestius
670 2451 697 2474 et
709 2448 816 2482 gravius
830 2448 931 2477 fuerit?

140 2495 173 2519 At
185 2492 272 2527 justus
293 2500 344 2519 non
359 2496 400 2519 est
415 2492 474 2519 talis
487 2513 495 2524 ,
510 2492 556 2520 sed
571 2497 686 2520 tremore
697 2513 704 2525 ,
724 2493 803 2525 odio,
821 2499 891 2521 metu
905 2499 932 2526 et

141 2539 190 2575 hac
207 2538 345 2566 incurabili
359 2538 400 2566 siti
417 2538 483 2565 liber
495 2543 546 2566 est.
562 2539 600 2573 Ae
615 2538 839 2575 quemadmodum
856 2539 930 2567 illum

514 128 542 156 S.
561 126 699 156 JOANNYS
717 124 953 154 CﬂRYSOSTOMl
974 125 1130 153 ARCIIIEP.
1151 126 1416 155 CONSTANTINOP.

1734 128 1785 155 I88

995 192 1089 215 omnes
1101 176 1286 219 eiseerantur,
1302 187 1336 213 ita
1354 186 1414 213 huic
1429 193 1522 213 onlnes
1537 185 1606 213 bene
1619 190 1762 220 precantur
1775 207 1784 219 ,

994 238 1026 258 ac
1040 231 1107 259 sicut
1127 232 1171 259 ille
1186 232 1288 259 nullum
1309 232 1390 260 habet
1403 232 1517 259 amicum
1530 253 1538 265 ,
1561 232 1599 260 sic
1615 232 1664 259 iste
1684 231 1785 259 nullum

993 277 1140 305 inimicum.
1155 278 1222 312 Quid
1239 279 1326 314 igitur,
1339 278 1398 306 h:ec
1411 279 1436 305 in
1450 278 1574 306 confesso
1584 285 1645 305 cum
1659 277 1723 310 sint,
1739 283 1786 304 aut

994 324 1110 359 nequitia
1126 325 1305 360 injucundins,
1321 330 1367 352 aut
1383 325 1479 352 virtute
1493 324 1600 351 suavius
1616 322 1784 351 fuerit?lmo

993 378 1058 398 vero
1079 371 1184 399 etiamsi
1210 372 1348 399 innumera
1373 371 1539 405 dixerimus,
1556 378 1634 398 nemo
1657 370 1699 398 vel
1726 370 1796 409 vitii.

993 424 1136 444 mmrnrem
1147 439 1155 451 ,
1174 418 1215 445 vel
1230 417 1336 448 virtutis
1351 418 1515 452 voluptatem
1530 417 1618 445 verbis
1633 416 1784 451 exprimere

993 464 1091 498 possit,
1107 464 1194 495 donec
1208 464 1250 492 illa
1267 464 1396 492 fruamur.
1411 465 1486 492 Tunc
1498 464 1569 491 enim
1584 468 1610 491 et
1634 462 1695 490 felle
1710 470 1784 489 ama-

991 511 1047 537 rius
1061 509 1227 541 inveniemus
1241 511 1335 538 vitium
1345 532 1352 543 ,
1367 519 1426 538 cum
1442 511 1493 538 mel
1508 510 1613 538 virtutis
1628 509 1782 544 degustabi-

991 565 1061 584 mus.
1077 556 1126 585 Est
1139 557 1210 584 enim
1222 557 1302 585 etiam
1317 565 1387 585 nunc
1400 557 1502 590 vitium,
1518 555 1703 592 injucundum,
1717 562 1783 582 onc-

991 611 1083 631 rosum
1096 609 1122 631 et
1136 603 1276 632 molestum
1291 613 1297 637 ;
1312 604 1383 640 quod
1398 612 1483 640 neque
1497 603 1532 632 illi
1546 607 1655 638 negant,
1670 602 1715 638 qui
1731 601 1781 637 ipsi

991 650 1153 677 famulantur
1167 659 1172 676 :
1187 657 1247 678 cum
1270 656 1358 678 autem
1375 650 1408 677 ab
1423 651 1466 677 illo
1480 650 1690 678 abscesserimus
1701 669 1708 680 ,
1724 652 1781 677 tum

991 695 1062 722 illius
1072 695 1166 723 acerba
1175 695 1248 730 jussa
1262 696 1412 724 accur.-tius
1425 696 1580 723 sentiemus.
1593 694 1668 728 Quod
1680 693 1701 720 si
1713 693 1782 720 mul-.

992 741 1009 767 11
1024 740 1056 768 ad
1072 741 1136 768 illud
1149 747 1299 774 accurraut,
1315 742 1379 769 nihil
1394 743 1490 770 mirum
1503 750 1511 774 ;
1524 739 1738 777 quandoquidem
1753 741 1780 768 et

990 787 1063 820 pueri
1084 794 1172 821 smpe,
1189 789 1277 816 minus
1296 788 1382 817 dulcia
1407 788 1554 823 eligentes,
1570 794 1600 814 ea
1615 793 1675 821 qua:
1695 784 1781 819 magis

987 832 1122 862 delectant
1141 833 1313 869 despiciunt,
1327 839 1354 862 et
1366 833 1459 869 (egroti
1484 841 1533 868 pro
1557 832 1626 860 Iluxa
1652 831 1780 865 brevique

987 881 1071 914 gratia
1095 885 1251 916 perpetuam
1279 881 1458 915 tutioremque
1478 878 1599 906 laetitiam
1620 878 1768 908 amiserunt

988 927 1044 954 Iloc
1056 932 1144 954 autem
1157 935 1191 954 ex
1201 927 1346 954 amantium
1359 925 1540 954 imbecillitate
1552 929 1579 952 et
1591 924 1703 951 stultitia
1715 931 1776 958 pro,-

988 973 1070 1006 vrnit,
1088 980 1140 999 non
1155 981 1187 1000 ex
1202 973 1258 1008 ipsa
1279 980 1367 999 rerum
1383 976 1487 1001 natura.
1504 971 1554 1004 Qui
1569 970 1641 998 enim
1655 977 1714 996 cum
1729 976 1778 1000 vo:

987 1018 1087 1053 lnptale
1103 1019 1184 1052 vivit,
1209 1018 1231 1045 is
1246 1023 1286 1045 est
1301 1018 1345 1053 qui
1360 1018 1485 1044 virtutem
1500 1020 1620 1045 sectatur
1631 1035 1639 1047 ,
1655 1015 1698 1050 qui
1715 1021 1780 1041 vere

986 1063 1061 1090 dives
1074 1069 1099 1090 et
1115 1071 1177 1091 vere
1190 1064 1256 1090 liber
1267 1068 1317 1090 cst.
1332 1063 1408 1096 Quod
1424 1063 1446 1089 si
1461 1062 1521 1097 quis
1533 1061 1583 1088 alia
1598 1060 1704 1096 quidem
1721 1060 1776 1086 vir-

986 1110 1034 1137 tuti
1047 1110 1222 1142 concesserit,
1238 1109 1398 1140 libertatem,
1414 1109 1584 1136 securitatem
1595 1129 1603 1140 ,
1617 1115 1631 1133 a
1645 1106 1715 1134 curis
1728 1113 1775 1132 va-

985 1163 1063 1182 cuum
1078 1163 1156 1188 csse,
1178 1156 1311 1183 nrminem
1335 1155 1446 1186 timere,
1469 1155 1601 1182 neminem
1623 1156 1776 1188 suspectum

986 1201 1083 1229 habere
1097 1210 1104 1234 ;
1131 1202 1296 1237 voluptatem
1314 1210 1377 1230 vero
1396 1202 1444 1236 ipsi
1466 1209 1519 1228 non
1533 1199 1695 1228 concesserit
1709 1220 1716 1232 ,
1733 1199 1775 1226 hic

985 1247 1050 1274 mihi
1071 1248 1095 1274 in
1120 1253 1236 1275 mentem
1259 1247 1348 1275 veniet
1370 1247 1480 1282 profuse
1499 1246 1598 1274 ridere.
1613 1245 1681 1280 Quid
1703 1245 1775 1273 enim

983 1293 1055 1320 aliud
1071 1299 1109 1320 est
1124 1294 1255 1328 voluptas,
1271 1301 1350 1328 quam
1367 1303 1382 1320 a
1397 1294 1469 1321 euris
1481 1294 1586 1321 liberari
1600 1314 1607 1324 ,
1628 1301 1642 1320 a
1659 1293 1753 1320 timore
1765 1312 1772 1324 ,

983 1348 998 1366 a
1015 1349 1142 1374 ina-rore,
1167 1345 1195 1368 et
1212 1349 1226 1368 a
1247 1341 1318 1369 nulla
1339 1349 1368 1369 re
1383 1348 1461 1376 posse
1477 1340 1593 1368 vinciri?
1608 1340 1672 1367 Uter
1683 1340 1753 1366 enim
1765 1359 1774 1373 ,

984 1395 1073 1422 quatso
1083 1408 1090 1419 ,
1106 1388 1132 1414 111
1146 1388 1282 1422 voluptate
1297 1393 1335 1415 est
1350 1407 1357 1420 ,
1372 1387 1429 1414 isne
1443 1387 1487 1422 qui
1504 1387 1577 1419 furit,
1593 1386 1706 1421 agitatur
1718 1391 1745 1412 et
1758 1393 1773 1413 a

984 1433 1076 1460 multis
1085 1433 1274 1468 cupiditatibus
1289 1434 1453 1465 confoditur,
1477 1441 1562 1468 neque
1575 1432 1644 1467 apud
1665 1439 1694 1458 se
1706 1439 1772 1459 con~

983 1480 1070 1511 sistit;
1087 1487 1119 1507 an
1136 1480 1180 1514 qui
1198 1479 1232 1507 ab
1255 1479 1379 1506 omnibus
1402 1479 1475 1506 hisce
1495 1479 1619 1506 fluctibus
1635 1478 1702 1505 liber
1715 1497 1723 1508 .
1747 1478 1773 1508 in

983 1525 1150 1560 philosophia
1177 1533 1226 1552 ceu
1248 1525 1273 1552 iu
1296 1530 1374 1560 portu
1399 1525 1496 1552 sedet?
1511 1532 1599 1551 annon
1624 1524 1708 1558 palam
1732 1528 1774 1550 cst

984 1571 1053 1598 hunc
1066 1571 1146 1598 esse?
1160 1570 1211 1598 Sed
1226 1570 1276 1598 hoc
1288 1571 1407 1598 cernitur
1417 1570 1507 1597 virtuti
1521 1570 1665 1604 proprium.
1682 1569 1775 1604 Itaque

983 1617 1074 1644 vitium
1089 1616 1174 1643 solum
1191 1624 1288 1643 nomen
1302 1616 1380 1643 habet
1393 1616 1537 1650 voluptatis
1547 1637 1554 1649 ,
1570 1623 1599 1642 re
1612 1621 1700 1642 autem
1716 1616 1773 1649 ipsa

983 1671 1093 1690 vacuum
1107 1668 1167 1691 est:
1183 1668 1210 1690 et
1224 1668 1366 1698 antequam
1390 1663 1433 1690 illa
1459 1663 1573 1695 fruaris,
1594 1662 1695 1689 insania
1711 1667 1752 1688 est
1763 1682 1770 1693 .

982 1717 1035 1735 nou
1051 1709 1191 1742 voluptas;
1207 1714 1346 1744 postquam
1361 1709 1404 1735 illa
1419 1709 1469 1735 frui
1482 1709 1631 1743 contigerit,
1647 1709 1701 1742 ipsa
1715 1714 1770 1735 sta-

983 1755 1029 1781 tim
1045 1755 1230 1789 exstinguitur.
1246 1755 1273 1781 81
1287 1762 1352 1790 ergo
1365 1763 1449 1789 neque
1470 1755 1562 1785 initio,
1578 1762 1663 1789 neque
1679 1759 1771 1787 pnslca

983 1800 1044 1826 licet
1057 1800 1114 1834 ejus
1125 1800 1216 1827 videre
1232 1800 1404 1835 voluptatem.
1417 1800 1459 1826 tibi
1471 1805 1595 1827 0011101111-
1606 1805 1632 1826 et
1643 1799 1748 1833 quando
1759 1799 1770 1825 2

983 1844 1016 1872 Ut
1031 1850 1120 1872 autem
1135 1845 1160 1872 id
1173 1845 1243 1880 quod
1258 1845 1318 1872 dico
1331 1846 1429 1872 clarius
1443 1845 1564 1877 ediscas,
1578 1845 1701 1878 exemplo
1714 1853 1771 1872 rem

983 1897 1127 1918 tractemus
1139 1900 1145 1917 :
1159 1891 1266 1918 attende
1279 1895 1377 1918 autem.
1389 1891 1488 1925 Captus
1499 1895 1539 1918 est
1553 1891 1682 1925 quispiam
1695 1897 1771 1917 amo-

983 1945 1011 1965 re
1026 1938 1144 1965 mulieris
1160 1937 1278 1973 pulchrte
1293 1942 1320 1965 et
1335 1936 1478 1964 formosae:
1496 1937 1538 1964 hic
1550 1937 1634 1964 donec
1647 1944 1773 1971 assequa-

983 1989 1024 2011 tur
1039 1988 1174 2018 optatmn,
1191 1982 1338 2010 furentibus
1351 1987 1378 2010 et
1400 1983 1500 2009 insanis
1513 1983 1607 2009 similis
1623 1987 1682 2013 est;
1700 1986 1772 2016 post-

982 2037 1062 2065 quam
1086 2034 1175 2056 antem
1202 2033 1361 2064 assequntus
1382 2028 1700 2062 cst,coucupiscentiam
1727 2036 1771 2054 ex-

982 2077 1084 2104 stinxit.
1100 2077 1127 2103 Si
1143 2083 1207 2110 ergo
1221 2084 1306 2110 neque
1320 2075 1395 2102 initio
1405 2075 1567 2109 voluptatem
1583 2075 1683 2106 habet;
1700 2074 1773 2102 furor

982 2124 1052 2150 enim
1066 2127 1128 2149 111110
1142 2127 1182 2149 est
1194 2130 1201 2154 ;
1218 2130 1302 2156 neque
1314 2122 1338 2149 in
1353 2121 1420 2153 (lue;
1434 2129 1494 2148 nam
1505 2121 1646 2149 concubitu
1660 2125 1771 2148 wstrum

982 2169 1109 2197 chIinxit
1122 2178 1128 2196 :
1145 2169 1250 2195 ubinam
1266 2168 1337 2195 illum
1355 2167 1542 2194 inveniemus?
1556 2166 1609 2194 Sed
1621 2175 1663 2194 res
1675 2173 1773 2197 nostric

983 2223 1034 2242 nou
1052 2215 1086 2241 ita
1104 2223 1133 2242 se
1151 2215 1260 2246 habent,
1284 2213 1330 2241 sed
1356 2213 1430 2240 initio
1457 2214 1656 2247 perturbatione
1682 2221 1776 2246 vacuae,

981 2266 1054 2293 sunt,
1069 2265 1093 2288 et
1110 2267 1192 2294 IISI|IIC
1208 2260 1234 2286 in
1256 2261 1335 2286 11110111
1350 2260 1471 2293 voluptas
1493 2260 1585 2293 vigens
1598 2265 1750 2293 perseverat
1765 2268 1772 2291 ;

983 2307 1036 2334 11110
1054 2307 1141 2342 potius
1157 2314 1209 2334 non
1233 2307 1292 2333 finis
1314 2311 1355 2332 est
1369 2306 1510 2340 voluptatis
1525 2306 1549 2332 in
1576 2307 1652 2332 nobis
1664 2327 1672 2337 ,
1688 2313 1774 2341 neque

983 2344 1051 2381 boaa
1068 2358 1158 2380 nostra
1180 2354 1323 2380 terminum
1347 2352 1463 2384 habent,
1479 2360 1566 2386 neque
1582 2352 1638 2379 lucc
1653 2352 1775 2386 voluptas

983 2407 1107 2434 umquam
1118 2398 1281 2425 dissolvitur.
1294 2397 1356 2424 Ilicc
1368 2398 1458 2431 itaque
1473 2397 1561 2423 omnia
1577 2397 1736 2432 cogitantes.
1750 2397 1775 2427 si

984 2446 1146 2480 voluptatem
1157 2451 1288 2476 amamus,
1302 2444 1426 2470 virtutem
1435 2443 1622 2476 suscipiamus,
1635 2448 1663 2469 ut
1671 2448 1697 2469 et
1707 2451 1760 2477 pr.c
1768 2457 1775 2462 -

983 2493 1068 2523 sentin
1088 2496 1114 2518 et
1139 2491 1223 2517 futura
1245 2489 1314 2516 bona
1329 2496 1502 2524 assequamur
1519 2497 1525 2514 :
1541 2496 1600 2523 quae
1617 2489 1716 2516 utinam
1729 2497 1777 2516 nos

984 2546 1078 2568 omnes
1089 2537 1199 2573 adipisci
1212 2536 1358 2570 contingat,
1373 2535 1456 2570 gratia
1471 2539 1497 2562 et
1513 2535 1689 2569 benignitate,
1702 2539 1755 2562 etc.

139 2719 206 2755 (jar.
219 2717 246 2745 ‘J.
262 2723 290 2750 tt.
305 2716 351 2744 21.
367 2715 477 2751 Nescitis
492 2716 560 2750 quod
575 2716 610 2746 ii,
625 2715 668 2749 qui
684 2716 709 2741 iu
723 2715 805 2742 stadio
816 2721 931 2752 currunt,

178 2771 264 2790 unane:
276 2763 374 2798 quidem
388 2767 491 2789 cun-unt
501 2783 508 2793 ,
522 2763 566 2789 sed
581 2770 646 2788 unus
659 2762 750 2796 occipit
765 2762 875 2789 brevium
887 2764 900 2789 ?

181 2812 205 2836 Ι.
218 2809 282 2836 Cum
294 2809 465 2839 ostendisset,
477 2816 533 2834 rem
545 2816 604 2835 esse
615 2807 759 2834 admodum
772 2809 862 2835 ntilcm
875 2816 935 2836 sese

147 2860 333 2893 attetnpcrare,
343 2859 370 2882 et
384 2855 521 2890 lianc-csso
532 2861 665 2880 summam
682 2854 873 2888 perfectionem
887 2864 893 2882 :
907 2860 934 2882 et

804 2643 976 2676 HOM‘ILIA
997 2645 1116 2676 XXIII.

984 2717 1055 2752 quod
1065 2717 1120 2751 ipse
1130 2715 1250 2750 (Paulus)
1258 2736 1263 2746 ,
1271 2722 1332 2742 cum
1341 2713 1400 2750 plus
1409 2721 1488 2748 quam
1499 2720 1592 2740 omnes
1598 2711 1630 2739 ad
1640 2711 1782 2746 perfectio-

985 2754 1046 2800 nem
1071 2761 1254 2793 ascendisset,
1271 2760 1325 2787 imo
1340 2758 1549 2787 transcendiSset
1562 2778 1568 2789 ,
1582 2765 1615 2784 eo
1629 2756 1700 2792 quod
1725 2756 1734 2791 (
1747 2756 1780 2783 ad

986 2809 1085 2835 vietum
1101 2805 1270 2840 necessaria)
1286 2813 1339 2833 non
1355 2805 1504 2839 acceperit,
1520 2804 1579 2838 plus
1596 2811 1674 2837 quant
1689 2810 1783 2830 omnes

986 2843 1076 2888 postea
1091 2852 1270 2886 descenderit,
1286 2855 1314 2879 et
1328 2847 1467 2886 utriusque
1482 2849 1520 2878 rei
1535 2853 1654 2884 tempora
1670 2851 1730 2876 uota
1744 2848 1782 2879 lcv
