2046 3114
163 145 213 174 189

162 204 242 232 cisset
262 200 352 234 nobis,
366 200 540 237 perfectionis
555 205 653 234 nempe
667 203 694 226 et
706 198 953 234 attemperatlonis;

161 249 213 284 jam
230 247 290 275 illos
304 247 396 274 acrius
411 246 583 281 perstringit,
597 244 769 272 subindicans
780 243 831 272 hoc
843 244 877 271 ab
891 244 956 278 ipsis

163 292 342 327 factum,quod
353 291 524 327 perfectionis
533 297 594 318 esse
601 290 816 323 videtur,vanum
826 295 851 317 et
863 297 956 324 super-

162 341 242 367 fluum
258 345 319 366 esse
342 338 474 365 laborem.
489 337 581 372 Neque
604 344 659 364 rem
684 336 718 363 ita
738 336 810 363 clare
824 336 905 368 dicit,
923 342 955 362 ne

162 385 342 422 impudentius
361 387 488 420 agerent:
501 392 548 419 per
561 384 604 411 illa
615 388 703 410 autem
715 391 774 417 qua;
788 382 892 417 probat,
906 382 956 408 hoc

160 433 286 460 ostendit.
301 432 336 460 Et
350 439 411 459 cum
426 429 542 458 dixisset
560 430 621 457 illos
634 430 658 456 in
674 429 808 456 Christum
825 435 936 463 peccare
946 448 954 460 ,

161 485 187 506 ct
198 479 296 506 fratres
311 478 442 513 perdere,
455 475 575 511 nihilque
590 476 651 502 illos
665 474 787 502 utilitatis
805 473 926 507 accipere
940 480 955 499 a

161 523 278 559 perfecta
294 523 428 556 scientia,
445 522 494 548 nisi
509 521 581 547 adsit
595 520 714 551 caritas;
731 526 824 546 rursus
836 518 870 546 ad
881 526 955 545 com-

160 578 240 598 nnme
252 570 407 604 exemplum
422 568 494 595 rcnit
508 572 534 594 ct
548 567 585 593 ait
598 576 604 592 :
621 566 731 593 Nescitis
744 565 811 600 quod
824 565 842 591 ii
853 585 860 597 ,
876 564 919 598 qui
930 565 955 590 in

159 617 242 645 stadio
256 621 379 648 currunt,
396 622 481 642 omnes
494 614 595 649 quidem
612 618 714 640 currunt
727 633 734 644 ,
748 612 792 639 sed
806 620 870 638 unus
887 611 955 637 acci-

161 664 199 699 pit
215 663 330 690 brevium
340 662 354 690 .’
368 661 424 689 lloc
438 665 528 688 autem
542 659 617 691 dicit,
630 667 682 686 non
695 658 770 694 quasi
784 658 826 686 hic
841 664 909 684 unus
923 664 956 684 ex

161 709 252 736 multis
266 708 381 736 salutem
403 707 439 734 sit
461 710 694 741 consequuturos,
711 705 797 736 absit;
821 703 868 730 sed
886 703 956 738 quod

161 762 212 782 nos
224 753 371 780 debeamus
386 752 502 779 studium
516 751 645 778 adhibere
658 750 780 776 ntnlttttn.
797 749 872 776 Sicut
885 748 956 775 enim

162 799 200 827 ibi
214 799 306 827 multis
320 799 347 825 in
361 798 477 825 stadium
491 796 733 828 descendentibus,
751 802 803 822 non
824 801 957 821 coronan-

162 851 206 872 tur
217 845 303 876 multi,
316 844 363 871 sed
380 851 448 871 unus
461 843 487 870 id
502 842 669 877 assequitur;
691 848 739 868 nec
750 840 848 867 sufficit
860 840 887 867 in
900 847 958 866 cer-

163 896 252 918 tamen
264 890 431 918 descendere
441 911 448 922 ,
464 897 551 924 neque
566 887 657 923 inungi
672 892 699 914 et
718 891 874 915 concertare
887 895 894 913 :
921 885 957 912 ita

165 943 195 965 et
215 937 256 965 hic
269 944 376 972 quoque
393 944 447 963 non
463 935 529 962 satis
544 940 585 962 est
599 934 757 965 credidisse,
774 939 800 960 et
816 938 958 966 utcumque

164 984 340 1015 decertasse;
360 981 408 1010 sed
424 982 474 1008 nisi
490 981 526 1008 ita
539 987 679 1007 curramus
694 984 722 1006 ut
738 987 821 1013 usque
835 978 860 1005 in
877 978 957 1005 linem

164 1029 314 1064 inculpatos
329 1035 379 1055 nos
394 1027 578 1062 pra-beamus,
595 1030 622 1053 et
642 1025 733 1052 bravio
756 1024 895 1059 propinqui
921 1023 957 1050 si-

163 1083 234 1108 mus,
247 1074 315 1101 nihil
328 1080 514 1107 assequemur.
531 1071 560 1099 Si
574 1072 644 1098 enim
662 1075 687 1097 te
703 1071 849 1105 perfectum
865 1068 959 1095 existi-

163 1127 239 1153 mas,
263 1119 368 1154 inquit,
393 1118 540 1146 secundum
559 1116 698 1143 scientiam
710 1137 717 1147 ,
738 1115 854 1142 nondum
871 1119 959 1141 tamen

164 1171 248 1192 totum
261 1163 390 1199 accipies,
403 1164 427 1190 id
439 1163 509 1198 quod
524 1163 696 1189 subindicans
707 1161 812 1188 diccbat
825 1169 832 1187 :
848 1160 891 1187 Sic
902 1168 960 1186 cur-

163 1212 211 1239 rite
222 1215 250 1238 ut
264 1210 494 1246 contpreltendatis.
520 1208 642 1235 Nondum
665 1215 728 1242 ergo
747 1205 959 1241 comprehende—

163 1263 235 1284 rant.
260 1256 296 1284 Et
319 1264 380 1283 cum
404 1256 440 1283 ita
466 1255 595 1287 dixisset,
620 1254 728 1281 modum
754 1254 834 1281 etiam
862 1253 958 1280 docet:

163 1302 209 1330 25.
233 1301 324 1329 Omnis
339 1306 434 1333 autem,
449 1301 492 1334 qui
507 1301 532 1326 in
546 1308 627 1335 agone
642 1299 785 1331 contendit,
801 1299 831 1325 ab
846 1299 961 1325 omnibus

164 1349 284 1378 abstinet.
301 1345 371 1383 Quid
385 1352 438 1379 est,
455 1347 491 1373 Ab
506 1347 622 1373 omnibus
637 1345 764 1372 abstinet?
786 1344 841 1371 Non
860 1344 893 1371 ab
911 1344 961 1370 hoc

165 1395 274 1430 quidem
290 1393 418 1425 abstinet,
431 1393 458 1420 in
471 1393 524 1420 alio
535 1397 622 1419 autem
635 1396 743 1426 peccat;
760 1390 807 1418 sed
822 1395 848 1417 et
862 1399 875 1417 a
889 1391 960 1424 gula,

164 1447 179 1466 a
194 1440 317 1472 lascivia,
328 1440 362 1467 ab
371 1439 510 1470 ebrietate,
523 1443 550 1465 et
564 1438 597 1465 ab
612 1438 737 1464 omnibus
751 1437 821 1463 vitiis
835 1437 960 1463 abstinet.

164 1485 231 1513 Nam
247 1485 318 1518 hoc.
336 1485 441 1519 inquit,
464 1484 489 1511 in
505 1484 624 1511 extentis
643 1491 749 1517 quoque
772 1481 962 1509 certaminibus

165 1532 338 1560 observatur.
353 1529 447 1566 Neque
467 1530 538 1557 enim
554 1529 718 1556 certantibus
731 1527 884 1554 certaminis
898 1531 963 1566 tem-

167 1586 232 1613 pore
246 1577 376 1606 inebriari
393 1577 455 1603 licet
468 1583 554 1610 neque
569 1574 693 1606 scortari,
710 1581 743 1600 ne
758 1573 829 1600 vires
841 1564 962 1603 solraot‘;

169 1632 254 1660 neque
269 1624 314 1651 alii
331 1623 370 1651 rei
385 1623 501 1658 cuipiam
515 1629 622 1656 operam
639 1621 717 1652 dare;
735 1620 780 1647 sed
795 1620 827 1646 ab
841 1619 964 1645 omnibus

169 1677 280 1706 prorsus
291 1669 480 1699 abscedentes.
494 1668 560 1695 solis
573 1667 718 1702 gymnasiis
728 1666 792 1693 dant
805 1673 924 1700 operam.
936 1665 962 1691 Si

170 1723 258 1744 autem
278 1716 334 1743 illic
349 1715 407 1743 htcc
422 1714 507 1746 fiunt,
528 1713 571 1740 lth
587 1721 686 1740 corona
700 1713 746 1739 uni
761 1713 856 1738 datur:
882 1711 964 1738 multo

173 1763 256 1799 magis
272 1763 327 1795 hic,
343 1763 389 1790 ubi
405 1761 490 1796 major
505 1766 545 1788 est
560 1760 679 1795 largitas.
700 1759 792 1794 Neque
805 1759 875 1786 enim
897 1767 964 1785 unus

175 1814 274 1837 tantum
294 1813 336 1836 est
353 1808 399 1843 qui
420 1812 573 1839 coronatur,
594 1811 622 1833 et
642 1806 750 1840 praemia
766 1805 872 1832 labores
887 1805 965 1839 longe

173 1859 310 1889 superant.
337 1853 455 1888 Ideoque
469 1852 597 1887 pudorem
619 1851 751 1878 incutiens
771 1851 805 1877 ita
824 1850 940 1885 loquitur
957 1859 964 1877 τ

175 1902 207 1929 Et
219 1901 258 1928 illi
271 1901 373 1936 quidem
386 1905 414 1928 ut
428 1898 616 1933 corruptibilcm
630 1905 749 1924 coronam
763 1897 888 1930 accipiant
899 1917 906 1929 ,
921 1905 965 1923 nos

172 1953 256 1975 autem
271 1948 454 1982 incorruptum.
470 1945 517 1972 26.
533 1944 586 1980 Ego
600 1945 678 1980 igitur
688 1944 723 1970 sic
734 1952 818 1974 curro,
835 1951 884 1969 non
894 1943 965 1977 quosi

172 1995 199 2021 iu
213 1994 349 2020 incertum.
370 1992 436 2019 Cum
452 1991 511 2018 illos
525 1992 558 2017 ab
574 1989 691 2017 externis
706 1989 807 2023 pudore
822 1988 964 2020 affecisset,

173 2047 203 2066 se
214 2046 322 2074 quoque
336 2037 445 2065 demum
460 2038 486 2063 in
503 2036 618 2063 medium
633 2035 750 2066 adducit,
767 2035 836 2069 quod
850 2040 890 2061 est
903 2035 967 2068 opti-

176 2093 235 2112 mus
245 2084 375 2112 doctrinm
387 2083 491 2110 modus.
502 2082 603 2109 Idcirco
616 2082 712 2116 ubique
725 2081 759 2107 ita
772 2081 858 2108 facere
870 2081 966 2114 depre-

175 2130 311 2161 henditur.
323 2129 393 2164 Quid
410 2127 462 2155 sibi
478 2128 533 2154 rult
546 2132 647 2154 autem.
664 2126 724 2153 Non
739 2127 764 2153 in
777 2126 918 2152 incertum?
929 2126 967 2152 Ad

175 2183 287 2211 scopum
308 2175 451 2210 quemdam
472 2173 585 2209 aspicio,
600 2172 694 2207 inquit,
717 2180 769 2199 non
790 2171 887 2198 frustra
902 2177 927 2198 et
942 2172 967 2198 in

174 2229 291 2254 cassum,
308 2221 380 2248 sicut
395 2228 454 2247 vos.
469 2219 537 2254 Quid
551 2220 623 2246 enim
638 2218 714 2246 vobis
728 2218 840 2253 amplius
854 2218 967 2250 accedit,

175 2275 235 2297 cum
255 2268 283 2296 in
304 2267 438 2295 idolorutu
460 2266 556 2300 templa
566 2265 699 2297 Jntratis,
715 2264 738 2292 si
760 2265 831 2291 illam
852 2269 969 2291 ostente-

176 2314 210 2342 tis
230 2312 448 2349 perfectionem?
471 2311 554 2339 Nihil.
577 2313 610 2338 At
625 2319 678 2338 non
695 2311 755 2338 talis
768 2318 827 2338 sum
840 2317 889 2345 ego
902 2319 908 2343 ;
923 2310 969 2337 sed

176 2367 352 2396 «monuique
376 2358 463 2391 facio,
487 2358 520 2385 ad
538 2358 651 2385 salutem
676 2357 790 2391 proximi
806 2356 890 2388 facio;
915 2356 971 2383 sire

177 2407 373 2442 perfectionem
387 2405 539 2437 ostendam,
558 2409 668 2440 propter
684 2403 787 2439 ipsum;
804 2404 861 2431 sive
874 2411 916 2430 me
929 2408 971 2430 at-

179 2459 340 2490 temperetn,
357 2457 469 2488 propter
484 2452 570 2487 ipsum
583 2459 591 2484 ;
612 2452 668 2478 sive
683 2451 792 2478 Petrum
806 2458 930 2485 superetn
946 2451 971 2477 in

177 2507 211 2526 eo
223 2498 294 2537 quod
307 2498 374 2526 nihil
385 2497 525 2533 accipiam,
541 2504 574 2524 ne
587 2496 652 2531 ipsis
665 2495 825 2524 oﬂ‘eudiculo
838 2496 904 2528 sim;
918 2496 974 2523 sive

179 2545 238 2580 plus
251 2551 330 2580 quam
345 2551 441 2571 omnes
457 2550 499 2570 me
514 2542 649 2570 demisere
663 2563 670 2577 ,
686 2546 717 2570 ιιι
736 2542 781 2577 qui
796 2542 974 2569 circnmcidar

177 2597 203 2620 et
218 2591 342 2625 tondear,
357 2600 393 2619 ne
407 2590 460 2626 ipsi
472 2590 688 2626 supplantentur.
701 2590 756 2617 lloc
770 2594 811 2616 est
825 2589 900 2619 illud,
914 2588 975 2615 Non

177 2638 204 2665 in
219 2638 353 2666 incertum.
367 2637 409 2665 Tu
424 2645 489 2664 vero
504 2644 560 2668 cur,
576 2643 669 2671 quaeso
685 2641 720 2669 te,
737 2635 857 2662 comedis
871 2636 896 2662 in
910 2640 976 2662 tem-

179 2685 224 2720 pio
235 2683 370 2713 idolorum
380 2684 392 2711 ἳ
401 2683 454 2712 Sed
469 2682 655 2710 rationabilem
669 2689 777 2710 causam
791 2682 910 2716 proferre
924 2689 975 2708 non

181 2730 277 2766 possis.
297 2728 383 2758 Cibus
409 2729 482 2756 enim
509 2732 535 2756 te
561 2735 613 2755 non
641 2727 812 2755 commendat
845 2727 919 2758 Deo,
951 2731 978 2754 ct

166 2786 169 2797 ι
182 2785 267 2813 neque
280 2777 304 2805 si
317 2775 448 2804 comedas
459 2794 468 2807 .
492 2774 552 2810 plus
566 2774 648 2802 habes
661 2781 669 2806 ;
689 2781 776 2808 nequc
791 2774 812 2800 si
835 2781 887 2800 non
902 2780 977 2800 com-

181 2824 268 2856 edas,’
277 2823 381 2850 minus.
403 2821 514 2849 Frustra
531 2827 596 2855 ergo
611 2825 638 2847 et
660 2819 856 2847 inconsiderate
871 2820 978 2847 curris:

181 2867 231 2901 hoc
240 2868 315 2903 enim
330 2868 383 2905 sibi
398 2868 457 2899 vult
471 2867 546 2901 illud,
563 2864 596 2894 In
610 2864 743 2893 incertum.
757 2867 801 2895 Sic
813 2875 908 2904 pugno,
926 2875 975 2893 nam

659 140 692 169 IN
712 140 820 170 EPIST.
842 140 853 168 1
882 139 929 168 AD
946 138 1024 168 0011.
1044 139 1161 168 ιιοιιιι.
1182 140 1277 169 XXIII.

1749 139 1801 170 [0'0

1009 198 1083 232 quasi
1101 207 1185 225 aerem
1199 199 1342 226 verberans.
1359 198 1462 226 Rursus
1477 199 1542 227 illud
1554 220 1562 232 ,
1587 207 1641 228 non
1655 204 1757 229 temere
1773 208 1803 229 et

1009 243 1215 275 inconsiderate.
1228 244 1400 272 subindicans
1413 245 1463 273 hoc
1475 246 1511 272 ait
1524 255 1531 273 :
1546 245 1630 274 habeo
1640 247 1711 273 enim
1722 253 1801 281 quem

1009 288 1101 316 feriam
1115 310 1122 323 ,
1147 298 1244 324 nempe
1256 291 1390 318 diabolum
1405 299 1412 324 ;
1428 296 1456 319 tu
1470 299 1534 319 vero
1549 292 1636 326 ipsum
1651 300 1704 320 non
1718 293 1781 320 feris
1792 314 1800 325 ,

1008 336 1054 362 sed
1079 336 1148 364 vires
1165 342 1223 363 tuas
1246 343 1345 365 temere
1365 338 1492 366 etl'uudis.
1515 339 1622 366 Interim
1645 339 1705 366 illos
1727 340 1802 374 quasi

1008 382 1159 413 sustinens,
1178 383 1211 408 ita
1227 383 1355 418 loquitor.
1372 385 1438 418 Quia
1453 385 1524 411 enim
1540 386 1726 412 vehementius
1743 386 1803 412 illos

1010 428 1156 456 insectatus
1179 429 1265 456 fuerat
1281 430 1305 456 iu
1323 431 1554 464 prrccedentibus,
1571 440 1666 459 rursus
1681 433 1803 467 reprimit

1009 473 1221 508 iucrepatiouem
1232 495 1239 507 ,
1249 475 1282 502 ad
1293 476 1372 502 linem
1382 477 1512 504 orationis
1524 477 1681 512 profundam
1697 478 1802 512 plagam

1009 527 1160 547 reservans.
1178 521 1227 548 llic
1240 522 1311 548 enim
1325 523 1362 548 ait
1377 522 1437 549 illos
1453 526 1552 550 temere
1565 527 1592 550 et
1607 524 1803 551 inconsiderate

1009 574 1092 601 agere
1106 575 1113 598 ;
1135 572 1226 601 postea
1249 568 1383 601 ostendit,
1399 569 1468 602 quod
1490 569 1568 595 etiam
1585 569 1610 596 in
1626 577 1746 604 magnam
1763 570 1802 595 HII

1008 612 1104 646 capitis
1120 613 1263 647 perniciem
1277 634 1284 646 ,
1300 618 1327 640 et
1345 613 1416 648 quod
1437 619 1533 648 prmter
1548 614 1674 641 damnum
1690 615 1799 642 fratrum

1010 665 1096 692 neque
1107 658 1156 692 ipsi
1168 658 1246 692 culpa
1258 663 1356 686 vacent
1369 659 1426 686 hzrc
1437 659 1575 687 audentes.
1587 660 1631 686 27.
1646 660 1698 687 Sed
1709 662 1803 696 castigo

1009 710 1102 737 corpus
1118 711 1200 730 meum
1217 709 1240 730 et
1262 704 1288 730 in
1310 706 1454 731 servitutem
1475 705 1562 740 redigo
1575 725 1582 736 ,
1599 713 1630 732 ne
1649 707 1731 740 forte,
1748 715 1803 732 cum

1009 749 1069 776 aliis
1089 750 1259 784 pra-ditavere
1272 771 1279 782 ,
1301 751 1356 785 ipse
1369 751 1491 786 reprobus
1507 752 1610 786 e/ﬁciar.
1629 752 1675 779 llic
1690 754 1804 779 ostendit

1010 803 1057 822 eos
1081 800 1108 822 et
1136 797 1238 823 ventris
1262 797 1389 831 implendi
1415 797 1550 824 desiderio
1575 798 1678 829 teneri,
1705 803 1731 825 et
1757 799 1804 832 Ipsi

1011 841 1100 868 laxare
1122 841 1239 869 habenas
1253 863 1260 874 ,
1282 847 1309 869 et
1334 843 1506 877 perfectionis
1527 843 1638 870 obtentu
1663 844 1805 878 ingluviem

1012 887 1122 921 implere
1134 895 1208 914 suam
1219 896 1226 920 ;
1238 888 1307 922 quod
1319 889 1443 922 superius
1456 889 1546 917 dicere
1557 889 1732 924 parturiebat,
1744 897 1805 916 cum

1012 932 1046 958 ita
1063 934 1216 967 loqueretur
1231 943 1237 960 :
1262 933 1337 961 Esca:
1351 935 1448 967 ventri,
1464 939 1486 962 et
1506 941 1589 961 venter
1604 936 1668 962 escis
1682 935 1691 971 (
1705 937 1729 962 1.
1746 935 1804 962 Cor.

1012 978 1039 1006 6.
1055 979 1118 1015 15).
1132 979 1199 1012 Quia
1220 980 1289 1006 enim
1306 980 1508 1008 fornicationem
1523 981 1624 1008 delicim
1639 983 1763 1015 pariunt.
1780 987 1807 1008 et

1012 1024 1063 1051 hoc
1079 1025 1181 1059 peperit
1197 1025 1376 1052 idololatriam
1389 1035 1395 1058 ;
1410 1027 1470 1060 jure
1486 1035 1557 1061 szrpe
1574 1028 1642 1054 hunc
1659 1028 1808 1054 insectatur

1012 1071 1146 1097 morbum.
1172 1071 1202 1097 Et
1225 1079 1285 1097 cum
1311 1072 1476 1099 ostendisset
1498 1077 1596 1106 quanta
1623 1080 1717 1107 passus
1736 1079 1807 1100 esset

1013 1121 1122 1150 propter
1137 1116 1316 1151 evangelium,
1328 1116 1378 1144 hoc
1391 1124 1497 1152 quoque
1512 1118 1587 1151 ponit
1601 1126 1660 1145 cum
1677 1119 1737 1146 illis.
1748 1120 1806 1146 Sic-

1014 1166 1042 1188 ut
1063 1162 1133 1188 euim
1147 1183 1154 1194 ,
1171 1162 1273 1196 inquit,
1290 1162 1412 1190 Mandata
1428 1171 1618 1198 supergressus
1636 1172 1712 1196 sum;
1731 1165 1809 1199 idque

1012 1215 1072 1234 eum
1087 1215 1138 1234 non
1155 1208 1213 1236 leve
1230 1209 1294 1235 illud
1310 1210 1443 1243 negotium
1459 1215 1531 1237 esset
1548 1211 1653 1246 (Omnia
1671 1212 1753 1244 enim,
1770 1213 1809 1239 in-

1013 1254 1081 1287 quit,
1096 1254 1260 1287 sustinemus)
1273 1263 1278 1280 :
1295 1254 1330 1281 ita
1344 1259 1371 1281 et
1386 1263 1456 1282 nunc
1469 1255 1583 1283 multum
1599 1257 1719 1283 sustineo
1734 1258 1809 1284 labo—

1014 1307 1070 1326 rem
1085 1320 1092 1331 ,
1118 1305 1147 1327 ut
1171 1305 1354 1335 temperanter
1377 1302 1473 1328 vivant.
1490 1301 1557 1329 Nam
1581 1303 1630 1329 etsi
1654 1311 1707 1330 non
1733 1303 1809 1330 facile

1015 1345 1109 1379 litigari
1136 1351 1224 1380 potest
1238 1354 1298 1372 cum
1315 1346 1462 1380 cupiditate
1484 1352 1510 1374 et
1534 1348 1633 1374 ventris
1649 1350 1789 1384 tyrannide
1801 1370 1808 1382 ,

1015 1396 1129 1418 attamen
1144 1392 1227 1426 ipsam
1245 1393 1370 1424 refreuo,
1387 1400 1436 1419 nec
1455 1401 1498 1420 me
1520 1394 1543 1420 ei
1565 1394 1635 1421 dedo
1648 1396 1808 1429 aegritudini,

1015 1438 1061 1464 sed
1076 1446 1182 1466 ontncm
1199 1439 1281 1465 subeo
1297 1439 1427 1472 laborem,
1444 1445 1471 1466 ut
1485 1447 1518 1467 ne
1534 1441 1568 1468 ab
1582 1441 1624 1468 illa
1641 1442 1789 1468 abstraham

1051 1484 1079 1510 2,
1102 1483 1140 1510 Ne
1162 1485 1232 1510 enim
1251 1485 1349 1518 putetis
1364 1493 1406 1511 tne
1422 1486 1523 1520 absque
1539 1487 1646 1521 negotio
1667 1487 1716 1514 hoc
1741 1496 1809 1521 ιιι-πυ-

1017 1533 1098 1556 stare.
1110 1529 1174 1555 ΝΜιῖ
1183 1537 1277 1557 Clll‘SllS
1287 1535 1326 1556 CSI
1337 1535 1363 1556 Cl
1374 1531 1462 1557 OlllllIS
1477 1539 1571 1566 pugnat
1581 1540 1665 1567 genus
1673 1538 1697 1560 CI
1709 1539 1810 1560 ΙΙίὶῑΙΙΓὲΙξ

1018 1574 1137 1609 tyrannis
1149 1574 1304 1609 frequenter
1322 1576 1471 1610 insurgens,
1487 1581 1515 1603 ιιι
1528 1577 1677 1605 libertatem
1686 1586 1812 1613 assequa-

1017 1625 1060 1647 tur
1075 1628 1081 1646 :
1098 1625 1124 1647 at
1140 1621 1210 1647 illam
1228 1629 1280 1648 non
1302 1621 1380 1655 fero,
1405 1623 1452 1650 sed
1475 1631 1588 1651 cocrceo
1603 1630 1629 1651 ct
1644 1633 1703 1652 cum
1722 1627 1811 1653 multis

1017 1667 1160 1693 sudoribus
1176 1667 1281 1702 subigo.
1294 1667 1356 1695 H:rc
1372 1676 1453 1703 porro
1466 1668 1541 1701 dicit,
1553 1674 1582 1697 ut
1596 1678 1674 1697 nemo
1687 1671 1812 1706 desperet

1018 1713 1044 1740 in
1059 1714 1236 1748 suscipiendis
1260 1722 1307 1748 pro
1322 1714 1420 1741 virtute
1442 1716 1644 1749 certaminibus,
1660 1718 1720 1752 quia
1737 1719 1812 1745 Iaho-

1017 1760 1087 1786 riosa
1101 1768 1144 1786 res
1158 1765 1215 1787 est:
1231 1760 1291 1787 ideo
1304 1761 1350 1793 ait,
1368 1760 1469 1797 Castigo
1494 1767 1517 1789 et
1540 1763 1566 1789 in
1586 1764 1729 1790 servitutem
1753 1765 1811 1792 red-

1017 1805 1069 1840 igo.
1105 1805 1163 1832 Non
1188 1806 1272 1837 dixit,
1306 1806 1422 1839 Occide;
1450 1815 1502 1834 non
1537 1809 1608 1835 enim
1642 1809 1748 1837 inimica
1772 1816 1814 1838 est

1017 1859 1080 1877 caro
1093 1860 1099 1883 ;
1123 1852 1181 1883 sed,
1204 1852 1306 1887 Custigo
1319 1857 1341 1879 et
1356 1853 1381 1879 in
1397 1853 1539 1880 servitutem
1552 1854 1656 1890 redigo,
1677 1856 1747 1890 quod
1763 1856 1813 1883 do-

1019 1899 1082 1925 mini
1098 1904 1148 1930 est,
1164 1907 1215 1925 nott
1232 1899 1330 1926 inimici
1344 1907 1350 1931 ;
1363 1899 1490 1931 doctoris,
1506 1908 1557 1927 non
1574 1900 1674 1931 hostis:
1690 1902 1813 1937 p:t-dotri-

1019 1944 1071 1976 bze,
1088 1953 1140 1970 non
1156 1944 1187 1971 ad
1194 1945 1315 1972 versarii.
1338 1944 1378 1971 Ne
1397 1947 1463 1980 forte
1477 1953 1535 1971 cum
1550 1947 1608 1973 aliis
1623 1947 1792 1980 prmdicuvero
1804 1969 1812 1980 ,

1018 1990 1072 2024 ipse
1086 1989 1207 2024 reprobus
1221 1990 1322 2025 cfﬁcirtr.
1346 1990 1373 2017 Si
1395 1998 1458 2017 vero
1472 1991 1570 2018 Paulus
1590 1992 1639 2019 hoc
1662 1993 1748 2020 timuit
1768 1995 1813 2027 qni

1020 2041 1059 2063 tot
1082 2036 1205 2062 homines
1225 2036 1335 2068 docuit;
1357 2041 1384 2064 et
1406 2037 1492 2064 timuit
1507 2043 1646 2072 postquam
1663 2039 1815 2073 prmdieavtt

1020 2087 1047 2109 et
1066 2082 1151 2109 factus
1173 2087 1213 2109 cst
1233 2083 1362 2116 angelus,
1387 2083 1521 2118 totiusque
1545 2084 1617 2111 orbis
1641 2086 1815 2119 patrocinium

1020 2128 1147 2162 suscepit,
1163 2128 1227 2162 quid
1244 2136 1291 2154 uos
1305 2128 1475 2155 dixerimus?
1493 2137 1526 2156 ne
1545 2130 1643 2164 putetis
1662 2131 1732 2157 enim
1747 2153 1754 2164 ,
1777 2132 1816 2158 Ill-

1021 2174 1090 2209 quit,
1112 2174 1172 2209 quia
1196 2174 1358 2206 credidistis,
1381 2174 1432 2202 hoc
1450 2175 1526 2202 vobis
1547 2175 1670 2203 sufficere
1692 2177 1725 2204 ad
1746 2178 1816 2205 saltt-

1022 2225 1086 2247 tem.
1109 2221 1136 2248 Si
1157 2221 1229 2247 enim
1244 2221 1308 2247 mihi
1323 2221 1493 2255 prmdicassc,
1512 2222 1647 2256 docuisse,
1663 2225 1818 2251 itmumeros

1021 2266 1167 2294 adduxisse
1188 2275 1240 2293 non
1263 2267 1328 2293 satis
1348 2271 1391 2294 est
1410 2267 1443 2294 ad
1467 2268 1579 2295 salutem
1593 2289 1600 2300 ,
1626 2270 1676 2296 nisi
1699 2278 1729 2296 ea
1759 2280 1819 2305 qua:

1023 2320 1066 2341 me
1079 2316 1199 2347 spectant
1215 2312 1349 2347 inculpata
1366 2312 1499 2347 proferam
1513 2322 1520 2344 ς
1537 2315 1621 2341 nmlto
1635 2315 1718 2349 magis
1732 2316 1817 2343 vobis.

1025 2358 1125 2385 Deinde
1146 2358 1178 2384 ad
1202 2358 1253 2384 alia
1276 2358 1398 2392 exempla
1423 2358 1608 2393 progreditur;
1630 2365 1656 2386 et
1685 2365 1714 2387 ut
1741 2366 1819 2388 antea

1025 2404 1145 2438 exempla
1162 2404 1249 2438 posuit
1264 2404 1446 2438 apostolorum
1456 2425 1463 2436 ,
1479 2405 1630 2431 communis
1645 2407 1819 2433 consuetudi-

1026 2451 1078 2482 nis,
1094 2450 1275 2481 sacordotum,
1290 2455 1316 2477 et
1332 2458 1379 2477 sua
1395 2458 1501 2485 quoque
1516 2460 1522 2477 :
1539 2451 1577 2478 sic
1591 2456 1619 2479 et
1639 2461 1709 2480 nunc
1728 2454 1820 2489 Olynt-

1027 2496 1146 2531 picorum
1161 2497 1348 2534 certaminum.
1363 2496 1395 2523 Et
1410 2501 1549 2531 postquam
1564 2505 1610 2524 sua
1623 2499 1719 2532 posuit,
1730 2507 1822 2527 rursus

1027 2543 1060 2569 ad
1075 2543 1198 2578 antiquas
1213 2544 1299 2578 pergit
1313 2543 1449 2571 historias.
1465 2544 1497 2570 Et
1512 2544 1573 2578 quia
1589 2545 1713 2580 asperius
1727 2546 1822 2581 loquu-

1028 2593 1104 2615 turus
1118 2593 1168 2619 est,
1185 2596 1355 2616 communem
1370 2589 1432 2616 facit
1446 2589 1655 2616 admonitionem
1667 2611 1675 2622 ,
1692 2599 1778 2625 neque
1790 2592 1824 2618 de

1029 2634 1173 2668 propositis
1187 2638 1288 2661 tantum
1298 2655 1306 2667 ,
1327 2633 1374 2661 sed
1389 2634 1469 2661 etiam
1485 2634 1518 2661 de
1532 2635 1656 2662 onmibus
1670 2636 1823 2663 Corinthio-

1030 2689 1089 2709 rum
1100 2681 1303 2716 mgritudinibus
1311 2681 1390 2708 verba
1402 2680 1473 2708 facit.
1485 2681 1516 2707 l'lt
1524 2680 1558 2707 de
1570 2682 1687 2709 externis
1699 2682 1824 2708 certami-

1032 2727 1118 2758 nibus,
1129 2726 1247 2758 Nescitis,
1257 2727 1341 2761 inquit
1351 2735 1358 2759 ;
1368 2727 1409 2753 hic
1418 2732 1516 2757 autem.
1529 2726 1665 2763 (ϐαρ-10.)
1676 2727 1772 2754 1.ΝοΙο
1779 2735 1826 2752 au-

1032 2778 1080 2800 tent
1091 2781 1134 2799 vos
1143 2773 1270 2808 ignorare,
1280 2774 1382 2808 fratres.
1393 2773 1448 2800 Hoc
1456 2778 1546 2800 autem
1558 2773 1674 2804 dicebat,
1684 2772 1826 2799 Ostendeus

1034 2820 1105 2854 ipsos
1121 2819 1169 2846 hac
1182 2819 1215 2846 de
1232 2827 1261 2846 rc
1275 2827 1326 2846 non
1341 2827 1401 2846 esse
1416 2819 1559 2846 admodum
1575 2820 1701 2846 eruditos.
1721 2818 1752 2844 Et
1763 2818 1824 2851 quid

1034 2870 1075 2893 cst
1090 2865 1173 2897 illud,
1197 2865 1267 2900 quod
1291 2874 1342 2892 non
1366 2865 1403 2892 vis
1425 2873 1473 2892 nos
1488 2864 1630 2900 ignorare?
1657 2863 1729 2896 Quod
1744 2868 1828 2897 putres
