2046 3114
223 131 270 161 {ﬁt

222 188 302 216 nostri
313 195 400 215 omnes
412 207 420 221 ,
443 186 546 222 inquit,
563 185 608 214 sub
624 184 689 212 nube
707 185 824 220 fuerunt,
838 187 861 210 et
882 190 928 218 per
945 189 1015 208 mare

222 235 373 262 transierunt
383 243 392 261 :
405 233 431 261 2.
440 234 471 261 Et
484 234 511 260 in
525 232 616 267 Moyse
629 230 751 265 baptizati
763 234 822 256 sunt
834 230 861 256 in
874 228 939 256 nube
952 233 975 255 et
989 228 1016 255 in

223 283 287 307 mari
301 288 309 306 :
329 280 354 308 5.
365 279 396 306 Et
413 288 498 306 amna
512 277 625 306 eamdem
639 285 720 304 escam
733 275 890 311 spiritualem
905 275 1014 302 mandu-

221 331 352 358 raverunt,
364 327 390 352 ι.
399 324 433 352 Et
443 324 556 351 eumdem
571 328 657 358 potum
670 321 825 356 spirituatem
839 321 953 348 biberunt
966 320 1017 354 (ἀι-ο

223 373 309 398 turbant
322 371 389 398 enim
402 372 433 397 de
448 369 577 403 spirituali
591 373 756 402 consequente
769 375 812 394 eos
827 372 896 400 petra
914 374 923 392 :
944 370 1016 400 petra

221 422 305 443 autent
317 421 371 443 erat
391 415 506 442 Christus
521 412 649 448 ):5.Sed
673 421 725 439 non
748 413 775 439 in
797 411 910 446 pluribus
929 418 1015 437 eorum

219 463 402 495 tvcneplacitnm
426 465 463 487 est
491 459 554 487 Deo.
583 460 616 486 Et
639 467 691 494 qua
715 459 749 486 de
769 465 848 485 causa
864 457 922 484 hmo
934 456 1014 485 dicit?

222 507 255 534 Ut
265 507 400 539 ostendat,
413 505 484 541 quod
496 506 563 533 sicut
576 505 628 532 illis
640 513 693 532 non
707 504 815 540 profuit,
830 503 899 538 quod
913 506 1013 530 tantum

219 553 370 588 accoperint
397 552 521 584 donum;
549 552 584 579 ita
609 559 696 586 neque
720 551 754 579 iis
778 550 916 586 proderit,
942 548 1013 584 quod

219 599 348 634 baptisma
377 599 532 633 acceperint
557 603 584 625 et
617 597 795 632 spiritualium
825 595 1013 632 mysteriorum

217 649 360 672 consortes
384 644 503 677 fuerint,
530 643 581 671 nisi
604 643 685 670 vitam
707 647 778 670 tanta
800 642 882 677 gratia
906 641 1012 675 dignam

218 689 385 717 exhibeant:
411 689 524 724 ideoque
545 688 653 717 adducit
673 687 841 722 baptismatis
861 692 889 715 et
911 691 1010 722 myste-

217 737 318 763 riorum
334 741 421 771 typos.
435 735 504 769 Quid
517 735 567 762 sibi
582 735 638 762 vult
651 734 727 767 illud,
742 733 775 760 In
792 733 880 769 Moyse
893 732 1013 768 baptizati

216 782 296 808 sunt?
316 781 546 816 Quemadmodum
559 788 610 811 nos
625 780 731 807 Christo
746 779 887 807 credentes
907 783 934 807 et
954 778 1012 813 ejus

217 828 418 862 resurrectioni,
433 828 609 862 baptizamur,
623 831 653 854 ut
663 827 707 861 qui
721 831 749 854 et
759 826 808 861 ipsi
823 825 1012 861 mysteriorum

217 875 359 909 participes
378 873 460 901 futuri
476 874 578 906 simus;
595 873 765 907 Baptizamur
785 872 857 899 enim
872 892 879 903 ,
904 870 1010 905 inquit,

217 927 265 954 pro
281 919 395 946 mortuis
418 919 464 954 (ι.
482 918 541 945 Cor.
558 918 602 945 i5.
617 917 652 945 29
665 918 693 952 );
720 917 745 944 id
768 922 829 949 est,
853 916 1012 952 corporibus

216 965 316 992 nostris
329 974 336 993 :
351 965 387 992 ita
407 970 434 993 et
455 965 511 997 illi,
529 964 612 1000 Moysi
628 963 757 997 ﬁdentes.
774 963 800 990 id
815 967 874 995 est,
889 962 1011 989 videntes

215 1011 290 1038 illum
306 1010 422 1046 primum
440 1010 616 1045 trajicientem
630 1030 638 1043 ,
653 1009 710 1037 ausi
724 1013 786 1036 sunt
799 1013 827 1036 et
841 1008 891 1044 ipsi
905 1015 1011 1042 quoque

215 1057 241 1084 in
255 1063 338 1090 aquas
352 1056 465 1092 ingredi.
479 1056 532 1084 Sed
545 1056 606 1091 quia
623 1056 677 1083 vult
693 1055 802 1091 ﬁguram
817 1061 900 1089 prope
914 1052 1011 1081 verita—

215 1108 268 1131 tem
283 1103 432 1136 adducere,
447 1111 500 1130 non
517 1103 551 1130 ita
566 1103 644 1135 dicit,
662 1101 709 1129 sed
723 1101 843 1129 veritatis
859 1100 1010 1128 nominibus

213 1150 294 1177 etiam
315 1149 342 1177 in
365 1153 428 1184 typo
449 1157 512 1177 usus
532 1153 582 1176 est.
604 1149 635 1175 lit
655 1148 705 1175 hoc
720 1147 827 1183 quidem
843 1150 884 1174 est
902 1145 1007 1182 symbo-

214 1195 268 1222 lnm
284 1195 381 1222 lavacri
395 1202 402 1227 ;
423 1202 484 1229 qua:
500 1199 650 1228 sequuntur
667 1198 755 1221 autem
767 1214 775 1225 ,
797 1200 882 1220 sacra:
898 1199 1006 1219 mensae.

216 1240 250 1268 Ut
273 1240 344 1268 enim
369 1244 395 1267 tu
418 1247 516 1274 corpus
532 1239 697 1267 Dotninicum
713 1239 832 1266 comedis
846 1259 854 1270 .
878 1237 917 1265 sic
932 1242 958 1264 et
972 1236 1008 1264 illi

214 1294 330 1319 manna;
351 1291 379 1314 et
399 1290 428 1313 ut
447 1290 475 1313 tu
496 1286 652 1320 sanguinem
671 1285 756 1317 bibis,
771 1285 806 1312 ita
824 1289 851 1312 et
864 1284 898 1311 illi
912 1291 1009 1318 aquam

212 1333 247 1360 de
266 1337 351 1368 petra.
374 1331 487 1359 Etiamsi
503 1333 574 1359 enim
596 1332 704 1360 sensilia
725 1336 814 1359 essent
832 1331 876 1358 illa
891 1338 951 1366 qua:
966 1331 1009 1358 lie-

213 1377 293 1408 bant,
314 1382 341 1404 at
355 1378 530 1412 spiritualiter
551 1377 758 1413 prmbebantur,
782 1385 835 1404 non
859 1377 1008 1404 secundum

215 1429 316 1450 natura:
336 1423 569 1458 consequentiam.
584 1423 631 1450 sed
652 1431 685 1450 ex
707 1422 771 1450 doni
786 1423 892 1458 gratia;
908 1427 936 1449 et
948 1429 1008 1449 cum

212 1476 325 1503 corpore
340 1469 457 1496 animam
473 1477 580 1504 quoque
594 1469 746 1496 nutriebant
759 1490 766 1502 ,
780 1469 813 1496 ad
829 1469 908 1496 ﬁdem
928 1469 1008 1495 indu-

212 1515 312 1542 centia.
335 1514 397 1542 Ideo
419 1514 453 1542 de
475 1514 535 1541 cibo
551 1515 657 1548 quidem
673 1513 738 1541 nihil
760 1513 846 1546 dixit;
861 1518 918 1540 erat
936 1514 1008 1540 enim

214 1565 341 1592 mutatus,
355 1567 407 1587 non
422 1564 525 1587 tantum
536 1560 625 1591 modo,
640 1560 686 1588 sed
698 1560 777 1587 etiam
790 1564 897 1590 natura;
912 1567 1008 1586 manna

212 1606 310 1640 quippe
325 1610 401 1638 erat;
425 1605 458 1633 de
473 1611 538 1641 potu
557 1613 620 1633 vero
630 1626 637 1637 ,
657 1605 719 1641 quia
733 1605 813 1632 dandi
828 1605 922 1632 modus
935 1605 1009 1632 solus

213 1657 310 1686 prmter
325 1652 477 1685 opinionem
493 1656 561 1684 erat,
577 1652 657 1679 etiam
678 1651 835 1686 probatione
845 1659 913 1687 opus
927 1651 1009 1679 habe-

214 1699 258 1725 bat
272 1706 278 1723 :
301 1697 360 1725 ideo
380 1705 440 1724 cum
462 1697 588 1729 dixisSct,
605 1697 729 1724 Eumdem
744 1702 832 1733 potant
849 1696 1009 1731 spiritualem

218 1744 330 1771 biberunt
344 1764 351 1776 ,
371 1744 509 1779 subjunxit
521 1752 528 1776 ;
543 1743 665 1770 Bibebant
678 1744 744 1770 enim
756 1752 791 1771 ex
804 1744 932 1779 spirituali
945 1752 1007 1771 con-

213 1794 330 1824 sequente
351 1795 442 1824 petra,‘
457 1794 484 1817 et
505 1789 623 1821 addidit,
649 1789 727 1816 Petra
751 1795 835 1816 autem
855 1795 910 1816 erat
933 1789 1009 1817 Chri-

213 1841 277 1861 stus.
294 1834 350 1862 Non
371 1835 443 1862 enim
464 1839 547 1870 petra:
569 1840 664 1862 natura
682 1843 778 1870 aquam
793 1836 931 1863 emittebat
943 1857 951 1868 ,
966 1837 1009 1863 in-

213 1881 285 1916 quit,
312 1881 427 1916 alioquin
452 1886 542 1909 atttem
566 1885 644 1908 antea
671 1881 857 1914 scaturiisset;
888 1882 934 1909 sed
958 1882 1008 1909 alia

215 1927 337 1959 qitaadatn
353 1931 426 1961 petra
443 1926 588 1962 spiritualis
605 1927 656 1954 hoc
670 1932 754 1954 totum
768 1927 901 1960 faciebat;
917 1927 942 1955 id
955 1932 1007 1961 est,

213 1972 338 1999 Christus
351 1993 357 2003 .
381 1971 425 2007 qui
441 1979 554 2010 semper
567 1972 632 2008 ipsis
651 1980 770 2008 prmsens
787 1977 862 2007 erat,
879 1978 906 2001 et
920 1974 1008 2001 omnia

213 2018 372 2046 mirabiliter
395 2018 565 2053 operabatur.
591 2017 655 2046 ldco
671 2027 787 2054 namque
806 2019 890 2052 dicit,
913 2019 1007 2047 Conse-

212 2071 313 2100 qtteute.
346 2065 470 2092 Vidistin'
492 2065 567 2092 Pauli
590 2065 750 2100 sapientiam
764 2085 771 2098 ,
793 2066 928 2101 quomodo
947 2074 1008 2093 cum

212 2111 330 2139 ostendit
360 2116 503 2146 utrumque
523 2112 756 2146 suppeditavisse,
782 2116 810 2140 et
832 2112 882 2140 hac
906 2113 1009 2140 ratione

213 2163 305 2194 typum
319 2165 403 2193 prope
416 2159 555 2185 veritatem
569 2158 700 2185 adduxit?
710 2158 759 2192 Qui
771 2159 842 2186 enim
857 2158 900 2186 illa
913 2159 1007 2194 inquit,

213 2204 278 2238 ipsis
290 2203 487 2238 suppeditavit;
509 2203 552 2230 hic
563 2203 620 2238 ipse
639 2203 706 2230 hanc
717 2203 856 2238 apparavit
871 2212 1006 2232 mensam:

212 2255 240 2276 et
270 2249 339 2277 idem
362 2250 419 2284 ipse
447 2249 508 2276 illos
536 2257 584 2284 per
607 2257 699 2284 mare,
724 2254 749 2277 te
775 2258 822 2285 per
846 2251 1006 2285 baptismum

212 2295 287 2322 duxit
300 2303 307 2324 :
329 2295 434 2330 illisque
448 2303 546 2322 manna
560 2301 587 2322 et
601 2303 716 2330 aquam,
731 2295 778 2323 tibi
792 2304 890 2331 corpus
902 2302 930 2324 et
943 2305 1007 2324 san-

212 2341 319 2376 guinem
335 2341 457 2375 praebuit.
482 2341 515 2368 Et
539 2341 600 2368 talia
621 2346 683 2369 sunt
701 2349 732 2369 ea
751 2350 811 2377 qua:
830 2343 929 2370 donum
950 2344 1008 2378 cjns

212 2391 345 2421 spectant.
362 2386 509 2414 Videamus
523 2395 588 2414 vero
601 2387 681 2415 etiam
695 2389 834 2423 sequentia
847 2409 855 2420 ,
879 2394 906 2415 et
919 2390 1007 2416 consi-

212 2433 338 2461 deremus
358 2441 392 2460 an
403 2453 411 2466 ,
426 2441 487 2461 cum
502 2433 574 2461 dono
590 2434 690 2469 indigni
706 2434 756 2462 visi
769 2439 860 2462 essent
873 2435 927 2467 illi,
943 2435 1008 2470 ipsis

214 2480 374 2515 pepercerit.
391 2480 426 2507 At
441 2480 493 2507 hoc
508 2479 598 2508 dicere
613 2488 665 2507 non
682 2481 767 2516 possis
780 2490 786 2508 :
803 2481 863 2509 ideo
876 2481 1006 2509 subdidit:

213 2526 266 2553 Sed
282 2535 331 2553 non
347 2527 373 2553 in
388 2526 502 2561 pluribus
516 2535 602 2554 eorum
616 2527 801 2563 beneplacitum
814 2533 851 2555 est
871 2527 940 2562 Deo,
957 2529 1006 2556 etsi

214 2577 288 2600 tanto
309 2572 368 2599 illos
389 2572 491 2600 honore
513 2573 638 2608 dignatus
658 2577 710 2600 est.
736 2574 770 2600 At
793 2573 858 2600 nihil
881 2572 932 2600 hoc
954 2574 1007 2602 illis

214 2618 333 2653 profuit;
357 2618 404 2645 sed
426 2618 518 2653 plures
539 2626 572 2646 ex
594 2618 626 2646 iis
650 2619 798 2653 perierunt.
819 2619 897 2654 Atqui
912 2627 1006 2648 omnes

213 2664 336 2699 periere;
364 2671 398 2692 ne
421 2668 511 2692 autem
535 2664 656 2692 videatur
677 2665 728 2692 illis
748 2669 895 2692 extremam
919 2666 1004 2700 perni-

210 2711 280 2739 ciem
296 2710 467 2746 prophetare,
483 2710 543 2738 ideo
557 2711 634 2743 dixit,
649 2712 744 2746 plures.
768 2711 849 2745 Atqui
868 2716 945 2738 erant
963 2711 1005 2738 in-

210 2756 405 2789 ttumerabilcs,
423 2756 471 2784 sed
487 2756 552 2783 nihil
567 2756 666 2791 profuit
683 2756 825 2783 multitudo
839 2765 846 2783 :
862 2757 1005 2792 omniaque

211 2803 256 2830 illa
277 2807 357 2831 erant
377 2803 478 2831 amoris
494 2803 611 2835 indicia;
627 2802 674 2830 sed
691 2811 778 2838 neque
799 2803 848 2830 hoc
864 2803 928 2837 ipsis
942 2812 1003 2838 pro-

212 2847 278 2881 fuit,
302 2849 426 2884 quoniam
443 2857 503 2884 qua:
521 2849 622 2876 amoris
643 2853 719 2877 erant
740 2856 794 2877 non
809 2848 999 2884 rependerant.

607 127 636 155 S.
656 100 795 155 JOANNiS
813 122 1048 153 CHRYSOSTOMI
1068 122 1225 152 ARCIIIEP.
1246 124 1514 154 CONSTANTINOP.

1811 125 1864 154 192

1073 181 1140 215 Quia
1162 182 1233 209 enim
1258 181 1290 210 iis
1309 190 1368 218 qua:
1387 183 1421 211 de
1438 182 1561 218 gehcnna
1584 182 1708 211 dicuntur
1720 182 1795 210 multi
1810 190 1863 210 non

1069 227 1203 259 credunt,
1234 233 1326 262 utpote
1355 237 1415 264 quzn
1438 237 1489 255 non
1513 234 1658 263 appareant
1682 237 1732 256 nec
1753 229 1864 256 videan-

1071 277 1132 305 tur;
1154 273 1188 300 ab
1212 273 1244 301 iis
1263 281 1322 308 qua:
1339 274 1395 309 jam
1418 273 1486 301 facta
1509 274 1615 301 fuerant
1635 274 1763 305 ostendit.
1780 275 1863 303 Deum

1070 318 1165 352 punire
1186 323 1343 353 peccaturos
1355 340 1363 351 ,
1379 320 1486 347 etiamsi
1506 320 1654 348 innumeris
1669 320 1729 348 illos
1744 321 1866 348 atl'eccrit

1068 363 1228 392 beneﬁciis:
1245 373 1307 392 nam
1321 365 1344 392 si
1365 366 1461 393 futuris
1482 374 1534 393 non
1552 366 1678 397 creditis.
1704 368 1808 401 inquit,
1832 369 1864 396 iis

1068 414 1142 436 certe
1157 417 1216 443 qum
1229 410 1284 444 jam
1302 410 1370 437 facta
1386 416 1448 438 sunt
1463 419 1516 438 non
1534 411 1611 438 ﬁdem
1628 413 1768 447 negabitis.

1105 454 1131 482 5.
1153 452 1327 482 Considerate
1354 463 1418 492 ergo
1440 461 1505 491 quot
1529 456 1658 484 beneﬁcia
1685 458 1734 484 illis
1756 459 1864 494 pra-sti-

1069 500 1198 529 lerit:ab
1224 501 1342 537 [Egypto
1366 507 1394 529 et
1421 511 1435 529 a
1457 503 1612 538 captivitate
1635 505 1708 539 ipsos
1729 505 1862 537 liberavit,

1068 555 1142 575 mare
1157 548 1261 581 stravit,
1278 556 1310 575 ex
1323 549 1390 576 caelo
1405 557 1502 576 manna
1516 549 1634 582 demisit,
1649 558 1680 577 ex
1693 555 1762 578 terra
1775 551 1864 579 fontes

1067 601 1194 628 aquarum
1212 603 1264 622 non
1287 599 1456 629 exspectatus
1471 595 1577 629 emisit;
1595 596 1660 631 ipsis
1675 597 1771 632 ubique
1795 606 1864 632 pras—

1066 645 1197 668 senserat
1209 641 1337 669 miracula
1358 641 1452 675 edens,
1468 647 1494 669 et
1506 643 1623 678 undique
1638 643 1710 677 ipsos
1726 645 1861 672 muniens.

1066 687 1190 714 Attamen
1207 687 1268 722 quia
1294 692 1368 715 tanto
1382 688 1453 714 dono
1474 688 1583 722 dignum
1609 688 1675 716 nihil
1699 689 1861 724 exhibuere,

1065 741 1118 762 non
1134 735 1254 769 pepercit
1272 734 1335 766 illis,
1347 734 1396 762 sed
1410 743 1505 762 omnes
1517 735 1643 770 perdidit.
1658 735 1727 763 Nam
1741 738 1863 771 prostrati

1065 784 1134 812 sunt,
1147 779 1242 814 inquit,
1253 780 1279 807 in
1288 779 1402 812 deserto;
1416 781 1584 814 repentinum
1597 781 1700 808 illorum
1711 781 1863 815 interitum,

1065 831 1158 858 poenas
1173 829 1200 852 et
1211 825 1341 860 supplicia
1355 825 1484 852 divinitus
1499 826 1616 854 immissa
1635 834 1681 861 per
1694 826 1746 854 hoc
1759 827 1861 854 dictum

1065 869 1218 904 declarans,
1240 871 1349 906 etquod
1370 874 1506 906 proposita
1523 873 1631 906 prtemia
1647 881 1698 900 non
1715 874 1769 901 sint
1783 881 1861 901 asse-

1064 917 1128 944 Culi.
1146 916 1236 952 Neque
1251 917 1323 945 enim
1338 918 1363 944 in
1376 923 1445 945 terra
1460 919 1647 953 promissionis
1661 919 1718 947 h.1:c
1732 921 1771 947 eis
1785 920 1860 952 fecit;

1064 961 1110 989 sed
1123 968 1197 989 extra
1213 968 1240 990 et
1255 963 1349 998 procul
1363 963 1396 990 ah
1412 964 1455 991 illa
1470 965 1590 999 regione,
1617 964 1716 999 duplici
1738 965 1861 992 afﬁciens

1063 1009 1206 1042 supplicio.
1217 1014 1244 1036 et
1254 1009 1324 1043 quod
1336 1018 1388 1037 non
1397 1010 1559 1038 concederet
1570 1010 1634 1045 ipsis
1646 1015 1742 1038 terram
1757 1012 1858 1042 videre.

1063 1061 1141 1088 quam
1157 1054 1221 1088 ipsis
1233 1055 1403 1089 promiserat,
1415 1060 1443 1082 et
1455 1055 1524 1090 quod
1537 1056 1610 1091 gravi
1621 1056 1751 1091 supplicio
1760 1056 1860 1083 atii-ce—

1063 1100 1108 1128 rit.
1124 1100 1157 1127 Et
1170 1101 1232 1135 quid
1248 1101 1316 1133 ha‘c,
1331 1102 1445 1137 inquies,
1461 1102 1493 1129 ad
1511 1102 1580 1129 nos?
1596 1102 1635 1130 Ad
1651 1107 1677 1130 te
1690 1103 1780 1138 utique
1795 1111 1859 1139 spe-

1062 1151 1135 1173 ctant
1151 1156 1156 1173 :
1174 1146 1234 1174 ideo
1247 1147 1383 1182 subjunxit
1401 1157 1407 1175 :
1424 1150 1450 1175 (ἱ.
1471 1147 1531 1175 lla’c
1546 1153 1630 1175 autent
1653 1149 1678 1175 in
1693 1149 1776 1184 ﬁgura
1791 1151 1860 1184 facta

1061 1199 1119 1220 sunt
1135 1194 1225 1220 nostri.
1241 1194 1315 1221 Sicut
1330 1195 1401 1221 enim
1422 1194 1490 1222 dona
1506 1195 1597 1229 ﬁgura:
1613 1201 1686 1229 sunt,
1703 1196 1737 1222 ita
1751 1204 1860 1231 quoque

1062 1239 1191 1274 supplicia
1218 1239 1309 1274 ﬁgura:
1326 1249 1333 1267 :
1349 1244 1377 1267 et
1389 1240 1459 1267 sicut
1483 1240 1614 1275 baptisma
1630 1245 1657 1268 ct
1672 1249 1764 1269 mensa
1784 1242 1859 1276 prius

1062 1284 1294 1318 describebantur,
1310 1285 1345 1313 ita
1367 1286 1394 1313 in
1411 1287 1586 1321 sequentibus
1600 1292 1709 1322 propter
1724 1296 1773 1315 nos
1787 1297 1857 1323 pra:-

1061 1330 1240 1363 signiﬁcatum
1261 1336 1312 1364 est,
1337 1331 1407 1366 quod
1430 1332 1474 1366 qui
1492 1332 1535 1359 tali
1560 1332 1742 1368 donoindigni
1760 1333 1859 1361 fuaint

1062 1376 1192 1410 supplicio
1216 1376 1351 1404 afﬁciendi
1375 1377 1438 1407 sint.
1460 1383 1488 1405 ut
1511 1378 1608 1405 talibus
1621 1379 1750 1414 exetnplis
1764 1380 1857 1407 moniti

1063 1423 1285 1457 tetnperanliores
1293 1423 1387 1450 simus.
1396 1423 1458 1450 ldeo
1466 1423 1583 1451 addidit:
1597 1423 1631 1452 Ut
1645 1433 1695 1452 non
1708 1425 1785 1453 simus
1797 1434 1860 1452 con-

1062 1469 1216 1503 cupiscentes
1237 1469 1373 1502 malorum,
1400 1471 1463 1498 sicut
1485 1471 1559 1498 etilli
1580 1472 1768 1507 concupierunt.
1784 1473 1860 1500 Sicut

1062 1514 1132 1541 etaim
1146 1515 1171 1541 in
1191 1515 1327 1543 beneﬁciis
1346 1516 1400 1551 typi
1417 1522 1614 1551 praecesserunt
1638 1522 1666 1545 et
1692 1523 1802 1553 sequuta
1816 1524 1861 1547 est

1063 1559 1160 1586 veritas
1175 1569 1181 1587 :
1197 1561 1235 1587 sic
1258 1565 1285 1587 ct
1307 1561 1333 1588 in
1347 1562 1497 1596 suppliciis
1519 1568 1656 1598 sequetur.
1672 1564 1765 1592 Viden‘
1788 1573 1858 1600 quo-

1062 1605 1142 1632 modo
1157 1613 1173 1632 ο
1190 1606 1290 1638 tendat,
1317 1615 1370 1634 non
1395 1608 1475 1634 modo
1491 1608 1561 1643 quod
1582 1609 1709 1644 puniendi
1730 1610 1794 1642 sint,
1809 1611 1858 1638 sed

1062 1652 1140 1678 etiatn
1155 1652 1225 1686 quod
1241 1653 1324 1688 magis
1345 1661 1424 1688 quam
1440 1654 1498 1681 illi?
1513 1654 1578 1682 Natu
1605 1656 1628 1682 si
1657 1656 1722 1683 illud
1749 1657 1858 1692 quidem

1063 1702 1141 1732 typus
1154 1703 1204 1730 est,
1223 1698 1274 1726 hoc
1294 1704 1383 1726 autem
1397 1700 1505 1731 veritas,
1533 1708 1644 1728 necesse
1658 1706 1699 1728 est
1715 1702 1739 1728 in
1753 1702 1857 1736 suppli-

1062 1743 1111 1770 ciis
1126 1751 1251 1778 magnum
1265 1751 1326 1771 esse
1340 1745 1457 1779 culmen,
1470 1751 1497 1772 ut
1513 1747 1593 1774 etiam
1607 1747 1632 1774 in
1647 1747 1734 1776 donis.
1747 1748 1780 1775 Et
1795 1757 1861 1783 μοι-η

1063 1789 1150 1823 pende
1163 1789 1188 1816 in
1206 1798 1335 1824 quosnam
1348 1791 1462 1825 primum
1478 1791 1640 1825 invehatur;
1659 1793 1684 1820 in
1699 1801 1746 1821 eos
1760 1803 1859 1829 nempe

1062 1834 1146 1869 quiin
1164 1835 1271 1869 templis
1291 1835 1422 1863 idolorum
1447 1837 1632 1865 comedebant.
1658 1839 1724 1867 Cum
1744 1839 1858 1867 dixisset

1062 1880 1144 1913 enim,
1171 1880 1213 1907 Ne
1237 1881 1292 1908 sitis
1318 1883 1522 1917 eoneupisceutes
1542 1884 1677 1916 malorum,
1702 1885 1772 1919 quod
1799 1886 1858 1912 uni-

1062 1927 1166 1954 versale
1181 1931 1249 1958 erat,
1266 1926 1336 1962 quod
1347 1927 1372 1954 in
1384 1928 1474 1962 specie
1484 1933 1542 1956 erat
1552 1929 1699 1964 snhjunxit,
1711 1931 1858 1961 ostendens

1063 1972 1167 2007 singula
1197 1977 1304 2006 peccata
1327 1981 1360 2000 ex
1383 1974 1450 2000 mala
1460 1981 1522 2002 esse
1532 1976 1856 2012 cupiditate;etprimum

1063 2018 1115 2045 hoc
1128 2018 1195 2046 dixit
1207 2028 1214 2046 :
1230 2019 1256 2045 'l.
1271 2018 1359 2054 Neque
1371 2019 1513 2047 idololatraz
1525 2021 1666 2056 cﬂiciamini
1678 2023 1742 2049 situt
1754 2024 1859 2058 quidam

1061 2072 1093 2091 ea:
1113 2065 1192 2099 ipsis.
1213 2065 1424 2100 quemadmodum
1444 2067 1564 2101 scriptum
1582 2072 1617 2094 est
1631 2075 1640 2094 :
1656 2067 1727 2095 Sedit
1748 2070 1858 2104 populus

1062 2110 1218 2137 manducare
1240 2115 1263 2137 et
1286 2110 1378 2141 bibere,
1401 2117 1424 2138 et
1443 2119 1605 2140 surrexerunt
1630 2114 1726 2141 ludere.
1752 2115 1857 2143 Audisti

1061 2156 1197 2190 quontodo
1212 2156 1316 2183 tandem
1339 2157 1492 2185 idololatras
1506 2159 1599 2186 vocet?
1620 2159 1666 2187 sed
1684 2160 1726 2187 hic
1748 2161 1857 2196 quidem

1063 2202 1255 2237 pronuntians,
1280 2208 1371 2237 postea
1387 2208 1475 2231 autetn
1501 2205 1581 2232 etiam
1599 2206 1723 2240 probans.
1740 2207 1857 2234 Causam

1061 2252 1150 2275 autem
1166 2249 1254 2283 posuit
1271 2249 1305 2277 ob
1316 2257 1395 2284 quam
1410 2250 1566 2294 adytensas
1585 2252 1643 2278 illas
1657 2253 1835 2280 accurrehant
1850 2262 1857 2282 :

1061 2301 1092 2321 ea
1107 2299 1164 2321 erat
1177 2295 1248 2328 gula.
1261 2295 1429 2331 Quapropter
1439 2304 1498 2324 cum
1512 2296 1637 2331 dixisset,
1653 2297 1694 2325 Nc
1702 2300 1781 2326 simus
1796 2308 1858 2326 con-

1061 2340 1215 2375 cupiscen/es
1228 2340 1364 2374 malorum,
1375 2342 1564 2375 ctaddidisset,
1582 2342 1623 2370 Ne
1638 2344 1693 2371 sitis
1702 2343 1857 2377 idololatrw,

1061 2386 1172 2422 hujusce
1198 2388 1344 2423 iniquitatis
1357 2396 1464 2416 causam
1487 2389 1592 2424 posuit;
1615 2389 1673 2418 haec
1694 2396 1783 2418 autem
1798 2398 1859 2419 erat

1060 2432 1133 2466 gula.
1146 2432 1218 2459 Sedit
1232 2434 1314 2466 enim,
1331 2433 1426 2468 inquit,
1440 2434 1549 2469 populus
1560 2436 1714 2463 manducare
1725 2442 1748 2463 et
1761 2437 1856 2464 bibere.

1061 2478 1094 2505 Et
1108 2478 1188 2506 ﬁnem
1205 2479 1266 2506 inde
1285 2485 1439 2514 sequentem
1453 2480 1536 2511 addit.
1558 2489 1664 2516 nempe,
1684 2481 1858 2510 Surrezerunt

1061 2524 1158 2552 ludere.
1174 2524 1208 2553 Ut
1224 2525 1273 2558 illi,
1292 2525 1389 2560 inquit,
1406 2533 1420 2553 a
1440 2526 1545 2554 deliciis
1560 2528 1593 2555 ad
1615 2528 1792 2556 idololatriam
1806 2530 1856 2557 de-

1060 2575 1190 2597 venerunt
1206 2579 1212 2597 :
1227 2571 1265 2597 sic
1281 2571 1427 2599 timendum
1441 2577 1482 2599 est
1494 2580 1528 2599 tte
1542 2580 1588 2600 vos
1601 2573 1663 2602 inde
1671 2582 1703 2601 eo
1714 2574 1854 2602 decidatis.

1061 2615 1184 2643 Vidistin'
1197 2617 1333 2652 quomodo
1346 2618 1472 2645 ostendat
1482 2618 1564 2647 hasce
1580 2619 1713 2654 perfectos
1728 2620 1781 2649 illis
1794 2629 1856 2651 esse

1059 2663 1290 2698 imperfecliores?
1301 2672 1368 2699 quos
1384 2665 1517 2699 pungebat
1537 2673 1590 2693 non
1606 2673 1639 2694 eo
1659 2667 1757 2700 solum,
1782 2667 1855 2702 quod

1063 2718 1115 2737 non
1129 2710 1308 2742 sustinerent;
1323 2709 1370 2737 scd
1392 2710 1463 2745 quod
1487 2712 1568 2741 etiam
1581 2711 1621 2738 illi
1639 2719 1672 2739 ex
1687 2712 1854 2746 ignorantia,

1057 2756 1103 2783 alii
1112 2764 1144 2783 ex
1156 2755 1271 2791 ingluvie
1282 2761 1423 2790 peccarent
1435 2765 1442 2783 :
1454 2761 1481 2784 et
1492 2757 1596 2785 illorum
1610 2758 1716 2792 quidem
1727 2759 1855 2793 perniciei

1059 2801 1221 2837 puuitionem
1237 2801 1278 2828 his
1290 2802 1395 2834 tribuit;
1412 2801 1462 2830 hos
1473 2807 1561 2829 autem
1576 2810 1628 2831 non
1649 2803 1713 2830 sinit
1727 2804 1767 2830 sui
1789 2811 1855 2841 pec-

1061 2849 1112 2876 cati
1127 2856 1234 2876 causam
1258 2849 1358 2877 rcfcrrc
1383 2849 1407 2876 in
1432 2849 1523 2882 alium,
1536 2849 1584 2878 scd
1598 2854 1623 2877 et
1637 2850 1677 2877 Sui
1701 2855 1726 2878 ct
1739 2850 1858 2879 aliorum
