2046 3114
118 129 165 156 193
627 135 658 163 ΙΝ
680 136 784 163 EPIST.
806 136 814 163 I
848 137 891 164 AD
911 137 987 166 COR.
1010 139 1124 168 lIOMIL
1147 141 1241 169 XXIII.
1283 148 1294 153 ‘

112 186 195 214 damni
212 187 287 223 ipsos
299 189 434 218 obnoxios
449 192 615 226 pronuntiat.
633 192 723 227 Neque
738 194 908 229 fornicamur.

111 233 171 259 sicut
181 233 289 266 quidam
304 242 336 261 ex
348 235 412 270 ipsis
426 237 546 271 fornicati
559 241 627 264 sunt.
640 238 729 271 Quare
740 238 783 265 hic
794 238 910 267 fornica-

112 281 207 306 tionem
222 288 371 313 memorat,
386 289 446 309 cum
459 282 492 310 de
508 283 552 310 illa
571 288 650 311 antea
661 289 763 312 tantum
777 285 911 313 disserue-

111 325 160 352 rit?
173 325 232 353 Mos
245 331 288 354 est
303 335 413 362 semper
435 328 527 361 Paulo,
545 336 606 356 eum
630 329 664 357 de
686 331 778 357 multis
800 336 910 358 accusat

111 372 235 406 peccatis,
254 372 351 399 ordine
367 373 412 401 illa
425 381 525 409 ponere
547 380 573 402 et
597 376 733 410 proposita
757 376 908 411 singulatim

110 418 252 453 persequi;
266 426 298 446 ac
312 426 406 446 rursus
419 420 462 447 ubi
473 420 506 448 de
517 421 576 448 aliis
588 421 715 456 loquitur,
729 423 817 457 priora
829 423 908 450 etiam

110 468 239 498 repetere.
257 465 335 499 Quod
350 465 422 494 Dens
437 475 543 502 quoque
559 468 674 495 faciebat
690 469 716 495 in
743 468 833 496 Veteri
859 469 909 496 Te-

109 513 261 543 stamento;
278 511 303 537 in
320 511 431 547 singulis
445 511 550 540 delictis
565 514 676 540 vitulum
690 514 790 541 Jlldmis
806 523 909 542 memo-

110 553 192 586 rabat.
207 559 236 583 et
251 555 317 584 illud
334 562 470 591 peceatum
496 558 521 584 in
536 558 652 586 medium
667 559 824 587 adducebat.
851 560 907 588 Iloc

110 601 196 637 itaque
209 606 238 629 et
253 601 352 630 Paulus
367 603 411 631 hic
422 603 500 637 facit,
516 604 579 632 illud
593 606 672 633 simul
694 614 907 635 commemorans

109 653 259 682 peccatum,
275 653 302 676 et
313 649 415 678 docens
430 650 480 678 hoc
496 651 627 685 prodiisse
641 660 674 679 ex
685 652 787 680 deliciis
797 653 904 688 etgnla.

109 693 277 729 QuaprOpter
302 696 419 731 adjecit:
438 696 526 733 Neque
548 698 780 732 fornicemnr,sicut
802 700 906 735 quidam

107 748 191 767 eorum
206 742 328 776 fornicati
340 747 409 776 sunt,
433 748 455 770 et
470 744 611 771 ceciderunt
632 752 682 771 una
696 746 736 772 die
748 746 836 780 viginti
857 746 905 772 tria

108 786 198 813 millia.
218 786 250 814 Et
263 795 311 814 cur
320 796 372 816 non
384 789 545 823 ponitetiam
558 790 714 817 idololatria:
724 791 904 825 punitionent?

106 832 158 858 Aut
170 833 234 867 quia
249 833 350 861 clarum
369 839 427 862 erat
439 839 466 862 et
486 835 654 863 manifestum
673 846 679 863 :
693 841 739 863 aut
754 837 815 871 quia
842 841 903 864 tunc

106 878 182 913 plaga
201 886 257 906 non
272 884 342 907 tanta
361 879 420 913 fuit,
440 885 538 916 quanta
563 882 679 909 Balaami
697 887 825 917 tempore.
842 891 902 909 cutn

106 924 202 952 initiati
217 930 281 952 sunt
302 925 477 962 Beelpliegor,
500 927 676 954 Madianilicis
699 928 856 954 mulieribus
876 929 901 955 in

104 971 190 998 aciem
205 971 397 999 accedentibus
421 973 546 1008 ipsosque
558 973 591 1000 ad
608 973 744 1000 libidinem
759 974 901 1001 allicienti-

104 1016 164 1049 bus,
188 1018 476 1046 secumlmn‘Balaami
504 1020 653 1047 consilium.
680 1020 744 1047 Nam
765 1020 835 1055 quod
852 1021 902 1048 IluC

105 1062 205 1089 malum
233 1064 378 1092 consilium
404 1065 519 1092 Balaami
544 1072 626 1098 esset.
654 1066 774 1094 declarat
797 1067 901 1102 Moyses

104 1113 196 1143 ptlrlcﬂ
212 1109 306 1138 dicens
318 1111 344 1138 in
361 1111 412 1139 ﬁne
427 1113 486 1140 libri
500 1112 677 1141 Numerorum
694 1124 700 1142 :
717 1113 824 1141 Balaam
837 1123 899 1148 quo-

103 1165 149 1190 que
160 1157 246 1191 [ilium
260 1156 327 1184 Beor
347 1159 494 1186 occiderunt
518 1161 544 1186 in
567 1160 630 1187 bello
655 1161 761 1187 Mudian
773 1170 830 1188 cum
842 1162 900 1187 rui-

106 1201 216 1232 iteratis,
232 1207 257 1229 et
269 1203 432 1231 adduxerunt
443 1204 535 1239 spolia.
552 1204 583 1232 Et
598 1206 677 1232 iratus
692 1211 727 1233 cst
744 1206 843 1242 Moyses
855 1228 861 1238 ,
875 1212 899 1233 et

102 1246 166 1274 dicit
178 1255 188 1274 :
208 1247 261 1275 Cur
272 1249 342 1276 vivat
366 1251 466 1285 cepistis
493 1259 578 1278 omnes
603 1252 736 1279 mulieres?
751 1252 820 1287 Ipsu’
833 1254 898 1280 enim

101 1298 172 1319 crant
197 1293 260 1327 ﬁliis
274 1293 360 1322 Israel
381 1296 408 1322 in
419 1296 568 1323 scandalizat
583 1298 719 1324 secundum
735 1298 833 1324 verbum
847 1298 899 1325 Ilu-

100 1338 179 1371 Iaam,
193 1343 222 1365 ut
234 1339 370 1373 deﬁcerent
383 1346 406 1368 et
422 1342 576 1377 despicerent
599 1343 698 1369 verbum
722 1343 823 1370 Domini
837 1354 896 1379 pt'0<

99 1391 154 1419 pter
165 1385 271 1421 Phegor
286 1385 386 1421 (Num.
403 1388 448 1415 5i.
463 1389 490 1416 8.
506 1389 548 1415 Η.
565 1389 625 1423 16).
638 1389 664 1416 9.
680 1389 767 1424 Neque
777 1395 896 1418 lettleums

98 1430 238 1465 Christum,
254 1433 320 1459 sicut
332 1433 436 1468 quidam
449 1442 535 1461 earum
557 1440 712 1462 tentaret-unt
726 1441 748 1462 et
767 1444 782 1462 α
795 1444 897 1470 serpen-

99 1476 164 1503 tibus
184 1477 325 1512 perierunt.

133 1524 160 1550 οι.
177 1523 229 1551 Per
243 1523 294 1552 hoc
309 1533 403 1552 rursus
416 1525 488 1552 aliud
511 1526 664 1552 subindicat
686 1527 798 1557 crimen.
826 1526 895 1561 quod

98 1569 178 1596 etiam
195 1570 222 1596 in
239 1570 290 1598 ﬁne
303 1571 388 1605 ponit,
404 1578 532 1598 accusans
548 1571 608 1597 illos
623 1571 692 1605 quod
703 1571 736 1598 de
750 1571 831 1606 signis
844 1580 894 1606 pu-

97 1621 222 1650 gnarent,
242 1621 268 1644 et
286 1621 395 1652 propter
416 1617 576 1644 tentationes
589 1617 892 1644 ιιιιιινιιιιιιέπειιι(ἰὴ-ειη-

99 1668 138 1690 tes
154 1673 161 1689 :
177 1663 289 1697 Quando
299 1664 408 1691 venient
421 1663 508 1690 bona?
519 1663 626 1698 quando
642 1664 767 1698 prtemia?
781 1664 894 1700 Ideoque

98 1710 236 1744 snlijungit
249 1710 309 1737 illos
319 1710 458 1744 corrigens
472 1717 502 1736 ac
519 1714 623 1737 terrens
640 1718 646 1736 :
663 1710 706 1736 10.
720 1709 808 1744 Neque
823 1719 892 1736 mur-

97 1756 267 1789 murareritis,
290 1756 355 1782 sicut
380 1755 484 1790 quidam
501 1763 587 1782 eorum
610 1761 846 1787 murntnraverunt,
869 1761 892 1782 et

96 1801 226 1836 perierunt
244 1801 276 1828 ab
294 1801 497 1828 exterminutore.
510 1801 567 1827 Non
580 1801 665 1828 SOIUIII
679 1801 750 1828 enim
765 1801 892 1835 qna-ritur

97 1847 150 1880 pati
163 1854 212 1881 pro
220 1846 337 1879 Christo,
349 1846 396 1873 sed
410 1846 489 1873 etiam
501 1854 560 1881 qua:
571 1845 693 1873 accidunt
705 1846 808 1873 fortiter
823 1846 891 1874 ferre

95 1898 122 1919 et
132 1899 194 1919 cum
210 1892 285 1920 omni
297 1892 442 1927 voluptate.
457 1891 512 1919 Hoc
526 1896 566 1918 est
576 1892 645 1919 enim
655 1892 764 1918 omnino
775 1900 889 1925 corona;

95 1943 125 1965 ut
153 1939 176 1965 si
197 1938 252 1965 hoc
274 1946 326 1965 non
341 1938 430 1970 fuerit,
447 1946 524 1973 paena
553 1939 632 1965 etiam
648 1944 774 1973 sequatur
788 1947 834 1966 eos
845 1940 889 1975 qni

94 1992 166 2019 mare
182 1984 280 2012 ferunt.
295 1984 356 2012 Ideo
369 1985 481 2018 apostoli
493 1984 583 2019 flagris
596 1985 657 2012 exesi
678 1985 846 2020 gaudebant,
863 1991 890 2014 et

94 2030 194 2057 Paulus
207 2030 233 2056 in
248 2029 435 2057 afflictionibus
450 2029 623 2065 gloriabatur.
650 2031 694 2058 Η.
719 2030 783 2057 Ηατ
805 2037 889 2059 autem

91 2076 181 2102 omnia
194 2075 222 2101 in
237 2076 318 2110 ﬁgura
335 2075 513 2110 contingebant
529 2075 601 2108 illis;
615 2076 711 2111 scripta
725 2082 782 2103 sunt
805 2082 888 2104 autent

93 2121 127 2147 ad
140 2122 326 2156 correptionem
339 2126 461 2153 nostram,
473 2121 506 2148 ad
516 2129 579 2157 quo:
599 2122 662 2156 ﬁnes
674 2122 823 2150 seculorum
843 2124 888 2150 de-

93 2172 225 2194 venerunt.

129 2213 218 2241 Preme
232 2216 324 2249 future
337 2219 412 2241 erant
425 2219 536 2242 (εισι-ηαξ.
548 2229 582 2234 -
594 2214 696 2242 Rursus
709 2220 791 2243 terret
807 2216 886 2244 ﬁnem

94 2266 258 2292 memorans,
272 2264 298 2286 et
314 2259 347 2286 ad
359 2259 459 2294 majora
475 2259 609 2294 prioribus
623 2261 801 2295 exspectanda
817 2269 897 2297 prm-_

93 2308 177 2338 parat.
192 2304 258 2331 Nam
274 2304 345 2339 quod
359 2312 452 2340 pmnas
472 2305 559 2332 daturi
579 2305 673 2338 simus,
687 2314 722 2333 ex
738 2306 827 2340 dictis,
843 2307 885 2334 in-

92 2351 158 2385 quit,
169 2350 278 2384 planum
292 2354 334 2377 est
344 2351 424 2377 etiam
441 2350 473 2377 iis
485 2351 529 2385 qui
540 2351 574 2378 de
584 2351 706 2386 gehenna
717 2351 795 2380 dictis
806 2353 884 2380 fidem

92 2404 145 2422 non
158 2395 274 2429 habent;
291 2395 363 2431 quod
377 2402 467 2424 autem
480 2397 628 2431 graviores,
640 2405 673 2425 ex
684 2405 717 2425 eo
727 2398 797 2433 quod
809 2399 884 2433 plura

90 2442 247 2476 consequuti
271 2442 357 2469 simus
381 2442 521 2476 beneﬁcia,
546 2447 573 2469 et
587 2450 620 2470 ex
635 2451 669 2470 eo
683 2443 755 2478 quod
770 2444 813 2471 illa
829 2445 884 2480 typi

89 2492 190 2516 essent.
206 2488 272 2515 Nam
295 2489 317 2516 si
341 2489 368 2515 in
383 2489 460 2515 donis
471 2489 659 2524 exsuperantia
675 2489 720 2522 lit;
741 2490 828 2525 palam
842 2495 884 2518 est

89 2537 114 2562 In
128 2535 259 2570 supplicio
272 2543 381 2570 quoque
395 2535 462 2563 fore.
485 2535 602 2571 Ideoque
614 2535 713 2571 ﬁguras
725 2536 881 2570 appellavit,

87 2585 114 2608 et
129 2585 239 2616 propter
253 2588 303 2608 nos
316 2581 415 2615 scripta
432 2580 512 2609 fuisse
520 2581 595 2614 dixit,
606 2586 633 2608 et
647 2581 726 2608 ﬁnem
742 2582 767 2608 in
779 2589 882 2609 memo-

88 2628 152 2654 riam
164 2628 312 2661 revocavit,
327 2631 357 2654 ut
375 2627 615 2655 consummationis
629 2628 791 2658 mentionem
808 2628 880 2656 face-

87 2679 138 2701 ret.
148 2673 206 2701 Non
220 2674 294 2701 enim
309 2674 373 2700 talia
389 2678 452 2701 tunc
474 2679 551 2701 erant
570 2674 710 2709 supplicia,
726 2682 785 2710 quae
801 2675 879 2702 finem

77 2706 252 2754 'tccipiebant
271 2725 300 2747 et
323 2720 503 2752 tollebantur;
528 2720 574 2748 sed
597 2706 677 2756 pinna
692 2721 743 2748 erit
765 2726 876 2749 aeterna.

90 2766 156 2794 Sicut
168 2767 240 2794 enim
257 2767 339 2801 hujus
352 2766 414 2794 vitae
428 2773 513 2801 ptena:
531 2767 610 2794 simul
625 2774 687 2794 cum
703 2767 755 2794 vita
768 2767 878 2794 solvun-

87 2817 138 2846 tur,
157 2813 196 2840 sic
208 2812 262 2841 illic
277 2820 366 2846 putate
384 2817 492 2840 atteram
507 2818 597 2841 erunt.
613 2813 679 2841 Cum
697 2817 786 2841 autem
801 2813 876 2846 dicit,

88 2857 164 2886 Fines
177 2858 343 2890 liaculorum,
356 2859 425 2886 nillil
436 2853 508 2887 aliud
516 2859 593 2894 dicit,
609 2867 688 2895 quam
696 2859 767 2895 quod
781 2860 814 2887 dc
825 2867 876 2887 cte—

1705 151 1715 177 I
1721 151 1755 179 ἠ

968 200 1026 223 tero
1040 196 1118 225 instet
1132 197 1260 230 judicium
1277 199 1340 227 illud
1358 200 1530 230 horrendum.
1549 205 1592 232 12.
1609 205 1699 238 Itaque
1714 210 1756 242 qui

963 249 991 268 se
1003 242 1132 270 existimat
1145 249 1223 276 stare,
1235 245 1318 272 videat
1332 255 1362 273 ne
1371 248 1457 275 cadat.
1473 249 1576 278 Rursus
1589 252 1693 281 illorttm
1715 255 1756 281 fa-
1774 272 1781 291 ,

963 292 1033 314 stum
1048 288 1155 323 dejecit,
1170 292 1215 325 qui
1227 291 1260 318 de
1275 292 1385 320 scientia
1396 303 1442 321 sua
1458 295 1540 323 altum
1558 298 1708 333 sapiebant.
1726 301 1754 327 Si

962 333 1033 360 enim
1049 334 1096 367 illi,
1113 335 1157 369 qni
1175 340 1246 362 tanta
1262 342 1324 365 sunt
1336 338 1403 366 bona
1418 343 1586 377 Consequuti.
1603 344 1665 372 talia
1683 346 1753 380 passi

961 384 1033 411 sunt,
1050 385 1076 407 et
1099 381 1145 408 alii
1165 381 1272 416 quidem
1289 391 1336 418 pro
1353 389 1564 416 murmuratione
1583 390 1670 418 solum
1686 392 1754 419 tales

963 423 1070 451 luerunt
1082 433 1189 459 pwnas;
1205 428 1249 454 alii
1264 429 1335 464 quod
1352 435 1509 467 tentassent,
1523 441 1549 461 et
1566 443 1652 470 neque
1668 445 1753 472 popu-

962 468 1003 496 lus
1021 469 1101 497 Deum
1115 477 1156 499 est
1170 474 1311 508 reveritus,
1333 483 1420 511 neque
1434 480 1503 512 quod
1521 484 1572 507 tam
1589 468 1675 508 multa
1684 468 1752 510 con-

960 519 1089 549 sequutus
1102 522 1191 550 esset;
1206 519 1291 546 multo
1306 522 1390 556 magis
1406 522 1430 548 in
1447 524 1523 550 nobis
1540 526 1590 552 nisi
1612 527 1752 562 vigilemus

959 559 1011 587 hoc
1021 562 1083 589 erit.
1097 562 1129 590 Et
1142 565 1264 598 apposite
1275 566 1359 594 dixit:
1376 568 1424 602 Qui
1438 578 1465 596 te
1475 571 1600 598 existimat
1609 559 1684 600 stare.
1696 574 1752 603 Iloc

959 606 1030 632 enim
1045 614 1098 634 non
1114 613 1155 635 est
1167 614 1239 637 stare
1266 616 1295 638 ut
1309 616 1381 640 stare
1394 618 1509 648 oportet,
1534 616 1584 644 sibi
1600 618 1650 653 ipsi
1666 620 1752 646 confi-

959 650 1040 680 dere:
1057 653 1101 687 qui
1120 654 1180 681 talis
1193 660 1235 682 est
1246 657 1328 691 enim,
1352 659 1431 687 citius
1445 661 1539 690 cadet:
1553 650 1617 691 nam
1631 665 1668 692 illi
1680 675 1749 701 quo-

956 704 1019 731 que,
1034 699 1084 726 nisi
1098 700 1181 727 altmn
1196 704 1349 736 Sapuisscnt
1361 709 1389 732 et
1399 707 1584 741 confidissent,
1594 710 1641 737 sed
1653 711 1676 738 si
1690 699 1750 740 sese

957 742 1154 778 cohibuissem,
1175 755 1228 775 non
1243 747 1300 776 lucc
1314 751 1383 783 passi
1398 758 1500 780 essent.
1518 754 1594 783 Unde
1607 756 1689 792 liquet
1704 766 1750 785 ar-

956 790 1105 823 rogantiam
1123 793 1250 826 maxime,
1271 795 1421 831 deindeque
1435 800 1585 828 socordiam
1601 790 1748 837 etlgnlam,

956 832 1051 860 Iturum
1065 842 1126 864 esse
1145 837 1231 865 fontes
1252 840 1394 869 malorum.
1410 842 1501 877 Itaque
1514 846 1536 872 si
1552 851 1618 879 stas,
1634 832 1699 876 cave
1715 832 1748 877 ne

955 878 1046 906 cadas.
1071 881 1136 908 Nam
1159 883 1202 910 IIIC
1215 889 1298 919 stare,
1315 894 1367 914 non
1382 894 1423 916 est
1437 889 1550 918 ﬁrmiter
1565 897 1647 926 stare,
1662 895 1748 922 donec

955 924 1101 976 liberemur
1115 935 1128 953 a
1147 931 1288 963 prrsentis
1302 933 1363 960 vitte
1377 934 1512 968 fluctibus,
1527 942 1554 964 et
1569 939 1601 966 ad
1615 924 1746 976 tranquil-

954 969 1008 996 lum
1019 976 1126 1022 portion
1141 975 1316 1009 appellamus.
1330 978 1369 1005 Ne
1384 979 1474 1015 itaque
1486 982 1568 1010 altum
1578 985 1666 1019 sapias
1675 969 1746 1022 quod

953 1020 1019 1048 stes,
1042 1017 1090 1044 sed
1115 1025 1180 1046 cave
1202 1020 1316 1055 lapsum.
1343 1024 1371 1052 Si
1398 1033 1513 1062 namque
1528 1017 1625 1058 Paulus
1647 1017 1744 1067 timuit,

952 1061 1071 1089 onmium
1096 1062 1270 1100 fortissimus,
1287 1069 1370 1096 multo
1386 1061 1476 1106 magis,
1486 1081 1535 1100 nos
1557 1075 1651 1104 timere
1666 1061 1746 1113 opor:

954 1111 999 1157 let.
1015 1108 1159 1143 Apostolus
1175 1113 1264 1148 itaque
1278 1114 1384 1144 diccbat
1397 1125 1403 1143 :
1420 1118 1580 1154 Quapropter
1592 1125 1636 1157 qui
1649 1108 1696 1151 sibi
1707 1126 1744 1152 vi-

951 1153 1026 1181 detur
1039 1161 1115 1189 stare,
1130 1157 1214 1185 videat
1225 1168 1255 1186 ne
1263 1161 1338 1188 cadat
1351 1170 1418 1190 :nos
1431 1153 1565 1194 antetnrnc
1575 1153 1625 1195 hoc
1637 1170 1743 1204 quidem

952 1206 1094 1234 possumus
1109 1203 1207 1237 dicere,
1226 1213 1286 1234 cum
1303 1216 1397 1236 omnes
1411 1209 1468 1239 fere
1490 1211 1558 1247 lapsi
1574 1219 1601 1241 et
1617 1203 1743 1250 prostrati

950 1245 1005 1272 sint
1018 1246 1146 1283 Innniqne
1157 1250 1275 1284 jaccant.
1289 1252 1337 1280 Cui
1351 1255 1422 1282 enim
1435 1257 1485 1284 hoc
1496 1245 1603 1286 dicam?
1616 1245 1690 1289 illinc
1698 1263 1744 1298 qni

950 1293 1068 1326 quotidie
1084 1296 1171 1329 rapit?
1187 1297 1233 1324 sed
1253 1298 1325 1332 jacet
1340 1300 1385 1327 ille
1405 1309 1502 1337 magno
1522 1304 1596 1339 lapsu
1610 1293 1741 1341 dejectus.

950 1338 984 1363 At
997 1341 1157 1367 scortatori?
1168 1342 1214 1369 sed
1228 1342 1300 1370 humi
1317 1346 1452 1380 projectus
1466 1352 1516 1375 est.
1528 1338 1569 1377 An
1585 1338 1743 1381 ebrioso?at

949 1382 1006 1417 ipse
1017 1392 1121 1419 quoque
1131 1387 1214 1421 jacet,
1232 1393 1259 1416 et
1273 1391 1357 1418 nescit
1368 1399 1397 1419 se
1408 1392 1508 1427 jacere.
1527 1395 1678 1432 Itaquejam
1688 1407 1740 1426 non

948 1432 990 1479 est
1006 1433 1109 1479 tempus
1123 1432 1202 1467 hujus
1216 1434 1368 1468 proferendi
1385 1438 1469 1470 verbi,
1484 1440 1529 1467 sed
1545 1441 1615 1469 illius
1627 1444 1741 1479 prophe-

948 1474 1003 1504 tici,
1015 1475 1086 1508 quod
1101 1476 1206 1504 dicebat
1219 1479 1338 1508 Judasis:
1356 1482 1426 1509 Nunt
1437 1486 1482 1518 qui
1495 1487 1573 1519 cadit,
1586 1474 1637 1515 non
1653 1474 1740 1517 resur-

947 1520 982 1554 git
996 1520 1082 1555 (Psal.
1098 1522 1142 1549 40.
1160 1523 1206 1559 9)?
1223 1525 1327 1553 Etenim
1341 1534 1435 1556 ornnes
1453 1530 1554 1565 jacent,
1580 1542 1629 1561 nec
1649 1537 1741 1564 volunt

947 1572 1098 1601 resurgere.
1114 1568 1293 1602 Quamobrem
1312 1573 1467 1602 adhortatio
1483 1578 1558 1605 nobis
1574 1585 1626 1612 est,
1644 1588 1696 1608 non
1712 1587 1740 1609 ut

947 1619 980 1638 ne
992 1612 1130 1647 cadamus,
1145 1615 1191 1642 sed
1213 1621 1242 1643 ut
1265 1617 1280 1644 ii
1303 1619 1348 1653 qui
1360 1620 1452 1654 jaceat
1467 1624 1571 1656 possint
1587 1632 1738 1662 resurgere.

946 1657 1127 1694 Resnrgamus
1143 1661 1223 1696 igitur
1244 1664 1284 1690 vel
1305 1672 1367 1693 sero
1388 1668 1510 1701 tandem,
1525 1669 1629 1704 dilecti,
1646 1657 1738 1700 resur-

945 1711 1038 1738 gamus
1048 1711 1074 1732 et
1085 1706 1191 1735 fortiter
1203 1713 1314 1736 stemus.
1327 1712 1472 1748 Quousque
1484 1715 1623 1748 jacemus?
1634 1726 1735 1752 quens-

944 1757 996 1784 qne
1006 1751 1072 1778 ebrii
1088 1760 1191 1786 smnus,
1210 1755 1291 1782 multa
1307 1764 1396 1784 rerum
1418 1761 1586 1789 sazcularium
1608 1751 1737 1800 concupi-

944 1796 1045 1836 scentia
1066 1799 1189 1831 gravati?
1210 1799 1395 1835 Opportunum
1421 1809 1463 1831 est
1485 1813 1556 1833 nunc
1570 1807 1680 1837 dicere:
1695 1796 1735 1838 λιι

943 1847 1022 1874 quem
1038 1841 1132 1877 loquar
1150 1849 1178 1871 et
1193 1846 1374 1874 testiﬁcabor?
1395 1856 1480 1884 usque
1500 1851 1567 1879 adeo
1587 1861 1681 1882 omnes
1702 1858 1734 1884 ad

943 1886 1027 1921 ipsam
1041 1888 1145 1916 virtutis
1153 1889 1302 1918 doctrinam
1313 1892 1522 1929 obsurduerunt,
1534 1902 1562 1924 et
1573 1899 1663 1927 multis
1673 1901 1735 1929 hinc

943 1933 1036 1968 repleti
1050 1939 1113 1962 sunt
1128 1936 1215 1963 malis.
1229 1937 1263 1964 Et
1272 1939 1294 1965 si
1307 1946 1446 1973 possemus
1457 1941 1559 1970 animas
1575 1943 1665 1972 videre
1686 1955 1735 1973 nn-

941 1978 1000 2012 das,
1018 1980 1084 2007 utin
1098 1982 1261 2010 exercitibus
1282 1989 1342 2017 post
1365 1985 1528 2020 conﬂictum,
1553 1989 1597 2016 alii
1621 1993 1732 2025 mortui,

941 2026 986 2053 alii
1014 2027 1145 2055 vulnerati
1170 2029 1308 2063 videntur;
1323 2031 1400 2058 sicin
1428 2032 1546 2060 Ecclesia
1568 2035 1731 2066 videremus.

940 2072 1120 2105 Quamobrem
1148 2075 1261 2103 obsecro
1285 2082 1312 2104 et
1334 2085 1382 2105 oro
1397 2099 1405 2111 ,
1431 2086 1539 2107 manum
1566 2082 1634 2110 alter
1655 2084 1732 2113 alteri

942 2120 1108 2155 porrigamus
1117 2125 1144 2148 et
1157 2129 1342 2157 exsurgamus.
1355 2124 1422 2152 Nam
1436 2130 1462 2153 et
1474 2134 1524 2161 ego
1535 2135 1566 2155 ex
1578 2129 1732 2157 sauciorum

941 2173 1054 2192 numero
1067 2173 1136 2198 sum.
1153 2171 1180 2194 et
1194 2175 1286 2195 eorum
1308 2169 1351 2204 qui
1374 2170 1526 2204 pltarmacis
1541 2181 1608 2208 opus
1621 2174 1729 2202 habent.

938 2210 990 2238 Sed
1007 2219 1041 2239 ne
1057 2211 1116 2238 ideo
1128 2213 1246 2240 animum
1259 2213 1448 2249 despondeatis
1459 2225 1465 2243 :
1478 2224 1538 2244 nam
1561 2219 1611 2246 etsi
1635 2221 1730 2254 gravia

938 2262 1000 2284 sunt
1022 2258 1145 2292 vulnera,
1171 2263 1199 2286 at
1223 2267 1276 2286 non
1303 2259 1474 2288 ineurabilia.
1496 2261 1568 2290 Talis
1583 2269 1624 2291 est
1638 2270 1730 2292 noster

938 2304 1072 2336 medicus;
1090 2305 1170 2332 tnodo
1186 2305 1296 2333 vulnera
1311 2307 1469 2340 sentiamus,
1483 2309 1587 2336 etiamsi
1602 2310 1626 2336 in
1640 2315 1729 2338 extre-

937 2357 1009 2376 mum
1034 2350 1158 2385 nequitiae
1180 2352 1343 2384 venerimus.
1365 2353 1463 2380 multas
1477 2353 1554 2381 nobis
1567 2355 1653 2389 aperit
1670 2357 1726 2383 vias

937 2396 1040 2423 salutis.
1056 2396 1121 2423 Nam
1132 2397 1154 2424 si
1170 2397 1293 2432 proximo
1307 2397 1375 2425 iram
1396 2399 1544 2432 remiseris,
1557 2401 1728 2429 remittentur

937 2443 985 2470 tibi
1000 2443 1113 2470 delicta:
1132 2444 1163 2471 Si
1183 2444 1261 2476 enim,
1285 2445 1380 2480 inquit.
1405 2446 1552 2473 retitiseritis
1573 2446 1726 2482 horninibus,

935 2489 1042 2515 remittet
1056 2493 1080 2515 et
1094 2489 1162 2516 vobis
1177 2489 1254 2516 Pater
1267 2495 1347 2517 vester
1361 2490 1467 2518 cazlntis
1490 2490 1595 2526 (Matth.
1618 2491 1646 2518 6.
1670 2492 1725 2528 It).

935 2534 967 2562 Et
982 2535 1003 2561 si
1017 2534 1215 2570 eleemosynam
1229 2535 1347 2568 dederis,
1361 2535 1525 2563 condonabit
1537 2536 1582 2563 tibi
1596 2542 1704 2571 peccata
1717 2547 1724 2564 :

934 2579 1085 2615 Iniquitate:
1098 2580 1169 2608 enim
1181 2585 1248 2613 tuas,
1260 2581 1357 2615 inquit,
1366 2581 1532 2617 eleematynis
1539 2581 1635 2608 redime
1643 2581 1723 2615 (Dan.

933 2625 960 2652 4.
974 2625 1031 2659 24).
1048 2625 1076 2652 Si
1089 2625 1230 2660 diligenter
1242 2626 1374 2659 oraveris,
1390 2626 1551 2653 remissione
1567 2626 1675 2655 frueris.
1691 2627 1725 2654 Et

934 2671 983 2698 hoc
998 2672 1115 2699 ostendit
1129 2672 1218 2706 vidua,
1234 2680 1293 2707 qua;
1304 2673 1447 2701 immanem
1461 2674 1536 2700 illum
1544 2674 1662 2709 judicem
1670 2673 1724 2701 fre-

932 2719 1024 2753 quenti
1040 2718 1170 2754 petitione
1184 2719 1296 2747 inflexit.
1314 2719 1340 2747 Si
1354 2725 1464 2755 peccata
1480 2725 1525 2748 tua
1538 2721 1722 2753 accusaveris,

932 2765 1014 2792 babes
1023 2764 1233 2792 consolationem
1245 2773 1251 2791 :
1264 2764 1313 2792 Dic
1323 2771 1350 2792 tu
1361 2767 1432 2793 enim
1445 2766 1542 2801 primus
1556 2770 1658 2801 peccata
1666 2770 1720 2796 tua,

930 2816 958 2838 ut
968 2810 1118 2846 justi/iccris
1129 2810 1207 2846 (Isai.
1224 2812 1268 2838 45.
1287 2811 1345 2846 26).
1359 2812 1387 2840 Si
1402 2820 1451 2847 pro
1473 2813 1505 2840 iis
1526 2812 1609 2840 tristis
1628 2810 1720 2841 fueris,

932 2863 958 2886 ct
979 2858 1029 2884 hoc
1052 2856 1099 2884 tibi
1121 2857 1296 2892 pharmacnm
1316 2858 1368 2886 erit
1382 2859 1544 2887 maximum:
1564 2857 1622 2885 Vidi
1639 2855 1719 2887 enim,
