2046 3114
320 134 370 163 195

318 194 413 228 inquit.
430 192 497 226 quod
510 192 597 219 dolore
611 191 717 224 affectus
728 190 770 221 sit,
786 194 808 216 et
822 189 910 216 abierit
924 189 1013 221 tristis,
1029 193 1052 215 et
1063 197 1107 215 cu-

317 240 433 267 ruvivias
448 239 503 274 ejus
519 238 595 273 (Isai.
609 238 654 265 57.
672 237 713 264 17.
738 236 793 271 18).
809 236 842 262 Ει
856 236 877 262 si
893 235 955 270 quid
972 235 1034 261 mali
1049 243 1109 270 pas-

319 293 376 315 sus,
394 283 497 312 fortiter
513 283 575 310 illud
593 282 697 314 tuleris,
713 285 796 308 tolinn
811 280 918 308 exuisti.
933 281 988 307 lloc
1003 287 1110 315 quoque

320 331 390 357 enim
404 330 478 356 diviti
499 328 535 356 illi
558 326 690 355 Abraham
710 327 840 354 dicebat:
865 326 976 360 Recepit
995 326 1111 353 Lazarus

320 377 389 402 mala
403 382 461 408 sua,
479 379 505 402 et
519 369 561 401 hic
575 373 787 400 consolationem
805 373 886 399 habet
904 371 979 407 (Luc.
993 370 1036 399 l6.
1050 371 1110 406 25).

319 422 346 449 Si
360 419 445 448 vidiue
457 421 582 447 misertus
595 420 686 451 fueris,
702 419 846 446 abluuntur
856 423 963 452 peccata
980 422 1022 445 tua
1033 427 1039 444 :
1050 425 1110 445 nam

319 467 356 492 ait
369 475 375 492 :
387 466 507 492 iudicate
522 464 633 500 pupillo,
649 464 779 501 defendite
800 465 914 497 viduam,
932 469 955 490 et
969 464 1048 490 venite
1071 463 1112 490 di-

318 517 469 542 sceplemiis,
486 512 524 538 ait
539 511 683 543 Dominus;
709 516 732 537 el
755 511 775 537 si
801 510 896 546 fuerin!
912 514 1016 544 peccata
1030 514 1112 536 uestra

318 559 381 585 sicut
393 559 537 592 puniceum,
554 563 580 584 ιιι
594 558 674 584 nivem
686 556 828 589 dealbabo;
841 561 865 583 et
878 556 898 582 si
912 556 1006 592 fuerint
1020 560 1045 581 ut
1055 563 1114 581 coc-

318 605 414 638 cinum,
429 610 455 631 ut
471 604 558 631 lunam
577 603 698 630 dealbiibo
721 602 796 638 (lsai.
822 603 847 629 i.
874 602 917 630 Π.
941 602 995 636 18).
1019 601 1112 635 Neque

319 650 391 677 enim
405 650 447 677 vel
461 646 614 677 cicatricem
627 649 769 675 vulnerum
784 648 848 675 sinit
863 654 1004 682 appareie.

355 697 381 724 5.
404 697 562 724 Pteiiiienlite
573 697 609 723 vis
622 696 648 722 in
662 696 708 722 hac
724 695 784 727 vita,
796 695 920 721 inuiiliius
940 694 971 729 in.
989 694 1114 722 altera.—

319 744 371 771 Scd
384 745 488 771 etiamsi
503 743 656 770 veneiimus
672 742 697 768 in
714 741 777 768 illud
793 740 950 776 profundum
971 740 1111 771 malorum,

319 790 346 817 in
359 789 429 825 quod
445 789 539 816 incidit
558 789 580 815 is
594 789 639 823 qui
656 792 764 822 paterna
782 787 849 813 bona
866 786 957 813 exedit
970 791 997 813 et
1010 785 1113 820 siliquis

319 836 488 868 vescebatur,
503 840 530 862 et
546 834 732 869 pceiiiteiitiam
757 834 902 868 igeriinus,
919 833 1029 859 omnino
1045 832 1112 859 salvi

320 881 553 909 criinus:etiamsi
569 880 661 907 decem
679 879 760 906 millia
782 879 880 906 talenta
906 878 1062 910 debeamus,
1087 883 1114 905 ct

321 927 501 962 procidamus,
526 926 739 960 injurlﬂl‘lllliquc
760 924 917 951 memoriam
937 923 1113 957 dcponamus,

321 973 410 1000 omnia
432 973 509 999 nobis
532 972 705 998 remittuntur
722 979 728 996 :
748 971 853 997 etiamsi
877 970 930 997 illic
943 969 1114 997 aherraveri-

321 1027 391 1052 mus,
408 1019 451 1046 ubi
466 1019 524 1046 ovis
537 1019 571 1045 ab
585 1017 649 1044 ovili
665 1017 809 1047 aberravit,
828 1016 889 1043 inde
906 1016 951 1043 ille
971 1024 1019 1042 nos
1033 1015 1113 1042 redu-

321 1067 368 1099 cit,
383 1066 404 1093 si
416 1065 495 1092 modo
509 1065 632 1097 velimus,
645 1063 733 1091 dilecti
746 1073 751 1089 :
763 1063 892 1098 benignus
903 1063 972 1089 enim
985 1066 1025 1089 est
1034 1062 1112 1088 licus.

324 1112 387 1139 lilco
411 1111 494 1138 etiam
522 1111 587 1138 satis
607 1110 645 1137 illi
664 1110 721 1142 luit,
746 1110 815 1145 quod
831 1110 853 1136 is
868 1110 912 1144 qui
928 1109 1020 1136 decem
1034 1109 1114 1135 millia

324 1158 422 1185 talenta
438 1157 562 1190 debebat,
590 1160 652 1183 ante
667 1163 697 1183 se
722 1155 918 1190 procumberet,
935 1160 962 1183 et
976 1154 1046 1189 quod
1071 1155 1114 1188 qui

324 1208 434 1238 p:.terna
445 1203 512 1230 bona
522 1203 715 1237 absumpserat,
725 1202 810 1228 solum
820 1201 1115 1236 reverteretiir,etquod

324 1258 418 1276 errans
431 1250 488 1276 ovis
503 1249 602 1283 portari
618 1248 707 1276 vellet.
724 1248 880 1283 Cogitantt-s
893 1248 973 1283 igitur
992 1247 1116 1282 benigni-

327 1295 388 1322 tatis
402 1295 460 1329 ejus
474 1294 696 1329 magnitudinem,
713 1294 755 1321 hic
780 1293 855 1320 illum
872 1294 948 1321 nobis
971 1294 1115 1328 propitium

325 1338 479 1373 reddamus,
497 1344 524 1366 et
539 1346 755 1374 pricocuipemus
771 1338 863 1366 faciem
885 1339 943 1374 ejus
967 1339 992 1366 iii
1011 1339 1117 1366 confes-

326 1387 412 1419 sione,
423 1391 452 1414 iit
464 1394 496 1413 ne
509 1385 571 1413 hinc
580 1385 710 1413 abeuntes
721 1385 779 1412 sine
788 1384 955 1418 defensione,
968 1390 1116 1412 extremum

326 1433 472 1460 subeamus
484 1432 658 1466 supplicium.
674 1431 702 1458 Si
717 1431 788 1458 enim
804 1431 829 1458 in
844 1431 971 1466 prieseiiti
987 1432 1039 1458 vita
1053 1439 1118 1466 qua-

327 1481 495 1514 lemcumque
508 1479 683 1506 adhibeamus
703 1478 880 1512 diligentiam,
898 1478 1014 1504 maxima
1028 1479 1116 1505 lucra-

327 1527 430 1554 biinur:
444 1526 465 1553 si
480 1531 569 1553 autem
583 1532 636 1551 non
651 1525 778 1551 meliores
792 1523 880 1551 eﬂ‘ccti
895 1525 1116 1556 abscCSserimns,

327 1573 432 1600 etiamsi
461 1572 513 1599 illic
535 1571 684 1598 vehementi
709 1570 864 1605 poenitentia
887 1571 1024 1602 ducamur.
1053 1570 1119 1598 nihil

328 1620 406 1646 nobis
419 1619 547 1653 proderit.
562 1617 710 1652 Oportebat
730 1617 802 1645 enim
820 1617 886 1644 intra
909 1623 984 1660 septa
1009 1625 1120 1644 manen-

329 1671 383 1694 tem
405 1666 553 1697 decertare,
577 1673 629 1691 non
652 1669 741 1692 autem
766 1668 906 1699 postquam
931 1664 1047 1691 solutum
1071 1665 1119 1692 fuit

330 1712 463 1738 theatrum
489 1709 628 1737 lamentari
649 1714 676 1736 et
689 1709 754 1737 ﬂere
776 1709 924 1742 inutiliter,
938 1714 966 1736 ut
978 1709 1053 1737 dives
1075 1709 1120 1737 ille

329 1756 453 1788 faciebat,
469 1757 619 1783 lanientaus
633 1759 661 1782 et
675 1754 790 1788 cjulans.
804 1755 850 1781 sed
860 1755 915 1789 jam
928 1754 1024 1782 frustra
1039 1761 1065 1782 et
1078 1757 1119 1782 iii-

328 1809 446 1833 cassum,
460 1801 522 1835 quia
539 1805 644 1834 tempus
666 1799 730 1826 illud
746 1799 916 1834 despexerat,
936 1808 989 1834 quo
1010 1799 1067 1827 liaic
1080 1799 1119 1826 fa-

329 1854 391 1874 ccre
407 1846 534 1881 nporltlil.
551 1845 608 1872 Non
631 1845 676 1873 ille
699 1849 787 1872 autem
812 1845 895 1876 solus,
919 1845 965 1872 sed
982 1845 1056 1872 multi
1075 1845 1119 1873 alii

327 1893 381 1927 jam
394 1896 456 1919 sunt
466 1891 562 1919 divites
577 1891 627 1926 ipsi
642 1890 755 1923 similes,
767 1891 810 1925 qui
822 1891 948 1925 pecunias
956 1891 1063 1926 quidem
1073 1892 1120 1919 de-

328 1939 433 1973 spicere
444 1937 548 1970 noliint,
561 1937 607 1964 scd
625 1936 683 1963 loco
698 1937 870 1970 pecuniarum
893 1937 1008 1964 animam
1027 1937 1118 1972 despi-

328 1985 400 2010 ciunt
414 1993 419 2009 :
436 1982 507 2019 quod
523 1982 614 2009 mirari
636 1982 708 2009 subit
728 1982 803 2015 mihi,
820 1990 880 2009 cum
901 1983 978 2010 video
996 1983 1057 2010 illos
1074 1984 1119 2011 Dei

329 2029 539 2057 miscricordiam
554 2034 704 2063 precantes,
720 2033 747 2055 et
763 2028 798 2055 ita
811 2028 921 2056 affectos
936 2037 999 2064 erga
1017 2031 1119 2064 seipsos

329 2080 358 2102 ut
369 2075 530 2102 inmutabiles
545 2075 609 2106 sint,
624 2075 774 2109 animaeque
788 2082 843 2102 sua:
857 2079 991 2110 tamquam
1005 2076 1119 2104 inimicat

329 2130 382 2148 nun
396 2125 547 2156 parcentes.
565 2120 602 2147 Ne
615 2120 750 2152 ludamus,
776 2129 792 2147 ο
813 2120 915 2154 dilecd,
938 2129 972 2149 ne
985 2122 1117 2156 ludainus,

328 2175 416 2202 neque
429 2174 477 2193 nos
492 2166 564 2201 ipsos
580 2166 770 2200 despiciamus,
782 2166 846 2194 dum
862 2175 987 2202 rogamus
998 2169 1082 2197 Deum
1090 2174 1119 2197 ut

328 2213 414 2240 nostri
428 2212 595 2244 misereatur,
607 2216 634 2239 et
648 2212 840 2240 misericordia:
852 2214 910 2248 ejus
924 2216 1059 2249 pecunias,
1070 2217 1117 2245 de-

326 2260 403 2287 licias
412 2259 536 2286 etomnia
546 2259 744 2292 anteponimus.
759 2258 850 2293 Neque
863 2261 946 2290 enim.
961 2263 982 2289 si
997 2263 1057 2297 quis
1071 2264 1118 2291 tibi

328 2307 415 2333 dicam
430 2305 548 2336 offerret,
564 2309 590 2331 et
604 2305 756 2340 quempiam
771 2313 899 2333 accusans
913 2307 1026 2340 diceret,
1043 2310 1116 2337 illuni

326 2351 400 2378 inille
414 2356 515 2378 mortes
529 2350 691 2382 subiturum,
706 2358 767 2378 cutn
790 2357 880 2386 posset
901 2353 1004 2381 modica
1036 2363 1117 2390 pecu.

332 2398 374 2425 nia
399 2405 460 2424 sese
484 2397 628 2429 redimere,
654 2397 734 2424 malle
761 2399 830 2425 mori
857 2407 937 2433 quam
958 2401 1058 2434 aliquid
1085 2410 1116 2428 ex

326 2443 381 2470 suis
410 2436 569 2475 numerare;
597 2443 782 2471 misericordia
805 2450 851 2472 aut
870 2446 947 2474 venia
971 2447 1044 2474 illum
1058 2456 1117 2475 esse

325 2489 433 2523 dignum
448 2487 562 2515 diceres.
578 2487 634 2515 Hoc
652 2496 716 2523 ergo
734 2495 761 2516 et
775 2489 808 2517 de
823 2490 908 2525 teipso
923 2497 1016 2526 reputa
1033 2501 1039 2518 :
1056 2501 1116 2520 nam

326 2542 376 2562 nos
389 2542 495 2569 quoque
507 2534 557 2561 hoc
572 2535 692 2568 facimus,
708 2541 735 2563 ct
755 2536 870 2564 salutem
893 2542 1011 2564 nostrain
1026 2539 1116 2574 despi-

326 2582 438 2614 cientes,
454 2581 573 2616 pecuniis
587 2582 730 2615 parcimus.
741 2581 881 2614 Quomodo
889 2591 953 2618 ergo
964 2584 1045 2611 Deum
1057 2593 1116 2620 pre-

325 2628 395 2654 caris
408 2631 437 2654 ut
449 2627 494 2654 tibi
509 2632 610 2662 parcat,
625 2635 686 2654 cum
701 2633 728 2655 tu
743 2628 799 2662 ipse
823 2629 867 2655 tibi
891 2638 943 2656 non
964 2637 1067 2664 parcas,
1089 2637 1116 2658 et

325 2673 421 2701 animre
436 2674 561 2708 pecunias
583 2674 727 2708 prrcl'eras?
748 2675 878 2706 Quocirca
899 2675 1043 2703 admodum
1066 2677 1117 2704 ob-

323 2723 450 2754 stupesco
462 2720 593 2754 cogitans,
608 2724 716 2754 quanta:
731 2720 756 2747 in
777 2721 898 2755 pecuniis
919 2721 1020 2749 lateant
1043 2731 1114 2757 pra)-

325 2766 426 2800 stigite;
440 2766 494 2792 imo
508 2773 560 2792 non
581 2766 606 2792 in
622 2766 754 2800 pecuniis,
770 2766 816 2793 sed
833 2766 857 2793 in
872 2774 964 2794 corum
979 2768 1023 2803 qui
1038 2768 1112 2796 deci-

326 2811 434 2845 piuntur
447 2810 553 2838 animis.
569 2811 637 2838 Sunt
651 2811 734 2844 enim,
749 2816 810 2838 sunt
824 2813 925 2846 utique,
942 2814 987 2848 qui
1002 2814 1113 2841 multum

324 2854 406 2884 hasce
433 2857 580 2892 pnestigias
600 2856 723 2885 irrident.
747 2857 815 2891 Quid
838 2859 908 2886 enim
932 2858 958 2886 in
980 2859 1032 2886 illis
1054 2865 1107 2893 est,

671 133 699 160 S.
720 132 858 160 JOANNIS
877 131 1110 159 CHRYSOS'I‘OMI
1130 131 1289 159 ARCIIIEP.
1310 132 1574 161 CONSTANTINOP.

1909 135 1967 165 tuo

1165 189 1235 222 quod
1265 196 1314 216 nos
1339 189 1471 218 fascinare
1498 191 1605 224 possit?
1633 198 1720 219 nonne
1744 192 1891 220 iiiaiiiiiiata
1918 198 1968 220 est

1164 236 1287 268 materia,
1314 244 1401 263 nonne
1421 236 1509 264 fluxa?
1537 245 1625 263 nonne
1651 238 1731 265 infida
1759 243 1801 266 est
1820 239 1880 273 ejus
1895 247 1965 274 pos-

1163 282 1266 309 sessio?
1279 290 1367 310 annon
1383 283 1523 310 timoribus
1537 283 1615 318 plena
1624 288 1699 310 estet
1712 284 1858 318 periculis?
1868 293 1967 312 annon

1164 328 1284 355 caulibus
1297 333 1324 356 et
1337 328 1457 356 insidiis?
1470 336 1560 355 annon
1576 329 1714 356 inimicitia
1729 334 1756 357 et
1769 330 1855 362 odio?
1869 338 1965 357 annon

1164 373 1286 400 socordia
1300 379 1326 401 et
1340 374 1456 409 nequitia
1471 374 1571 401 multa?
1584 382 1674 401 annon
1690 379 1759 402 terra
1774 380 1817 402 est
1829 379 1858 402 et
1871 376 1943 403 cinis
1955 375 1968 401 ?

1164 427 1224 453 qua:
1239 418 1359 446 insania?
1373 421 1432 454 quis
1451 419 1582 446 morbus?
1602 421 1636 447 At
1658 428 1710 447 non
1732 422 1877 449 accusandi
1899 426 1969 448 sunt

1167 469 1278 496 tantum,
1294 464 1410 498 inquies,
1434 465 1484 492 huc
1504 465 1598 493 inorbo
1619 466 1784 499 laborantes,
1808 467 1855 494 sed
1878 467 1966 494 etiam

1165 510 1309 538 solvendus
1322 516 1364 538 est
1377 519 1462 538 amor.
1489 511 1524 538 Et
1547 519 1600 546 quo
1626 512 1679 539 alio
1706 512 1785 540 modo
1811 513 1966 544 solvemus.

1164 564 1243 590 quam
1256 556 1428 584 ostendentes
1437 565 1494 585 rem
1509 565 1568 585 esse
1582 558 1679 585 malam
1692 559 1896 594 innumerisque
1906 560 1968 594 plu-

1166 609 1227 628 nam
1241 602 1336 630 malis?
1357 602 1392 629 At
1412 610 1465 630 non
1480 603 1557 630 facile
1571 609 1613 631 est
1627 604 1652 630 iii
1667 605 1766 631 amanti
1782 605 1964 639 persuadere.

1167 647 1256 681 Itaque
1268 647 1318 674 alia
1335 647 1383 682 ipsi
1399 647 1570 682 pulchritudo
1589 649 1748 683 opponenda
1763 655 1815 677 est.
1830 650 1885 678 Sed
1899 659 1964 678 cum

1165 697 1287 726 aegrotet,
1298 693 1482 728 iiicorporeain
1496 701 1548 721 non
1558 694 1631 721 videt
1643 695 1868 729 pulchritudinem
1882 704 1964 723 :cor-

1166 745 1274 772 porcam
1289 746 1353 774 ergo
1367 739 1404 766 illi
1417 740 1602 773 ostendamus,
1618 745 1644 768 et
1657 740 1778 768 dicamus
1794 742 1848 769 illi:
1865 743 1964 778 Cogita

1166 788 1253 819 prata,
1267 789 1295 812 et
1308 782 1388 812 liores
1401 786 1445 820 ιιιιὶ
1461 786 1485 812 in
1501 786 1552 813 illis
1565 791 1636 819 sunt,
1653 789 1746 822 quovis
1760 797 1825 815 auro
1847 783 1963 824 elegan-

1166 830 1259 863 tiores,
1274 835 1301 857 et
1315 830 1452 866 quibusvis
1467 831 1563 866 lapillis
1589 836 1615 859 et
1640 834 1753 867 gemmis
1777 835 1910 869 gratiores
1935 840 1967 862 et

1167 875 1371 911 pelliicidiores:
1387 877 1478 913 cogita
1493 878 1602 913 limpida
1617 878 1730 907 fontium
1743 881 1852 914 illlt‘ltlﬂ,
1863 879 1966 909 fluvios

1166 922 1210 957 qui
1225 922 1310 950 instar
1323 923 1374 950 olei
1389 924 1447 951 sine
1460 925 1573 960 slrepitu
1587 933 1602 952 e
1618 930 1687 953 terra
1703 927 1836 961 μιμίῐιιυιιι
1847 937 1852 954 ;
1863 936 1966 956 asceti—

1166 967 1199 995 dc
1213 968 1239 994 in
1255 968 1349 995 ciuium
1364 974 1390 996 et
1405 969 1466 997 vide
1480 970 1546 997 solis
1566 970 1807 1005 pulchritudinem,
1825 973 1896 1000 luna:
1911 975 1965 1001 de-

1167 1021 1269 1047 corem,
1292 1014 1430 1042 Stellarum
1453 1015 1543 1042 flores.
1565 1016 1599 1043 Et
1614 1017 1676 1051 quid
1691 1017 1751 1050 hoc,
1768 1019 1890 1053 inquies?
1907 1028 1965 1046 non

1167 1060 1239 1087 enim
1256 1059 1310 1088 illis
1322 1061 1421 1088 utimur
1433 1066 1461 1088 ut
1475 1063 1604 1096 pecuniis.
1620 1064 1698 1098 Atqui
1715 1065 1800 1098 magis
1814 1073 1894 1099 quam
1913 1073 1967 1099 pe-

1167 1106 1264 1139 cuiiiis,
1284 1112 1418 1142 quatenus
1433 1115 1527 1134 eorum
1545 1116 1609 1135 usus
1625 1114 1666 1136 cst
1682 1110 1764 1143 magis
1781 1111 1965 1139 necessarius.

1170 1156 1197 1179 et
1212 1152 1244 1179 iis
1258 1152 1372 1179 fruimur
1386 1153 1518 1180 securius.
1534 1153 1628 1188 Neque
1651 1155 1721 1182 enim
1747 1156 1835 1187 times,
1854 1164 1888 1183 ne
1902 1157 1968 1191 quis

1169 1199 1212 1225 illa
1225 1203 1253 1225 ut
1268 1199 1395 1233 pecunias
1410 1199 1533 1227 auferens
1547 1198 1682 1233 discedat;
1706 1201 1752 1228 sed
1777 1201 1839 1228 licet
1862 1202 1910 1229 tibi
1929 1200 1968 1230 de

1169 1245 1201 1271 iis
1213 1248 1342 1279 perpetuo
1356 1244 1504 1279 confidere,
1521 1251 1601 1280 atque
1616 1246 1674 1273 sine
1688 1247 1740 1273 ull.i
1752 1255 1816 1274 cura
1830 1249 1870 1274 vel
1885 1249 1968 1276 solli-

1168 1289 1296 1317 citudine.
1309 1290 1336 1318 Si
1347 1295 1438 1317 autem
1451 1291 1512 1318 ideo
1526 1292 1611 1324 doles,
1624 1293 1694 1326 quod
1710 1300 1771 1320 cum
1787 1294 1848 1321 aliis
1861 1290 1967 1321 fruaris

1169 1335 1233 1368 illis,
1248 1340 1276 1362 et
1290 1335 1362 1370 quod
1377 1342 1429 1363 non
1445 1336 1519 1363 solus
1538 1337 1581 1363 illa
1603 1338 1749 1371 pussitleas‘,
1773 1343 1801 1365 ut
1815 1341 1967 1373 pecunias;

1169 1388 1222 1407 non
1238 1382 1373 1415 pecunias,
1389 1381 1436 1408 sed
1452 1382 1588 1408 auaritiam
1604 1383 1687 1410 solam
1703 1384 1766 1410 mihi
1779 1392 1872 1412 amare
1887 1386 1969 1412 vidc-

1170 1427 1230 1453 ris:
1254 1434 1304 1453 nec
1329 1426 1456 1461 pecunias
1477 1434 1593 1458 amares,
1614 1428 1635 1454 si
1657 1436 1815 1456 communes
1837 1431 1969 1457 omnibus

1171 1476 1332 1507 prostarcnt.
1348 1472 1413 1499 Cum
1426 1472 1506 1507 igitur
1518 1473 1641 1500 dilectam
1658 1474 1849 1506 invenerimus,
1866 1483 1970 1510 nempe

1170 1519 1326 1551 avaritiam;
1341 1526 1400 1553 age,
1419 1520 1557 1546 ostendam
1574 1520 1631 1552 tibi,
1647 1521 1782 1555 quomodo
1797 1520 1840 1548 illa
1856 1527 1882 1549 te
1903 1518 1970 1549 odi.»

1172 1563 1268 1590 habeat
1290 1569 1316 1590 et
1339 1569 1496 1591 aversetur:
1515 1571 1579 1599 quot
1593 1571 1686 1593 eontra
1704 1570 1729 1593 te
1749 1567 1852 1602 gladios
1873 1574 1968 1600 acuat,

1171 1617 1250 1644 quam
1264 1611 1347 1637 multa
1364 1609 1448 1637 fodiat
1464 1611 1600 1645 baratlira,
1616 1621 1695 1646 quatit
1711 1614 1808 1640 multos
1823 1615 1916 1642 tendat
1928 1615 1971 1642 la-

1171 1664 1266 1691 queos,
1281 1661 1378 1692 quanta
1394 1662 1504 1692 apparet
1519 1659 1682 1693 prmeipitia;
1696 1665 1723 1686 ut
1737 1661 1774 1687 sic
1788 1668 1909 1689 amorem
1919 1671 1970 1689 cx~

1172 1703 1301 1737 stinguas.
1323 1703 1463 1731 Undenani
1485 1705 1542 1732 hau:
1559 1706 1622 1733 sciri
1643 1709 1772 1741 possunt?
1792 1709 1830 1736 Ex
1856 1711 1917 1743 viis,
1934 1719 1969 1737 ev

1171 1749 1260 1781 bellis,
1284 1758 1316 1777 ex
1336 1751 1415 1783 mari,
1432 1758 1464 1778 ex
1480 1751 1667 1780 tribunalibus.
1691 1753 1756 1781 Nam
1774 1764 1848 1783 mare
1872 1757 1970 1792 implet

1172 1795 1311 1830 sanguine,
1325 1802 1351 1823 ct
1365 1796 1480 1830 iudicum
1493 1805 1565 1833 swpe
1577 1805 1698 1826 cruentat
1710 1801 1822 1835 gladios,
1840 1812 1914 1838 sa:pe
1928 1805 1971 1830 in-

1169 1840 1252 1876 justc,
1269 1848 1369 1876 eosque
1382 1843 1426 1876 qui
1442 1847 1520 1869 noctu
1534 1849 1559 1870 et
1574 1844 1689 1871 interdiu
1701 1846 1727 1873 in
1742 1846 1791 1874 viis
1805 1848 1971 1877 insidiantur

1173 1888 1229 1922 ipsa
1249 1893 1346 1921 armat,
1361 1893 1388 1915 et
1402 1889 1497 1915 suadet
1520 1889 1644 1925 ignorare
1658 1897 1780 1920 naturain
1793 1904 1799 1921 :
1816 1897 1970 1929 parricidas

1173 1933 1236 1960 facit
1250 1940 1276 1960 et
1291 1934 1458 1967 matricidas,
1484 1939 1511 1962 et
1526 1936 1613 1963 omnia
1639 1937 1707 1964 mala
1725 1939 1750 1965 ili
1775 1940 1856 1966 vitam
1874 1941 1968 1969 infert.

1208 1979 1233 2006 6.
1262 1979 1376 2014 ideoque
1399 1981 1497 2008 Paulus
1510 1987 1588 2009 vocat
1603 1981 1674 2010 illam
1688 1985 1819 2012 malorum
1835 1987 1967 2016 radicem.

1173 2024 1231 2060 Ipsa
1245 2030 1379 2053 amatores
1394 2034 1456 2054 suos
1470 2035 1522 2054 non
1540 2028 1651 2056 meliore
1660 2031 1814 2058 conditione
1826 2032 1920 2066 jacere
1930 2035 1969 2060 si-

1173 2073 1222 2104 nit,
1243 2080 1322 2107 quant
1333 2081 1380 2100 eos
1392 2075 1436 2109 qui
1448 2075 1554 2102 metalla
1567 2081 1720 2111 operantur.
1732 2079 1968 2112 Quemadmodum

1172 2120 1241 2147 enim
1254 2120 1290 2146 illi
1303 2125 1431 2154 perpetuo
1447 2122 1471 2147 iii
1486 2123 1603 2150 tenebris
1615 2125 1732 2151 conclusi
1746 2130 1772 2153 et
1786 2127 1867 2154 vincti
1888 2128 1969 2155 inuti-

1172 2165 1234 2193 liter
1242 2166 1363 2193 laborant
1375 2177 1381 2193 :
1394 2167 1432 2193 sic
1442 2172 1468 2194 et
1479 2168 1520 2194 isti
1532 2169 1558 2195 iii
1570 2170 1704 2203 speluncis
1717 2172 1837 2199 avaritia:
1853 2173 1966 2206 defessi,

1172 2212 1279 2239 nemine
1294 2212 1479 2240 necessitatem
1505 2214 1647 2248 iuferentc,
1664 2223 1711 2243 sua
1725 2223 1820 2252 sponte
1836 2219 1888 2246 sibi
1904 2228 1968 2255 ειῳα

1173 2258 1280 2291 pliciiiin
1292 2257 1438 2291 attrahunt,
1447 2266 1476 2285 se
1488 2259 1673 2288 insolubilibus
1683 2262 1899 2298 circumligantcs
1910 2266 1968 2292 viii-

1172 2303 1249 2330 culis.
1265 2303 1298 2330 lSt
1309 2304 1341 2330 ad
1357 2304 1462 2331 metalla
1476 2305 1592 2332 damnati
1607 2307 1724 2341 quidem,
1742 2316 1853 2342 vespere
1869 2311 1966 2338 Saltem

1171 2349 1329 2376 adveniente
1353 2358 1366 2376 a
1391 2351 1526 2377 laboribus
1550 2352 1706 2385 solvuntur;
1734 2353 1760 2380 lii
1785 2363 1848 2381 vero
1873 2362 1899 2382 ci.
1924 2357 1967 2383 de

1172 2401 1198 2423 et
1219 2400 1296 2423 nocte
1316 2396 1435 2429 improba
1459 2397 1515 2424 inec
1540 2399 1645 2425 metalla
1671 2399 1810 2428 defodiunt
1831 2410 1837 2427 :
1862 2408 1889 2429 et
1914 2403 1966 2430 ill.s

1171 2442 1278 2477 quidem
1290 2443 1385 2470 modus
1401 2448 1442 2470 est
1456 2444 1617 2472 constitutus
1629 2446 1768 2473 labori-iste
1783 2447 1854 2474 illius
1871 2457 1966 2482 ομνια-

1172 2489 1270 2521 tionis;
1286 2488 1312 2515 lii
1329 2497 1392 2516 vero
1405 2490 1506 2517 nullum
1530 2491 1637 2518 modum
1655 2497 1762 2526 norunt,
1778 2494 1824 2520 sed
1840 2503 1894 2528 quo
1910 2505 1966 2521 ina-

1170 2537 1210 2570 εἰς
1224 2535 1346 2569 foderint,
1358 2543 1390 2563 eo
1401 2537 1529 2571 majorem
1539 2544 1665 2573 appetunt
1676 2540 1819 2567 iniseriam.
1833 2541 1860 2568 Si
1874 2548 1963 2569 autem

1171 2582 1209 2609 illi
1228 2582 1334 2617 quidem
1359 2584 1442 2616 inviti,
1461 2584 1488 2611 hi
1508 2592 1572 2612 vcro
1596 2592 1691 2620 sponte
1714 2595 1771 2617 sua,
1788 2588 1874 2615 morbi
1899 2589 1963 2616 niilii

1170 2629 1236 2657 dicis
1249 2633 1417 2666 gravitatem,
1431 2632 1500 2667 quod
1512 2641 1608 2667 nempe
1622 2634 1728 2660 liberari
1743 2643 1795 2661 non
1812 2637 1924 2668 possint,
1942 2637 1965 2663 si

1170 2676 1276 2710 quidem
1293 2678 1388 2704 malam
1405 2687 1479 2705 suam
1495 2684 1595 2706 sortem
1610 2687 1663 2706 non
1677 2680 1798 2707 oderunt.
1818 2682 1872 2708 Sed
1887 2684 1963 2717 quasi

1169 2730 1215 2749 sus
1228 2723 1254 2750 in
1270 2724 1334 2756 luto,
1352 2725 1390 2752 sic
1402 2725 1437 2752 illi
1453 2726 1478 2752 in
1494 2726 1612 2752 avaritia:
1627 2726 1767 2754 fcetoribus
1781 2728 1892 2756 viilutati
1914 2730 1963 2756 sibi

1170 2769 1275 2803 placent
1287 2790 1293 2801 ,
1308 2769 1428 2805 graviora
1445 2771 1575 2805 patientes
1596 2780 1674 2806 quam
1698 2773 1816 2800 damnati
1835 2775 1882 2801 illi.
1897 2775 1963 2802 Nam

1169 2814 1239 2848 quod
1255 2815 1346 2850 pejore
1360 2816 1512 2844 conditione
1534 2817 1588 2844 sint
1599 2839 1605 2850 ,
1621 2818 1680 2845 audi
1695 2826 1755 2852 qua:
1769 2820 1801 2846 ad
1818 2821 1879 2847 illus
1901 2829 1963 2856 spe-

1170 2865 1252 2895 ctaut,
1271 2866 1298 2889 et
1313 2866 1375 2890 tunc
1392 2863 1485 2890 audies
1504 2871 1564 2898 qua:
1579 2863 1613 2892 ad
1633 2863 1681 2891 hos
1701 2866 1845 2899 pertinent.
1863 2866 1964 2894 Dicitur
