2046 3114
149 115 195 145 197
662 111 695 140 ΙΝ
714 111 820 140 EPIST.
843 111 851 138 l
883 110 928 138 AD

994 110 1025 138 R.
1046 110 1159 139 llOlllL.
1178 110 1271 140 XXIV.
1738 116 1785 145 198

146 179 207 207 ergo
230 175 303 200 terra
324 172 370 200 illa
390 172 506 200 aurifera
527 170 635 200 latibula
655 176 681 198 et
700 178 822 199 recessus
839 169 940 198 habere

146 219 171 246 in
182 218 334 246 tenebrosis
348 218 400 246 illis
412 218 545 253 speluncis
559 227 566 244 :
583 217 823 251 facinorosum,qui
835 217 868 243 ad
881 217 939 246 illos

150 264 249 290 labores
259 263 404 291 damnatus
419 267 475 296 est,
491 263 551 290 ideo
574 263 709 290 lucernam
725 263 896 297 accipientem
912 266 940 289 et

150 309 270 343 iigonem,
285 310 324 336 ita
347 310 462 345 ingredi,
475 314 503 337 et
525 310 690 343 gutturnium
713 309 818 340 afferre,
834 314 862 336 ut
877 309 939 336 inde

151 356 234 382 oleum
249 355 275 382 in
291 355 430 382 lucernam
455 355 586 387 infundat,
603 356 663 389 quia
679 355 795 382 tenebras
811 355 864 381 illic
878 359 939 381 sunt

151 402 226 429 etiam
250 401 378 434 interdiu,
391 407 419 429 ut
431 402 487 437 jam
509 402 574 429 dixi.
590 402 690 429 Deinde
711 402 817 436 quando
835 406 940 436 tempus

150 446 281 474 infelicem
298 447 370 475 illum
394 452 470 474 vocat
483 447 515 474 ad
528 447 632 480 cibum,
647 449 731 482 ipsum
746 447 851 482 quidem
873 452 940 474 tem-

150 501 197 528 pus
217 493 341 527 ignorare
356 498 478 526 narrant;
495 494 576 521 vincti
592 501 655 521 vero
672 493 809 520 custodem
824 501 939 528 superne

152 538 322 566 vehementer
340 539 491 574 pulsantem
510 540 675 575 speluncam,
692 547 740 574 per
757 539 895 574 strepitum
913 543 941 566 et

150 590 241 611 vocem
259 584 378 611 indicare
395 584 475 611 finem
495 592 555 611 esse
574 584 636 612 diei.
653 584 749 611 Annon
770 583 940 611 inhorruistis

151 628 205 656 ha'c
217 629 373 657 audientes?
386 630 526 657 Videamus
536 638 598 665 ergo
609 638 697 657 annon
710 630 750 657 his
761 631 882 664 graviora
896 638 941 664 pa-

151 675 248 701 tiantur
259 675 343 702 avari.
358 675 423 703 Nam
441 677 467 702 hi
482 684 588 711 quoque
606 677 754 711 graviorem
770 677 869 704 habent
883 684 941 704 car-

150 720 219 748 eeris
243 721 391 753 custodem,
412 721 562 754 avaritiam,
585 727 611 748 et
635 730 667 749 eo
686 722 844 757 graviorem,
869 722 939 757 quod

149 773 208 793 cum
219 773 337 801 corpore
348 767 464 794 animam
481 767 560 794 simul
572 767 688 802 colliget.
711 768 756 794 llae
778 776 882 803 quoque
899 773 938 795 tc-

150 811 239 839 uebra:
255 816 318 839 sunt
335 811 386 839 illis
401 812 603 845 horribiliores;
617 821 670 839 non
688 818 750 841 sunt
765 814 836 840 enim
851 814 939 841 sensi-

151 857 228 890 biles,
253 858 300 886 sed
328 858 389 886 illas
415 859 484 886 intus
512 859 646 893 parientes
667 861 749 893 avari,
774 868 941 895 quocumque

149 903 281 938 abierint,
296 903 393 939 ubique
407 911 497 931 secum
514 905 705 931 circumferunt
718 914 724 931 :
739 905 885 932 exstinctus
900 910 941 932 est

149 947 219 975 enim
249 948 314 982 ipsis
339 950 436 976 animae
461 948 564 976 oculus.
592 949 706 984 Ideoque
733 950 855 977 Christus
882 951 941 977 illos

150 993 264 1020 maxime
279 995 398 1021 omnium
413 994 525 1022 miseros
546 995 671 1029 praedicat
686 995 777 1022 dicens
793 1004 798 1021 :
815 996 845 1022 Si
859 1001 940 1022 autem

149 1039 232 1066 turrim
254 1040 322 1074 quod
346 1040 372 1066 in
392 1045 415 1067 te
436 1045 488 1070 est,
504 1040 610 1068 tenebrte
632 1040 698 1073 sint,
713 1040 820 1067 tenebrae
842 1047 942 1075 quau/aa

149 1090 219 1111 erunt
232 1084 347 1120 (Matth.
360 1085 386 1112 6.
399 1086 434 1113 25
444 1087 452 1120 )
464 1086 474 1112 ?
485 1086 519 1112 Et
530 1086 567 1113 illi
579 1086 687 1121 quidem
698 1087 792 1113 saltent
805 1087 940 1113 lucernam

151 1129 248 1157 habent
268 1132 402 1159 lucentem
419 1140 425 1158 :
449 1132 474 1159 bi
489 1138 577 1159 autem
594 1132 636 1159 illa
653 1133 790 1167 privantur
807 1142 813 1159 :
830 1132 941 1167 ideoque

148 1176 266 1210 quotidie
275 1177 301 1203 in
311 1177 435 1204 barathra
446 1178 564 1205 incidunt
575 1179 725 1206 innumera.
737 1179 894 1206 Etdamnati
905 1180 941 1207 illi

149 1222 256 1257 quidem
268 1223 428 1251 adveniente
441 1229 519 1251 nocte
530 1225 672 1260 respirant,
685 1226 710 1252 in
721 1233 888 1253 communem
898 1234 942 1253 eo-

148 1276 205 1295 rum
220 1269 267 1303 qui
279 1269 350 1296 diem
364 1269 505 1297 infeliciter
520 1275 705 1306 transegerunt
725 1272 941 1306 tranquillitatem

149 1313 315 1349 navigantes,
326 1315 352 1341 in
363 1320 466 1342 noctem
477 1316 551 1349 dico;
563 1317 651 1344 avaris
660 1322 747 1344 autem
757 1317 827 1344 hunc
837 1322 942 1352 portum

148 1360 285 1387 obstruxit
305 1361 416 1389 avaritia
430 1370 437 1389 :
452 1366 493 1390 tot
506 1367 533 1390 et
546 1364 625 1390 tantis
637 1364 709 1390 curis
722 1369 800 1391 noctu
814 1364 943 1391 distinen-

149 1411 190 1434 tur
203 1407 230 1435 in
244 1408 312 1441 otio,
328 1409 435 1435 nemine
450 1410 585 1444 negotium
601 1410 724 1443 faciente,
740 1412 841 1445 scipsos
857 1418 943 1437 mace-

149 1459 248 1480 rantes.
274 1453 309 1480 Et
323 1462 381 1489 qua:
397 1454 439 1481 hic
454 1455 560 1490 quidem
586 1461 699 1490 aguntur
714 1456 774 1482 talia
790 1461 867 1488 sunt;
884 1465 943 1491 qum

148 1506 211 1526 vero
223 1499 290 1532 illic,
305 1500 364 1534 quis
376 1508 464 1527 sermo
476 1508 617 1528 recensere
634 1502 726 1536 possit,
739 1502 860 1529 fornaces
875 1503 943 1529 into-

149 1544 294 1578 lerabiles,
311 1545 406 1573 ﬂuvios
429 1546 489 1581 igne
513 1546 639 1574 ardentes
650 1568 656 1579 ,
673 1548 765 1575 dentes
781 1549 941 1580 stridentes,

149 1591 299 1618 insolubilia
313 1592 428 1625 vincula,
443 1600 560 1620 vertncm
577 1599 746 1627 venenatum,
763 1595 886 1622 tenebras
901 1595 941 1621 ln-

150 1637 187 1664 cis
200 1643 336 1672 expertes,
353 1638 423 1665 mala
437 1646 579 1673 numquam
595 1639 673 1666 linem
688 1639 822 1667 habentia.
839 1641 943 1668 Timea-

150 1691 208 1711 mus
221 1692 296 1719 ergo,
311 1684 412 1717 dilecti,
429 1684 559 1719 fugiamus
574 1685 673 1712 fontem
691 1690 823 1714 tantorum
839 1688 942 1714 crucia~

152 1730 359 1763 tuum,furorcm
373 1730 559 1762 insatiabilem,
574 1736 671 1758 nostra:
682 1732 774 1759 salutis
788 1733 941 1767 perniciem.

150 1775 208 1802 Non
229 1780 342 1810 possunt
364 1777 435 1802 enim
458 1776 537 1803 simul
557 1777 641 1803 amari
663 1778 771 1811 pecunia
797 1783 822 1805 et
842 1779 941 1805 anima.

150 1821 288 1850 Discamus
299 1824 426 1857 pecunias
437 1830 496 1850 esse
509 1827 608 1850 terram
619 1828 645 1850 et
656 1824 803 1858 pulverem,
814 1825 883 1859 quod
895 1833 943 1853 nos

149 1866 277 1895 deserant
290 1867 351 1895 hinc
366 1867 557 1903 demigrantes,
576 1869 629 1895 imo
644 1877 707 1896 vero
720 1877 791 1905 Sa-pe
812 1875 874 1898 ante
895 1871 941 1898 de-

149 1921 256 1941 cessum
270 1918 387 1941 nostrum
399 1914 529 1946 resiliant,
545 1914 614 1949 quod
626 1915 659 1941 ad
669 1915 783 1942 futuram
796 1920 908 1944 noceant
919 1922 944 1944 ct

148 1960 181 1987 ad
192 1965 353 1995 przesentem
367 1961 457 1988 vitam.
475 1961 542 1988 Nam
556 1967 582 1988 et
595 1966 655 1988 ante
677 1962 826 1997 gehennam
842 1967 868 1990 et
882 1969 944 1991 ante

148 2006 310 2040 supplicium
326 2005 388 2033 illud
404 2007 429 2033 in
444 2006 512 2033 bella
524 2006 566 2033 hic
579 2014 625 2034 nos
636 2008 774 2035 innumera
788 2009 943 2043 conjiciunt,

154 2074 192 2081 .-

994 169 1138 198 seditiones
1152 170 1269 198 excitant
1282 175 1309 199 ct
1324 178 1434 207 pugnas.
1449 172 1519 200 Nihil
1538 174 1609 202 enim
1632 175 1666 203 ita
1687 176 1785 206 bellum

993 217 1108 243 concitat
1126 222 1154 243 ut
1171 217 1295 250 avaritia;
1314 219 1377 245 nihil
1398 220 1433 246 ita
1454 219 1560 255 inopem
1576 222 1678 255 reddit,
1691 224 1746 252 sive
1761 226 1785 252 in

993 261 1091 289 divitiis
1103 283 1111 295 ,
1128 263 1183 290 sive
1202 264 1228 290 in
1253 266 1378 299 pauperie
1398 268 1560 301 apparuerit.
1575 268 1699 297 Nascitur
1715 272 1785 299 enim

993 309 1073 335 etiam
1086 310 1111 336 in
1125 317 1269 345 pauperum
1281 312 1375 339 animis
1386 314 1473 347 gravis
1484 314 1527 342 hic
1538 316 1654 348 morbus.
1668 317 1786 345 illorum-

994 361 1046 388 qne
1056 360 1238 390 paupertatem
1252 358 1335 392 magis
1345 359 1443 386 atterit.
1454 359 1482 386 Si
1493 365 1580 388 autem
1595 362 1718 390 inventus
1732 364 1787 392 fuci

994 400 1028 426 rit
1038 408 1138 435 pauper
1151 409 1256 435 avarus,
1269 410 1321 430 non
1335 404 1361 430 in
1376 404 1473 432 divitiis
1489 406 1541 438 ille,
1552 407 1597 434 sed
1615 408 1639 435 in
1655 408 1726 437 fame
1741 410 1786 437 dat

994 452 1096 479 pmnas.
1120 446 1179 474 Non
1193 447 1263 474 enim
1279 453 1366 482 potest
1382 450 1422 476 vel
1438 451 1549 478 modicis
1565 453 1616 480 illis
1630 462 1689 487 qua:
1705 455 1786 483 habet

994 491 1076 518 libere
1086 491 1147 525 frui,
1158 492 1204 519 sed
1215 498 1242 520 et
1253 498 1372 521 ventrem
1385 494 1453 522 fame
1465 501 1551 529 vexat,
1561 503 1586 524 ct
1597 506 1693 533 carpas
1703 505 1784 528 totum

994 537 1112 564 nuditate
1131 542 1157 565 et
1178 538 1275 573 frigore
1294 540 1429 567 ulciscitur
1440 561 1447 573 ,
1463 546 1490 568 et
1505 542 1537 569 iis
1553 544 1595 577 qui
1611 550 1673 571 sunt
1686 546 1710 572 in
1727 547 1785 573 vin-

994 583 1061 609 culis
1076 583 1171 618 ubique
1194 584 1341 619 squalidior
1355 590 1382 612 et
1395 587 1528 614 sordidior
1543 595 1582 615 est
1597 598 1603 615 :
1619 599 1725 625 semper
1740 593 1786 620 flet

994 633 1021 655 ct
1035 628 1201 661 lamentatur,
1218 637 1248 657 ac
1262 630 1284 657 si
1300 632 1419 658 omnium
1436 633 1602 662 miserrimus
1619 636 1663 669 sit,
1680 638 1783 665 etiamsi

996 673 1126 702 innumeri
1138 676 1190 702 sint
1203 676 1246 703 illo
1257 678 1438 711 pauperiores.
1451 678 1499 706 llic
1511 679 1532 705 si
1546 680 1569 706 in
1583 680 1667 708 forum
1681 683 1782 717 ingres-

992 729 1037 749 sus
1057 722 1145 754 fuerit,
1162 723 1217 750 abit
1236 724 1326 750 multis
1348 725 1464 759 acceptis
1486 726 1629 759 vibicibus;
1643 728 1663 754 si
1678 728 1702 755 in
1726 730 1784 756 bal-

993 776 1081 799 neumI
1101 769 1122 794 si
1140 769 1164 795 in
1180 769 1321 800 theatrum,
1338 770 1411 804 plura
1426 771 1538 806 accipiet
1557 772 1665 800 vulnera
1678 795 1684 805 ,
1703 782 1754 801 non
1770 783 1783 801 a

992 814 1186 847 spectatoribus
1203 815 1289 841 solum
1301 836 1307 846 ,
1320 815 1366 841 sed
1387 816 1465 843 etiam
1487 816 1521 843 ab
1539 818 1571 845 iis
1590 819 1634 852 qui
1659 820 1684 846 in
1705 827 1783 847 scena

992 865 1125 892 sunt,cnm
1136 862 1230 888 viderit
1240 863 1394 890 meretrices
1402 864 1497 891 multas
1508 872 1574 891 auro
1585 865 1725 900 fulgentes.
1737 867 1785 894 llic

993 907 1072 933 etiam
1088 908 1109 933 si
1126 908 1151 933 in
1168 908 1234 934 mari
1250 908 1371 943 naviget,
1390 914 1552 938 mercatores
1566 916 1592 938 ct
1606 920 1686 939 naves
1700 913 1784 947 pluri-

993 952 1043 978 mis
1058 957 1168 979 onustas
1184 953 1317 980 mercibus
1332 955 1452 989 cogitans
1468 961 1494 982 et
1509 956 1580 983 lucra
1597 958 1723 993 ingentia,
1740 968 1785 986 ne-

992 1006 1044 1033 que
1059 1006 1088 1026 sc
1101 999 1192 1026 vivere
1206 1000 1307 1034 putabit
1322 1009 1327 1026 :
1341 1002 1444 1028 etiamsi
1459 1010 1505 1036 pcr
1520 1008 1617 1030 terram
1641 1005 1691 1032 iter
1713 1012 1782 1041 agat,

993 1052 1081 1079 agros,
1105 1046 1202 1079 prmdia
1227 1046 1388 1079 suburbana,
1412 1048 1569 1082 diversoria,
1596 1051 1699 1084 balnea,
1722 1061 1785 1087 pro-

994 1095 1087 1117 ventus
1103 1091 1163 1118 inde
1178 1096 1268 1126 partos
1291 1093 1420 1127 cogitans,
1442 1102 1494 1121 non
1519 1095 1625 1123 vitalem
1641 1098 1691 1124 sibi
1706 1099 1785 1126 vitam

993 1143 1052 1163 esse
1066 1141 1156 1171 postea
1172 1139 1282 1173 putabit.
1295 1139 1369 1172 Quod
1382 1140 1405 1166 si
1419 1140 1493 1167 illum
1506 1141 1585 1168 etiam
1598 1142 1665 1170 intra
1678 1143 1784 1171 donnnn

994 1182 1150 1215 incluseris;
1174 1192 1233 1218 qua:
1258 1184 1284 1211 in
1308 1185 1364 1211 foro
1387 1186 1490 1220 accepit
1512 1187 1620 1215 vulnera
1646 1188 1784 1222 refricans,

994 1228 1062 1262 apud
1078 1236 1107 1256 se
1124 1230 1207 1263 magis
1222 1230 1338 1257 animum
1349 1231 1496 1258 cruciabit:
1513 1240 1645 1268 unamque
1659 1236 1732 1262 novit
1744 1243 1786 1262 so-

995 1274 1049 1300 lum
1058 1275 1265 1302 consolationem
1277 1277 1406 1303 malorum
1416 1278 1511 1311 quibus
1522 1280 1660 1313 premitur,
1672 1286 1785 1309 mortem

995 1324 1021 1345 et
1036 1327 1066 1347 cx
1083 1319 1132 1347 hac
1148 1322 1200 1347 vita
1215 1321 1408 1355 migrationem.
1432 1323 1493 1350 ilice
1508 1332 1560 1351 non
1575 1332 1675 1359 pauper
1688 1327 1767 1353 modo
1778 1348 1784 1359 ,

994 1365 1039 1392 sed
1055 1366 1135 1392 etiam
1150 1366 1235 1400 dives,
1249 1367 1293 1402 qui
1310 1368 1335 1394 in
1350 1368 1419 1396 hunc
1435 1370 1559 1397 inciderit
1580 1372 1702 1398 morbum
1716 1393 1722 1404 ,
1738 1380 1786 1407 pa-

995 1411 1084 1443 tietur,
1096 1416 1123 1439 et
1135 1417 1207 1439 tanto
1222 1414 1304 1448 magis
1319 1422 1397 1449 quam
1410 1423 1518 1450 panper,
1532 1421 1630 1450 quanto
1642 1418 1786 1445 vehemen~

995 1457 1045 1484 tior
1060 1458 1182 1486 imminet
1196 1460 1233 1486 illi
1250 1461 1369 1495 tyrannis
1379 1482 1386 1493 ,
1401 1466 1426 1487 et
1441 1461 1524 1496 major
1540 1462 1665 1489 ebrietas.
1684 1463 1745 1491 Ideo
1758 1473 1786 1492 se

994 1503 1112 1530 onmium
1134 1506 1331 1539 pauperrimum
1350 1507 1460 1540 putabit,
1473 1506 1527 1534 imo
1544 1508 1622 1534 etiam
1643 1516 1705 1535 vere
1724 1517 1788 1543 pau—

994 1551 1126 1584 perrimus
1147 1556 1197 1578 est.
1219 1551 1277 1578 Non
1301 1553 1371 1579 enim
1393 1560 1425 1580 ex
1448 1553 1602 1581 facultatum
1628 1556 1723 1589 modo,
1740 1558 1786 1583 Sed

994 1605 1025 1623 ex
1040 1598 1136 1625 mentis
1148 1598 1244 1625 affectu
1259 1599 1425 1626 aestimantur
1438 1599 1537 1627 divitia:
1552 1605 1579 1627 et
1592 1607 1741 1636 paupertas.
1753 1602 1787 1630 Et

994 1644 1038 1669 ille
1053 1644 1136 1678 magis
1149 1649 1188 1671 est
1200 1645 1317 1671 omnium
1331 1645 1524 1679 pauperrimus,
1535 1647 1579 1681 qui
1593 1654 1699 1681 semper
1713 1648 1787 1682 plura

994 1690 1168 1724 concupiscit,
1185 1694 1211 1717 et
1226 1698 1371 1725 numquam
1396 1691 1491 1718 sistere
1506 1697 1592 1726 potest
1607 1693 1675 1720 hanc
1690 1694 1787 1721 malam

994 1735 1247 1769 concupiscentiam.
1263 1736 1377 1771 Propter
1391 1738 1447 1764 lucc
1461 1738 1549 1764 omnia
1563 1738 1692 1773 fugiamus
1702 1740 1787 1767 avari-

996 1782 1069 1813 tiam,
1093 1789 1150 1815 qnm
1172 1788 1354 1816 paupertatem
1376 1783 1491 1816 inducit,
1508 1784 1610 1811 animas
1624 1786 1786 1821 corrumpit,

994 1827 1122 1860 gehenna:
1138 1827 1261 1860 amicam,
1279 1828 1411 1855 inimicam
1427 1829 1500 1864 regni
1517 1829 1660 1862 czclorum,
1675 1836 1786 1858 matrem

996 1873 1114 1899 ontuinm
1130 1874 1208 1900 simul
1225 1874 1374 1907 malorum;
1392 1879 1418 1902 et
1434 1876 1559 1909 pecunias
1573 1881 1786 1911 contemnamus,

996 1923 1024 1945 ut
1045 1919 1164 1946 fruamur
1178 1919 1305 1954 pecuniis,
1323 1925 1349 1947 et.
1364 1929 1423 1948 cum
1440 1921 1559 1955 pecuniis
1575 1921 1695 1949 fruemur
1708 1924 1787 1950 etiam

997 1965 1073 1992 bonis
1087 1966 1163 1993 nobis
1176 1967 1316 2001 promissis
1335 1976 1340 1993 :
1358 1974 1415 2001 qure
1433 1967 1531 1994 utinam
1547 1975 1596 1995 nos
1609 1976 1702 1997 omnes
1715 1978 1781 1997 aSSe-

996 2010 1041 2045 qui
1054 2012 1199 2046 contingat,
1211 2016 1263 2039 etc.

1583 2084 1764 2092 ~—

842 2116 1013 2148 HOMlLIA
1036 2118 1153 2151 XXIV.

148 2189 213 2218 Cn.
233 2189 276 2218 ιο.
290 2197 316 2217 v.
332 2190 375 2218 13.
396 2190 511 2218 Tentatio
524 2198 567 2218 var
586 2199 636 2218 non
648 2190 816 2226 apprehendit
830 2190 880 2218 nisi
890 2190 937 2218 Int-

185 2244 273 2264 mana.
286 2235 386 2263 Fidelis
400 2240 484 2263 autem
504 2240 539 2263 est
557 2235 637 2269 Deus,
653 2236 696 2272 qui
714 2244 764 2263 non
778 2236 886 2271 patietur
897 2244 940 2263 vos

183 2282 275 2308 tentari
286 2290 366 2317 supra
380 2282 406 2308 id
419 2282 485 2317 quod
498 2282 609 2318 potestis,
635 2282 679 2309 sed
702 2282 776 2318 faciet
790 2290 847 2309 cum
861 2286 942 2309 tenta-

185 2327 252 2355 tioue
266 2332 426 2363 proventum,
439 2333 466 2354 ut
480 2328 582 2363 possitis
595 2328 727 2361 sustinere,
741 2333 790 2354 etc.

185 2375 210 2403 Ι.
244 2375 390 2409 Postquam
416 2375 480 2403 satis
508 2375 601 2403 terruit
626 2382 674 2402 eos
712 2379 801 2402 vetera
830 2382 942 2403 narrans

148 2421 281 2456 exempla,
296 2425 380 2457 atque
403 2422 429 2449 in
450 2421 532 2449 animi
546 2429 673 2456 angorem
694 2421 820 2456 conjecit,
837 2421 940 2453 dicens,

151 2467 200 2501 Qui
223 2468 321 2495 videtur
343 2473 429 2501 stare,
457 2469 539 2496 videat
565 2477 596 2496 ne
618 2469 710 2502 cadat;
729 2469 826 2496 multas
852 2473 940 2496 anteiit

149 2514 267 2542 tulerant
278 2516 451 2547 tentationes,
467 2520 494 2543 et
509 2515 534 2542 in
549 2515 581 2543 iis
595 2523 666 2550 szepe
676 2523 736 2543 sese
744 2520 921 2544 exercuerant
933 2525 939 2541 :

148 2569 208 2588 nam
232 2560 266 2589 In
292 2562 449 2596 inﬁrmitate,
472 2562 568 2597 inquit,
592 2567 616 2589 et
639 2562 665 2589 in
689 2563 777 2589 timore
792 2567 815 2589 et
836 2567 942 2589 tremore

148 2607 226 2633 multo
242 2607 282 2642 fui
294 2607 365 2642 apud
377 2616 421 2634 vos
432 2608 469 2643 (1.
486 2607 545 2635 Cor.
559 2607 585 2634 2.
606 2608 633 2643 5)
647 2616 653 2640 ;
677 2616 712 2635 ne
736 2607 865 2641 dicerent,
888 2607 942 2635 Cur

146 2661 196 2681 nos
208 2659 294 2681 terres
308 2659 335 2681 et
349 2654 446 2681 timore
459 2650 566 2681 afﬁcis‘?
580 2661 633 2681 non
656 2661 749 2681 sumus
772 2654 798 2680 in
819 2654 851 2680 iis
864 2653 940 2680 malis

147 2701 340 2732 inexercitati;
364 2708 427 2728 nam
447 2700 516 2735 pulsi
541 2707 632 2735 sumus
655 2705 683 2728 et
705 2699 939 2735 perscquntionem

147 2753 164 2781 p
173 2747 228 2778 issi,
244 2746 330 2774 multa
341 2752 367 2774 et
378 2746 527 2781 frequentia
541 2745 670 2773 subiimus
683 2745 801 2781 pericula
814 2755 820 2772 :
834 2745 939 2772 illorum

147 2799 239 2820 rursus
256 2797 391 2820 tumorem
406 2792 553 2827 reprimens
568 2792 605 2819 ait
624 2800 630 2818 :
648 2791 762 2819 Tentatio
776 2800 818 2818 vos
833 2799 882 2818 non
895 2799 942 2824 ap-

149 2839 280 2875 prlhemtit
303 2838 353 2865 nisi
368 2838 498 2871 humana,-
513 2837 539 2865 id
554 2842 605 2871 est,
624 2845 715 2873 parva,
733 2837 833 2871 brevis,
849 2836 941 2865 mode-

304 2887 444 2916 ΡΑτιιοι..
468 2886 525 2916 Gn.
554 2884 630 2916 LXI.

995 2195 1062 2218 rata.
1081 2190 1230 2218 Humanum
1252 2191 1323 2219 enim
1340 2190 1406 2220 dicit
1428 2192 1462 2220 de
1487 2200 1580 2228 parvo,
1602 2200 1630 2221 ut
1649 2202 1709 2222 cum
1725 2197 1762 2223 ait
1778 2206 1785 2224 :

997 2235 1144 2264 Humanum
1152 2237 1207 2264 dico
1218 2242 1320 2273 propter
1328 2237 1501 2273 inﬁrmitatem
1511 2239 1595 2267 carnis
1603 2245 1691 2268 vestrm
1698 2241 1785 2277 (Rom.

996 2283 1022 2310 6.
1038 2283 1094 2318 l9).
1109 2282 1148 2311 Ne
1171 2283 1260 2319 itaque
1281 2283 1363 2312 altum
1384 2284 1503 2319 sapiatis,
1519 2284 1616 2321 inquit,
1631 2293 1664 2314 ac
1678 2287 1701 2314 si
1718 2292 1786 2315 tem~

995 2332 1125 2364 pestatem
1145 2330 1335 2364 superaveritis
1350 2339 1357 2357 :
1371 2330 1491 2358 nondum
1508 2331 1579 2358 enim
1598 2332 1701 2359 vidistis
1716 2334 1781 2369 peri-

995 2375 1084 2402 culum
1099 2375 1171 2409 quod
1194 2379 1307 2403 mortem
1329 2376 1487 2409 minaretur,
1511 2385 1596 2411 neque
1612 2379 1785 2407 tentationem

995 2425 1108 2448 mortem
1123 2420 1310 2448 intentantem.
1331 2421 1407 2456 Quod
1422 2422 1502 2449 etiam
1527 2422 1644 2451 Hebraeis
1660 2424 1784 2453 dicebat:

996 2466 1118 2494 Nondum
1131 2476 1208 2499 usque
1219 2468 1253 2494 ud
1267 2469 1415 2504 sanguinem
1428 2469 1552 2496 restitistis
1563 2470 1683 2498 adversus
1697 2480 1786 2506 pecca-

995 2518 1047 2540 tum
1060 2520 1229 2549 repugnantes
1243 2513 1334 2549 (Hebr.
1358 2513 1401 2541 12.
1420 2514 1459 2548 4).
1485 2514 1585 2542 Deinde
1609 2516 1670 2551 quia
1693 2522 1786 2545 exter-

995 2563 1095 2590 ruerat,
1111 2559 1170 2586 vide
1185 2558 1319 2594 quomodo
1334 2567 1427 2586 rursus
1448 2559 1509 2587 illos
1527 2560 1623 2595 erigat,
1645 2567 1786 2598 postquam

995 2610 1163 2639 persuaserat
1182 2604 1235 2632 illis
1248 2610 1276 2632 ut
1289 2605 1409 2633 modeste
1421 2611 1541 2641 agerent,
1558 2607 1668 2635 dicens:
1686 2608 1785 2636 Fidelis

994 2655 1029 2677 est
1040 2649 1109 2677 ὒεω
1119 2651 1162 2685 qui
1177 2658 1227 2677 non
1242 2651 1350 2686 patietur
1362 2658 1405 2678 vos
1417 2651 1509 2678 tentari
1523 2660 1603 2687 supra
1621 2653 1648 2680 id
1660 2653 1727 2689 quod
1740 2662 1783 2689 po-

995 2696 1073 2723 testis.
1091 2696 1162 2731 Ergo
1185 2701 1247 2724 sunt
1262 2697 1424 2724 tentationes
1438 2704 1499 2732 qua:
1514 2697 1576 2725 ferri
1592 2706 1645 2725 non
1661 2703 1783 2734 possunt.

995 2742 1029 2769 Et
1042 2750 1163 2778 quaenam
1173 2743 1247 2771 illae?
1260 2743 1370 2778 Omnes,
1382 2750 1411 2772 ut
1425 2744 1461 2772 ita
1472 2744 1569 2773 dicam.
1582 2745 1702 2774 Potestas
1712 2746 1781 2773 enim

995 2790 1021 2817 in
1032 2790 1079 2817 Dci
1094 2795 1160 2817 nutu
1174 2790 1224 2818 sita
1237 2795 1288 2825 cst,
1301 2799 1379 2826 quam
1391 2799 1439 2828 per
1453 2792 1598 2820 voluntatis
1612 2796 1709 2819 nostrsc
1720 2799 1780 2818 sen-

996 2835 1105 2864 tentiam
1127 2835 1296 2865 attrahimus.
1312 2836 1491 2871 Quamobrem
1508 2843 1534 2865 ut
1550 2837 1636 2865 discas
1649 2842 1783 2867 accurate,

1577 2887 1614 2918 13
