2046 3114
256 122 307 151 199

258 178 328 216 quod
346 185 398 206 non
412 177 496 206 solum
510 176 579 210 illas,
590 182 649 212 quze
664 179 782 202 nostram
794 176 921 208 superant
935 175 1053 207 potesta-

259 231 324 258 tem,
339 225 387 253 sed
401 231 486 259 neque
507 223 587 251 hasce
603 223 733 250 humanas
752 220 886 255 possimus
901 219 959 246 sine
981 217 1052 245 illius

258 271 357 300 auxilio
372 271 448 299 facile
461 270 541 302 ferre,
555 267 693 303 subiunxit
708 275 714 293 :
731 265 784 293 Sed
798 264 873 302 faciet
893 272 950 291 cum
972 268 1053 290 tenta-

259 320 326 346 tione
335 322 493 354 proventum,
506 320 533 342 ut
545 314 647 351 possitis
657 313 789 340 sustinere.
807 311 899 346 Neque
911 311 982 339 enim
994 310 1053 337 illas

259 365 422 397 moderatas,
439 367 468 390 ut
480 362 533 389 dixi
545 381 552 393 ,
571 360 679 396 propria
698 359 796 387 virtute
817 358 949 390 feremus;
965 356 1011 384 sed
1026 356 1051 382 in

254 411 300 438 his
314 417 420 446 quoque
436 409 494 444 ejus
508 415 618 443 egemus
633 407 744 439 auxilio,
759 412 788 434 ut
803 413 849 433 eas
863 404 1051 440 pervadamus,

254 463 284 485 et
307 462 449 490 antequam
470 453 647 490 pervadamus
667 453 793 481 feramus.
817 452 876 487 ipse
899 457 1014 486 namque
1026 453 1053 476 tt

259 502 413 537 patientiam
428 500 483 533 dat,
506 505 530 528 el
547 504 696 535 promptam
711 498 894 527 liberationem
905 496 999 528 affert;
1017 495 1052 522 ita

258 553 286 575 nt
301 549 350 575 hac
363 547 467 574 ratione
482 546 594 574 tentatio
609 545 672 573 ferri
690 545 784 580 possit.
801 544 856 572 lloe
874 543 946 571 enim
960 541 1053 569 subin-

258 594 355 621 dicavit
363 594 456 621 dicens
467 602 473 619 :
489 592 578 620 Faciet
590 592 685 620 exitum
697 597 723 618 ut
734 591 835 627 possitis
846 590 985 621 sustinere;
995 595 1051 615 om-

258 641 355 676 niaque
367 641 403 667 illi
419 639 550 673 attribuit,
566 639 609 666 li.
626 638 734 674 Propter
746 636 829 672 quod,
846 635 972 663 carissimi
985 633 1051 666 mei,

258 688 338 722 fugite
347 686 378 714 ab
389 686 514 713 idolorum
524 685 602 712 cuitu.
618 685 720 712 Rursus
732 683 792 711 illos
801 682 897 710 leniter
908 681 1053 716 alloquitur

257 733 350 760 addito
363 731 529 767 cognatimiis
543 730 662 763 nomine,
678 734 705 757 et
719 735 779 757 cum
799 732 894 763 magna
910 731 986 762 urget
1006 732 1052 753 ce-

259 778 364 806 leritate
379 782 408 804 ut
421 777 455 804 ab
468 776 520 804 hoc
537 781 645 812 peccato
660 776 816 803 liberentur.
829 773 888 801 Non
901 773 972 800 enim
987 772 1053 799 dicit

259 824 358 856 Solum,
376 822 519 855 Discedite,
535 822 593 854 sed,
611 820 721 856 Fugite:
735 827 766 847 ac
779 828 835 847 rem
849 822 927 846 vocat
941 817 1054 844 idololao

259 870 336 896 triam
349 877 356 901 ;
370 873 398 896 et
416 869 450 896 ob
465 868 577 903 proximi
597 867 722 895 damnum
739 866 794 902 jam
817 873 870 893 non
895 864 975 893 modo
987 864 1052 891 abs-

259 916 356 943 cedere
366 915 451 950 jubet,
468 914 514 941 sed
531 922 586 941 rem
606 913 690 948 ipsam
714 920 762 948 per
781 919 811 939 se
825 911 948 939 sufficere
962 911 998 938 ait
1018 909 1051 937 ad

260 968 382 998 magnam
399 960 563 988 offerendam
586 954 742 996 perniciem.
767 959 811 987 i5.
837 958 870 986 Ut
890 957 1053 994 prudentibus

259 1008 367 1042 loquor;
380 1014 422 1034 vos
430 1006 545 1042 judicate
554 1006 621 1041 quod
632 1006 697 1033 dico.
708 1005 773 1039 Quia
781 1004 853 1032 enim
864 1011 919 1032 rem
927 1010 1051 1038 magnam

260 1055 385 1089 loquutus
398 1058 447 1086 est,
470 1057 497 1080 et
517 1053 620 1080 crimen
643 1053 717 1080 auxit
739 1058 839 1079 vocans
854 1050 1051 1082 idololatriam;

259 1107 293 1127 ne
307 1099 442 1127 videretur
455 1105 616 1133 exasperare
631 1097 690 1125 illos
700 1102 726 1125 et
740 1097 853 1124 tnolesta
867 1096 905 1124 uti
921 1095 1051 1128 oratione,

260 1147 313 1174 illis
327 1146 435 1173 demum
447 1145 576 1181 judicium
587 1145 728 1180 permittit,
743 1149 771 1172 et
784 1152 844 1172 cum
858 1142 936 1171 laude
948 1142 1052 1178 iudices

259 1192 397 1220 constituit
413 1191 480 1219 illos.
498 1190 532 1219 Ut
555 1190 722 1227 prudentibus
738 1191 838 1225 loquor,
861 1189 946 1224 inquit
960 1197 966 1216 :
981 1187 1052 1223 quod

259 1244 300 1267 est
323 1237 466 1266 admodum
491 1237 651 1265 confidentis
672 1245 761 1265 causa:
786 1241 811 1264 et
835 1235 888 1271 jnri
911 1243 969 1268 suo,
991 1241 1052 1262 eum

259 1292 355 1318 nempe
371 1284 444 1311 illum
460 1284 503 1319 qui
518 1287 660 1310 accusatur
680 1282 743 1310 dicti
762 1281 879 1317 judicem
902 1280 1050 1308 constituit.

258 1329 315 1357 lloc
328 1329 476 1356 auditorem
491 1327 574 1364 magis
587 1328 675 1364 erigit,
690 1326 797 1363 quando
811 1334 863 1354 non
876 1326 951 1361 quasi
968 1326 1052 1360 impe-

258 1382 320 1402 rans
331 1380 358 1402 et
368 1374 452 1410 legem
468 1375 567 1407 ferens,
588 1373 636 1401 sed
658 1373 733 1408 quasi
747 1371 890 1399 consulens
905 1376 931 1398 et
945 1370 1051 1398 illorum

255 1422 385 1458 judicium
399 1426 568 1456 exspectans,
585 1421 624 1447 sic
638 1419 758 1447 disserit.
774 1417 841 1445 Cum
855 1417 956 1445 Iudaeis
967 1417 1051 1450 enitn,

259 1473 350 1504 utpote
363 1468 456 1495 insana
469 1472 495 1494 et
506 1466 600 1501 puerili
617 1471 708 1493 mente
719 1464 847 1499 pnedilis,
864 1471 917 1490 non
928 1462 967 1490 sic
981 1462 1051 1490 Deus

258 1512 427 1549 loquebatur,
443 1519 530 1547 neque
551 1518 658 1546 semper
672 1510 725 1537 illis
747 1509 934 1537 mandatorum
956 1514 1052 1536 causas

259 1559 394 1587 indicabat
405 1567 413 1592 ;
425 1558 472 1586 sed
490 1563 589 1586 tantum
599 1557 709 1593 iubebat
723 1566 729 1584 ε
745 1556 789 1584 hic
802 1560 902 1589 autern,
917 1555 978 1591 quia
994 1562 1052 1582 ma-

258 1613 308 1641 gna
331 1605 455 1633 libertate
482 1602 604 1635 fruimur,
632 1607 660 1630 et
686 1601 826 1629 consilium
854 1600 931 1628 nobis
953 1600 1049 1633 adest,

258 1657 287 1679 ut
302 1651 404 1678 amicos
419 1657 469 1677 nos
489 1649 632 1684 alloquitur
652 1652 678 1676 et
692 1648 728 1674 ait
749 1656 755 1674 :
777 1647 834 1674 Non
848 1653 915 1682 opus
929 1650 970 1674 est
984 1645 1051 1673 mihi

258 1698 317 1725 aliis
330 1697 464 1733 iudicibus
480 1705 486 1724 :
502 1703 549 1723 vos
563 1695 628 1722 mihi
640 1695 772 1722 calculum
788 1694 866 1728 ferte,
886 1700 934 1721 vos
948 1693 1050 1728 accipio

255 1743 370 1779 judices.
385 1742 429 1770 16.
442 1742 515 1770 Catia:
525 1741 715 1774 benedictionis,
727 1740 769 1767 cui
780 1739 957 1772 benedicimua,
967 1746 1051 1766 nonne

257 1788 450 1816 communicatio
463 1787 593 1823 sanguinis
609 1786 702 1815 Christi
711 1791 747 1814 est
756 1787 768 1814 ν
778 1785 847 1821 Quid
858 1785 935 1818 dicis,
947 1793 964 1813 ο
974 1785 1050 1813 beate

258 1835 358 1863 Paule?
383 1839 412 1862 ut
431 1833 581 1861 auditorem
604 1833 706 1869 pudore
728 1833 849 1866 afficias,
871 1832 1050 1868 mysteriaque

258 1881 391 1910 horrenda
417 1887 588 1914 memorans,
612 1879 808 1908 benedictionis
834 1879 946 1907 calicem
969 1885 1050 1907 vocas

258 1928 404 1957 terribilem
419 1927 492 1955 illum
509 1933 587 1966 atque
599 1927 793 1955 formidandum
807 1926 937 1955 calicem?
950 1926 1048 1959 Etiam,

257 1976 342 2011 inquit
358 1984 365 2003 :
380 1983 433 2003 non
449 1981 529 2010 parva
553 1974 624 2002 enim
644 1981 688 2002 res
709 1978 751 2002 est
772 1981 832 2009 quae
854 1972 962 2001 dicitur.
982 1972 1049 2000 Nam

256 2030 317 2050 cum
333 2021 546 2049 benedictionem
561 2020 632 2053 dico,
653 2027 760 2047 omnem
773 2020 880 2054 explico
899 2019 945 2047 Dei
965 2019 1048 2047 benc-

256 2068 371 2095 fieentite
387 2067 553 2099 thesaurum,
567 2069 595 2093 et
609 2072 703 2100 magna
719 2064 762 2092 illa
773 2064 842 2092 dona
855 2064 881 2092 in
891 2065 1048 2092 memoriam

256 2121 362 2143 revoco.
378 2113 443 2140 Nam
456 2120 506 2140 nos
515 2119 624 2147 quoque
635 2111 668 2139 ad
679 2111 789 2139 calicem
800 2115 972 2140 recensentes
982 2111 1050 2140 inef-

257 2159 347 2187 fabilia
368 2158 417 2186 Dei
431 2157 571 2191 beneficia,
594 2161 621 2184 et
640 2158 728 2184 omnia
751 2157 847 2192 quibus
870 2157 992 2191 fruimur,
1009 2159 1048 2186 sic

257 2206 332 2233 illum
352 2203 489 2232 offerimus
511 2207 538 2231 et
557 2203 797 2237 communieamus,
822 2203 920 2238 gratias
938 2210 1047 2240 agentes

255 2250 326 2287 quod
350 2257 435 2285 genus
457 2250 602 2277 humanum
625 2249 659 2277 ab
681 2257 773 2278 errore
793 2249 960 2285 liberaverit;
976 2250 1047 2287 quod

256 2305 314 2330 eos,
328 2297 373 2332 qui
395 2297 488 2332 procul
509 2301 595 2330 erant,
619 2303 704 2332 prope
723 2294 832 2331 fecerit;
855 2297 926 2333 quod
937 2306 983 2326 eos
1002 2299 1047 2334 qui

254 2351 330 2379 spem
342 2350 395 2371 non
410 2343 541 2370 haberent
555 2348 581 2370 et
601 2342 672 2371 atltei
692 2348 768 2371 erant
785 2343 811 2371 in
827 2344 935 2378 mundo,
952 2345 1047 2373 fratres

255 2397 320 2418 suos
332 2395 359 2418 et
372 2388 518 2417 coheredes
532 2389 711 2417 constituerit.
734 2388 785 2417 Pro
806 2390 846 2417 his
866 2395 893 2418 et
915 2390 1047 2418 similibus

254 2435 354 2470 gratias
366 2437 486 2470 agentes,
506 2434 546 2462 sic
569 2433 730 2463 accedimus.
753 2434 895 2469 Quomodo
907 2443 958 2462 non
978 2443 1045 2463 con-

254 2480 336 2508 traria
350 2479 446 2510 facitis,
459 2479 573 2515 inquies,
586 2486 604 2507 ο
617 2479 762 2514 Corinthii,
779 2479 834 2507 Deo
847 2479 953 2516 quidem
964 2481 1046 2509 bene-

254 2527 385 2560 dicentes,
400 2526 470 2562 quod
484 2533 532 2553 vos
547 2525 581 2553 ab
600 2525 678 2553 idolis
692 2526 857 2559 liberaverit,
877 2526 939 2554 dum
953 2535 1045 2555 rursus

253 2573 288 2600 ad
302 2572 407 2600 illorum
423 2579 529 2600 mensas
544 2572 703 2599 accurritis?
716 2571 790 2599 Catia:
803 2572 992 2607 benedictionis,
1004 2574 1045 2600 cui

252 2619 430 2653 benedicimus,
442 2627 524 2646 nonne
535 2618 730 2646 communicatio
740 2619 871 2655 sanguinis
883 2618 977 2647 Christi
987 2626 1024 2647 est
1032 2620 1046 2647 ?

253 2666 336 2697 Valde
351 2666 465 2694 ﬁdeliter
478 2665 545 2693 dixit
566 2671 592 2693 et
617 2665 773 2693 terribiliter
794 2674 801 2693 :
821 2664 873 2693 hoc
895 2666 966 2693 enim
986 2666 1045 2694 vult

250 2712 401 2748 signiﬁcare
416 2721 423 2745 ;
439 2712 494 2740 Hoc
509 2711 579 2747 quod
603 2712 630 2740 in
645 2712 729 2740 calice
740 2716 791 2744 est,
807 2711 871 2739 illud
887 2713 972 2747 ipsum
991 2718 1042 2746 eet,

250 2760 320 2794 quod
334 2767 367 2787 ex
383 2759 467 2787 latere
482 2757 569 2791 fluxit,
583 2764 610 2786 et
625 2758 696 2786 illius
712 2766 804 2786 sumus
819 2759 972 2793 participes.
989 2759 1041 2786 Ca-

248 2805 328 2834 licem
343 2810 432 2832 autcm
454 2804 651 2832 benedictionis
672 2803 787 2835 vocavit,
807 2804 868 2839 quia
890 2804 964 2831 illum
988 2812 1041 2839 prin

251 2850 371 2878 manibus
393 2851 532 2882 habentes,
554 2849 592 2878 sic
607 2850 693 2885 ipsum
708 2850 887 2884 celebramus,
902 2850 1038 2878 admiran<

662 119 691 147 S.
704 117 841 146 .IOANNIS
859 113 1095 145 CIIRYSOSTOMI
1115 112 1271 141 ARCIIIEP.
1293 112 1556 141 CONSTANTINOP.

1846 115 1900 144 200

1108 173 1158 203 tes,
1173 174 1276 197 terrore
1290 170 1404 204 perculsi
1423 169 1457 198 de
1470 169 1597 197 ineffabili
1611 169 1692 203 dono,
1705 170 1899 199 benedicentes

1104 215 1174 251 quod
1187 215 1272 251 ipsum
1284 215 1416 249 effuderit,
1434 221 1462 244 ut
1478 223 1511 244 ne
1525 217 1550 243 in
1564 224 1657 244 errore
1673 225 1858 252 maneremus;
1872 226 1899 245 et

1104 268 1158 289 neu
1169 262 1256 289 solum
1271 261 1404 295 effuderit,
1416 262 1462 289 sed
1478 262 1559 290 etiam
1571 270 1632 290 eum
1648 263 1733 298 ipsum
1746 263 1823 290 nobis
1836 271 1896 290 om-

1105 307 1183 335 nibus
1198 307 1367 343 impertierit.
1384 307 1475 343 Itaque
1488 308 1510 335 si
1526 309 1682 344 sanguinem
1695 309 1782 344 cupis,
1800 310 1898 344 inquit,

1105 361 1139 382 ne
1153 353 1287 382 idolorum
1300 361 1373 381 aram
1389 354 1528 382 brutorum
1543 354 1628 388 czede,
1645 354 1692 382 sed
1708 355 1793 383 altare
1808 363 1899 382 meum

1104 401 1233 436 sanguine
1248 407 1308 428 meo
1321 404 1441 428 cruenta.
1458 400 1526 434 Quid
1538 400 1587 429 hac
1601 409 1630 429 re
1646 401 1813 429 horribilius?
1823 402 1899 438 quid,

1104 452 1205 481 quaeso,
1218 445 1377 473 amabilius?

1139 490 1166 518 3.
1192 491 1248 518 Hoc
1262 495 1289 519 et
1304 496 1438 520 amatores
1453 492 1564 520 faciunt.
1583 492 1649 521 Cum
1665 493 1756 521 vident
1767 498 1817 521 eos
1830 501 1901 529 quos

1104 543 1194 566 amant
1207 538 1294 566 aliena
1309 540 1530 575 concupiscentes
1543 544 1570 567 et
1583 548 1629 567 sua
1648 539 1839 575 despicientes,
1851 547 1899 567 sua

1104 585 1199 613 dantes
1211 586 1373 621 persuadent
1387 586 1531 614 abscedere
1544 587 1578 614 ab
1589 587 1621 614 iis
1633 594 1692 622 qua:
1707 587 1812 614 illorum
1825 592 1898 615 sunt.

1104 631 1157 659 Sed
1174 633 1218 668 qui
1233 637 1334 665 amant,
1351 633 1377 660 in
1392 633 1512 668 pecuniis
1533 639 1559 661 et
1573 634 1695 661 vestibus
1708 639 1734 661 et
1748 634 1900 670 possessio-

1104 677 1183 705 nibus
1198 677 1267 705 hanc
1290 678 1418 706 exhibent
1441 679 1647 713 liberalitatem;
1663 680 1689 708 in
1704 681 1835 716 sanguine
1850 688 1900 708 au-

1105 726 1159 752 tem
1187 724 1277 752 nullus
1300 733 1449 760 umquam:
1473 726 1594 754 Christus
1608 734 1671 755 vero
1694 726 1721 755 in
1742 727 1792 755 ltoc
1807 735 1900 755 curam

1104 776 1179 798 suam
1191 771 1309 799 ostendit
1323 778 1350 799 et
1362 771 1501 800 ardentem
1515 781 1577 808 erga
1594 781 1643 801 nos
1657 775 1807 802 caritatem.
1823 775 1856 803 Et
1872 775 1898 803 in

1105 816 1187 844 veteri
1202 816 1309 851 quidem
1326 817 1394 852 lege,
1407 818 1468 853 quia
1488 818 1703 853 imperfectiores
1713 825 1799 852 erant,
1818 828 1898 856 quem

1104 862 1184 890 idolis
1198 862 1346 891 offerebant
1366 865 1534 900 sanguinem,
1548 873 1609 893 eum
1626 867 1683 902 ipse
1698 867 1823 903 excipere
1835 875 1898 896 sus-

1105 908 1193 941 tinuit,
1209 913 1238 936 ut
1253 910 1288 936 ab
1309 910 1361 937 illis
1373 910 1535 945 abduceret;
1549 912 1620 946 quod
1634 912 1722 948 ipsum
1737 921 1828 942 rursus
1842 920 1900 943 erat

1103 955 1204 983 amoris
1219 955 1383 984 ineffabilis:
1404 957 1448 985 hic
1467 962 1556 986 autem
1579 959 1605 986 in
1628 966 1684 987 rem
1701 960 1899 990 horribiliorem

1104 1005 1132 1028 et
1146 1001 1402 1037 magnificentiorem
1427 1005 1622 1033 sacerdotalem
1643 1008 1779 1035 transtulit
1801 1016 1899 1044 opera-

1104 1047 1214 1080 tionem,
1232 1047 1291 1082 ipso
1306 1053 1408 1077 mutato
1421 1050 1568 1085 sacriﬁcio,
1583 1056 1611 1079 et
1624 1061 1672 1088 pro
1687 1053 1826 1082 brutorum
1843 1064 1900 1083 ma-

1104 1092 1221 1120 ctatione
1229 1093 1542 1129 seipsumjnssitofferri.
1557 1096 1637 1125 Panis
1659 1107 1732 1134 quem
1742 1101 1898 1137 frangimur,

1105 1145 1187 1165 nonne
1200 1140 1394 1168 communicatio
1406 1142 1520 1176 corporis
1537 1141 1631 1170 Christi
1646 1150 1683 1172 est
1693 1145 1706 1172 Ρ
1719 1145 1773 1174 Cur
1787 1154 1840 1174 non
1856 1147 1899 1175 di-

1105 1183 1152 1215 xit,
1169 1183 1358 1219 i’articipatio?
1369 1184 1434 1221 Quia
1457 1188 1539 1216 voluit
1556 1189 1619 1223 quid
1634 1191 1748 1226 amplius
1766 1192 1899 1228 significa-

1105 1236 1145 1263 re,
1162 1235 1189 1257 et
1209 1237 1332 1266 magnam
1355 1231 1474 1261 indicare
1496 1235 1724 1269 conjunctionem.
1744 1237 1802 1266 Non
1826 1240 1899 1268 enim

1105 1282 1165 1302 eutn
1192 1277 1383 1312 participamus
1406 1283 1508 1307 tantum
1530 1285 1558 1308 et
1575 1283 1723 1318 sumimus,
1749 1284 1795 1312 sed
1818 1286 1899 1314 etiam

1104 1328 1164 1348 cum
1191 1322 1379 1358 conjungimur
1404 1326 1644 1355 communicantes.
1668 1329 1899 1363 Quemadmodum

1104 1367 1175 1394 enim
1191 1375 1288 1403 corpus
1311 1369 1376 1397 illud
1399 1370 1506 1400 Christo
1524 1372 1662 1409 jungitur:
1678 1375 1714 1403 ita
1735 1382 1761 1404 et
1783 1385 1832 1405 nos
1853 1386 1900 1413 per

1103 1419 1200 1447 panem
1214 1414 1285 1442 hunc
1299 1416 1415 1445 unimur.
1430 1417 1483 1445 Cur
1496 1423 1584 1446 autetn
1600 1420 1712 1455 addidit,
1730 1422 1810 1457 Quem
1824 1426 1900 1460 [run-

1103 1460 1206 1494 ginma?
1218 1460 1269 1489 hoc
1288 1462 1360 1490 enim
1383 1463 1409 1491 in
1429 1464 1588 1493 eueltaristia
1609 1466 1666 1494 fieri
1683 1468 1773 1497 videre
1792 1476 1847 1504 est;
1871 1473 1899 1499 in

1103 1512 1184 1533 cruce
1199 1514 1262 1534 vero
1276 1515 1328 1535 non
1345 1509 1407 1536 item
1418 1530 1425 1542 ,
1441 1509 1494 1537 imo
1506 1513 1669 1540 contrarium
1683 1522 1690 1540 :
1706 1514 1744 1542 ait
1757 1515 1828 1543 enim
1839 1537 1846 1550 ,
1862 1516 1900 1544 0:

1104 1560 1154 1579 non
1168 1554 1351 1581 comminuetur
1374 1555 1473 1590 (Num.
1489 1557 1516 1585 9.
1533 1557 1567 1584 12
1579 1566 1586 1592 ;
1599 1557 1684 1587 Exod.
1700 1560 1743 1587 i2.
1763 1561 1827 1598 46).
1845 1562 1900 1590 Sed

1103 1598 1174 1634 quod
1190 1606 1242 1626 non
1258 1606 1352 1635 passus
1373 1602 1451 1629 estin
1465 1609 1559 1637 cruce,
1574 1603 1625 1632 hoc
1639 1611 1747 1641 propter
1760 1612 1786 1635 te
1799 1609 1900 1643 patitur

1104 1645 1131 1671 in
1154 1644 1309 1680 oblatione,
1332 1651 1359 1674 et
1380 1646 1465 1683 frangi
1491 1649 1590 1684 patitur
1611 1654 1639 1678 ut
1661 1659 1754 1680 omnes
1776 1654 1898 1690 impleat.

1104 1691 1205 1719 Deinde
1218 1693 1277 1727 quia
1298 1693 1385 1727 dixit,
1404 1694 1603 1723 Communicatio
1619 1700 1748 1734 corporis,
1765 1701 1837 1736 quod
1849 1709 1899 1729 au-

1104 1741 1158 1765 tem
1175 1739 1372 1774 communicat,
1395 1740 1465 1768 aliud
1481 1747 1522 1769 est
1538 1742 1571 1769 ab
1591 1750 1624 1771 eo
1643 1745 1686 1771 cui
1700 1746 1898 1780 communicat;

1104 1783 1172 1811 hanc
1186 1785 1277 1817 etiam,
1292 1792 1351 1820 qua:
1371 1793 1452 1820 parva
1472 1786 1610 1815 videbatur
1624 1796 1698 1823 esse,
1719 1790 1899 1820 differentiam

1102 1831 1219 1859 sustulit.
1231 1831 1297 1859 Cum
1317 1831 1429 1860 dixisset
1443 1833 1514 1861 enim
1527 1855 1534 1868 ,
1551 1833 1752 1864 Communicatio
1771 1840 1898 1873 corporis,

1102 1877 1226 1912 qua-sivit
1249 1884 1356 1905 rursum
1379 1878 1479 1914 aliquid
1508 1881 1682 1916 propinquius
1703 1882 1812 1917 dicere;
1837 1884 1899 1912 ideo

1102 1922 1260 1957 subjunxit:
1276 1923 1320 1951 i7.
1343 1923 1469 1958 Quoniam
1491 1933 1558 1953 unus
1580 1927 1654 1960 panis
1673 1931 1695 1954 et
1713 1937 1791 1956 unum
1805 1938 1900 1965 corpus

1102 1969 1177 1996 multi
1194 1977 1291 1997 sumus.
1305 1970 1374 2003 Quid
1388 1971 1471 2005 enim,
1487 1972 1583 2007 inquit,
1598 1972 1658 2001 dico
1672 1976 1897 2004 communicatio-

1102 2015 1183 2043 nem?
1198 2016 1261 2044 illud
1274 2017 1359 2052 ipsutn
1371 2025 1467 2053 corpus
1477 2026 1580 2047 sumus.
1594 2020 1662 2054 Quid
1673 2026 1712 2049 est
1724 2023 1796 2050 enim
1808 2023 1898 2057 panis?

1101 2062 1206 2098 Corpus
1226 2063 1337 2091 Christi.
1359 2063 1428 2098 Quid
1449 2069 1538 2092 autem
1558 2066 1624 2093 fiunt
1641 2069 1898 2097 communicantes?

1101 2110 1205 2145 Corpus
1217 2110 1332 2144 Christi;
1348 2119 1400 2138 non
1416 2119 1528 2147 corpora
1550 2113 1644 2147 multa,
1661 2114 1709 2142 sed
1730 2123 1811 2142 unmn
1832 2123 1894 2143 eor-

1102 2163 1161 2192 pus.
1174 2156 1247 2184 Sicut
1263 2157 1335 2184 enim
1350 2157 1425 2192 panis
1441 2165 1473 2184 ex
1487 2159 1577 2186 multis
1586 2159 1677 2194 granis
1687 2165 1824 2195 constans,
1837 2163 1897 2190 uni-

1102 2209 1144 2231 tus
1158 2208 1208 2237 est,
1231 2204 1266 2231 ita
1289 2209 1318 2231 ut
1336 2211 1420 2240 grana
1440 2211 1570 2240 nuSquam
1595 2212 1755 2241 appareant;
1771 2207 1819 2235 sed
1841 2208 1897 2236 sint

1100 2250 1208 2286 quidem
1222 2250 1289 2285 ipsa,
1306 2258 1360 2278 non
1381 2251 1521 2279 manifesta
1535 2257 1624 2280 autem
1640 2254 1675 2280 sit
1692 2253 1799 2281 illorum
1813 2254 1894 2283 diffe-

1100 2298 1187 2325 rentia
1206 2302 1316 2333 propter
1340 2297 1556 2333 conjunctionem
1574 2308 1581 2326 :
1602 2299 1641 2327 sic
1654 2308 1703 2328 nos
1717 2305 1744 2328 et
1759 2306 1852 2329 mutuo
1869 2307 1897 2330 et

1100 2350 1160 2370 eum
1173 2343 1280 2371 Christo
1295 2343 1492 2379 cenjungimur.
1507 2343 1564 2372 Non
1584 2345 1656 2372 enim
1676 2353 1710 2373 ex
1732 2346 1817 2374 altero
1831 2354 1894 2375 cor-

1101 2396 1166 2424 pore
1176 2389 1230 2423 hic,
1242 2396 1274 2416 ex
1288 2389 1373 2416 altero
1387 2389 1432 2417 ille
1455 2390 1579 2423 nutritur,
1595 2390 1643 2418 sed
1664 2399 1698 2418 ex
1719 2391 1814 2419 eodem
1836 2392 1896 2428 ipso

1100 2442 1193 2463 omnes
1212 2444 1218 2462 :
1242 2435 1355 2470 idecque
1370 2435 1478 2471 adjecit,
1502 2436 1596 2464 Omnes
1619 2437 1686 2464 enim
1709 2446 1804 2465 auito
1829 2447 1895 2474 pane

1100 2482 1291 2518 participamus.
1315 2482 1342 2509 Si
1358 2486 1447 2510 autem
1461 2491 1494 2510 ex
1508 2482 1612 2516 eodem,
1631 2488 1657 2511 ct
1678 2483 1791 2519 idipsum
1810 2485 1895 2513 efﬁci-

1100 2536 1159 2555 mur
1171 2535 1277 2561 omnes,
1291 2536 1339 2555 cur
1354 2535 1407 2555 non
1424 2527 1546 2555 eamdem
1566 2529 1706 2557 caritatem
1723 2530 1892 2564 exhibemus,

1098 2579 1126 2601 et
1139 2582 1170 2602 ea
1194 2574 1299 2602 ratione
1316 2582 1397 2601 unum
1418 2574 1571 2602 efficimur?
1592 2575 1658 2602 Nam
1681 2576 1746 2603 olim
1760 2577 1892 2612 majorum

1099 2626 1251 2648 nostrorum
1267 2626 1388 2656 tempore
1400 2621 1452 2649 hoc
1463 2626 1521 2649 erat
1535 2630 1541 2648 :
1557 2621 1731 2650 Multitudinis
1746 2625 1817 2652 enim
1835 2633 1892 2651 cre-

1097 2667 1220 2701 dentium,
1235 2667 1330 2703 inquit,
1344 2675 1388 2694 cor
1409 2675 1487 2694 unum
1501 2673 1524 2695 et
1537 2669 1622 2695 anima
1637 2677 1688 2696 una
1701 2675 1754 2696 erat
1772 2670 1841 2705 (Act.
1862 2670 1889 2697 4.

1097 2712 1153 2747 32).
1168 2714 1202 2740 At
1214 2720 1268 2740 non
1288 2721 1367 2746 nunc,
1391 2714 1444 2740 imo
1460 2717 1543 2740 totum
1559 2715 1722 2742 contrarium
1740 2725 1746 2743 :
1764 2715 1848 2742 multa
1866 2720 1893 2743 et

1097 2758 1167 2786 varia
1182 2763 1244 2786 sunt
1266 2758 1336 2786 inter
1350 2767 1445 2787 onmes
1468 2759 1548 2793 bella,
1573 2764 1600 2787 et
1621 2760 1684 2788 feris
1709 2761 1808 2789 Sxevins
1826 2760 1891 2789 affe-

1095 2805 1130 2831 cti
1155 2811 1248 2831 sumus
1270 2805 1338 2831 alter
1364 2805 1390 2832 in
1412 2805 1524 2832 alterius
1552 2806 1681 2833 membra.
1713 2806 1744 2833 Et
1767 2807 1892 2835 Christus

1095 2851 1204 2887 quidem
1225 2856 1259 2886 te,
1286 2852 1336 2879 etsi
1361 2856 1463 2879 tantum
1489 2852 1523 2880 ab
1549 2853 1606 2888 ipso
1622 2852 1803 2889 disiunctum,
1829 2854 1889 2882 uni-
