2046 3114
155 140 208 168 '20l

153 201 193 227 vit
210 209 216 226 :
232 205 259 227 tu
282 206 348 227 vero
370 206 405 227 ne
426 198 500 226 fratri
526 196 632 233 quidem
654 196 729 231 jungi
748 195 866 231 dignaris
889 200 949 221 cum

154 245 245 273 debita
266 245 450 276 accuratione,
471 243 517 271 sed
538 243 672 273 abscindis
692 247 730 275 te,
749 245 851 269 tantam
869 248 882 267 a
902 240 952 267 Do-

109 310 119 315 -
154 292 229 318 mino
243 295 270 318 et
282 290 421 318 caritatem
436 294 463 317 et
476 290 556 316 vitam
567 292 760 323 consequutus.
774 286 865 321 Neque
879 286 949 313 enim

154 337 327 364 solummodo
347 343 444 370 corpus
459 343 535 362 suutn
556 334 647 366 dedit;
666 334 711 360 sed
726 333 785 368 quin
803 332 874 366 prior
889 339 949 358 car-

154 384 196 410 nis
211 388 306 410 natura
331 390 363 410 ex
386 387 455 409 terra
471 381 593 412 formula,
608 388 622 406 a
640 385 749 414 peccato
771 379 843 412 prius
864 383 949 404 morto

153 429 250 456 affecta
266 433 293 455 et
308 428 406 455 amissa
430 428 482 454 vita
501 427 597 458 aliam,
619 430 647 452 ut
668 426 726 459 quis
746 425 853 456 dixerit,
876 432 947 449 inas-

154 483 212 503 sam
243 478 270 502 et
297 475 458 501 fermentum
485 473 608 504 induxit;
635 479 741 498 carncut
768 478 863 502 sumit,
889 478 946 504 quae

153 526 248 548 natura
272 521 365 548 eadem
391 525 458 551 erat,
482 524 590 554 peccato
614 524 701 545 autem
724 518 833 545 liberam
847 522 873 544 et
894 517 945 542 vita

153 571 268 604 plenam,
285 568 409 596 omnibus
428 566 637 602 participandam
656 565 738 597 dedit,
758 569 786 591 ιιι
803 572 834 591 ea
854 564 945 591 nutriti

151 620 178 643 et
194 614 314 650 deposita
336 615 426 650 priore
441 622 499 649 qum
524 618 627 639 mortua
651 617 717 644 eral,
743 612 768 637 in
790 611 869 637 vitam
894 610 944 635 im-

152 661 295 688 mortalem
311 668 359 695 per
383 660 450 686 hanc
471 667 590 686 mensam
613 662 810 691 coaptnremur.
835 656 879 683 18.
897 654 943 681 Vi-

151 708 206 734 dete
228 706 312 734 Israel
338 706 473 733 secundant
496 714 596 732 caruerit
615 713 623 731 :
643 713 725 730 nonne
744 704 786 738 qui
805 703 880 730 edunt
900 703 944 728 lio-

149 755 223 786 ctias,
237 753 372 788 participes
386 757 443 779 sunt
454 752 562 778 altaria?
577 752 677 778 Rursus
689 758 720 777 ex
738 750 819 776 veteri
837 749 893 783 lege
908 749 942 775 ad

151 801 221 828 idem
238 800 348 827 inducit.
364 800 429 832 Quia
453 801 523 825 enim
549 799 627 832 longe
651 797 839 824 imbecilliores
866 799 942 822 erant

150 854 230 881 quam
246 850 274 873 ut
287 846 418 872 dictorum
437 844 645 879 magnitudinem
659 846 803 877 caperent,
819 849 831 867 a
846 841 940 875 priori-

150 893 200 920 bus
216 897 242 920 et
259 892 371 919 assuetis
385 891 437 917 illis
453 889 605 925 persuadet.
624 890 654 916 Et
670 888 790 923 apposite
811 889 865 920 ait,
891 886 939 913 Se-

148 939 260 965 cundum
272 946 384 971 carnem,
397 937 466 972 quod
476 937 524 970 ipsi
540 941 630 963 essent
645 935 791 962 secundum
806 934 939 968 spiritum.

149 985 204 1012 Hoc
219 989 308 1012 autem
322 984 378 1010 vult
393 983 543 1018 signiﬁcare
556 991 561 1008 :
575 982 660 1009 Etiam
673 990 686 1007 a
703 980 878 1008 crassior-ibus
892 979 939 1005 do-

147 1030 244 1058 cemini
257 1052 264 1063 ,
280 1030 350 1065 quod
364 1030 408 1065 qui
425 1028 524 1056 hostias
538 1027 701 1059 comedunt,
724 1026 866 1060 participes
887 1025 939 1051 sint

148 1076 248 1104 altaris.
266 1075 359 1103 Viden‘
373 1074 506 1109 quomodo
519 1073 641 1101 ostendat
656 1080 711 1105 eos,
726 1072 770 1105 qui
786 1072 938 1097 viderentur

147 1131 204 1150 csse
217 1121 338 1157 perfecti,
353 1129 404 1148 non
417 1120 515 1147 habere
533 1120 674 1155 perfectam
690 1118 868 1152 cognitionem
884 1137 890 1150 ,
914 1116 936 1143 si

147 1177 179 1196 ne
191 1170 242 1196 hoc
252 1169 360 1202 quidem
377 1168 493 1200 scirent,
510 1166 579 1201 quod
592 1174 623 1193 ex
640 1166 682 1192 his
696 1172 767 1199 saepe
788 1164 936 1191 communi-

144 1216 213 1243 catio
227 1215 350 1250 qumdam
367 1216 454 1241 multis
470 1215 503 1241 sit
517 1218 543 1240 et
556 1213 670 1240 amicitia
686 1220 745 1238 cum
759 1211 933 1243 dicinonibus,

144 1261 338 1290 consuetudine
363 1261 488 1296 paulatim
512 1261 583 1295 ipsos
611 1259 783 1286 attrahente?
810 1258 835 1284 Si
863 1257 933 1284 enirn

142 1308 210 1343 apud
223 1308 346 1335 homines
358 1308 422 1334 salis
444 1312 470 1334 et
495 1314 593 1333 mensce
615 1306 787 1340 eonjunctio,
810 1303 933 1331 amicitia

142 1354 248 1382 occasio
263 1358 289 1381 et
302 1353 452 1389 symbolum
467 1358 507 1380 est
519 1374 526 1385 ,
544 1353 657 1386 idipsuni
671 1357 697 1378 et
718 1353 742 1378 in
767 1351 933 1379 demonibus

141 1403 297 1435 contingere
314 1404 414 1434 potest.
435 1399 474 1426 Tu
489 1407 553 1426 vero
569 1399 633 1425 mihi
650 1398 784 1432 perpende
799 1397 932 1431 quomodo

141 1447 171 1472 de
184 1445 287 1472 Judalis
302 1445 410 1480 quidem
426 1452 478 1471 non
495 1444 592 1471 dixerit
606 1465 611 1475 ,
628 1443 697 1478 quod
713 1451 773 1470 cum
791 1443 844 1469 Deo
856 1450 929 1469 cont-

140 1491 286 1523 inimicent,
303 1491 361 1524 sed,
380 1490 453 1522 Quod
468 1490 602 1524 participes
617 1490 703 1515 altaris
715 1494 791 1519 sunt;
807 1488 931 1514 urebatur

139 1536 209 1563 enim
235 1536 307 1571 quod
336 1535 533 1570 superpositum
564 1540 620 1561 erat
636 1543 642 1559 :
660 1535 684 1561 in
705 1537 817 1569 corpore
842 1538 929 1560 autent

138 1582 236 1609 Christi
252 1589 305 1608 non
320 1582 377 1613 sic;
394 1581 440 1608 sed
455 1580 607 1616 quomodo?
630 1580 826 1607 Communimlio
839 1587 929 1613 corpo-

139 1629 172 1654 ris
187 1627 293 1654 Domini
304 1633 351 1654 est.
363 1627 421 1654 Non
435 1629 505 1654 enim
520 1627 611 1653 altaris
624 1647 630 1658 ,
656 1626 703 1653 sed
725 1626 808 1660 ipsius
830 1625 928 1652 Christi

139 1674 283 1709 participes
299 1674 439 1701 efficimur.
456 1671 522 1700 Cum
536 1678 623 1700 autem
638 1672 750 1700 dixisset
763 1694 769 1705 ,
788 1672 928 1707 Purlicipes

137 1725 196 1746 sunt
207 1720 307 1753 altaris,
320 1718 416 1746 deinde
431 1719 526 1746 timens
541 1727 574 1746 ne
588 1719 725 1746 videretur
739 1718 770 1745 de
793 1718 870 1744 idolis
890 1718 928 1745 lo-

138 1766 202 1800 qui,
218 1773 249 1792 ac
265 1765 287 1791 si
304 1769 462 1799 potestatem
474 1765 615 1799 quamdam
633 1764 762 1791 haberent
783 1768 809 1790 et
830 1771 927 1791 nocere

138 1816 263 1845 possent;
280 1811 340 1838 vide
351 1811 484 1846 quomodo
500 1811 550 1837 hoe
560 1811 593 1838 de
608 1810 695 1838 medio
711 1811 783 1837 tollat
798 1831 804 1842 ,
820 1818 925 1836 rursum

137 1858 249 1884 dicens:
267 1857 311 1885 i9.
329 1856 398 1890 Quid
411 1865 467 1892 ergo
483 1857 560 1883 dico?
575 1856 642 1891 quod
654 1856 749 1883 idolum
761 1857 792 1883 sit
811 1856 924 1890 aliquid,

135 1908 178 1929 aut
188 1903 266 1930 idolis
277 1903 434 1930 immolatum
447 1904 478 1930 sit
491 1903 586 1937 aliquid
597 1903 609 1929 Ξ)

169 1949 196 1975 3.
214 1948 278 1975 limc
291 1954 377 1976 autem
393 1949 463 1982 dico,
478 1949 573 1983 inqttit,
588 1952 614 1975 et
627 1948 660 1975 de
672 1948 759 1975 medio
774 1949 837 1975 tollo
849 1969 856 1980 ,
873 1956 925 1975 nult

134 1994 205 2029 quod
220 1995 323 2029 possint
334 1994 401 2021 idola
416 1995 442 2021 in
458 1995 546 2029 aliquo
566 2001 663 2020 nocere
675 1997 720 2020 aut
741 1994 855 2027 aliquam
872 1993 924 2020 vim

135 2042 268 2074 habeant;
281 2041 345 2068 nihil
356 2046 417 2068 sunt
428 2041 514 2073 enim;
536 2041 581 2068 sed
596 2041 655 2067 volo
669 2048 715 2067 vos
730 2048 760 2067 ea
775 2040 922 2074 despicere.

134 2089 166 2115 Et
177 2089 200 2114 si
212 2087 262 2119 vis,
275 2087 386 2122 inquies,
398 2095 445 2114 nos
456 2095 485 2114 ea
495 2088 642 2122 despicere,
654 2095 701 2114 cur
708 2095 767 2114 cum
780 2087 867 2114 studio
876 2095 923 2114 nos

132 2136 166 2161 ab
179 2134 231 2161 illis
239 2134 364 2161 abducis?
378 2134 444 2168 Quia
459 2142 510 2161 non
526 2135 673 2161 olferuntur
686 2134 798 2160 Domino
812 2134 920 2161 1110.20.

136 2180 199 2212 Qute
206 2179 274 2205 enim
284 2179 414 2205 immolant
422 2185 515 2214 gentes,
531 2179 624 2214 inquit,
637 2180 768 2205 dwmoniis
780 2179 921 2212 immolant,

132 2230 215 2251 etnon
229 2223 291 2251 Deo.
303 2224 340 2252 Ne
348 2225 461 2252 curratis
471 2233 534 2259 ergo
542 2225 574 2251 ad
583 2225 726 2252 contraria.
737 2225 827 2259 Neque
838 2225 919 2258 enim,

132 2272 153 2298 si
163 2271 234 2306 regis
243 2271 312 2298 illius
324 2270 409 2304 esses,
421 2271 518 2298 deinde
531 2279 622 2298 mensa
636 2271 724 2298 fruens
741 2276 860 2305 paterna,
877 2271 920 2297 illa

133 2317 232 2349 relicta,
247 2316 434 2344 damnatorum
451 2321 478 2344 et
493 2317 640 2344 vinctorum
653 2318 677 2343 in
698 2324 806 2344 carcere
821 2325 921 2343 mensa:

132 2371 241 2390 consors
257 2370 317 2390 esse
330 2363 413 2390 Velles
423 2384 430 2396 ,
450 2363 475 2390 id
496 2368 569 2398 pater
585 2364 767 2398 permitteret;
794 2364 847 2390 imo
860 2371 919 2390 cum

131 2409 297 2436 Vehementia
310 2417 405 2444 magna
417 2414 442 2436 te
456 2410 617 2442 abduceret,
630 2418 682 2437 non
699 2410 769 2444 quod
784 2417 873 2437 mensa
894 2414 919 2437 te

131 2455 224 2483 lrdere
235 2460 337 2490 posset,
350 2456 398 2483 sod
411 2456 481 2490 quod
495 2464 525 2483 ea
542 2456 707 2483 nobilitatem
722 2461 790 2483 tuam
806 2461 831 2482 et
843 2464 917 2483 men-

129 2509 183 2528 sam
199 2502 298 2537 regiam
315 2502 499 2529 dedecoraret.
515 2503 583 2530 Sunt
594 2503 664 2530 enim
680 2503 705 2529 hi
725 2510 828 2537 quoque
849 2502 919 2530 servi

129 2548 248 2581 scelesti,
263 2548 395 2580 infames,
408 2549 524 2575 damnati
539 2570 545 2581 ,
566 2550 646 2576 vincti
658 2570 664 2581 ,
685 2549 843 2575 intolerabili
857 2557 918 2582 sup-

130 2593 208 2627 plicio
221 2595 374 2627 reservati,
389 2594 466 2621 malis
482 2595 589 2622 obnoxii
606 2595 760 2621 innumeris.
779 2594 917 2628 Quomodo

129 2647 189 2674 ergo
204 2647 256 2666 non
275 2640 413 2669 erubescis
427 2648 502 2668 more
516 2640 669 2668 helluonum
691 2646 718 2668 et
736 2640 915 2672 illiberalium,

127 2694 182 2712 cum
197 2686 315 2713 damnati
325 2686 362 2713 illi
378 2694 498 2714 mensam
512 2692 658 2722 apponunt,
671 2687 731 2713 illuc
740 2694 878 2714 accurrere
892 2692 917 2714 et

127 2732 307 2766 appositurum
328 2733 464 2768 particeps
479 2733 557 2760 esse?
580 2733 641 2760 ideo
668 2737 693 2760 te
710 2734 833 2760 abduco:
856 2741 915 2760 nam

127 2778 318 2806 imtnolantium
336 2786 434 2813 scopus
450 2784 475 2806 et
490 2780 675 2814 accipientium
692 2787 815 2814 persona,
832 2788 914 2815 appo—

127 2823 170 2850 sita
186 2823 431 2859 redduntiuipttra.
448 2824 517 2851 Nolo
538 2831 621 2852 autem
636 2835 678 2854 vos
691 2827 770 2853 socios
792 2828 846 2861 ﬁeri
861 2828 914 2854 tlte-

125 2872 269 2899 moniorum.
286 2871 410 2899 Vidistin‘
420 2872 562 2899 amicitiam
579 2873 659 2908 putris
672 2881 760 2900 curant
773 2874 890 2909 gerentis
903 2876 912 2901 ?

674 138 708 166 lN
727 137 833 166 EPIST.
855 135 865 163 l
895 135 941 163 AD
960 135 1038 164 COR.
1061 137 1175 169 llOMlL.
1199 141 1291 170 XXIV.

1745 147 1802 175 202

1009 193 1125 246 vidistin‘
1140 195 1240 246 dictum
1262 198 1348 234 ipsum
1370 202 1440 236 quod
1462 203 1585 233 affectum
1600 215 1661 236 cum
1676 213 1797 246 emphasi

1005 239 1127 287 exhibeat
1139 242 1151 268 ζ)
1163 241 1235 271 Nihil
1251 245 1322 272 enim
1336 253 1396 274 cum
1411 247 1462 276 illis
1477 257 1620 281 commune
1635 262 1683 283 vos

1004 286 1076 320 volo,
1091 288 1185 323 inquit.
1202 290 1301 319 Deinde
1313 294 1375 328 quia
1389 294 1583 326 adhortationis
1597 301 1677 329 modo
1690 286 1795 333 sermo;

1003 339 1064 359 nem
1081 333 1231 369 induxerat,
1248 345 1281 365 ne
1301 340 1360 373 quis
1374 348 1407 368 ex
1422 344 1598 373 crassioribus
1624 348 1649 375 id
1672 356 1793 379 contem-

1003 383 1087 431 neret,
1101 382 1176 431 quasi
1193 388 1349 417 potestatem
1368 387 1477 422 habens,
1499 391 1558 425 quia
1572 393 1685 428 dixerat,
1705 396 1794 431 Nolo;

1002 429 1038 474 et,
1057 425 1106 453 Vos
1114 428 1244 474 judicare,
1266 434 1427 462 sententiam
1441 440 1467 462 et
1487 437 1572 473 legem
1588 425 1684 474 postea.
1702 425 1794 473 statnii

1001 470 1111 499 dicens:
1137 473 1197 501 Non
1217 477 1320 507 potestis
1334 480 1437 507 calicem
1453 470 1556 511 Domini
1576 470 1658 514 bibere
1677 470 1711 516 eti

1000 523 1062 567 cum.
1079 518 1262 548 daemoniorum
1287 531 1297 549 ε
1324 524 1369 551 2|.
1400 534 1450 553 non
1472 531 1575 563 potestis
1607 541 1699 561 mensa
1734 536 1790 563 Do—

1000 563 1062 609 mini
1090 572 1143 591 esse
1172 568 1307 602 participes
1332 574 1355 596 et
1387 580 1479 599 mensae
1503 575 1696 606 dremoniorum.
1721 581 1791 609 Solis

998 608 1088 660 verbis
1111 615 1153 638 est
1185 617 1327 642 contentus
1356 620 1385 643 ut
1413 618 1538 647 abducat.
1576 622 1676 652 Deinde
1704 608 1788 660 pado;

998 659 1054 681 rem
1080 655 1212 685 incutiens
1228 667 1234 685 :
1248 659 1293 686 22.
1312 661 1350 688 An
1364 665 1515 692 tentulamur
1531 666 1690 698 Dominum?l
1704 655 1788 701 ἠιηιι-

996 701 1058 736 quid
1071 703 1187 738 fortiores
1197 705 1242 733 illo
1255 709 1364 735 sumus?
1377 709 1403 736 id
1418 716 1458 737 cst
1469 732 1476 743 ,
1492 717 1624 743 teutamus
1644 724 1703 745 eum
1724 728 1786 748 num

997 752 1081 794 possit
1094 757 1142 777 nos
1162 752 1271 786 punire,
1295 759 1321 781 et
1337 754 1471 785 irritamus
1491 766 1550 786 eum
1571 761 1603 788 ad
1618 763 1786 794 adversarios

995 792 1161 829 deficientes,
1176 801 1274 825 etcum
1289 799 1403 829 inimicis
1417 802 1474 837 ejus
1486 804 1510 830 in
1522 805 1579 832 acie
1592 811 1715 837 stantes?
1731 792 1786 840 [loc

995 843 1083 885 autem
1108 840 1192 875 dixit,
1214 843 1240 870 in
1262 847 1417 874 memoriam
1442 849 1494 876 illis
1517 858 1646 881 revocans
1668 860 1785 885 veterem

995 883 1144 918 historiam,
1159 893 1186 915 et
1202 893 1305 923 patrum
1319 894 1568 927 transgressionem.
1582 897 1643 925 Ideo
1657 900 1705 928 hac
1722 883 1784 931 usus

994 935 1035 957 est
1048 939 1121 962 voce.
1132 940 1183 967 qua
1197 934 1326 964 adversus
1338 937 1446 967 Judteos
1455 940 1561 977 Moyses
1574 944 1638 972 olim
1652 954 1715 974 usus
1731 954 1792 980 est,’

993 983 1122 1028 accusans
1143 986 1190 1007 eos
1208 980 1242 1008 de
1264 981 1413 1011 idololatria
1436 994 1468 1013 cx
1489 995 1603 1022 persona
1629 992 1675 1019 Dei
1696 1001 1703 1020 :
1729 993 1784 1028 Ipsi

992 1025 1064 1071 enim
1078 1025 1209 1071 ,Vinquit,
1223 1036 1420 1062 prouocauerunt
1435 1041 1473 1060 me
1495 1034 1521 1061 in
1545 1044 1573 1062 ea
1592 1038 1635 1071 qui
1657 1047 1705 1067 non
1729 1025 1787 1071 erat
1799 1056 1805 1066 ‹

991 1067 1253 1121 Deur,uilrritavcrunt
1272 1082 1311 1101 me
1329 1075 1355 1102 in
1370 1076 1445 1104 idoli:
1465 1081 1517 1107 suis
1532 1081 1540 1116 (
1553 1067 1627 1110 Deut.
1651 1085 1693 1112 52.

992 1113 1062 1161 Num
1076 1114 1122 1142 illo
1138 1118 1253 1151 fortiores
1267 1127 1355 1148 sumus
1367 1122 1379 1147 ?
1389 1122 1511 1152 Vidistin‘
1533 1113 1612 1161 quam
1627 1113 1790 1161 terribiliter--

990 1164 1017 1187 et
1032 1160 1195 1190 horribiliter
1210 1164 1282 1199 ipsos
1296 1166 1459 1202 increpavit,
1480 1170 1552 1206 ipsos
1570 1181 1663 1202 eorum
1683 1184 1788 1207 nervos

989 1207 1156 1241 concutiens,
1169 1217 1198 1236 ea
1211 1217 1241 1237 rc
1253 1211 1278 1238 in
1291 1212 1481 1243 absurditatent
1496 1217 1620 1252 adducta,
1631 1221 1690 1250 illos
1705 1225 1785 1252 Valde

989 1252 1191 1300 perstringens,
1208 1255 1367 1293 illorumque
1394 1264 1524 1289 tumorem
1549 1264 1722 1300 deprimens?
1747 1269 1789 1298 Et-

987 1304 1044 1347 cur,
1062 1299 1175 1347 inquies,
1191 1301 1248 1330 haec
1261 1303 1295 1331 ab
1309 1305 1384 1333 initio
1398 1314 1450 1334 non
1464 1310 1561 1343 posuit,
1576 1299 1635 1347 qua:
1648 1313 1708 1342 illos
1723 1323 1786 1344 uno

987 1344 1057 1396 xime
1072 1346 1267 1376 abduxissent‘!
1282 1349 1347 1384 Quia
1362 1359 1419 1379 mos
1430 1358 1473 1381 est
1487 1355 1524 1382 illi
1544 1344 1663 1390 pluribus
1677 1368 1708 1388 ea
1719 1369 1778 1396 qua:

987 1390 1042 1418 vult
1056 1392 1169 1426 probare
1180 1414 1188 1427 ,
1206 1398 1233 1421 et
1247 1395 1356 1423 fortiora
1373 1398 1463 1426 ultima
1479 1407 1593 1435 ponere,
1613 1409 1691 1440 atque
1705 1390 1791 1436 ex-vi'

986 1444 1080 1488 magna
1096 1438 1212 1466 vincere.
1234 1439 1297 1468 Ideo
1317 1449 1330 1468 a
1346 1443 1493 1472 minoribus
1517 1454 1613 1482 orsus,
1637 1438 1777 1488 ad‘caput

986 1483 1116 1533 malorum
1132 1486 1214 1512 venit.
1227 1485 1271 1513 Sic
1286 1492 1312 1514 et
1322 1487 1373 1516 hoc
1384 1490 1468 1525 magis
1481 1499 1618 1528 acceptum
1631 1495 1689 1529 fuit,
1702 1483 1775 1533 prio-

985 1529 1059 1557 ribus
1074 1530 1185 1558 delinito
1200 1531 1305 1559 illorum
1319 1534 1419 1561 animo.
1437 1535 1530 1564 Omnia
1552 1540 1614 1566 milii
1629 1529 1714 1575 licenl,
1730 1545 1789 1571 sed

985 1583 1035 1602 non
1050 1577 1135 1603 omnia
1149 1578 1284 1613 expediunt
1298 1587 1307 1606 .'
1320 1580 1365 1607 ‘93.
1379 1583 1465 1609 omnia
1479 1585 1541 1611 milii
1551 1585 1625 1613 licent
1636 1607 1643 1620 ,
1667 1589 1711 1615 sed
1724 1599 1775 1617 non

984 1622 1068 1648 omnia
1081 1622 1217 1656 aediﬁcant.
1232 1624 1275 1651 24.
1302 1624 1385 1653 Nemo
1400 1628 1467 1662 quod
1476 1637 1550 1656 suum
1567 1639 1602 1658 est
1614 1639 1719 1667 quwrat,
1731 1636 1775 1663 sed

983 1669 1051 1702 quod
1065 1668 1172 1696 alterius
1185 1672 1362 1707 unusquisque.
1376 1673 1470 1701 Viden“
1482 1682 1633 1705 accuratam
1654 1681 1773 1714 pruden-

984 1714 1069 1741 tiam?
1085 1715 1151 1748 Quia
1166 1717 1236 1744 enim
1257 1718 1401 1747 verisimile
1422 1726 1480 1748 erat
1494 1722 1554 1750 illos
1577 1723 1770 1755 diceret-Per-

983 1760 1068 1788 fectus
1082 1768 1142 1788 sum
1157 1766 1183 1789 et
1197 1763 1248 1790 mei
1265 1763 1334 1798 juris
1345 1785 1353 1798 ,
1367 1769 1394 1792 et
1409 1766 1474 1794 nihil
1493 1768 1571 1797 laesus
1584 1772 1703 1804 apposita
1724 1772 1771 1800 de-

981 1810 1078 1841 gusto:
1094 1807 1190 1841 Etiam,
1205 1808 1300 1843 inquit,
1314 1810 1447 1844 perfectus
1457 1818 1520 1840 eset
1533 1814 1646 1849 tuijuris
1657 1825 1664 1847 :
1676 1817 1723 1846 sed
1736 1827 1784 1850 ne-

981 1853 1044 1880 illud
1059 1854 1181 1882 attendas
1192 1875 1199 1888 ,
1215 1855 1262 1883 sed
1278 1864 1340 1883 num
1355 1857 1418 1885 illud
1434 1858 1558 1887 damnum
1574 1861 1683 1897 afferat,
1706 1873 1769 1895 num

980 1900 1158 1927 eversionem.
1170 1900 1235 1928 Nam
1258 1906 1400 1938 utrumque
1412 1904 1491 1938 dixit.
1508 1906 1568 1934 Non
1582 1909 1667 1936 omnia
1679 1913 1769 1947 confe-

980 1951 1048 1979 runt,
1060 1954 1111 1973 non
1126 1947 1211 1973 omnia
1222 1948 1359 1981 redi/icant,
1374 1953 1401 1977 et
1414 1950 1485 1978 aliud
1506 1959 1553 1986 pro
1565 1954 1653 1989 scipso
1665 1976 1673 1989 ,
1697 1956 1768 1984 aliud
1780 1968 1783 1971 ~

981 1999 1027 2026 pro
1043 1991 1123 2020 fratre
1136 1993 1232 2027 posuit.
1248 1993 1314 2020 Nam
1327 1993 1425 2028 dicere,
1441 1995 1502 2023 Non
1512 1999 1621 2032 expedit,
1637 2004 1767 2030 est-snam

979 2038 1124 2072 perniciem
1137 2039 1329 2067 subindicantis
1344 2049 1351 2068 :
1364 2041 1453 2069 dicere
1463 2047 1561 2075 autem,
1573 2044 1634 2072 Non
1645 2047 1765 2082 cedi/iam,

979 2085 1067 2112 l'ratris
1081 2085 1234 2112 scandalum
1245 2086 1405 2114 subindicat.
1423 2087 1486 2115 ideo
1501 2089 1638 2125 subiunxit
1653 2102 1659 2118 :
1684 2092 1780 2121 Nemo.-

977 2130 1044 2165 quod
1056 2139 1130 2157 suum
1141 2136 1176 2158 est
1185 2136 1297 2166 quierat;
1310 2132 1379 2166 q‘uod
1394 2133 1491 2169 ubique
1504 2140 1531 2162 et
1546 2143 1593 2170 per
1607 2141 1688 2165 totam
1699 2146 1766 2167 con-

978 2177 1065 2203 firmat
1075 2177 1225 2211 epistolam,
1240 2182 1267 2204 et
1280 2177 1305 2204 in
1322 2177 1440 2213 Epistula
1451 2180 1482 2206 ad
1497 2180 1634 2210 Romanos
1648 2191 1708 2211 cum
1719 2171 1766 2213 ldi-

977 2222 1012 2249 cit
1023 2230 1029 2249 τ
1043 2221 1142 2249 Etenim
1153 2221 1267 2249 Christus
1278 2231 1326 2250 non
1336 2224 1383 2250 sibi
1395 2225 1445 2259 ipsi
1454 2226 1548 2260 placuit
1560 2226 1652 2263 (Rom.
1668 2229 1711 2257 15.
1726 2231 1765 2267 3).

977 2272 1002 2294 et
1011 2274 1129 2300 rursum,
1140 2267 1214 2295 Sicut
1227 2273 1251 2296 et
1263 2277 1308 2304 ego
1321 2278 1365 2305 per
1377 2271 1463 2297 omnia
1477 2272 1592 2300 omnibus
1599 2274 1698 2309 placeo,
1714 2285 1777 2304 non.

975 2321 1089 2347 quwrens
1096 2322 1175 2340 meam
1181 2314 1313 2341 utilitatem
1320 2316 1346 2353 (ί
1353 2335 1360 2342 .
1369 2316 1428 2344 Ger.
1438 2316 1482 2345 10.
1493 2318 1549 2353 55);
1560 2324 1586 2346 et
1595 2319 1637 2348 hic
1646 2329 1764 2356 rursum;

975 2366 1028 2386 non
1043 2364 1132 2387 tamen
1148 2359 1215 2387 ill-ud-
1224 2359 1267 2388 hic
1280 2361 1390 2389 excutit.
1402 2361 1468 2396 Quia
1480 2364 1551 2391 enim
1562 2366 1685 2401 superius
1699 2367 1778 2396 illud'

976 2405 1095 2440 pluribus
1106 2406 1297 2441 probaveratet
1306 2407 1545 2443 demonstraverat,
1554 2412 1624 2445 quod
1633 2421 1763 2448 nusquam

974 2459 1004 2479 ca
1019 2460 1078 2487 quae
1093 2459 1140 2479 sua
1154 2457 1216 2480 sunt
1229 2458 1330 2488 quierat
1342 2475 1350 2487 ,
1364 2454 1411 2482 sed
1429 2455 1499 2489 quod
1509 2455 1614 2484 ludatis
1629 2461 1774 2494 tamquam.

973 2497 1082 2525 Judteus
1091 2497 1178 2526 factus
1186 2499 1230 2532 sit,
1242 2504 1269 2527 et
1286 2499 1340 2526 illis
1353 2500 1399 2534 qui
1411 2505 1474 2528 sunt
1488 2502 1545 2529 sine
1556 2502 1613 2537 lege
1629 2507 1773 2539 tamquam-

973 2545 1031 2572 sine
1045 2545 1113 2579 lege,
1129 2546 1238 2581 etquod
1255 2546 1377 2574 libertate
1387 2540 1577 2583 potestatesque
1588 2557 1635 2577 sua
1656 2558 1709 2579 non
1725 2555 1766 2579 te-

973 2598 1046 2618 mere
1056 2592 1090 2619 sit
1102 2599 1175 2625 usus,
1187 2593 1234 2620 sed
1242 2592 1273 2620 ad
1286 2592 1311 2620 id
1322 2593 1393 2628 quod
1403 2594 1528 2622 omnibus
1538 2595 1603 2623 utile
1613 2601 1694 2629 esset,
1704 2605 1763 2626 ser-

972 2640 1047 2666 viens
1055 2639 1194 2672 omnibus;
1205 2640 1295 2674 paucis
1305 2645 1448 2668 cantemus
1460 2641 1549 2668 verbis
1556 2642 1607 2669 huc
1617 2642 1706 2675 desiit.
1716 2651 1772 2679 per.

973 2684 1030 2712 haec
1036 2692 1118 2720 pauca
1129 2685 1180 2712 illis
1190 2685 1216 2712 in
1226 2686 1382 2713 memoriam
1392 2694 1521 2714 revocans
1529 2688 1617 2715 omnia
1624 2696 1684 2723 qua:
1692 2689 1771 2717 dictat

972 2735 1042 2759 sunt.
1052 2732 1114 2759 Haec
1122 2738 1186 2767 ergo
1192 2739 1241 2759 nos
1249 2740 1355 2767 quoque
1363 2740 1423 2760 cum
1432 2733 1557 2767 sciamus,
1566 2734 1665 2767 dilecti,
1677 2735 1764 2762 fratri-

973 2779 1020 2805 bus
1035 2778 1238 2813 prospiciamus,
1250 2782 1277 2805 et
1288 2779 1415 2806 unitatem
1429 2787 1489 2807 cum
1504 2779 1555 2807 illis
1565 2787 1715 2807 servemus.
1732 2781 1770 2808 in.

972 2824 1022 2851 hoc
1039 2823 1110 2852 enim
1123 2831 1172 2852 nos
1187 2824 1286 2852 inducit
1303 2824 1463 2852 sacriﬁcium
1479 2824 1543 2852 illud
1559 2825 1723 2853 horrendum
1734 2830 1770 2853 ct-

969 2871 1146 2906 tremendum,
1160 2871 1254 2905 iubens
1264 2878 1311 2900 nos
1319 2878 1378 2900 cum
1385 2871 1652 2899 concordia-maxime
1665 2870 1710 2899 illo
1717 2878 1764 2901 Io-
