2046 3114
252 154 306 184 203

254 215 350 243 cedere
363 217 390 241 et
402 219 463 241 cum
476 208 587 238 caritate
606 204 735 238 ferventi,
751 207 777 231 et
790 201 852 229 inde
864 199 965 235 aquilas
984 196 1049 225 επο-

255 267 323 293 ctus,
337 260 372 288 ita
386 258 419 286 ad
435 258 522 293 ipsum
536 253 662 282 advolare
675 251 779 278 caalum.
794 247 843 275 Ubi
854 246 924 274 enim
939 244 990 272 erit
1005 250 1048 269 ca-

255 289 340 339 daver,
356 289 459 340 inquit,
482 302 517 329 ibi
530 305 553 328 et
566 298 659 334 αιμιίιιε
672 295 780 333 (.lfatth.
793 293 839 321 si.
855 291 919 327 es);
935 289 1049 340 cadaver

255 335 352 387 corpus
366 335 500 378 mortuum
517 351 625 373 vocans.
647 342 703 370 Nisi
723 341 794 368 enim
819 339 863 367 ille
887 335 1047 368 cecidisset,

256 385 310 425 nos
337 403 390 424 non
422 391 677 422 resurrcsissemus.
707 386 817 422 Aquilas
846 387 935 411 autem
962 385 1040 408 vocat

256 442 401 470 ostendens
416 439 558 466 sublimem
572 442 632 462 esse
647 438 773 469 oportere
792 431 866 458 illum
891 428 935 464 qui
950 427 983 454 ad
998 427 1048 453 hoc

256 496 352 522 corpus
365 485 482 516 accedit,
497 487 525 510 et
540 481 604 510 nihil
621 487 682 508 enm
697 483 766 506 terra
781 482 924 505 commune
938 473 1045 504 habere,

255 521 343 569 neque
357 532 484 560 deorsum
497 528 567 556 trahi
584 535 616 554 ac
627 533 746 561 serpere,
761 523 808 551 sed
822 521 928 550 assidue
942 527 1049 554 semper

255 568 362 608 sursum
378 576 488 608 volare,
509 579 537 602 et
558 574 591 602 ad
605 573 690 601 solem
711 570 824 606 jnstitis
844 568 998 611 respicere,
1022 570 1048 592 et

255 625 353 654 mentis
365 623 472 652 oculum
486 626 594 650 acutum
608 619 707 647 habere
719 627 725 645 :
735 616 882 652 aquilarum
897 614 979 647 enim,
996 619 1048 640 non

254 671 423 707 graculorum
439 669 496 696 haec
513 672 554 696 est
569 673 674 695 mensa.
697 664 749 699 ipsi
767 669 830 690 tunc
844 664 987 689 occurrent
1002 659 1050 686 dc-

257 703 394 747 ;eeudenti
408 715 443 743 de
456 715 542 747 cmlis,
556 713 602 748 qui
616 719 686 739 nunc
699 710 779 745 digne
788 707 953 744 percipiunt,
963 709 992 732 ut
1004 703 1049 739 qui

258 763 365 798 Indigne
376 766 495 790 extrema
510 759 650 794 patientur.
660 772 662 774 τ

299 796 326 837 δῖ
348 807 468 843 Corporis
486 804 579 832 Christi
595 803 717 831 sanctitas
736 805 759 828 et
780 800 869 827 virtus.
883 813 918 818 —
931 797 958 826 Si
979 796 1049 824 enim

259 863 344 891 regem
370 854 430 889 quis
454 859 506 880 non
523 855 667 885 utcumque
695 854 747 875 nec
771 844 950 882 perfunctorie
972 849 1049 870 acce-

259 888 326 938 perit
340 910 347 928 2
368 888 431 936 quid
446 905 537 933 regem
552 895 634 924 dico?
653 902 686 922 ne
702 898 803 921 vestem
823 890 931 926 quidem
950 888 1049 924 regiam

259 934 319 983 quis
338 934 449 980 impuris
470 942 593 970 manibus
617 939 751 975 tetigerit,
773 936 881 965 etiamsi
908 935 934 962 in
954 934 1048 961 solitu-

256 979 321 1020 dine
341 979 390 1022 sit.
413 987 518 1017 etiamsi
543 987 616 1014 solus
643 990 670 1012 et
697 990 777 1012 nemo
803 981 895 1010 adsit:
922 979 993 1015 atqui
1008 979 1049 1006 ni-

259 1038 293 1065 hil
317 1035 389 1064 aliud
411 1040 452 1063 est
468 1034 551 1061 vestis
563 1039 642 1067 quam
656 1035 758 1058 stamen
782 1027 925 1055 vermium.
942 1025 969 1052 Si
986 1031 1051 1052 vero

240 1099 242 1102 ν
259 1085 399 1110 tineturain
413 1079 530 1112 miraris,
547 1083 574 1105 et
588 1077 645 1112 ipsa
659 1082 765 1111 quoque
780 1073 877 1101 mortui
890 1072 970 1107 piscis
989 1078 1051 1099 san-

210 1123 214 1132 ,
259 1130 317 1163 pnis
335 1132 399 1160 est;
423 1133 503 1153 nemo
526 1129 614 1152 tamen
645 1129 727 1149 ausus
754 1119 835 1148 fuerit
855 1119 926 1146 illam
961 1117 1050 1145 sordi-

259 1176 300 1204 tlis
316 1178 484 1203 contrectare
502 1170 636 1199 manibus.
652 1169 680 1197 Si
702 1173 791 1196 autem
811 1167 956 1193 humanum
971 1162 1052 1190 vesti-

259 1227 377 1250 mentum
388 1226 469 1247 nemo
480 1225 561 1245 ausus
570 1215 650 1244 fuerit
663 1218 762 1242 temere
776 1217 902 1247 tangere;
917 1209 1052 1245 quomodo

259 1275 356 1303 corpus
382 1266 568 1293 universorum
590 1262 636 1289 Dei
664 1258 862 1288 immaculatum
885 1261 912 1285 et
936 1263 1050 1292 purum,

260 1315 330 1352 quod
354 1320 416 1341 cum
435 1311 525 1340 divina
547 1309 592 1336 illa
626 1312 719 1336 natura
747 1309 883 1333 versatum
912 1308 972 1335 est,
1003 1309 1053 1337 per

260 1347 330 1396 quod
337 1365 433 1387 smnus
442 1361 470 1385 et
482 1356 608 1388 vivimus,
619 1360 666 1389 per
677 1351 748 1387 quod
762 1354 847 1386 porta:
858 1349 951 1377 mortis
962 1347 1052 1375 fractae

259 1410 322 1435 sunt
334 1410 362 1432 et
373 1404 490 1431 fornices
502 1401 560 1429 caeli
580 1399 665 1435 aperti
681 1400 761 1429 sunt,
776 1403 837 1423 cum
863 1398 936 1422 tanta
956 1397 1052 1421 contu-

259 1452 337 1480 melia
348 1448 508 1484 accipiemus
515 1447 528 1473 ‘l
538 1445 587 1478 Ne,
599 1450 699 1480 quasso,
714 1449 748 1469 ne
758 1447 807 1469 nos
818 1441 891 1475 ipsos
901 1438 1053 1475 jugulemus

262 1506 309 1534 per
325 1483 517 1532 impudentiam
531 1501 540 1526 ς
556 1491 603 1519 sed
618 1497 680 1518 cum
691 1489 802 1515 horrore
814 1491 841 1514 et
856 1485 969 1521 puritate
980 1483 1053 1511 omni

260 1529 292 1572 ad
306 1529 392 1579 ipsum
406 1540 564 1569 accedamus
577 1545 586 1570 ;
606 1540 635 1564 et
647 1542 707 1563 cum
721 1534 807 1569 ipsum
820 1531 920 1559 videris
931 1529 1054 1566 proposi-

261 1596 329 1623 tum,
344 1589 390 1617 tibi
404 1587 453 1623 ipsi
469 1586 512 1613 die
526 1593 533 1612 :
549 1584 661 1618 Propter
675 1581 726 1608 hnc
738 1586 835 1615 corpus
850 1586 902 1606 non
926 1585 985 1606 sum
1004 1583 1055 1612 ego

263 1635 377 1671 amplius
390 1638 459 1661 terra
475 1636 502 1659 et
513 1630 592 1663 cinis,
604 1636 657 1655 non
672 1627 742 1654 ultra
756 1625 886 1660 captivus,
906 1623 954 1651 sed
965 1622 1032 1650 liber
1047 1631 1054 1650 :

264 1681 325 1709 ideo
337 1679 418 1707 caelos
431 1683 511 1713 spero
525 1680 554 1703 et
577 1675 646 1702 bona
662 1673 717 1700 illic
735 1670 851 1707 reposita
874 1677 917 1697 me
931 1672 1054 1703 acceptu-

262 1735 322 1755 rum
332 1732 402 1758 esse,
415 1721 593 1751 immortalem
605 1720 698 1752 vitam,
708 1717 863 1753 angelorum
874 1719 984 1748 sortem,
995 1721 1055 1742 cum

263 1772 373 1801 Christo
385 1767 607 1798 consuetudinem
622 1775 629 1793 :
641 1765 692 1792 hoc
703 1771 801 1799 corpus
813 1762 896 1790 clavis
907 1761 1055 1794 conlisum,

265 1818 355 1853 ﬂagris
365 1823 474 1847 caesum,
491 1820 563 1841 mors
574 1819 628 1840 non
648 1810 722 1843 tulit,
751 1809 801 1836 hoc
821 1815 918 1843 corpus
939 1807 980 1835 sol
996 1814 1055 1834 eum

266 1863 423 1892 cruciﬁxum
438 1861 552 1893 videret,
568 1858 659 1886 radios
675 1856 773 1883 avertit
787 1864 793 1882 :
809 1854 868 1882 ideo
883 1858 946 1881 tunc
968 1853 1056 1881 velum

265 1910 378 1937 scissum
393 1911 444 1940 est.
456 1911 539 1942 petrae
549 1908 633 1939 rUptre
645 1906 716 1935 sunt,
733 1906 761 1929 et
771 1901 895 1929 universa
910 1904 980 1927 terra
991 1906 1057 1926 con-

263 1956 411 1984 cutiehatur
426 1962 434 1980 :
458 1952 510 1980 hoc
533 1955 576 1980 est
587 1949 654 1978 illud
668 1955 766 1984 corpus
778 1968 786 1980 ,
803 1945 873 1982 quod
888 1949 1057 1973 cruentatum

264 2005 322 2036 iuit,
335 2003 425 2030 lancea
439 1999 589 2036 perfossum
603 2017 610 2030 ,
628 1995 700 2032 quod
714 1995 845 2022 salutares
860 1993 947 2020 fontes
967 1995 1057 2019 scatu-

265 2050 328 2078 rivit
337 2048 395 2077 orbi
407 2067 415 2080 ,
431 2047 511 2074 alium
525 2043 672 2078 sanguinis,
687 2041 767 2068 alium
780 2047 867 2075 aqum.
879 2038 925 2066 Vis
952 2036 1059 2065 aliunde

265 2097 324 2132 eius
338 2095 391 2123 vim
404 2090 527 2121 discere?
538 2089 672 2123 Interroga
686 2086 824 2114 mulierem
835 2084 972 2119 sanguinis
986 2083 1059 2110 (luxu

266 2130 445 2171 laborantem,
457 2144 517 2172 quas
531 2143 583 2162 non
601 2135 699 2169 ipsum.
723 2131 770 2159 sed
783 2131 841 2165 ejus
857 2130 1057 2162 vestimentum,

267 2190 324 2218 imo
336 2195 389 2215 nun
406 2189 501 2216 totum,
516 2181 564 2210 sed
578 2180 710 2208 fimbriam
722 2178 825 2213 tetigit:
838 2177 970 2212 interroga
986 2183 1060 2204 mare

267 2233 338 2270 quod
352 2232 433 2260 dorso
445 2236 494 2257 suo
510 2229 597 2263 ipsum
612 2225 726 2262 gestavit
742 2234 749 2251 :
765 2224 899 2258 interroga
922 2227 950 2250 et
973 2222 1060 2258 ipsum

268 2269 414 2311 diabolum,
428 2281 456 2304 et
473 2275 518 2303 die
533 2283 542 2301 :
558 2273 632 2302 Unde
652 2270 736 2299 babes
752 2270 854 2306 plagam
871 2270 942 2297 illam
956 2269 1061 2296 insana-

269 2326 349 2353 bilem
361 2324 373 2350 ?
385 2321 455 2350 unde
471 2321 500 2348 fit
512 2323 541 2347 ut
556 2318 621 2346 nihil
635 2318 689 2353 jam
705 2315 811 2352 possis?
822 2314 953 2342 undenam
968 2318 1062 2349 captus

269 2372 317 2400 es?
330 2378 346 2398 a
359 2376 412 2405 quo
422 2368 546 2397 detentus
556 2365 628 2393 fuisti
640 2364 703 2392 dum
718 2363 843 2398 fugeres?
864 2367 891 2389 et
905 2361 971 2389 nihil
990 2361 1061 2389 aliud

272 2419 353 2450 dicet,
370 2422 449 2451 quam
463 2416 560 2448 corpus
572 2411 738 2440 cruciﬁxum.
753 2409 805 2437 Per
820 2408 872 2436 hoc
886 2407 985 2435 stimuli
1005 2406 1063 2442 ejus

270 2462 399 2493 confracti
413 2465 487 2494 sunt,
510 2467 560 2495 per
572 2458 624 2486 hoc
642 2463 741 2492 corpus
753 2456 812 2491 ejus
830 2454 975 2483 contritum
987 2473 994 2485 ,
1016 2461 1063 2488 per

271 2511 324 2538 hoc
346 2507 509 2544 principatus
524 2510 552 2534 et
576 2508 723 2540 potestates
745 2501 874 2529 traducta:
889 2505 972 2527 sunt:
995 2499 1065 2534 Spo-

272 2557 338 2584 lians
351 2555 433 2587 enim,
445 2552 541 2587 inquit,
563 2550 722 2586 principatu
743 2552 766 2575 et
785 2550 929 2582 potestates,
951 2545 1064 2572 traduxit

270 2604 439 2637 conﬁdenter,
452 2600 613 2635 triumphum
626 2598 658 2625 de
677 2597 729 2624 illis
745 2597 772 2623 in
792 2595 926 2629 semetipso
946 2593 1014 2629 (Col.
1034 2593 1061 2619 2.

271 2650 306 2678 t5
316 2649 337 2685 ).
356 2648 493 2681 Interroga
506 2649 621 2673 mortem
633 2664 640 2676 ,
662 2648 689 2670 et
703 2643 746 2670 die
761 2651 767 2668 :
784 2640 922 2669 Undenam
942 2640 1064 2667 sublatus

275 2700 316 2723 est
328 2693 452 2722 stimulus
474 2690 557 2718 tuus?
573 2689 705 2716 undeuam
723 2687 809 2714 soluta
820 2692 863 2714 est
874 2692 916 2714 tua
933 2686 1064 2713 victoria?

274 2741 407 2769 undenam
421 2737 526 2775 praecisi
542 2740 605 2764 sunt
626 2735 699 2762 nervi
721 2734 779 2767 tui,
798 2739 823 2761 et
838 2733 934 2769 puellis
955 2732 1064 2760 infanti-

276 2788 378 2822 busqne
393 2786 462 2813 facta
475 2791 504 2811 es
517 2781 640 2813 ridicula,
654 2787 713 2815 qua:
729 2780 849 2815 tyrannis
860 2784 887 2807 et
905 2779 984 2814 justis
1004 2785 1062 2805 om-

276 2834 356 2861 uibus
365 2829 480 2858 antehac
493 2826 668 2855 formidabilis
677 2825 759 2854 eras?
773 2829 799 2852 et
813 2824 874 2852 huic
881 2824 990 2859 corpori
1003 2831 1066 2851 eau-

276 2887 332 2907 ssm
345 2876 489 2906 adscribet.
500 2874 566 2902 Cum
577 2873 648 2900 enim
660 2871 873 2907 crucifigo-batur,
888 2875 949 2898 tunc
964 2871 1064 2898 mortui

624 145 652 174 S.
674 142 813 172 JO.\NNIS
830 135 1067 169 ClIRYSOSTOMI
1083 135 1240 164 ARCHIEP.
1257 135 1522 166 CONSTANTINOP.

1846 142 1897 170 2M

1104 199 1321 228 resurrexerunt,
1338 200 1399 223 tunc
1414 203 1506 224 carcer
1522 196 1566 224 ille
1590 201 1682 232 ruptus
1705 202 1745 225 est
1771 203 1799 226 et
1814 205 1898 233 portae

1103 249 1181 269 aereae
1194 240 1336 269 confracta:
1351 247 1421 275 sunt,
1434 247 1461 269 et
1474 243 1571 270 mortui
1587 242 1676 271 emissi
1693 248 1765 276 sunt,
1787 249 1815 271 et
1825 245 1897 279 jani-

1103 286 1281 315 toresiufcrni
1295 295 1390 315 omnes
1404 287 1581 322 obstupefacti
1598 292 1670 315 sunt.
1693 289 1772 325 Atqui
1788 290 1811 316 si
1830 288 1901 316 fuis-

1102 338 1143 360 set
1157 341 1226 360 unus
1240 341 1273 360 ex
1294 333 1396 367 multis,
1410 334 1576 361 contrarium
1597 334 1721 362 accidere
1744 334 1898 370 Oportebat,

1102 383 1217 408 inertem
1232 380 1314 408 fuisse
1329 380 1517 415 potentiorem,
1533 380 1580 408 sed
1597 387 1648 408 non
1663 380 1713 408 fuit
1728 390 1735 408 :
1749 389 1803 408 non
1825 381 1897 408 enim

1102 431 1161 454 erat
1175 435 1242 454 unus
1257 435 1289 455 ex
1306 427 1416 460 multis;
1434 427 1494 454 ideo
1516 427 1560 454 illa
1580 427 1666 456 soluta
1691 427 1749 455 fuit.
1773 428 1806 455 Et
1829 427 1899 455 sicut

1103 473 1120 500 ii
1133 473 1178 508 qui
1192 473 1348 501 alimentum
1364 473 1509 509 accipiunt,
1531 474 1602 509 quod
1623 474 1739 501 retinere
1757 482 1810 501 non
1833 482 1898 509 pos-

1101 520 1164 552 sint,
1179 520 1259 548 etiam
1275 527 1335 555 qua:
1348 520 1423 556 prius
1437 525 1561 556 percepta
1585 520 1690 548 fuerant
1705 525 1813 556 propter
1832 519 1898 548 illud

1102 571 1248 594 evomunt:
1266 567 1302 594 ita
1318 568 1397 594 etiam
1411 567 1508 594 accidit
1520 566 1546 594 in
1566 570 1664 594 morte.
1679 565 1782 601 Corpus
1793 586 1801 599 ,
1825 565 1898 601 quod

1104 612 1160 646 ipsa
1183 619 1236 640 non
1252 617 1356 647 poterat
1371 612 1506 640 coniicere
1518 632 1526 646 ν
1551 612 1703 647 accipit-ns,
1728 611 1770 638 illa
1791 619 1899 646 quoque

1105 659 1196 694 rejecit
1208 667 1268 694 qua:
1284 659 1355 687 intus
1366 659 1499 687 retinebat
1513 667 1519 686 :
1537 666 1597 686 cum
1614 657 1677 686 illud
1691 658 1762 685 intus
1777 658 1897 691 haberet,

1103 705 1268 741 parturiebat
1292 709 1319 733 et
1344 705 1524 740 premebatur,
1550 704 1637 732 donec
1663 704 1748 739 ipsum
1768 703 1898 731 evomuit.

1103 751 1166 780 Ideo
1179 751 1217 778 ait
1227 750 1389 786 Apostolus:
1414 750 1512 779 Salutis
1534 749 1664 777 doloribus
1677 749 1764 776 mortis
1777 749 1844 783 (Art.
1869 748 1897 776 2.

1101 797 1170 834 24).
1196 797 1273 826 Nulla
1300 797 1372 826 enim
1400 797 1498 825 mulier
1525 804 1668 832 przrgnans
1694 796 1899 831 parturiensqne

1104 849 1176 873 tanto
1199 844 1291 872 labore
1311 844 1453 879 premitur,
1480 847 1581 879 quanto
1604 842 1648 869 illa
1673 849 1771 876 corpus
1796 841 1898 868 habens

1103 890 1268 919 Dominicum
1277 889 1484 917 dilucerabatur.
1500 889 1532 916 Et
1541 888 1612 924 quod
1626 889 1651 915 in
1665 887 1828 922 Babylonico
1836 886 1898 914 dra-

1102 944 1170 965 cone
1185 936 1291 969 accidit,
1306 943 1366 964 cum
1381 940 1493 971 accepto
1515 935 1575 963 cibo
1595 934 1698 962 medius
1711 934 1833 969 diruptus
1845 937 1897 966 est,

1103 981 1154 1009 hoc
1168 986 1196 1010 et
1209 981 1253 1009 isti
1276 981 1377 1010 evenit.
1391 980 1450 1008 Non
1463 980 1535 1008 enim
1549 980 1671 1007 Christus
1687 987 1734 1015 per
1749 987 1781 1007 os
1804 979 1899 1006 mortis

1102 1035 1228 1062 egressus
1238 1032 1289 1060 est,
1303 1026 1351 1054 sed
1367 1026 1425 1062 ipso
1439 1025 1529 1054 tnedio
1544 1025 1669 1053 draconis
1682 1029 1775 1052 ventre
1789 1024 1898 1059 dirupto

1103 1079 1130 1102 et
1143 1074 1271 1107 dissecto,
1285 1074 1324 1101 sic
1346 1081 1379 1101 ex
1396 1073 1576 1108 penetralibus
1599 1071 1715 1107 prodiit,
1731 1078 1791 1098 cum
1808 1071 1899 1105 splen-

1103 1120 1169 1148 dore
1182 1120 1279 1153 multo,
1294 1120 1437 1154 radiosque
1452 1119 1588 1151 entittens,
1611 1125 1663 1146 non
1689 1124 1772 1152 usque
1794 1117 1826 1144 ad
1847 1116 1899 1143 hoc

1104 1166 1211 1199 caelum,
1226 1165 1273 1194 sed
1294 1173 1378 1201 usque
1393 1165 1425 1192 ad
1442 1165 1528 1200 ipsum
1542 1171 1686 1199 supernum
1701 1163 1798 1191 solium
1812 1171 1819 1190 :
1835 1170 1897 1189 nam

1104 1212 1168 1240 illuc
1180 1219 1286 1248 quoque
1299 1212 1385 1247 ipsum
1399 1210 1519 1242 adduxit.
1537 1210 1593 1238 Hoc
1606 1217 1704 1245 corpus
1725 1209 1798 1237 dedit
1819 1209 1899 1236 nobis

1103 1263 1130 1286 et
1143 1258 1286 1286 tenendum
1298 1262 1324 1285 ct
1337 1256 1541 1290 comedendum,
1558 1256 1628 1291 quod
1644 1256 1756 1283 iutensa:
1777 1255 1899 1284 dilectio-

1105 1304 1145 1331 nis
1160 1303 1220 1330 fuit.
1244 1302 1299 1330 Eos
1319 1303 1390 1330 enim
1414 1310 1482 1338 quos
1508 1301 1633 1329 ardenter
1653 1308 1793 1333 amamus,
1817 1300 1898 1327 etiam

1104 1356 1176 1384 saepe
1190 1348 1354 1376 mordemus.
1370 1347 1433 1375 ideo
1454 1347 1505 1375 Job
1519 1354 1638 1374 amorem
1667 1346 1836 1379 famulorum,
1853 1346 1898 1381 qui

1104 1394 1175 1422 circa
1198 1394 1271 1422 illum
1287 1398 1364 1421 erant
1378 1393 1523 1421 ostendens
1537 1392 1653 1425 dicebat,
1670 1392 1730 1419 illos
1749 1392 1834 1426 ipsum
1850 1398 1897 1419 ve-

1107 1439 1248 1468 hementer
1259 1444 1381 1467 amantes
1391 1439 1493 1466 dixisse
1507 1447 1514 1464 τ
1529 1439 1591 1472 Quis
1603 1437 1673 1465 nobis
1687 1438 1727 1464 det
1735 1437 1766 1464 de
1780 1437 1900 1465 caruit-us

1105 1486 1158 1513 suis
1171 1490 1198 1513 ut
1211 1486 1363 1521 impleantur
1376 1485 1448 1520 (Job.
1464 1485 1508 1513 51.
1524 1485 1582 1519 51)?
1595 1484 1639 1512 Sic
1649 1489 1675 1511 et
1690 1483 1813 1511 Christus
1825 1483 1900 1511 dedit

1106 1531 1183 1560 nobis
1202 1539 1297 1559 carnes
1309 1538 1372 1559 suas
1395 1535 1424 1558 ut
1448 1530 1618 1566 impleantur,
1643 1529 1676 1557 ad
1694 1529 1823 1565 majnrrm
1849 1536 1900 1557 nos

1107 1579 1250 1606 amicitiam
1265 1578 1414 1605 attrahens.

1142 1624 1169 1652 5.
1183 1623 1348 1651 Accedamus
1362 1623 1441 1658 igitur
1453 1629 1514 1650 eum
1530 1621 1635 1649 fervore
1646 1620 1679 1648 ad
1694 1621 1780 1654 illum,
1797 1625 1899 1648 etcum

1107 1669 1210 1698 ardenti
1221 1669 1332 1697 caritate
1343 1688 1350 1701 ,
1366 1673 1393 1696 et
1407 1675 1441 1695 ne
1453 1668 1597 1695 subeamus
1609 1666 1779 1702 supplicium.
1793 1666 1901 1700 Quanto

1107 1718 1177 1746 enim
1191 1716 1293 1751 majora
1307 1715 1437 1744 beneficia
1452 1714 1650 1748 acceperimus,
1664 1717 1737 1740 tanto
1752 1713 1836 1748 magis
1850 1720 1901 1747 pu-

1109 1765 1307 1795 niemur.cum
1336 1761 1475 1790 beneﬁciis
1500 1760 1600 1795 indigni
1623 1759 1821 1795 apparehimus.
1846 1759 1903 1786 lloc

1108 1812 1189 1839 etiam
1206 1817 1303 1845 corpus
1324 1809 1349 1836 in
1375 1807 1489 1843 praesepi
1509 1807 1602 1842 jacens
1617 1806 1724 1834 reveriti
1738 1810 1802 1834 sunt
1820 1805 1901 1840 magi.

1109 1857 1142 1885 Et
1155 1856 1202 1884 viri
1217 1855 1289 1890 impii
1301 1862 1333 1882 ac
1345 1853 1452 1881 barbari
1469 1853 1552 1888 patria
1564 1852 1700 1887 domoque
1714 1852 1817 1882 relicta,
1830 1851 1902 1878 viam

1109 1902 1210 1930 emensi
1224 1905 1286 1928 sunt
1301 1901 1422 1935 longam,
1438 1904 1465 1926 et
1477 1898 1614 1926 venientes
1627 1905 1687 1925 cum
1703 1897 1798 1925 timore
1811 1900 1839 1924 et
1853 1901 1904 1923 tre-

1110 1955 1184 1975 more
1197 1946 1282 1974 multo
1297 1946 1383 1981 ipsum
1403 1945 1592 1972 adoraverunt.
1615 1943 1753 1971 imitemur
1765 1949 1829 1978 ergo
1849 1942 1903 1969 sal-

1111 1999 1164 2023 tem
1185 1993 1332 2025 barbaros,
1349 1999 1398 2019 nos
1421 1991 1548 2019 caelorum
1571 1991 1654 2019 cives.
1675 1990 1715 2018 llli
1735 1996 1851 2024 namque
1876 1989 1904 2016 in

1111 2047 1233 2076 prmsepe
1252 2039 1427 2074 respicientes
1442 2038 1509 2066 etin
1525 2037 1630 2073 tugurio
1642 2057 1650 2069 ,
1675 2041 1702 2064 et
1724 2036 1790 2063 nihil
1810 2043 1904 2063 eorum

1111 2087 1296 2122 respicientes,
1311 2094 1371 2121 qua:
1387 2090 1414 2113 tu
1427 2092 1498 2112 nunc
1512 2085 1599 2116 vides,
1614 2091 1674 2111 cum
1687 2087 1803 2110 tremore
1817 2082 1903 2109 multo

1111 2137 1285 2165 accesserunt
1298 2141 1304 2158 :
1322 2135 1349 2159 tu
1363 2139 1428 2158 vero
1441 2138 1492 2158 tton
1505 2130 1531 2157 iu
1543 2137 1664 2166 praesepe
1677 2128 1790 2163 respicis
1800 2149 1807 2161 ,
1819 2127 1866 2154 sed
1878 2128 1904 2154 in

1112 2180 1215 2212 altare;
1241 2185 1294 2205 non
1322 2178 1462 2204 mulierem
1487 2180 1639 2208 tenentem,
1666 2174 1713 2202 sed
1738 2174 1904 2202 sacerdotem

1113 2227 1263 2254 adstantem
1274 2244 1282 2257 ,
1296 2228 1324 2251 et
1337 2223 1464 2258 Spiritum
1478 2230 1538 2250 cum
1551 2222 1675 2249 ubertate
1689 2227 1785 2255 magna
1803 2219 1828 2246 in
1844 2226 1908 2254 pro.

1113 2273 1198 2308 posita
1226 2269 1454 2305 supervolantem.
1481 2268 1538 2295 Non
1569 2266 1727 2302 simpliciter
1745 2265 1798 2293 hoc
1819 2266 1906 2301 ipsum

1113 2325 1211 2353 corpus
1223 2317 1310 2350 vides,
1325 2321 1352 2344 ut
1367 2315 1403 2343 illi
1416 2336 1423 2348 ,
1439 2314 1487 2342 sed
1502 2314 1571 2342 nosti
1586 2313 1670 2349 ipsius
1684 2317 1711 2341 et
1724 2313 1852 2340 virtutem
1876 2317 1906 2340 et

1114 2363 1341 2400 dispensationem
1357 2369 1475 2393 omnem,
1491 2365 1518 2388 et
1531 2360 1598 2388 nihil
1614 2360 1722 2394 ignoras
1739 2366 1831 2386 eorum
1848 2365 1908 2393 quat

1115 2417 1163 2445 per
1177 2409 1264 2444 ipsum
1280 2407 1396 2443 perfecta
1412 2411 1494 2439 sunt,
1510 2413 1571 2433 cum
1588 2405 1676 2432 omnia
1691 2403 1809 2431 initiatus
1827 2410 1907 2430 aecu-

1115 2461 1173 2483 rate
1186 2453 1321 2482 didiceris.
1339 2452 1493 2480 Excitemus
1504 2451 1594 2486 itaque
1607 2457 1656 2477 nos
1667 2450 1739 2484 ipsos
1753 2454 1780 2476 et
1799 2448 1909 2476 horrea-

1116 2510 1192 2535 mus,
1209 2506 1236 2528 et
1249 2500 1333 2528 multo
1347 2498 1477 2534 majorem
1491 2504 1571 2533 quam
1591 2495 1699 2524 barbari
1720 2495 1757 2523 illi
1781 2495 1908 2530 pietatem

1116 2547 1314 2580 esbibeamus,
1337 2549 1366 2573 ut
1385 2552 1438 2572 non
1460 2549 1560 2572 temere
1574 2547 1602 2571 et
1616 2541 1814 2570 inconsiderate
1830 2548 1908 2568 acce-

1116 2594 1230 2626 dentes,
1251 2593 1338 2628 igncm
1352 2591 1378 2618 in
1397 2593 1476 2625 caput
1498 2594 1619 2617 nostrum
1633 2593 1820 2623 congeram-is.
1849 2586 1911 2613 llzec

1117 2644 1206 2667 autem
1221 2638 1300 2672 dico,
1323 2645 1376 2665 non
1396 2640 1425 2664 ut
1447 2644 1481 2663 ne
1494 2635 1674 2667 accedamus;
1688 2632 1736 2661 sed
1756 2640 1790 2660 ne
1810 2636 1911 2659 temere

1117 2686 1287 2714 accedamus.
1301 2684 1377 2712 Sicut
1392 2683 1463 2711 enim
1479 2687 1582 2710 temere
1593 2681 1724 2708 accedere
1735 2699 1742 2712 ,
1761 2678 1908 2714 periculum

1117 2737 1159 2760 est
1172 2741 1180 2758 :
1195 2732 1234 2759 sic
1248 2731 1290 2758 his
1302 2730 1421 2765 mysticis
1435 2727 1520 2757 carnis
1535 2734 1588 2755 n0n
1603 2725 1812 2758 communicare,
1827 2723 1911 2752 iantes

1118 2781 1160 2804 est
1172 2781 1198 2804 et
1217 2783 1300 2803 mors.
1315 2775 1378 2802 ΗΜ
1390 2775 1461 2802 enitn
1475 2780 1569 2801 mensa
1584 2771 1659 2799 nervi
1678 2771 1774 2798 anima:
1790 2773 1890 2796 nostrae
1901 2789 1910 2802 ,

1118 2823 1215 2850 mentis
1236 2822 1372 2849 vinculum
1384 2841 1391 2853 ,
1419 2820 1534 2848 ﬁducite
1545 2826 1624 2847 causa
1635 2839 1644 2852 ,
1659 2824 1721 2853 spes
1731 2838 1739 2850 ,
1750 2816 1823 2844 salus
1832 2835 1840 2849 ,
1857 2814 1914 2845 lux,

1121 2869 1175 2902 vita
1194 2874 1244 2897 est.
1263 2868 1292 2895 Si
1312 2875 1370 2895 cum
1386 2867 1436 2895 hoc
1450 2865 1582 2894 sacriﬁcio
1602 2864 1647 2892 illo
1659 2863 1805 2902 abierimus
1819 2882 1828 2896 ,
1851 2868 1914 2888 cum
