2046 3114
176 129 226 158 305

175 186 268 214 fiducia
283 193 359 213 sacra
376 185 420 213 illa
436 185 566 213 vestibula
583 185 729 218 adibimus,
753 186 827 220 quasi
852 185 962 220 quibus-

175 233 233 259 dam
255 231 346 258 aureis
366 231 450 257 armis
471 230 591 258 instructi
613 231 739 265 undique.
756 230 857 266 Ecquid
878 231 965 258 futura

175 277 254 304 dico?
276 276 324 303 Hic
339 277 410 303 enim
425 276 471 303 tibi
488 280 586 303 terram
603 276 697 302 cadum
722 276 783 303 facit
800 277 850 303 hoc
866 282 965 311 myste-

176 324 252 350 rium.
274 322 356 357 Aperi
371 330 434 357 ergo
448 322 507 349 ewli
522 326 611 356 portas
622 327 648 348 et
661 322 797 356 perspice;
813 322 866 348 imo
880 322 967 356 potius

176 376 228 396 non
241 367 301 395 οξειί
315 388 322 399 ,
337 367 384 395 sed
405 368 461 394 caeli
476 367 622 398 caelorum,
646 372 672 394 et
695 371 757 393 tunc
779 366 881 393 videbis
903 366 966 393 illud

175 415 244 451 quod
258 414 358 442 dictum
374 419 423 442 est.
441 414 518 447 Quod
535 414 605 440 enim
621 414 674 440 illic
690 414 808 440 omnium
832 413 967 446 pretiosis-

175 464 269 491 sinuun
284 467 343 495 est;
356 462 405 489 hoc
419 462 465 489 tibi
478 462 503 488 iu
519 467 587 488 term
600 461 692 495 jacens
707 460 871 486 monstrabo.
895 459 968 487 Siettt

175 510 243 537 enim
259 509 286 536 in
301 509 373 543 regia
386 508 457 543 quod
470 508 587 535 omnium
605 506 900 541 magniﬁcentissumum
913 510 966 539 est,

175 563 228 583 non
251 555 320 582 muri
335 559 415 587 sunt,
441 562 493 581 non
518 558 617 580 tectum
637 561 769 586 aureum,
794 552 839 579 sed
865 552 967 587 regium

175 609 271 637 corpus
292 601 318 628 in
333 601 400 628 solio
424 600 521 627 sedens
539 610 545 627 :
560 600 599 627 sic
612 604 638 626 ct
651 599 678 626 in
698 599 774 626 caelis
788 599 889 633 regium
905 606 966 626 cor-

177 655 234 683 pus.
260 647 315 675 Sed
329 647 379 675 hoc
400 654 470 674 nunc
494 646 539 674 libi
569 646 630 673 licet
654 646 679 673 in
705 650 774 673 terra
789 645 888 672 videre.
910 644 967 672 Non

176 695 246 722 enim
265 694 375 729 angelos
385 715 391 724 ,
407 701 461 720 non
482 692 668 727 areliangelos,
683 699 737 718 non
749 692 829 718 cmlos
844 696 870 718 et
886 691 967 718 caelos

177 742 301 769 caelorum
313 762 320 773 ,
335 740 382 767 sed
397 740 483 775 ipsum
500 739 546 766 libi
571 739 664 765 horum
681 738 819 765 Dominum
844 737 966 764 ostendo.

180 788 299 816 Vidistin‘
313 787 447 822 quomodo
462 786 488 812 id
502 807 509 818 ,
523 785 595 820 quod
614 785 731 812 omnium
746 784 967 819 pretiosissimum

178 840 216 863 est
227 855 234 867 ,
250 834 277 861 in
291 838 364 861 terra
386 832 534 867 respicias?
548 838 634 866 neque
647 830 722 857 vides
738 835 837 856 tantum
851 851 857 861 ,
873 829 919 856 sed
942 834 968 856 et

179 880 279 916 tangis;
293 886 343 906 nec
359 878 444 913 tangis
459 882 571 909 tantum,
588 876 635 904 sed
649 876 729 903 etiam
746 875 864 902 comedis
874 896 880 906 ,
895 880 921 901 et
936 883 968 902 eo

179 930 289 960 accepto
301 925 411 952 domum
432 923 585 950 reverteris.
603 921 734 956 Absterge
748 921 827 956 igitur
840 921 966 952 animum,

179 978 296 1006 przepara
311 974 428 997 mentem
443 968 475 996 ad
491 969 585 995 horum
612 967 801 1002 mysteriorum
816 966 967 1000 perceptio-

179 1024 248 1044 nem.
266 1015 370 1043 Etenim
387 1015 409 1041 si
428 1014 500 1049 regis
514 1013 584 1040 filitts
598 1020 658 1039 cum
673 1016 785 1043 ornatu,
805 1019 920 1046 purpura
942 1016 967 1037 et

177 1062 325 1090 diademate
349 1060 518 1088 concreditus
541 1058 588 1086 tibi
601 1063 672 1085 esset
693 1057 855 1092 gestandus,
878 1057 967 1083 omnia

177 1116 234 1143 quae
253 1112 316 1135 sunt
328 1108 354 1134 in
369 1112 438 1134 terra
452 1106 606 1140 abjeeisses.
623 1104 698 1131 Nunc
712 1109 801 1131 autem
816 1111 867 1129 non
884 1103 965 1129 filium

178 1155 262 1190 regis.
274 1154 321 1181 sed
338 1154 424 1188 ipsum
441 1152 487 1179 Dei
511 1151 609 1178 Filium
626 1150 790 1184 unigenitum
813 1149 965 1183 accipiens,

176 1208 228 1228 non
248 1199 432 1231 exliorrescis,
446 1197 488 1225 die
503 1196 567 1224 mihi
581 1217 588 1229 ,
608 1201 635 1223 et
659 1203 711 1223 non
729 1202 835 1222 omucttt
859 1194 968 1221 saccum-

705 128 735 157 ΙΝ
755 128 864 157 EPIST.
886 128 895 156 l
929 129 975 157 AD
994 130 1072 158 (ΞΟΠ.
1094 130 1209 159 ιιοΜιι.
1234 131 1316 161 XXV.

1761 142 1816 171 906

1021 189 1088 215 rium
1104 197 1192 215 rerum
1207 197 1325 218 amorem
1339 192 1442 227 abjicis,
1455 202 1540 230 neque
1556 196 1602 223 illo
1618 201 1719 227 tantum
1731 207 1810 227 orna-

1023 238 1049 259 lu
1064 234 1186 268 gloriaris
1199 243 1205 265 ;
1221 236 1266 262 sed
1281 236 1367 264 adhuc
1383 238 1407 264 in
1425 243 1523 268 terram
1539 242 1651 276 respicis
1663 263 1671 274 ,
1685 246 1813 277 pecunias

1022 285 1096 304 antas
1109 283 1136 305 et
1150 287 1216 305 auro
1231 280 1336 308 iunias?
1352 290 1462 318 ecquam
1480 285 1618 314 habiturus
1639 295 1667 315 es
1685 289 1812 316 veniam?

1020 332 1099 358 quam
1115 326 1332 354 exeusatiOnem?
1345 328 1401 357 Non
1417 330 1490 358 vides
1505 337 1633 366 quantum
1653 334 1806 362 surcularem

1021 377 1127 397 omnem
1142 374 1363 407 magnificentiam
1387 383 1526 405 aversetur
1550 379 1697 407 Dominus?
1722 389 1810 408 nonne

1021 414 1080 442 ideo
1096 423 1154 443 eum
1167 422 1244 444 natus
1260 425 1340 452 esset,
1354 421 1378 447 iu
1396 423 1506 458 prmsepi
1523 425 1624 458 positus
1638 431 1688 458 est,
1705 431 1732 453 et
1755 435 1811 453 ma-

1021 466 1088 488 trem
1103 464 1206 497 accepit
1219 465 1277 491 vilis
1288 466 1468 494 conditionis?
1481 478 1567 496 nonne
1583 471 1642 498 ideo
1655 472 1760 499 dicebat
1775 475 1811 506 ei,

1021 509 1065 542 qui
1085 508 1117 535 ad
1139 517 1286 544 cauponam
1301 513 1461 547 respiciebat
1476 524 1482 541 :
1498 515 1582 543 Filius
1604 522 1686 544 autem
1702 519 1811 546 hominis

1020 563 1070 581 non
1084 556 1157 582 liabet
1173 556 1213 583 ubi
1227 562 1302 592 caput
1314 559 1415 586 reclinet
1428 560 1531 595 (Malllt.
1549 562 1574 589 8.
1590 563 1654 599 20)?
1665 564 1732 598 Quid
1748 573 1811 592 vero

1024 600 1162 636 discipuli?
1176 611 1264 629 nonne
1273 604 1392 631 eamdem
1408 607 1549 634 servabant
1565 608 1659 643 legem.
1673 610 1697 636 in
1714 618 1808 646 paupe-

1022 654 1080 672 rum
1095 647 1187 674 domos
1201 647 1379 682 diversantes,
1393 651 1461 678 alius
1476 652 1582 686 quidem
1595 655 1663 687 apud
1675 660 1806 686 sutorem.

1020 691 1088 717 alius
1102 692 1170 728 apud
1189 693 1421 722 tabernaculorum
1441 697 1562 730 opificem
1575 702 1602 725 et
1622 700 1691 734 apud
1708 709 1807 736 purpu-

1021 737 1116 763 rat-iant
1128 737 1137 763 Ρ
1149 745 1200 764 non
1216 739 1287 765 enim
1300 739 1394 767 doutus
1409 741 1589 775 splendorem,
1601 744 1647 770 sed
1663 746 1811 773 animarum

1022 782 1134 809 virtutes
1159 784 1324 818 qua‘rcbanl.
1350 785 1404 813 llos
1429 787 1517 821 itaque
1540 792 1567 814 et
1588 796 1637 815 nos
1659 789 1777 817 imitetur
1805 801 1811 817 :

1021 828 1246 862 pulchritudinem
1262 831 1445 859 columnarutn
1469 837 1495 859 et
1516 841 1678 861 marmonum
1701 841 1811 869 praster-

1021 878 1178 907 currentes,
1203 882 1314 910 superas
1336 884 1400 903 vero
1422 879 1576 906 mansiones
1592 887 1762 914 (llllBl‘ClllCS;
1785 887 1812 909 et

1021 926 1127 947 omnem
1140 919 1235 947 fastum
1247 922 1390 949 humanum
1402 924 1536 951 calcemus
1555 933 1614 952 cum
1637 927 1809 961 pecuniarum

1021 965 1183 999 cupiditate,
1206 966 1342 1001 altumque
1364 975 1471 995 sensum
1493 977 1670 998 assumamus.
1689 972 1715 999 Si
1740 973 1811 999 enim

1021 1012 1155 1046 sapienter
1169 1013 1354 1052 attendamus,
1373 1022 1458 1049 neque
1473 1016 1586 1043 mundus
1608 1018 1650 1044 liie
1672 1018 1748 1046 nobis
1769 1019 1811 1046 di-

1021 1065 1087 1091 gnus
1097 1062 1146 1089 est,
1161 1058 1257 1084 nedqu
1269 1060 1387 1093 porticus
1402 1066 1427 1087 et
1439 1061 1603 1089 ambulacra.
1620 1063 1811 1097 Quamobrem,

1022 1110 1097 1137 rogo,
1111 1103 1226 1130 animam
1253 1109 1372 1131 uestram
1389 1113 1514 1132 ornemus
1526 1128 1532 1138 ,
1551 1107 1618 1134 hanc
1631 1108 1739 1135 domum
1762 1117 1811 1143 np-

1022 1156 1164 1181 paretnus,
1190 1157 1239 1183 qua
1265 1150 1344 1176 etiam
1360 1156 1469 1185 accepta
1489 1152 1550 1179 hinc
1565 1153 1757 1188 migrabimus,
1784 1160 1813 1181 ut

1021 1198 1119 1219 a-terna
1132 1193 1198 1221 bona
1211 1202 1418 1229 consequantur,
1434 1197 1516 1231 gratia
1533 1202 1559 1224 et
1576 1198 1746 1234 benignitate,
1759 1206 1811 1228 etc.

182 1260 1814 1275 Ma

826 1296 997 1329 HOMILIA
1025 1297 1126 1328 XXV.

176 1375 240 1403 Cu.
257 1374 302 1403 10.
317 1382 343 1402 v.
358 1374 403 1402 25.
421 1374 503 1401 Omne
512 1372 579 1409 quod
598 1372 625 1399 in
639 1370 746 1398 macello
760 1370 844 1402 venit,
859 1367 968 1395 mandu-

228 1426 284 1449 cate
295 1442 303 1454 ,
327 1420 393 1448 nihil
404 1421 587 1454 interrogantes
599 1422 702 1453 propter
716 1415 906 1444 conscientiam.

212 1468 237 1495 l.
253 1466 321 1495 Cum
344 1466 458 1494 dixisset.
472 1464 639 1499 impossibile
654 1470 715 1491 esse
739 1462 849 1489 calicem
862 1459 968 1487 Domini

177 1512 268 1540 bibere
280 1517 308 1539 et
321 1511 432 1539 calicem
447 1509 640 1537 dzemoniorum
652 1528 659 1541 ,
675 1511 703 1535 et
720 1506 824 1542 penitus
843 1504 967 1532 abduxis-

183 1563 224 1586 set
234 1565 249 1584 a
262 1557 364 1585 mensis
380 1556 432 1584 illis
441 1577 449 1590 ,
463 1555 496 1583 ab
508 1554 640 1589 exemplis
654 1553 781 1585 Judaieis,
797 1560 812 1580 a
822 1550 968 1579 ratiociniis

178 1603 302 1631 humanis
315 1624 322 1635 ,
337 1610 352 1630 a
373 1601 510 1637 mysteriis
532 1599 692 1633 horrendis,
707 1598 741 1626 ab
762 1598 795 1625 iis
807 1604 866 1633 quae
888 1603 968 1631 pera-

176 1654 273 1686 guntur
288 1650 314 1677 in
329 1648 408 1677 idolis
422 1649 430 1664 ί
442 1669 450 1682 ,
466 1652 493 1675 et
507 1655 567 1683 eum
579 1647 713 1682 ingentem
729 1649 829 1672 metum
843 1643 969 1671 incussis-

177 1701 233 1728 set;
248 1703 281 1723 ne
296 1695 341 1723 tali
356 1699 430 1723 metu
443 1694 503 1722 illos
517 1694 550 1721 ad
560 1693 631 1720 aliud
645 1697 796 1720 extremum
809 1690 968 1725 impelleret,

179 1746 204 1769 et
218 1741 313 1777 majori
330 1748 410 1776 quam
430 1748 479 1776 par
495 1743 567 1767 esset
593 1743 699 1766 utentes
712 1737 868 1766 curiositate
890 1743 969 1771 coge-

180 1792 268 1815 rentur
291 1787 407 1818 timere,
431 1793 465 1813 ne
487 1786 552 1820 ipsis
575 1784 759 1819 ignorantibus
784 1781 884 1817 aliquid
917 1781 969 1808 tale

179 1834 352 1861 inveheretur
376 1836 422 1859 aut
444 1840 476 1860 ex
500 1831 558 1859 foro
583 1835 629 1858 aut
650 1830 776 1862 aliunde,
799 1829 872 1864 ipsos
892 1835 907 1855 a
924 1826 969 1854 tali

177 1879 337 1907 necessitate
347 1878 464 1913 eripiens
478 1877 514 1904 ait
531 1885 537 1904 :
552 1875 642 1909 Omne,
652 1876 719 1911 quod
733 1875 759 1902 in
773 1874 878 1901 macello
892 1873 968 1906 venit,

176 1925 346 1955 manducata,
360 1924 426 1951 nihil
437 1924 630 1958 interrogantes.
645 1921 673 1949 Si
685 1921 757 1948 enim
774 1920 909 1955 ignorans,
925 1919 968 1946 in-

177 1970 246 2006 quit,
265 1969 413 1997 comederis
425 1972 453 1996 et
476 1967 618 2000 nesciens,
632 1974 685 1994 non
704 1974 733 1994 es
748 1965 880 1993 obnoxius
903 1972 968 1999 sup-

177 2015 278 2051 plicio;
294 2022 353 2042 nam
369 2014 526 2049 ignorantia:
541 2013 669 2047 deinceps
682 2019 727 2040 res
739 2015 797 2044 est,
814 2018 867 2038 non
884 2010 969 2046 inglu-

177 2062 240 2089 viei.
256 2061 347 2096 Neque
361 2061 395 2088 ab
418 2060 468 2088 hac
489 2063 590 2087 tantum
612 2059 671 2086 illos
690 2057 832 2085 formidine
853 2057 966 2089 liberat,

177 2107 225 2134 sed
240 2106 274 2134 ab
287 2106 337 2133 alia
353 2113 474 2141 quoque,
488 2105 598 2133 multam
611 2105 663 2132 illis
674 2104 825 2132 libertatem
840 2103 970 2131 securita-

177 2157 288 2187 temque
302 2159 433 2187 apparans
448 2159 455 2177 :
472 2158 559 2186 neque
580 2150 651 2178 enim
672 2150 821 2185 dijudicare
840 2149 969 2184 permittit

174 2199 233 2227 sive
255 2199 409 2227 examinare
421 2202 448 2225 et
462 2197 592 2225 sciScitari
604 2218 612 2230 ,
629 2205 662 2224 an
682 2196 859 2232 idolothytum
878 2196 913 2223 sit
933 2204 968 2223 an

176 2252 228 2272 non
242 2253 249 2276 ;
264 2244 313 2272 sed
329 2243 559 2271 indiscriminatim
575 2242 716 2270 comedere
731 2241 859 2277 quidquid
867 2249 899 2269 ex
911 2241 968 2269 foro

173 2291 299 2322 aﬂ‘ertur,
313 2298 400 2325 neque
413 2290 517 2317 discere
529 2288 595 2324 quid
609 2289 645 2316 sit
660 2288 686 2316 id
709 2288 780 2324 quod
793 2287 937 2323 apponitur
960 2297 967 2315 :

174 2337 244 2364 unde
268 2336 301 2363 lit
315 2340 344 2363 ut
363 2335 409 2371 qui
428 2335 553 2370 ignorans
572 2334 720 2363 comederit
739 2335 878 2362 liberetur.
895 2334 968 2362 Talia

173 2382 244 2409 enim
260 2385 327 2409 sunt
347 2389 407 2416 quae
422 2386 515 2408 natura
531 2388 584 2408 non
598 2384 661 2408 sunt
675 2381 745 2408 mala
756 2400 764 2414 ,
778 2380 825 2408 sed
845 2388 877 2408 ex
893 2380 964 2415 cogi-

174 2428 275 2455 tatione
298 2427 362 2463 quid
389 2426 555 2454 immttndum
577 2426 686 2454 faciunt.
712 2426 858 2461 Propterea
883 2425 967 2459 dicit,

174 2472 248 2500 Nihil
262 2473 459 2506 interrogantes.
474 2472 517 2499 26.
535 2471 600 2498 Nam
616 2471 720 2499 Domini
730 2476 766 2498 cst
777 2476 844 2498 terra
853 2476 877 2498 et
888 2471 968 2507 pleni-

172 2520 231 2547 tudo
241 2520 311 2555 ejus,
321 2526 373 2546 non
385 2518 588 2546 damoniorum.
600 2517 675 2551 Quod
686 2517 709 2545 si
725 2523 806 2549 terra,
816 2517 928 2548 fructus,
941 2521 969 2544 et

172 2566 247 2593 bruta
263 2566 326 2600 ejus
341 2566 443 2598 omnia,
459 2565 525 2592 nihil
543 2565 641 2593 habent
654 2563 821 2592 immundum
834 2572 842 2591 :
853 2563 900 2591 sed
914 2564 967 2591 alio

171 2612 251 2639 modo
269 2610 438 2638 immundum
452 2610 566 2638 efﬁcitur
584 2619 616 2638 ex
629 2611 792 2646 cogitatione
807 2615 834 2638 et
852 2618 885 2637 ex
910 2610 968 2637 ino-

172 2657 308 2685 bcdientia
326 2665 333 2684 :
346 2656 409 2684 ideo
419 2664 473 2684 non
487 2657 566 2684 modo
575 2656 704 2691 permisit,
719 2656 766 2684 sed
776 2656 867 2688 etiam,
879 2656 923 2683 27.
937 2655 967 2682 Si

171 2703 240 2737 quis,
255 2703 365 2738 inquit,
381 2709 425 2729 vos
440 2702 661 2736 uocatinﬁdelium
672 2723 679 2734 ,
695 2707 719 2729 et
730 2702 804 2729 vultis
817 2702 854 2730 ire
865 2721 872 2734 ,
893 2709 967 2728 omne

171 2749 237 2782 quod
256 2749 327 2777 vobis
353 2749 493 2783 apponitur
513 2749 681 2783 manducate,
699 2749 764 2776 nihil
786 2750 966 2784 interrogantes

186 2846 189 2849 _
201 2815 208 2849 ξ
227 2814 330 2840 savilius
341 2814 477 2849 legendum
489 2817 571 2849 putat,
584 2813 608 2839 in
620 2814 713 2849 templis
729 2815 859 2845 idolorum,
874 2818 899 2839 et
910 2814 963 2839 haec

171 2845 266 2873 ridetur
280 2853 338 2874 vera
350 2844 436 2872 le'ctio.
449 2844 496 2870 Sed
503 2844 635 2872 reclamant
646 2845 709 2871 Editi
722 2850 747 2870 et
760 2850 813 2870 Mss.

1023 1374 1126 1404 propter
1154 1372 1342 1401 conscientiam.
1370 1374 1434 1403 Vide
1460 1383 1553 1404 rursus
1578 1376 1813 1405 moderationem:

1024 1423 1109 1449 neque
1123 1416 1194 1443 enim
1204 1418 1283 1451 jussit
1296 1420 1338 1446 vel
1354 1421 1480 1456 prlecepit
1495 1422 1579 1455 abire,
1593 1423 1640 1450 sed
1654 1430 1741 1458 neque
1753 1431 1814 1459 pro-

1024 1460 1109 1488 hibuit
1125 1469 1131 1487 :
1150 1463 1325 1492 abscedentes
1336 1473 1430 1493 rursus
1445 1467 1479 1494 ab
1491 1468 1564 1495 omni
1578 1469 1730 1504 suspicione
1744 1469 1812 1497 libe-

1022 1512 1073 1534 rat.
1090 1508 1197 1542 Quare?
1209 1509 1249 1537 Ne
1262 1510 1397 1539 videretur
1411 1520 1425 1539 a
1440 1518 1512 1541 metu
1527 1518 1573 1541 aut
1588 1515 1730 1543 formidine
1752 1523 1813 1543 esse

1023 1558 1093 1580 tanta
1103 1556 1247 1583 accuratio.
1259 1556 1323 1583 Nam
1331 1558 1375 1593 qui
1384 1559 1489 1587 curiose
1498 1560 1618 1596 inquirit,
1629 1561 1706 1596 quasi
1717 1561 1814 1589 timens

1023 1598 1074 1626 hoc
1094 1599 1181 1627 facit:
1206 1601 1250 1635 qui
1271 1606 1359 1629 autem
1384 1608 1525 1639 postquam
1548 1606 1650 1633 audivit
1676 1607 1813 1639 abstinet,

1022 1645 1097 1678 quasi
1110 1644 1261 1680 despiciens
1276 1652 1303 1675 et
1316 1648 1379 1676 odio
1399 1650 1500 1678 habens
1522 1655 1550 1678 et
1569 1659 1713 1685 aversaris,
1731 1652 1814 1679 absti-

1022 1695 1078 1718 net.
1094 1690 1156 1719 Ideo
1175 1692 1273 1720 Paulus
1288 1699 1430 1730 utrumque
1443 1697 1604 1725 confirmare
1617 1697 1710 1725 volens
1720 1718 1728 1730 ,
1742 1698 1780 1725 ait
1801 1706 1809 1724 :

1024 1735 1105 1763 Omne
1118 1738 1185 1772 quod
1208 1738 1276 1766 vobis
1295 1741 1433 1775 apponitur
1455 1742 1616 1770 manducate.
1638 1742 1685 1770 28.
1709 1742 1739 1770 Si
1755 1743 1812 1778 quis

1022 1787 1105 1809 autent
1119 1783 1186 1810 vobis
1200 1784 1292 1812 dixerit
1305 1805 1312 1817 ,
1341 1785 1395 1813 Hoc
1407 1787 1564 1814 immolatum
1579 1792 1614 1815 est
1628 1788 1703 1815 idolis
1713 1809 1721 1821 ,
1737 1788 1814 1815 nolite

1022 1829 1177 1856 manducare
1190 1835 1294 1866 propter
1313 1832 1387 1858 illuni
1408 1833 1450 1868 qui
1471 1833 1603 1867 indicavit.
1629 1833 1722 1868 Neque
1741 1834 1813 1861 enim

1023 1878 1156 1909 tamquam
1170 1882 1184 1901 a
1207 1876 1260 1902 vim
1280 1876 1395 1911 aliquam
1409 1877 1568 1905 habentibus
1581 1898 1593 1911 ,.
1611 1878 1660 1905 sed
1676 1882 1810 1913 tamquam

1022 1919 1057 1946 ab
1079 1921 1342 1956 exsecrandisjnbet
1365 1922 1511 1951 abstinere.
1525 1922 1617 1958 Neque
1629 1923 1708 1959 igitur
1722 1923 1757 1951 ab
1779 1923 1811 1951 iis

1022 1970 1051 1993 ut
1074 1974 1133 2001 quae
1158 1974 1256 1995 nocere
1281 1968 1383 2002 possint
1402 1968 1499 2005 fugite;
1521 1969 1620 1997 trullam
1643 1970 1742 2005 quippe
1756 1972 1809 1997 vim

1024 2013 1138 2046 habent;
1155 2021 1242 2049 neque
1254 2015 1315 2050 quia
1329 2015 1428 2043 nullam
1442 2016 1495 2043 vim
1514 2015 1633 2049 habent,
1648 2017 1811 2044 indiserimi-

1022 2059 1104 2086 natim
1121 2060 1272 2095 percipiatis
1289 2069 1296 2087 :
1311 2060 1429 2088 hostium
1451 2062 1522 2088 enim
1542 2065 1569 2089 et
1592 2062 1811 2089 inhonoratorum

1021 2113 1113 2132 mensa
1124 2110 1174 2133 est.
1187 2105 1248 2133 Ideo
1261 2106 1375 2137 dicebat.
1385 2106 1471 2134 Nolite
1484 2107 1614 2134 comedere
1626 2112 1729 2143 propter
1738 2108 1811 2135 illum

1020 2153 1064 2188 qui
1078 2152 1209 2185 indicavit,
1223 2157 1246 2179 et
1260 2157 1361 2188 propter
1373 2153 1561 2180 conscientiam.
1578 2153 1682 2180 Domini
1693 2154 1759 2181 enim
1773 2159 1810 2181 est

1021 2202 1087 2224 terra
1104 2202 1128 2224 et
1150 2197 1280 2232 plenitudo
1295 2198 1360 2233 ejus.
1383 2198 1476 2225 Viden‘
1491 2197 1626 2234 quomodo
1641 2203 1666 2226 et
1681 2206 1741 2225 crint
1765 2206 1812 2226 eo-

1021 2244 1129 2271 medere
1140 2243 1234 2279 jubet,
1249 2248 1277 2270 et
1291 2252 1350 2271 cum
1366 2244 1503 2272 abstinere
1515 2265 1523 2277 ,
1537 2244 1607 2272 idem
1627 2245 1810 2272 testimonium

1021 2289 1048 2317 in
1068 2289 1184 2317 medium
1211 2289 1348 2317 adducat?
1370 2289 1461 2325 Neque
1484 2290 1555 2318 enim
1580 2290 1640 2318 ideo
1660 2290 1810 2325 prohibeo,

1021 2335 1122 2370 inquit.
1137 2335 1212 2370 quasi
1227 2334 1314 2362 aliena
1329 2335 1400 2368 sint;
1413 2343 1473 2363 nam
1489 2335 1592 2363 Domini
1604 2340 1645 2363 est
1658 2341 1748 2368 terra;
1765 2336 1811 2363 sed

1023 2384 1132 2416 propter
1146 2379 1172 2407 id
1186 2380 1257 2415 quod
1272 2380 1393 2408 dicebam
1404 2401 1411 2413 ,
1429 2386 1539 2416 propter
1557 2381 1767 2414 conscientiam;
1785 2382 1810 2409 id

1021 2431 1079 2459 est,
1092 2434 1125 2454 ne
1138 2425 1253 2453 laedaris.
1265 2425 1376 2461 Oportet
1383 2433 1447 2462 ergo
1457 2426 1564 2454 curiose
1577 2427 1713 2461 inquirere
1721 2427 1733 2454 ?
1741 2427 1809 2458 Non,

1022 2473 1107 2507 inquit
1120 2480 1127 2498 :
1143 2479 1228 2507 neque
1241 2472 1312 2499 enim
1327 2476 1398 2498 tuam
1414 2472 1468 2499 dixi
1481 2472 1673 2500 conscientiam
1687 2493 1695 2505 ,
1709 2473 1756 2500 sed
1778 2474 1810 2500 il-

1021 2518 1083 2545 lius.
1095 2517 1172 2544 Prius
1185 2517 1255 2544 enim
1278 2517 1348 2549 dixi,
1366 2516 1477 2551 Propler
1490 2517 1564 2544 illum
1576 2517 1619 2552 qui
1632 2518 1753 2545 indicavit
1761 2525 1772 2550 ;
1784 2523 1809 2546 et

1021 2571 1114 2591 rurstts
1130 2573 1136 2589 :
1151 2563 1194 2591 29.
1212 2563 1396 2591 Conscientiam
1411 2564 1468 2590 dico
1478 2572 1528 2591 non
1543 2569 1624 2597 luant,
1637 2565 1682 2593 sed
1694 2566 1809 2593 alterius.

1020 2610 1075 2637 Sed
1090 2609 1158 2638 forte
1170 2609 1267 2637 dixerit
1279 2610 1410 2645 quispiam
1424 2618 1430 2636 :
1448 2610 1585 2637 Fratribus
1598 2612 1694 2638 merito
1707 2613 1807 2647 parcis,

1020 2661 1048 2684 et
1074 2663 1126 2683 non
1149 2655 1215 2683 sinis
1239 2663 1289 2683 nos
1312 2661 1420 2691 gustare
1440 2661 1550 2692 propter
1565 2656 1643 2690 illos;
1659 2665 1694 2686 ue
1716 2665 1808 2685 eorum

1019 2701 1183 2729 conscientia
1195 2709 1255 2728 cum
1270 2701 1304 2728 sit
1316 2702 1421 2729 infirma
1432 2723 1440 2736 ,
1456 2703 1598 2730 inducatur
1612 2703 1645 2731 ad
1665 2704 1809 2731 comeden-

1020 2749 1082 2777 dum
1098 2756 1129 2776 ea
1141 2769 1148 2780 ,
1164 2756 1223 2783 quae
1235 2748 1315 2776 idolis
1326 2754 1389 2777 sunt
1403 2750 1538 2777 immolata
1563 2759 1569 2777 :
1586 2750 1607 2777 si
1624 2757 1689 2777 vero
1702 2750 1808 2784 gentilis

1008 2786 1151 2830 ‘qnispiam
1163 2794 1241 2821 fuerit
1253 2816 1260 2827 ,
1276 2795 1338 2830 quid
1355 2795 1400 2822 tibi
1416 2803 1487 2823 cura:
1502 2796 1562 2823 est?
1577 2803 1664 2823 nonne
1685 2800 1712 2821 tu
1731 2795 1806 2822 diec-

1019 2841 1066 2868 bas
1079 2861 1086 2873 ,
1103 2840 1171 2873 Quid
1192 2840 1258 2867 enim
1280 2841 1341 2868 milii
1355 2841 1385 2868 de
1410 2841 1440 2869 iis
1461 2841 1503 2877 qui
1517 2841 1580 2877 [oris
1603 2845 1660 2868 sunt
1682 2835 1807 2871 judicare
