1989 3124
235 114 287 142 εστ

238 171 277 206 (l.
287 169 346 198 Cor.
362 169 389 198 5.
405 167 449 203 12)
459 167 472 195 ἵ
484 175 532 195 cur
546 174 610 201 ergo
621 172 715 193 rursus
726 164 760 192 de
771 163 822 191 illis
836 170 928 190 curam
939 161 1028 197 geris?

238 216 295 243 Non
309 215 391 246 illius,
402 213 499 249 lnquit,
515 211 562 240 sed
576 212 656 239 etiam
671 210 715 237 hic
729 209 766 236 tui
779 215 870 236 curam
881 206 1029 243 geroneo

238 262 375 297 Subiunxit
397 270 403 288 :
421 259 455 289 Ut
475 260 536 294 quid
559 259 625 286 cnim
651 257 753 285 libertas
772 263 828 283 mea
847 255 982 290 judicatur
999 252 1029 280 ab

239 310 323 336 aliena
332 308 485 336 conscientia
496 306 508 333 ?
519 306 667 334 libertatem
676 304 779 335 dicens,
789 302 859 338 quod
873 309 924 329 non
938 301 1031 328 obsor-

241 359 316 382 retur
331 361 417 388 neque
429 352 604 388 prohibeatur
624 359 631 378 :
654 348 706 377 hoc
719 349 791 377 enim
808 348 919 375 libertas
934 351 993 379 est,
1015 354 1030 373 a

239 399 350 428 Iudaica
376 398 505 426 servitute
529 396 652 423 liberata.
674 395 731 422 Hoc
752 399 840 422 autem
855 394 910 421 vult
926 391 1030 428 signiﬁ-

240 453 302 473 care
319 454 325 472 :
342 445 454 472 liberttm
476 451 520 470 me
538 441 601 469 fecit
628 442 698 468 Deus
710 462 718 474 ,
733 445 759 468 et
776 439 849 467 omni
870 439 1031 466 documento

240 491 422 526 superiorem;
438 489 484 517 sed
494 489 584 516 nescit
597 488 703 523 gentilis
716 488 749 514 de
765 494 823 514 mea
836 486 956 520 judicare
972 483 1031 518 phi-

240 535 372 572 luSuphia,
387 543 473 571 neque
485 535 589 562 Domini
601 534 653 561 mei
670 533 855 560 liberalitatem
869 530 1031 566 perspicere.

241 583 287 611 sed
303 581 493 610 condemnabit
509 585 535 608 et
549 580 617 616 apud
634 587 663 607 se
684 578 756 606 dicet
770 587 775 604 :
793 577 900 605 Fabula:
914 580 977 604 sttnt
990 582 1033 602 res

240 628 453 656 Christianorum
468 636 475 654 :
489 627 625 655 abstinent
645 625 679 653 ab
701 625 779 652 idolis
787 645 798 656 ,.
814 623 918 659 iugiunt
929 623 1033 650 dme-

241 682 289 701 nas
301 695 307 706 ,
324 679 351 702 et
366 673 469 700 hmreut
484 672 517 700 iis
530 680 590 706 qua:
611 670 663 698 illis
681 670 831 697 offeruntur
845 677 852 694 :
868 669 940 703 viget
958 666 1033 701 apud

242 720 302 747 illos
317 719 386 754 gula.
403 719 437 747 Et
450 718 512 753 quid
528 721 583 744 tmn
597 738 604 749 ,
621 716 742 752 inquies?
752 715 815 751 quid
831 714 908 742 nobis
923 713 1011 746 damni
1025 734 1031 746 ,

241 765 263 792 si
287 765 331 792 ille
345 765 414 791 male
436 764 535 799 judicet
548 763 559 790 ?
573 763 678 797 Quanto
693 767 783 789 autem
806 760 905 787 melius
919 767 971 786 non
995 758 1033 785 illi

242 810 411 838 occasionem
433 809 498 836 dare
513 813 541 836 ut
553 808 655 843 judice].
665 807 678 834 ?
690 807 711 834 si
726 807 797 834 enim
820 805 957 833 abstineas
967 825 974 836 ,
1000 811 1034 831 ne

244 857 301 883 lucc
310 856 415 891 quidem
428 855 506 883 dicet.
521 854 670 889 Quomodo,
683 854 795 889 inquies,
812 861 864 880 non
877 851 965 879 dicet?
974 858 1034 878 cttm

243 902 314 930 cuitu
330 903 423 930 viderit
435 910 478 930 me
492 901 550 929 lucc
565 909 617 928 non
628 901 791 932 examinare,
807 907 859 926 non
873 899 900 926 in
911 897 1033 929 macello,

244 956 296 976 non
310 948 335 975 in
349 947 472 975 convivio
485 968 492 979 ,
506 946 642 982 quomodo
656 954 710 974 non
723 945 795 973 dicet
815 952 903 980 neque
920 944 1036 971 damna-

243 995 298 1027 bit,
314 999 342 1021 ut
359 995 404 1030 qui
427 993 673 1021 .indiscriminatim
696 992 791 1019 horum
809 991 942 1026 particeps
963 990 1035 1018 sim?

243 1041 417 1075 Nequaquam
433 1049 440 1067 :
456 1048 543 1076 neque
558 1040 631 1068 enim
651 1039 709 1066 hinc
724 1044 859 1073 tulitquam
885 1038 963 1065 idolis
984 1037 1036 1065 im-

245 1088 342 1115 molata
366 1087 505 1120 comedis,
529 1087 576 1114 sed
601 1092 735 1121 tamquam
761 1085 860 1113 munda
876 1093 882 1112 :
898 1085 922 1112 si
945 1089 1033 1112 autem

245 1141 298 1160 non
314 1133 419 1160 curiose
439 1132 551 1168 inquiris
563 1153 570 1163 .
586 1131 639 1160 hoc
653 1131 718 1159 facis
732 1136 758 1158 ttt
774 1131 900 1158 ostendas
914 1135 940 1158 te
952 1137 1037 1165 appo-

245 1178 295 1205 sita
308 1186 360 1205 non
374 1178 479 1206 timere.
493 1178 637 1212 Propterea
652 1177 709 1205 sire
721 1178 747 1204 in
762 1176 870 1204 domttm
881 1177 1037 1204 Grareornm

248 1223 406 1258 ingrediaris
419 1244 426 1256 ,
443 1223 500 1250 sive
516 1223 541 1250 itt
558 1222 645 1250 forum
660 1222 768 1250 veneris
778 1243 786 1255 ,
801 1229 853 1249 non
868 1223 994 1257 permitto
1012 1225 1039 1249 te

248 1268 379 1296 sciscitari
394 1289 402 1302 ,
416 1275 450 1296 ne
465 1267 606 1302 strepitum
622 1268 726 1298 timeas,
747 1267 788 1294 vel
802 1266 956 1301 impliccris,
971 1274 1039 1294 neve

250 1314 423 1349 percellaris,
448 1321 517 1341 neve
541 1313 590 1340 tibi
615 1312 749 1347 snperﬁua
774 1312 895 1347 praebeas
921 1312 1038 1347 negotia.

247 1360 291 1388 50.
323 1359 354 1387 Si
377 1367 422 1395 ego
447 1367 505 1386 cum
522 1358 606 1395 gratia
626 1358 773 1393 participe,
793 1357 854 1392 quid
876 1357 1040 1392 biaaphemor

241 1414 293 1440 pro
305 1413 334 1433 ea
354 1405 421 1440 quod
439 1404 536 1441 gratias
554 1403 623 1440 ego?
636 1403 728 1438 Cujus,
744 1410 836 1437 quaeso
851 1407 890 1435 te,
906 1402 1040 1436 particeps

246 1453 297 1480 es?
312 1452 360 1480 Dei
373 1451 504 1479 donorum
519 1450 597 1485 :ejus
610 1450 682 1478 enim
692 1449 776 1484 gratia
791 1453 863 1476 tanta
877 1452 927 1481 est,
943 1452 973 1475 ut
983 1448 1041 1474 ani-

248 1507 319 1526 mam
340 1505 431 1525 meam
446 1496 543 1525 reddat
555 1495 725 1530 impollutam
748 1499 775 1522 et
789 1494 862 1522 omni
878 1494 982 1521 macula
994 1500 1040 1521 su-

248 1544 394 1579 periorem.
406 1541 637 1577 Quemadmodum
651 1541 723 1568 enim
736 1539 776 1567 sol
793 1539 882 1567 radios
896 1539 1041 1567 immittens

249 1590 275 1616 in
291 1589 388 1616 multas
399 1587 536 1620 maculas,
557 1593 655 1614 rursus
668 1585 729 1613 illos
748 1585 880 1620 recolligit
890 1584 1007 1612 mundos
1032 1593 1040 1611 :

249 1635 286 1662 ita
298 1639 326 1662 et
341 1641 400 1666 nos,
412 1638 442 1662 et
456 1633 541 1661 multo
554 1632 640 1667 magis
655 1633 682 1660 in
691 1632 780 1659 medio
789 1631 880 1658 mundi
889 1635 1039 1663 versantes,

251 1680 310 1715 puri
327 1686 477 1712 maxumus,
491 1679 515 1706 si
531 1678 646 1706 velimus
656 1698 664 1712 ,
680 1685 735 1712 quo
747 1677 829 1705 etiam
843 1676 896 1704 vim
908 1675 1043 1704 habemus

250 1727 391 1762 majorem.

285 1771 312 1799 2.
334 1771 388 1799 Cur
401 1770 576 1806 orgorinqnit
587 1790 594 1803 ,
609 1768 749 1797 abstines?
773 1768 830 1796 Non
843 1767 920 1803 quasi
939 1767 1044 1795 futurus

251 1820 301 1846 sint
315 1817 480 1850 immundus,
491 1816 575 1849 absit;
591 1816 638 1844 sed
653 1819 764 1851 propter
777 1814 899 1848 l'ratrcm,
913 1819 941 1842 et
951 1822 984 1842 ne
992 1814 1043 1842 sim

250 1865 340 1894 socius
365 1864 571 1896 dmmoniorum,
596 1871 667 1891 neve
682 1862 788 1898 judiccr
802 1862 835 1889 ab
857 1861 969 1890 inﬁdeli.
994 1861 1045 1889 Hic

250 1913 321 1940 cuitu
338 1920 392 1940 non
404 1911 519 1947 amplius
531 1915 636 1943 natura,
659 1909 708 1937 sed
719 1908 900 1937 inobedientia
914 1929 922 1941 ,
935 1912 962 1935 et
977 1908 1043 1935 ami-

250 1959 312 1986 citia
327 1965 390 1993 erga
405 1957 554 1990 daemonas,
567 1964 611 1984 me
619 1956 681 1983 facit
694 1955 874 1988 immundum,
890 1960 917 1982 et
931 1954 1043 1982 liberum

250 2004 391 2032 arbitrium
417 2003 537 2030 maculas
563 2006 700 2036 operatur.
725 2001 793 2034 Quid
809 2001 859 2028 sibi
884 1999 941 2027 vult
954 2004 1044 2027 alitem

248 2050 314 2077 illud
328 2049 417 2083 :Qut'd
430 2049 592 2083 blaspltemor
612 2056 657 2082 pro
666 2056 699 2074 ao
715 2047 784 2080 quod
798 2047 894 2082 gratias
906 2046 976 2082 ago!
991 2046 1046 2081 Ego

245 2095 334 2129 .enim,
344 2095 439 2130 inquit,
453 2094 553 2129 gratias
564 2100 615 2128 ago
628 2093 693 2124 Deo,
714 2092 784 2127 quod
800 2100 843 2120 me
855 2092 891 2119 ita
904 2092 1045 2120 sublimem

247 2142 357 2174 Itsoorit,
366 2145 398 2168 .et
409 2140 559 2167 humilitate
569 2138 681 2166 Judaica
692 2138 871 2173 superiorem,
886 2138 922 2166 ita
933 2143 962 2167 ut
975 2138 1046 2166 nulla

246 2196 286 2215 ex
308 2193 389 2222 parte
402 2185 509 2214 lasdar:
530 2184 644 2220 gentiles
668 2188 756 2211 autem
783 2192 869 2212 meam
892 2185 1047 2220 ignorantes

254 2232 462 2268 philosophiam,
490 2230 626 2258 contraria
649 2229 856 2264 suspicabuntur
880 2234 908 2257 et
928 2230 1046 2258 dicent:

248 2277 398 2306 Christiani
415 2280 506 2304 nostra
524 2279 669 2311 appetunt,
684 2278 713 2302 et
730 2279 793 2303 sunt
806 2275 971 2310 bg'pocritaa;
986 2283 1047 2304 mm

248 2332 314 2352 .ttttnl
329 2323 471 2351 dtemoncs
485 2322 637 2357 rituperent
651 2325 678 2348 et
690 2326 859 2354 at'erscntur,
880 2321 919 2348 ad
940 2328 1049 2349 mensas

249 2377 350 2398 eorum
368 2373 522 2402 accurrunt;
539 2368 665 2404 quoquid
676 2367 797 2395 insanius
807 2374 868 2395 esse
878 2367 982 2402 possit?
996 2374 1049 2394 non

249 2424 319 2452 ergo
333 2416 453 2444 veritatis
474 2423 554 2443 can
561 2436 572 2447 ,,
587 2415 636 2442 sed
661 2414 815 2442 ambitionis
830 2418 857 2441 et
881 2414 1051 2449 principatus

254 2463 356 2490 animis
371 2462 404 2490 ad
428 2461 479 2490 hoc
493 2461 589 2496 dogma
605 2468 635 2488 se
653 2460 838 2488 contulerunt.
859 2459 974 2493 Quantae
986 2467 1052 2494 ergo

250 2509 366 2536 ittsanire
375 2509 470 2541 ‘fuer-it,
482 2508 503 2535 si
514 2515 566 2542 pro
579 2507 632 2534 illis
645 2507 742 2542 quibus
755 2507 867 2534 affectus
876 2513 935 2534 sum
946 2506 1050 2534 beneﬁ-

251 2555 305 2582 ciis
317 2554 407 2586 tantis,
423 2558 451 2581 ut
465 2553 498 2581 de
507 2553 560 2581 illis
567 2553 671 2588 gratias
683 2560 771 2588 agam,
787 2552 961 2587 blasphemia:
971 2559 1051 2579 causa

252 2600 375 2628 fuerim?
389 2601 423 2627 'At
439 2600 495 2626 haec
508 2606 618 2634 quoque
633 2606 704 2626 nunc
714 2598 919 2630 .dioetGraccus,
937 2598 1050 2633 inquies,

252 2654 318 2674 tcum
333 2644 430 2672 viderit
444 2652 488 2672 me
503 2652 555 2671 non
567 2644 677 2672 curiose
692 2643 848 2678 inquirere?
863 2643 1050 2678 Nequaquam:

257 2698 347 2725 neque
358 2689 430 2718 enim
445 2690 534 2717 omnia
545 2689 625 2724 plena
640 2693 705 2716 sunt
719 2689 885 2724 idolothytis,
900 2694 928 2716 ut
942 2688 992 2716 hoc
1006 2696 1052 2716 sn-

261 2737 387 2773 spiceris,
403 2744 491 2772 neque
511 2741 538 2764 tn
566 2736 610 2764 illa
624 2742 652 2763 ut
667 2735 813 2771 idolothyta
835 2735 972 2771 degustes.
992 2734 1052 2762 Noli

255 2793 325 2821 ergo
335 2785 441 2813 curiose
455 2783 581 2818 indagare
592 2790 786 2817 supervacanea
796 2791 803 2814 ;
815 2790 901 2816 neque
913 2789 1014 2812 ruistis.
1030 2781 1053 2809 si

264 2832 345 2868 aliqui
357 2831 458 2865 dicant,
467 2830 546 2858 ldolis
561 2829 725 2857 immolatum
734 2833 783 2863 est,
792 2829 849 2864 eius
857 2829 894 2856 sis
904 2829 1047 2864 particeps.

587 109 615 137 s.
631 97 774 137 totum
790 105 1029 135 CHRYSOSTOHI

1095 104 1205 132 Cllllii’.
1226 104 1490 133 CONSTANTINOP.
1810 110 1855 140 103

1083 160 1148 187 Nam
1160 160 1272 195 gratiam
1283 160 1329 187 tibi
1340 160 1462 188 Christus
1471 160 1556 194 dedit,
1567 161 1759 198 sublimemque
1770 165 1856 194 tofi-cit

1083 211 1163 241 atque
1179 205 1243 233 huic
1265 205 1363 233 damno
1377 206 1556 241 superiorem,
1571 215 1623 234 non
1640 212 1668 235 ut
1681 209 1749 236 male
1765 210 1856 246 audias,

1084 260 1171 287 neque
1184 257 1223 285 ut,
1238 252 1310 280 unde
1323 257 1425 280 tantum
1439 252 1558 281 lucratus
1571 261 1602 282 es
1612 258 1642 282 ut
1655 255 1753 289 gratias
1765 263 1857 291 ageres.

1084 298 1146 326 inde
1160 297 1195 325 ita
1209 298 1277 326 alios
1288 298 1371 326 laedas
1385 303 1414 326 ut
1428 298 1624 334 blasphement.
1652 300 1707 328 Cur
1727 301 1803 335 enim,
1822 302 1857 330 iu-

1084 343 1151 378 quit,
1166 351 1219 371 non
1242 343 1304 371 dico
1322 343 1428 377 Grmco,
1445 344 1521 371 Rodo
1541 350 1568 372 et
1594 346 1657 372 nihil
1674 346 1762 379 laedor,
1784 355 1859 383 neque

1083 388 1159 423 quasi
1180 388 1331 417 dmmonum
1351 390 1453 417 amicus
1469 391 1519 417 hoc
1535 391 1602 419 facio
1613 392 1625 418 ἲ
1638 383 1704 426 Quia
1721 401 1770 420 non
1784 399 1860 428 potest

1083 435 1257 469 persuadere,
1272 436 1377 463 etiamsi
1391 436 1488 464 millies
1502 437 1576 464 dicas
1591 445 1598 464 :
1614 438 1735 466 inﬁrmus
1759 447 1862 475 namque

1084 485 1126 508 est
1140 485 1167 508 et
1176 481 1311 509 inimicus.
1329 482 1357 510 Si
1377 482 1449 510 enim
1466 483 1540 510 fratri
1562 483 1680 511 nondum
1707 485 1860 520 persuasisti,

1084 526 1169 554 multo
1189 527 1278 555 minus
1299 527 1407 556 inimico
1430 533 1457 555 et
1471 527 1565 556 Graeco
1581 530 1763 564 persuadebis.
1781 530 1806 559 Si
1825 531 1863 558 ille

1085 582 1133 609 per
1148 574 1340 602 conscientiam
1366 575 1445 603 idolis
1467 575 1597 603 immolati
1626 577 1768 610 retinetur,
1789 578 1863 605 multo

1081 621 1170 656 magis
1184 621 1308 649 inﬁdelis.
1320 621 1390 656 Quid
1401 626 1489 650 autent
1504 623 1581 650 nobis
1592 627 1644 650 tam
1655 624 1745 652 multis
1755 632 1817 659 opus
1828 629 1864 652 est

1087 666 1223 701 negotiis?
1237 666 1306 701 Quid
1322 675 1396 702 ergo,
1413 668 1475 703 quia
1490 668 1626 696 Christum
1641 670 1761 697 novimus
1772 675 1797 698 et
1806 678 1864 705 gra-

1088 713 1137 740 tias
1151 714 1265 748 agimus,
1282 713 1319 742 illi
1329 719 1417 742 autem
1431 714 1628 751 blasphemant,
1637 716 1699 744 ideo
1712 716 1746 743 ab
1756 716 1802 744 Im
1810 717 1865 745 abs-

1088 759 1247 788 tinebimus?
1261 761 1352 796 Apage
1366 770 1372 789 :
1387 769 1439 789 non
1464 762 1534 789 enim
1549 770 1595 797 par
1610 770 1654 792 res
1666 769 1707 790 est
1720 772 1727 790 :
1741 764 1792 791 illic
1803 765 1865 792 enim

1084 806 1190 834 lucrum
1205 815 1329 842 magnum
1343 812 1394 841 est,
1408 809 1478 843 quod
1491 809 1684 844 blasphemiam
1700 810 1820 843 feratuus,
1829 810 1866 838 ltic

1087 858 1175 880 autem
1188 853 1255 880 nihil
1263 854 1316 881 erit
1327 854 1403 881 lucri.
1415 854 1475 882 Ideo
1488 855 1562 890 prius
1574 856 1680 884 dicebat
1713 857 1798 891 Neque
1810 857 1868 884 enim

1086 898 1109 924 si
1116 899 1309 932 manducamus,
1321 900 1491 935 abundamus;
1502 910 1581 937 neque
1589 903 1611 929 si
1621 911 1670 930 non
1685 904 1866 936 manducamus,

1089 942 1218 977 deficimus
1232 944 1270 979 (l.
1283 944 1341 972 Cor.
1359 945 1384 973 8.
1397 946 1437 981 8).
1454 946 1553 974 Prester
1568 947 1625 977 luce
1640 952 1730 976 autem
1745 956 1800 976 rem
1815 956 1869 977 esse

1089 987 1241 1023 fugiendam
1254 991 1444 1025 pronuntiavit,
1457 992 1492 1019 ita
1502 997 1530 1020 ut
1537 993 1586 1020 alia
1592 995 1676 1023 etiam
1684 995 1786 1023 ratione
1796 995 1870 1022 absti-

1089 1042 1154 1062 nere
1168 1041 1300 1070 oporteat,
1316 1045 1370 1064 non
1386 1037 1446 1065 ideo
1462 1042 1576 1071 tantum,
1593 1040 1640 1068 sed
1666 1041 1701 1069 ob
1723 1041 1787 1069 alias
1811 1048 1871 1076 quas

1089 1079 1156 1107 dixit
1169 1088 1274 1109 causas.
1290 1083 1332 1110 5|.
1345 1082 1405 1111 Siue
1413 1092 1473 1119 ergo
1484 1085 1653 1119 manducetis,
1668 1087 1720 1114 siue
1729 1087 1819 1121 bibitis,
1826 1088 1872 1115 sive

1089 1125 1162 1152 aliud
1171 1126 1233 1161 quid
1243 1127 1338 1162 facitis,
1353 1130 1473 1157 omniain
1484 1130 1593 1165 gloriam
1606 1131 1652 1159 Dei
1660 1133 1745 1167 facile.
1758 1132 1872 1161 Vidistiu'

1090 1171 1226 1206 quomodo
1247 1180 1261 1199 a
1278 1181 1308 1201 re
1323 1174 1458 1208 proposita
1473 1175 1506 1203 ad
1531 1175 1557 1203 id
1581 1177 1652 1211 qttod
1668 1178 1817 1206 universale
1836 1182 1874 1206 est

1090 1217 1303 1246 adhortationem
1318 1219 1468 1254 deduxerit.
1481 1230 1531 1249 una
1543 1223 1721 1257 pulcherrima
1733 1225 1807 1252 nobis
1818 1225 1874 1252 data

1090 1262 1256 1298 deﬁnitione,
1278 1270 1306 1292 ut
1322 1265 1392 1293 Deus
1407 1274 1454 1301 per
1467 1268 1555 1295 omnia
1568 1268 1751 1304 gloriﬁcetnr?
1763 1271 1806 1298 52.
1818 1270 1875 1298 Sine

1091 1307 1230 1341 o/femione
1239 1314 1316 1337 estote
1324 1310 1423 1338 Judaei:
1436 1317 1459 1339 et
1473 1314 1589 1348 gentibus
1602 1319 1627 1341 et
1641 1314 1765 1343 Ecclesia!
1781 1316 1834 1343 Dei.
1850 1316 1876 1348 Id

1091 1359 1143 1384 est,
1153 1354 1257 1382 nullam
1269 1356 1395 1391 cuiquam
1409 1357 1479 1385 detis
1501 1366 1606 1387 ansam.
1621 1359 1688 1388 Nam
1700 1361 1786 1389 frater
1798 1361 1877 1390 offen-

1092 1398 1291 1431 ditur,..lud:eus
1305 1403 1391 1438 magis
1405 1409 1430 1431 te
1441 1404 1503 1431 odio
1521 1404 1630 1433 habebit
1643 1411 1723 1441 teque
1738 1407 1876 1440 damnabit,

1091 1445 1199 1479 gentilis
1207 1447 1336 1476 similiter
1348 1454 1482 1485 tamquam
1500 1451 1651 1480 helluonem
1662 1454 1784 1483 irridebit
1798 1461 1822 1483 et
1835 1455 1879 1491 hy-

1094 1491 1234 1525 pocritam.
1253 1493 1312 1521 Non
1328 1494 1409 1522 modo
1429 1495 1526 1524 fratres
1539 1497 1676 1527 offendere
1690 1508 1744 1528 non
1760 1505 1879 1535 oportet,

1092 1536 1152 1570 sed,
1168 1543 1297 1572 quantum
1325 1539 1383 1567 ﬁeri
1399 1545 1502 1575 potest,
1526 1550 1559 1570 ne
1573 1549 1700 1572 externos
1724 1546 1839 1581 quidem.
1854 1546 1879 1572 Si

1093 1585 1165 1611 enim
1181 1584 1225 1612 lux
1239 1593 1332 1613 sutnus
1343 1587 1538 1615 etfermentum
1552 1594 1579 1617 et
1593 1589 1734 1618 luminaria
1749 1596 1774 1619 et
1793 1591 1841 1623 sal,
1855 1591 1883 1618 il-

1095 1629 1239 1664 luminare,
1255 1639 1308 1659 nou
1325 1632 1443 1661 tenebris
1457 1633 1596 1662 olinndere
1605 1641 1731 1670 oportet;
1745 1638 1880 1672 stringere,

1094 1685 1148 1704 non
1158 1676 1327 1712 dissolvere;
1342 1679 1375 1706 ad
1390 1686 1439 1707 nos
1451 1679 1572 1709 inﬁdeles
1586 1681 1734 1715 attrahere,
1751 1691 1804 1710 nou
1815 1683 1883 1717 inp.

1095 1731 1135 1752 re.
1151 1724 1221 1758 Quid
1234 1732 1299 1759 ergo
1315 1727 1484 1761 persequeris
1499 1734 1555 1760 eos,
1572 1736 1639 1763 quos
1655 1730 1794 1758 attrahere
1807 1736 1882 1765 opor~

1095 1769 1150 1796 tet?
1181 1769 1285 1797 Etenim
1298 1770 1383 1798 Graeci
1397 1771 1568 1800 offenduntur
1583 1781 1643 1800 cum
1667 1782 1718 1802 nos
1741 1775 1832 1802 vident
1853 1774 1883 1802 ad

1097 1814 1158 1842 talia
1172 1820 1356 1843 revertentes:
1371 1822 1488 1845 mentem
1499 1818 1570 1846 enim
1583 1824 1702 1847 nostram
1714 1828 1768 1848 non
1782 1825 1884 1852 norunt,

1097 1869 1183 1895 neque
1197 1861 1269 1897 quod
1283 1863 1370 1890 anima
1382 1868 1472 1891 nostra
1485 1864 1521 1891 sit
1534 1865 1675 1893 sublimior
1687 1867 1816 1902 omnique
1829 1874 1885 1894 sen-

1097 1906 1168 1934 sibili
1195 1907 1298 1935 macula
1326 1909 1459 1943 superior.
1480 1909 1564 1938 Judrei
1587 1919 1652 1939 vero
1678 1917 1708 1940 et
1730 1912 1886 1940 inﬁrmiores

1097 1952 1194 1980 fratres
1208 1953 1303 1981 eadem
1326 1955 1382 1990 ipsa
1397 1955 1540 1990 patientur.
1557 1956 1653 1984 'Videu‘
1665 1964 1784 1993 quantas
1797 1965 1887 1994 posue-

1097 1998 1134 2025 rit
1147 2005 1251 2032 causas,
1269 1999 1305 2027 ob
1318 2007 1386 2035 quas
1398 2005 1521 2036 oporteat
1531 2001 1565 2029 ab
1580 2003 1612 2029 iis
1620 2010 1679 2038 qua:
1695 2004 1777 2031 idolis
1797 2004 1888 2031 immo‘

1099 2046 1151 2073 lata
1183 2051 1244 2073 sunt
1266 2046 1422 2074 abstinere?
1445 2052 1554 2083 propter
1570 2048 1762 2084 inutilitatem,
1786 2055 1888 2086 propter

1099 2091 1322 2126 superﬁuitatem,
1334 2093 1369 2120 ob
1379 2093 1506 2121 damnum
1516 2094 1617 2129 fratris,
1628 2096 1664 2122 ob
1673 2095 1763 2124 Judaei
1774 2096 1888 2132 blasphe-

1100 2138 1191 2170 miam,
1206 2138 1240 2166 ob
1253 2138 1339 2166 Graeci
1351 2139 1618 2176 maledictum;quod
1630 2150 1682 2169 non
1697 2148 1823 2178 oporteat
1834 2150 1889 2171 cum

1099 2182 1265 2211 daamonibns
1291 2185 1508 2217 communicare,
1526 2186 1596 2221 quod
1621 2194 1652 2214 ea
1670 2195 1716 2216 res
1744 2188 1892 2216 idololatria

1100 2230 1221 2264 quoidam
1236 2230 1280 2257 sit.
1298 2230 1399 2258 Deinde
1414 2232 1474 2265 quia
1489 2232 1567 2266 dixit,
1581 2233 1644 2260 Sine
1653 2233 1890 2267 o/I'emioneestote,

1101 2279 1130 2302 et
1148 2275 1279 2303 obnoxios
1292 2275 1353 2303 illos
1375 2276 1477 2305 fecitet
1488 2277 1630 2312 gentilium
1644 2284 1671 2306 et
1682 2279 1838 2308 Judmorum
1851 2279 1892 2307 da-

1102 2321 1183 2354 mnis,
1195 2326 1274 2356 atque
1288 2321 1351 2349 illud
1358 2329 1441 2357 grave
1456 2323 1650 2360 molestumque
1664 2330 1741 2358 erat;
1755 2326 1816 2353 vide
1829 2333 1893 2361 quo-

1101 2367 1183 2396 modo
1204 2368 1269 2396 illud
1285 2369 1450 2404 acceptabile
1470 2374 1498 2397 et
1510 2370 1569 2398 lere
1592 2369 1688 2405 faciat,
1704 2379 1767 2399 sese
1778 2371 1894 2399 medium

1104 2421 1208 2449 ponens
1218 2421 1249 2441 ac
1258 2414 1352 2442 dicens
1369 2424 1376 2442 :
1389 2415 1433 2443 55.
1445 2415 1517 2443 Sicut
1524 2421 1551 2443 et
1563 2424 1608 2452 ego
1623 2425 1669 2450 per
1682 2418 1772 2445 omnia
1785 2417 1896 2445 omnibus

1104 2459 1210 2495 placeo;
1224 2468 1274 2486 non
1288 2468 1403 2495 querens
1417 2461 1486 2496 quod
1493 2461 1555 2488 mihi
1564 2462 1626 2488 utile
1638 2467 1686 2496 est,
1698 2464 1747 2490 sed
1755 2463 1826 2499 quod
1835 2461 1896 2489 mtil-

1102 2506 1152 2538 tis,
1168 2509 1195 2532 ut
1205 2505 1272 2532 salui
1295 2506 1367 2540 ﬁant.
1383 2505 1460 2542 (Cap.
1477 2504 1563 2539 H.)l.
1581 2506 1729 2536 Imitatores
1744 2509 1794 2536 mei
1809 2513 1896 2538 “tota.

1104 2551 1170 2578 sicut
1194 2560 1239 2586 ego
1268 2551 1372 2579 Christi.

1137 2597 1168 2624 ,3.
1185 2597 1246 2624 «lloc
1258 2602 1300 2624 est
1312 2597 1403 2632 regula
1417 2598 1604 2633 perfectissimi
1616 2600 1834 2633 Christianismi,
1851 2600 1897 2626 hoc

1105 2646 1230 2670 accurata
1245 2643 1368 2671 definitio
1379 2665 1387 2676 ,
1407 2644 1462 2672 .boc
1476 2652 1610 2673 summum
1626 2646 1777 2682 fastigium,
1794 2655 1854 2683 qua:
1875 2647 1899 2673 in

1106 2697 1247 2717 commune
1260 2690 1403 2718 conferunt
1413 2699 1552 2726 qurerere:
1567 2693 1638 2726 quod
1649 2698 1674 2720 et
1689 2693 1751 2728 ipse
1764 2693 1900 2722 declarans

1107 2736 1254 2771 subjunxit,
1269 2737 1342 2764 Sicut
1357 2742 1380 2764 et
1393 2745 1439 2772 ego
1453 2736 1556 2765 Christi.
1574 2738 1644 2766 Nihil
1664 2739 1739 2767 enim
1757 2741 1793 2767 ita
1817 2744 1901 2774 potest

1108 2782 1268 2810 imitatorem
1282 2783 1381 2811 Christi
1397 2783 1494 2817 facere,
1510 2787 1540 2811 ut
1551 2792 1643 2812 curam
1665 2787 1783 2820 proximi
1798 2793 1898 2821 gerere.

1108 2829 1160 2857 Sed
1172 2830 1276 2858 etiamsi
1286 2829 1458 2865 jejnnaveris,
1481 2831 1554 2860 humi
1567 2831 1704 2865 cubueriS,
1725 2833 1748 2860 si
1764 2837 1801 2864 tc,
1818 2837 1845 2860 ut
1866 2832 1900 2859 ita
