2046 3114
181 149 233 177 209

179 207 286 239 dum,
311 209 524 243 stratigulareris
537 229 544 240 ,
560 208 672 243 proximi
697 213 785 235 autem
805 214 895 234 curam
923 214 975 233 non

180 261 268 288 geras,
277 252 343 280 nihil
361 255 449 289 magni
462 253 558 286 fecisti,
568 253 614 281 sed
625 253 713 281 adhuc
722 253 800 288 longe
809 251 917 280 abes'ab
928 251 978 278 hac

181 299 296 333 imagine
317 302 375 328 hate
394 300 505 327 faciens.
527 299 607 334 Atqui
622 299 665 326 hic
681 299 789 334 quidem
803 299 858 333 ipsa
871 305 977 333 quoque

180 352 224 372 res
245 349 343 372 natura
358 352 406 373 sua
417 350 461 373 est
477 346 550 372 utilis
561 365 568 377 ,
583 345 720 372 abstinere
737 343 770 372 ab
786 343 818 371 iis
840 350 900 378 qua:
915 347 977 370 sunt

181 390 259 419 idolis
276 391 415 418 immolata
431 399 437 417 :
451 398 501 426 ego
515 395 604 417 autem
620 390 731 425 plurima
743 389 805 422 feci,
826 388 920 424 inquit,
942 395 976 415 ex

181 437 212 464 iis
223 444 285 473 qua:
302 446 350 473 per
362 446 392 466 se
410 445 463 465 non
477 441 539 464 sunt
554 437 627 464 utilia
640 457 648 470 ,
677 444 773 471 nempe
788 435 896 471 quando
922 435 975 462 cir-

179 485 308 516 cumcidi.
319 484 428 520 quando
437 484 594 511 sacriﬁcavi.
608 483 671 511 Haec
684 484 755 511 enim
768 482 875 518 quando
887 489 935 518 per
947 490 976 509 se

183 530 383 564 examinantur,
403 535 431 558 et
446 530 560 565 perdunt
574 537 621 557 eos
634 530 679 564 qui
701 529 726 556 id
746 529 862 561 faciunt,
876 533 903 555 et
917 527 976 554 efﬁ-

183 577 257 604 ciunt
271 580 300 604 ut
315 584 333 603 a
347 576 434 604 salute
446 576 571 604 excidant
588 584 594 602 :
611 581 728 602 attamen
749 575 863 602 sustinui
877 575 921 602 illa
940 575 975 602 ob

183 623 287 650 lucrum
302 622 365 650 inde
381 622 551 657 proveniens.
566 621 615 649 Hic
628 627 716 649 autem
727 621 795 648 nihil
808 622 903 649 simile.
919 621 976 649 Illic

182 670 254 698 enim
270 669 324 697 nisi
342 669 412 697 adsit
426 669 541 702 utilitas,
557 673 584 696 et
598 669 649 695 nisi
664 669 724 695 aliis
744 668 839 703 prosit,
853 672 915 695 tunc
932 675 975 695 res

184 716 314 744 damnosa
339 720 397 745 est:
424 715 468 743 hic
488 723 570 748 vero,
585 714 691 742 etiamsi
712 722 791 742 nemo
813 714 973 747 oli'endatur,

185 765 292 797 oportet
305 766 393 789 tamen
408 768 422 788 a
436 761 579 796 prohibitis
592 760 739 788 abstinere.
754 760 812 787 Non
829 760 914 788 solum
927 767 976 786 au-

187 812 240 835 tem
255 807 352 839 noxia,
372 806 420 834 sed
432 807 513 834 etiam
527 806 659 834 laboriosa
681 805 789 841 pertuli.
811 806 882 832 Alias
903 807 974 833 enim

187 853 312 881 Ecclesia:
325 852 495 887 depopulatus
510 861 577 884 sum,
594 852 689 887 inquit,
712 856 814 886 accepto
838 851 972 886 stipendio,

185 904 212 928 et
229 906 288 927 cum
311 898 456 926 comedere
471 899 564 925 liceret
587 902 614 925 et
633 905 686 925 non
701 897 806 932 aperari
822 917 830 930 ,
855 897 906 924 hoc
920 904 973 924 non

183 944 292 980 quasivi
305 965 312 977 ,
327 943 374 972 sed
389 943 469 971 malui
485 943 554 971 fame
569 943 657 978 perire
680 943 777 978 potius,
803 951 883 978 quam
897 943 972 970 alteri

182 989 344 1018 oﬂ‘endiculo
356 997 427 1017 esse.
438 989 500 1017 Ideo
513 990 551 1016 ait
564 997 571 1014 :
590 988 642 1015 Per
653 989 738 1015 omnia
751 989 865 1016 omnibus
886 989 973 1023 placeo

182 1035 221 1071 (2.
236 1034 296 1063 Cor.
312 1035 357 1063 H.
372 1035 412 1069 8).
421 1034 484 1062 Sive
492 1042 549 1062 rem
558 1034 660 1069 legibus
668 1034 819 1067 adversam,
832 1037 887 1062 sive
896 1035 972 1061 labo-

182 1082 278 1109 riosam
290 1102 297 1114 ,
314 1081 371 1109 sive
385 1080 564 1116 periculosam
577 1085 700 1115 oporteat
716 1080 815 1113 facere,
832 1081 921 1107 omnia
946 1081 971 1107 in

181 1128 292 1156 aliorum
307 1127 449 1155 utilitatem
471 1127 602 1154 sustineo.
617 1126 685 1154 Cum
707 1135 771 1162 ergo
784 1127 909 1154 omnibus
921 1134 970 1154 su-

181 1175 270 1209 perior
287 1178 362 1202 esset
375 1178 500 1209 quantum
520 1173 553 1201 ad
568 1178 719 1200 accuratam
735 1174 797 1200 vitze
822 1174 970 1206 rationem,

180 1221 304 1248 omnibus
321 1220 429 1248 inferior
439 1224 497 1248 erat
509 1228 556 1256 per
570 1220 828 1254 attemperationem.

215 1266 377 1294 Prcelarum
392 1267 456 1293 ηἰήἱι
467 1271 513 1298 est,
526 1266 576 1293 nisi
596 1266 654 1293 aliis
664 1267 695 1293 sit
710 1266 888 1293 utile.—Nam
908 1267 969 1293 nul-

179 1313 232 1340 lum
251 1313 381 1354 praeclare
402 1317 506 1347 gestum
522 1312 557 1339 ita
573 1319 698 1346 maguum
721 1319 781 1339 eSse
796 1313 899 1347 possit,
921 1312 970 1338 nisi

180 1358 324 1386 utilitatem
340 1357 373 1385 ad
384 1357 453 1385 alios
468 1357 646 1385 transmiserit
663 1367 668 1383 :
686 1356 764 1391 idque
784 1357 870 1391 palam
884 1361 922 1384 est
938 1365 970 1384 ex

179 1404 236 1438 illo,
258 1403 305 1439 qui
320 1403 449 1432 talentum
465 1403 596 1438 integrum
612 1403 718 1433 retulit.
733 1407 760 1430 et
774 1402 906 1430 dissectus
930 1407 971 1430 est

179 1451 306 1486 quouiatn
322 1440 455 1478 illud'non
481 1449 676 1484 multiplicavit.
692 1449 723 1476 Et
741 1454 767 1476 tu
786 1457 860 1483 ergo,
877 1449 968 1482 frater,

179 1496 283 1524 etiamsi
298 1496 434 1524 abstineas
445 1503 460 1522 a
471 1495 541 1527 cibo,
556 1495 660 1522 etiamsi
675 1494 747 1522 humi
761 1495 852 1527 cubes,
865 1495 969 1522 etiamsi

178 1542 298 1570 cinerem
324 1541 450 1569 comedas
463 1562 471 1574 ,
497 1548 660 1575 semperque
686 1541 849 1574 lamenteris,
866 1541 886 1568 si
903 1541 969 1568 nihil

179 1588 260 1616 alium
281 1587 367 1622 iuves,
384 1586 449 1614 nihil
477 1594 604 1620 magnum
630 1587 760 1621 operaris.
784 1587 891 1614 Etenim
918 1587 969 1614 illis

180 1636 206 1664 in
231 1636 364 1671 principio
377 1635 442 1663 viris
456 1635 561 1670 magnis
575 1640 602 1663 et
623 1633 759 1669 praeclaris
785 1633 835 1660 hoc
854 1633 969 1660 maxime

179 1690 250 1710 cura:
263 1687 323 1710 erat
339 1690 346 1708 :
361 1689 455 1709 eorum
471 1682 552 1708 vitam
567 1684 692 1708 accurate
706 1684 836 1711 scrutare,
850 1683 876 1706 et
898 1679 969 1706 clare

183 1727 282 1755 videbis
296 1735 390 1754 eorum
411 1727 546 1754 nemiuem
565 1734 611 1753 sua
622 1729 758 1759 spectasse
769 1745 776 1758 ,
790 1724 836 1752 sed
851 1724 969 1759 singulos

181 1781 212 1801 ea
223 1781 281 1808 quae
298 1772 411 1807 proximi
421 1777 499 1800 erant
511 1781 518 1805 ;
531 1771 600 1799 unde
607 1772 688 1798 etiam
701 1771 784 1806 magis
795 1770 968 1805 resplendue-

182 1823 249 1846 runt.
257 1819 324 1846 Nam
337 1823 365 1846 et
374 1826 389 1846 a
400 1818 490 1854 Moyse
504 1818 587 1845 multa
598 1821 625 1845 et
633 1824 727 1851 magna
738 1821 838 1851 patrata
847 1821 908 1844 sunt
917 1817 969 1843 mi-

180 1864 268 1892 racula
281 1869 308 1892 et
322 1864 414 1899 signa;
435 1863 483 1891 sed
503 1863 570 1890 nihil
592 1863 665 1890 illum
692 1867 744 1889 tam
758 1870 881 1897 maguum
898 1863 967 1894 fecit,

180 1914 208 1937 ut
228 1909 305 1938 beata
319 1910 363 1937 illa
387 1917 438 1937 vox
460 1916 540 1943 quam
552 1907 586 1935 ad
598 1908 680 1935 Deum
696 1907 794 1940 emisit,
810 1907 921 1935 dicens:
940 1908 970 1935 Si

179 1961 265 1984 autem
277 1956 380 1983 dimittis
392 1956 444 1982 illis
459 1959 599 1990 peccatum,
612 1954 726 1986 dimitte;
741 1954 780 1981 sin
796 1955 913 1985 minuspt
932 1962 970 1981 me

179 2010 280 2038 quoque
290 2002 344 2030 dele
357 2001 454 2038 (Exod.
471 2001 516 2029 52.
531 2001 588 2036 52).
605 2000 677 2028 Talis
687 2007 792 2035 quoque
805 2000 885 2026 David
901 2004 968 2033 erat;

181 2047 294 2082 ideoque
304 2046 427 2074 dicebat:
444 2045 499 2081 Ego
511 2050 596 2080 pastor
612 2046 723 2081 peccavi,
740 2050 763 2073 et
776 2054 821 2080 ego
837 2045 969 2078 malefeci,

181 2099 205 2120 et
219 2093 260 2121 illi
273 2094 317 2128 qui
329 2097 386 2120 sunt
399 2101 461 2128 great
471 2093 531 2128 quid
541 2095 653 2129 fecerunt
665 2093 677 2119 ?
688 2092 728 2120 Si!
739 2100 828 2118 "ianus
838 2096 881 2118 tua
896 2099 971 2126 super

181 2148 221 2166 me
235 2145 259 2167 et
273 2147 347 2175 super
361 2140 464 2166 domum
478 2140 558 2175 patris
572 2139 620 2166 mei
636 2138 673 2174 (‘2.
697 2137 760 2174 Reg.
787 2138 831 2164 2-1.
849 2137 905 2172 17).
927 2137 971 2164 Sic

181 2185 317 2212 Abraham
330 2193 382 2212 non
395 2184 432 2217 id,
448 2184 521 2220 quod
537 2184 588 2211 sibi
609 2187 776 2218 competeret
791 2203 797 2214 ,
822 2182 970 2218 quaerebat,

180 2231 228 2258 sed
243 2230 316 2266 quod
341 2231 443 2258 multis.
467 2230 583 2264 Ideoque
598 2229 723 2265 periculis
736 2237 796 2256 sese
809 2228 968 2263 exponebat,

182 2276 322 2312 Deumque
335 2276 447 2312 rogabat
467 2284 515 2311 pro
525 2277 568 2307 iis,
583 2277 627 2310 qui
643 2275 676 2302 ad
690 2275 776 2310 ipsum
799 2275 863 2301 nihil
876 2274 972 2301 attine-

183 2322 254 2349 bant.
282 2322 315 2350 Et
329 2322 355 2349 hi
370 2322 481 2358 quidem
491 2322 526 2349 ita
542 2322 706 2349 claruerunt.
726 2321 775 2353 Qui
790 2328 853 2348 vero
867 2327 896 2347 ea
912 2327 972 2354 qua:

182 2374 228 2395 sua
242 2372 335 2395 essent
346 2368 511 2403 qmcrebattt,
527 2367 587 2394 vide
606 2371 733 2402 quantum
749 2366 838 2393 damni
863 2372 972 2399 accepe-

183 2413 245 2440 rint.
269 2412 334 2448 Ejus
347 2418 420 2440 certe
432 2412 522 2440 fratris
535 2413 614 2445 ﬁlius,
626 2420 687 2439 cum
700 2411 819 2439 audisset
834 2419 841 2438 :
860 2411 891 2438 Si
904 2415 930 2437 tu
940 2411 973 2437 ad

184 2458 323 2491 dexterum,
338 2466 383 2494 ego
397 2458 430 2485 ad
448 2458 578 2485 sinistram
597 2457 672 2492 (Gen.
689 2457 730 2484 I3.
749 2456 795 2491 9);
814 2460 840 2483 ct
855 2460 973 2491 optasset

185 2503 255 2537 quod
275 2504 327 2532 sibi
354 2504 420 2532 utile
441 2508 500 2531 erat
524 2503 659 2538 quaasivit,
686 2510 774 2537 neque
796 2501 866 2537 quod
895 2509 972 2528 suum

185 2554 242 2577 erat
267 2549 385 2583 invenit;
414 2550 461 2578 sed
485 2549 542 2577 haze
561 2548 668 2584 quidem
696 2549 770 2584 regio
795 2552 850 2574 tota
876 2546 974 2574 conﬂa-

185 2595 279 2631 gravit,
295 2595 339 2623 illa
358 2599 447 2623 autem
464 2595 563 2623 mansit
576 2595 668 2622 illaesa.
691 2594 773 2621 Jonas
794 2600 900 2620 rursum
914 2599 974 2619 cum

187 2649 239 2670 non
249 2642 392 2678 quassisset
405 2642 431 2669 id
445 2642 519 2677 quod
539 2642 630 2669 multis
640 2662 648 2675 ,
664 2641 711 2668 sed
725 2640 797 2676 quod
810 2640 859 2667 sibi
872 2639 975 2667 condu-

186 2688 274 2722 cebat,
288 2689 316 2716 in
329 2689 476 2724 periculum
489 2688 564 2716 exitii
580 2689 653 2716 venit
670 2696 676 2714 :
691 2692 717 2715 et
728 2687 791 2714 urbs
806 2686 913 2722 quidem
922 2691 976 2713 sta-

188 2735 242 2769 bat,
263 2735 323 2771 ipse
346 2742 413 2763 vero
434 2735 550 2771 agitatus
571 2734 696 2762 ﬂuctibus
709 2738 737 2761 et
758 2733 898 2760 demersus
917 2732 974 2758 iuit.

187 2779 253 2808 Cum
265 2785 355 2808 autem
370 2781 397 2808 id
410 2781 482 2816 quod
495 2780 587 2807 inultis
600 2779 665 2807 utile
679 2783 738 2807 erat
751 2778 874 2814 quaesivit
884 2798 891 2810 .
915 2782 977 2804 tunc

187 2826 259 2861 quod
271 2831 351 2854 suum
360 2831 418 2854 erat
431 2825 595 2854 invenit.'Sie
609 2830 636 2853 et
645 2824 729 2853 Jacob
742 2825 768 2852 in
779 2823 902 2859 gregibus
916 2830 976 2850 cum

188 2881 239 2902 Ion
255 2873 360 2901 lucrum
377 2873 514 2908 proprium
529 2871 695 2908 quaesivisset
707 2892 715 2905 ,
738 2878 846 2906 magnas
858 2876 924 2904 epes
938 2873 979 2896 est

697 150 729 178 IN
750 149 856 178 EPIST.
878 149 888 177 1
920 149 966 177 AD
984 148 1062 177 COR.
1084 148 1198 177 IIO.\llL.
1221 151 1305 179 XXV.

1769 154 1823 184 3111

1032 212 1201 242 assequutus.
1212 208 1351 243 EtJoseplt
1364 216 1424 237 cum
1439 207 1549 237 fratrum
1561 210 1732 239 commodum
1750 219 1823 247 qua:-

1032 252 1146 284 shisset,
1171 260 1249 280 suum
1264 255 1375 283 invenit.
1389 255 1485 282 Missus
1498 257 1570 283 enim
1583 263 1597 282 a
1611 260 1697 290 patre.
1712 264 1764 284 non
1783 256 1809 282 di

1034 299 1082 329 xit,
1098 298 1167 332 Quid
1184 299 1234 326 hoc
1258 301 1317 328 est?
1332 308 1385 329 non
1398 301 1496 328 audisti
1509 301 1579 336 quod
1595 309 1644 336 pro
1664 301 1722 329 visu
1736 307 1762 329 et
1777 309 1821 330 sn-

1031 345 1112 372 mniis
1128 353 1172 372 me
1185 346 1339 382 discerpere
1360 348 1448 375 conati
1461 348 1524 380 sint,
1538 352 1565 375 et
1584 355 1633 382 pro
1660 348 1771 375 somniis
1793 349 1820 376 in

1031 391 1134 420 crimen
1149 397 1258 420 vocatus
1271 393 1332 426 sim,
1348 398 1375 420 et
1388 393 1459 428 quod
1469 401 1484 420 a
1498 398 1523 421 te
1533 393 1628 428 diligar
1640 401 1733 428 pinnas
1744 394 1821 422 dede-

1032 437 1102 465 rim?
1115 439 1177 473 quid
1189 446 1254 473 ergo
1270 446 1322 466 non
1337 439 1431 466 facturi
1445 443 1518 472 sunt,
1534 440 1555 466 si
1572 447 1615 467 me
1628 441 1653 466 in
1670 440 1759 467 medio
1782 445 1821 467 te-

1031 484 1138 512 nuerint
1146 485 1157 512 ?
1165 484 1237 512 Nihil
1251 485 1345 512 horum
1356 485 1432 518 dixit,
1447 493 1497 513 nec
1505 485 1639 520 cogitavit,
1652 484 1698 512 sed
1709 485 1819 513 fratrum

1030 537 1122 557 curam
1149 530 1274 558 omnibus
1300 531 1426 565 praetulit.
1441 531 1554 565 Ideoque
1569 531 1658 558 omnia
1684 538 1743 566 quae
1760 534 1820 566 post

1031 575 1074 603 illa
1087 576 1239 611 obtigerunt
1251 579 1411 611 assequutus
1423 580 1464 604 est
1475 576 1555 607 bona,
1569 584 1628 611 quae
1642 575 1722 602 etiam
1743 576 1818 603 illum

1030 621 1106 648 valde
1119 621 1219 649 clarum
1234 621 1354 649 fecerunt
1368 626 1395 649 et
1407 621 1562 656 gloriosum.
1577 622 1621 648 Sic
1640 625 1667 648 ct
1693 621 1815 657 Moyses;

1030 669 1096 696 nihil
1110 669 1181 695 enim
1195 668 1306 703 impedit
1318 670 1460 704 quominus
1468 669 1542 696 illum
1555 669 1672 696 secundo
1687 676 1818 696 memore-

1030 721 1099 746 mus,
1121 719 1147 741 et
1161 713 1298 741 videamus
1313 714 1448 749 quomodo
1463 721 1510 741 sua
1534 714 1696 748 deSpexerit,
1711 717 1738 740 et
1759 713 1818 740 aliis

1029 760 1098 788 bona
1111 760 1231 787 conferre
1245 760 1390 795 quaesierit.
1404 760 1448 787 Ille
1458 767 1572 795 namque
1581 759 1606 786 in
1616 759 1687 794 regia
1698 765 1817 790 versans,

1029 807 1090 841 quia
1106 806 1221 840 majores
1231 806 1337 833 divitias
1350 813 1408 833 esse
1424 806 1532 841 putabat
1545 805 1727 840 opprobrium;
1739 812 1818 839 quam

1031 852 1139 889 Egypti
1154 852 1305 886 thesauros,
1319 852 1445 887 projectis
1457 852 1582 881 omnibus
1594 859 1654 886 qua:
1666 859 1720 886 pne
1734 851 1820 877 mani-

1028 898 1078 926 bus
1091 898 1214 929 habebat,
1229 898 1360 925 malorum
1376 898 1466 925 socius
1485 905 1547 925 cum
1561 897 1680 925 Hebrteis
1696 897 1753 927 fuit,
1768 904 1818 924 nec

1028 943 1108 971 modo
1122 944 1179 978 ipse
1194 950 1247 970 non
1263 944 1289 970 in
1301 944 1458 970 servitutem
1470 943 1594 970 redactus
1609 949 1659 975 est,
1675 942 1721 970 sed
1737 942 1817 969 etiam

1028 989 1089 1016 illos
1105 997 1120 1016 ιι
1142 989 1269 1016 servitute
1287 989 1418 1016 liberavit.
1443 989 1536 1024 Magna
1551 989 1657 1024 quidem
1673 988 1731 1016 haec
1743 992 1817 1021 sunt,

1027 1039 1053 1063 et
1068 1035 1189 1070 angelico
1202 1034 1281 1070 digna
1296 1035 1426 1062 instituto.

1062 1081 1089 1108 4.
1106 1081 1140 1108 At
1154 1080 1224 1116 quod
1237 1080 1347 1107 Paulum
1362 1083 1475 1115 spectat,
1485 1079 1564 1115 longe
1576 1079 1750 1107 excellentius
1764 1084 1816 1106 est.

1026 1127 1079 1154 Alii
1090 1127 1161 1154 enim
1175 1134 1269 1153 omnes
1283 1126 1338 1153 suis
1351 1127 1450 1154 relictis
1458 1126 1545 1159 bonis,
1558 1126 1670 1161 proximi
1684 1125 1815 1153 malorum

1026 1173 1090 1201 socii
1102 1180 1163 1201 esse
1174 1173 1316 1200 voluerunt
1327 1181 1334 1199 :
1347 1172 1444 1200 Paulus
1456 1179 1520 1200 vero
1530 1180 1586 1204 rem
1601 1172 1679 1207 longe
1688 1172 1816 1206 majorem

1025 1218 1097 1246 fecit.
1113 1219 1170 1246 Non
1180 1219 1250 1246 enitn
1263 1219 1410 1246 alienarum
1423 1218 1604 1245 calamitatum
1617 1218 1749 1252 particeps
1756 1225 1817 1245 csso

1026 1264 1120 1296 voluit,
1135 1263 1182 1291 scd
1198 1263 1224 1291 id
1238 1264 1330 1299 elegit,
1346 1269 1374 1291 ut
1383 1263 1440 1299 ipse
1454 1263 1479 1290 in
1493 1263 1621 1291 extremis
1633 1268 1715 1296 esset,
1730 1268 1759 1290 ut
1771 1263 1817 1290 alii

1025 1310 1051 1337 in
1075 1309 1152 1336 bonis
1166 1309 1303 1344 degerent.
1316 1309 1370 1336 Nec
1381 1317 1428 1344 par
1440 1317 1483 1337 res
1496 1313 1538 1337 est
1550 1309 1578 1336 in
1591 1309 1693 1336 deliciis
1707 1317 1817 1337 versan-

1025 1359 1078 1382 tem
1093 1355 1202 1382 delicias
1218 1361 1356 1389 respuere,
1373 1358 1400 1381 et
1413 1352 1494 1389 afﬂigi
1506 1363 1513 1386 ;
1527 1359 1556 1388 et
1579 1355 1666 1381 solum
1691 1354 1774 1389 afﬂigi
1788 1359 1817 1381 et

1024 1401 1126 1433 vexari,
1139 1406 1168 1428 ut
1182 1401 1227 1427 alii
1240 1401 1265 1428 in
1280 1400 1426 1428 securitate
1442 1405 1470 1428 et
1482 1400 1584 1428 honore
1599 1405 1750 1428 versentur.
1769 1401 1815 1428 llic

1024 1449 1095 1475 enim
1109 1448 1158 1475 etsi
1170 1455 1295 1483 magnum
1304 1451 1345 1475 est
1360 1447 1428 1474 mala
1443 1446 1520 1475 bouis
1528 1451 1692 1474 commutare
1707 1452 1816 1481 propter

1024 1494 1174 1529 proximum
1185 1514 1192 1526 ,
1214 1494 1330 1529 aliquam
1343 1497 1431 1521 tamen
1445 1493 1654 1521 consolationem
1670 1492 1755 1525 affert,
1772 1501 1813 1520 re-

1024 1547 1083 1567 rum
1109 1539 1282 1567 adversarum
1307 1539 1397 1567 socios
1425 1538 1542 1572 habere,
1568 1545 1598 1566 se
1624 1543 1712 1566 autem
1746 1538 1815 1566 velle

1023 1586 1111 1613 solum
1133 1593 1193 1613 esse
1219 1585 1244 1612 in
1267 1585 1348 1613 rebus
1362 1585 1483 1620 asperis,
1511 1588 1540 1612 ut
1562 1584 1607 1612 alii
1635 1584 1714 1612 bonis
1725 1584 1814 1612 fruan-

1024 1636 1081 1665 tur;
1106 1632 1156 1659 hoc
1169 1636 1210 1660 est
1226 1632 1303 1666 longe
1327 1630 1506 1667 generosioris
1533 1630 1613 1657 animi
1636 1634 1662 1657 et
1683 1630 1768 1657 Pauli.

1059 1677 1137 1704 Pauli
1149 1677 1295 1712 magni/udo
1309 1677 1395 1704 (muni.
1407 1692 1443 1697 —
1452 1676 1508 1703 Non
1524 1676 1585 1704 hinc
1598 1681 1686 1703 autent
1701 1681 1813 1709 tantum,

1023 1724 1070 1752 sed
1093 1731 1125 1751 ex
1146 1723 1254 1751 sublimi
1266 1723 1370 1750 ratione
1390 1723 1441 1750 alia
1461 1722 1515 1757 jam
1538 1727 1700 1749 memoratos
1721 1729 1814 1749 omnes

1024 1769 1102 1804 longe
1116 1770 1159 1797 ille
1178 1774 1296 1804 superat.
1319 1769 1386 1796 Nam
1408 1768 1542 1801 Abraham
1561 1768 1668 1803 quidem
1683 1772 1709 1795 et
1723 1767 1813 1795 czeteri

1023 1822 1118 1843 onmes
1135 1822 1195 1842 sese
1209 1816 1241 1842 iis
1261 1814 1385 1849 obiecere
1397 1814 1524 1849 periculis
1538 1818 1657 1845 tantum,
1673 1821 1732 1849 qua:
1752 1818 1815 1840 sunt

1024 1861 1050 1889 in
1073 1861 1197 1896 prmsenti
1213 1861 1267 1888 vita
1278 1881 1285 1892 ,
1300 1864 1327 1887 et
1341 1867 1436 1887 omnes
1458 1859 1495 1886 illi
1511 1858 1579 1886 hanc
1600 1859 1684 1886 semel
1703 1864 1813 1893 expete-

1023 1907 1087 1934 bant
1107 1911 1220 1933 mortem
1237 1914 1244 1932 :
1258 1905 1355 1932 I’aulus
1374 1912 1438 1932 vero
1452 1912 1467 1931 a
1481 1905 1569 1931 futura
1587 1904 1671 1939 gloria
1690 1903 1814 1932 excidere

1024 1953 1152 1988 rogabat,
1183 1959 1231 1987 pro
1247 1951 1360 1978 aliorum
1389 1951 1486 1978 salute.
1513 1950 1625 1978 Possum
1654 1955 1678 1977 et
1707 1950 1813 1978 tertiam

1024 1999 1113 2026 dicere
1136 1998 1302 2032 superiorem
1322 1996 1517 2024 excellentiam.
1532 1996 1616 2029 Quam
1631 1995 1725 2022 illam?
1739 1996 1813 2030 Quod

1024 2044 1104 2080 aliqui
1124 2051 1236 2077 eorum,
1256 2043 1305 2070 etsi
1325 2046 1416 2070 curam
1442 2042 1570 2078 gerebant
1588 2049 1681 2070 eorum
1701 2042 1745 2077 qui
1765 2043 1814 2069 sibi

1024 2094 1176 2119 struxerant
1199 2088 1327 2121 insidias,
1349 2096 1443 2116 eorum
1467 2094 1555 2115 tamen
1576 2095 1666 2115 curam
1687 2087 1816 2123 gerebant

1024 2137 1068 2171 qui
1089 2136 1140 2163 sibi
1163 2134 1251 2163 traditi
1277 2135 1380 2162 fuerant
1399 2134 1563 2169 gubernandi
1579 2142 1586 2161 :
1601 2138 1681 2168 atque
1702 2133 1814 2168 idipsum

1024 2182 1212 2218 contingebat,
1229 2189 1260 2209 ac
1278 2182 1301 2209 si
1324 2181 1383 2217 quis
1397 2189 1487 2208 curam
1508 2184 1614 2215 gereret
1636 2179 1683 2207 ﬁlii
1707 2179 1814 2215 quidem

1024 2229 1099 2265 pravi
1118 2233 1144 2256 et
1163 2228 1288 2260 scelesti,
1310 2227 1358 2255 sed
1378 2231 1466 2254 tamen
1487 2227 1543 2254 ﬁlii.
1564 2227 1663 2254 Paulus
1681 2234 1747 2254 vero
1765 2233 1814 2262 pro

1026 2275 1068 2303 his
1083 2275 1189 2303 volebat
1203 2274 1345 2302 anathema
1359 2281 1420 2301 esse
1430 2294 1437 2306 ,
1451 2273 1496 2308 qui
1512 2273 1570 2308 ejus
1584 2281 1656 2301 cura:
1677 2281 1731 2301 non
1754 2281 1814 2301 cre-

1026 2321 1073 2348 diti
1088 2321 1213 2348 fuerant:
1230 2321 1256 2347 iu
1274 2325 1369 2355 gentes
1380 2319 1452 2347 enim
1473 2319 1570 2346 missus
1581 2324 1651 2346 erat.
1687 2315 1819 2344 Vidistin'

1026 2368 1106 2395 animi
1120 2366 1329 2402 magnitudinem
1339 2387 1347 2399 ,
1363 2370 1391 2393 et
1405 2366 1595 2393 sublimitatem
1617 2365 1702 2400 ipsum
1717 2364 1813 2392 cmlum

1026 2413 1218 2448 superantem?
1238 2412 1313 2440 IIunc
1335 2412 1439 2439 imitare
1453 2421 1460 2438 :
1473 2412 1496 2438 si
1510 2418 1576 2438 vero
1588 2418 1642 2438 non
1658 2415 1750 2445 potos,
1765 2410 1816 2437 sal-

1028 2465 1080 2486 tem
1107 2466 1153 2487 eos
1181 2459 1228 2494 qui
1247 2458 1272 2485 in
1301 2458 1389 2486 Veteri
1418 2457 1590 2485 Testamento
1608 2456 1753 2484 fulserunt.
1773 2456 1818 2485 Sic

1028 2505 1098 2533 enim
1113 2505 1182 2540 quod
1199 2505 1244 2533 tibi
1260 2505 1323 2532 utile
1335 2505 1386 2532 erit
1397 2504 1515 2532 invenies
1527 2525 1535 2537 ,
1550 2503 1571 2531 si
1585 2503 1697 2539 proximi
1711 2503 1818 2532 utilitati

1028 2550 1170 2585 advigiles.
1185 2549 1276 2585 Itaque
1294 2557 1354 2577 cum
1380 2550 1469 2584 segnis
1487 2549 1541 2576 eris
1560 2548 1594 2576 ad
1614 2548 1704 2576 fratris
1728 2556 1819 2576 curam

1028 2596 1172 2632 gerendam
1184 2618 1191 2629 ,
1205 2597 1327 2631 cogitans
1346 2600 1371 2624 te
1385 2604 1437 2623 non
1453 2596 1505 2623 alio
1519 2603 1598 2630 posse
1613 2595 1693 2623 modo
1705 2595 1819 2622 salutem

1029 2642 1157 2677 consequi
1170 2663 1176 2674 ,
1193 2646 1301 2677 propter
1324 2647 1349 2669 te
1371 2642 1465 2669 saltem
1481 2642 1556 2670 illum
1570 2645 1598 2669 et
1612 2649 1656 2670 res
1669 2641 1728 2676 ejus
1743 2648 1818 2668 cura.

1030 2687 1171 2716 Sulﬁciunt
1185 2695 1215 2715 ea
1230 2695 1289 2722 quae
1305 2688 1374 2715 dicta
1390 2692 1469 2720 sunt,
1492 2691 1523 2714 ut
1544 2687 1621 2714 nobis
1642 2685 1821 2722 persuadeant

1030 2740 1084 2760 non
1100 2740 1178 2767 posse
1200 2741 1249 2760 nos
1265 2733 1318 2761 alio
1332 2724 1413 2760 modo
1431 2741 1461 2760 ea
1485 2740 1545 2767 qua:
1568 2732 1645 2759 nobis
1669 2731 1822 2758 conducunt

1032 2778 1162 2806 invenire.
1192 2778 1267 2810 Quod
1284 2778 1306 2806 si
1321 2779 1388 2806 velis
1406 2786 1438 2806 ex
1459 2778 1595 2806 consuetis
1621 2776 1751 2810 exemplis
1769 2775 1820 2803 hoc

1032 2824 1152 2852 ediscere
1167 2833 1173 2851 :
1187 2824 1209 2851 si
1229 2825 1370 2860 contigerit
1391 2823 1488 2852 alicubi
1510 2823 1618 2851 domum
1641 2823 1699 2857 igne
1718 2821 1823 2849 conﬂa-

1033 2874 1130 2902 grare;
1147 2868 1242 2897 deinde
1264 2870 1343 2905 aliqui
1365 2878 1396 2897 es
1420 2869 1511 2896 vicinis
1534 2869 1589 2896 suis
1610 2866 1823 2903 prospicientes.
