2046 3114
219 134 268 162 ’ΞΗ

221 200 274 219 non
288 199 317 219 se
330 196 461 228 apparent
473 191 732 226 adversus’pcricula
745 210 751 222 ,
766 189 813 216 scd
826 189 925 216 clausis
936 187 1012 215 ostiis

219 237 293 265 domi
309 242 449 271 maneant,
472 241 622 265 metuentes
635 244 668 263 ne
683 236 743 271 quis
756 235 892 270 ingressus
913 233 1011 268 aliquid

220 284 347 317 furetur;
371 287 499 319 quantum
522 283 559 310 illi
584 282 711 309 subibunt
733 279 914 315 supplicium?
940 279 1012 306 l‘ro-

220 337 330 365 gressus
347 330 420 358 enim
448 329 516 365 ignis
533 328 623 356 omnia
638 327 745 354 illorum
761 326 831 354 bona
853 325 1011 355 comburct:

221 382 249 404 et
263 376 389 411 quoniam
413 375 526 410 proximi
549 373 693 401 utilitatem
717 380 771 399 non
795 378 943 403 euravere,
963 377 1012 398 sua

221 430 326 457 quoque
345 421 466 457 perdent.
489 420 558 447 Deus
579 420 650 447 enim
671 419 763 446 volens
781 425 875 446 omnes
895 417 965 444 inter
983 423 1013 444 se

221 470 365 504 colligare,
391 471 490 495 tantam
513 467 593 494 rebus
613 466 741 501 imposuit
763 464 949 492 necessitatem
962 483 969 496 ,
984 467 1014 490 ut

221 523 281 542 eum
303 515 414 550 proximi
437 514 552 541 utilitate
567 514 678 541 alterius
698 512 798 540 utilitas
811 511 951 546 colligetur
965 517 972 538 :
987 514 1015 537 et

222 561 258 587 ita
274 560 397 588 consistit
410 560 525 587 mundus
541 564 622 586 totus.
644 559 707 586 Ideo
723 559 749 585 in
764 557 828 585 navi
847 563 971 593 quoque,
990 555 1013 583 si

222 608 362 642 ingruente
375 611 536 642 tempestate
549 606 713 642 gubernator
722 626 729 637 ,
753 604 853 639 rejecta
868 603 1013 631 multorum

223 653 356 685 utilitate,
377 660 451 680 suam
472 653 530 687 ipse
549 657 652 679 tantum
672 655 789 686 quaerat,
810 654 837 677 et
852 649 968 684 seipsum
987 652 1015 675 et

223 699 290 727 τιιίος
311 699 365 727 cito
379 699 542 734 submerget.
556 698 589 725 Et
602 698 628 725 in
647 697 759 733 singulis
772 696 890 728 artibus,
911 695 934 722 si
950 701 1013 722 una-

221 752 334 780 quzeque
347 744 418 780 quod
440 744 490 772 sibi
510 743 642 771 conducat
657 747 759 770 tantum
780 741 934 777 qumsierit,
959 740 1012 767 vita

222 799 367 827 numquam
390 792 559 824 constiterit,
584 797 671 826 neque
692 796 738 817 ars
758 797 818 824 qua:
835 788 886 815 hoc
907 786 1012 822 quzerit.

224 838 285 866 Ideo
300 837 416 872 agricola
429 845 482 865 non
495 836 576 865 modo
591 840 692 864 tantum
705 834 832 862 frumenti
845 833 911 861 serit
925 839 1014 868 qual-

224 888 278 910 tum
298 883 348 910 sibi
372 884 437 910 satis
459 883 512 914 sit;
533 881 650 916 alioquin
675 880 746 908 enim
757 879 813 915 jam
835 878 881 906 diu
903 882 931 905 et
944 885 973 905 se
987 882 1014 905 et

222 929 290 957 alios
303 929 480 964 perdidisset;
491 928 538 956 sed
551 928 576 955 id
589 927 682 962 παίει-ἧι
693 926 763 962 quod
773 925 894 954 conferat
905 924 995 952 multis
1006 933 1013 952 :

222 980 250 1003 et
263 976 341 1003 miles
356 982 408 1002 non
423 979 451 1002 ut
463 982 493 1002 se
506 978 612 1002 tueatur
626 978 728 1001 tantum
742 972 872 1000 adversus
898 971 1015 1007 pericula

223 1026 277 1050 stat
296 1022 322 1050 in
341 1022 416 1053 acie,
437 1021 484 1049 sed
504 1025 533 1048 ut
551 1020 672 1048 civitates
691 1021 718 1047 in
743 1024 800 1046 tuto
825 1018 941 1046 collocet
960 1026 968 1044 :
988 1021 1016 1044 et

223 1073 357 1096 mercator
380 1076 432 1095 non
457 1072 558 1094 tantum
575 1067 736 1100 transvehit,
752 1070 878 1101 quantum
899 1064 949 1092 sibi
965 1064 1014 1092 soli

223 1114 288 1141 satis
309 1114 361 1147 sit,
377 1113 422 1140 sed
437 1117 563 1147 quantum
577 1116 603 1140 et
624 1112 714 1140 multis
731 1111 801 1138 aliis.
821 1110 849 1138 Si
869 1110 929 1145 quis
951 1117 1015 1136 vero

223 1160 339 1192 dixerit,
363 1159 422 1187 Non
437 1167 544 1192 meum,
566 1159 613 1187 sed
637 1166 714 1186 suum
728 1158 840 1194 quisque
852 1164 950 1184 curans
964 1155 1015 1183 hoc

225 1205 304 1239 facit;
320 1214 380 1233 nam
393 1210 420 1233 et
435 1206 559 1240 pecunias
573 1205 623 1232 sibi
637 1209 663 1232 et
677 1205 789 1240 gloriam
804 1208 831 1232 et
843 1203 1014 1231 securitatem

224 1259 372 1288 apparatis,
389 1251 446 1279 haec
460 1251 550 1279 omnia
563 1255 690 1286 operatur
706 1259 713 1277 :
736 1256 819 1285 quare
832 1256 919 1276 meam
939 1255 1014 1283 quaa-

223 1305 286 1325 rcus
305 1297 462 1330 utilitatem,
482 1304 558 1324 suam
583 1296 698 1332 quatrit:
714 1295 766 1323 hoc
787 1300 814 1323 et
833 1302 883 1330 ego
895 1295 973 1327 dico,
988 1298 1016 1322 et

221 1345 275 1379 jam
291 1344 353 1372 olim
373 1343 466 1371 audire
486 1343 606 1371 volebam
619 1364 627 1377 ,
647 1347 675 1371 et
693 1343 752 1377 ejus
771 1343 810 1370 rei
829 1349 910 1370 causa
930 1347 1012 1370 totam

223 1391 372 1418 orationem
392 1389 512 1423 institui,
534 1393 563 1416 ut
581 1389 751 1416 ostenderem
772 1392 836 1416 tunc
861 1389 1014 1424 proximum

223 1444 297 1464 suam
321 1436 463 1464 utilitatem
486 1443 624 1471 quaerere,
650 1443 710 1463 cum
727 1439 798 1463 tuam
818 1439 932 1470 spectat.
947 1435 1014 1469 Quia

222 1483 293 1510 enim
310 1490 362 1509 non
384 1482 462 1510 aliter
485 1482 606 1509 homines
621 1481 721 1509 vellent
747 1488 806 1516 qua
825 1485 887 1508 sunt
902 1480 1015 1516 proximi

221 1536 361 1564 quau-ere,
385 1528 435 1556 nisi
456 1528 482 1555 in
503 1528 572 1556 hanc
591 1527 782 1556 inducerentur
805 1527 1013 1560 necessitatem;

222 1574 281 1601 ideo
302 1574 371 1601 Deus
393 1574 451 1602 hzee
472 1574 506 1601 ita
531 1573 682 1609 colligavit,
699 1577 726 1601 et
739 1581 793 1601 non
817 1573 880 1601 sinit
894 1573 968 1609 prius
980 1574 1014 1602 ad

223 1620 362 1646 utilitatem
378 1619 513 1654 propriam
526 1619 634 1653 venire,
658 1626 737 1654 quam
760 1627 809 1654 per
830 1627 861 1647 ea
874 1627 934 1655 quas
955 1620 1014 1648 aliis

222 1664 372 1692 conducant
396 1665 446 1692 iter
460 1665 598 1693 habeatur.
619 1665 676 1693 Hoc
697 1670 770 1693 certe
789 1665 934 1693 humanum
951 1670 991 1693 est
1003 1686 1011 1698 ,

223 1710 257 1738 ita
271 1711 304 1738 ad
318 1710 432 1745 proximi
448 1711 589 1739 utilitatem
603 1717 632 1738 se
645 1710 779 1739 conferre.
796 1711 908 1746 Oportet
922 1715 1012 1738 autem

222 1765 274 1784 non
291 1757 352 1784 inde
362 1777 369 1789 ,
384 1757 431 1784 sed
446 1764 460 1783 a
477 1757 523 1785 Dei
538 1757 636 1792 placito
650 1757 814 1792 persuaderi.
835 1757 925 1793 Neque
941 1758 1012 1786 enim

220 1803 310 1830 salvus
330 1809 390 1830 esse
414 1803 496 1837 possit
518 1803 562 1838 qui
578 1802 629 1831 hoc
643 1811 696 1831 non
720 1803 819 1836 habet;
840 1803 886 1831 sed
907 1803 1012 1831 etiamsi

221 1855 351 1876 Summam
367 1847 562 1883 philosophiam
583 1856 709 1876 exerceas
721 1870 729 1883 ,
743 1854 770 1877 et
782 1853 878 1877 caetera
894 1857 1011 1885 pereun-

221 1895 255 1921 tia
272 1902 324 1921 non
339 1902 416 1922 cures
426 1915 434 1928 ,
452 1895 550 1922 nullam
565 1895 676 1923 habebis
690 1895 760 1931 apud
776 1896 860 1923 Deum
874 1895 1010 1923 ﬁduciam.

221 1939 359 1968 Undenam
386 1941 437 1968 hoc
461 1941 584 1968 constat?
606 1940 646 1968 Ex
669 1941 701 1968 iis
721 1949 781 1977 quae
805 1941 899 1969 beatus
912 1941 1011 1969 Paulus

221 1987 402 2021 pronuntiavit
418 1996 424 2014 :
441 1986 471 2014 Si
495 1987 570 2013 enim"
585 1995 670 2014 omnes
693 1995 762 2014 meas
777 1987 907 2022 facultates
922 1987 994 2015 dislri

575 133 603 161 S.
623 131 763 161 JOANNIS
781 129 1014 159 Clil‘tYSOSTOMI
1033 129 1194 157 ARCHIEP.
1213 129 1479 157 CONSTANTINOP.

1808 131 1862 160 2f)

1066 187 1141 214 bucro
1158 187 1185 214 in
1196 187 1265 214 cibos
1279 195 1417 223 pauperum
1429 208 1436 222 ,
1451 192 1475 215 et
1488 188 1510 216 si
1524 188 1654 215 tradidero
1669 196 1762 224 corpus
1777 198 1862 219 meum

1065 238 1094 260 ut
1107 228 1214 265 ardeat,
1238 234 1370 260 caritatem
1391 239 1475 261 autem
1498 242 1548 261 non
1573 233 1696 268 habeam,
1719 236 1784 264 nihil
1800 237 1862 264 mihi

1066 279 1166 315 prodest
1178 279 1216 314 (l.
1226 278 1286 306 Cor.
1299 279 1342 307 15.
1358 280 1402 315 5),
1416 280 1511 315 inquit.
1525 280 1615 308 Viden‘
1623 286 1752 314 quantum
1766 282 1863 310 Paulus

1065 327 1154 362 exigat
1169 334 1183 353 a
1199 327 1298 354 nobis?
1321 334 1483 362 quamquam
1498 328 1521 355 is
1535 328 1580 363 qui
1603 327 1679 356 cibos
1703 329 1861 362 distribuit,

1066 379 1120 399 non
1141 379 1208 405 sua,
1234 371 1281 400 sed
1304 380 1364 407 qua:
1385 373 1499 408 proximi
1513 378 1594 407 sunt,
1608 379 1721 409 quem.
1742 375 1794 402 Sed
1808 375 1860 403 hoc

1066 416 1153 445 solum
1179 424 1233 445 non
1263 417 1379 451 sufﬁcit,
1409 419 1495 454 inquit
1515 427 1523 446 ε
1543 427 1604 446 nam
1632 419 1698 447 illud
1716 420 1862 450 admodum

1066 463 1171 490 sincere
1183 463 1239 490 vult
1251 464 1383 498 prmstari,
1392 468 1419 491 et
1432 472 1492 491 cum
1508 473 1603 500 magna
1613 466 1859 495 commiseratione.

1067 508 1129 537 Ideo
1149 510 1220 536 enim
1235 509 1286 537 hoc
1305 510 1377 537 Deus
1389 511 1518 545 prmeepit
1529 531 1537 544 ,
1553 515 1583 539 ut
1595 512 1629 540 ad
1643 512 1778 541 vinculum
1789 514 1861 541 cari-

1068 555 1129 582 tatis
1142 554 1296 583 adduceret.
1314 554 1380 583 Cum
1393 563 1458 591 ergo
1473 556 1518 584 ille
1534 561 1635 585 tantam
1651 558 1740 594 exigat
1754 567 1860 587 mensu-

1067 608 1122 628 rant
1134 621 1142 633 ,
1167 609 1216 628 nos
1235 609 1299 629 vero
1319 610 1406 638 neque
1420 603 1491 638 quod
1512 604 1600 632 minus
1617 610 1660 633 est
1674 606 1840 640 prtebeamus
1852 628 1860 641 ,

1067 655 1119 682 qua
1132 647 1204 682 digni
1215 648 1315 676 erimus
1328 648 1426 676 venia?
1441 649 1475 676 Et
1487 650 1634 685 quomodo,
1650 651 1754 686 inquies
1763 673 1771 685 ,
1787 652 1860 680 dice-

1067 694 1112 721 bat
1128 693 1198 722 Deus
1220 694 1287 721 Loto
1309 702 1357 729 per
1370 695 1497 731 angelos,
1522 696 1634 724 Seruus
1655 705 1727 724 serva
1749 699 1861 726 animum

1067 739 1222 774 tuauiwen.
1239 740 1282 768 t9.
1297 740 1332 768 22
1343 740 1376 775 )‘j'
1393 740 1437 768 dic
1460 742 1566 777 quando
1590 747 1616 771 et
1638 751 1732 778 quare.
1747 744 1860 778 Quando

1068 787 1232 815 inferebatur
1272 788 1452 823 supplicium,
1486 796 1540 816 non
1574 790 1681 825 quando
1717 791 1860 826 oportebat

1067 833 1166 868 corrigi
1176 854 1184 867 ,
1196 834 1242 862 sed
1255 835 1361 869 quando
1373 835 1490 863 damnati
1504 841 1581 864 erant
1593 841 1620 865 et
1633 836 1772 866 iucurabili
1788 846 1862 866 mor-

1068 879 1103 907 bo
1117 880 1273 909 laborabant
1284 900 1294 915 ,
1317 888 1349 909 ac
1368 888 1448 910 senes
1465 882 1633 918 juvenesque
1647 884 1673 911 iu
1695 885 1803 913 eosdem
1817 886 1860 913 in-

1068 926 1188 954 silierant
1199 934 1320 961 amores,
1332 935 1364 956 ac
1378 928 1488 957 deus.
1497 929 1618 958 comburi
1632 930 1692 958 illos
1707 932 1858 966 oportebat,

1067 977 1095 1000 et
1115 972 1141 999 in
1156 973 1199 1000 illa
1212 972 1255 1001 die
1268 994 1275 1006 ,
1290 981 1351 1001 cum
1367 973 1477 1002 fulmina
1498 975 1668 1004 immittenda
1681 982 1767 1004 erant.
1784 978 1860 1005 Alio-

1068 1017 1131 1053 quin
1155 1022 1245 1046 autem
1270 1026 1324 1046 non
1339 1018 1373 1046 de
1386 1019 1451 1047 vitio
1465 1024 1493 1047 et
1503 1020 1603 1048 virtute
1621 1020 1678 1049 hare
1697 1022 1767 1050 dicta
1781 1027 1859 1055 sunt,

1068 1063 1115 1091 sed
1137 1063 1171 1091 de
1187 1064 1263 1099 plaga
1282 1064 1410 1093 divinitus
1433 1066 1561 1094 immissa.
1582 1067 1651 1101 Quid
1667 1069 1752 1101 enim,
1768 1077 1861 1104 qua‘so

1069 1114 1110 1143 te,
1126 1110 1276 1138 faciendum
1298 1112 1375 1140 erat?
1395 1120 1428 1140 an
1450 1113 1546 1141 sedere
1564 1115 1704 1149 oportebat
1717 1121 1744 1144 et
1759 1118 1861 1152 suppli-

1068 1156 1138 1183 cium
1152 1156 1274 1192 aceipere
1285 1178 1292 1191 ,
1312 1162 1340 1185 et
1357 1158 1415 1185 sine
1433 1159 1521 1194 aliqua
1536 1159 1642 1188 illorum
1658 1161 1771 1190 utilitate
1782 1170 1859 1190 com-

1069 1201 1145 1228 buri?
1172 1202 1207 1229 At
1230 1201 1281 1230 hoc
1306 1207 1433 1231 extrema:
1460 1204 1603 1233 dementia:
1631 1205 1735 1235 fuisset.
1767 1207 1860 1244 Neque

1068 1248 1139 1275 enim
1163 1247 1213 1276 hoc
1225 1255 1276 1283 ego
1287 1248 1362 1281 dico,
1385 1249 1455 1285 quod
1472 1250 1569 1278 frustra
1584 1255 1611 1279 et
1624 1251 1756 1280 incassum
1778 1261 1860 1289 opor-

1069 1298 1123 1321 teat
1147 1294 1307 1330 supplicium
1330 1296 1438 1328 subire.
1463 1301 1561 1331 praeter
1585 1297 1631 1325 Dei
1647 1298 1772 1334 placitum
1789 1300 1859 1328 :sed

1068 1340 1175 1375 quando
1197 1340 1278 1368 homo
1302 1341 1329 1368 in
1351 1342 1469 1377 nequitia
1491 1348 1631 1378 versatur,
1648 1348 1710 1373 tunc
1727 1345 1811 1381 iubeo
1832 1351 1859 1375 to

1069 1386 1095 1413 in
1111 1386 1227 1414 medium
1251 1387 1360 1423 injicere
1373 1393 1400 1416 et
1413 1389 1486 1416 illum
1502 1397 1617 1423 curare;
1634 1396 1744 1426 propter
1764 1393 1858 1428 proxi-

1068 1433 1104 1459 mi
1125 1432 1282 1466 utilitatem,
1304 1433 1326 1461 si
1340 1434 1446 1468 quidem
1469 1435 1556 1468 velis;
1579 1436 1620 1464 sin
1642 1437 1746 1470 minus,
1762 1438 1858 1466 saltem

1069 1483 1177 1513 propter
1191 1483 1272 1506 tuam.
1296 1479 1362 1507 lilud
1376 1487 1457 1515 porro
1480 1481 1574 1509 melius
1596 1486 1659 1509 est:
1675 1483 1745 1518 quod
1765 1483 1789 1510 si
1804 1492 1858 1513 non

1067 1524 1100 1551 ad
1127 1524 1196 1552 hanc
1221 1524 1410 1553 sublimitatem
1436 1527 1572 1562 attigeris,
1602 1527 1700 1556 saltem
1724 1529 1761 1556 tui
1775 1537 1857 1557 causa

1068 1571 1158 1599 facias.
1186 1571 1220 1599 Et
1243 1579 1323 1600 nemo
1347 1572 1418 1608 quod
1433 1580 1510 1601 suum
1535 1578 1577 1602 est
1599 1579 1719 1610 quaerat,
1736 1582 1764 1604 ut
1786 1578 1858 1612 quod

1067 1626 1144 1645 suum
1159 1623 1202 1646 est
1217 1618 1334 1646 inveniat
1348 1627 1355 1646 :
1370 1624 1397 1647 et
1410 1620 1558 1655 cogitantes
1569 1641 1577 1653 ,
1592 1629 1680 1656 neque
1703 1622 1857 1651 facultatum

1067 1663 1262 1692 abdicationem
1272 1684 1280 1697 ,
1298 1672 1384 1699 neque
1405 1667 1576 1701 martyrium,
1596 1674 1683 1702 neque
1694 1667 1765 1696 aliud
1779 1669 1858 1703 quid-

1068 1710 1137 1744 piam
1158 1709 1235 1736 uobis
1257 1710 1419 1744 patrocinari
1435 1717 1513 1745 posse
1524 1731 1532 1744 ,
1547 1711 1597 1739 nisi
1610 1719 1741 1740 summam
1757 1714 1856 1741 carita-

1067 1761 1120 1783 tem
1148 1755 1309 1790 haheamus,
1337 1756 1406 1784 hanc
1431 1765 1487 1792 prae
1512 1757 1572 1785 aliis
1594 1766 1750 1793 servemus,
1766 1765 1793 1787 ut
1809 1768 1857 1795 per

1066 1802 1138 1829 illam
1163 1802 1214 1829 alia
1247 1809 1443 1838 consequamur
1468 1807 1496 1832 et
1519 1806 1659 1839 praesentia
1682 1810 1708 1833 et
1725 1807 1856 1842 promissa

1066 1848 1134 1876 bona
1150 1856 1157 1875 :
1173 1856 1233 1883 quze
1256 1849 1355 1876 utinam
1381 1857 1429 1877 nos
1451 1857 1546 1878 omnes
1567 1851 1747 1886 adipiscamur
1769 1854 1855 1888 gratia

1065 1899 1092 1922 et
1115 1894 1279 1928 benignitate
1300 1895 1405 1922 Domini
1420 1896 1504 1923 nostri
1526 1896 1590 1924 Jesu
1603 1896 1723 1930 Christi,
1746 1899 1854 1933 quicum

1065 1940 1136 1968 Patri
1148 1948 1253 1976 unaque
1261 1940 1371 1976 Spiritui
1381 1945 1475 1968 sancto
1484 1942 1579 1977 gloria,
1592 1942 1744 1977 imperium,
1757 1943 1855 1977 honor,

1065 1995 1134 2015 nunc
1149 1992 1174 2015 et
1187 1994 1309 2022 semper,
1323 1991 1349 2015 et
1361 1987 1388 2015 in
1401 1988 1497 2015 smcula
1511 1988 1681 2016 saeculorum.
1697 1990 1793 2018 Amen.

884 2090 1056 2122 HOMILIA
1077 2091 1194 2123 XXVI.

217 2166 281 2193 Car.
297 2165 339 2192 ΙΙ.
353 2171 380 2191 v.
396 2163 423 2190 2.
439 2162 529 2189 Laudo
542 2167 626 2189 autem
639 2170 692 2194 vos,
705 2164 806 2198 fratres,
817 2162 885 2197 quod
900 2171 944 2198 per
955 2171 1010 2190 om-

253 2212 296 2238 uia
306 2211 353 2237 mei
368 2217 490 2236 memores
504 2208 574 2242 estis,
589 2212 613 2235 et
625 2208 689 2235 sicut
699 2208 795 2235 tradidi
810 2208 877 2235 vobis
890 2208 1009 2235 traditio—

252 2265 307 2290 nes,
326 2257 362 2282 ita
385 2255 483 2282 tenetis.

254 2303 280 2330 Ι.
296 2302 362 2331 Cum
378 2301 537 2329 absolvisset
550 2300 699 2328 cntionem
712 2299 747 2328 de
766 2299 798 2327 iis
811 2307 871 2334 quas
885 2300 1010 2327 immola-

216 2356 242 2377 ta
257 2354 319 2376 sunt
332 2348 420 2381 idolis,
436 2352 464 2374 ut
475 2354 504 2374 se
518 2347 605 2374 facere
618 2347 740 2379 decebat,
756 2351 783 2374 et
795 2354 854 2374 eam
868 2346 1008 2381 perfectis-

216 2397 311 2423 simam
338 2394 456 2427 fecisset,
479 2394 575 2421 transit
598 2393 632 2421 ad
657 2393 746 2426 aliud,
772 2394 845 2429 quod
869 2398 896 2420 et
921 2393 1007 2428 ipsum

216 2443 318 2470 crimen
330 2444 398 2473 erat,
413 2439 459 2467 sed
471 2447 524 2467 non
537 2444 649 2467 tantum.
664 2439 742 2471 Nam,
757 2443 786 2466 ut
793 2439 849 2474 jam
860 2439 925 2472 dixi,
937 2447 1007 2467 nunc

216 2495 322 2524 quoque
335 2487 422 2514 dicam
432 2507 438 2519 ,
456 2486 543 2522 ipsum
557 2493 610 2513 non
623 2486 795 2513 continenter
808 2492 908 2519 ponere
922 2485 1006 2513 vehe-

216 2535 361 2562 mentiores
376 2533 574 2564 accusationes;
591 2532 638 2560 sed
661 2532 727 2567 ipsis
740 2531 897 2566 congruenti
912 2531 1006 2558 ordine

216 2580 320 2615 positis,
339 2578 495 2606 inmedium
517 2585 611 2606 eorum
633 2577 733 2605 leviora
756 2577 860 2610 inserit,
885 2577 956 2612 quod
980 2577 1004 2604 iu

214 2633 338 2654 sermone
352 2625 490 2653 molestius
500 2629 541 2652 est
551 2624 720 2652 audientibus
728 2631 760 2650 ex
770 2623 904 2659 frequenti
918 2624 1005 2652 incre-

213 2672 330 2708 patione,
345 2672 431 2699 lenius
445 2671 571 2699 reddens.
586 2670 701 2705 Ideoque
716 2669 787 2705 quod
801 2669 1005 2697 vehementissi-

213 2727 284 2746 mum
304 2719 423 2746 omnium
436 2723 503 2750 erat,
522 2724 618 2751 nempe
631 2715 664 2743 de
680 2716 886 2748 resurrectione,
900 2720 1002 2751 postre-

212 2772 283 2791 mum
298 2765 379 2799 ponit.
396 2764 503 2792 Interim
516 2770 579 2790 vero
591 2762 624 2789 ad
638 2761 720 2794 aliud,
741 2762 812 2796 quod
827 2762 913 2789 lenius
926 2767 985 2791 erat
995 2784 1001 2794 ,

212 2811 343 2844 procedit,
357 2809 450 2838 dicens
467 2817 474 2837 :
488 2808 578 2836 Lauda
599 2813 682 2835 autem
702 2816 754 2839 vos.
779 2808 846 2843 quod
861 2816 905 2843 per
917 2810 1002 2836 omnia

209 2858 258 2884 me;
283 2866 402 2885 utentum
427 2857 496 2884 estis.
524 2855 589 2883 Nam
612 2863 672 2883 cum
693 2854 726 2884 de
748 2854 865 2882 admisso
889 2861 998 2890 peccato

1063 2169 1178 2196 constat,
1206 2164 1381 2192 vehementer
1404 2166 1506 2193 incusat
1527 2171 1555 2193 et
1577 2165 1775 2193 comminatur:
1791 2173 1852 2194 cum

1062 2215 1151 2237 autem
1173 2210 1207 2238 de
1222 2215 1332 2245 peccato
1351 2211 1499 2243 dubitatur,
1516 2212 1580 2239 illud
1602 2213 1688 2247 primo
1705 2212 1810 2246 probat,
1826 2217 1853 2240 ct

1063 2261 1125 2284 tunc
1137 2257 1271 2292 increpat:
1283 2262 1311 2285 et
1320 2257 1390 2292 quod
1400 2258 1507 2293 quidem
1517 2258 1542 2285 in
1551 2258 1677 2286 confesso
1687 2263 1728 2286 est
1737 2259 1851 2291 extollit;

1062 2303 1127 2330 illud
1142 2311 1216 2336 vero,
1232 2304 1266 2331 de
1280 2311 1333 2339 quo
1347 2304 1493 2336 dubitatur,
1509 2305 1536 2332 in
1554 2305 1680 2332 confesso
1687 2312 1748 2333 esse
1760 2310 1853 2332 osten-

1061 2349 1109 2376 dit.
1122 2349 1245 2384 Exempli
1256 2357 1335 2377 csusa
1344 2350 1378 2378 de
1389 2349 1564 2378 fornicatione
1581 2350 1686 2385 quidem
1695 2351 1850 2383 constabat;

1061 2395 1174 2430 ideoque
1190 2403 1242 2423 non
1259 2403 1326 2430 opus
1340 2395 1389 2422 fuit
1411 2396 1554 2423 ostendere
1570 2396 1596 2423 id
1610 2403 1671 2424 esse
1694 2401 1849 2431 peccatum:

1060 2441 1107 2468 sed
1122 2441 1213 2469 delicti
1233 2442 1441 2477 magnitudinem
1463 2442 1517 2469 illic
1533 2442 1664 2476 probavit,
1678 2446 1706 2469 et
1716 2450 1763 2477 per
1777 2449 1851 2469 cout-

1061 2487 1223 2521 parationem
1250 2487 1400 2514 orationem
1424 2487 1545 2522 protulit.
1566 2487 1669 2515 Rursus
1689 2487 1758 2521 apud
1782 2487 1850 2514 alios

1057 2532 1180 2567 judicari,
1206 2538 1342 2568 peccatum
1365 2533 1474 2568 quidem
1497 2538 1566 2565 erat,
1587 2534 1633 2560 sed
1658 2540 1711 2560 non
1727 2537 1848 2564 tantum;

1059 2577 1172 2613 ideoque
1187 2578 1250 2605 illud
1264 2579 1397 2613 interjecit
1409 2583 1436 2606 et
1450 2578 1582 2613 probavit.
1598 2578 1635 2605 De
1649 2578 1680 2606 iis
1694 2578 1774 2606 etiam
1790 2585 1849 2613 qum

1058 2625 1137 2653 idolis
1148 2625 1283 2652 immolata
1293 2630 1370 2652 erant
1380 2625 1560 2658 dubitabatur,
1572 2624 1619 2652 sed
1631 2632 1756 2660 magnum
1766 2624 1847 2652 etiam

1058 2672 1156 2698 malum
1172 2675 1245 2698 erat:
1260 2674 1424 2706 quapropter
1437 2669 1557 2697 ostendit
1567 2677 1627 2698 esse
1641 2674 1792 2704 peccatum,
1807 2669 1847 2696 id-

1057 2724 1109 2752 que
1126 2716 1217 2744 verbis
1237 2716 1351 2744 estollit.
1377 2715 1490 2750 Quando
1509 2720 1599 2743 autem
1623 2715 1675 2743 hoc
1695 2714 1768 2747 facit,
1792 2721 1847 2741 non

1056 2763 1142 2790 solum
1157 2762 1265 2790 abducit
1279 2770 1293 2789 a
1317 2762 1484 2794 criminibus,
1499 2761 1547 2789 sed
1561 2761 1642 2789 etiam
1656 2760 1689 2788 ad
1711 2759 1845 2788 contraria

1056 2809 1137 2836 ducit.
1155 2808 1245 2844 Neque
1257 2808 1328 2836 enim
1341 2807 1408 2835 dixit
1423 2807 1503 2835 modo
1523 2814 1578 2835 non
1590 2811 1716 2842 oportere
1731 2805 1844 2833 fornica-

1056 2855 1087 2888 ri,
1106 2854 1152 2882 sed
1166 2854 1246 2881 etiam
1259 2861 1380 2888 magnam
1393 2860 1453 2881 esse
1467 2851 1644 2881 exhibendam
1657 2851 1842 2880 sanctitatem.
