2046 3114
175 141 228 168 213

175 201 290 234 Ideoque
304 199 442 233 subjunin
455 206 461 226 :
479 197 626 232 Gloriﬁcate
637 198 719 225 Deum
729 198 756 225 iit
768 206 873 234 corpore
883 202 965 225 vestro

176 251 198 273 et
216 245 309 279 spiritu
322 251 406 272 vestro
426 242 535 279 (LCor.
551 243 578 271 6.
591 243 648 275 20).
672 244 706 270 Et
726 251 818 271 rursus
839 251 899 271 cum
919 244 966 270 di-

176 292 257 319 xisset
273 299 327 317 non
341 295 465 326 oportere
478 290 624 324 sapientem
635 297 694 317 esse
705 295 814 317 externa
824 291 964 324 sapientia,

175 346 228 366 non
247 338 299 365 hoc
317 341 459 364 contentus
477 341 529 369 est,
550 336 596 363 sed
616 336 692 371 jttbet
713 337 822 363 stultum
843 336 911 363 ﬁeri.
933 336 966 363 Et

175 392 234 412 cum
248 384 295 410 dat
314 383 458 410 consilium
479 389 531 409 non
544 381 645 416 judicio
660 382 879 409 contendendum
905 388 965 409 esse

174 429 242 464 apud
268 433 408 460 externos,
433 435 520 459 neque
543 428 666 462 injuriam
695 435 755 454 esse
782 427 965 460 inferendam;

175 482 333 510 progressus
358 475 439 502 etiam
460 473 562 509 judicio
589 474 753 501 contendere
779 474 912 508 prohibet,
938 478 965 501 et

172 522 314 550 consilium
333 521 379 548 dat
391 525 418 547 ut
437 528 489 547 non
508 520 587 547 modo
604 527 656 547 non
669 520 791 554 injuriam
808 520 962 553 inferamus,

173 569 218 596 sed
229 572 259 595 ut
269 568 394 601 injuriam
407 567 547 601 patiamur.
561 567 594 594 Et
604 567 637 594 de
649 567 803 602 idolothytis
814 567 961 599 disserens,

173 621 225 640 non
246 613 314 641 dixit
328 613 408 640 modo
422 620 436 639 a
452 612 592 646 prohibitis
612 612 746 639 abstinere
764 617 898 646 oportere.
916 612 963 639 sed

173 660 253 687 etiam
276 667 292 686 a
317 659 463 691 concessis,
488 658 594 693 quando
619 666 661 686 res
683 658 845 686 offendicula
869 659 961 690 fuerit;

173 713 258 741 neque
270 705 351 732 modo
366 713 418 732 non
429 705 604 731 offendendos
617 711 676 732 esse
689 704 794 735 fratres,
809 713 900 732 verum
913 713 962 732 nec

172 752 280 779 Gratcos
293 759 342 778 nec
361 751 485 783 Iudaeos;
502 751 565 778 Sine
577 750 725 784 o/fensione,
742 751 836 786 inquit,
851 756 928 778 estote
940 756 962 778 et

172 797 270 824 Judaa's
284 802 308 824 et
332 797 428 824 Gracia
441 802 463 823 et
482 797 605 824 Ecclesia:
626 797 683 825 Dei.
698 797 765 824 Cum
788 805 851 832 ergo
872 798 961 825 dehis

174 844 296 871 omnibus
318 843 466 870 orationem
488 843 656 875 absolvisset,
679 843 807 877 deinceps
832 843 865 870 ad
890 843 960 870 aliud

174 891 274 918 crimen
293 890 425 926 procedit.
446 889 584 922 Quodnam
599 889 663 917 illud
681 890 758 916 erat?
778 890 902 917 Mulieres
914 890 960 917 de-

175 940 250 963 tectte
263 940 290 964 et
312 935 385 962 nudo
407 936 493 969 capite
516 939 543 962 et
566 935 679 962 orabant
702 940 729 962 ct
749 936 958 970 prophetabant;

174 987 234 1009 tunc
245 982 318 1009 euitu
334 981 526 1017 prophetabant
539 982 679 1009 mulieres:
693 982 742 1009 viri
756 987 843 1009 autem
856 990 959 1009 comam

173 1028 289 1061 alebant,
312 1033 405 1060 utpote
422 1028 467 1062 qui
486 1028 511 1054 in
535 1027 702 1062 philosophia
731 1033 912 1060 versarentur,
933 1033 960 1055 et

173 1074 298 1108 tegebant
309 1078 388 1108 caput
398 1078 505 1100 orantes
515 1079 540 1100 ct
552 1073 759 1108 prophetantes;
773 1074 842 1108 quod
857 1079 959 1101 utrum-

171 1127 222 1155 que
232 1120 301 1154 legis
322 1119 552 1147 Grmcurumerat.
575 1120 640 1153 Quia
652 1128 715 1154 ergo
730 1120 817 1146 dehis
837 1121 959 1147 omnibus

171 1173 226 1197 eos,
253 1173 315 1193 cum
335 1166 451 1198 adesset,
475 1166 625 1197 admonuit;
644 1171 670 1193 et
691 1167 810 1192 fortascis
833 1167 876 1193 alii
901 1167 959 1201 qni-

170 1211 229 1238 dettt
240 1211 391 1243 audierant,
403 1212 447 1238 alii
460 1220 511 1238 non
522 1217 680 1246 paruerant:
694 1212 753 1239 ideo
765 1220 811 1247 per
820 1213 957 1247 epistolam

170 1264 273 1289 rursus,
299 1261 329 1284 ut
347 1257 454 1290 sapiens
473 1257 601 1289 medicus,
621 1258 700 1284 verba
723 1258 877 1290 infundens,
895 1267 957 1293 ch<

169 1307 257 1330 catum
279 1303 400 1337 corrigit.
421 1303 486 1330 Nam
509 1303 577 1338 quod
590 1310 636 1331 eos
654 1303 708 1338 jam
720 1311 780 1330 cum
792 1304 897 1331 adesset
910 1304 956 1331 atl-

170 1349 314 1380 ntonuerit,
327 1349 413 1383 palam
427 1353 467 1376 cst
480 1356 512 1376 ex
523 1350 553 1375 iis
567 1357 626 1383 qua)
638 1349 663 1375 in
676 1350 806 1383 prooemio
819 1349 892 1377 dicit.
903 1349 958 1376 Cur

169 1394 240 1421 eniut
251 1401 312 1421 cum
326 1394 392 1431 niltjl
408 1394 456 1421 hac
468 1394 502 1421 de
514 1402 543 1422 re
554 1395 663 1421 dixisset
673 1403 783 1430 usquam
796 1396 821 1423 in
832 1397 956 1431 epistola,

169 1440 215 1467 sed
236 1440 271 1467 ab
290 1440 352 1467 aliis
365 1441 521 1468 criminibus
537 1441 654 1468 invectus
665 1447 746 1475 esset,
768 1443 857 1470 statim
877 1443 956 1470 dicit:

168 1486 258 1514 Laudo
272 1492 358 1514 autent
371 1496 429 1521 ros,
445 1489 510 1522 quod
525 1497 569 1523 per
586 1489 670 1515 omnia
685 1490 733 1517 mei
748 1499 869 1518 memores
883 1492 956 1524 estis,

169 1539 192 1560 at
207 1533 273 1560 sicut
296 1533 392 1559 tradidi
412 1534 479 1560 vobis
496 1534 655 1567 traditiones,
676 1535 711 1562 ita
731 1536 836 1562 tenetis?
865 1536 957 1564 Vidcn‘

169 1579 302 1614 quomodo
325 1580 370 1606 alii
397 1580 503 1614 quidem
526 1581 668 1612 audierint,
694 1589 761 1616 quos
788 1583 891 1615 laudat;
912 1584 956 1610 alii

170 1634 222 1652 tum
235 1625 381 1658 audierint,
396 1633 464 1660 quos
483 1627 594 1661 corrigit
610 1635 656 1661 per
676 1629 825 1662 sequentia.
847 1629 954 1657 dicens:

169 1670 198 1698 Si
211 1679 267 1706 quis
279 1677 364 1698 autem
374 1671 471 1698 videtur
483 1680 536 1699 esse
548 1674 726 1707 contentiosus,
745 1682 790 1701 nos
806 1675 881 1701 talem
894 1684 956 1702 cun-

169 1716 324 1743 sttetudinem
338 1725 389 1744 non
400 1717 518 1744 habemus
529 1717 567 1753 (Ι.
584 1718 642 1745 Cor.
656 1720 699 1746 11.
714 1720 777 1754 16)ἳ
788 1720 854 1747 Nam
867 1722 956 1749 sialiis

171 1768 241 1790 recte
252 1762 403 1798 agentibus,
417 1763 477 1790 aliis
488 1771 540 1790 non
554 1765 733 1798 audientibus,
750 1773 844 1793 omnes
860 1767 885 1794 in
901 1768 954 1794 cri-

170 1815 231 1834 men
243 1812 375 1841 vocasset,
396 1808 457 1836 illos
470 1809 636 1843 audaciores,
651 1810 700 1838 hos
714 1812 850 1846 segniores
866 1813 955 1840 reddi-

168 1852 263 1881 disset:
280 1861 352 1881 nunc
363 1859 452 1881 autem
466 1855 532 1882 alios
543 1856 654 1883 laudans
667 1860 694 1883 et
706 1863 831 1892 acceptos
843 1858 954 1892 habens,

167 1898 234 1926 alios
245 1899 401 1935 objurgans,
416 1904 444 1927 et
463 1900 522 1928 illos
537 1902 621 1936 magis
641 1903 796 1936 concitavit,
811 1908 838 1931 et
851 1904 893 1931 his
908 1912 956 1939 pu~

167 1946 260 1973 dorem
276 1947 397 1974 incussit.
418 1947 483 1974 Nam
505 1948 679 1982 reprehensio
700 1957 748 1983 per
768 1958 796 1976 se
814 1951 899 1977 solum
922 1952 954 1978 ad

168 1991 369 2024 percellendum
379 1992 492 2026 sufficit;
501 2001 562 2020 cum
574 2001 638 2021 vero
651 1995 719 2021 fitad
729 1996 954 2030 comparationem

167 2039 290 2070 aliorum,
303 2039 347 2074 qui
359 2039 487 2073 prtuclare
500 2045 611 2075 egerunt
621 2045 648 2068 et
662 2041 812 2073 laudantur,
825 2042 954 2077 majorem

168 2084 250 2112 infert
270 2084 418 2112 stimulum.
441 2085 492 2113 Sed
509 2086 613 2113 interim
635 2095 688 2113 non
702 2095 716 2113 a
735 2088 952 2122 reprehensione,

167 2130 216 2158 sed
237 2130 272 2158 ab
290 2131 419 2158 encomiis
434 2132 546 2163 orditur,
563 2137 590 2159 et
605 2140 618 2158 a
642 2133 745 2168 magnis
759 2133 898 2167 cncomiis,
913 2135 955 2161 di-

166 2183 245 2203 cens:
260 2175 350 2204 Laudo
365 2182 449 2204 autem
461 2185 514 2211 vos,
530 2178 599 2213 quod
612 2187 657 2213 per
670 2179 755 2205 omnia
770 2179 818 2206 mei
833 2188 954 2207 memores

167 2222 234 2249 (uis.
249 2222 322 2250 Talis
336 2223 406 2250 enim
418 2231 476 2251 mos
486 2230 526 2251 est
540 2224 624 2256 Pauli,
637 2231 685 2258 pro
699 2225 787 2258 parvis
799 2226 879 2252 etiam
894 2226 953 2254 lau-

166 2268 213 2295 des
225 2276 338 2304 magnas
351 2270 425 2301 texit,
441 2277 494 2297 non
507 2278 540 2297 ex
555 2270 719 2304 adulatione,
736 2271 821 2304 absit;
837 2280 951 2306 quomo-

165 2315 199 2342 do
211 2315 283 2343 enim
297 2316 337 2343 sic
354 2321 455 2351 ageret,
470 2324 530 2344 cum
552 2324 602 2344 nec
617 2318 754 2352 pecunias,
770 2325 818 2345 nec
831 2319 950 2353 gloriam,

166 2368 215 2388 nec
226 2361 298 2389 aliud
312 2361 376 2396 quid
389 2361 475 2389 simile
490 2363 612 2398 expetat?
623 2362 670 2390 sed
686 2370 734 2397 pro
748 2364 853 2391 illorum
868 2364 951 2392 salute

165 2407 255 2434 omnia
273 2406 385 2435 faciens.
408 2408 522 2444 Ideoque
543 2409 646 2436 laudem
662 2417 769 2444 quoque
788 2410 892 2437 extollit
913 2410 953 2437 di-

165 2460 238 2487 cens,
253 2453 344 2481 Laudo
355 2461 438 2482 autent
450 2464 505 2488 vos,
516 2457 583 2491 quod
603 2465 647 2491 per
665 2458 750 2484 omnia
767 2457 814 2484 mei
831 2466 953 2485 memores

165 2498 234 2526 alia.
254 2499 385 2533 Quaenam
400 2506 462 2528 sunt
481 2502 522 2528 illa
539 2502 647 2529 omnia?
666 2502 732 2529 Nam
754 2503 787 2530 de
802 2510 876 2530 coma
899 2511 952 2531 non

165 2543 271 2578 alenda,
282 2550 310 2573 et
320 2546 353 2572 de
367 2547 453 2581 capite
466 2555 517 2573 non
533 2547 647 2582 tegendo
658 2552 760 2574 tantum
778 2548 950 2583 loquebatur:

165 2591 221 2624 sed,
239 2597 268 2619 ut
290 2593 356 2625 dixi,
381 2594 473 2622 laudes
497 2595 590 2628 variat,
607 2600 634 2622 ut
657 2596 834 2631 promptiores
846 2597 948 2624 reddat.

165 2635 225 2666 Ideo
237 2639 285 2671 ait,
304 2638 379 2672 Quod
393 2649 439 2675 per
455 2642 539 2667 omnia
560 2642 607 2668 mei
618 2650 739 2669 memores
760 2645 827 2676 estis,
842 2647 866 2669 et
887 2643 952 2670 sicut

165 2683 259 2711 tradidi
281 2685 349 2712 vobis
375 2686 532 2718 traditiones,
561 2688 597 2713 ita
621 2688 717 2714 tenetis.
746 2688 816 2722 Ergo
839 2692 866 2715 et
893 2689 951 2715 sine

164 2730 263 2763 scripto
293 2731 377 2758 multa
411 2737 474 2759 tunc
502 2733 553 2760 illis
584 2733 714 2764 tradebat,
740 2734 811 2768 quod
837 2738 864 2761 et
889 2734 950 2760 alibi

163 2780 267 2809 tutoque
280 2776 372 2804 multis
386 2778 412 2804 in
429 2778 493 2805 locis
512 2778 592 2806 dicit:
607 2779 653 2806 sed
675 2783 736 2806 tunc
749 2779 856 2814 quidem
871 2779 951 2806 tradi-
978 2811 984 2817 ν

163 2818 202 2846 dit
214 2824 329 2855 tantum,
346 2830 417 2850 nunc
430 2831 495 2851 vero
508 2825 586 2851 etiam
600 2832 707 2852 causata
723 2825 808 2852 affert.
824 2825 861 2852 Ita
876 2825 948 2852 enim

164 2870 191 2891 et
206 2864 254 2894 llos
269 2868 410 2898 audientes
426 2869 552 2898 fortiores
572 2871 709 2903 reddebat,
733 2876 759 2898 et
779 2871 884 2898 illorum
899 2870 946 2897 ad-

327 2915 463 2944 ΡΑτιιοι,
486 2914 506 2940 (ἱ
515 2922 542 2941 n.
570 2912 644 2942 LXI.

669 139 702 167 ΙΝ
722 139 828 168 EPIST.
848 139 858 166 1
891 140 937 166 ΑΙ)
957 139 1034 168 (2οη.
1055 140 1171 168 IIOMIL.
1192 142 1287 169 XXVI.
1316 159 1319 163 «

1759 149 1811 175 Si".

1021 200 1185 227 rersantium
1198 201 1293 229 fastum
1304 202 1471 232 detrahebat.
1484 204 1587 233 Deinde
1595 213 1648 234 nou
1659 206 1732 239 dicit,
1745 208 1809 241 Quia

1019 253 1067 272 vos
1082 245 1220 280 obedistis,
1237 248 1281 275 alii
1292 256 1357 276 vero
1369 257 1422 276 non
1437 250 1611 283 ohedicrunt;
1628 251 1675 279 sed
1689 253 1747 279 sine
1759 254 1809 280 ulla

1019 291 1171 325 suspicione
1185 301 1219 320 ex
1232 293 1352 321 doctrina
1368 303 1415 322 sua
1429 295 1455 322 id
1467 296 1618 323 subindicat
1632 296 1658 324 in
1673 299 1809 332 sequenti-

1019 337 1079 370 htts,
1095 338 1134 365 sic
1151 338 1276 373 loquens:
1291 341 1317 367 5.
1336 339 1399 368 Volo
1410 347 1493 368 autent
1506 350 1548 369 vos
1559 344 1632 374 scire,
1650 343 1718 376 quod
1729 345 1809 371 omnis

1018 383 1064 409 uiri
1080 390 1155 418 caput
1168 384 1282 412 Christus
1293 391 1344 419 est;
1356 392 1432 422 caput
1442 392 1525 414 autem
1539 389 1652 416 mulieris
1667 390 1720 422 vir;
1732 397 1808 423 caput

1017 437 1075 456 vero
1099 429 1192 457 Christi
1217 431 1295 458 Deus.
1321 432 1383 459 llarc
1398 437 1439 460 est
1453 434 1560 468 quidem
1574 442 1660 462 causa)
1674 435 1808 466 redditio;

1017 482 1076 501 eam
1096 483 1161 503 vero
1178 475 1265 510 affert,
1289 477 1478 506 imbecilliores
1501 479 1618 507 reddens
1640 481 1807 509 attentior-es.

1017 520 1067 554 Qui
1081 529 1144 555 ergo
1165 521 1250 549 fidelis
1273 529 1311 550 est
1329 528 1355 549 et
1378 523 1464 556 fortis,
1480 530 1509 551 ut
1530 533 1577 560 par
1591 531 1642 559 est,
1663 528 1768 554 ratione
1781 531 1808 555 et

1017 573 1096 592 causa
1111 575 1162 593 non
1177 573 1236 602 eget
1251 575 1299 602 pro
1312 569 1344 595 iis
1356 577 1415 603 quae
1428 576 1561 605 praecepta
1575 577 1645 604 sunt,
1663 572 1710 600 sed
1725 572 1802 599 Suffi-

1016 611 1052 638 cit
1067 612 1103 639 illi
1123 613 1179 640 sola
1201 614 1326 641 traditio:
1340 616 1384 649 qui
1397 621 1485 643 autem
1507 617 1666 644 imbecillior
1678 622 1728 650 est,
1745 626 1806 645 cum

1015 658 1096 685 etiam
1111 667 1220 686 causata
1244 660 1379 694 didicerit,
1397 666 1460 689 tunc
1478 670 1540 689 cum
1556 664 1651 698 majori
1672 665 1760 691 studio
1780 665 1805 691 id

1015 704 1085 738 quod
1105 705 1204 732 dictum
1225 711 1266 733 est
1288 708 1391 740 recitat,
1414 713 1513 736 etcum
1535 717 1629 744 magna
1651 710 1805 745 obsequitur

1014 751 1163 778 alacritate.

1048 796 1076 822 2.
1093 796 1206 831 Ideoque
1218 806 1324 825 causam
1340 808 1391 826 non
1402 800 1486 834 dixit,
1500 801 1586 828 donec
1598 802 1664 828 vidit
1680 802 1804 828 violatum

1014 848 1073 868 esse
1089 843 1252 870 mandatum.
1271 845 1397 878 Qumnam
1410 853 1474 881 ergo
1487 854 1567 874 causa
1578 847 1639 874 est?
1654 847 1743 874 Omnis
1757 848 1805 874 viri

1013 893 1089 922 caput
1102 887 1217 915 Christus
1231 895 1275 916 est.
1294 891 1397 926 Ergone
1410 893 1490 919 etiam
1501 892 1587 920 Graeci
1598 892 1802 928 ?Nequaquam.

1012 932 1078 959 Nam
1093 934 1114 960 si
1127 942 1224 969 corpus
1236 935 1333 962 Christi
1352 945 1444 964 sumus
1461 942 1489 965 et
1503 939 1621 965 membra
1634 946 1665 967 ex
1677 945 1762 973 parte,
1776 943 1804 966 et

1014 979 1063 1006 hac
1082 980 1184 1007 ratione
1207 981 1250 1008 ille
1272 988 1351 1016 caput
1371 988 1491 1010 nostrum
1512 989 1571 1016 est;
1593 992 1686 1012 eorutn
1709 985 1753 1020 qui
1776 985 1803 1012 in

1012 1033 1126 1060 corpore
1147 1035 1200 1054 nou
1226 1034 1288 1054 sunt
1311 1036 1398 1063 neque
1414 1030 1533 1057 membra
1551 1035 1710 1064 censentur,
1724 1036 1804 1065 caput

1013 1071 1058 1099 ille
1069 1079 1120 1099 non
1134 1073 1211 1100 fuerit
1229 1083 1234 1100 :
1247 1080 1409 1109 quapropter
1423 1083 1483 1102 cum
1499 1076 1580 1108 dicit,
1596 1076 1696 1108 Omnis,
1711 1077 1803 1104 subin-

1013 1118 1183 1153 telligendum
1200 1124 1242 1146 est
1255 1120 1352 1147 fidelis.
1367 1121 1490 1148 Vidistin’
1503 1122 1638 1156 quomodo
1650 1130 1731 1157 supra
1744 1122 1802 1150 ubi-

1011 1172 1063 1199 que
1075 1165 1177 1199 pudorc
1196 1165 1330 1193 suffundat
1345 1166 1513 1194 auditorem?
1527 1167 1594 1194 Nam
1608 1175 1668 1195 cum
1685 1168 1719 1195 de
1732 1169 1801 1195 cari-

1013 1216 1067 1239 tate
1081 1212 1235 1245 dissereret,
1253 1217 1280 1240 et
1294 1220 1354 1240 cum
1367 1213 1401 1241 de
1416 1213 1566 1241 humilitate
1578 1219 1604 1241 et
1616 1221 1676 1241 cum
1687 1214 1721 1242 de
1731 1215 1804 1242 elec-

1012 1265 1132 1294 mosyna,
1150 1259 1211 1286 inde
1225 1260 1346 1294 exempla
1358 1260 1578 1296 trahebat.Caput
1591 1266 1674 1289 autent
1687 1262 1801 1288 mulieris

1011 1305 1048 1331 vir
1062 1312 1071 1336 ;
1086 1309 1161 1338 caput
1173 1313 1231 1331 vero
1242 1304 1333 1332 Christi
1347 1304 1426 1332 Deus.
1442 1306 1490 1333 llic
1505 1306 1531 1333 in
1549 1314 1597 1334 nos
1613 1307 1734 1334 insiliunt
1747 1307 1801 1334 hae—

1011 1350 1096 1383 retici,
1120 1358 1153 1377 ex
1174 1350 1206 1377 iis
1225 1358 1285 1385 qu:e
1298 1350 1368 1377 dicta
1391 1356 1451 1378 sunt
1473 1352 1605 1379 minorem
1630 1360 1690 1380 esse
1703 1353 1799 1379 Filium

1011 1395 1193 1430 excogitantes
1206 1403 1213 1427 ;
1226 1395 1271 1422 sed
1298 1396 1324 1422 in
1340 1396 1442 1431 seipsos
1456 1396 1571 1424 irruunt.
1586 1397 1615 1424 Si
1638 1397 1709 1424 enim
1722 1403 1801 1432 caput

1011 1442 1131 1469 mulieris
1144 1447 1185 1468 est
1199 1442 1256 1473 vir,
1272 1442 1446 1477 ejusdemque
1458 1448 1500 1470 est
1513 1443 1669 1470 substantiae
1681 1448 1760 1479 caput
1772 1449 1801 1472 et

1010 1496 1123 1522 contus;
1138 1493 1217 1522 caput
1230 1495 1294 1515 vero
1308 1487 1406 1515 Christi
1419 1493 1461 1516 est
1483 1489 1565 1522 Deus,
1581 1489 1664 1516 Filius
1679 1489 1798 1524 ejusdem

1009 1542 1089 1570 atque
1111 1535 1188 1562 Pater
1211 1535 1365 1562 substantia:
1386 1539 1437 1562 est.
1452 1535 1496 1568 At,
1519 1536 1651 1570 inquiunt,
1675 1536 1799 1564 nolumus

1010 1583 1072 1609 hinc
1086 1582 1226 1609 ostendere
1241 1581 1312 1616 quod
1324 1582 1434 1609 alterius
1447 1582 1482 1609 sit
1493 1581 1659 1614 substantia),
1671 1582 1718 1610 sed
1728 1583 1798 1617 quod

1009 1637 1024 1655 a
1045 1628 1123 1656 Patre
1141 1628 1296 1662 imperetur.
1314 1627 1382 1661 Quid
1409 1627 1441 1654 ad
1463 1627 1514 1654 hoc
1535 1626 1697 1654 dixerimus?
1722 1628 1798 1661 Quod

1009 1683 1068 1702 cum
1081 1674 1179 1702 humile
1191 1673 1327 1708 quidpiam
1340 1673 1437 1700 dicitur
1446 1672 1481 1700 de
1496 1673 1542 1700 illo
1557 1680 1618 1700 cum
1633 1680 1714 1700 carne
1724 1674 1798 1700 exsi-

1009 1725 1096 1748 stente
1107 1742 1114 1754 ,
1130 1720 1155 1747 id
1169 1720 1240 1755 quod
1265 1719 1432 1751 diciturnon
1455 1719 1490 1746 sit
1503 1719 1649 1746 divinitatis
1670 1719 1758 1747 vilitas
1771 1724 1800 1747 et

1008 1767 1133 1802 dejectio,
1154 1774 1215 1793 cum
1238 1766 1386 1794 meonomia
1408 1765 1435 1792 id
1457 1765 1594 1800 suscipiat.
1610 1766 1741 1794 (lictorum
1755 1767 1799 1793 dic

1008 1813 1142 1849 quomodo
1161 1812 1187 1840 id
1201 1820 1271 1840 nunc
1283 1813 1323 1839 vis
1335 1812 1468 1846 probare?
1479 1812 1609 1845 Quoniam
1622 1832 1630 1845 ,
1645 1813 1745 1848 inquit,
1759 1813 1798 1840 si-

1009 1864 1054 1887 cut
1067 1860 1109 1886 vir
1122 1859 1226 1886 mulieri
1243 1858 1374 1893 imperat,
1393 1857 1433 1885 sic
1444 1861 1473 1885 et
1496 1858 1575 1884 Pater
1592 1856 1711 1885 Christo.
1727 1859 1799 1893 Ergo

1009 1906 1077 1932 sicut
1091 1904 1214 1931 Christus
1231 1903 1300 1936 viro,
1317 1903 1356 1930 sic
1368 1903 1447 1930 Pater
1459 1902 1544 1930 Filio:
1560 1903 1642 1929 omnis
1655 1903 1726 1930 enim
1738 1904 1797 1938 viri,

1008 1950 1105 1984 inquit,
1119 1954 1194 1985 caput
1208 1948 1322 1976 Christus
1337 1953 1384 1975 est.
1393 1949 1489 1983 Ecquis
1504 1949 1561 1975 hmo
1575 1956 1699 1983 ttmquam
1713 1949 1799 1976 admi-

1008 1996 1091 2023 serit?
1101 1996 1127 2023 Si
1142 1996 1213 2022 enim
1226 1999 1353 2030 quantum
1365 2002 1413 2022 nos
1426 1995 1549 2022 Christus
1563 2001 1682 2030 superat,
1695 2001 1798 2023 tantum

1008 2043 1087 2069 Pater
1101 2042 1199 2069 Filium
1211 2050 1218 2074 ;
1229 2042 1316 2076 cogita
1332 2049 1356 2068 tn
1372 2047 1498 2076 quantam
1512 2042 1598 2076 ipsum
1612 2042 1724 2070 deducis
1737 2044 1797 2070 vili-

1008 2094 1100 2116 tatem.
1126 2089 1216 2123 Itaque
1241 2095 1294 2115 non
1321 2087 1410 2114 omnia
1434 2088 1513 2114 simul
1537 2092 1600 2116 sunt
1620 2089 1797 2116 examinanda

1008 2137 1078 2163 inter
1093 2143 1141 2162 nos
1156 2140 1183 2162 et
1194 2135 1283 2161 -Deutu
1295 2154 1303 2167 ,
1327 2134 1431 2161 etiamsi
1448 2134 1570 2162 sitniliter
1589 2135 1729 2169 dicantur;
1749 2137 1798 2164 sed

1008 2181 1146 2209 tribuenda
1171 2185 1212 2207 est
1233 2180 1286 2207 Deo
1307 2180 1413 2215 propria
1435 2180 1555 2214 quaedam
1581 2180 1748 2213 excellentia,
1771 2186 1798 2209 et

1008 2232 1080 2254 tanta
1093 2231 1190 2262 quanta
1208 2226 1262 2254 Deo
1274 2230 1418 2260 competat.
1436 2225 1503 2253 Nam
1518 2227 1539 2253 si
1553 2226 1605 2255 ltoc
1617 2235 1669 2255 non
1686 2235 1794 2256 conces-

1007 2273 1091 2300 serint
1105 2293 1112 2306 ,
1133 2272 1214 2299 multa
1228 2276 1373 2307 sequentur
1389 2272 1513 2300 absurda.
1532 2273 1671 2308 Perpende
1684 2278 1791 2302 autem:

1007 2323 1086 2353 caput
1105 2318 1203 2345 Christi
1218 2318 1305 2350 Deus,
1323 2318 1366 2345 hic
1380 2323 1469 2345 autem
1485 2319 1534 2346 viri
1558 2324 1584 2346 et
1599 2319 1644 2347 ille
1663 2320 1793 2348 mulieris.

1008 2366 1077 2400 Ergo
1092 2366 1113 2392 si
1129 2365 1155 2392 in
1175 2365 1299 2392 omnibus
1312 2365 1435 2392 similiter
1447 2370 1527 2400 caput
1541 2366 1704 2400 accipiamus
1715 2388 1722 2400 ,
1738 2372 1796 2395 tan-

1006 2417 1061 2439 ttun
1076 2411 1184 2439 distabit
1198 2411 1279 2438 Filius
1289 2418 1305 2438 a
1320 2411 1409 2443 Patre,
1426 2415 1553 2446 quantum
1563 2419 1611 2440 nos
1623 2420 1637 2439 a
1651 2412 1729 2440 Filio.
1744 2413 1796 2441 Sed

1006 2459 1086 2485 etiam
1097 2458 1193 2485 mulier
1207 2461 1308 2484 tantum
1324 2464 1338 2484 a
1354 2458 1431 2484 nobis
1444 2457 1563 2491 distabit,
1575 2464 1702 2493 quantum
1717 2467 1766 2487 nos
1781 2469 1796 2486 a

1006 2505 1061 2531 Deo
1075 2504 1164 2531 Verbo
1176 2511 1183 2536 ;
1199 2507 1227 2530 et
1241 2503 1311 2538 quod
1325 2507 1366 2530 est
1377 2503 1463 2530 Filius
1484 2511 1546 2538 erga
1562 2504 1666 2532 Patrem
1680 2526 1688 2538 ,
1704 2506 1756 2533 hoc
1770 2511 1798 2533 et

1007 2559 1055 2577 nos
1066 2551 1165 2577 erimus
1174 2557 1235 2584 erga
1249 2549 1355 2582 Filium,
1367 2554 1394 2576 et
1407 2549 1504 2577 mulier
1518 2558 1611 2578 rursus
1624 2559 1686 2586 erga
1697 2553 1796 2579 virum.

1008 2595 1103 2629 Ecquis
1119 2595 1170 2622 hoc
1187 2595 1275 2622 ferat?
1289 2594 1340 2621 Sed
1355 2595 1408 2621 alio
1421 2594 1502 2622 modo
1517 2595 1543 2622 in
1566 2596 1678 2623 muliere
1700 2602 1727 2624 et
1739 2598 1798 2625 viro

1006 2646 1086 2676 caput
1100 2642 1197 2676 accipis
1210 2661 1217 2673 ,
1231 2648 1309 2675 quam
1329 2641 1354 2667 in
1370 2641 1495 2668 Christo?
1508 2641 1598 2676 Itaque
1612 2643 1639 2669 in
1649 2642 1718 2670 Filio
1730 2647 1757 2670 et
1770 2644 1796 2670 in

1008 2689 1094 2718 Patre,
1110 2688 1188 2714 aliter
1200 2687 1276 2714 nobis
1289 2687 1471 2721 accipiendum
1483 2692 1533 2715 est.
1553 2688 1586 2715 Et
1596 2689 1740 2723 quomodo,
1755 2690 1796 2716 in-

1006 2735 1092 2768 quies,
1116 2737 1157 2759 est
1174 2733 1252 2759 aliter
1275 2733 1480 2767 accipiendum?
1501 2733 1655 2762 Secundum
1675 2742 1794 2762 causam.

1006 2779 1071 2805 Nam
1093 2779 1115 2805 si
1132 2779 1272 2812 imperium
1293 2784 1321 2806 et
1342 2779 1536 2813 snbjectionem
1552 2782 1679 2808 voluisset
1695 2781 1794 2808 Paulus

1005 2825 1094 2851 dicere
1108 2844 1115 2855 ,
1131 2828 1159 2850 ut
1171 2827 1198 2849 tu
1214 2823 1281 2850 dicis
1292 2843 1299 2855 ,
1314 2831 1366 2851 non
1386 2825 1524 2852 mulierem
1544 2822 1570 2852 in
1591 2825 1706 2853 medium
1727 2833 1794 2859 pro-

1007 2869 1136 2902 duxisset,
1144 2868 1190 2897 sed
1200 2870 1287 2905 potius
1294 2877 1398 2898 servum
1405 2874 1432 2898 et
1445 2871 1592 2898 dominum.
1604 2872 1711 2898 Etiamsi
1723 2871 1795 2898 enim

1576 2921 1612 2951 14
