2046 3114
225 139 278 165 915

207 218 215 226 ,
228 197 322 223 mulier
336 196 413 224 nobis
426 196 545 232 subjecta
558 196 603 228 sit.
614 195 661 222 sed
676 199 704 221 ttt
717 193 822 225 mulier,
833 191 879 218 sed
895 197 923 217 Ill
935 190 1016 217 libora

227 249 254 270 ct
278 248 306 270 ttt
326 249 375 277 par
396 243 508 270 honore.
532 242 566 269 Et
581 241 664 268 Filius
686 246 791 274 quoque
812 238 863 265 etsi
885 237 955 264 Patri
971 236 1019 262 luit

227 290 357 318 obediens
370 311 377 323 ,
395 290 442 317 scd
455 294 484 316 ut
498 289 580 316 Filius
596 287 642 315 Dei
656 307 663 319 ,
679 286 725 313 sed
741 290 769 312 ιιι
786 285 865 311 Deus.
886 283 1019 317 Quemad-

227 337 337 364 modum
353 337 422 364 cnint
445 335 513 362 Filio
528 333 613 368 tuajor
627 337 669 360 cst
683 332 859 366 obsequentia
884 338 946 364 erga
970 329 1018 356 l'a-

228 389 296 411 trem
310 404 317 415 ,
334 390 413 417 quant
437 381 590 408 hominibus
604 387 665 414 erga
680 379 817 414 genitores
832 385 897 405 suos
911 386 918 404 :
934 378 973 403 sic
991 381 1019 402 et

228 430 337 457 libertas
350 429 446 463 major.
462 427 554 461 Neque
570 427 641 454 enim
658 425 716 453 Filii
732 432 795 460 erga
811 425 916 451 Patrem
930 423 1017 450 oliicia

229 475 329 510 majora
343 479 371 502 et
384 474 468 508 magis
489 473 604 508 genuina
618 476 680 498 suttt
699 479 778 506 quam
794 470 863 505 apud
878 469 1017 501 homines,

228 521 315 548 Patris
334 528 398 547 vero
420 528 482 555 erga
498 519 594 546 Filium
619 519 730 546 minora.
752 517 780 545 Si
805 518 875 545 ettittt
891 517 1019 543 miramur

227 567 322 594 Filium
337 567 407 602 quod
421 567 562 599 obedierit,
580 567 614 594 ita
630 571 658 593 ut
668 573 753 601 usque
765 565 798 592 ad
814 569 928 592 mortem
939 571 1020 591 vene-

223 615 271 645 rit,
295 619 321 641 et
343 619 457 642 mortem
484 615 581 647 crucis,
602 617 629 640 et.
652 613 703 640 ltoc
725 620 850 648 magnum
878 613 1018 638 statuimus

226 660 384 687 miraculum
396 669 403 693 ;
420 660 525 687 Patrem
539 667 645 694 quoque
661 659 750 686 tttirari
764 663 879 693 oportet,
893 657 962 693 qttod
979 663 1018 684 ta-

226 707 278 734 lem
291 707 424 742 genuerit,
441 715 493 734 non
509 711 537 734 ut
550 715 656 734 servum
668 706 710 733 ctti
726 706 915 740 imperaretur,
931 705 977 732 sed
991 711 1019 732 ιιι

226 752 340 780 liberum
367 752 538 779 obedientem
563 756 591 779 et
617 750 797 778 consiliarium
821 759 827 778 :
851 750 1018 777 consiliarius

225 798 296 825 enim
312 805 363 824 non
379 802 421 825 est
434 805 536 825 servus.
555 797 741 824 Consiliarittm
763 804 826 823 vero
840 803 932 823 rursus
952 803 1012 823 cum

179 851 183 854 '
226 843 351 874 audieris,
369 851 401 871 ne
416 845 451 870 ita
466 843 558 870 attdias
573 843 647 877 quasi
663 843 742 869 Pater
756 842 846 877 aliquo
862 847 949 876 egeat,
967 841 1015 868 sed

226 891 301 925 quasi
315 891 397 918 Filius
412 891 483 924 paris
494 897 554 917 cum
566 889 694 916 Genitore
707 889 817 915 honoris
829 888 873 915 sit.
888 888 927 915 Ne
939 888 1018 923 igitur

226 936 377 970 exemplum
393 936 441 962 viri
451 941 478 963 et
492 936 611 962 ntulteris
624 935 655 961 ad
670 935 758 961 omnia
775 934 924 969 perlraltas.
940 933 1016 969 Apud

226 990 275 1009 nos
290 982 359 1009 enim
371 982 433 1017 jure
447 981 550 1011 .tuulier
569 981 689 1016 subjecta
705 985 746 1008 est
760 980 816 1007 viro
833 989 839 1006 :
856 988 916 1007 ttatn
932 980 1017 1007 hono-

226 1028 263 1054 ris
275 1027 413 1062 aequalitas
429 1027 629 1054 contentionem
656 1026 725 1061 parit
749 1035 756 1052 :
779 1034 863 1061 neque
884 1026 945 1053 ideo
960 1031 1017 1053 tan-

226 1077 293 1105 tum,
309 1073 355 1100 sed
367 1073 447 1099 etiam
460 1077 569 1107 propter
584 1073 770 1107 deceptiouem
786 1080 846 1107 qua:
861 1072 936 1099 initio
951 1080 1016 1099 cott-

225 1119 294 1154 tigit.
320 1119 464 1154 Propterea
495 1126 555 1146 eum
583 1118 692 1154 quidem
721 1118 789 1145 facta
823 1118 935 1150 fuisset,
964 1125 1015 1145 ιιοιι

225 1165 315 1192 statim
336 1164 454 1199 subjecta
471 1164 518 1192 fuit
534 1173 540 1197 ;
555 1172 641 1200 neque
654 1173 715 1192 cum
733 1165 803 1191 illant
818 1164 851 1191 ad
867 1165 952 1191 virum
967 1165 1015 1191 ad-

224 1211 308 1243 duxit,
326 1218 413 1246 neque
426 1211 470 1238 illa
486 1213 536 1237 tale
552 1211 688 1246 quidpiam
706 1219 721 1238 ιι
736 1211 789 1238 Deo
804 1211 915 1243 audivit,
931 1219 1016 1246 neque

225 1257 265 1284 vir
277 1257 312 1283 illi
327 1257 461 1292 quidpiam
475 1257 562 1284 simile
572 1257 657 1289 dixit;
672 1257 719 1284 sed
734 1262 836 1284 tantum
849 1257 920 1292 qttod
934 1265 964 1284 os
980 1266 1013 1284 ex

225 1303 333 1330 ossibus
349 1303 418 1338 ejus,
441 1309 466 1330 et
488 1311 552 1330 caro
576 1311 608 1330 ex
633 1303 757 1330 carnibus
779 1304 837 1337 ejus
858 1309 929 1331 esset
950 1304 1017 1331 dixit

225 1349 234 1383 (
249 1348 312 1376 Gen.
329 1348 356 1375 2.
371 1348 441 1383 ‘25);
459 1349 563 1383 imperii
578 1354 666 1376 autetn
690 1354 736 1376 aut
750 1350 925 1385 subjectionis
947 1350 1015 1385 apud

224 1393 297 1421 illam
313 1402 365 1421 non
380 1394 512 1421 meminit.
527 1394 641 1428 Quando
654 1399 742 1421 autem
759 1395 828 1422 male
852 1403 898 1422 usa
914 1400 956 1423 est
970 1404 1016 1431 po-

225 1444 332 1471 testate,
346 1445 373 1468 et
385 1449 443 1476 qua:
455 1441 569 1475 adjutrix
587 1441 655 1468 facta
678 1441 764 1468 fuerat
777 1462 784 1474 ,
801 1442 949 1470 insidiatrix
969 1443 1015 1470 de-

225 1487 359 1523 preltettsa
373 1493 425 1520 est,
439 1493 467 1515 et
480 1489 569 1515 omnia
585 1488 700 1523 perdidit
713 1497 719 1521 ;
736 1489 878 1523 tunejustc
891 1489 992 1516 audivit
1008 1499 1015 1517 :

228 1535 269 1560 Ad
283 1534 363 1560 virum
375 1538 446 1560 tuum
462 1533 590 1560 conversio
603 1537 647 1560 tua
661 1533 737 1568 (Gen.
754 1534 780 1561 5.
797 1533 853 1569 16).
865 1534 931 1567 Quia
946 1535 1016 1562 enim

225 1580 371 1607 verisimile
386 1585 444 1607 erat
461 1585 598 1614 peccatum
615 1579 666 1607 ltoc
679 1580 777 1607 bellum
797 1580 934 1608 illaturqu
956 1588 1016 1609 esse

225 1626 253 1653 in
267 1633 351 1661 genus
366 1629 487 1653 nostrum
502 1626 511 1659 (
524 1633 611 1660 neque
634 1626 705 1653 ettint
725 1626 757 1652 ad
783 1634 873 1661 pacem
891 1626 1014 1661 juvissct,

225 1671 295 1706 quod
312 1671 356 1698 illa
367 1678 398 1698 ex
412 1671 469 1705 ipso
482 1676 553 1698 esset
564 1670 643 1702 facta,
655 1679 718 1698 cutn
734 1671 783 1698 hoc
793 1671 934 1699 accidisset
947 1681 953 1705 ;
968 1673 1014 1699 sed

227 1717 278 1744 ltoc
292 1717 377 1752 ipsum
394 1717 473 1744 etiam
485 1717 570 1744 virum
585 1717 748 1752 asperiorem
764 1717 932 1750 rcddidissnl,
945 1719 1015 1753 quod

225 1772 286 1799 quae
296 1771 328 1791 ex
339 1763 397 1798 ipso
411 1763 479 1791 facta
494 1763 589 1795 fuerat,
602 1770 636 1790 ne
648 1763 768 1790 metttbro
783 1763 892 1799 quidem
907 1772 956 1791 suo
970 1773 1015 1799 pe-

227 1809 374 1845 percisset)
388 1818 395 1842 ;
412 1817 472 1836 cuttt
487 1809 586 1836 diaboli
599 1809 792 1844 malignitatem
806 1809 910 1837 videret
926 1810 996 1837 Deus
1006 1832 1013 1841 ,

226 1857 278 1883 hoc
292 1856 400 1883 verbum
416 1856 491 1890 quasi
506 1863 609 1882 tnurum
633 1855 776 1890 opposuit,
793 1861 820 1882 ct
838 1856 1013 1889 inimicitiam,

225 1911 285 1937 quae
304 1910 337 1929 ex
357 1902 461 1929 insidiis
476 1902 575 1929 oritura
599 1906 666 1933 erat,
695 1909 742 1936 per
766 1902 832 1928 ltanc
855 1902 1014 1929 sententiam

225 1949 344 1980 sustulit,
362 1948 460 1975 innata:
477 1947 701 1982 concupiscentiae
715 1947 790 1982 quasi
807 1947 895 1974 medio
912 1948 1013 1982 pariete

227 1995 342 2030 dejecto,
358 2002 426 2027 eam,
444 2002 503 2029 qua:
519 1998 684 2029 expeccato
699 1998 755 2020 orta
772 1998 839 2025 erat,
857 1993 960 2027 injuri-.e
972 2001 1016 2020 ac-

227 2047 312 2076 cepta:
333 2040 546 2068 recordationem
568 2039 686 2066 abstulit.
704 2039 755 2066 Sed
773 2039 798 2066 in
820 2039 873 2066 Deo
884 2044 911 2066 et
926 2040 1015 2066 incor-

226 2091 302 2122 rupta
313 2086 461 2113 substantia
477 2085 530 2118 illa,
545 2084 612 2112 nihil
627 2085 690 2112 licet
703 2084 855 2119 hujnsmodi
872 2085 1013 2119 suspicari.

225 2132 264 2160 Ne
279 2140 344 2168 ergo
368 2132 401 2159 de
425 2131 550 2158 omnibus
573 2131 694 2165 exempla
717 2131 833 2165 accipias
855 2139 938 2158 :nam
953 2131 1015 2158 alibi

226 2186 333 2214 quoque
346 2178 429 2205 multa
445 2177 507 2204 ltinc
520 2177 610 2212 gravia
626 2183 774 2204 occurrent
788 2183 895 2212 peccata
912 2187 918 2204 :
935 2178 1016 2213 siqui-

227 2225 288 2252 dem
307 2229 334 2251 et
353 2224 379 2250 in
393 2223 505 2250 exordio
520 2223 639 2258 epistola:
660 2223 765 2250 dicebat
791 2233 796 2250 :
819 2224 912 2251 Omnia
935 2230 1016 2252 castra

227 2275 295 2302 sunt,
312 2277 355 2296 vos
367 2274 451 2296 autent
466 2269 577 2302 Christi,
595 2269 710 2297 Christus
721 2278 778 2297 vero
795 2269 841 2298 Dei
855 2272 893 2307 (1.
909 2271 968 2298 Cor.
986 2273 1013 2299 5.

225 2316 271 2346 22.
286 2316 321 2343 es
333 2317 353 2351 ).

264 2361 290 2388 5.
306 2361 374 2394 Quid
396 2362 480 2396 ergo?
494 2361 652 2389 sitniliterue
672 2363 760 2389 omnia
777 2368 866 2390 nostra
882 2369 953 2396 sunt,
969 2373 1017 2392 nos

230 2407 326 2434 (lhristi
341 2412 368 2435 et
380 2407 502 2435 Christus
518 2408 563 2435 Dei
579 2408 774 2443 ?Nequaquant
786 2418 792 2441 ;
803 2409 849 2436 sed
862 2410 912 2437 illis
923 2411 1016 2444 etiam,

227 2454 272 2489 qui
287 2453 363 2481 valde
375 2453 532 2488 insipientes
542 2459 613 2486 sunt,
628 2460 688 2482 nota
700 2460 741 2482 est
754 2455 913 2488 differentia,
924 2457 1018 2484 etiam-

227 2502 250 2528 si
267 2500 434 2528 hoczdictum
450 2501 484 2528 de
495 2502 572 2528 nobis
583 2522 590 2534 ,
605 2501 639 2529 de
654 2502 709 2528 Deo
722 2502 793 2529 etde
806 2502 913 2530 Christo
927 2503 1016 2538 profc-

229 2553 312 2575 ratur.
328 2548 362 2576 Et
373 2548 437 2575 alibi
450 2556 510 2576 eum
528 2549 612 2576 virum
629 2555 708 2583 caput
721 2550 841 2577 mulieris
857 2559 916 2579 esse
933 2551 1018 2579 dixis-

229 2599 282 2626 set,
294 2595 430 2629 subjuuxit
447 2604 453 2622 :
470 2596 544 2623 Sicut
559 2596 681 2623 Christus
694 2602 734 2623 est
756 2602 837 2631 eapttt
850 2603 877 2625 et
896 2598 1019 2626 Salvator

229 2641 354 2669 Ecclesia:
373 2646 402 2668 et
421 2641 556 2674 defensor,
583 2642 622 2668 sie
640 2646 668 2668 et
686 2642 724 2668 vir
747 2642 827 2669 debet
852 2644 942 2670 uxoris
964 2651 1019 2671 sua:

227 2695 289 2715 esse
310 2687 416 2722 (Ep/tes.
431 2688 448 2715 5
473 2688 518 2715 ‘25.
535 2687 599 2722 Ἡ).
617 2688 745 2715 Similiter
761 2688 841 2722 igitur
855 2689 1017 2724 accipiemus

225 2735 330 2762 dictum
343 2739 371 2761 et
382 2734 432 2761 hoc
444 2739 471 2761 et
481 2735 570 2761 omnia
583 2742 642 2768 qua:
659 2739 718 2768 post
731 2735 830 2769 scripta
842 2741 908 2762 sunt.
923 2736 1013 2770 Epito-

228 2781 275 2808 siis
299 2779 333 2807 de
355 2780 406 2807 hoc
427 2781 605 2814 argumento?
627 2781 703 2808 Absit
729 2790 735 2808 :
758 2789 845 2816 neque
867 2782 937 2808 enint
962 2783 1018 2809 ﬁeri

228 2830 326 2860 potest.
339 2825 405 2852 Nau-t
416 2825 508 2852 eadem
520 2825 625 2860 quidem
638 2827 716 2853 verba
729 2826 900 2861 proferuntur
915 2826 949 2854 de
964 2828 1019 2854 Deo

229 2871 304 2900 male
319 2871 470 2898 hominibus
485 2879 492 2904 ;
509 2871 554 2900 sed
570 2871 622 2900 alio
637 2871 717 2900 modo
729 2872 783 2906 illa,
799 2873 852 2900 alio
868 2873 924 2900 huc
940 2873 1018 2901 intel-

579 138 605 166 s.
627 135 765 165 Joannts
782 131 1019 162 cnnvsosront
1039 131 1197 160 ARClllEP.
1217 132 1483 163 CONSTANTINOP.

1805 138 1860 165 2H;

1074 189 1177 223 ligenda
1191 196 1269 223 sunt;
1285 199 1334 220 nec
1347 198 1435 221 tamen
1447 202 1540 222 rursus
1553 197 1642 224 omnia
1655 197 1762 226 diverse
1779 208 1786 226 :
1801 207 1863 227 nam

1071 241 1164 261 rursus
1178 240 1278 264 temere
1294 243 1319 264 et
1334 239 1430 266 frustra
1448 245 1557 276 accepta
1572 242 1746 277 videbuntur,
1758 245 1780 272 sl
1795 245 1862 274 nihil

1071 287 1119 306 nos
1135 280 1236 309 fructus
1250 283 1348 311 abillis
1360 286 1510 313 tulerimus.
1527 288 1602 314 Sicut
1617 289 1687 316 enittt
1704 298 1756 317 non
1772 293 1862 319 omnia

1070 326 1193 354 similiter
1212 334 1275 356 sttttt
1289 331 1442 365 accipienda
1456 354 1463 364 ,
1477 334 1516 361 sic
1532 342 1581 362 nec
1594 336 1682 363 omnia
1698 341 1800 365 temere
1819 347 1862 366 re-

1067 372 1195 407 jiciendtt.
1224 375 1257 403 Ut
1279 382 1368 404 autem
1397 378 1422 405 id
1448 379 1519 414 quod
1545 380 1605 408 dico
1632 382 1730 410 clarius
1754 384 1861 416 evadat.

1069 421 1195 456 exemplo
1217 422 1241 449 id
1263 424 1349 458 palam
1367 425 1455 453 facere
1475 427 1603 455 conabor.
1620 429 1711 457 Dictus
1729 435 1770 458 est
1782 437 1864 466 caput

1071 466 1198 494 Ecclesize
1214 469 1355 497 Christus:
1370 473 1391 498 si
1408 473 1473 500 nihil
1498 474 1641 502 humanum
1656 484 1797 512 accepero,
1813 487 1862 506 cur

1071 512 1122 539 ltoe
1138 514 1202 540 tnilti
1215 515 1314 542 dictum
1329 518 1391 544 est?
1407 518 1509 546 Rursus
1518 520 1540 547 si
1551 522 1639 548 omnia
1652 522 1766 550 ltttmana
1781 532 1861 552 acce-

1071 566 1146 592 pero,
1163 561 1244 587 multa
1260 569 1440 598 consequetur
1452 565 1603 594 absurditas
1618 577 1624 594 :
1638 576 1698 595 natu
1715 569 1807 597 iisdem
1819 577 1862 598 est

1070 605 1241 638 passionibus
1253 609 1399 637 obnoxium
1413 617 1502 646 caput,
1516 613 1612 647 quibus
1626 622 1741 650 corpus,
1752 617 1862 645 iisdem-

1070 659 1123 686 que
1137 652 1188 680 erit
1202 653 1357 682 obnoxium.
1371 656 1439 689 Quid
1450 665 1515 693 ergo
1529 660 1744 694 relinquendum,
1759 667 1786 689 et
1796 663 1861 698 qttid

1069 697 1272 732 accipiendum?
1284 701 1468 736 Relinquenda
1480 705 1585 738 quidem
1600 711 1662 733 sunt
1673 715 1703 734 ea
1719 715 1779 742 qua:
1793 709 1860 740 dixi.

1070 744 1225 779 accipienda
1241 751 1330 774 autem
1349 754 1390 776 est
1407 749 1524 783 perfecta
1549 751 1611 778 ttnio
1626 757 1652 778 et
1664 760 1744 779 causa
1759 758 1787 781 et
1807 755 1862 788 pri-

1070 797 1143 817 tttum
1159 791 1328 827 principium.
1355 794 1447 829 Neque
1461 796 1517 823 ltatc
1533 801 1652 831 temere;
1668 799 1713 825 sed
1727 799 1770 825 hic
1789 808 1858 834 quo-

1069 844 1120 871 que
1132 836 1156 863 id
1168 837 1238 872 quod
1251 839 1336 874 majus
1350 845 1425 868 estet
1438 841 1491 868 Deo
1500 843 1662 870 conveniens
1670 846 1840 879 cogitandum
1853 855 1859 872 ι

1070 890 1130 910 nam
1142 888 1169 910 et
1194 885 1256 912 unio
1276 886 1357 913 tutior
1376 891 1403 913 et
1419 888 1577 923 principium
1601 889 1782 919 honorabilius
1806 898 1858 919 est.

1069 928 1171 956 Rursus
1185 931 1308 958 audivisti
1325 932 1421 960 Filium
1438 943 1444 959 :
1460 943 1493 962 tte
1507 935 1549 962 hic
1569 944 1675 972 quoque
1686 939 1774 965 omnia
1789 940 1861 966 acci-

1070 975 1136 1009 pias,
1154 983 1240 1010 nequc
1253 979 1340 1005 omnia
1353 980 1459 1014 rejicias
1472 989 1478 1013 ;
1495 982 1587 1020 sed'iis
1597 991 1655 1018 qum
1666 984 1749 1012 Deum
1764 985 1861 1013 docent

1068 1022 1195 1056 acceptis,
1211 1024 1281 1058 quod
1295 1025 1331 1052 sit
1345 1027 1592 1063 consubstantialis,
1602 1030 1670 1064 quod
1687 1039 1719 1058 ex
1734 1032 1792 1067 ipso
1804 1034 1858 1065 sit;

1068 1075 1127 1103 qutc
1148 1069 1261 1097 absurda
1289 1077 1317 1099 et
1336 1081 1394 1107 (llltl‘
1411 1074 1573 1103 infirmitatis
1595 1076 1718 1106 humana:
1739 1085 1810 1112 sunt,
1833 1081 1859 1107 in

1070 1119 1140 1142 terra
1157 1117 1288 1152 relinque.
1305 1119 1407 1148 Rursus
1423 1121 1494 1148 Deus
1509 1122 1551 1149 lux
1566 1123 1652 1151 dictus
1667 1125 1714 1151 fuit
1732 1135 1738 1151 :
1754 1134 1856 1159 ergone

1068 1163 1156 1189 omnia
1180 1171 1348 1192 assumemus
1367 1175 1427 1200 qua:
1452 1167 1485 1194 ad
1507 1168 1576 1196 hanc
1596 1170 1679 1197 illCl'tll
1703 1172 1860 1205 I’wrtittent?

1067 1207 1176 1236 Minime
1191 1210 1252 1237 :illa
1267 1212 1364 1247 quippe
1375 1213 1490 1241 tenebris
1502 1220 1528 1242 et
1542 1215 1601 1243 loco
1613 1217 1858 1253 circumscribitur,

1069 1257 1095 1280 et
1110 1254 1195 1281 altera
1218 1256 1243 1282 vi
1268 1264 1391 1285 movetur
1405 1264 1430 1285 et
1446 1260 1642 1289 obumbratur:
1665 1271 1777 1298 quorum
1794 1266 1859 1293 nihil

1069 1307 1102 1326 tte
1117 1300 1234 1335 cogitare
1255 1303 1361 1337 quidem
1379 1305 1440 1332 licet
1459 1306 1493 1333 de
1514 1307 1558 1334 illa
1579 1309 1706 1336 essentia.
1723 1310 1775 1337 Sed
1803 1320 1856 1339 tton

1069 1344 1129 1372 ideo
1157 1347 1246 1374 omnia
1273 1349 1430 1383 cjicicmtts,
1456 1359 1549 1379 verum
1572 1354 1706 1390 quidpiam
1734 1357 1798 1384 utile
1826 1358 1861 1385 ab

1068 1393 1191 1426 exemplo
1205 1393 1397 1428 deeerpcmtts;
1416 1397 1636 1427 illuminationetn
1661 1410 1718 1435 quae
1731 1410 1745 1428 a
1763 1403 1817 1430 Deo
1833 1404 1860 1431 in

1068 1445 1117 1464 nos
1130 1444 1234 1472 manat,
1250 1439 1435 1469 liberationem
1447 1451 1461 1470 a
1486 1444 1603 1472 tenebris
1618 1454 1652 1473 ex
1667 1447 1711 1474 illa
1725 1449 1857 1484 colligen-

1069 1487 1118 1510 tes.
1143 1483 1176 1510 Et
1198 1484 1255 1512 hate
1275 1486 1382 1521 quidem
1403 1489 1533 1518 adversus
1549 1491 1706 1525 Itzcretieos;
1720 1494 1775 1528 jam
1795 1503 1860 1523 vero

1069 1533 1152 1556 totutn
1168 1530 1254 1558 locuttt
1266 1537 1429 1566 pertractare
1444 1543 1510 1570 opus
1524 1541 1574 1564 est.
1589 1538 1720 1568 Fortassis
1734 1542 1804 1569 ettim
1816 1543 1861 1570 ltic

1067 1575 1199 1610 quispiam
1227 1580 1403 1612 quaestionem
1429 1583 1552 1617 moverit,
1576 1585 1645 1619 apud
1664 1594 1693 1614 se
1715 1596 1858 1623 quzerens,

1067 1621 1138 1655 quod
1154 1622 1255 1650 crimen
1270 1631 1328 1651 erat
1346 1626 1472 1654 mulieres
1491 1628 1596 1657 detecto
1607 1651 1614 1664 ,
1630 1631 1701 1659 viros
1723 1621 1793 1660 tecto
1809 1643 1857 1661 ca-

1068 1667 1122 1701 pite
1138 1669 1216 1696 esse?
1235 1670 1311 1703 Quod
1333 1672 1368 1699 sit
1386 1674 1487 1701 crimen
1514 1675 1587 1707 illud.
1610 1676 1673 1704 hittc
1695 1678 1750 1713 jant
1773 1680 1859 1708 disce.

1067 1713 1145 1749 Signa
1159 1715 1219 1743 data
1235 1723 1296 1745 sttnt
1311 1719 1367 1746 viro
1382 1724 1409 1747 ct
1423 1721 1527 1749 mulieri
1544 1723 1624 1750 multa
1640 1724 1690 1751 alia
1703 1746 1710 1757 ,
1726 1725 1762 1753 illi
1774 1727 1860 1762 impe-

1067 1762 1111 1794 rii,
1126 1763 1189 1790 huic
1203 1764 1376 1798 subjectionis
1392 1775 1397 1792 :
1414 1774 1474 1793 ettttt
1490 1767 1531 1794 his
1544 1774 1633 1796 autent
1649 1775 1675 1797 et
1689 1771 1752 1798 illttd
1767 1793 1773 1802 ,
1786 1773 1858 1807 qttod

1068 1808 1109 1835 illa
1126 1809 1231 1844 quidem
1250 1815 1361 1845 tegatur,
1380 1812 1422 1839 ltie
1438 1821 1501 1840 vero
1513 1814 1584 1841 nudo
1597 1816 1684 1850 capite
1695 1817 1739 1844 sit.
1754 1818 1781 1845 Si
1793 1826 1859 1852 ergo

1066 1855 1140 1889 signa
1164 1856 1219 1882 sint
1245 1855 1320 1889 lucc,
1350 1858 1429 1886 ambo
1451 1865 1580 1894 peccant,
1604 1861 1724 1890 ordinem
1748 1864 1859 1891 turban-

1067 1906 1107 1928 tes
1121 1906 1149 1928 ct
1167 1902 1212 1929 Dei
1236 1909 1398 1939 prtrccptntn
1423 1906 1599 1942 propriosque
1623 1909 1782 1937 excedentes
1805 1916 1860 1937 ter-

1067 1948 1172 1979 minos;
1191 1949 1236 1976 ille
1257 1950 1364 1984 quidem
1389 1951 1515 1979 decidens
1531 1953 1556 1980 in
1580 1954 1698 1982 mulieris
1717 1955 1857 1990 vilitatem,

1067 1993 1110 2019 illa
1126 1999 1213 2020 autent
1231 1995 1256 2021 in
1273 1995 1357 2022 virutn
1372 1996 1511 2031 insurgens
1525 2006 1572 2032 per
1594 1998 1724 2027 habitum.
1740 2001 1768 2028 Si
1783 2003 1856 2029 euiut

1066 2044 1167 2066 vestem
1183 2045 1285 2068 mutare
1299 2049 1350 2068 tton
1367 2043 1437 2075 licet,
1451 2052 1536 2078 neque
1551 2044 1587 2071 illi
1602 2045 1641 2072 ias
1661 2051 1702 2073 est
1716 2048 1859 2083 chlamyde

1068 2085 1151 2118 indui,
1167 2094 1252 2121 neque
1264 2087 1320 2114 viro
1331 2088 1399 2121 palla
1415 2093 1442 2115 ct
1457 2094 1610 2124 tegumento
1622 2100 1628 2118 :
1642 2091 1703 2118 Non
1713 2094 1760 2120 erit
1774 2095 1857 2126 enim,

1068 2132 1163 2167 inquit,
1177 2133 1221 2160 viri
1231 2138 1338 2160 ornatus
1350 2143 1424 2170 super
1440 2137 1580 2169 mulierem,
1596 2146 1674 2173 neque
1688 2139 1806 2167 induatur
1821 2142 1859 2168 vir

1067 2184 1132 2206 veste
1146 2180 1261 2207 muliebri
1275 2180 1362 2216 (Deut.
1376 2181 1422 2209 2‘2.
1435 2182 1478 2218 5);
1496 2184 1579 2210 multo
1593 2185 1677 2219 magis
1690 2185 1746 2212 Ittcc
1757 2187 1855 2213 mutari

1069 2233 1120 2251 non
1136 2230 1251 2260 oportet.
1269 2226 1315 2253 lla:
1330 2227 1439 2262 quidem
1453 2229 1522 2263 apud
1544 2229 1664 2257 homines
1681 2232 1774 2265 posita:
1796 2237 1860 2260 sunt

1069 2270 1141 2304 leges
1154 2291 1161 2302 ,
1175 2271 1278 2298 etiamsi
1301 2272 1370 2299 Deus
1384 2274 1442 2300 illas
1456 2279 1546 2309 postea
1559 2276 1757 2304 conﬁrmaverit
1772 2287 1778 2303 :
1794 2279 1859 2306 illttd

1068 2321 1156 2343 autent
1170 2324 1184 2343 a
1198 2322 1303 2351 natura,
1317 2319 1386 2353 quod
1400 2324 1515 2354 tegatur,
1532 2321 1601 2355 dico,
1619 2323 1660 2350 vel
1676 2331 1727 2350 non
1744 2328 1857 2359 tegatur.

1069 2363 1135 2390 Cum
1148 2368 1237 2391 autetu
1251 2369 1373 2392 naturam
1389 2367 1504 2400 protero,
1521 2367 1602 2395 Dettnt
1612 2368 1688 2396 dico:
1702 2369 1745 2396 ille
1760 2370 1860 2405 quippe

1070 2415 1191 2437 natm-am
1206 2412 1317 2438 creavit.
1333 2412 1399 2439 Cum
1421 2420 1484 2448 ergo
1499 2414 1629 2442 terminos
1651 2415 1731 2443 hosce
1744 2417 1860 2444 subvet—

1071 2456 1144 2488 leris,
1162 2456 1222 2484 vide
1236 2462 1334 2492 quanta
1351 2458 1413 2486 hinc
1433 2460 1554 2487 oriantur
1567 2461 1673 2488 damna.
1689 2462 1780 2497 Neque
1795 2463 1860 2490 mihi

1070 2502 1121 2530 hoc
1143 2503 1215 2531 dicas
1238 2511 1348 2538 parvum
1369 2513 1430 2533 esse
1446 2512 1581 2541 peccatum
1598 2517 1604 2535 :
1620 2517 1742 2543 magnum
1763 2510 1862 2545 quippe

1071 2554 1111 2576 est
1126 2558 1172 2584 per
1187 2557 1216 2576 se
1233 2559 1238 2576 :
1254 2558 1314 2577 nam
1328 2557 1369 2579 est
1388 2552 1576 2581 inobetlicntia.
1593 2554 1702 2582 Etiamsi
1719 2563 1783 2583 vero
1798 2564 1861 2590 par-

1070 2603 1131 2622 vum
1147 2602 1227 2628 esset,
1240 2605 1364 2632 magnum
1380 2598 1464 2633 ﬁeret,
1478 2601 1538 2634 quia
1550 2609 1702 2636 magnarum
1715 2610 1806 2630 rerum
1821 2608 1862 2630 est

1070 2643 1231 2678 symbolum.
1244 2644 1320 2677 Quod
1333 2650 1421 2673 autem
1431 2654 1555 2681 magnum
1567 2649 1611 2679 sit,
1623 2649 1710 2683 palam
1721 2657 1752 2677 ex
1767 2657 1799 2677 eo
1807 2655 1860 2682 est,

1070 2688 1141 2722 quod
1155 2690 1245 2722 generi
1255 2690 1372 2718 humano
1381 2696 1434 2719 tam
1447 2693 1584 2727 pulchrum
1599 2695 1715 2728 praebeat
1727 2696 1860 2726 ordinem.

1072 2735 1246 2768 itttperantem
1262 2740 1289 2763 et
1310 2737 1456 2771 subjectam
1479 2739 1504 2765 itt
1527 2744 1621 2766 orttatu
1637 2740 1741 2768 decenti
1761 2743 1863 2768 condi-

1073 2784 1159 2807 tucus.
1176 2781 1267 2815 Itaque
1281 2783 1326 2816 qui
1341 2784 1534 2818 transgreditur
1546 2806 1553 2818 ,
1567 2787 1655 2812 omnia
1670 2787 1821 2818 confundit,
1837 2793 1864 2814 et

1072 2827 1119 2854 Dei
1138 2828 1205 2855 dona
1226 2829 1323 2863 prodit,
1348 2835 1375 2857 et
1397 2832 1513 2866 superu'e
1537 2833 1588 2860 sibi
1612 2833 1702 2860 datum
1732 2834 1863 2862 honorent

1073 2874 1145 2901 humi
1156 2874 1265 2909 abjicit;
1280 2883 1333 2904 non
1350 2877 1390 2904 vir
1405 2877 1485 2906 modo
1495 2900 1502 2913 ,
1517 2878 1564 2906 scd
1579 2879 1658 2907 etiam
1673 2879 1767 2908 mulier
1796 2880 1864 2910 Nam
