2046 3114
164 182 217 210 217

163 240 298 268 maximus
323 246 397 268 certe
421 246 461 270 est
485 243 571 270 honor
596 243 650 275 ille,
671 246 807 280 proprium
834 247 956 275 ordinem

162 292 284 318 servare,
300 290 329 313 ut
343 287 430 322 pudor
445 293 487 316 est
500 288 569 316 inter
581 297 611 316 se
621 290 761 318 dissidere.
778 292 957 325 Quamobrem

162 331 188 357 in
204 331 326 366 utrisque
343 332 394 360 hoc
414 334 519 368 posuit,
538 334 631 362 dicens
649 344 654 362 :
671 337 697 362 4.
722 336 810 364 Omnis
830 338 867 364 vir
881 347 957 365 oram

160 381 205 402 aut
227 379 383 411 prop/celans
402 379 483 406 velato
498 381 589 414 capite,
599 381 724 416 -¢leturpat
748 389 825 418 caput
849 393 922 411 suum
946 394 955 413 :

159 421 186 448 5.
198 423 280 449 omni:
291 428 376 451 autem
389 425 480 452 mulier
496 434 572 453 orans
586 432 630 454 aut
645 429 799 463 prop/totoue
811 438 861 457 non
874 431 956 457 relato

159 468 242 502 capite
253 489 262 501 ,
278 469 398 504 deturpat
410 476 486 506 caput
499 480 583 498 suum.
598 473 680 500 Erant
694 475 765 501 enim
777 496 783 506 ,
802 480 830 502 ιιι
840 476 894 503 dixi
907 497 914 508 ,
929 481 955 504 et

160 514 209 541 viri
226 519 254 541 et
268 516 397 543 mulieres
419 517 627 552 prophetantes.
643 526 670 547 et
686 522 812 549 mulieres
828 527 889 549 tunc
905 523 954 550 hoc

159 560 259 587 donum
276 560 405 590 habentes
416 583 423 595 ,
441 568 470 590 ut
482 563 596 599 Philippi
614 566 685 598 tiliae,
701 571 728 593 ut
741 567 801 594 alia:
815 573 841 595 et
854 573 916 595 ante
927 575 953 596 et

159 611 219 640 post
239 607 319 640 illas;
334 607 369 636 de
390 609 487 643 quibus
502 610 608 638 dicebat
623 612 687 639 olim
712 614 842 648 propheta
859 623 865 640 :
889 615 953 641 1³η»-

159 652 297 686 ρΙιειαὺιιιιι
313 655 362 688 filii
385 656 476 688 vestri,
493 662 516 683 et
529 658 589 690 ﬁlim
604 663 690 685 vestrm
713 660 819 687 visiones
834 661 953 688 uidebunt

159 698 238 731 (Joel.
254 699 282 725 2.
298 699 357 735 28).
375 701 466 728 Virum
490 710 570 736 porro
586 712 638 731 non
652 712 758 739 semper
772 706 877 733 detecto
891 715 951 734 che

157 744 244 778 capite
253 745 341 779 jubet,
358 746 404 774 sed
419 755 479 774 cutn
495 754 553 774 orat
567 753 669 776 tantum
688 759 694 777 :
712 751 800 778 Omnis
813 753 885 779 enim
901 754 948 784 vir,

159 790 260 824 inquit,
279 799 357 818 oranti
371 797 415 818 aut
431 794 583 828 prophetam
603 801 689 830 operto
711 797 807 831 capite,
831 799 950 832 deturpat

157 841 233 870 caput
245 845 318 864 suum
335 846 344 865 :
362 839 501 867 mulierem
517 845 605 868 attteut
621 850 728 876 semper
748 848 817 870 tecto
832 852 892 871 esse
905 852 950 872 ca-

160 882 214 916 pite
229 881 314 917 jubet.
336 883 516 917 Quamobrem
529 894 589 913 cum
603 888 715 916 dixisset
729 897 736 916 :
758 889 846 917 ()mm‘s
859 891 950 918 mulier

159 934 234 954 aram
246 933 289 954 aut
302 930 457 963 prop/uetans
473 939 524 958 non
537 936 623 967 operta
633 934 723 967 capite,
742 935 858 968 deturpat
872 941 949 970 caput

156 981 230 999 suum
241 982 251 1006 ;
263 981 315 1001 non
327 975 370 1002 hie
382 977 511 1010 constitit,
523 978 569 1004 sed
582 985 759 1014 prosequutus
770 986 821 1013 est,
834 981 927 1009 dicens
939 991 945 1008 :

158 1018 241 1046 Unum
253 1021 320 1048 enim
339 1027 375 1048 est
387 1031 417 1049 ac
431 1024 453 1050 si
467 1024 617 1052 decalvetur.
633 1026 709 1058 Quod
724 1027 746 1054 si
769 1035 876 1063 semper
888 1037 948 1057 esse

156 1073 242 1093 rasam
258 1059 336 1102 turpe
349 1073 408 1100 est,
425 1069 512 1103 palam
529 1077 570 1097 est
588 1072 669 1098 etiam
693 1080 799 1108 semper
813 1074 945 1102 detectam

155 1120 223 1145 esse,
238 1115 385 1148 opprobrio
398 1117 476 1143 verti.

187 1159 214 1185 4.
224 1158 318 1194 Neque
329 1160 386 1188 ha‘c
398 1162 482 1189 solum
498 1163 562 1190 satis
577 1164 667 1191 habuit
678 1187 684 1197 ,
701 1167 747 1193 sed
762 1175 854 1194 rursus
868 1168 946 1196 addi-

153 1203 207 1231 dit:
221 1204 266 1232 10.
282 1204 362 1234 Debet
378 1207 468 1234 mulier
490 1214 637 1243 potestatem
661 1212 751 1239 habere
775 1221 851 1248 super
868 1221 945 1249 caput

152 1258 224 1279 suum
238 1257 341 1286 propter
351 1253 464 1288 angelos.
475 1255 596 1282 Ostendit
609 1265 660 1284 non
679 1259 808 1286 orationis
824 1265 944 1295 tempore

153 1301 273 1330 tantum,
299 1298 346 1325 sed
373 1301 452 1325 etiam
480 1306 609 1335 perpetuo
641 1303 700 1330 illas
722 1305 774 1339 tegi
806 1312 939 1340 oportere.

152 1340 242 1368 Virum
256 1348 347 1370 autem
368 1351 420 1371 non
436 1344 500 1372 item
520 1346 553 1373 de
576 1351 741 1382 legumento,
752 1351 798 1377 sed
813 1351 846 1377 de
866 1360 942 1380 coma

150 1387 264 1416 instituit
280 1397 287 1416 :
303 1389 427 1423 prohibet
450 1397 538 1419 autem
561 1401 594 1420 ne
617 1399 720 1428 tegatur
738 1404 797 1423 cum
812 1404 871 1425 orat
885 1404 943 1425 tan—

150 1438 220 1468 tnm,
247 1442 353 1463 comam
377 1442 466 1464 autent
487 1439 559 1466 alere
588 1448 695 1476 semper
722 1443 854 1476 prohibet.
880 1445 942 1472 ldeo

149 1479 217 1507 sicut
227 1480 262 1508 de
276 1482 390 1509 muliere
401 1483 467 1510 dixit
482 1493 488 1511 :
503 1485 529 1512 6.
545 1486 576 1513 Si
594 1492 677 1514 autem
691 1496 741 1514 non
758 1490 861 1523 veletur,
883 1497 940 1518 tou-

149 1526 238 1554 deatur
251 1535 261 1554 :
274 1527 314 1555 sic
327 1532 356 1556 et
369 1528 403 1556 de
416 1530 474 1557 viro
491 1539 497 1557 :
513 1531 543 1558 Si
556 1540 654 1559 comunt
668 1535 780 1567 nutriat,
801 1536 941 1571 ignominia

149 1577 184 1599 est
194 1572 242 1601 illi.
255 1573 314 1602 Non
328 1574 410 1608 dixit,
427 1575 455 1604 Si
469 1582 582 1612 tegatur,
601 1579 658 1612 sed,
676 1580 706 1607 Si
723 1589 820 1609 comam
835 1584 937 1611 nutriat.

149 1618 244 1647 ldeoin
255 1621 386 1655 principio
394 1622 478 1650 dixit:
492 1623 580 1651 Omnis
591 1626 628 1652 vir
636 1634 711 1654 ornus
722 1633 765 1654 aut
774 1633 938 1665 prop/tetrum,

147 1673 222 1700 super
233 1672 311 1702 caput
325 1667 429 1695 habens.
451 1669 508 1696 Non
524 1670 599 1704 dixit,
617 1671 741 1707 Opertus,
770 1675 826 1707 sed,
854 1677 939 1712 Super

148 1715 222 1746 caput
231 1711 325 1740 habens
332 1721 342 1744 ;
349 1714 494 1742 ostendens
501 1716 570 1750 quod
580 1717 682 1745 etiamsi
693 1724 766 1746 nudo
774 1726 832 1748 oret
841 1711 936 1756 capite,

148 1764 252 1785 comam
272 1764 361 1787 autem
377 1761 489 1794 habent,
509 1771 556 1798 par
570 1764 606 1791 sit
619 1764 656 1791 illi
669 1766 712 1800 qui
733 1772 842 1801 opertus
856 1775 935 1796 esset.

147 1802 226 1831 Com
238 1806 320 1839 enim,
336 1807 430 1842 inquit,
445 1817 492 1843 pro
513 1810 635 1838 velamine
650 1812 698 1846 ipsi
711 1813 771 1840 data
784 1820 829 1841 est.
846 1816 876 1842 Si
891 1826 938 1842 uu-

146 1856 196 1878 tem
205 1859 255 1879 non
267 1853 366 1880 velatur
375 1854 476 1888 mulier,
494 1857 627 1883 tondeatur
640 1866 650 1884 :
664 1859 685 1885 si
699 1865 782 1886 uutrm
806 1866 877 1895 turpe
902 1867 937 1889 est

145 1899 243 1926 mulieri
254 1900 399 1928 touderiaut
408 1902 474 1935 radi,
486 1903 588 1930 veletur.
597 1904 623 1932 lu
632 1906 759 1941 principio
768 1908 836 1934 enim
848 1913 936 1936 utnon

144 1945 246 1973 nudum
270 1946 366 1974 habeat
386 1953 466 1983 caput
493 1950 605 1985 requirit
622 1960 628 1978 :
645 1959 802 1987 progressus
825 1960 913 1982 autem
926 1976 934 1989 ,

144 1995 173 2018 ut
185 1996 295 2026 semper
314 2000 366 2020 non
394 1995 495 2022 nudum
520 1996 617 2024 habeat
636 1999 801 2032 subindicat,
821 2001 912 2028 dicens
925 2023 932 2034 ,

145 2037 231 2064 Unum
251 2039 324 2066 enim
338 2044 375 2066 est
389 2048 418 2067 ac
431 2043 452 2068 sl
466 2050 524 2069 rasa
537 2044 568 2070 sit
580 2052 588 2075 ;
604 2049 631 2071 et
644 2052 703 2071 cum
717 2047 788 2074 omni
805 2048 893 2075 studio
904 2056 935 2076 ac

142 2082 292 2118 diligentia.
301 2085 358 2112 Non
369 2087 440 2114 enim
453 2093 481 2115 ut
496 2089 597 2116 veletur
607 2095 634 2117 et
646 2095 750 2125 tegatur
763 2093 842 2120 modo
854 2094 932 2128 dixit,

143 2130 190 2157 sed
207 2135 237 2157 ut
248 2135 413 2167 contegatur,
427 2139 454 2161 nt
466 2135 500 2162 sit
512 2136 629 2170 undique
640 2144 764 2166 accurate
775 2141 932 2175 Composita.

143 2177 176 2204 Et
189 2185 252 2205 cum
265 2179 292 2206 in
306 2179 496 2209 absurditatem
511 2191 568 2210 rem
584 2184 701 2217 deducit,
714 2186 815 2220 pudore
830 2188 933 2215 summ-

141 2223 188 2255 dit,
204 2223 381 2254 vehementer
403 2227 539 2255 incessens
554 2237 585 2257 ac
604 2230 695 2258 dicens
711 2241 717 2259 :
731 2232 761 2259 Si
774 2238 858 2260 autent
882 2243 932 2262 non

142 2269 246 2302 velatur,
270 2272 414 2298 tondeatur.
433 2273 498 2300 Natu
511 2274 532 2301 si
548 2275 640 2309 abjieis
661 2281 842 2311 tegumentum
860 2280 931 2307 tibia

142 2315 198 2349 lege
211 2315 259 2342 Dei
273 2316 379 2349 datum,
396 2319 490 2353 inquit,
505 2321 584 2347 etiam
610 2322 635 2349 id
649 2323 720 2357 quod
735 2323 781 2350 tibi
805 2332 819 2351 ιι
837 2331 930 2353 natura

141 2360 230 2388 datum
240 2366 294 2393 est,
308 2362 405 2398 abjice.
419 2364 493 2397 Quod
508 2366 530 2392 si
543 2366 603 2401 quis
617 2367 714 2395 dixerit
731 2378 736 2395 :
754 2369 786 2396 Et
798 2373 931 2405 quomodo

141 2405 203 2433 illud
216 2407 324 2434 mulieri
340 2411 417 2443 turpe
428 2408 519 2442 fuerit,
532 2411 553 2437 si
564 2411 597 2438 ad
607 2413 656 2440 viri
669 2413 779 2448 gloriam
794 2417 928 2445 ascendit?

140 2450 202 2477 illud
216 2451 379 2486 dixerimus,
396 2462 449 2481 non
461 2457 615 2490 ascendere,
634 2459 679 2485 sed
694 2467 709 2486 a
725 2463 834 2495 proprio
849 2464 923 2490 exci-

139 2497 202 2525 dere
217 2497 331 2537 honore.
347 2499 415 2527 Nam
430 2501 499 2528 inter
517 2504 640 2537 proprios
656 2506 783 2533 terminos
798 2516 849 2535 non
873 2518 929 2537 ma-

139 2551 203 2571 nere
215 2536 333 2580 etleges
346 2553 361 2572 a
377 2546 433 2574 Deo
452 2547 529 2579 latas,
546 2549 593 2576 sed
615 2550 673 2578 illas
689 2554 844 2587 transgredi,
875 2563 927 2582 non

136 2591 255 2618 accessio
265 2595 319 2625 est,
330 2593 377 2620 sed
391 2593 549 2622 imminutio.
559 2597 787 2629 Quemadmodum
799 2603 869 2628 enim
883 2603 927 2637 qui

136 2636 221 2664 aliena
235 2638 413 2673 concupiscit,
428 2645 456 2668 et
465 2649 524 2676 qua:
545 2650 597 2670 non
610 2652 656 2671 sua
672 2651 732 2673 sunt
745 2647 852 2682 abripit,
873 2657 926 2676 non

135 2682 196 2716 quid
221 2684 337 2719 amplius
350 2687 451 2721 accepit
466 2707 473 2717 ,
501 2688 548 2715 sed
565 2689 722 2719 detrimento
736 2698 777 2719 est
798 2693 924 2728 affectus,

135 2728 259 2763 quodque
273 2729 390 2758 habebat
401 2732 531 2766 pertlidit;
546 2734 572 2761 id
583 2735 653 2769 quod
669 2737 747 2764 etiam
763 2739 788 2765 in
804 2741 925 2772 paradiso

134 2774 264 2809 contigit:
278 2775 318 2803 sic
337 2780 364 2804 et
381 2777 478 2804 mulier
490 2786 542 2805 non
555 2781 650 2814 accipit
671 2783 718 2809 viri
741 2784 923 2819 nobilitatem,

132 2818 178 2846 sed
195 2824 224 2848 ct
237 2821 359 2850 mulieris
374 2822 542 2852 honestatem
558 2827 672 2860 amittit;
690 2836 739 2856 nec
755 2830 815 2858 inde
837 2833 922 2860 solmn

133 2864 191 2894 huic
206 2867 363 2902 ignominia,
375 2869 423 2897 sed
432 2870 512 2898 etiam
521 2872 554 2900 ab
565 2872 679 2902 habendi
692 2876 844 2911 cupiditate.
857 2878 921 2905 Cum

133 2918 193 2948 ergo
206 2915 400 2951 assumpsissct
415 2915 526 2953 idquod
535 2922 610 2955 turpe
621 2928 680 2950 esse
694 2921 721 2950 iu
732 2922 854 2952 confesso
861 2920 917 2960 “est,

667 185 701 214 lN
720 187 828 216 EPIST.
849 188 858 216 Ι
889 189 936 216 AD
954 190 1032 218 COR.
1053 191 1167 221 HOMIL.
1189 194 1285 223 XXVI.

1751 208 1802 234 ἳΐκ

1013 254 1041 277 et
1055 249 1189 281 dixisset:
1208 254 1240 281 Si
1254 260 1338 282 autem
1357 260 1429 293 turpe
1452 251 1487 287 est
1511 262 1611 289 mulieri
1638 265 1734 291 tonderi
1762 272 1804 293 nut

1010 296 1067 322 rudi
1075 305 1086 329 ;
1100 299 1170 332 quod
1184 306 1199 326 a
1214 301 1302 335 seipso
1314 309 1373 331 erat
1388 309 1450 333 tunc
1461 308 1560 341 posuit,
1573 308 1673 342 diCens,
1693 310 1802 339 Veletur.

1009 341 1101 377 Neque
1113 343 1190 375 dixit,
1203 345 1311 374 Comam
1325 350 1434 384 nutriat,
1446 352 1502 384 sed,
1519 352 1640 387 Vdetur;
1654 355 1711 383 inec
1722 357 1801 384 ambo

1009 396 1090 416 unum
1105 398 1164 418 esse
1192 393 1249 428 lege
1264 397 1439 430 constituens,
1465 404 1492 426 ct
1513 401 1647 435 utrimque
1669 402 1710 429 illa
1736 412 1800 430 con-

1009 435 1129 469 lirmans,
1144 437 1177 464 ab
1193 438 1226 466 iis
1245 447 1303 474 qum
1322 443 1466 471 constituta
1488 451 1551 472 sunt
1565 451 1592 473 et
1608 455 1622 473 a
1647 450 1797 477 contrariis.

1007 480 1073 508 Nam
1086 483 1207 510 velamen
1223 489 1250 512 et
1262 494 1365 514 comam
1380 496 1462 516 unum
1478 498 1538 518 esse
1548 492 1628 525 dicit;
1646 493 1714 522 idem
1730 504 1799 530 quo-

1006 535 1058 562 que
1085 537 1145 557 esse
1169 536 1194 558 et
1217 540 1316 566 rasam,
1342 540 1369 562 et
1397 544 1454 563 eam
1471 546 1530 572 qnze
1543 540 1614 567 nudo
1627 546 1667 568 cst
1688 543 1797 576 rapite:

1008 574 1092 602 Unum
1107 583 1143 604 est
1157 579 1233 612 enim,
1248 580 1340 614 inquit.
1357 587 1379 608 et
1393 583 1513 618 idipsuiu,
1526 587 1593 620 quod
1603 596 1670 614 rasa.
1686 589 1761 622 Quod
1775 590 1797 617 si

1005 623 1065 656 quis
1085 623 1192 658 dixerit,
1208 627 1240 653 Et
1255 629 1389 662 quomodo
1402 638 1481 657 unum
1497 638 1547 663 est.
1573 634 1595 661 si
1625 635 1667 662 illa
1688 636 1794 670 quidem

1005 673 1186 703 tegumentum
1199 678 1300 701 natura:
1316 676 1404 707 habet,
1418 677 1460 703 illa
1476 687 1539 705 vero
1554 689 1612 714 quae
1624 689 1680 708 rasa
1692 688 1733 709 est
1744 693 1794 710 non

1004 715 1067 742 item
1076 716 1087 743 ?
1098 719 1330 753 respondebimus,
1341 721 1412 749 illam
1423 724 1531 751 arbitrio
1540 733 1588 752 suo
1598 726 1648 753 hoc
1657 728 1795 763 reliquisse

1003 765 1030 788 et
1045 762 1143 790 nudum
1158 763 1257 793 habere
1268 772 1346 801 caput
1357 777 1363 793 :
1375 769 1444 803 quod
1461 770 1482 796 si
1497 778 1547 797 non
1564 773 1668 806 capillis
1682 762 1793 809 nudum,

1003 809 1053 837 hoc
1064 818 1095 837 ex
1108 816 1210 845 natura,
1226 821 1278 840 non
1302 823 1334 841 ex
1347 815 1418 842 illius
1431 818 1541 844 arbitrio
1554 827 1623 849 esse.
1641 821 1731 856 Itaque
1751 823 1793 849 illa

1002 864 1061 891 quae
1074 865 1132 884 rasa
1150 863 1199 889 est,
1221 861 1321 887 nudum
1335 867 1414 896 caput
1429 863 1517 894 habet.
1539 870 1566 893 et
1591 867 1632 892 illa
1659 868 1792 897 similiter.

1002 900 1063 929 ideo
1079 904 1148 930 enim
1161 909 1261 932 naturm
1278 908 1407 941 permisit,
1428 915 1455 936 ut
1477 911 1546 938 illam
1567 917 1678 947 tegeret,
1694 919 1721 941 ut
1737 915 1793 943 ha'c

1000 948 1034 976 ab
1049 949 1090 975 illa
1103 949 1153 976 hoc
1167 951 1283 983 discens,
1298 955 1456 987 operiri-tur.
1471 957 1570 985 Deinde
1584 968 1692 986 causam
1704 961 1792 996 aﬂ‘ert,

1001 997 1115 1028 utsa-pe
1130 995 1195 1026 dixi,
1219 1001 1352 1032 tamquam
1377 1009 1435 1026 cum
1466 1002 1558 1030 liberis
1579 1004 1699 1039 loquens.
1727 995 1791 1039 Qnai

999 1039 1078 1074 igitur
1092 1049 1171 1068 causa
1185 1043 1245 1069 est?
1258 1044 1283 1070 7.
1300 1044 1368 1072 Nam
1381 1047 1419 1072 uir
1435 1047 1534 1081 quidem
1550 1058 1600 1076 nou
1618 1051 1689 1078 debet
1710 1053 1792 1081 velare

998 1091 1083 1120 caput,
1099 1095 1156 1114 cum
1177 1090 1210 1115 sit
1226 1090 1309 1125 imago
1331 1097 1354 1117 et
1369 1093 1450 1127 gloria
1467 1094 1521 1121 Dei.
1545 1095 1648 1124 Rursus
1669 1099 1718 1126 alia
1733 1099 1791 1127 ha‘c

997 1139 1087 1160 causa.
1117 1133 1209 1168 Neque
1237 1137 1307 1163 enim
1333 1138 1430 1171 solum,
1457 1141 1528 1174 quod
1552 1148 1630 1176 caput
1653 1144 1788 1174 Christum

998 1178 1102 1209 habent.
1121 1189 1176 1217 non
1187 1182 1266 1209 debet
1279 1190 1357 1218 caput
1372 1191 1471 1220 tegere,
1496 1189 1542 1215 sed
1557 1191 1635 1217 etiam
1652 1193 1712 1227 quia
1728 1202 1788 1222 mu-

997 1225 1054 1252 lieri
1071 1227 1192 1260 imperat.
1207 1228 1271 1255 Nam
1288 1231 1433 1265 principem
1449 1233 1480 1260 ad
1502 1242 1591 1269 regem
1604 1239 1786 1272 aet-edentem,

998 1272 1160 1308 principatus
1182 1275 1285 1309 signum
1309 1276 1407 1304 habere
1426 1285 1542 1313 oportet.
1563 1282 1607 1309 Sic
1621 1291 1685 1318 ergo
1700 1287 1788 1314 nullus

996 1319 1120 1353 princeps
1133 1321 1191 1348 sine
1206 1321 1294 1350 balteo
1308 1328 1335 1350 et
1347 1323 1450 1352 chlama
1472 1327 1541 1354 ausit
1554 1336 1711 1362 comparere
1724 1340 1786 1360 ante

995 1364 1069 1391 illum
1082 1366 1125 1399 qui
1141 1365 1263 1394 diadema
1279 1373 1364 1402 gestat
1378 1377 1385 1395 :
1398 1370 1436 1397 sic
1453 1379 1539 1407 neque
1556 1378 1583 1400 tu
1595 1375 1696 1410 absque
1709 1378 1784 1411 signo

995 1410 1166 1444 principatus,
1183 1413 1253 1447 quod
1266 1418 1306 1440 est
1320 1414 1425 1442 detecto
1435 1424 1494 1444 esse
1505 1420 1600 1452 rapite,
1615 1421 1696 1448 Deum
1711 1410 1782 1453 ores.

995 1461 1023 1483 ut
1036 1464 1068 1484 ne
1081 1459 1241 1486 contumelia
1256 1460 1357 1487 afﬁcias
1368 1466 1394 1488 et
1410 1467 1434 1490 te
1449 1468 1477 1491 et
1492 1473 1551 1491 eum
1572 1467 1615 1500 qui
1635 1472 1660 1497 te
1682 1467 1783 1497 honore

993 1501 1085 1529 aflicit.
1102 1503 1219 1538 ldipsum
1240 1511 1267 1532 et
1281 1506 1314 1533 de
1328 1507 1441 1535 muliere
1457 1510 1515 1543 quis
1533 1510 1630 1538 dixerit
1645 1522 1651 1538 :
1668 1522 1727 1540 nam
1745 1516 1782 1542 illi

992 1557 1098 1586 quoque
1112 1556 1153 1578 est
1169 1553 1323 1587 ignominia,
1347 1554 1368 1581 si
1386 1563 1437 1582 non
1459 1557 1631 1592 snhjectionis
1646 1560 1718 1594 signa
1736 1561 1782 1588 ha-

993 1595 1062 1623 beat.
1087 1596 1182 1624 Mulier
1206 1604 1289 1625 autent
1304 1600 1387 1633 gloria
1404 1602 1507 1629 uiriest.
1525 1603 1572 1630 Est
1586 1612 1651 1638 ergo
1663 1608 1782 1634 naturale

992 1643 1040 1669 viri
1053 1644 1203 1678 imperium.
1217 1645 1319 1673 Deinde
1335 1652 1474 1682 postquam
1485 1651 1645 1677 sententiam
1660 1654 1779 1686 protulit,

991 1693 1017 1716 et
1030 1689 1147 1717 rationes
1162 1697 1188 1717 et
1203 1698 1297 1718 causas
1312 1700 1417 1719 rursum
1432 1694 1599 1729 alias'ponit,
1615 1697 1647 1723 ad
1670 1699 1780 1730 primam

992 1740 1016 1761 te
1029 1734 1129 1763 ducens
1144 1737 1320 1769 creationem,
1331 1738 1372 1764 his
1384 1739 1472 1766 verbis
1487 1749 1493 1767 :
1508 1741 1534 1768 8.
1552 1740 1612 1768 Non
1625 1744 1690 1770 enim
1700 1744 1738 1770 vir
1752 1753 1782 1771 re

990 1781 1095 1808 muliere
1114 1787 1160 1812 est,
1187 1783 1231 1809 sed
1245 1783 1335 1810 mulier
1350 1792 1381 1810 ex
1402 1785 1465 1811 viro.
1482 1785 1510 1812 Si
1530 1791 1618 1814 autem
1645 1796 1676 1815 ex
1692 1790 1781 1824 aliquo

989 1835 1058 1858 esse.
1070 1828 1155 1863 gloria
1171 1833 1212 1856 est
1223 1830 1280 1863 ejus
1296 1838 1328 1857 ex
1338 1838 1390 1865 quo
1404 1831 1511 1865 prndiit,
1526 1834 1610 1861 multo
1623 1837 1706 1870 magis
1721 1844 1781 1864 esse

988 1873 1112 1900 similem.
1129 1874 1156 1901 9.
1172 1874 1270 1901 Etenim
1285 1884 1335 1902 non
1349 1882 1448 1904 creatus
1463 1883 1499 1904 est
1510 1879 1548 1905 vir
1571 1885 1674 1916 propter
1688 1883 1780 1909 mulie-

988 1928 1050 1951 rem,
1067 1920 1111 1946 sed
1124 1920 1216 1948 mulier
1230 1927 1332 1956 propter
1345 1923 1437 1950 virum.
1456 1924 1517 1952 llaec
1531 1930 1571 1952 est
1585 1927 1702 1954 secunda
1718 1937 1778 1955 rur-

987 1972 1033 1992 sus
1049 1964 1119 1993 illius
1132 1973 1187 2000 prze
1202 1967 1246 1994 illa
1260 1967 1429 2001 excellentia,
1442 1971 1494 1996 imo
1508 1976 1534 1999 et
1545 1973 1621 1999 tertia
1634 1978 1660 2000 et
1673 1980 1777 2009 quarta.

987 2010 1086 2045 Prima,
1104 2012 1165 2045 quia
1181 2018 1260 2048 caput
1274 2019 1394 2042 nostrum
1409 2022 1449 2043 est
1470 2017 1601 2051 Christus,
1617 2025 1703 2047 etnos
1718 2029 1777 2048 mu-

986 2057 1076 2089 lieris;
1091 2059 1219 2092 secunda,
1234 2060 1294 2094 quia
1311 2069 1359 2088 nos
1368 2062 1450 2096 gloria
1469 2064 1513 2091 Dei
1527 2073 1628 2098 sumus,
1643 2073 1670 2093 et
1683 2068 1779 2096 mulier

986 2103 1070 2138 gloria
1086 2109 1191 2137 nostra;
1207 2106 1295 2139 tertia,
1308 2107 1368 2140 quia
1380 2116 1431 2134 non
1446 2117 1494 2135 nos
1501 2118 1535 2136 ex
1547 2111 1659 2140 muliere
1673 2119 1775 2145 sumus,

985 2149 1032 2177 sed
1057 2150 1101 2177 illa
1129 2159 1161 2178 ex
1182 2151 1274 2185 nobis;
1299 2159 1406 2188 quarta,
1438 2156 1499 2190 quia
1520 2165 1572 2184 non
1592 2166 1642 2186 nos
1669 2165 1777 2195 propter

986 2195 1078 2228 illam,
1093 2196 1139 2223 sed
1161 2197 1204 2224 illa
1232 2202 1340 2232 propter
1354 2207 1412 2226 nos.
1437 2201 1480 2228 10.
1505 2201 1568 2229 Ideo
1594 2203 1666 2231 debet
1687 2206 1777 2232 mulier

985 2240 1075 2267 habere
1085 2246 1231 2276 potestatem
1239 2252 1314 2278 super
1321 2249 1397 2279 caput
1405 2254 1487 2273 suum.
1500 2247 1572 2281 Ideo,
1582 2257 1632 2284 qua
1640 2250 1672 2277 de
1681 2251 1774 2279 causa?

984 2285 1026 2313 die
1042 2286 1105 2313 mihi
1113 2304 1121 2313 .
1136 2287 1248 2322 Propter
1257 2289 1314 2316 lure
1324 2291 1412 2318 omnia
1421 2292 1556 2326 qtuedieta
1567 2300 1628 2322 sttnt
1639 2304 1645 2324 :
1657 2296 1711 2324 into
1721 2305 1772 2326 non

984 2334 1085 2358 tantum
1102 2337 1210 2367 propter
1223 2333 1279 2362 haec
1296 2336 1396 2369 omnia,
1416 2337 1462 2364 sed
1476 2339 1555 2366 etiam
1568 2340 1680 2376 Propter
1694 2352 1772 2379 auge-

983 2377 1030 2404 los.
1045 2376 1111 2404 Nam
1122 2378 1144 2405 si
1159 2379 1242 2406 virum
1256 2380 1383 2414 despicis,
1400 2383 1499 2418 inquit,
1516 2386 1626 2420 angelos
1637 2395 1772 2417 reverere.

1019 2423 1044 2450 5.
1060 2423 1146 2458 Caput
1159 2432 1223 2460 ergo
1239 2427 1344 2460 operire
1357 2433 1395 2455 est
1414 2429 1587 2464 subjectionis
1606 2437 1633 2459 et
1655 2439 1772 2468 potesta-

983 2467 1032 2498 tis;
1060 2468 1142 2496 efﬁcit
1168 2471 1283 2498 enimut
1306 2472 1431 2500 deorsum
1452 2475 1613 2509 aspiciamus
1627 2467 1662 2505 et?
1671 2479 1773 2513 pudore

981 2515 1139 2550 aiticiamur,
1165 2519 1353 2554 propriamque
1367 2528 1506 2549 servemus
1527 2523 1664 2552 virtutem.
1680 2526 1771 2554 Virtus

980 2562 1049 2588 cnim
1064 2567 1091 2589 et
1105 2563 1189 2590 honor
1204 2564 1261 2598 ejus
1283 2565 1324 2592 cui
1348 2565 1494 2600 imperatur
1508 2574 1558 2600 est.
1575 2575 1604 2597 ut
1619 2577 1725 2599 maneat
1745 2573 1771 2599 in

980 2606 1141 2635 obedientia.
1152 2608 1196 2636 Vir
1206 2611 1303 2644 quippe
1317 2619 1367 2638 non
1379 2613 1483 2646 cogitur
1495 2614 1546 2641 hoc
1567 2615 1655 2644 facere
1666 2625 1672 2648 ;
1687 2617 1771 2651 ipsius

980 2651 1050 2678 enim
1069 2652 1171 2679 Domini
1193 2654 1279 2688 imago
1302 2659 1359 2687 est;
1377 2658 1473 2685 mulier
1485 2663 1573 2686 autem
1587 2660 1648 2696 jure
1662 2664 1768 2690 merito.

978 2697 1070 2732 Cogita
1086 2699 1166 2733 igitur
1180 2700 1325 2736 iniquitatis
1342 2711 1493 2738 excessum,
1514 2714 1574 2733 cum
1588 2716 1684 2743 nempe
1695 2714 1767 2737 tanta

979 2744 1124 2772 honoratus
1139 2752 1280 2781 potestate,
1303 2749 1415 2784 teipsum
1432 2751 1566 2787 detur-pas,
1585 2755 1703 2782 mulieris
1722 2756 1769 2782 ha—

979 2790 1060 2817 bitum
1078 2792 1193 2825 rapiens.
1210 2792 1325 2829 ldipsum
1340 2797 1404 2823 facis
1418 2805 1449 2825 ac
1461 2799 1482 2825 si
1497 2806 1635 2835 acceptum
1643 2802 1765 2829 diadema

977 2845 991 2862 a
1007 2837 1093 2872 capite
1103 2837 1241 2872 abjiceres,
1256 2846 1283 2868 et
1294 2849 1343 2876 pro
1353 2843 1502 2872 diademate
1513 2847 1608 2874 servile
1622 2847 1765 2874 vestimen-

978 2887 1031 2909 tum
1048 2891 1209 2913 assumeres.
1225 2886 1268 2914 ll.
1297 2887 1472 2917 Verumtamen
1487 2900 1565 2925 neque
1579 2893 1616 2919 vir
1630 2894 1684 2920 sine
1708 2901 1764 2919 utu-

978 2929 1056 2964 liere,
1086 2938 1163 2967 neque
1182 2932 1272 2961 mulier
1293 2933 1349 2963 sine
1365 2936 1418 2964 viro
1443 2937 1471 2965 in
1495 2936 1614 2965 Domino.
1633 2937 1763 2972 Quoniam
