2046 3114
230 185 282 213 ι219

231 243 320 266 autem
347 238 456 265 multam
477 237 549 265 dedit
562 236 620 264 viro
642 235 840 267 excellentiam,
868 242 930 261 cum
958 234 1024 260 dixit

232 285 374 312 mulierem
390 291 450 311 esse
464 291 496 310 ex
512 283 568 314 illo,
581 287 692 317 propter
705 282 779 308 illum
795 286 821 308 et
841 281 891 308 sub
908 281 967 311 illo;
994 288 1026 306 ne

232 330 304 357 viros
319 329 377 364 plus
391 337 470 363 quam
486 336 532 362 par
545 332 604 355 erat
626 327 780 358 extolleret,
795 334 862 354 neve
876 326 935 353 illas
949 326 1027 352 nimis

231 376 370 411 dejiceret,
387 375 447 402 vide
462 374 595 409 quomodo
613 374 808 401 correctionem
829 372 968 404 adhibeat,
985 372 1026 398 di-

232 429 296 449 cens
311 430 318 448 :
336 421 511 447 Verumtamen
522 427 600 454 neque
612 419 649 446 vir
659 420 713 446 sine
723 419 838 449 muliere,
850 426 928 453 neque
938 418 1028 444 mulier

232 467 285 494 sine
298 466 351 493 uiro
364 465 390 492 in
405 465 524 491 Domino.
538 464 576 492 Ne
590 465 667 496 mihi,
683 464 778 499 inquit,
794 464 879 499 prima
894 463 949 490 sola
963 470 1026 489 exa-

233 513 329 544 mines,
343 519 431 546 neque
442 512 607 538 creationem
619 511 701 538 illam.
714 510 780 537 Nam
793 511 814 537 si
824 518 853 537 ea
865 518 923 543 quae
937 513 1027 543 postea

233 558 300 585 facta
321 561 384 584 sunt
396 557 537 591 exquiras,
564 560 677 591 uterque
699 556 837 590 utriusque
862 559 902 582 est
916 559 1025 585 auctor;

233 604 287 630 imo
302 610 389 637 neque
409 607 521 636 uterque
536 601 692 636 utriusque,
719 601 766 628 sed
790 601 859 627 Deus
885 599 1002 627 onmium
1019 607 1025 624 :

233 655 317 682 quare
337 648 374 674 ait
390 655 396 675 :
414 646 504 681 Neque
518 647 556 673 vir
570 647 623 673 sine
642 647 755 677 muliere,
767 654 846 680 neque
870 646 960 671 mulier
975 645 1028 671 sine

233 694 286 720 uiro
308 694 334 720 in
363 693 479 719 Domino.
506 693 548 720 12.
579 692 647 719 Nam
674 693 738 718 sicut
757 692 847 718 mulier
861 692 968 721 excire,
992 691 1028 716 ita

235 741 272 767 vir
288 749 332 776 per
345 741 484 766 mulierem.
501 739 557 766 Non
573 739 649 771 dixit,
662 739 698 766 Ex
716 740 838 770 umliere,
854 739 901 765 sed
915 743 1007 765 contra
1018 759 1025 770 ,

240 787 281 815 Ea:
303 788 366 814 riro.
395 787 452 814 lloc
473 787 544 814 enitn
570 787 655 821 ipsum
682 787 813 821 integrant
842 790 931 812 toanet
958 785 1027 820 apud

235 835 331 860 virum.
347 833 443 860 Verum
467 833 524 859 lucc
550 837 622 859 recte
646 837 719 866 gesta
746 840 798 858 non
821 831 879 864 viri,
910 831 956 858 sed
981 830 1028 857 Dei

235 883 296 907 sunt
313 888 319 906 :
333 886 415 914 quare
430 878 509 905 etiam
523 877 660 912 subjuuxit
674 885 680 903 :
696 877 750 904 Sed
763 877 848 903 omnia
867 884 898 903 ex
909 876 972 903 beo.
999 876 1028 903 Si

235 934 298 961 ergo
310 926 354 953 Dei
369 929 431 951 sunt
444 924 543 956 omnia,
559 924 615 959 ipse
626 928 714 950 autem
727 923 864 958 illajubct,
880 923 1028 958 obsequch

234 977 261 999 et
275 979 308 999 ne
321 971 499 998 contradicas.
517 970 560 996 15.
585 968 618 996 In
640 969 709 996 vobis
730 969 792 1003 ipsis
811 967 926 1004 judicate
941 968 1028 995 :decet

235 1018 364 1045 mulierem
378 1024 428 1043 non
439 1016 547 1043 relatam
562 1024 634 1042 orare
651 1015 755 1042 Deum."
768 1015 869 1042 Rursus
892 1015 950 1042 illos
966 1022 1029 1041 con-

235 1063 320 1090 stituit
334 1062 464 1090 dictorum
478 1061 592 1096 iudices,
612 1061 684 1096 quod
714 1062 793 1088 etiarn
819 1061 845 1088 in
875 1061 1029 1096 idolothytis

236 1108 299 1135 fecit
313 1117 320 1134 :
335 1116 395 1134 natn
411 1112 438 1134 et
448 1107 501 1133 illic
514 1106 588 1138 dicit,
602 1106 721 1133 Judicate
743 1114 785 1133 vos
807 1106 873 1140 quod
899 1107 975 1138 dico;
1003 1111 1030 1132 et

240 1154 292 1186 hic,
307 1152 340 1180 In
355 1153 625 1188 vobisipsisjudicata.
648 1152 680 1179 Et
703 1152 849 1179 terr-bilius
864 1152 963 1187 aliquid
987 1152 1030 1179 hic

237 1199 387 1227 subindicat
403 1208 409 1225 :
424 1198 615 1225 contumeliam
640 1198 711 1224 enim
739 1197 783 1224 hic
798 1198 862 1224 dicit
886 1198 919 1224 ad
948 1198 1029 1224 Deum

239 1247 363 1274 transire.
379 1245 476 1272 Verum
489 1253 541 1272 non
555 1245 590 1271 ita
607 1245 732 1279 loquitur,
746 1244 794 1270 scd
807 1244 897 1270 tuititts
912 1244 1031 1278 aliquau-

238 1300 293 1319 tnm
307 1297 334 1319 et
349 1292 432 1327 magis
447 1292 629 1326 ceuigmatice,
648 1291 739 1317 dicens
755 1299 761 1317 :
777 1290 885 1317 Decetne
902 1291 1031 1316 mulierem

238 1347 288 1365 non
297 1339 404 1365 relatam
420 1338 502 1364 Deum
512 1337 608 1363 orare?
623 1337 664 1363 l4.
685 1336 777 1363 Annon
800 1338 856 1369 ipsa
877 1342 967 1362 natura
989 1344 1031 1362 vos

239 1386 320 1418 «locet,
335 1384 402 1420 quod
415 1384 452 1410 vir
469 1384 570 1416 quidem
585 1383 606 1409 si
620 1391 718 1409 cantant
733 1383 838 1415 nutriat,
854 1383 991 1417 ignominia
1000 1384 1032 1409 sit

238 1431 294 1459 illi?
308 1432 352 1460 15.
367 1431 458 1458 mulier
471 1438 528 1457 vero
543 1431 566 1457 si
588 1438 686 1456 cantant
700 1429 806 1461 nutriat,
820 1429 902 1464 gloria
923 1434 959 1456 est
969 1429 1032 1461 illi?

238 1479 357 1513 quoniam
371 1478 458 1512 capilli
470 1485 515 1511 pro
525 1477 648 1503 velamine
661 1476 682 1502 ei
693 1477 746 1502 dati
759 1481 827 1502 sunt.
840 1475 915 1510 Quod
927 1484 1033 1511 semper

240 1523 471 1557 t‘acit,communi:t
486 1519 589 1557 ponens
602 1522 752 1554 ratiocinia,
766 1521 816 1549 hoc
831 1527 858 1549 et
874 1522 915 1549 hic
927 1529 1033 1557 quoque

240 1570 314 1602 facit,
341 1569 373 1596 ad
399 1569 533 1603 vulgarem
559 1567 780 1594 conSuetudinem
806 1569 980 1602 cnnlugiens,
1006 1572 1034 1595 et

240 1616 383 1643 admodum
402 1614 503 1649 pudore
521 1613 676 1640 suli'undens
689 1621 746 1644 eos,
763 1614 807 1648 qtti
831 1619 987 1648 exspectant
1000 1614 1034 1641 ab

241 1662 289 1689 illo
301 1661 432 1693 ediscere,
445 1667 505 1694 qua:
519 1667 553 1687 ex
566 1660 701 1686 communi
716 1659 909 1686 consuetudine
924 1664 1035 1695 possunt

241 1707 324 1736 edisci
340 1716 346 1734 :
362 1707 418 1734 haec
440 1707 538 1741 quippe
560 1711 587 1732 et
612 1705 707 1732 sitmlia
737 1713 771 1733 ne
787 1706 906 1733 barbaris
927 1707 1033 1742 quidem

242 1755 331 1789 ignota
353 1758 426 1780 sunt.
440 1752 474 1779 Et
488 1751 549 1779 vide
568 1751 702 1786 quomodo
718 1752 814 1787 ubique
825 1752 932 1780 acribus
947 1758 1036 1781 utatur

241 1800 342 1827 verbis.
361 1799 448 1825 Omnis
469 1799 507 1824 vir
521 1807 606 1830 orans,
618 1799 662 1832 qui
676 1803 752 1833 caput
774 1807 847 1825 suum
867 1800 936 1834 legit,
961 1805 1036 1834 caput

243 1855 318 1874 suum
333 1846 468 1879 deturpat;
482 1852 513 1871 ac
528 1852 644 1875 rursum,
657 1844 686 1871 Si
701 1849 785 1871 autem
800 1849 873 1879 turpe
886 1850 921 1872 est
937 1846 1037 1872 mulieri

244 1892 342 1919 tonderi
358 1896 401 1918 aut
416 1891 483 1923 radi,
498 1891 610 1922 veletur;
623 1895 650 1918 et
662 1891 704 1917 hic
719 1898 822 1923 rursus,
843 1890 887 1917 Vir
900 1891 999 1926 quidem
1015 1893 1037 1918 si

244 1946 342 1965 comam
367 1938 477 1970 nutriat,
505 1937 645 1972 ignominia
671 1942 708 1964 est
733 1938 798 1964 illi:
822 1938 913 1964 mulier
941 1939 963 1965 si
991 1947 1036 1965 co-

243 1992 312 2010 mam
338 1985 453 2015 nutriat,
477 1984 559 2019 gloria
590 1988 624 2010 est
651 1983 710 2016 illi,
733 1984 854 2019 quoniam
877 1985 964 2019 capilli
991 1993 1037 2019 pro

244 2029 368 2057 velamine
388 2030 410 2056 ei
434 2029 487 2055 dati
505 2033 573 2056 sunt.
597 2029 630 2056 Et
642 2029 663 2055 si
688 2037 736 2064 pro
752 2029 883 2057 velamine
896 2028 950 2056 dati
965 2035 1036 2061 sunt.

245 2075 342 2110 inquit,
354 2083 402 2102 cur
415 2080 538 2109 oporteat
552 2074 674 2101 velamen
689 2075 761 2102 aliud
781 2075 917 2110 adjicere?
933 2075 968 2103 Ut
984 2084 1037 2102 non

245 2121 331 2148 solum
346 2129 360 2148 a
375 2125 479 2152 natura,
499 2119 546 2147 sed
560 2120 639 2147 etiatu
655 2120 688 2146 ab
710 2120 820 2147 arbitrio
846 2120 1038 2155 subjectioucm

246 2168 413 2195 conﬁteatur.
427 2166 502 2199 Quod
518 2166 588 2192 enim
603 2171 628 2193 te
641 2171 762 2200 oporteat
772 2166 864 2199 velari,
878 2167 933 2201 ipsa
945 2173 1038 2194 natura

247 2214 321 2247 prius
335 2213 481 2239 constituit.
499 2211 574 2238 Adde
588 2212 667 2246 igitur
677 2219 786 2246 operam
801 2217 884 2245 tuam,
902 2221 934 2240 ne
949 2213 1039 2241 videa-

246 2259 285 2286 ris
297 2264 400 2286 natura:
415 2258 486 2292 leges
505 2263 627 2285 evertere
643 2266 649 2284 :
663 2257 734 2292 quod
747 2258 852 2293 quidem
865 2259 954 2286 multa:
968 2264 1040 2286 esset

247 2303 430 2338 impudentiae,
454 2311 507 2330 non
524 2304 662 2330 nobiscum
679 2309 790 2336 tantum,
809 2304 854 2331 sed
882 2305 962 2332 etiam
978 2313 1038 2332 cum

251 2355 346 2377 natura
355 2357 482 2385 pugnare.
491 2349 579 2383 Quare
586 2349 766 2378 JudazosDeus
788 2351 912 2378 incusans
922 2352 1000 2378 diceb
1010 2357 1038 2378 ut:

250 2395 372 2422 Occidisti
386 2394 453 2429 ﬁlios
473 2399 528 2421 tuos
541 2400 563 2421 et
576 2396 643 2429 ﬁlias
658 2400 713 2422 tuas
728 2395 834 2430 (Exeo/1.
848 2396 890 2423 16.
906 2397 952 2431 21)
969 2407 975 2424 :
990 2398 1040 2424 hoc

251 2449 307 2478 pra:
321 2441 446 2468 omnibus
461 2446 500 2468 est
519 2441 760 2469 abominationibus
775 2442 836 2469 tuis.
863 2442 896 2469 Et
922 2451 968 2469 eos
994 2444 1038 2478 qui

248 2487 319 2523 apud
331 2487 467 2515 Romanos
478 2487 605 2523 impudici
628 2493 705 2516 erant
719 2488 860 2523 increpans
876 2489 983 2522 Paulus,
1001 2491 1039 2516 sic

248 2538 327 2568 auget
340 2533 552 2561 criminationem
567 2533 658 2561 dicens
672 2542 678 2560 :
693 2533 763 2569 quod
777 2541 829 2561 non
842 2535 926 2561 solum
944 2540 1041 2569 praeter

251 2579 298 2606 Dei
313 2578 411 2614 legem,
422 2579 468 2606 sed
484 2584 580 2614 praeter
592 2583 713 2606 naturam
729 2586 793 2606 usus
813 2579 858 2607 ille
872 2584 942 2606 esset
959 2588 965 2605 :
980 2579 1040 2606 Mu-

248 2629 338 2652 turnnt
352 2626 417 2653 enim
432 2634 507 2652 usum
527 2626 669 2652 naturalem
688 2625 714 2652 in
739 2625 821 2658 illum,
837 2626 880 2660 qui
900 2631 936 2652 est
951 2631 1042 2660 printer

249 2677 368 2699 naturam
381 2672 476 2708 (Rom.
492 2673 518 2700 ‘l.
533 2673 598 2708 26).
613 2672 757 2707 Propterea
768 2672 794 2699 in
809 2673 861 2699 hoc
874 2680 903 2700 se
916 2681 1040 2701 sermons.

250 2724 367 2752 exercet,
383 2719 435 2747 hoc
448 2720 534 2754 ipsum
549 2718 702 2751 ostendens,
719 2723 747 2746 et
759 2719 828 2754 quod
841 2719 906 2746 nihil
925 2719 1039 2747 alienum

248 2765 402 2800 constituat,
415 2765 538 2800 quodque
548 2764 617 2800 apud
625 2764 734 2792 Grzeeos
745 2765 833 2792 omnia
844 2765 902 2799 eius
916 2766 1041 2793 novitatis

250 2811 315 2843 sint,
337 2819 397 2847 qua:
419 2816 461 2838 est
481 2816 578 2845 praeter
599 2815 730 2838 naturam.
752 2810 796 2838 Sic
811 2815 839 2838 et
855 2811 977 2839 Christus
991 2813 1041 2839 hoc

252 2859 338 2892 ipsttm
363 2857 550 2892 comprobans,
575 2856 679 2884 dicebat
700 2866 706 2884 :
725 2857 892 2892 Quaecumque
917 2858 992 2885 vultis
1013 2863 1041 2884 ut

253 2906 347 2933 faciant
358 2905 427 2932 vobis
436 2904 557 2933 homines.
566 2909 590 2931 et
602 2912 644 2931 vos
654 2904 730 2940 facite
739 2903 801 2939 ipsis
811 2903 916 2940 (Matth.
930 2905 956 2932 7.
973 2905 1038 2940 i2);

580 179 608 207 S.
629 178 768 207 JOANNIS
779 176 1016 206 CHRYSOSTOMI
1042 177 1198 205 ARCHIEP.
1215 177 1480 206 CONSTANTINOP.

1803 156 1873 205 .220

1079 235 1232 269 signiﬁcans
1242 242 1272 262 se
1282 234 1348 261 nihil
1365 242 1462 262 novum
1477 234 1611 262 inducere.
1626 234 1670 262 16.
1683 234 1713 262 Si
1723 235 1779 269 quis
1788 240 1874 262 autem

1079 281 1174 306 ridetur
1189 281 1358 308 contentiosus
1375 289 1438 313 esse,
1453 289 1498 307 nos
1514 281 1588 307 talem
1603 281 1808 307 consuetudinem
1822 289 1874 307 non

1079 326 1208 357 habemus.
1225 335 1303 360 neque
1324 326 1444 353 Ecclesia:
1469 326 1528 353 Dei.
1554 327 1602 353 Est
1615 335 1679 361 ergo
1693 327 1874 354 cnntentionis

1079 376 1105 399 et
1120 379 1171 398 non
1187 373 1299 399 rationis
1323 372 1363 399 his
1379 373 1516 399 resistere.
1540 372 1673 400 Cartermn
1702 373 1740 399 sic
1768 380 1875 406 quoque

1080 419 1242 446 moderatam
1261 419 1323 446 fecit
1334 420 1553 452 increpatiouem,
1569 425 1596 446 ut
1610 420 1653 454 qui
1669 419 1809 454 plurimum
1827 427 1875 454 pu-

1079 463 1152 491 doris
1174 464 1315 491 immiserit
1328 474 1334 491 :
1349 465 1419 500 quod
1435 465 1515 492 etiatu
1533 466 1683 499 graviorem
1700 464 1876 493 fecitoratio-

1081 518 1151 536 netu.
1166 509 1219 536 Nos
1229 510 1311 543 cuitu,
1328 511 1421 545 inquit,
1437 510 1515 537 talettt
1527 511 1746 538 consuetudinem
1759 518 1810 538 non
1828 511 1876 538 Ita-

1080 554 1184 587 bemus,
1194 559 1222 582 ut
1230 555 1423 582 contendamus
1431 561 1457 583 et
1468 556 1601 590 litigamus
1613 561 1640 582 ct
1647 556 1875 584 eontradicamus.

1079 600 1171 635 Neque
1189 606 1276 628 tamen
1294 602 1423 628 hactenus
1437 602 1568 633 substitit,
1584 601 1630 628 sed
1653 601 1799 636 subjunxit,
1818 600 1875 628 Nc-

1079 654 1127 680 que
1143 646 1263 673 Ecclesita
1280 646 1337 679 Dei,
1350 647 1495 674 ostendens
1514 647 1574 674 illos
1596 647 1643 674 toti
1659 652 1789 674 terrarum
1815 646 1875 674 orbi

1080 693 1210 721 obsistere
1220 699 1247 721 et
1260 694 1406 726 adversari,
1419 702 1471 721 non
1481 694 1617 722 cedentes.
1631 694 1683 721 Sed
1695 694 1798 720 etiamsi
1812 698 1877 720 ttmc

1080 739 1428 771 contenderentCorinthii,
1456 748 1526 766 nunc
1549 746 1620 767 totus
1650 746 1780 767 terrarum
1801 739 1876 766 orbis

1082 785 1149 810 hanc
1166 784 1248 819 legem
1263 789 1290 812 et
1304 786 1407 820 acrepit
1421 791 1448 812 et
1461 787 1602 813 observat:
1614 790 1684 812 tanta
1697 790 1738 812 est
1748 785 1875 812 Cruciiixi

1081 834 1208 864 potestas.

1117 877 1142 902 6.
1157 876 1208 902 Sed
1219 884 1313 903 vereor
1324 885 1366 907 uc,
1377 876 1427 903 hoc
1436 881 1545 911 accepto
1557 877 1657 910 habitu,
1667 877 1876 912 operibusque-

1081 923 1141 949 dam
1155 931 1188 949 ex
1199 923 1356 950 ttmlieribus
1370 923 1538 957 impudenter
1561 931 1591 950 se
1611 931 1706 957 gerere
1720 923 1875 957 deprehen-

1081 969 1187 1001 dantur,
1214 974 1242 996 et
1254 969 1306 996 alio
1322 969 1401 996 tnodo
1414 969 1538 996 detectae.
1562 969 1624 996 Ideo
1638 969 1709 996 enim
1731 968 1876 996 Timotheo

1081 1022 1187 1048 quoque
1200 1015 1320 1042 scribens
1334 1015 1442 1047 Paulus,
1453 1015 1580 1041 nonsatis
1595 1015 1685 1041 habuit
1696 1016 1751 1041 haec
1761 1014 1874 1045 dixisae,

1082 1061 1128 1087 sed
1144 1061 1195 1087 alia
1209 1061 1306 1095 adjecit
1319 1061 1411 1088 dicens
1427 1070 1433 1088 :
1447 1060 1481 1087 Ιιι
1495 1061 1581 1087 habitu
1604 1067 1693 1087 ornato
1708 1069 1764 1087 cum
1779 1061 1877 1095 pudore

1082 1112 1105 1132 et
1117 1107 1238 1133 modestia
1251 1112 1368 1134 ornantes
1382 1115 1418 1139 se,
1434 1116 1484 1133 non
1498 1107 1524 1133 in
1537 1108 1609 1134 tortis
1632 1107 1744 1133 crinibus
1756 1112 1799 1132 aut
1813 1115 1876 1133 auro

1085 1153 1121 1187 (ι.
1136 1152 1201 1178 Tim.
1213 1152 1240 1180 2.
1255 1153 1294 1184 9).
1310 1153 1376 1180 Natu
1389 1154 1410 1179 si
1423 1161 1475 1179 non
1489 1158 1595 1188 oportet
1611 1152 1709 1179 uudutn
1722 1157 1802 1186 caput
1824 1153 1872 1180 ha-

1084 1199 1158 1230 bere,
1177 1198 1224 1226 sed
1248 1199 1422 1233 subiectionis
1446 1199 1550 1232 signum
1567 1198 1664 1233 ubique
1686 1199 1875 1229 circumlerre;

1083 1245 1168 1271 multo
1189 1245 1273 1279 magis
1297 1253 1344 1280 per
1366 1253 1445 1278 (ιρι-1⁷η
1466 1245 1516 1271 hoc
1530 1245 1675 1272 oslcttdete
1692 1251 1807 1279 oportet.
1832 1244 1878 1272 S.c

1083 1297 1156 1319 et-rte
1183 1292 1275 1326 prisce
1297 1292 1423 1319 mulieres
1448 1297 1475 1319 et
1489 1292 1612 1318 dominos
1635 1292 1706 1318 viros
1733 1291 1874 1322 vocabant,

1083 1342 1110 1364 et
1129 1338 1228 1372 primas
1254 1338 1319 1372 ip‘is
1340 1337 1532 1365 ceucedebant.
1555 1336 1620 1363 Nam
1637 1337 1727 1369 etilli,
1754 1337 1874 1370 inquit-5,

1085 1391 1182 1410 uxores
1196 1390 1258 1410 suas
1270 1383 1404 1410 amabant.
1416 1383 1471 1410 lloc
1485 1383 1546 1409 novi
1563 1390 1612 1410 nec
1627 1383 1721 1417 ignoro
1735 1392 1740 1408 π
1753 1383 1799 1409 sed
1813 1390 1873 1409 cum

1085 1434 1111 1456 te
1124 1429 1158 1456 de
1173 1429 1204 1456 iis
1218 1437 1276 1463 qua:
1301 1429 1346 1456 tibi
1369 1429 1533 1456 conveniunt
1546 1429 1732 1459 admonemus,
1750 1436 1801 1454 non
1817 1436 1876 1462 qua:

1086 1475 1188 1502 illorotn
1204 1480 1267 1502 sunt
1289 1480 1404 1510 spectes.
1433 1475 1497 1501 Nam
1511 1483 1571 1501 cum
1587 1482 1683 1509 pueros
1701 1474 1877 1501 adhortantur

1085 1522 1251 1557 dicimusque
1262 1527 1291 1549 ut
1305 1522 1460 1557 parentibus
1474 1521 1734 1556 obsequantur,quia
1746 1521 1875 1556 scriptum

1085 1573 1126 1595 est
1140 1577 1147 1596 :
1166 1568 1270 1595 Honora
1284 1574 1379 1603 patrem
1390 1573 1462 1594 tuum
1475 1573 1496 1594 et
1510 1573 1615 1594 matrem
1633 1572 1700 1594 luant
1715 1566 1813 1601 (Exod.
1829 1566 1875 1594 20.

1088 1614 1148 1649 12);
1164 1614 1255 1642 dicunt
1268 1615 1305 1641 illi
1320 1615 1407 1646 nobis,
1422 1614 1516 1641 Profer
1528 1615 1608 1641 etiam
1636 1622 1666 1641 ea
1682 1621 1742 1648 qua:
1755 1621 1877 1648 sequun-

1088 1665 1130 1687 tur
1145 1669 1151 1686 :
1172 1659 1521 1696 Vosquoque,patres,nolite
1534 1660 1567 1686 ad
1580 1660 1644 1686 iram
1658 1667 1794 1694 provocare
1810 1659 1878 1693 ﬁlios

1088 1711 1180 1733 vestros
1191 1706 1299 1742 (Ep/tes.
1315 1706 1342 1733 6.
1359 1705 1398 1740 4).
1410 1706 1441 1733 Et
1453 1713 1512 1732 cum
1528 1705 1613 1732 servis
1627 1705 1738 1731 dicinms
1749 1705 1878 1738 scriptum

1088 1760 1158 1785 esse,
1172 1753 1242 1787 quod
1257 1752 1434 1779 obediendmn
1444 1752 1478 1779 sit
1491 1751 1616 1783 dominis,
1629 1759 1715 1784 neque
1726 1751 1757 1778 ad
1771 1751 1878 1778 oculum

1088 1799 1258 1826 serviendum
1272 1806 1332 1826 esse
1345 1799 1397 1825 illis
1409 1797 1475 1833 (Col.
1492 1799 1518 1825 5.
1538 1797 1598 1833 52);
1615 1802 1642 1824 et
1655 1798 1692 1824 illi
1706 1805 1798 1824 rursus
1818 1805 1880 1832 qua:

1089 1851 1238 1879 sequuntur
1252 1853 1267 1872 a
1280 1845 1356 1872 nobis
1378 1845 1497 1879 exigunt,
1509 1844 1633 1878 iubentes
1644 1844 1759 1871 dominis
1773 1851 1881 1878 quoque

1089 1893 1182 1920 eadem
1206 1891 1328 1919 suadere.
1351 1891 1417 1918 Nam
1439 1891 1490 1918 illis
1515 1898 1632 1925 quoque,
1652 1890 1785 1925 inquiunt,
1807 1897 1880 1924 pra:-

1090 1939 1161 1974 cepit
1174 1937 1282 1970 Paulus,
1306 1937 1392 1964 minas
1406 1937 1552 1964 retuiltere.
1569 1936 1621 1963 Sed
1642 1943 1675 1963 ne
1687 1936 1726 1962 sic
1739 1935 1880 1967 faciamus,

1090 1992 1176 2020 neque
1191 1991 1221 2011 ea
1234 1992 1293 2018 qua:
1305 1983 1365 2010 aliis
1375 1987 1508 2018 prmeepta
1522 1986 1584 2009 sunt
1596 1989 1756 2016 quaeramus,
1773 1981 1881 2016 quando

1090 2030 1124 2058 de
1138 2031 1170 2057 iis
1184 2037 1243 2065 qua:
1251 2030 1283 2056 ad
1297 2037 1345 2056 nos
1356 2029 1491 2064 pertinent
1501 2035 1676 2060 accusantur;
1698 2035 1783 2063 neque
1796 2028 1879 2058 enim.

1091 2077 1113 2104 si
1129 2077 1231 2104 socium
1244 2076 1386 2103 criminum
1399 2075 1524 2110 accipias,
1534 2083 1548 2102 a
1557 2075 1634 2109 culpa
1646 2074 1800 2102 liberaberis
1812 2082 1818 2100 :
1833 2074 1881 2101 sed

1091 2122 1142 2150 hoc
1166 2130 1246 2148 unum
1261 2126 1352 2156 specta
1376 2125 1405 2148 ut
1427 2125 1452 2148 te
1473 2129 1488 2147 a
1508 2121 1666 2148 criminibus
1686 2121 1795 2148 liberes.
1814 2119 1880 2147 Nant

1092 2168 1176 2196 Adam
1193 2169 1218 2195 in
1233 2168 1374 2195 mulierem
1392 2168 1497 2202 culpam
1512 2167 1660 2198 referebat,
1677 2171 1704 2194 et
1717 2167 1759 2193 illa
1775 2174 1883 2194 rursum

1093 2214 1119 2241 in
1134 2218 1300 2248 serpentem;
1317 2213 1363 2240 sed
1376 2221 1428 2240 non
1444 2213 1504 2239 illos
1517 2212 1569 2240 hoc
1581 2212 1689 2248 eripuit.
1701 2212 1738 2239 Ne
1753 2213 1843 2247 itaque
1854 2216 1883 2238 tu

1093 2261 1143 2288 hoc
1157 2260 1220 2288 tnihi
1238 2267 1307 2288 nunc
1322 2259 1404 2291 dicas,
1429 2259 1475 2287 sed
1489 2263 1564 2294 grato
1574 2267 1634 2286 cum
1649 2259 1738 2286 animo
1750 2266 1810 2294 quae
1824 2266 1882 2285 mu-

1093 2308 1145 2334 rito
1164 2307 1246 2334 debes
1269 2312 1395 2341 praestare
1413 2313 1501 2333 cures.
1516 2305 1583 2333 Nam
1597 2310 1623 2333 et
1635 2305 1742 2341 quando
1757 2306 1883 2333 maritum

1093 2357 1166 2380 tuum
1182 2353 1313 2387 alloquor,
1327 2352 1471 2379 adhortans
1493 2356 1522 2378 ut
1534 2357 1560 2379 te
1581 2351 1674 2387 diligat
1692 2356 1720 2379 et
1735 2351 1771 2378 tui
1791 2359 1882 2378 curam

1092 2403 1178 2434 gerat,
1201 2406 1253 2425 non
1277 2398 1336 2425 sino
1357 2398 1428 2424 illum
1455 2397 1481 2424 in
1497 2397 1612 2424 medium
1628 2397 1723 2424 all'erre
1739 2398 1824 2432 legem
1850 2397 1884 2424 de

1094 2445 1205 2472 muliere
1219 2445 1310 2475 latam,
1332 2444 1379 2471 sed
1403 2443 1488 2478 legem
1504 2443 1537 2470 de
1552 2443 1597 2470 illo
1611 2444 1736 2478 scriptam
1765 2444 1883 2477 requiro.

1094 2493 1126 2520 Et
1139 2498 1167 2520 tu
1181 2493 1260 2528 igitur
1275 2499 1317 2523 ea,
1335 2499 1394 2526 qua:
1407 2491 1440 2518 ad
1456 2495 1482 2518 te
1500 2494 1631 2526 spectant,
1653 2490 1709 2524 sola
1723 2491 1830 2518 curiose
1844 2490 1884 2517 iu-

1093 2539 1179 2574 quirc,
1193 2543 1220 2565 et
1234 2543 1260 2565 te
1274 2537 1379 2572 coniugi
1399 2536 1558 2571 morigerum
1573 2536 1671 2571 prtebe.
1688 2535 1755 2563 Nam
1775 2536 1797 2563 si
1819 2543 1883 2570 pro-

1094 2589 1152 2619 pter
1167 2584 1250 2611 Deum
1275 2583 1370 2610 marito
1394 2583 1560 2617 obsequaris,
1575 2590 1608 2609 ne
1631 2582 1695 2609 mihi
1712 2582 1833 2617 proferas
1852 2590 1883 2609 ea

1094 2638 1153 2665 qua:
1169 2630 1225 2664 ipse
1239 2633 1367 2664 praestare
1379 2628 1475 2661 debet;
1487 2628 1534 2656 sed
1545 2636 1576 2656 ea
1589 2628 1686 2663 quibus
1701 2633 1727 2655 te
1739 2628 1883 2656 obnoxiam

1095 2675 1231 2710 legislator
1246 2674 1320 2707 fecit,
1341 2674 1399 2701 hmc
1412 2674 1553 2708 diligenter
1567 2681 1723 2708 exsequere.
1744 2673 1799 2701 lloc
1812 2673 1882 2700 enim

1094 2727 1136 2749 est
1150 2722 1266 2749 maxime
1281 2721 1336 2748 Deo
1351 2721 1547 2755 obtemperare,
1570 2720 1674 2748 etiamsi
1689 2720 1822 2747 contraria
1835 2727 1882 2754 pa-

1095 2768 1180 2799 tiaris,
1194 2767 1280 2801 legem
1293 2774 1346 2794 non
1356 2766 1516 2801 transgredi.
1532 2766 1594 2793 ideo
1604 2767 1675 2793 enim
1689 2765 1733 2799 qui
1751 2773 1781 2793 se
1791 2773 1882 2792 aman-

1095 2820 1148 2841 tem
1170 2817 1252 2845 amat,
1276 2812 1341 2840 nihil
1356 2812 1444 2847 magni
1461 2811 1549 2839 facere
1570 2811 1674 2838 videtur
1686 2820 1693 2837 :
1707 2812 1752 2846 qui
1769 2818 1833 2838 vero
1853 2817 1884 2838 se

1095 2859 1228 2887 odientem
1241 2858 1316 2890 colit,
1331 2858 1374 2886 hic
1388 2858 1504 2886 maxime
1515 2862 1556 2885 est
1566 2857 1610 2892 qui
1620 2863 1772 2885 coronatur.
1783 2855 1883 2882 Eodem

1096 2911 1200 2940 quoque
1211 2904 1292 2932 modo
1305 2908 1332 2932 tu
1346 2908 1433 2932 tecum
1447 2909 1549 2940 reputa,
1563 2903 1634 2939 quod
1648 2903 1671 2931 si
1685 2901 1884 2932 molsstumtibi
