2046 3114
144 164 194 194 9‘21

146 222 229 248 virum
242 218 324 251 feras,
339 217 506 253 splendidam
520 217 635 251 accipies
649 223 777 244 coronam
792 224 798 242 :
810 215 850 242 siit
861 221 936 240 tuan-

146 272 247 294 suetum
262 270 290 293 et
304 266 410 298 mitem,
424 273 505 300 quant
528 264 573 291 tibi
589 264 658 290 Deus
680 263 754 290 dabit
766 260 937 289 mercedem?

147 313 181 340 Et
191 313 246 339 haec
256 311 318 338 dico
330 318 381 338 non
395 311 491 345 jubeus
499 310 612 336 maritos
619 316 678 336 esse
691 315 776 335 saevos
784 312 810 335 et
818 313 936 341 asperos,

147 359 193 386 sed
207 357 371 393 persuadens
386 357 542 384 mulieribus
555 362 583 382 ttt
596 356 667 382 viros
683 355 762 382 etiam
783 354 886 381 feroces
899 352 939 380 fe-

148 410 216 432 rant.
229 405 297 431 (lunt
318 404 389 431 enint
404 403 586 438 unusquisque
601 409 648 429 sua
665 401 774 435 itttplerc
788 399 937 430 curaverit,

148 451 236 478 statim
249 455 396 484 sequemur
406 449 486 476 etiam
495 457 525 476 ca
539 456 597 483 qua:
607 451 669 474 sunt
683 447 794 481 proximi
807 455 812 472 :
824 444 938 478 exempli

148 503 302 529 causa,eum
322 503 390 522 uxor
404 500 495 529 parata
511 494 591 520 fuerit
605 493 637 520 ad
663 493 747 519 viruut
762 499 885 525 aspcruttt
898 492 939 517 fe—

150 541 273 573 rendutn,
285 545 313 568 et
328 541 368 568 vir
381 541 560 574 importunant
575 540 646 566 illam
663 547 716 565 non
730 533 891 565 contunteliﬂ
901 536 940 562 af-

151 587 254 619 fecerit,
265 592 330 614 tunc
344 586 434 614 omnia
455 586 586 613 serettitas
600 590 692 617 erttttt,
714 589 741 611 et
755 588 847 618 portus
860 592 873 609 a
888 583 939 609 llu-

150 634 236 661 ctibus
248 641 358 661 vacuus.
375 633 419 660 Sic
433 633 511 660 etiam
529 640 576 658 usu
592 631 714 658 veniebat
734 630 802 665 apud
818 630 939 664 priscos:

150 688 197 707 sua
211 681 325 715 quisque
339 679 475 714 implebat,
492 686 541 705 ttee
562 686 620 712 (tua:
635 677 749 712 proximi
763 681 839 703 erant
854 677 942 711 exige-

151 727 206 753 bat.
229 725 368 761 Perpende
388 724 598 752 antennfratris
621 724 704 750 ftlittm
725 730 815 750 secum
840 723 942 756 accepit

153 772 304 804 Abraham;
320 780 373 799 non
387 772 413 798 id
429 771 602 806 reprehendit
616 778 685 796 uxor
698 778 704 796 :
718 770 865 804 jussitcam
883 770 941 796 lon-

153 827 215 854 gum
225 819 275 846 iter
288 818 438 853 suscipere,
447 825 532 852 tteqtte
543 817 701 852 repugnavit
711 817 766 848 illa,
776 816 823 843 sed
832 821 942 850 sequuta

153 869 206 892 est.
223 865 324 892 llursus
337 869 398 899 post
423 864 483 890 illas
499 865 595 890 multas
617 870 767 894 mruntnas,
787 862 892 889 labores
917 866 944 888 et

154 909 276 941 sudores,
289 917 350 936 ctttn
364 909 488 936 dominus
501 911 620 935 omnium
634 913 715 940 esset,
726 908 824 942 primas
833 915 945 934 conces-

155 957 189 983 sit
203 956 287 983 Loto:
303 961 330 982 et
345 963 398 982 non
413 955 491 982 modo
515 955 540 981 id
556 962 608 981 non
631 961 701 988 aegre
719 954 777 980 tulit
792 954 868 985 Sara,
897 953 943 980 sed

157 1009 240 1037 neque
259 1009 291 1028 os
305 1001 419 1036 aperuit,
445 1009 494 1028 nec
516 1000 652 1035 quidpiam
677 1000 743 1027 dixit
761 1008 864 1032 eorum,
885 1007 944 1034 qua:

157 1055 226 1076 nunc
247 1048 373 1075 mulieres
400 1048 491 1074 multa:
515 1047 669 1082 loquuntur,
696 1054 757 1073 cunt
772 1046 945 1073 videntviros

157 1101 218 1122 suos
240 1094 267 1120 in
281 1093 434 1128 hujusmodi
456 1094 573 1120 sortibus
595 1094 683 1120 minus
706 1093 814 1123 habere,
831 1093 945 1119 ntaxitne

157 1140 262 1176 quando
271 1148 332 1168 cum
348 1140 517 1168 inferioribus
530 1147 574 1166 res
586 1144 637 1171 est,
647 1139 841 1174 exprobrantes
851 1159 858 1172 ,
876 1138 944 1164 stul-

158 1191 207 1218 tos,
218 1187 339 1219 insanos,
352 1187 472 1222 ignavos,
482 1185 631 1220 proditores
641 1185 801 1220 hebetesque
810 1190 944 1212 vocantes.

157 1233 209 1260 Sed
220 1233 287 1260 nihil
301 1233 387 1260 simile
402 1233 444 1259 illa
461 1232 627 1259 vcldixitvel
642 1232 776 1266 cogitavit,
789 1231 835 1258 sed
850 1239 947 1266 appro-

158 1280 228 1308 bavit
241 1280 329 1306 omnia
344 1279 378 1306 ab
391 1281 448 1314 ipso
471 1279 548 1306 facta.
564 1279 695 1313 Quodque
710 1279 797 1312 majus
807 1283 858 1309 cst,
876 1283 946 1312 post-

157 1333 235 1361 quam
257 1325 325 1352 Loto
347 1325 407 1352 data
422 1330 463 1352 est
482 1325 589 1359 optandi
615 1325 726 1351 facultas
740 1330 766 1351 et
784 1325 884 1350 minora
903 1325 946 1351 ille

158 1376 252 1406 patruo
264 1372 407 1402 concessit,
424 1372 450 1397 itt
465 1371 610 1405 pericttlntn
628 1371 672 1397 ille
683 1378 764 1405 grave
776 1370 876 1396 incidit.
889 1370 946 1402 Quo

158 1417 412 1451 auditn,patriarc|ta
436 1424 529 1443 omnes
544 1424 607 1444 suos
619 1417 741 1447 armavit,
759 1421 784 1442 et
797 1421 889 1443 contra
905 1421 946 1442 to-

159 1468 213 1490 tunt
228 1463 371 1490 Persarum
383 1463 530 1490 exercitum
546 1470 605 1489 sese
618 1463 754 1496 apparavit
767 1470 826 1489 ettut
838 1463 947 1489 domes-

158 1509 217 1536 ticis
230 1509 288 1537 suis
313 1514 437 1536 tantum:
460 1517 545 1543 ueqtte
561 1514 623 1536 tuttc
646 1509 721 1536 illum
746 1509 801 1543 ipsa
825 1510 946 1542 retinuit,

159 1563 245 1590 neque
253 1556 331 1588 dixit,
348 1560 434 1590 utpar
450 1555 589 1582 videbatur
600 1555 746 1588 esse:Quo
760 1555 857 1590 pergis,
873 1563 888 1581 o
901 1556 947 1581 lto-

159 1609 213 1634 mo,
224 1609 272 1636 per
282 1601 427 1636 pra-cipitia
443 1600 625 1635 teintpelleus,
639 1605 666 1627 et
679 1601 704 1626 in
718 1605 788 1627 tanta
803 1601 948 1635 conjiciens

159 1648 289 1683 pericula,
312 1655 360 1682 pro
376 1647 432 1674 viro
457 1648 500 1681 qui
518 1652 542 1674 te
555 1647 714 1674 contumelia
741 1647 839 1679 affecit,
856 1652 882 1673 et
905 1653 948 1673 tua

160 1694 248 1721 omnia
271 1695 370 1729 rapuit,
387 1695 539 1729 sanguinem
562 1693 696 1721 fundens?
716 1693 781 1720 Nam
797 1695 819 1721 si
835 1694 948 1728 teipsum

162 1739 294 1775 despicis,
315 1748 360 1767 me
385 1740 496 1773 Saltem,
516 1741 559 1774 qui
584 1741 678 1775 reliqui
692 1741 810 1772 donutm,
827 1742 947 1775 patriam,

163 1788 262 1814 amicos
276 1790 305 1814 et
318 1791 464 1821 cognatos,
487 1792 514 1814 el.
539 1787 564 1814 itt
589 1792 661 1815 tanta
689 1792 714 1814 le
737 1788 949 1822 peregrinatione

162 1840 222 1859 sum
233 1837 357 1867 sequuta,
374 1833 510 1865 tniserare,
528 1841 577 1859 ttec
592 1841 634 1860 me
655 1833 782 1867 conjicias
798 1834 823 1860 itt
838 1833 950 1860 viduita—

163 1883 216 1905 tem
230 1883 259 1905 et
272 1878 299 1905 in
313 1877 449 1905 viduitatis
463 1878 542 1904 mala.
555 1878 625 1904 Nihil
644 1878 739 1905 horum
755 1878 795 1904 vel
811 1878 885 1910 dixit,
909 1879 950 1905 vel

161 1925 310 1960 cogitavit,
322 1925 366 1952 sed
381 1932 441 1952 cum
463 1925 568 1951 silentio
583 1925 642 1951 tulit
654 1925 752 1951 omnia.
772 1925 871 1952 Deinde
886 1933 949 1951 vero

162 1970 249 1998 sterili
277 1976 400 1998 tnanente
426 1974 512 2001 utero,
534 1970 589 2005 ipsa
612 1970 718 2005 quidctn
735 1978 787 1997 non
806 1970 905 2005 patitur
919 1978 949 1998 ea

163 2025 222 2052 quae
235 2017 364 2044 mulieres
377 2016 430 2052 pati
443 2016 539 2048 solent,
557 2025 642 2051 neque
655 2016 832 2043 lamentatur:
847 2017 892 2044 ille
905 2025 952 2044 au-

164 2067 218 2090 tem
229 2063 311 2097 luget,
326 2062 373 2090 sed
388 2071 439 2089 non
450 2063 519 2097 apud
532 2071 652 2095 uxorem,
665 2063 711 2090 sed
724 2063 792 2097 apud
809 2063 901 2090 Deum.
918 2064 951 2091 Et

165 2108 227 2135 vide
240 2108 374 2143 quomodo
390 2108 496 2142 singuli,
507 2108 575 2141 quod
592 2116 639 2143 par
648 2113 714 2141 erat,
730 2113 846 2135 servent.
860 2109 951 2143 Neque

163 2153 238 2180 enim
254 2153 299 2180 ille
312 2153 404 2180 Saram
418 2153 538 2188 despexit
554 2158 581 2179 ut
594 2154 721 2185 sterilem.
739 2162 824 2188 tteqtte
840 2153 875 2180 illi
892 2154 951 2181 ideo

165 2199 300 2234 quidpiam
314 2199 495 2233 exprobravit.
513 2199 559 2226 Illa
582 2207 646 2226 vero
659 2199 774 2226 vicissim
789 2200 951 2227 consolatio-

165 2255 226 2274 nem
242 2247 386 2282 quamdam
398 2254 446 2281 pro
459 2246 573 2273 orbitate
596 2247 756 2281 excogitavit
770 2255 816 2281 per
828 2247 950 2274 ancillam

164 2301 239 2320 suam
255 2303 262 2321 :
278 2293 395 2320 nondum
415 2293 485 2320 enim
511 2293 552 2320 illa
576 2298 638 2320 tttnc
663 2293 792 2327 prohibita
808 2298 901 2326 erant,
925 2299 953 2320 ttt

166 2346 236 2367 nunc
250 2344 323 2366 sunt.
338 2339 414 2365 Nunc
426 2338 497 2366 enim
514 2346 598 2371 neque
612 2338 737 2365 uxoribus
752 2339 816 2366 licet
836 2339 898 2365 viris
912 2343 950 2365 ta-

166 2383 217 2411 lem
231 2384 345 2419 gratiam
360 2385 476 2416 referre;
494 2391 580 2418 neque
592 2383 654 2415 illis,
666 2384 722 2411 sive
733 2384 885 2415 scientibus,
896 2385 952 2412 sive

166 2431 350 2466 ignorantibus
375 2431 518 2462 uxoribus.
546 2431 612 2457 tales
641 2435 743 2457 tentare
778 2431 950 2463 concubitus,

164 2478 307 2513 quantovis
321 2477 442 2504 orbitatis
452 2477 544 2504 dolore
556 2481 716 2511 premantur.
737 2476 803 2503 Nam
820 2476 869 2510 ipsi
887 2484 953 2511 quo-

165 2530 218 2558 que
231 2522 352 2554 audient,
373 2522 468 2549 Vermis
483 2530 569 2548 eorum
581 2531 630 2548 mm
643 2522 772 2554 morietur,
788 2527 811 2548 et
823 2522 887 2556 ignis
910 2530 952 2548 eo-

153 2577 222 2596 -I'um
232 2576 284 2595 non
294 2567 569 2603 exstinguelur(tllm'c.
582 2567 606 2594 9.
620 2567 676 2602 45).
690 2567 747 2594 Νοιι
757 2567 827 2594 ettittt
845 2567 868 2593 id
882 2575 952 2594 nttne

167 2613 342 2649 permittitur,
354 2618 417 2639 tunc
429 2621 493 2640 vero
504 2620 556 2639 non
572 2612 732 2646 prohibitum
746 2617 804 2639 erat
820 2621 826 2639 :
841 2613 953 2647 ideoque

166 2667 234 2687 uxor
248 2660 301 2687 hoc
317 2659 406 2694 jussit,
430 2663 457 2686 et
481 2658 525 2685 ille
544 2658 747 2692 obtemperavit,
762 2666 847 2692 neqtte
864 2663 951 2685 tamen

167 2709 278 2740 propter
286 2705 459 2738 voluptatem.
473 2704 526 2731 Sed
538 2704 606 2736 vide,
622 2704 736 2738 inquies.
751 2705 885 2739 quomodo
895 2707 950 2739 ipsa

162 2752 285 2787 iubente,
300 2751 425 2779 ancillam
440 2751 528 2786 ejccit.
545 2751 601 2785 Ego
615 2751 688 2778 enim
707 2751 756 2778 ltoc
777 2751 838 2778 volo
862 2757 952 2778 osten-

165 2798 240 2832 dere,
254 2796 327 2833 quod
350 2801 378 2824 et
391 2797 435 2824 ille
458 2797 507 2831 ipsi
523 2797 549 2823 in
564 2797 686 2824 omnibus
700 2797 906 2832 obtemperaret,
925 2803 953 2826 et

166 2843 222 2872 hinc
230 2843 280 2872 illi.

199 2891 226 2918 7.
240 2889 315 2919 L’m
323 2894 347 2918 cl
357 2890 396 2917 uir
405 2897 456 2917 non
465 2889 554 2917 debent
564 2888 628 2917 alter
636 2889 738 2917 alterius
746 2894 890 2924 exspectare
900 2892 950 2918 uir-

648 158 680 185 lN
702 156 807 184 EPIST.
827 156 839 183 ι
870 155 916 182 AD
935 154 1014 182 (ΞΟΠ.
1034 154 1148 182 HOMIL.
1169 154 1262 182 XXVI.

1719 161 1771 188 222

992 216 1067 238 tatem
1079 212 1113 238 ad
1133 212 1382 248 philosophandum;
1397 222 1502 242 uxorem
1515 215 1644 243 verberare
1658 217 1777 250 turpissi—

992 265 1059 283 mum
1074 261 1118 284 ert.
1133 273 1168 278 —
1181 257 1312 286 Cteterum
1326 266 1361 287 ne
1377 260 1418 287 his
1430 261 1516 287 solum
1530 261 1653 288 attendas
1663 282 1670 293 ,
1686 263 1732 289 sed
1749 267 1776 289 tu

989 311 1047 337 qua:
1063 303 1119 330 ‘na-c
1134 303 1200 331 dicis
1211 305 1289 332 etiant
1304 306 1390 340 priora
1405 308 1538 340 examina,
1552 307 1622 342 quod
1638 313 1778 336 contume—

992 350 1052 376 liam
1068 350 1176 377 inferret
1191 351 1232 383 ei,
1256 352 1325 386 quod
1342 360 1371 380 se
1386 359 1542 388 arroganter
1556 355 1698 381 extolleret
1713 362 1779 381 con-

992 402 1030 423 tra
1045 397 1178 424 dominam
1193 407 1198 424 :
1212 406 1264 433 quo
1279 399 1341 434 quid
1356 400 1494 427 molestius
1508 408 1567 428 esse
1582 402 1665 435 possit
1687 401 1778 428 liberte

992 443 1094 470 mulieri
1111 448 1137 470 et
1154 444 1291 471 honestat?
1314 445 1352 472 Ne
1377 447 1464 481 itaque
1479 448 1529 474 viri
1543 449 1667 475 virtutem
1684 457 1780 483 exspe-

992 493 1046 516 ctet
1066 497 1151 520 uxor,
1176 495 1205 516 ut
1228 496 1288 517 tunc
1311 492 1353 518 illa
1369 500 1444 519 suam
1466 494 1608 526 exhibeat;
1630 495 1680 522 ltoc
1707 504 1777 522 etttttt

993 535 1056 562 nihil
1071 543 1192 570 magnum
1208 543 1293 569 cs.~eI;
1323 547 1408 572 neque
1423 548 1514 567 rttrsns
1527 541 1567 567 vir
1581 543 1671 568 uxoris
1687 543 1781 568 ntodc-

993 582 1082 612 stiatn,
1098 589 1124 608 ιιι
1141 587 1201 610 tunc
1216 583 1434 619 philoSophctur;
1449 594 1536 620 tteqttc
1545 587 1615 614 enitn
1632 592 1693 614 tunc
1708 593 1780 615 recte
1803 604 1807 606 -

995 630 1090 655 factum
1106 629 1168 656 illud
1183 630 1264 664 ipsius
1278 636 1365 663 esset;
1385 632 1431 659 sed
1448 634 1646 668 unusquisque,
1662 639 1690 661 ut
1705 634 1777 666 dixi.

994 682 1051 709 qua:
1066 683 1112 702 sua
1129 681 1190 703 sunt
1214 677 1287 711 prius
1309 677 1435 712 pradicet.
1451 679 1477 705 Si
1493 680 1563 706 cnitn
1582 681 1702 707 externis
1716 681 1780 707 dex—

996 726 1078 748 teram
1092 723 1226 749 maxillam
1238 724 1457 757 percuticntibus.
1468 730 1572 759 oportet
1583 727 1702 760 prtebere
1714 730 1781 754 alte-

995 776 1069 800 ram;
1085 769 1170 796 multo
1184 770 1268 804 magis
1282 771 1369 797 virum
1385 770 1499 798 ferocem
1516 771 1585 799 ferre
1599 777 1713 806 oportet.
1728 773 1782 800 Sed

996 822 1048 841 non
1063 814 1119 841 lure
1134 815 1193 842 dico
1206 820 1235 842 ut
1248 815 1405 843 verberetur
1420 817 1525 849 nutlier,
1542 818 1627 848 absit;
1648 826 1708 845 nant
1723 819 1780 846 iure

996 865 1114 887 extrema
1129 861 1290 888 contumelia
1303 866 1358 894 est,
1375 870 1427 889 tton
1444 864 1591 890 verberatae
1604 885 1610 896 ,
1627 865 1672 892 sed
1685 865 1779 892 verbe—

997 907 1064 932 ranti
1075 915 1082 936 ;
1092 906 1138 933 sed
1148 907 1169 933 si
1179 914 1241 934 casu
1253 907 1342 942 aliquo
1352 909 1429 935 talem
1439 910 1578 944 conjugcm
1586 911 1679 938 sortita
1689 911 1782 944 fueris,

998 959 1014 977 0
1042 951 1154 983 mulier,
1183 960 1217 979 ne
1239 953 1346 987 indigne
1376 953 1462 987 feras,
1489 956 1608 990 cogitans
1636 958 1781 988 repositam

998 997 1045 1023 tibi
1066 997 1234 1030 mercedem,
1249 1003 1276 1025 et
1294 1000 1318 1025 itt
1338 1000 1387 1026 hac
1402 1001 1453 1026 vita
1479 1000 1594 1028 laudent.
1612 1002 1694 1029 Vobis
1713 1011 1781 1038 quo-

997 1049 1050 1075 que
1073 1043 1136 1070 viris
1159 1043 1210 1071 ltoc
1235 1043 1316 1071 dico:
1339 1045 1404 1072 nihil
1430 1046 1482 1073 tale
1505 1048 1541 1073 sit
1563 1053 1716 1082 peccatum,
1731 1057 1784 1083 quo

998 1089 1128 1123 cogamini
1146 1097 1256 1117 uxorem
1271 1091 1422 1118 verberare.
1442 1091 1475 1118 Et
1494 1092 1556 1126 quid
1569 1093 1629 1120 dico
1652 1095 1784 1120 uxorem?

998 1143 1086 1170 neque
1107 1136 1230 1163 anciélam
1246 1137 1386 1164 verberare
1402 1143 1447 1164 aut
1466 1139 1490 1165 ei
1506 1147 1599 1166 manus
1614 1140 1713 1167 inferre
1726 1141 1784 1167 viro

999 1181 1113 1214 ingenuo
1126 1182 1203 1208 fuerit
1227 1182 1403 1209 tolerattdutn.
1417 1183 1492 1216 Quod
1511 1184 1533 1210 si
1556 1185 1679 1211 ancillam
1693 1186 1787 1213 verbe-

999 1233 1058 1252 rare
1073 1233 1195 1260 magnum
1210 1226 1289 1254 infert
1302 1227 1359 1254 viro
1373 1229 1515 1261 probrum;
1533 1230 1614 1256 multo
1627 1231 1709 1265 magis
1720 1238 1786 1257 cott-

1000 1276 1038 1298 tra
1064 1271 1175 1298 liberam
1201 1281 1306 1299 manum
1332 1273 1480 1301 intendere.
1506 1275 1538 1301 Et
1552 1275 1602 1302 ltoc
1616 1276 1641 1302 in
1669 1277 1787 1303 externis

999 1319 1079 1345 etiam
1104 1318 1299 1353 legislatnribus
1323 1319 1414 1347 videre
1431 1325 1487 1352 est,
1504 1321 1549 1355 qui
1564 1329 1623 1348 eam
1647 1330 1707 1356 qu:e
1724 1323 1785 1349 talia

1001 1372 1077 1398 passa
1107 1364 1155 1391 fuit
1183 1374 1235 1392 uott
1262 1371 1359 1400 cogunt
1377 1366 1498 1394 habitare
1520 1375 1581 1394 cum
1603 1376 1783 1402 percussore,

1000 1414 1092 1443 utpote
1106 1410 1149 1443 qui
1171 1410 1242 1438 illius
1262 1412 1398 1438 consortio
1418 1411 1541 1447 indignus
1556 1414 1600 1440 sit.
1618 1414 1722 1441 Etenim
1738 1423 1786 1441 ex-

1001 1458 1092 1482 trema:
1114 1460 1156 1482 est
1176 1455 1322 1490 iniquitatis
1334 1478 1340 1488 ,
1357 1458 1418 1484 vita:
1441 1463 1609 1491 consortem,
1627 1468 1686 1494 qua:
1701 1461 1746 1488 tibi
1761 1461 1786 1488 in

1000 1501 1080 1528 rebus
1094 1503 1363 1537 necessariisjantdiu
1378 1510 1486 1537 operam
1501 1505 1660 1539 prtcstabat,
1672 1511 1699 1532 ut
1710 1515 1787 1533 Inan-

1000 1546 1099 1581 cipiunt
1115 1547 1258 1581 ignominia
1278 1548 1396 1575 afficere.
1414 1549 1476 1576 Ideo
1491 1550 1570 1576 etiam
1590 1551 1668 1578 talem
1684 1552 1768 1578 virum
1779 1572 1788 1582 .

1001 1592 1022 1619 si
1036 1593 1122 1619 virum
1136 1598 1223 1620 tattten
1237 1594 1297 1620 licet
1310 1595 1455 1629 appellare,
1471 1603 1523 1622 non
1539 1595 1632 1629 feram,
1650 1597 1789 1630 parricida:

1001 1643 1028 1665 et
1052 1639 1198 1666 matricida:
1222 1647 1311 1674 parem
1335 1648 1395 1668 esse
1410 1641 1534 1668 dixerim.
1561 1642 1627 1669 Nam
1642 1643 1665 1669 si
1681 1648 1790 1678 propter

1002 1684 1074 1711 illaut
1084 1689 1111 1712 et
1119 1689 1222 1720 patrem
1231 1690 1378 1713 etmatretn
1390 1687 1542 1722 relinquere
1550 1687 1724 1722 jussisnntus,
1735 1697 1788 1716 non

1003 1731 1055 1758 illis
1067 1730 1190 1765 injuriant
1200 1731 1339 1765 facientes,
1352 1732 1397 1760 sed
1411 1732 1527 1760 divinant
1540 1734 1624 1769 legem
1638 1735 1787 1770 iutplcntcs,

1003 1777 1067 1811 ipsis
1087 1778 1242 1811 parentibus
1262 1778 1329 1806 adeo
1352 1778 1575 1813 desiderabilent,
1589 1786 1618 1807 ut
1633 1785 1660 1808 et
1680 1782 1730 1816 ipsi
1745 1783 1789 1816 qui

1004 1823 1191 1858 relinquuntur
1211 1824 1323 1858 gratiam
1347 1825 1479 1857 habeant,
1496 1831 1522 1852 et
1544 1826 1594 1853 ltoc
1618 1834 1677 1854 cum
1704 1827 1791 1854 stttdio

1003 1878 1099 1905 magno
1116 1871 1252 1898 efficiant:
1289 1871 1423 1906 quomodo
1439 1880 1492 1899 non
1507 1878 1634 1900 curemus
1649 1873 1791 1901 dementia:

1004 1917 1092 1948 fuerit,
1104 1925 1161 1944 eam
1171 1918 1330 1944 contumelia
1338 1918 1456 1951 afficere,
1468 1924 1658 1953 propterquam
1667 1925 1790 1954 parentes

1007 1963 1079 1990 Deus
1089 1963 1168 1997 jussit
1191 1963 1343 1990 dimittere?
1359 1971 1420 1990 num
1437 1963 1488 1990 ltoc
1510 1965 1611 1991 insania
1628 1965 1712 1991 solum
1733 1967 1791 1991 est?

1005 2009 1125 2036 Dedecus
1140 2014 1167 2036 et
1181 2009 1352 2043 ignominiam
1365 2014 1453 2036 autem
1469 2010 1620 2044 ltujusmodi
1633 2011 1692 2045 quis
1706 2011 1792 2037 ferat?

1004 2056 1063 2090 quis
1077 2063 1165 2083 sermo
1180 2056 1264 2090 possit
1278 2063 1336 2083 eain
1352 2056 1498 2090 explicare,
1513 2059 1619 2091 quando
1636 2057 1750 2083 ululatus
1765 2061 1792 2084 ct

1004 2103 1118 2138 gemitus
1135 2110 1183 2137 per
1205 2103 1320 2136 cotnpita
1345 2102 1466 2129 feruntur
1478 2123 1486 2135 ,
1505 2106 1533 2129 et
1547 2110 1694 2130 concursus
1709 2108 1749 2129 est
1764 2103 1791 2130 in

1005 2149 1112 2176 domum
1136 2148 1211 2182 ejus,
1234 2149 1277 2183 qui
1300 2153 1352 2175 tam
1379 2147 1507 2175 indecore
1532 2155 1562 2175 se
1584 2149 1652 2183 gerit
1676 2154 1703 2175 et
1722 2149 1790 2176 vici-

1006 2202 1099 2222 norum
1115 2199 1142 2222 et
1156 2194 1372 2229 prtelereuntium
1383 2215 1391 2227 ,
1414 2201 1446 2221 ac
1462 2194 1484 2221 si
1508 2194 1563 2221 fera
1584 2196 1715 2229 qua‘piam
1731 2203 1790 2230 qum

1005 2241 1076 2268 itttus
1089 2246 1151 2268 sunt
1166 2240 1305 2268 labefactct
1322 2245 1347 2267 et
1362 2240 1474 2275 perdat?
1487 2241 1636 2275 Optabilins
1649 2246 1720 2268 esset
1735 2246 1791 2268 ter-

1005 2295 1061 2314 ratn
1076 2287 1214 2314 dehiscere
1229 2287 1252 2313 ei
1269 2287 1313 2321 qui
1338 2292 1389 2312 tam
1407 2286 1506 2314 furiose
1519 2294 1547 2313 se
1560 2291 1653 2322 gerat,
1671 2294 1749 2322 quam
1764 2292 1794 2314 ut

1006 2338 1098 2369 postea
1113 2335 1138 2360 in
1152 2335 1209 2360 foro
1221 2337 1358 2368 appareat.
1373 2332 1424 2359 Sed
1440 2332 1551 2366 mulier,
1568 2332 1687 2367 inquiet,
1704 2333 1791 2360 audax

1006 2384 1032 2406 ct
1054 2387 1147 2414 aspera
1164 2385 1214 2406 est.
1239 2378 1292 2406 Sed
1308 2378 1393 2413 cogita
1411 2379 1482 2405 illam
1498 2386 1558 2405 esse
1574 2379 1711 2406 tnulierctn
1724 2399 1730 2410 ,
1745 2387 1793 2405 va:

1006 2426 1154 2458 inlirtuutn,’
1166 2430 1192 2452 te
1205 2431 1292 2452 autent
1307 2426 1402 2452 virum.
1418 2425 1567 2459 Propterea
1582 2425 1652 2452 enim
1667 2414 1793 2460 princeps

1006 2473 1166 2499 constitutus
1181 2480 1209 2498 es
1220 2492 1227 2504 ,
1248 2477 1274 2499 et
1297 2472 1380 2498 instar
1393 2471 1491 2506 capitis
1506 2471 1583 2498 dattts
1606 2479 1652 2505 es,
1677 2477 1704 2498 ut
1720 2472 1788 2498 feras

1007 2519 1064 2554 ejus
1094 2526 1153 2553 qum
1169 2518 1215 2544 tibi
1229 2525 1322 2551 parere
1342 2516 1421 2543 debet
1442 2516 1661 2544 imbecillitatem.
1677 2516 1729 2544 Fac
1745 2517 1788 2543 ita-
1824 2512 1833 2519 Χ

1005 2573 1058 2601 que
1072 2570 1100 2593 ut
1122 2565 1263 2599 iutperiunt
1283 2569 1355 2591 tuum
1371 2563 1405 2590 sit
1416 2562 1603 2597 splendidum:
1620 2562 1788 2597 splcttdidunt

1006 2617 1094 2639 atttem
1105 2612 1156 2639 erit
1167 2631 1174 2643 ,
1187 2619 1247 2638 cum
1259 2618 1318 2638 eam
1332 2610 1373 2636 cui
1387 2610 1501 2644 imperas
1515 2617 1567 2636 non
1582 2609 1714 2636 dedecore
1728 2609 1790 2635 εσυ,

1006 2659 1086 2686 ceris.
1103 2659 1141 2685 Ac
1152 2658 1220 2684 sicut
1233 2657 1255 2684 is
1280 2656 1324 2691 qui
1339 2661 1432 2690 regnat
1454 2659 1517 2682 tunc
1541 2655 1695 2689 pra-clarior
1709 2662 1790 2689 appa-

1006 2706 1092 2736 rebit,
1107 2712 1167 2731 cum
1181 2704 1230 2730 sibi
1248 2703 1400 2730 inferiorem
1425 2701 1579 2736 prmfectum
1594 2701 1789 2735 pra-clariorem

1006 2750 1169 2781 reddiderit;
1183 2749 1205 2776 si
1220 2754 1307 2775 autem
1321 2747 1383 2774 illud
1397 2753 1496 2773 tantum
1512 2754 1607 2773 mttnus
1621 2746 1751 2773 dedecore
1765 2752 1791 2772 et

1007 2795 1149 2832 ignominia
1162 2794 1290 2825 allecerit,
1302 2797 1365 2820 tunc
1380 2801 1393 2818 :t
1410 2793 1496 2827 gloria
1508 2799 1555 2819 sua
1572 2800 1623 2818 non
1636 2799 1726 2825 parttnt
1740 2791 1789 2817 de-

1007 2843 1105 2870 ntitur:
1121 2841 1160 2867 sic
1175 2844 1201 2866 et
1222 2843 1265 2872 tu,
1280 2839 1302 2866 si
1317 2845 1376 2865 eam
1390 2846 1448 2872 qua!
1463 2841 1525 2872 post
1538 2841 1565 2864 te
1580 2837 1691 2871 imperat
1705 2835 1786 2861 dedo-

1008 2897 1070 2918 oorc
1091 2888 1226 2921 all'eccris,
1240 2895 1293 2914 non
1310 2885 1361 2914 levi
1374 2885 1471 2912 dantuo
1490 2883 1614 2911 alieceris
1628 2881 1791 2917 principatus
