2046 3114
280 147 333 175 2‘23

283 209 319 234 tui
347 208 487 237 honorem.
514 210 577 239 Hanc
602 211 682 246 igitur
705 211 793 239 omnia
817 216 903 239 tecum
925 216 1069 246 reputans,

265 270 268 274 -
284 259 466 288 temperanter
479 263 543 290 age,
560 262 659 284 etcum
674 256 716 284 his
731 257 810 284 etiam
832 265 970 292 vesperam
994 257 1067 284 illam

281 299 383 334 cogita,
396 308 447 334 qua
463 305 489 328 te
502 302 634 328 advocato
650 307 725 336 pater
739 302 819 329 tiliam
835 310 910 329 suam
923 302 998 337 quasi
1020 302 1068 329 de-

282 346 397 380 positum
421 347 554 381 quoddam
572 347 697 378 tradidit.
713 353 739 375 et
755 348 825 375 illam
841 348 874 375 ab
888 348 1011 374 omnibus
1025 355 1068 374 se-

281 399 379 426 paraus
391 413 399 425 ,
422 400 436 418 a
458 398 541 420 matre
552 414 559 426 ,
575 394 609 421 ab
630 401 676 426 se,
690 401 705 420 a
720 393 800 421 domo
812 415 820 427 ε
836 399 916 421 totam
934 393 979 420 tibi
996 393 1067 420 illius

280 445 372 464 curam
395 437 504 465 dextera
526 446 573 466 sua
597 439 725 466 tradidit:
749 441 835 472 Cogita
852 444 876 466 te
894 439 928 466 ab
948 439 992 465 illa
1009 443 1067 473 post

282 484 363 511 Deum
379 484 449 512 lilios
462 486 612 521 suscepisse
622 506 629 517 ,
643 491 671 514 et
686 491 786 521 patrem
810 485 932 514 eﬂ‘ectum
947 492 1006 512 esse
1016 505 1022 516 ,
1040 488 1066 511 et

280 530 342 557 inde
355 538 417 565 erga
432 531 502 558 illam
517 532 587 559 mitis
600 536 668 559 esto.

315 577 342 604 8.
359 577 416 604 Non
433 578 509 605 vides
522 578 652 613 agricolas
662 600 669 609 ,
683 579 818 613 quomodo
838 583 937 606 terram
953 586 1011 613 qna-
1025 585 1067 604 ae-

281 623 334 650 tuel
354 625 455 650 semina
478 625 602 659 excepit,
619 625 706 652 colant
730 626 802 652 onmi
824 625 934 652 cultura:
948 632 1065 660 genere,

279 670 384 697 etiamsi
406 671 545 698 innumera
569 671 667 698 habeat
687 671 875 704 incommoda,
903 671 1007 700 etiamsi
1029 672 1065 698 sit

280 716 354 742 arida
364 737 372 749 ,
387 717 409 743 si
423 718 505 744 malas
522 718 586 744 lerat
601 717 713 749 herbas,
728 718 750 745 si
765 726 796 745 ex
811 718 877 745 situs
897 718 1001 745 ratione
1014 717 1065 744 im-

280 763 372 790 bribus
392 763 552 790 inundelur?
567 763 623 790 Hoc
646 770 672 791 et
692 769 719 790 tn
735 765 834 792 facito:
857 766 891 792 ita
906 765 977 792 enim
995 765 1067 799 prior

281 809 377 836 Frueris
390 814 417 836 et
431 809 560 836 lrnetihus
576 814 602 836 et
616 810 806 844 tranquillitate
820 819 825 836 :
844 818 903 837 nam
919 816 1012 845 portus
1025 815 1066 837 est

282 862 348 881 uxor
358 875 365 886 ,
380 859 406 881 et
420 855 591 888 pharmacutn
606 856 704 882 lautitia:
719 857 873 883 maximum.
887 856 914 884 Si
927 864 992 892 ergo
1006 864 1067 891 por—

281 906 336 928 lttlll
351 908 366 927 a
382 901 468 928 ventis
483 906 508 928 et
521 901 646 928 ﬂuctibus
660 907 744 929 tutum
765 902 861 930 reddas
871 923 879 936 ,
896 903 979 930 multa
995 903 1066 931 frue-

280 947 317 974 ris
330 948 491 980 securitate,
505 955 566 975 cum
581 955 594 974 a
612 949 669 975 loro
691 949 851 982 reverteris;
873 949 895 976 si
915 955 1003 976 autem
1025 954 1066 976 tu-

279 993 365 1020 multu
381 998 407 1021 et
431 994 629 1029 perturbatione
652 995 771 1029 repleas,
791 995 837 1022 tibi
851 997 958 1030 gravius
978 996 1066 1030 paries

280 1039 456 1074 naufragium.
473 1039 512 1067 Ne
523 1039 574 1067 hoc
589 1048 652 1075 ergo
665 1042 787 1073 eveniat,
802 1041 828 1068 id
841 1042 911 1076 quod
925 1041 985 1069 dico
998 1041 1043 1068 liat
1056 1049 1063 1068 :

279 1093 339 1112 cum
354 1085 418 1120 quid
434 1086 577 1113 molestum
598 1087 670 1114 domi
692 1087 836 1120 acciderit,
853 1087 895 1115 illa
918 1092 1045 1122 peccante
1056 1108 1063 1121 ,

279 1132 420 1160 consolare
435 1133 507 1159 illam
520 1137 548 1160 et
564 1141 597 1160 ne
610 1133 731 1160 dolorem
744 1141 852 1168 augeas.
869 1134 978 1161 Etiamsi
991 1135 1062 1161 enim

280 1178 369 1206 omnia
379 1179 517 1210 amiseris.
534 1179 599 1206 nihil
612 1181 712 1207 tristius
725 1186 857 1216 estquam
869 1181 940 1208 domi
955 1189 1064 1209 uxorem

281 1223 397 1257 habere,
419 1233 478 1258 qua:
498 1225 556 1252 sine
578 1226 761 1253 benevolentia
775 1234 835 1253 eum
850 1227 907 1254 \‘iro
921 1228 1017 1262 degat:
1038 1233 1065 1255 et

280 1269 466 1304 quodcumque
480 1275 615 1304 peceatqu
628 1272 737 1302 dixeris,
754 1273 854 1299 nullum
870 1272 960 1301 dicere
979 1275 1065 1308 possis

280 1314 350 1348 quod
374 1315 502 1348 majorem
528 1314 623 1343 inferat
637 1317 774 1350 dolorem,
794 1325 873 1352 quant
896 1326 956 1346 cum
980 1327 1065 1347 uxore

281 1359 396 1395 litigare.
415 1361 503 1393 Itaque
519 1367 628 1397 propter
641 1364 697 1390 lucc
710 1365 798 1392 omnia
812 1365 870 1400 ejus
884 1365 992 1393 dilectio
1004 1375 1065 1394 om-

280 1406 352 1432 nium
371 1406 416 1432 tibi
434 1407 622 1440 pretiosissima
640 1409 684 1436 sit.
701 1410 765 1437 Nam
781 1411 804 1438 si
826 1416 931 1446 oportet
951 1413 1064 1441 alterum

280 1453 390 1479 alterius
405 1461 486 1480 onera
501 1459 624 1488 portare,
640 1456 724 1483 multo
739 1458 822 1492 magis
837 1460 944 1492 uxoris;
959 1460 1064 1488 etiamsi

281 1507 381 1534 pauper
403 1501 456 1532 sit,
484 1509 518 1528 ne
551 1501 576 1528 id
611 1503 772 1536 exprobres;
797 1505 901 1533 etiamsi
929 1508 1066 1544 stulta,ne

283 1545 410 1577 msultes,
426 1545 472 1573 sed
485 1547 573 1581 potius
587 1547 657 1574 illam
670 1550 810 1577 moderare
823 1560 829 1577 :
846 1559 905 1579 nam
918 1554 1065 1582 membrum

282 1596 356 1618 tuum
377 1597 457 1619 estet
472 1600 535 1620 caro
559 1602 610 1621 una
634 1594 694 1622 facti
716 1597 791 1624 estis.
807 1597 859 1625 Sed
878 1601 982 1634 garrula
1005 1606 1064 1635 est,

281 1637 386 1663 ebriosa
401 1643 428 1664 et
443 1638 579 1665 iracunda.
592 1641 626 1666 At
647 1642 729 1676 magis
744 1649 885 1679 capropter
905 1646 999 1674 dolere
1016 1655 1064 1682 po-

282 1682 345 1715 tius,
357 1691 434 1717 qnam
451 1684 530 1711 irasci
544 1691 659 1719 oportet,
672 1688 806 1723 Deumque
818 1698 927 1725 rogare,
942 1693 1066 1729 illatoque

282 1728 389 1754 monitis
408 1732 435 1756 et
454 1730 567 1757 consilio
580 1731 706 1765 adjuvare
717 1753 725 1765 ,
741 1734 861 1769 nihilque
877 1745 929 1764 non
943 1728 1066 1773 agerent

281 1773 372 1800 vitium
387 1779 517 1809 amputcs.
533 1775 560 1804 Si
576 1782 664 1805 autem
680 1779 806 1808 verberes
823 1786 850 1809 et
863 1787 978 1818 atteras,
993 1794 1065 1814 mor-

282 1819 331 1846 bus
347 1828 399 1846 non
418 1826 545 1855 curatur;
578 1823 668 1851 feritas
683 1826 754 1853 enim
767 1831 971 1859 mansuetudine
983 1833 1064 1861 Solvi-

281 1869 341 1898 tur,
362 1874 414 1893 non
431 1868 481 1894 alia
497 1868 612 1897 feritate.
638 1871 704 1898 Cum
717 1872 759 1900 his
774 1879 800 1902 et
816 1878 967 1905 mercedem
981 1887 994 1906 a
1011 1881 1065 1908 Deo

278 1916 458 1945 exspectatam
474 1915 570 1948 cogita.
585 1915 697 1948 Quando
708 1919 779 1946 enim
790 1928 850 1949 cum
863 1923 909 1950 tibi
922 1925 1064 1955 liceateam

277 1956 454 1990 exscindere,
472 1958 523 1986 hoc
547 1968 600 2003 non
623 1963 702 1990 facias
723 1970 832 2000 propter
854 1968 901 1996 Dei
922 1971 1063 2006 timorem,

277 2002 325 2029 sed
349 2007 387 2030 tot
412 2004 469 2039 ejus
492 2006 554 2033 vitia
578 2006 666 2041 feras,
683 2016 804 2039 metuens
819 2013 903 2048 legem
920 2015 969 2044 hac
984 2017 1018 2046 de
1036 2002 1065 2047 re

279 2048 390 2081 positam
402 2070 410 2082 ,
428 2058 487 2084 quae
502 2059 613 2080 uxorem
628 2054 726 2088 ejicere
741 2058 881 2091 prohibet;
898 2069 1064 2099 quocumque

277 2094 383 2122 tandem
395 2099 490 2124 morbo
504 2098 624 2131 laboret,
642 2100 802 2131 ineﬂ‘abilem
824 2094 974 2136 mercedem
996 2094 1064 2138 reci-

277 2140 350 2174 pies;
364 2145 392 2168 et
405 2147 467 2170 ante
488 2145 640 2172 mercedem
661 2149 775 2176 maxima
799 2151 962 2188 lucraberis,
979 2157 1061 2191 ipsam

649 151 677 180 S.
695 153 830 181 JUANNIS
843 153 1076 181 CHRYSOSTOMI
1096 153 1252 182 AllClllEP.
1274 154 1538 183 CONSTANTINOP.

1859 160 1913 187 EN

1126 211 1450 246 tihiohtempcrantiorem
1461 213 1585 246 reddens,
1592 217 1671 249 teque
1679 222 1741 250 erga
1750 215 1822 243 illam
1831 225 1910 244 man-

1121 258 1264 285 suetiorent
1279 258 1419 286 exhibens.

1158 305 1308 340 ΡΙιίΙοεορΙιὶ
1319 306 1413 333 dictum
1427 307 1458 333 de
1470 315 1549 334 uxore
1559 309 1722 335 conviciante.
1735 324 1772 330 -—
1781 310 1910 337 Narratur

1121 351 1251 385 quispiam
1276 356 1448 390 externorum
1474 353 1711 388 philosophorum,
1740 356 1786 390 qui
1811 356 1910 383 malam

1121 396 1230 423 haberet
1245 404 1355 424 uxorem
1367 388 1398 424 ‘et
1413 405 1541 433 nugacem
1559 403 1586 426 et
1599 400 1793 428 conviciantem
1805 423 1812 434 ,
1828 402 1910 429 inter-

1121 442 1292 476 rogantibus,
1305 450 1357 477 qua
1371 443 1404 470 de
1415 451 1507 477 causa,
1525 452 1585 472 cum
1601 445 1681 472 talem
1697 446 1819 480 haberet,
1836 448 1909 474 illam

1121 487 1223 520 ferret,
1240 489 1409 522 respondisse
1432 497 1462 517 se
1485 490 1559 525 quasi
1584 492 1752 526 gymnasium
1777 498 1804 520 et
1830 494 1910 528 palm»

1120 539 1202 560 stram
1220 534 1395 569 philosophia:
1409 535 1481 562 domi
1504 537 1601 564 habere
1621 537 1670 573 (rt).
1688 539 1740 565 Ero
1755 540 1836 571 enim,
1853 540 1911 567 aic-

1122 580 1184 612 hat,
1209 581 1269 608 aliis
1292 582 1473 614 mansuetior,
1499 583 1523 609 in
1547 583 1596 610 hac
1616 585 1736 618 quotidie
1759 586 1909 613 institutus.

1121 627 1212 662 Magna
1225 635 1289 654 voce
1301 627 1487 655 exclamastis?
1497 629 1548 656 Sed
1561 637 1611 664 ego
1624 630 1700 658 valde
1712 639 1782 659 nunc
1792 633 1908 667 ingenio,

1119 681 1178 700 cum
1193 674 1297 701 videam
1312 673 1420 701 Graecos
1443 675 1527 710 magis
1552 676 1727 711 philosophos
1747 685 1808 705 esse
1829 686 1910 713 quam

1121 727 1183 751 nos,
1200 720 1244 754 qui
1257 720 1382 754 jnbcmnr
1402 721 1510 756 angelos
1525 721 1640 754 imitari;
1659 723 1712 750 imo
1726 723 1770 758 qui
1784 724 1910 758 jubemur

1121 767 1206 800 ipsum
1220 766 1337 793 aunulari
1357 766 1436 793 Deum
1453 767 1478 794 in
1492 769 1703 797 mansuetudinis
1716 771 1830 798 ratione.
1845 771 1910 798 Phi-

1122 812 1250 847 losophus
1270 820 1334 847 ergo
1350 813 1393 840 ille
1407 813 1504 840 dicitur
1521 814 1581 842 ideo
1596 816 1692 842 malam
1708 817 1779 844 illam
1794 825 1907 845 uxorem

1120 866 1172 885 non
1188 858 1298 892 ejecisse
1312 867 1317 883 :
1334 859 1441 892 quidam
1454 864 1543 887 autem
1556 861 1648 888 dicunt
1662 862 1747 896 ipsmn
1763 862 1823 890 ideo
1836 863 1907 890 illam

1119 903 1237 930 duxisse.
1253 904 1307 938 Ego
1322 912 1386 931 vero
1400 906 1461 939 quia
1482 906 1558 933 multi
1579 906 1701 935 homines
1715 913 1808 936 contra
1828 917 1906 944 quam

1120 949 1187 976 ratio
1200 949 1268 977 ferat
1283 949 1370 977 affecti
1385 956 1447 978 sunt
1457 972 1465 984 ,
1480 951 1575 979 hortor
1589 957 1616 979 ut
1627 953 1661 981 ab
1676 953 1751 981 initio
1765 955 1831 982 nihil
1853 963 1904 982 non

1119 1001 1198 1031 agant
1211 996 1259 1023 viri
1272 1017 1279 1028 ,
1294 1001 1323 1023 ut
1338 997 1404 1024 bene
1421 1003 1550 1026 moratam
1566 999 1666 1026 ducant
1681 1008 1791 1028 morem
1806 1006 1834 1029 et
1848 1011 1908 1028 om-

1120 1043 1145 1069 ni
1162 1042 1265 1076 plenam
1289 1043 1406 1070 virtute:
1421 1044 1444 1070 si
1466 1051 1530 1071 vero
1543 1045 1682 1080 contigerit
1698 1050 1753 1073 uta
1770 1048 1908 1082 proposito

1119 1088 1259 1120 aberrent,
1277 1095 1308 1114 ac
1323 1096 1373 1116 nec
1387 1088 1482 1115 bonam
1498 1097 1548 1117 nec
1562 1091 1726 1118 tolerabilem
1739 1099 1864 1126 sponsam
1880 1093 1906 1120 in

1119 1133 1227 1160 domum
1242 1133 1412 1166 iudnxcrint;
1429 1140 1492 1162 tunc
1507 1135 1696 1170 philosophum
1709 1137 1781 1164 illum
1797 1138 1905 1165 innitent-

1119 1184 1171 1211 tnr,
1185 1184 1211 1206 et
1233 1179 1274 1206 his
1289 1179 1352 1206 nihil
1383 1180 1519 1214 adjiciam.
1543 1181 1607 1208 Nam
1621 1187 1754 1210 mercator
1766 1189 1907 1218 antequam

1119 1233 1179 1252 cum
1191 1227 1264 1251 socio
1279 1230 1352 1260 pacta
1368 1226 1448 1258 ineat,
1458 1234 1516 1261 quae
1527 1227 1632 1262 possint
1643 1235 1736 1262 pacem
1749 1229 1906 1262 conciliare,

1119 1278 1171 1297 non
1189 1271 1261 1305 prius
1283 1271 1370 1297 navim
1384 1271 1409 1298 in
1425 1280 1499 1299 mare
1515 1272 1619 1304 trahet,
1635 1281 1722 1308 neque
1735 1274 1813 1301 aliam
1829 1275 1908 1302 attin-

1118 1322 1162 1351 get
1173 1317 1391 1351 negotiationem.
1415 1317 1448 1344 Et
1463 1326 1512 1345 nos
1526 1319 1616 1354 itaque
1631 1320 1697 1346 nihil
1712 1327 1764 1346 non
1780 1328 1906 1355 agamus,

1120 1368 1146 1390 ut
1162 1363 1352 1397 negotiationis
1365 1368 1462 1391 nostra:
1476 1365 1575 1392 sociam
1589 1365 1613 1392 in
1629 1365 1678 1392 hac
1694 1366 1754 1393 navi
1769 1374 1830 1393 cum
1848 1375 1906 1394 om-

1119 1410 1146 1436 ni
1159 1417 1222 1444 pace
1239 1410 1308 1436 intus
1322 1415 1471 1438 teneamus.
1485 1410 1520 1438 Ita
1531 1411 1602 1439 enim
1617 1416 1645 1439 et
1659 1412 1709 1439 alia
1724 1413 1813 1440 omnia
1828 1413 1906 1441 nobis

1119 1456 1259 1491 tranquilla
1275 1461 1371 1488 erunt,
1387 1461 1415 1484 et
1441 1464 1502 1484 cum
1527 1458 1671 1486 securitate
1686 1460 1746 1486 vitae
1767 1461 1908 1495 praesentis

1119 1502 1228 1537 pelagus
1241 1501 1415 1537 trajiciemus.
1428 1503 1484 1530 Hoc
1503 1504 1589 1538 pluris
1604 1503 1732 1532 faciamus
1742 1526 1749 1537 ,
1765 1513 1844 1540 quam
1859 1506 1908 1533 do-

1118 1555 1203 1581 mum,
1214 1548 1345 1583 mancipia
1356 1569 1363 1579 ,
1378 1549 1513 1583 pecunias,
1528 1557 1607 1584 agros
1618 1555 1644 1577 et
1658 1550 1727 1585 ipsas
1744 1559 1788 1579 res
1802 1553 1906 1581 civiles.

1120 1593 1200 1628 quue
1218 1595 1332 1622 maxime
1356 1596 1475 1622 omnium
1492 1597 1518 1622 in
1541 1597 1626 1631 pretio
1642 1597 1804 1631 habeamus,
1820 1605 1849 1627 ut
1863 1600 1906 1628 illa

1119 1647 1178 1674 quas
1198 1639 1338 1667 nobiscum
1364 1641 1388 1668 in
1411 1641 1513 1669 milibus
1541 1642 1657 1676 residet,
1686 1652 1738 1671 non
1765 1646 1906 1673 tumultmn

1119 1690 1224 1713 moveat
1238 1706 1244 1717 ,
1261 1694 1327 1714 neve
1340 1694 1354 1713 a
1371 1687 1447 1714 nobis
1470 1688 1606 1716 dissideat.
1622 1689 1659 1716 lta
1681 1691 1752 1717 enim
1768 1696 1796 1717 et
1810 1697 1907 1719 canem

1119 1731 1197 1758 nobis
1221 1731 1339 1759 secundo
1362 1741 1443 1760 cursu
1467 1735 1593 1768 venient,
1618 1740 1645 1762 et
1669 1736 1693 1763 in
1721 1737 1908 1771 spiritualihus

1120 1777 1230 1803 multam
1248 1777 1404 1805 habebimus
1416 1778 1582 1813 facilitatem,
1599 1781 1650 1808 hoc
1661 1782 1752 1817 jugum
1766 1790 1826 1809 cum
1839 1790 1906 1810 con-

1118 1822 1208 1849 cordia
1221 1823 1376 1857 trahentes;
1397 1825 1573 1860 omnibusque
1595 1828 1679 1862 probe
1691 1829 1775 1862 gestis
1789 1830 1906 1864 reposita

1118 1874 1313 1902 Consequemur
1328 1869 1399 1896 bona
1415 1879 1422 1897 :
1438 1879 1497 1905 qua:
1511 1879 1561 1899 nos
1574 1879 1669 1900 omnes
1682 1874 1787 1909 assequi
1800 1875 1906 1901 conlin-

1118 1917 1163 1947 gat
1172 1934 1180 1945 ,
1192 1915 1274 1948 gratia
1284 1920 1310 1942 et
1323 1914 1484 1950 benignitate
1496 1917 1599 1945 Domini
1614 1919 1698 1946 nostri
1710 1919 1774 1947 Jesu
1785 1920 1904 1954 Christi,

1118 1959 1224 1993 quicum
1240 1959 1310 1987 Patri
1336 1969 1441 1996 unaque
1456 1962 1565 1998 Spiritui
1590 1969 1684 1992 sancto
1703 1965 1806 2000 gloria,
1821 1966 1906 2001 impe-

1118 2006 1202 2037 rium,
1218 2004 1321 2040 honor,
1338 2015 1409 2035 nunc
1421 2013 1448 2036 et
1462 2016 1568 2044 semper
1578 2031 1585 2042 ,
1599 2015 1627 2038 et
1637 2011 1664 2038 in
1679 2012 1777 2039 stt-cuia
1791 2013 1904 2040 saaeulo-

1118 2057 1187 2077 rnm.
1207 2052 1301 2079 Amen.

1148 2106 1406 2151 .t?2..*3is_d:.aaas
1416 2110 1531 2151 aferen.
1541 2113 1601 2151 asin
1614 2114 1910 2151 alienatum-".m-

1119 2137 1216 2174 tbippes
1228 2141 1310 2164 uxoris
1319 2137 1407 2173 jnrgiis
1417 2137 1604 2169 εχει-υἱιδίιεῖυῆ
1618 2137 1681 2171 Vide
1690 2137 1908 2177 biagéaéﬁfiié'r'.

1119 2171 1181 2192 tium
1193 2176 1216 2193 In
1227 2174 1333 2195 Socrate.

276 2203 1906 2248 χ

926 2262 1099 2297 HOMILIA
1120 2268 1251 2303 XXVII.

275 2315 340 2344 Car.
353 2317 396 2345 ll.
411 2327 438 2371 v.
452 2320 494 2348 l7.
512 2321 567 2348 Iloc
580 2328 663 2351 autent
677 2327 835 2363 prrecipt'ens,
849 2339 898 2358 non
911 2332 987 2361 laudo
997 2337 1064 2371 quod

364 2372 416 2391 non
429 2365 456 2392 in
470 2368 560 2395 melius
569 2390 576 2402 ,
592 2371 635 2397 sed
651 2372 677 2399 in
692 2373 799 2402 delet-ius
812 2380 973 2407 conveniatis.

312 2409 336 2435 l.
353 2409 467 2439 Necesse
484 2419 525 2441 est
539 2417 617 2443 etiam
639 2421 777 2451 prmsenlis
790 2423 910 2451 criminis
923 2433 971 2453 seu
985 2435 1063 2456 accu-

275 2455 387 2506 sationis
404 2458 476 2491 prius
490 2467 596 2489 causam
616 2463 705 2492 dicere
721 2475 727 2492 :
744 2467 778 2494 ita
794 2469 864 2496 enim
879 2479 939 2506 quze
952 2472 1062 2503 dicenda

274 2505 337 2528 Sunt
346 2501 449 2530 facilius
459 2505 619 2535 ediscantur.
633 2510 757 2544 Quaenam
768 2521 831 2548 ergo
842 2501 956 2544 illa-est?
968 2501 1062 2552 Quem:

273 2546 416 2576 admodum
433 2552 481 2578 tria
496 2554 539 2581 illa
553 2556 634 2583 millia
645 2578 652 2588 ,
668 2566 728 2592 qua:
744 2560 818 2587 initio
833 2563 1018 2599 crediderant,
1035 2567 1061 2594 in

273 2596 406 2622 communi
430 2604 521 2626 mensa
543 2601 735 2636 comedehaut,
756 2609 782 2632 et
802 2609 951 2636 communia
973 2596 1060 2639 omnia

273 2640 444 2673 possidebant
459 2652 466 2670 :
480 2644 518 2671 sic
531 2646 609 2673 etiam
625 2647 681 2674 licri
695 2649 797 2678 solebat
809 2659 868 2680 cum
885 2653 940 2682 haec
954 2657 1061 2691 scripsit

272 2684 431 2736 Apostolus;
448 2693 534 2717 atnou
547 2699 608 2718 cum
622 2697 692 2720 tanta
705 2697 884 2732 accnratione,
896 2700 941 2727 sed
953 2684 1059 2736 quidam

272 2729 352 2757 veluti
367 2730 456 2760 ﬂttxus
468 2734 537 2762 illius
550 2737 627 2770 prisci
641 2741 768 2768 consortii
783 2729 911 2772 remansit
923 2751 950 2773 et
963 2729 997 2774 ad
1011 2755 1059 2782 po-

271 2779 357 2803 steros
371 2777 516 2815 descendit.
533 2782 599 2814 Quia
614 2791 677 2812 vero
690 2787 860 2822 contingebat
874 2791 942 2819 alios
960 2777 1059 2828 paupe-

271 2829 324 2874 res.
335 2822 402 2851 alios
415 2825 511 2854 di-vitcs
523 2835 591 2861 esse,
603 2837 650 2858 sua
663 2832 751 2860 omnia
764 2842 817 2862 non
831 2836 856 2863 in
871 2822 986 2866 medium
999 2822 1061 2874 pro-

271 2865 391 2897 ferebant
402 2879 409 2904 ;
422 2878 578 2903 communes
591 2880 678 2905 autem
689 2881 851 2914 apparabant
863 2890 968 2912 mensas
982 2865 1057 2914 stratis

1116 2340 1224 2374 dielms,
1240 2344 1276 2370 uti
1294 2353 1341 2380 par
1355 2351 1412 2374 erat
1422 2368 1429 2380 ,
1444 2353 1471 2375 et
1484 2355 1588 2383 peracta
1603 2352 1695 2387 synaxi
1706 2373 1713 2384 .
1730 2358 1790 2388 post
1804 2359 1905 2390 myste-

1116 2394 1215 2415 l'ltll‘llltl
1229 2392 1444 2420 communionem
1458 2394 1483 2421 iu
1497 2403 1638 2425 commune
1650 2405 1743 2426 omnes
1754 2401 1904 2428 convivium

1116 2433 1266 2468 veniebant,
1281 2436 1406 2465 divitibus
1422 2440 1495 2467 cibos
1508 2448 1571 2468 suos
1585 2442 1767 2477 al'l'erentihus,
1783 2447 1905 2481 pauperi-

1116 2477 1165 2505 bus
1178 2484 1266 2508 autem
1282 2486 1309 2508 et
1322 2483 1388 2510 nihil
1402 2484 1559 2514 habentibus
1573 2488 1606 2515 ab
1622 2489 1686 2523 ipsis
1700 2477 1826 2518 divitibus
1836 2477 1904 2519 ιιινί-

1115 2525 1192 2557 tatis,
1211 2527 1387 2563 tuitiiibusque
1408 2531 1486 2558 simul
1507 2534 1720 2562 convivantilms.
1740 2535 1792 2563 Sed
1812 2542 1901 2572 postea

1108 2569 1157 2596 .hic
1170 2578 1228 2598 mos
1242 2573 1383 2601 obsolevit.
1397 2577 1479 2603 Causa
1493 2583 1580 2605 autem
1595 2579 1652 2613 fuit,
1667 2581 1736 2616 quod
1749 2569 1845 2610 divulsi
1860 2591 1902 2610 es-

1114 2620 1184 2647 sent,
1198 2624 1230 2644 ac
1244 2625 1303 2645 sese
1318 2619 1500 2650 adscriberent
1512 2624 1555 2651 alii
1570 2625 1619 2658 bis,
1636 2627 1680 2653 alii
1695 2627 1756 2661 illis,
1771 2628 1903 2656 dicerent-

1113 2668 1182 2694 que,
1198 2661 1251 2697 Ego
1266 2671 1324 2692 sutn
1344 2665 1422 2700 hujus
1432 2689 1438 2699 ,
1456 2677 1505 2703 ego
1520 2670 1607 2704 illius;
1623 2673 1693 2707 quod
1708 2675 1844 2710 corrigens
1859 2675 1902 2703 ille

1113 2707 1189 2756 initio
1199 2711 1318 2743 epistolm
1332 2712 1435 2741 dicebat
1449 2725 1454 2742 :
1472 2716 1650 2752 Signi/iculum
1663 2725 1699 2746 est
1714 2707 1791 2753 inihi;
1799 2723 1900 2756 fratres,

1112 2752 1144 2778 de
1156 2753 1223 2781 vobis
1236 2755 1267 2781 al)
1280 2756 1311 2783 iis
1324 2758 1366 2793 qui
1378 2765 1437 2786 sunt
1451 2761 1550 2796 Chlaes,
1567 2765 1626 2798 quia
1638 2752 1807 2793 contentiones
1820 2767 1846 2793 in
1859 2775 1899 2794 tto-

1111 2797 1149 2824 bis
1167 2805 1234 2827 sunt.
1254 2801 1309 2828 Iloc
1327 2809 1410 2830 autent
1427 2806 1500 2840 dico,
1521 2809 1589 2842 quod
1608 2811 1775 2845 unusquisque
1794 2817 1900 2839 vestrum

1111 2845 1177 2871 dicat
1190 2846 1268 2893 Ego
1284 2849 1384 2882 quidem
1400 2859 1455 2878 sum
1472 2852 1564 2887 Pauli,
1578 2863 1623 2891 ego
1635 2862 1718 2883 autem
1733 2858 1841 2889 Apollo,
1856 2867 1900 2893 rgo

1111 2898 1166 2918 νει-ο
1186 2891 1277 2927 Cap/nt
1290 2895 1333 2929 (ί.
1348 2895 1406 2924 Cor.
1423 2898 1447 2925 ί.
1464 2899 1507 2926 Η.
1529 2900 1590 2937 12).
1612 2902 1668 2931 Non
1683 2903 1753 2938 quod
1774 2903 1855 2932 l’aulo
1870 2891 1898 2932 se
