2046 3114
139 126 191 153 2°25

140 183 342 215 adscriberent;
367 191 453 217 neque
476 183 548 211 enim
572 183 597 210 id
620 183 665 210 ille
689 183 790 210 tulisset
807 192 812 209 :
829 182 875 210 sed
896 190 930 210 ex

141 230 301 259 abundanti,
326 230 420 257 volens
442 229 513 257 hunc
534 237 636 256 morem
656 229 782 256 radicitus
797 229 929 262 evellere,

141 277 254 311 scipsutu
270 277 404 310 apposuit,
419 276 573 307 ostendens,
587 275 656 309 quod
671 275 693 302 si
707 282 736 302 se
749 275 806 309 quis
822 275 869 309 ipsi
884 274 930 301 ad-

139 321 269 349 scriberet
282 329 298 348 ει
312 321 448 348 comtnuni
468 328 581 355 corpore
599 321 749 352 abscissus,
769 321 806 347 sic
825 328 930 355 qunque

139 375 193 394 retu
206 374 268 394 esse
283 367 426 394 absurdam
440 371 468 394 et
479 372 605 393 extremm
625 366 780 400 iniquitatis.
797 366 823 393 Si
842 370 929 392 autetn

139 414 164 439 in
179 413 230 439 hoc
245 417 303 440 erat
317 412 453 447 iniquitas,
469 412 551 438 multo
567 412 650 446 magis
664 412 689 437 in
704 411 756 438 illis
766 412 808 446 qui
824 412 930 438 infcrio-

140 467 181 487 res
199 463 288 486 erant.
310 459 377 492 Quia
400 458 480 493 igitur
499 458 627 492 disiectus
646 462 673 484 et.
692 458 791 484 dl\'iSilS
810 462 866 484 erat
887 457 929 483 hic

138 514 206 538 tuos,
216 505 414 541 pulcherrimus
428 505 472 532 ille
482 510 507 531 et
519 504 675 531 utilissimus
686 504 776 538 (causa
789 504 859 530 enim
872 507 929 529 erat

138 550 271 581 caritatis,
290 551 452 585 paupertatis
464 550 612 577 consolatio
622 570 630 582 ,
644 549 793 576 divitiarum
808 548 929 575 modera-

138 597 183 627 tio,
199 597 377 630 maxima-que
391 596 567 631 philosophia:
578 595 695 627 occasio,
708 600 734 622 et
747 595 865 621 doctrina
881 595 929 620 hn-

138 643 267 677 tnilitatis)
283 652 290 669 :
304 644 366 678 quia
383 643 462 677 igitur
475 642 576 669 sciebat
592 647 664 669 tanta
680 642 748 668 bona
763 649 822 668 esse
836 649 927 668 corru-

139 696 195 725 pta,
217 690 280 724 jure
299 690 354 716 acri
378 697 441 717 usus
465 694 506 716 est
527 689 663 720 oratione,
685 689 722 715 sic
742 688 833 715 dicens
851 697 857 714 :
872 687 928 714 Hoc

136 742 219 763 autem
234 737 392 772 praecipiens.
407 745 456 762 non
470 736 557 763 laudo.
571 735 597 762 lu
612 735 692 770 priori
709 743 803 770 nempe
817 743 927 762 accusa-

138 783 219 814 tione,
230 783 302 817 quod
318 783 421 817 plurimi
433 789 522 809 essent
535 782 580 816 qui
591 782 772 812 observarent,
786 782 838 808 alio
849 781 928 807 modo

138 829 237 863 incepit
256 828 298 854 his
315 827 404 855 verbis
417 836 424 854 :
441 827 530 854 Laudo
545 833 627 854 autent
642 835 684 854 vos
694 848 701 860 ,
715 827 774 861 quia
787 836 831 862 per
844 827 928 853 omnia

137 874 186 901 mei
208 874 373 905 meministis;
390 873 432 900 hic
445 881 509 900 vero
525 878 616 900 contra
634 882 640 899 :
660 872 715 899 lloc
733 878 816 899 autent
838 873 928 906 praci-

137 921 227 953 piens,
243 927 291 946 non
308 919 394 946 laudo.
410 918 512 947 Idcirco
532 926 619 953 neque
638 923 698 953 post
719 918 926 952 increpationem

138 973 230 991 eorum
247 966 290 1000 qtti
305 964 454 1000 idolothyta
465 965 658 998 comedebant,
676 966 763 999 posuit
782 964 864 995 illud;
881 963 927 990 sed

137 1011 196 1045 quia
209 1011 334 1044 asperius
349 1010 411 1038 illud
425 1015 492 1043 erat,
507 1011 594 1037 medio
607 1011 747 1044 interiecto
760 1017 883 1037 sermone
894 1009 927 1036 de

138 1064 232 1088 conta;
249 1064 283 1084 ne
303 1064 335 1083 ex
357 1056 461 1090 asperis
482 1057 712 1083 criminationibus
727 1057 752 1082 in
769 1056 833 1082 alias
847 1056 926 1082 etiam

139 1104 263 1130 molestas
279 1103 412 1130 transiens
425 1103 514 1130 acrior
527 1103 670 1133 videretur.
687 1108 747 1128 tunc
762 1102 795 1128 ad
808 1103 928 1135 asperius

138 1156 241 1176 rursum
256 1150 339 1180 venit,
353 1153 381 1176 et
393 1148 430 1175 ait
445 1158 451 1176 :
466 1148 524 1175 Hoc
537 1154 619 1174 autent
635 1149 792 1182 prtucipieus,
807 1156 857 1174 non
873 1148 927 1173 latt-

137 1194 178 1220 do.
198 1194 361 1227 Quodnam?
376 1194 451 1228 Quod
470 1202 539 1221 nunc
553 1195 673 1221 dicturus
690 1202 760 1221 sutn.
775 1194 843 1227 Quid
864 1194 927 1220 illud

137 1244 188 1273 est,
205 1238 363 1275 Prwcipieus
378 1248 428 1266 non
441 1239 537 1266 laudo?
553 1239 605 1266 Vos
620 1247 672 1266 non
687 1240 816 1273 approbo,
833 1239 926 1272 inquit,

137 1285 207 1320 quod
220 1293 264 1314 tne
278 1286 312 1312 ad
325 1286 431 1313 consilii
446 1286 525 1312 dandi
540 1286 725 1313 necessitatem
740 1285 904 1312 adduxeritis
919 1294 925 1311 ε

138 1341 190 1359 non
207 1332 303 1363 laudo.
317 1332 387 1366 quod
403 1332 453 1359 hac
469 1333 493 1358 in
509 1340 538 1358 re
555 1322 675 1359 doctrina
695 1340 762 1366 opus
784 1331 928 1358 habueritis

136 1383 164 1404 ct
177 1378 361 1405 adntonitione
376 1386 446 1405 nica.
460 1378 551 1405 Viden’
564 1377 697 1412 quomodo
708 1377 740 1403 ab
753 1377 827 1403 initio
840 1381 929 1403 osten-

136 1424 206 1450 derit
221 1430 277 1450 rem
293 1431 353 1450 che
372 1423 514 1450 adtnodtttn
537 1423 699 1450 absurdam?
715 1423 779 1449 Cum
796 1423 865 1449 enim
880 1422 928 1448 ad-

138 1470 286 1497 monitione
302 1477 369 1504 opus
385 1477 436 1496 ttOtI
453 1470 549 1497 habere
565 1470 659 1497 debeat
681 1470 702 1496 is
724 1470 767 1503 qui
790 1474 881 1504 peccat
894 1469 928 1496 ad

139 1523 190 1541 non
205 1515 371 1550 peccandum
382 1536 390 1548 ,
404 1521 466 1542 tunc
481 1517 556 1542 venia
572 1516 708 1550 indignum
724 1521 763 1542 est
779 1520 926 1549 peccatum.

137 1560 171 1587 Et
182 1568 230 1588 cur
245 1567 298 1588 non
313 1560 424 1588 laudas?
438 1561 504 1594 Quia
515 1570 564 1588 non
577 1561 602 1587 in
615 1561 712 1592 melius,
727 1561 771 1587 sed
782 1562 807 1587 in
821 1562 928 1588 deterius

137 1607 284 1639 convenitis,
297 1607 393 1642 inquit.
409 1607 464 1634 lloc
475 1612 526 1641 est,
540 1608 600 1642 quia
612 1607 646 1634 ad
660 1608 783 1634 virtutem
800 1616 851 1634 non
866 1615 928 1642 pro-

139 1652 237 1680 fectum
251 1653 365 1680 habetis.
382 1653 448 1681 Cum
463 1658 598 1687 oporteret
610 1654 680 1680 enim
692 1653 725 1680 ad
739 1653 848 1680 meliora
864 1661 927 1688 per-

111 1693 117 1699 ’
138 1707 212 1734 gere,
222 1703 249 1726 et
262 1699 349 1734 majus
367 1706 427 1726 esse
445 1699 599 1734 proficiendi
615 1699 793 1732 desiderium;
810 1707 857 1726 vos
869 1708 926 1726 mo-

139 1754 197 1773 rem
206 1746 249 1782 qui
260 1746 314 1781 jam
330 1744 476 1773 inraluerat
490 1745 631 1778 tuinuistis,
647 1751 725 1781 atque
737 1747 770 1772 ita
784 1746 925 1779 minuistis,

140 1797 171 1819 ut
187 1800 246 1820 ttteo
267 1793 369 1827 egentis
393 1797 527 1827 praecepto
548 1800 601 1826 quo
620 1792 653 1818 ad
675 1800 790 1826 priorem
812 1792 927 1819 redeatis

138 1838 270 1866 ordinetn.
287 1838 389 1866 Deinde
401 1845 436 1865 ne
449 1838 583 1865 videretur
596 1838 652 1865 lure
671 1843 778 1873 propter
798 1846 927 1873 pauperes

139 1889 240 1911 tantum
253 1884 361 1916 dicere,
381 1892 433 1911 non
454 1884 543 1911 statim
561 1884 594 1911 ad
613 1891 764 1911 sermonem
779 1884 812 1911 de
828 1885 927 1911 mensis

138 1934 285 1966 properat,
301 1936 328 1958 ut
341 1939 375 1958 nc
393 1931 602 1966 increpationem
627 1931 738 1957 multum
761 1930 864 1957 timoris
884 1930 927 1957 in-

136 1981 282 2003 cttttentcm
298 1977 459 2012 contemptui
474 1982 597 2012 exponat,
614 1977 659 2003 sed
675 1985 726 2011 qna
736 1977 771 2003 rit
784 1977 927 2003 dictionem

136 2023 308 2056 acerrimam,
322 2031 382 2058 qua:
395 2023 506 2050 multum
521 2023 617 2050 inferat
633 2024 763 2050 timorem.
775 2022 843 2055 Quid
856 2023 927 2049 enim

136 2069 194 2096 ait?
209 2068 254 2096 18.
269 2068 384 2096 Primum
399 2069 499 2105 quidem
514 2069 713 2096 convenientibus
729 2068 796 2095 vobis
810 2069 836 2094 in
851 2068 928 2094 eccle-

136 2114 176 2140 sia
187 2135 194 2144 ,
210 2114 289 2140 audio
307 2115 429 2141 scissura:
447 2122 500 2141 esse
517 2115 582 2141 inter
596 2122 648 2141 vos.
667 2113 724 2140 Non
740 2113 822 2146 dicit,
842 2113 927 2140 Audio

136 2161 209 2188 enim
225 2168 273 2188 vos
287 2168 339 2188 non
355 2161 382 2188 itt
397 2161 530 2188 cotntnuni
550 2168 675 2192 cmuare;
691 2160 769 2187 audio
789 2159 859 2187 enim
880 2166 927 2186 vos

137 2207 250 2235 seorsitn
263 2207 417 2238 comedere,
428 2211 456 2234 et
471 2216 522 2233 non
535 2215 593 2234 cum
608 2207 783 2241 pauperibus;
797 2206 843 2233 sed
855 2206 926 2241 quod

138 2254 221 2289 magis
242 2258 346 2288 poterat
365 2254 483 2288 ipsorum
497 2254 615 2280 animum
630 2253 862 2284 cnnunovereJtoc
878 2260 926 2287 po-

137 2306 207 2334 sutt,
224 2300 250 2328 id
263 2305 321 2332 est,
338 2300 489 2327 scltismatis
503 2295 615 2331 nomen,
629 2299 700 2335 quod
717 2299 796 2326 etiam
817 2299 926 2333 hujusce

137 2347 176 2375 rei
192 2354 272 2375 causa
296 2351 355 2374 erat
370 2355 377 2373 :
392 2354 535 2381 rursusque
551 2346 615 2373 illud
630 2346 764 2373 revocavit
781 2346 806 2372 in
822 2353 924 2372 memo-

136 2393 215 2426 riam,
229 2392 263 2420 de
279 2399 334 2428 quo
351 2392 378 2418 in
392 2392 511 2426 epistolae
530 2392 660 2426 principio
675 2391 773 2418 dictum
789 2390 883 2422 fuerat,
899 2395 925 2417 et

135 2439 313 2474 signiﬁcatum
325 2439 402 2466 abiis
413 2439 456 2474 qui
470 2444 547 2466 erant
560 2438 664 2465 Chloes.
678 2437 710 2463 Et
721 2445 752 2463 ex
762 2441 831 2470 parte
840 2439 924 2463 credo.

171 2479 245 2507 2.Ne
252 2480 375 2507 dicerent
388 2479 471 2510 enim,
483 2478 553 2511 Quid
565 2478 587 2505 si
600 2479 765 2505 mentiantur
775 2480 926 2506 calumnia-

138 2525 229 2554 tores?
244 2532 332 2559 neque
344 2524 412 2552 dicit
428 2532 457 2552 se
469 2525 590 2555 credere,
602 2524 854 2558 neinipudentiores
865 2525 925 2552 illos

137 2571 249 2604 reddat;
262 2578 350 2605 neque
362 2577 470 2597 rursum
482 2578 535 2597 non
551 2570 676 2602 credere,
688 2577 720 2596 ne
735 2570 857 2597 videatur
870 2570 926 2597 frc-

139 2623 194 2645 stra
201 2618 359 2652 increpare;
368 2617 425 2647 sed,
435 2615 539 2643 Partem
549 2616 689 2651 quamdam
700 2617 786 2646 credo,
795 2617 890 2651 inquit.
899 2618 926 2645 id

139 2667 231 2697 cst,ex
244 2663 351 2690 modica
363 2666 440 2698 parte
451 2662 841 2696 credo,anxiosillosreddens,
855 2668 881 2690 et
892 2665 926 2690 ad

140 2709 320 2737 correctionis
332 2709 452 2736 reditum
466 2716 576 2736 vocans.
588 2708 629 2735 19.
643 2708 713 2735 Nam
724 2713 747 2735 et
763 2715 862 2743 oportet
873 2710 927 2737 Ine-

140 2763 209 2783 ηερε
217 2763 274 2783 csse
282 2755 310 2782 in
319 2755 406 2788 vobis,
417 2759 446 2781 ut
456 2755 500 2790 qui
512 2755 614 2788 probati
629 2760 703 2787 sunt,
716 2756 850 2788 manifesti
859 2757 927 2791 [iant

139 2801 254 2829 iuvabis.
264 2801 392 2830 Hmreses
405 2801 449 2829 hic
457 2802 532 2834 dicit,
543 2809 596 2828 non
609 2802 690 2829 hasce
700 2810 759 2836 qutc
772 2803 805 2830 de
816 2804 926 2838 dogma-

141 2846 212 2876 tibus
227 2853 307 2881 sunt,
327 2847 378 2876 sed
395 2848 491 2875 horum
510 2847 696 2876 schismatnm.
712 2848 788 2881 Quod
805 2850 827 2876 si
844 2850 925 2877 etiam

649 125 682 153 iN
703 124 808 153 EPIST.
828 123 838 152 I
871 126 916 153 AD
934 127 1012 156 COR.
1036 128 1148 156 IIOMIL.
1170 129 1275 157 XXVII.

1716 135 1768 164 2'26

985 184 1137 220 dogmatnm
1159 186 1278 218 diceret,
1303 194 1389 223 neque
1413 188 1447 216 ita
1475 197 1566 217 ansam
1592 191 1676 219 daret.
1701 193 1766 221 Nam

983 229 1105 258 Christus
1119 231 1170 262 ait,
1187 231 1295 259 Necesse
1306 239 1343 260 est
1359 239 1387 260 ut
1403 235 1502 262 veniant
1520 236 1642 263 scandala
1654 237 1663 272 (
1674 237 1768 266 .iluttli.

982 276 1026 304 ‘18.
1038 277 1076 312 7),
1091 285 1142 304 non
1156 277 1257 305 arbitrii
1271 280 1418 308 libertatem
1433 282 1604 313 labefactans.
1619 291 1707 319 neque
1721 293 1768 312 nc-

981 324 1133 351 cessitatem
1151 325 1290 360 quamdam
1312 332 1338 354 et
1359 328 1412 354 \‘im
1429 329 1453 355 in
1469 330 1549 356 vitam
1571 330 1687 358 inferens
1700 339 1707 364 ;
1722 332 1768 359 sed

982 369 1051 403 quod
1067 377 1099 396 ex
1113 371 1182 397 mala
1199 371 1334 399 hominum
1355 379 1442 402 mente
1457 375 1567 402 omnino
1582 376 1697 404 futurtun
1711 384 1768 407 erat

982 415 1146 448 pnedicens,
1162 416 1276 444 futurum
1293 427 1402 454 nempe,
1418 429 1469 447 non
1483 422 1518 448 ob
1533 422 1603 450 illitis
1617 424 1766 458 prtediclio-

982 467 1053 491 nem.
1070 462 1117 489 sed
1131 470 1164 489 ex
1177 464 1266 490 animo
1286 471 1389 498 eorum,
1405 467 1448 501 qui
1468 468 1606 496 insanabili
1623 470 1715 498 morbo
1728 471 1768 499 la«

981 505 1121 534 borabam.
1136 507 1227 543 Neque
1242 509 1312 536 enim
1325 512 1384 545 quia
1406 513 1537 547 prtedixit,
1552 515 1594 541 illa
1609 515 1675 543 facta
1688 523 1767 550 sunt,

981 551 1027 578 sed
1041 553 1100 586 quia
1114 555 1222 582 omnino
1236 554 1350 583 futurutn
1364 563 1430 591 erat,
1444 559 1503 586 ideo
1518 561 1647 595 praedixit.
1662 563 1766 590 Etenim

981 597 1002 624 si
1016 605 1048 624 ex
1064 601 1222 628 necessitate
1236 603 1356 630 venirent
1375 605 1508 639 scandala,
1525 613 1552 634 et
1565 616 1617 634 non
1633 617 1663 635 ex
1678 611 1768 638 anitno

981 650 1072 670 eorum
1096 646 1140 680 qui
1163 647 1205 673 illa
1225 647 1402 682 induxerunt,
1422 658 1618 686 supervacauee
1634 655 1743 683 dixisset
1760 666 1766 684 :

985 688 1029 717 Va:
1047 691 1143 718 ltomini
1159 693 1211 724 illi,
1227 703 1271 728 per
1282 704 1354 728 quem
1365 698 1514 724 scandalum
1526 700 1589 726 venit
1607 700 1699 738 (Ibid).
1716 703 1767 730 Sed

981 737 1038 764 tunc
1057 738 1173 771 pluribus
1189 739 1363 769 disseruimus
1382 743 1408 770 in
1428 744 1486 777 ipso
1504 745 1562 772 loco
1577 755 1582 772 :
1599 755 1668 774 nttnc
1680 754 1767 776 autem

980 782 1013 809 ad
1027 785 1190 818 propositum
1203 787 1361 815 veniendum
1377 794 1426 816 est.
1441 790 1516 824 Quod
1532 791 1565 819 de
1579 792 1610 819 iis
1624 794 1769 822 hmresibus

980 828 1061 863 dicat,
1073 838 1134 866 quze
1144 832 1212 859 circa
1229 841 1334 861 mensas
1347 835 1530 870 versabantur,
1546 837 1631 873 deque
1644 839 1694 866 hac
1705 847 1769 867 cou-

981 876 1100 903 tentione
1121 883 1148 904 et
1169 878 1355 914 dissensione,
1373 888 1405 908 ex
1425 884 1597 916 sequentibus
1615 884 1768 913 declaravit.

980 918 1046 947 Cum
1060 920 1190 950 dixissent
1204 925 1275 951 enim
1286 944 1294 957 ,
1308 925 1390 952 Audio
1408 927 1544 954 schismata
1564 936 1616 955 esse
1629 930 1695 956 inter
1709 939 1768 964 nos,

981 972 1032 992 non
1049 966 1090 993 hic
1105 968 1240 1001 constitit,
1257 970 1303 996 sed
1321 971 1466 999 ostendens
1484 980 1604 1007 quaenam
1625 975 1768 1002 schismata

980 1016 1079 1044 essent,
1092 1020 1248 1048 progressus
1260 1014 1333 1045 dicit,
1348 1016 1391 1043 21.
1407 1017 1581 1054 Unusquisque
1591 1029 1662 1047 suum
1673 1029 1770 1049 ramum

980 1059 1107 1091 pra’sutnit
1119 1067 1128 1090 ;
1139 1064 1165 1086 et
1180 1068 1296 1092 rursum,
1308 1061 1354 1088 2‘2.
1369 1061 1498 1096 Numquid
1508 1064 1596 1092 domos
1610 1075 1659 1093 non
1675 1067 1769 1094 Italtetis

980 1102 1014 1127 ad
1026 1104 1230 1131 manducandum
1243 1112 1264 1132 ct
1277 1107 1408 1134 bibendum
1420 1109 1431 1134 ?
1444 1115 1487 1136 aut
1501 1111 1630 1138 ecclesiam
1647 1112 1696 1140 Dei
1709 1122 1769 1140 cons

981 1149 1172 1177 temnitis?Scd
1186 1151 1256 1185 quod
1275 1152 1309 1179 de
1330 1153 1369 1180 his
1383 1154 1470 1187 dicat,
1487 1158 1654 1191 perspicuum
1676 1165 1725 1186 est.
1742 1161 1768 1187 Si

980 1198 1068 1221 autem
1080 1195 1220 1223 schismata
1233 1197 1276 1225 illa
1289 1204 1376 1231 vocet,
1389 1207 1422 1227 ne
1436 1201 1541 1229 mireris
1556 1211 1562 1229 :
1578 1211 1649 1236 naut,
1662 1210 1690 1231 ut
1703 1205 1768 1239 dixi,

981 1238 1030 1266 hac
1049 1239 1164 1268 dictione
1182 1242 1241 1269 illos
1259 1243 1392 1271 incessere
1409 1247 1474 1272 vnit.
1493 1247 1521 1274 Si
1537 1256 1600 1276 vero
1617 1250 1768 1285 dogtnatutn

981 1285 1123 1313 schismata
1141 1293 1246 1320 essent,
1263 1297 1314 1316 non
1330 1291 1363 1316 ita
1381 1298 1519 1320 mansuete
1532 1301 1591 1321 cum
1610 1296 1660 1322 iiiis
1675 1297 1770 1331 l0quu-

981 1335 1023 1356 ttts
1041 1336 1121 1358 esset.
1138 1333 1206 1359 Audi
1228 1334 1306 1368 igitur
1323 1335 1393 1362 illutn
1408 1337 1460 1364 tale
1473 1338 1607 1373 quidpiam
1621 1341 1768 1374 dicentem,

980 1382 1058 1410 quam
1071 1376 1106 1403 sit
1119 1377 1278 1410 vehemens.
1292 1385 1319 1407 et
1331 1381 1392 1407 dmn
1407 1384 1548 1411 confirmat
1562 1390 1588 1412 et
1603 1386 1665 1413 dunt
1682 1387 1769 1415 incre-

981 1426 1043 1455 pat;
1059 1424 1220 1451 confirmans
1233 1426 1355 1460 quidem,
1375 1433 1401 1454 ttt
1420 1436 1479 1456 cum
1500 1430 1564 1457 dicit
1579 1440 1586 1457 :
1601 1431 1708 1460 Etiamsi
1721 1443 1769 1461 an-

981 1467 1050 1501 gelus
1063 1469 1129 1494 vobis
1142 1471 1291 1505 cvangelizet
1310 1478 1400 1506 prwttzr
1417 1474 1444 1500 id
1460 1476 1527 1510 quod
1541 1479 1671 1511 accepistis
1681 1500 1689 1511 ,
1704 1488 1769 1506 nna-

981 1512 1063 1539 t/tenm
1075 1513 1107 1540 sit
1121 1513 1189 1549 (Gal.
1205 1516 1228 1542 1,
1246 1516 1288 1550 8);
1303 1517 1442 1552 increpans
1453 1527 1526 1551 vero.
1540 1526 1567 1548 ιιι
1578 1530 1637 1549 cum
1651 1524 1688 1550 ait
1701 1533 1706 1551 :
1720 1525 1770 1557 Qui

980 1557 1006 1584 in
1018 1558 1071 1593 lege
1083 1560 1268 1594 justi/immitti,
1282 1571 1297 1588 tt
1309 1565 1391 1597 gratia
1405 1566 1531 1593 excidistis
1546 1567 1625 1601 (Ibid.
1643 1569 1669 1596 5.
1685 1570 1723 1605 Δ).
1736 1572 1769 1598 Et

981 1612 1051 1631 nttnc
1061 1605 1166 1639 quidem
1180 1615 1259 1635 canes
1273 1614 1348 1636 vocat
1358 1618 1404 1636 eos
1415 1612 1458 1646 qui
1470 1619 1652 1648 corrumpunt,
1666 1616 1768 1651 dicens,

985 1650 1072 1678 Videte
1086 1660 1158 1679 canes
1173 1653 1299 1689 (Philipp.
1311 1656 1337 1682 5.
1351 1656 1378 1692 ‘2)
1393 1665 1399 1683 :
1415 1665 1484 1685 nunc
1499 1664 1585 1686 autern
1599 1663 1716 1689 cauterio
1730 1663 1770 1690 in-

980 1701 1066 1724 ustam
1081 1697 1208 1726 habentes
1222 1701 1411 1729 conscientiam
1427 1704 1466 1738 (1.
1482 1703 1549 1731 Tim.
1566 1706 1591 1733 4.
1608 1706 1650 1740 9.),
1666 1713 1692 1735 et
1707 1717 1768 1736 rur-

980 1749 1026 1770 sus
1039 1744 1147 1778 angelos
1161 1745 1269 1773 diaboli.
1284 1747 1318 1774 At
1332 1748 1374 1775 hic
1390 1749 1455 1776 nihil
1471 1751 1522 1777 tale
1537 1752 1618 1784 dixit,
1634 1754 1680 1780 scd
1695 1763 1770 1782 man-

980 1793 1055 1815 suete
1069 1797 1100 1816 ac
1114 1791 1234 1818 remisse.
1246 1792 1313 1825 Quid
1327 1799 1367 1820 cst
1380 1799 1478 1828 autem,
1493 1795 1526 1823 Ut
1536 1798 1578 1831 qui
1593 1799 1690 1832 probati
1700 1806 1768 1833 sunt,

980 1835 1107 1868 manifesti
1122 1837 1185 1870 ﬁant
1200 1838 1225 1863 in
1239 1838 1326 1866 vobis?
1344 1839 1377 1867 Ut
1395 1841 1479 1875 magis
1500 1843 1696 1877 resplendeant.
1713 1847 1769 1874 lloc

980 1885 1021 1907 est
1031 1886 1120 1908 autem
1135 1884 1205 1917 quod
1218 1884 1273 1910 vult
1287 1885 1375 1912 dicere
1391 1896 1397 1912 :
1412 1887 1463 1913 Eos
1478 1888 1521 1922 qui
1538 1889 1645 1916 stabiles
1660 1895 1687 1918 et
1701 1893 1769 1920 lirmi

980 1931 1052 1959 sunt,
1070 1935 1122 1954 non
1138 1929 1217 1955 modo
1232 1929 1298 1956 nihil
1314 1932 1407 1958 ltorum
1424 1932 1504 1964 hedit,
1521 1934 1568 1961 sed
1589 1936 1667 1962 cliztttt
1685 1939 1768 1973 magis

980 1972 1098 2000 ostendit
1111 1973 1249 2009 redditque
1259 1976 1394 2004 clariores.
1411 1977 1477 2005 Illud
1491 1980 1573 2011 enim,
1585 1986 1621 2011 ut,
1635 1989 1686 2008 non
1699 1990 1770 2009 sem-

981 2025 1028 2051 per
1041 2025 1149 2044 causam
1167 2019 1274 2050 indicat.
1289 2021 1336 2048 sed
1350 2022 1429 2049 etiam
1445 2031 1516 2058 stepe
1531 2032 1618 2052 rerum
1632 2033 1766 2056 eventum.

981 2062 1017 2088 ita
1030 2067 1057 2090 et
1068 2063 1190 2092 Christus
1205 2065 1231 2092 id
1246 2065 1354 2094 adhibet
1366 2075 1426 2095 cum
1441 2069 1505 2096 dicit
1520 2079 1528 2096 :
1542 2070 1575 2097 In
1584 2072 1708 2106 judicium
1723 2083 1769 2109 ego

979 2109 1035 2135 veni
1049 2110 1074 2136 in
1089 2110 1156 2137 hunc
1170 2111 1292 2138 mundum
1303 2133 1309 2140 .
1326 2118 1354 2139 ut
1369 2122 1418 2140 non
1434 2115 1543 2143 videntes
1560 2118 1661 2145 videant
1673 2140 1679 2152 ,
1696 2125 1719 2146 et
1732 2122 1769 2147 vi-

980 2155 1064 2182 dentes
1081 2157 1140 2182 twci
1160 2157 1223 2189 [iant
1243 2157 1331 2192 (Joan.
1353 2160 1379 2186 9.
1395 2160 1451 2194 59).
1473 2161 1518 2188 Sic
1536 2168 1563 2189 et
1581 2164 1637 2197 ipse
1653 2165 1767 2199 Paulus,

979 2208 1039 2227 ettnt
1058 2201 1091 2228 de
1113 2201 1171 2236 lege
1194 2202 1329 2230 disserens
1351 2205 1465 2233 scribit:
1483 2206 1537 2234 Lex
1555 2208 1718 2243 subintravit,
1740 2217 1768 2238 ut

979 2247 1116 2273 abundaret
1130 2248 1249 2275 delictum
1265 2249 1351 2284 (Rom.
1365 2251 1391 2278 5.
1405 2251 1462 2287 20).
1482 2252 1534 2280 Sed
1550 2262 1636 2289 neque
1651 2256 1690 2283 lcx
1708 2257 1767 2284 ideo

978 2292 1039 2319 data
1053 2298 1104 2326 est,
1120 2298 1147 2320 ut
1161 2299 1268 2328 peccata
1282 2295 1435 2324 Judteorum
1449 2305 1628 2334 augerentur;
1644 2302 1706 2329 illud
1720 2311 1767 2330 au-

979 2344 1031 2366 tetn
1052 2339 1140 2366 evenit
1156 2348 1162 2365 :
1178 2347 1264 2374 neque
1281 2341 1402 2369 Christus
1422 2343 1483 2371 ideo
1496 2347 1585 2378 venit,
1602 2351 1630 2373 ut
1647 2348 1767 2375 videntes

977 2385 1040 2412 croci
1056 2385 1167 2417 fierent;
1182 2386 1229 2413 sed
1250 2393 1358 2422 propter
1381 2390 1542 2417 contrariatn
1566 2399 1622 2418 rem
1638 2402 1645 2419 :
1661 2398 1688 2420 at
1703 2394 1766 2422 illud

978 2430 1013 2457 ita
1024 2431 1145 2466 contigit.
1158 2432 1202 2459 Sic
1217 2431 1296 2467 igitur
1305 2438 1331 2460 et
1344 2433 1394 2461 hoc
1409 2435 1467 2462 loco
1478 2436 1676 2472 intelligendum
1690 2440 1764 2472 illud,

979 2476 1012 2504 Ut
1025 2477 1068 2511 qui
1082 2477 1179 2511 probati
1191 2484 1264 2510 sunt,
1283 2480 1410 2515 muni/esti
1423 2481 1495 2515 fiant.
1509 2482 1600 2517 Neque
1620 2485 1691 2512 enim
1707 2486 1767 2513 ideo

977 2523 1053 2551 facta:
1075 2529 1138 2551 sunt
1157 2525 1289 2557 hmreses.
1306 2531 1333 2552 ut
1351 2527 1394 2561 qui
1411 2528 1512 2562 probati
1528 2534 1617 2556 essent
1634 2531 1766 2559 manifesti

977 2570 1073 2598 fierent
1083 2579 1091 2604 ;
1103 2571 1150 2598 sed
1162 2571 1365 2600 advenientibus
1377 2573 1417 2600 his
1429 2573 1584 2608 iueresibus,
1598 2576 1648 2604 hoc
1659 2578 1765 2606 accidit.

977 2618 1040 2646 llrcc
1055 2626 1133 2653 porro
1145 2619 1218 2651 dicit,
1235 2626 1364 2654 pauperes
1376 2621 1529 2653 consolans,
1544 2623 1588 2657 qui
1605 2623 1684 2650 talem
1699 2632 1766 2651 con-

976 2668 1108 2698 temptum
1124 2665 1227 2691 fortiter
1243 2665 1353 2692 ferrettt.
1370 2665 1431 2693 ideo
1450 2674 1501 2693 non
1517 2667 1599 2701 dixit,
1617 2668 1649 2695 Ut
1664 2669 1765 2702 probati

976 2711 1050 2743 liant,
1065 2711 1123 2742 sed.
1140 2711 1173 2738 Ut
1186 2713 1228 2746 qui
1243 2712 1339 2746 probati
1352 2718 1420 2745 sunt,
1435 2713 1565 2748 manifesti
1577 2715 1641 2748 ﬁant
1656 2715 1764 2742 :decla-

976 2765 1038 2784 rans
1052 2757 1112 2784 illos
1125 2758 1203 2784 ctiatn
1215 2763 1291 2785 antea
1305 2759 1370 2785 tales
1383 2759 1480 2792 fuisse;
1495 2759 1542 2787 sed
1555 2760 1764 2787 commisceban-

977 2808 1020 2831 tur
1032 2811 1092 2831 cttm
1107 2804 1237 2838 plurimis,
1253 2809 1281 2831 et
1294 2805 1504 2832 consolationem
1517 2805 1678 2840 accipientes
1693 2813 1706 2831 a
1722 2805 1764 2832 di-

978 2851 1074 2878 vitibus
1087 2871 1094 2884 ,
1109 2857 1161 2877 non
1177 2849 1317 2877 admodum
1338 2851 1473 2885 conspicui
1486 2856 1563 2878 erant
1576 2861 1582 2878 :
1594 2859 1664 2879 nunc
1676 2855 1765 2878 autem
