2046 3114
241 130 292 157 2-27
334 145 340 151 κ

241 190 300 216 ha-c
321 184 453 214 dissensio
475 187 504 210 et
525 181 662 210 contentio
686 176 840 206 manifestos
865 174 923 201 illos
948 172 1027 204 fecit;

241 231 465 270 quemadmodqu
476 228 681 264 gubernatorem
694 220 973 270 tempestas‘ost'emtilt.
984 218 1032 246 Ne-

243 265 295 316 que
307 279 383 309 dixit,
396 276 432 304 Ut
443 283 491 302 vos
502 272 604 310 probati
618 269 785 306 appareatis;
800 267 856 316 sed,
873 265 1029 316 lit-quirpra-

244 311 294 355 ζέαιί
314 330 388 355 sunt,
403 321 528 356 manifesti
550 320 629 353 ﬁunt,
645 316 689 351 qui
711 322 806 348 nempe
826 314 851 340 iu
868 312 943 339 vobis
965 311 1031 337 tales

244 378 316 402 stitit.
333 372 423 405 Neque
438 368 507 396 enim
523 372 651 393 accusans
667 361 823 390 manifestos
838 359 939 389 reddit,
954 361 983 405 ut
997 364 1032 405 ne

245 421 317 454 ipses
335 404 544 451 impudentiores
557 411 644 442 iaciat,
660 416 746 443 neque
758 407 879 438 laudans,
893 413 926 432 ne
939 404 1033 454 reddat

245 450 380 499 segniores
392 470 399 492 ;
413 461 459 488 sed
473 465 628 492 suspensam
643 455 742 491 profert
755 454 913 484 orationem,
926 450 1032 478 ethunc

244 498 367 538 etiillum
389 506 551 541 singulorum
574 502 743 530 conscientia:
766 498 943 534 adoptandum
964 504 1032 532 prm-

246 557 320 582 hcns.
343 552 400 580 Non
423 550 501 578 modo
523 554 609 576 autem
630 547 693 574 mihi
717 546 759 573 ltic
780 551 909 579 pauperes
930 543 1034 570 videtur

245 599 387 630 consolari,
401 597 448 624 sed
463 596 543 622 etiam
558 602 604 622 eos
619 594 662 627 qui
680 599 767 620 mores
782 599 833 618 non
847 593 1031 624 corruperant.

245 647 311 674 Nam
323 643 468 672 verisimile
483 645 540 669 erat
554 641 579 668 in
597 640 649 668 illis
662 647 720 666 esse
739 638 783 672 qui
806 638 877 671 ipsos
897 639 1034 662 servarent

246 692 344 719 illa-sos
360 699 367 717 :
383 690 495 723 ideoque
509 687 593 719 dixit,
615 685 718 712 Partem
736 683 848 718 aliquam
866 681 950 708 credo.
971 680 1035 708 Jure

248 738 326 772 igitur
336 744 383 763 eos
396 735 520 769 probatos
532 732 607 764 dicit,
621 731 664 766 qui
679 737 730 756 non
743 728 822 756 modo
834 735 893 754 cum
907 726 965 753 aliis
978 733 1036 752 mo-

248 792 304 811 rem
321 784 508 812 servaverant,
525 777 571 806 scd
590 778 669 804 ctiatn
692 776 793 809 absque
808 774 860 801 illis
873 772 1034 800 immobilem

249 830 318 856 ltanc
332 827 468 863 pulchram
484 823 627 851 serrabant
640 822 735 856 legem.
749 820 805 847 Hoc
818 823 904 846 autem
921 817 992 863 facit,
1005 820 1036 863 ut

249 874 299 901 hos
309 861 340 900 et
349 873 414 899 alios
427 871 468 897 his
480 869 600 896 laudibus
612 867 753 893 alacriores
764 864 868 892 reddat.
885 862 984 890 Deinde
997 861 1037 888 di-

249 921 285 947 cit
296 918 365 953 quod
380 924 462 952 genus
477 914 578 950 peccati
594 913 628 939 sit
642 911 715 938 illud.
728 910 795 944 Quid
811 914 898 936 autem
912 907 963 935 hoc
975 907 1036 934 est?

249 965 294 992 20.
309 961 525 992 Convettieulibus,
541 959 636 993 inquit,
650 957 717 984 vobis
730 957 756 983 in
771 963 858 986 unum,
868 955 924 988 jam
939 961 989 980 non
1002 956 1037 979 est

251 1010 409 1038 Dominicam
422 1014 518 1034 uenam
532 1004 695 1032 manducare.
710 1001 792 1029 Vides
805 1000 938 1035 quomodo
952 998 1036 1033 pudo-

250 1065 307 1084 rem
323 1055 465 1084 incutiens,
478 1051 611 1080 narrantis
625 1057 708 1080 more,
720 1049 774 1083 jam
787 1047 926 1075 consilium
941 1046 1039 1072 instru-

250 1102 307 1129 xit?
327 1101 481 1128 Conventus
501 1097 572 1124 enim
595 1095 706 1127 modus,
728 1093 825 1128 inquit,
840 1096 881 1119 est
897 1092 984 1123 alius;
999 1095 1039 1118 est

251 1147 323 1174 cnim
334 1145 452 1173 caritatis
465 1149 490 1170 et
505 1143 626 1170 fraterna:
640 1140 790 1168 dilectionis
804 1147 810 1165 :
825 1146 890 1165 unus
904 1143 976 1164 certe
992 1145 1039 1163 vos

252 1199 346 1219 otnues
361 1190 458 1225 excipit
475 1189 550 1216 locus
560 1208 567 1219 ,
580 1193 608 1214 ct
622 1186 698 1214 simul
715 1183 910 1220 congregamini
926 1191 933 1210 :
949 1189 1039 1209 mensa

253 1246 317 1265 vero
328 1238 382 1272 jam
398 1244 449 1263 non
464 1236 558 1262 similis
573 1238 613 1262 est
629 1232 779 1260 couveutni.
795 1231 850 1258 Nec
866 1230 951 1262 dixit,
968 1230 1040 1257 Con-

253 1283 420 1311 venieutibus
434 1282 508 1308 vobis
530 1289 581 1308 non
604 1280 629 1306 in
645 1278 777 1306 communi
794 1277 976 1308 tuanducatis;
992 1275 1040 1303 sed

253 1331 306 1357 alio
315 1329 392 1356 modo
403 1333 429 1355 et
440 1328 524 1354 multo
535 1326 679 1353 terribilius
690 1325 750 1351 illos
760 1323 924 1358 perstringit,
934 1322 1039 1349 dicens:

254 1375 316 1403 Non
326 1381 360 1402 est
374 1373 532 1400 Dominicam
547 1379 642 1399 mnam
655 1370 808 1396 manducare
820 1377 828 1400 ;
840 1369 898 1396 illos
909 1368 942 1395 ad
958 1369 1042 1402 ipsam

254 1421 439 1449 transmittens
453 1426 590 1451 vesperam
601 1437 608 1448 ,
623 1425 673 1452 qua
693 1415 830 1443 tremenda
849 1414 974 1450 mysteria
987 1418 1042 1440 tra-

254 1468 321 1495 didit
333 1466 463 1493 Christus.
480 1464 541 1492 ldeo
554 1464 634 1490 etiam
650 1461 787 1496 prandium
800 1460 864 1488 illud
877 1460 979 1487 vocavit
989 1466 1042 1487 cm-

255 1522 318 1542 nam
335 1523 342 1540 :
357 1513 455 1539 etenim
470 1511 532 1538 illud
548 1509 686 1545 prandimn
702 1514 796 1536 omnes
806 1507 983 1534 communiter
996 1505 1044 1532 ha-

257 1559 314 1586 buit
328 1557 524 1585 recumbenlcs.
545 1555 624 1588 Atqui
643 1562 695 1580 non
720 1557 820 1580 tantum
839 1553 948 1579 interest
966 1551 1043 1586 spatii

257 1605 327 1632 inter
340 1603 438 1630 divites
454 1606 479 1628 ct
493 1607 634 1635 pauperes,
650 1603 776 1633 quantum
790 1598 858 1625 inter
870 1597 1005 1624 doctorem
1017 1601 1045 1624 et

257 1650 399 1685 discipulos
415 1657 421 1674 :
437 1648 595 1675 immensmn
609 1646 706 1681 quippe
726 1645 789 1672 illud
801 1650 852 1672 est.
865 1644 898 1672 Et
910 1644 973 1680 qttid
984 1644 1045 1672 dico

257 1697 327 1724 inter
339 1695 473 1721 ductorem
485 1700 509 1720 ct
522 1692 687 1726 discipulos?
700 1691 784 1725 cogita
797 1691 963 1718 intervallum
974 1690 1044 1725 quod

257 1746 299 1770 est
318 1741 386 1768 inter
405 1739 540 1766 Δοεῑυιηιιιι
560 1742 586 1764 ct
609 1737 783 1772 proditorem.
803 1738 924 1763 Attamen
943 1741 969 1763 et
988 1736 1045 1771 ipse

257 1795 319 1814 cum
333 1787 384 1814 illis
398 1785 579 1817 recumbebat,
595 1791 682 1818 neque
697 1783 770 1810 illum
783 1783 872 1817 eiecit,
889 1783 935 1811 sed
946 1787 973 1810 et
983 1783 1045 1810 salis

258 1839 409 1862 consortem
425 1832 497 1865 fecit,
513 1836 540 1859 et
554 1832 739 1867 mysteriorum
758 1831 922 1866 participem.

294 1879 320 1907 5.
338 1878 438 1906 Deinde
454 1878 642 1912 interpretatur
657 1877 788 1911 quomodo
802 1884 853 1903 non
868 1881 909 1903 est
925 1876 1046 1903 Domini-

260 1933 317 1954 cam
332 1932 434 1952 cmnam
454 1923 627 1951 manducare.
642 1923 688 1949 2|.
706 1922 882 1957 Unusquisque
894 1922 960 1948 enim
974 1929 1046 1948 suam

259 1978 355 1997 canam
369 1969 515 2004 prwsutnit,
533 1969 634 2003 inquit,
652 1967 686 1994 ad
699 1968 900 1994 manducandum
917 1975 926 1994 :
944 1972 966 1994 et
980 1967 1046 1994 alius

260 2016 359 2051 quidem
372 2015 463 2046 esurit,
481 2014 547 2041 alius
565 2004 621 2040 uero
639 2013 720 2040 ebrius
738 2019 786 2040 est.
809 2013 898 2040 Viden”
914 2013 1047 2048 quomodo

261 2063 321 2090 illos
335 2062 451 2090 ostendit
467 2068 527 2088 sese
548 2060 631 2095 magis
647 2060 779 2087 dedecpre
794 2060 961 2087 allicientes?
982 2060 1046 2086 Nam

261 2108 332 2144 quod
347 2107 511 2134 Dominicum
527 2112 583 2132 erat
595 2126 601 2138 ,
624 2106 758 2140 proprium
774 2105 823 2132 sibi
838 2105 953 2138 faciunt;
970 2106 1003 2132 ita
1021 2110 1049 2132 ttt

262 2154 298 2181 illi
313 2155 415 2188 priores
429 2153 482 2179 sint
496 2152 539 2186 qui
555 2151 686 2178 dedecore
700 2151 853 2178 afﬁciuntur
864 2173 871 2183 ,
888 2152 932 2186 qui
949 2160 1048 2179 mensa:

262 2208 318 2227 sua:
328 2207 385 2226 eam
398 2206 456 2232 quae
471 2198 584 2224 maxima
597 2202 653 2223 erat
664 2197 817 2231 dignitatem
831 2197 964 2224 auferunt.
976 2198 1049 2231 Quo-

263 2244 344 2272 modo
358 2249 386 2271 et
398 2251 449 2278 qua
465 2243 586 2270 ratione?
609 2243 674 2276 Quia
696 2243 831 2270 Dominica
846 2251 920 2271 caena
930 2265 937 2276 ,
954 2245 979 2271 id
993 2249 1047 2276 est,

264 2290 334 2326 quod
354 2289 459 2317 Domini
479 2293 539 2322 cst,
559 2297 700 2316 commune
721 2289 800 2316 debet
819 2297 887 2316 esse.
902 2290 966 2322 Quae
979 2291 1049 2317 enim

265 2335 366 2363 domini
382 2339 463 2366 sunt,
482 2342 534 2361 non
557 2334 634 2368 hujus
648 2335 756 2368 quidem
776 2335 864 2362 tantuli
884 2340 961 2367 sunt,
980 2335 1050 2362 illius

265 2389 330 2409 vero
345 2389 397 2408 non
412 2380 485 2411 item,
498 2380 543 2406 sed
559 2380 584 2406 in
598 2380 732 2407 communi
742 2381 869 2407 onmium.
887 2380 1049 2407 Dominicnm

265 2434 330 2461 ergo
343 2425 393 2453 hoc
405 2426 470 2453 dicit
482 2425 552 2460 quod
567 2432 708 2452 commune
722 2430 772 2452 est.
789 2425 852 2452 Nam
864 2426 884 2451 si
897 2426 999 2452 Domini
1014 2426 1050 2453 tui

266 2477 323 2504 cst,
343 2476 371 2498 ut
392 2479 483 2498 revera
504 2475 560 2503 est,
585 2479 637 2498 non
657 2471 740 2498 debes
758 2471 878 2505 qua-dam
898 2476 926 2498 ιιι
947 2473 1051 2505 propria

267 2517 391 2548 avellere,
406 2517 453 2543 sed
469 2524 528 2550 quin
541 2516 644 2543 Domini
658 2521 730 2548 sunt,
741 2516 916 2543 communiter
929 2517 1052 2544 omnibus

265 2569 399 2597 opponere
413 2571 418 2588 :
431 2561 481 2588 hoc
492 2566 532 2588 est
542 2562 612 2588 enim
627 2561 802 2588 Dominicum.
814 2560 889 2588 Nunc
900 2566 987 2589 autem
999 2570 1052 2590 non

267 2607 333 2634 sinis
349 2607 411 2634 illud
425 2615 482 2634 esse
496 2607 673 2638 Dominicum,
689 2614 748 2633 cum
763 2614 814 2632 non
830 2607 894 2633 sinis
906 2614 965 2634 esse
978 2615 1052 2634 com-

268 2663 363 2686 mune,
383 2654 429 2681 sed
450 2655 560 2680 seorsim
583 2652 709 2687 epularis.
731 2652 897 2687 Quapropter
918 2653 1053 2688 subjungit

267 2700 358 2727 dicens
371 2708 376 2724 :
391 2698 565 2735 Unusquisque
580 2698 645 2725 enim
657 2706 729 2724 suam
743 2706 839 2725 coenant
850 2699 987 2733 prmumit.
999 2699 1054 2727 Nec

267 2747 344 2777 dixit,
356 2745 504 2776 Absciudit,
517 2745 563 2772 sed
579 2744 721 2776 Prwsumit,
734 2745 832 2771 sensim
845 2745 905 2772 illos
916 2745 1054 2773 edacitatis

267 2798 292 2819 et
309 2791 460 2826 petulantiae
475 2798 614 2818 accusans.
631 2790 685 2817 Hoc
699 2789 818 2817 declarat
832 2791 901 2825 quod
917 2792 1053 2824 sequitur:

270 2844 328 2863 cum
349 2836 400 2864 huc
414 2836 484 2863 enim
500 2835 627 2869 dixisset,
643 2842 746 2862 rursum
762 2835 896 2870 subjunxit
913 2845 919 2863 :
935 2835 968 2863 Et
988 2838 1053 2865 alius

621 123 651 151 S.
670 120 808 150 JOANNIS
826 114 1061 147 CHRYSOSTOMI
1080 113 1237 142 ARClllEl".
1257 111 1522 141 CONSTANTINOP.

1815 112 1871 139 ηπ

1082 172 1182 206 quidem
1203 171 1295 205 esurit,
1319 171 1385 197 alius
1407 176 1490 197 autem
1510 171 1593 197 ebrius
1612 175 1669 203 est;
1683 178 1742 206 qua:
1755 175 1871 206 utraque

1082 226 1135 245 non
1160 222 1273 245 servam
1292 225 1424 245 mensum
1443 221 1538 250 erant,
1561 217 1704 252 indigentia
1724 225 1821 252 nempe
1843 225 1873 244 et.

1082 271 1216 291 exces~us.
1229 265 1298 291 Ecce
1306 264 1423 291 secunda
1432 264 1567 291 accusatio
1576 263 1636 291 illos
1646 264 1719 298 ipsos
1726 264 1871 299 impetens.

1083 310 1181 342 Prima,
1191 309 1260 344 quod
1270 317 1343 336 suam
1353 317 1456 337 cenam
1465 309 1595 336 dedecore
1602 309 1732 342 alliciant;
1741 310 1871 340 secunda.

1083 355 1154 390 quod
1167 360 1287 381 ventrem
1304 354 1432 388 impleant
1446 358 1472 381 et
1488 354 1667 386 iuebrientur;
1683 360 1710 382 et
1723 356 1794 389 quod
1809 363 1874 390 gra-

1084 401 1141 427 vius
1153 404 1203 432 est,
1216 401 1393 427 esurientibus
1405 400 1573 435 pauperibus.
1587 401 1652 434 Qua:
1662 401 1734 428 enim
1748 403 1874 429 omnibus

1084 447 1110 473 in
1123 446 1256 474 communi
1271 447 1426 482 apponcuda
1440 452 1526 480 erant,
1539 448 1570 474 iis
1582 447 1631 482 ipsi
1644 448 1692 475 soli
1707 448 1873 483 ingurgitati,

1084 497 1110 519 et
1131 492 1156 519 in
1179 492 1403 519 iusaliabilitatem
1427 497 1454 519 et
1476 493 1500 519 in
1525 493 1679 520 ebrietatem
1704 494 1873 521 deferebant.

1085 540 1148 569 ldeo
1163 549 1213 567 non
1231 540 1311 573 dixit,
1327 541 1402 567 Alius
1415 541 1522 576 quidem
1538 542 1637 574 esurit,
1654 542 1724 569 alius
1739 543 1873 574 satiatur;

1085 587 1143 619 sed,
1155 587 1247 615 lt'brt'us
1257 593 1302 614 est.
1314 588 1413 615 llorum
1424 592 1512 615 autem
1523 592 1664 623 utrumque
1673 596 1720 623 per
1727 597 1756 616 se
1764 590 1874 624 dignum

1085 641 1125 663 est
1153 635 1387 670 reprehensione:
1409 642 1470 662 nam
1497 634 1644 668 inebriari,
1669 638 1748 663 etiam
1774 637 1876 671 absque

1086 689 1119 708 eo
1133 681 1202 715 quod
1218 680 1399 714 despiciantur
1418 687 1547 715 pauperes
1558 701 1565 712 ,
1580 680 1655 715 culpa
1670 687 1726 713 est;
1745 689 1876 716 pauperes

1087 726 1235 761 despicere,
1247 726 1347 760 absque
1357 726 1496 758 ebrietate,
1505 731 1545 753 cst
1554 726 1737 754 criminatione
1747 727 1874 763 dignum:

1086 781 1146 799 cum
1159 779 1246 800 autem
1262 774 1318 801 hate
1331 774 1409 801 simul
1424 774 1565 809 conjuncta
1578 779 1648 806 sunt,
1661 775 1746 810 cogita
1759 779 1877 809 quantus

1087 819 1121 845 sit
1132 819 1275 853 iniquitatis
1284 827 1419 847 excessus.
1429 820 1528 847 Deinde
1538 826 1674 856 postquam
1683 823 1876 849 altsurditatem

1091 865 1218 896 ostendit,
1234 873 1292 892 cum
1308 874 1401 899 magna
1414 866 1540 900 deinceps
1555 867 1736 902 indignatione
1752 868 1876 903 increpa-

1089 911 1187 936 tionem
1199 910 1299 945 adjicit,
1309 911 1402 938 dicens
1411 921 1418 938 :
1427 912 1471 939 22.
1483 912 1613 946 Numquid
1623 914 1710 940 domas
1721 923 1768 941 non
1781 915 1877 942 habetis

1089 958 1122 982 ad
1136 957 1340 984 manducandum
1355 963 1376 985 et
1390 959 1541 986 bibendum?
1553 965 1597 987 aut
1610 961 1741 987 ecclesiam
1754 961 1802 988 Dei
1816 971 1877 989 con-

1090 1003 1207 1036 tenmitis,
1217 1010 1240 1030 et
1261 1005 1416 1038 confunditis
1438 1014 1480 1032 eos
1522 1007 1564 1042 qui
1586 1015 1636 1034 non
1660 1007 1769 1035 habent?
1784 1008 1878 1036 Viden'

1089 1049 1223 1082 quomodo
1235 1058 1247 1075 :t
1265 1058 1407 1085 pauperum
1421 1053 1580 1080 contumelia
1594 1053 1805 1082 criminationem
1821 1059 1878 1082 tra-

1095 1094 1173 1122 ducat
1181 1095 1213 1122 ad
1224 1095 1378 1128 Ecclesium,
1388 1103 1415 1124 ut
1423 1100 1569 1132 graviorem
1579 1099 1703 1127 redderet
1712 1101 1879 1128 orationem?

1094 1141 1162 1168 Ecce
1175 1141 1253 1176 igitur
1262 1147 1382 1177 quartam
1394 1145 1601 1178 accusationem,
1612 1153 1671 1173 cum
1684 1154 1736 1173 non
1748 1155 1878 1181 pauperes

1094 1186 1185 1219 modo,
1201 1188 1247 1214 scd
1262 1188 1341 1215 etiam
1355 1188 1472 1216 Ecciesia
1491 1192 1650 1219 contumelia
1667 1192 1791 1220 afﬁcitur.
1806 1194 1880 1221 Sient

1093 1233 1162 1259 enim
1179 1233 1343 1261 Dominicam
1362 1242 1465 1263 cmnam
1482 1238 1614 1271 propriam
1631 1238 1677 1265 tibi
1699 1238 1763 1266 facis
1775 1261 1782 1271 ,
1799 1240 1838 1266 sic
1852 1245 1880 1266 et

1094 1277 1180 1305 locum
1199 1278 1278 1305 etiam
1291 1300 1298 1311 ,
1320 1281 1432 1307 ecclesia
1450 1286 1527 1308 utens
1546 1286 1575 1309 ut
1594 1282 1674 1310 domo
1690 1288 1743 1311 tua.
1761 1284 1879 1312 Ecclesia

1094 1323 1164 1349 enim
1178 1323 1246 1351 facta
1259 1329 1310 1357 est,
1325 1333 1376 1352 non
1390 1331 1420 1353 ut
1432 1328 1622 1356 convenientes
1632 1329 1708 1356 divisi
1720 1331 1819 1363 simus;
1833 1332 1880 1358 sed

1094 1372 1123 1394 ut
1147 1369 1191 1403 qui
1213 1369 1290 1397 divisi
1312 1376 1373 1398 sunt
1393 1373 1647 1408 conjungantur:et
1669 1375 1719 1402 hoc
1747 1377 1881 1411 signiﬁcat

1093 1419 1249 1441 conventus.
1273 1415 1305 1442 Et
1328 1419 1481 1452 confunditis
1500 1427 1541 1446 eos
1563 1421 1606 1455 qui
1628 1429 1678 1447 non
1699 1421 1798 1448 habent.
1822 1422 1880 1450 Non

1094 1460 1168 1492 dixit,
1185 1465 1212 1487 et
1226 1460 1297 1489 fame
1310 1464 1411 1490 necatis
1424 1471 1471 1491 eos
1485 1465 1529 1500 qui
1545 1473 1596 1492 non
1609 1466 1717 1498 habent,
1733 1468 1778 1495 sed
1796 1469 1881 1504 majo-

1095 1513 1150 1532 rem
1176 1506 1307 1535 incutiens
1331 1508 1475 1543 pudorem,
1500 1510 1676 1546 Confundt‘tis,
1702 1514 1757 1541 sive
1782 1515 1882 1548 pudore

1096 1551 1210 1584 al'licilis,
1222 1554 1381 1580 utostendat
1392 1562 1421 1582 se
1432 1563 1485 1582 non
1497 1556 1650 1584 alimentum
1663 1563 1763 1585 tantum
1774 1568 1881 1593 curare,

1096 1602 1223 1630 quantum
1239 1599 1428 1626 contumeliam
1449 1601 1514 1635 ipsis
1531 1601 1667 1630 iullictam.
1683 1604 1751 1631 Et-ee
1764 1605 1882 1639 quintum

1096 1643 1303 1677 accusationem,
1313 1645 1383 1679 quod
1394 1653 1444 1672 non
1455 1650 1555 1674 tantum
1567 1649 1714 1676 esurientes
1724 1649 1882 1684 despiciant,
1918 1678 1924 1683 _

1097 1688 1142 1715 sed
1158 1689 1236 1716 etiam
1254 1689 1314 1717 illos
1327 1691 1428 1725 pudore
1442 1691 1570 1720 afﬁciant.
1589 1694 1644 1721 Hoc
1659 1700 1746 1722 autctn
1762 1696 1882 1728 dicebat.

1096 1735 1175 1761 simul
1195 1740 1221 1762 et
1241 1743 1271 1762 ea
1291 1743 1351 1771 qua:
1372 1744 1500 1772 pauperes
1521 1740 1675 1773 spectabant
1693 1742 1836 1775 houorans,
1858 1748 1885 1770 et

1097 1780 1240 1808 ostendens
1261 1781 1319 1808 illos
1340 1790 1393 1810 non
1415 1787 1515 1810 tantum
1530 1784 1564 1812 de
1580 1792 1688 1817 ventre,
1708 1793 1834 1822 quantum
1851 1790 1886 1816 de

1098 1826 1258 1853 contumelia
1272 1826 1375 1859 dolere,
1391 1828 1468 1855 simul
1483 1835 1570 1857 autem
1587 1831 1733 1859 auditorem
1747 1834 1885 1862 attrahens

1097 1871 1130 1898 ad
1142 1872 1361 1900 misericordiam.
1371 1873 1436 1901 Cum
1447 1883 1511 1911 ergo
1523 1876 1578 1903 lucc
1589 1877 1702 1905 absurda
1712 1880 1885 1914 ostendisset,

1098 1919 1288 1945 contumeliam
1305 1919 1330 1946 itt
1344 1927 1447 1948 caenam
1460 1942 1467 1953 ,
1482 1924 1668 1951 contumeliam
1684 1925 1709 1951 in
1723 1926 1863 1953 ecclesiam
1877 1948 1884 1959 ,

1099 1969 1333 2001 contemptumque
1344 1975 1499 2002 pauperum,
1515 1969 1578 1996 lenit
1592 1978 1682 1997 rursus
1697 1972 1887 2007 increpationis

1099 2012 1304 2045 vehementiam,
1315 2013 1408 2041 dicens
1421 2024 1426 2041 :
1439 2014 1560 2042 Laudabo
1570 2024 1612 2043 vos
1621 2017 1633 2043 ?
1643 2017 1669 2044 in
1680 2018 1726 2044 hoc
1736 2027 1786 2045 non
1797 2019 1885 2047 laudo.

1100 2057 1175 2090 Quod
1195 2063 1267 2086 certe
1281 2060 1338 2093 quis
1352 2061 1467 2088 maxime
1485 2062 1612 2094 miretur,
1634 2063 1703 2097 quod
1723 2071 1784 2091 cum
1805 2065 1886 2092 vehe-

1101 2105 1216 2131 tnentius
1240 2105 1377 2139 increpare
1395 2112 1548 2141 oporteret,
1572 2114 1708 2144 postquam
1725 2115 1764 2137 tot
1779 2117 1886 2145 peccata

1100 2151 1233 2177 recensuit
1248 2156 1275 2177 et
1289 2152 1451 2185 perstrinxit,
1471 2153 1513 2180 hic
1527 2159 1619 2181 contra
1633 2155 1720 2183 lenius
1734 2162 1792 2191 agat
1804 2162 1831 2184 et
1844 2159 1888 2185 det

1102 2196 1248 2230 respirandi
1265 2197 1362 2224 locum.
1383 2199 1502 2232 Quanam
1518 2200 1551 2227 dc
1565 2202 1663 2228 causa?
1685 2201 1800 2231 Gravius
1816 2204 1889 2238 ipSos

1102 2242 1294 2276 perSIrinxerat
1305 2243 1463 2278 ampliﬁcata
1475 2246 1654 2279 accusatione,
1666 2253 1693 2274 et
1703 2255 1762 2275 cum
1774 2251 1890 2283 optimus

1102 2286 1136 2312 sit
1147 2287 1276 2321 medicus,
1287 2295 1475 2324 congruentem
1488 2291 1639 2319 vulneribus
1650 2293 1710 2319 fecit
1721 2294 1888 2327 incisionem,

1104 2339 1190 2366 neque
1204 2340 1234 2360 ea
1248 2341 1307 2368 qua:
1330 2335 1458 2368 profunda
1479 2337 1552 2371 plaga
1574 2345 1640 2372 opus
1659 2338 1789 2366 habebant
1805 2341 1830 2367 in
1847 2349 1891 2367 su-

1105 2378 1214 2412 perﬁcie
1229 2386 1323 2406 secans
1339 2388 1345 2406 :
1360 2380 1455 2407 audisti
1471 2382 1540 2408 enim
1556 2383 1688 2416 quotnodo
1704 2384 1890 2412 lornicatorem

1106 2423 1150 2457 qui
1166 2424 1234 2458 apud
1250 2425 1310 2452 illos
1324 2430 1380 2452 erat
1392 2426 1534 2454 absciderit
1547 2437 1552 2454 :
1566 2436 1651 2463 neque
1662 2437 1702 2457 ea.
1714 2439 1772 2464 qum
1784 2432 1892 2458 leuiori-

1106 2468 1154 2495 bus
1172 2469 1285 2503 egebant
1307 2471 1528 2506 medicamentis,
1553 2473 1625 2501 ferro
1646 2475 1764 2503 tradens.
1786 2477 1847 2504 Ideo
1866 2483 1891 2504 et

1107 2513 1156 2541 hoc
1170 2515 1228 2542 loco
1240 2517 1418 2544 mansuetiore
1429 2519 1512 2546 utitur
1523 2527 1648 2548 sermone
1661 2532 1667 2549 :
1679 2522 1796 2558 alioquin
1812 2525 1890 2551 etiam

1107 2560 1224 2587 mitiores
1245 2561 1305 2588 illos
1328 2570 1390 2597 erga
1411 2571 1540 2598 pauperes
1561 2567 1673 2594 reddere
1688 2569 1850 2601 conabatur;
1867 2576 1891 2596 et

1108 2607 1167 2634 ideo
1185 2615 1246 2634 cum
1267 2609 1319 2636 illis
1340 2609 1426 2637 lenius
1447 2611 1573 2646 loquitur.
1590 2612 1708 2647 Deinde,
1732 2622 1792 2642 cum
1815 2617 1893 2643 vellet

1108 2653 1166 2680 illos
1189 2654 1240 2680 alio
1259 2654 1339 2681 modo
1361 2656 1454 2690 majori
1477 2657 1578 2692 pudore
1598 2659 1761 2694 suffundere,
1781 2669 1794 2688 a
1813 2663 1894 2691 relms

1109 2699 1249 2733 prmeipuis
1270 2708 1420 2728 sermonem
1443 2703 1508 2729 texit
1524 2711 1530 2729 :
1546 2703 1590 2731 23.
1614 2704 1670 2740 Ego
1690 2707 1756 2732 enim
1775 2712 1859 2742 accept
1877 2716 1893 2732 ιι

1109 2743 1227 2776 Domino,
1241 2745 1334 2779 inquit,
1344 2747 1412 2780 quod
1421 2752 1444 2773 et
1454 2748 1547 2775 tradidi
1555 2749 1632 2782 vobis,
1642 2752 1759 2784 quoniam
1772 2752 1895 2781 Dominus

1108 2789 1194 2822 Jesus,
1209 2793 1235 2818 in
1255 2800 1303 2825 qua
1318 2798 1391 2820 nocte
1408 2794 1568 2827 tradebatur,
1583 2798 1677 2831 accepit
1691 2805 1780 2831 panem
1790 2819 1797 2830 ,
1813 2799 1858 2826 25.
1875 2806 1896 2826 ι’(

1110 2837 1205 2872 gratias
1219 2846 1296 2872 agens
1310 2838 1386 2874 fregit
1399 2845 1422 2866 et
1437 2840 1500 2867 dixit
1510 2861 1517 2873 ,
1534 2841 1652 2876 Accipite,
1670 2844 1820 2871 manducata
1830 2853 1839 2871 :
1849 2849 1896 2873 hoc
