2046 3114
17 436 20 515 ν

157 119 206 147 ετο

155 182 190 204 est
200 183 294 210 corp:
309 182 404 208 mm,
416 175 485 210 quod
504 182 551 210 pro
565 174 634 202 vobis
647 175 793 210 frangitur:
805 175 851 201 hoc
870 174 948 209 facile

155 222 180 248 in
194 229 274 248 mm
287 221 560 248 commemorationem.
571 220 626 248 Cur
637 220 681 248 hic
691 220 879 256 mysteriorum
892 227 950 248 me-

155 266 248 295 minit?
261 266 329 299 Quia
344 266 423 294 valde
437 266 618 294 necessarium
629 270 687 293 erat
700 266 732 293 ad
744 273 862 301 praesens
871 274 950 301 argu-

155 318 273 341 mentum
284 313 330 340 tali
344 312 381 340 uti
394 319 529 340 sermone.
541 311 607 339 Nam
621 312 748 342 Dominus
760 317 835 346 tuus,
851 312 946 347 iuqult,

153 359 245 387 eadem
261 366 358 387 omnes
368 366 461 386 mensa
474 358 597 394 dignatus
610 363 667 392 est;
684 360 732 387 etsi
748 359 790 386 illa
804 358 947 386 admodum

154 405 291 432 tremenda
307 410 375 437 erat,
392 405 564 439 omniumque
578 405 732 440 dignitatem
747 405 824 432 valde
839 413 948 440 supcra-

153 451 213 478 bat:
227 455 254 478 tu
266 459 332 478 vero
346 452 405 478 illos
419 456 462 478 tua
479 451 601 485 indignos
612 459 671 478 che
683 457 770 487 putas,
784 452 826 479 illa
840 452 945 486 inquam

153 504 231 531 parva
256 502 283 524 ct
304 497 366 529 vili;
387 501 414 524 et
433 505 493 524 cum
511 497 535 523 iu
553 498 733 532 spiritualilius
748 498 812 524 nihil
828 498 885 531 plus
901 499 947 524 lia-

154 543 232 569 beant
246 550 327 577 quam
343 548 370 569 tu
381 563 388 576 ,
411 544 437 569 in
460 543 632 570 seusibilibus
649 543 707 569 illos
728 543 826 577 spolias
840 552 845 569 :
861 551 946 577 neque

153 588 223 615 enim
241 589 300 615 lucc
322 593 365 614 tua
389 594 460 614 sunt.
483 588 535 615 Sed
560 596 610 615 non
628 588 678 615 hoc
694 589 799 622 quidem
816 588 896 621 dicit,
915 596 946 615 ne

151 636 272 667 asperior
285 639 358 661 esset
370 642 469 666 sermo,
482 634 554 661 illutn
565 642 627 660 vero
642 635 848 660 mansuetiorem
864 634 947 661 efficit

151 680 242 708 dicens
255 689 261 707 :
275 680 401 713 Quoniam
418 680 539 707 Dominus
550 681 635 713 Jcsus,
648 682 672 707 in
684 690 732 715 qua
746 686 816 707 nocte
828 682 945 708 tradeba-

151 731 206 758 tur,
227 727 324 760 accepit
348 734 447 760 panem.
467 726 498 752 Et
518 734 568 760 qua
589 726 622 753 de
644 733 722 753 causa
746 732 849 760 tempus
871 727 945 753 nobis

151 775 365 804 commemorat,
389 776 416 798 et
440 779 578 805 vesperam
605 772 674 797 illam
698 776 725 797 et
749 772 945 805 proditionem?

151 817 208 844 Non
222 817 280 844 sine
293 825 375 844 causa
388 822 414 844 et
429 818 542 849 ratione,
554 818 601 844 sed
617 822 642 843 ut
655 824 734 851 supra
749 817 857 844 modum
870 825 944 843 eoin-

152 869 281 898 pungeret
295 864 374 890 etiam
392 872 406 890 a
421 869 550 898 tempore.
566 864 677 890 Etiamsi
693 864 762 890 enim
775 863 841 897 lapis
853 864 886 890 sit
896 863 945 889 ali-

151 909 221 943 quis,
236 910 257 936 si
273 910 370 944 cogitet
385 909 456 936 illam
468 914 584 942 noctem,
598 909 730 943 quomodo
740 916 799 935 cum
810 909 945 943 discipulis

151 959 209 981 erat
224 955 309 981 tristis
322 975 328 986 ,
345 955 480 989 quomodo
496 955 610 981 traditus
624 959 663 982 est
678 976 684 987 ,
702 955 835 989 quomodo
851 956 945 990 ligatus

152 1005 178 1026 et
199 999 341 1032 abductus,
364 1001 498 1035 quomodo
521 1001 654 1034 judicatus
675 1006 726 1033 est,
749 1006 774 1027 et
795 1009 847 1035 quo
868 1007 945 1036 pacto

152 1050 247 1072 cwtcra
261 1046 352 1072 omnia
372 1046 509 1080 sequentia
526 1046 652 1080 pertulit,
668 1054 728 1073 cera
744 1047 849 1073 ntollior
862 1047 945 1074 effici-

153 1095 202 1123 tur,
219 1099 234 1118 ει
251 1097 320 1118 terra
334 1091 497 1119 abstrahitur
508 1098 532 1119 et
543 1093 576 1118 ab
588 1092 658 1118 (uniti
673 1092 750 1126 hujus
762 1092 852 1119 Sil‘Cuii
865 1092 941 1119 fastu.

152 1137 212 1164 Ideo
226 1138 316 1164 omnia
331 1138 374 1165 illa
388 1139 463 1165 nobis
477 1139 501 1165 in
517 1139 671 1165 meritoriam
686 1144 801 1171 revocat,
816 1147 862 1174 per
876 1145 943 1166 tetri-

153 1190 199 1217 pus
220 1188 247 1209 et
263 1191 382 1210 mensam
398 1189 423 1211 et
440 1184 615 1218 proditionem
633 1184 734 1219 pudore
750 1185 905 1212 suffundens
918 1190 944 1212 et

151 1229 258 1256 dicens:
271 1229 399 1257 Dominus
412 1236 470 1257 tuus
483 1231 599 1265 seipsum
610 1239 657 1266 pro
669 1238 693 1259 lc
705 1232 828 1264 tradidit;
842 1237 869 1258 tu
882 1240 944 1259 vero

150 1274 225 1302 fratri
242 1283 328 1310 neque
343 1276 431 1303 cibum
448 1276 494 1303 das
511 1284 558 1311 pro
574 1277 677 1311 teipso?

185 1321 211 1347 4.
227 1320 368 1353 Quomodo
389 1327 478 1349 autem
496 1322 560 1349 dicit
579 1330 608 1350 se
629 1323 764 1358 accepisse
777 1331 791 1351 a
810 1324 944 1351 Domino?

150 1374 238 1401 neque
250 1367 323 1394 enim
340 1373 401 1394 tunc
416 1368 524 1401 aderat,
542 1370 588 1396 sed
605 1377 638 1396 ex
655 1378 766 1397 numero
782 1378 945 1406 persequent-

151 1412 215 1439 tium
230 1419 298 1440 erat.
315 1413 349 1441 Ut
362 1414 449 1442 disc-Is
463 1416 527 1442 nihil
544 1417 601 1450 plus
616 1417 713 1444 habere
727 1418 798 1445 illam
813 1427 942 1451 rnensam,

150 1466 231 1493 quam
253 1459 299 1486 illa
312 1468 372 1495 qua:
393 1465 483 1495 postea
501 1463 557 1488 fuit.
575 1462 639 1489 Nam
654 1469 677 1489 et
696 1463 774 1490 hodie
789 1464 832 1491 ille
848 1469 888 1491 est
900 1466 943 1499 qui

151 1507 239 1532 omnia
255 1506 339 1534 efficit
354 1511 381 1534 et.
401 1508 491 1539 tradit,
516 1514 542 1535 ut
563 1514 588 1535 ct
603 1514 665 1536 tunc
692 1510 748 1537 Non
769 1511 829 1537 idco
844 1516 943 1538 tantum

151 1551 223 1578 illam
238 1557 344 1579 noctem
359 1560 570 1587 commemorat,
585 1555 631 1582 sed
650 1560 676 1582 ct
697 1561 723 1582 nt
737 1557 789 1583 alio
805 1557 883 1584 modo
898 1565 945 1584 nos

152 1602 323 1632 compungat.
344 1598 379 1625 Ut
399 1599 470 1625 enim
494 1600 598 1626 illorum
617 1601 730 1628 maxime
746 1602 888 1629 verborum
904 1610 945 1630 re-

151 1643 295 1671 cordamur
308 1665 315 1677 ,
338 1653 398 1680 qua:
414 1646 503 1672 ultima
527 1647 649 1674 audimus
665 1655 679 1674 a
694 1648 901 1682 decedentibus;
919 1655 945 1678 et

153 1689 297 1718 heredibus
308 1699 412 1724 eorum,
427 1692 448 1718 si
461 1693 575 1719 audeant
589 1694 693 1721 illorum
710 1701 843 1730 praecepta
860 1701 946 1724 trans-

153 1734 237 1768 gredi,
250 1740 278 1761 ut
290 1737 392 1770 pudore
402 1737 558 1769 afficiamus,
571 1738 683 1765 dicimus
695 1748 700 1765 :
711 1740 830 1774 Cogitate
842 1746 944 1775 patrem

155 1786 271 1808 vestrum
287 1782 356 1809 hanc
373 1783 491 1810 ultimam
512 1785 634 1811 emisisse
649 1794 740 1812 vocem
754 1807 761 1819 ,
775 1792 801 1813 et
816 1795 898 1823 usque
912 1788 944 1815 ad

154 1826 234 1860 diem,
249 1836 301 1862 qua
316 1829 499 1863 exspiraturus
513 1836 579 1862 erat,
596 1832 652 1858 lure
667 1833 835 1860 mandavisse
849 1843 854 1860 :
867 1835 905 1862 sic
919 1840 945 1862 et

152 1873 250 1900 Paulus
264 1874 326 1902 inde
338 1876 428 1902 volens
441 1876 540 1903 dictum
555 1878 618 1904 illud
634 1880 799 1906 tremendum
815 1881 926 1908 reddere
936 1899 943 1913 ,

153 1919 344 1947 liecordatnini
356 1942 364 1955 ,
381 1922 484 1957 inquit,
507 1924 577 1958 quod
595 1925 660 1951 hanc
677 1926 795 1953 ultimam
811 1928 886 1954 vobis
899 1928 946 1954 de-

152 1965 223 1993 derit
237 1968 357 2001 mysterii
372 1969 574 2003 institutionem,
587 1976 613 1998 et
627 1972 651 1998 in
667 1973 721 2006 ipsa
734 1980 820 2006 nocte,
834 1982 884 2008 qua
899 1983 946 2009 pro

154 2013 231 2040 vobis
245 2014 409 2042 occidendus
425 2021 502 2049 erat,
521 2017 577 2044 hate
594 2020 767 2053 pur-ceperit,
792 2026 818 2047 et
840 2022 946 2048 tradens

155 2058 232 2085 nobis
248 2059 319 2086 illam
335 2067 438 2087 cmnam
452 2083 458 2092 .
484 2067 542 2096 p051
559 2063 629 2089 illam
647 2072 698 2090 non
722 2066 791 2092 aliud
808 2066 944 2101 adjeccrit.

154 2104 260 2132 Deinde
276 2106 319 2132 illa
334 2115 395 2141 que
409 2113 471 2134 tunc
485 2108 551 2135 facta
569 2109 642 2137 fuere
659 2117 747 2137 narrat
764 2123 770 2139 :
787 2113 887 2147 Accepit
902 2122 946 2147 pu-

153 2160 210 2178 nem
221 2172 228 2183 ,
246 2158 270 2178 ει
283 2161 339 2179 cum
353 2155 447 2188 gratias
459 2156 547 2190 egisset
559 2177 565 2187 ,
588 2158 661 2192 fregit
680 2163 702 2183 cl
724 2159 786 2185 dixit
799 2167 806 2185 :
818 2159 944 2194 Accipite,

154 2197 324 2230 manducata;
338 2199 384 2225 hoc
400 2205 434 2226 est
447 2209 538 2235 corpus
556 2211 635 2228 meum
651 2204 717 2237 quod
732 2212 777 2239 pro
791 2205 858 2231 vobis
873 2208 946 2239 fruu—

153 2244 231 2278 gitur.
249 2244 278 2271 Si
295 2252 360 2279 ergo
375 2251 481 2280 propter
494 2247 680 2274 eucharistiam
703 2250 824 2281 accedis,
843 2256 867 2277 tu
884 2252 947 2278 nihil

154 2289 326 2316 eucharistia:
349 2291 484 2326 indignum
510 2294 597 2323 facito,
623 2302 707 2328 neque
732 2295 832 2329 pudore
848 2297 947 2324 afficias

156 2335 263 2363 fratrem
275 2356 283 2369 ,
299 2345 349 2364 nec
365 2339 524 2365 esurientem
540 2340 687 2374 despicias,
704 2349 736 2368 ne
751 2342 898 2376 inebriet-is,
916 2351 948 2370 ne

157 2381 305 2409 Ecclesium
321 2385 479 2411 contumelia
497 2385 606 2411 afficias.
626 2387 737 2413 Acccdis
755 2389 851 2421 gratias
868 2397 948 2423 agens

157 2436 203 2461 pro
218 2428 249 2455 iis
265 2437 325 2462 qua:
340 2431 464 2464 accepisti
481 2440 486 2457 ;
500 2439 562 2465 ergo
577 2438 602 2458 et
620 2438 645 2458 tu
662 2433 744 2459 vicem
759 2435 884 2468 repende,
902 2443 949 2462 ne—

156 2482 206 2508 que
224 2479 249 2501 te
265 2475 409 2502 abscindas
423 2485 436 2502 a
452 2479 583 2511 proximo.
601 2479 702 2515 Etenim
719 2480 840 2507 (lin-istas
859 2483 946 2508 omni-

156 2520 204 2546 bus
228 2521 369 2555 mqualiter
390 2522 460 2549 dedit
484 2523 586 2557 dicens,
610 2526 730 2560 Accipite,
752 2529 880 2554 conictfitr.
904 2530 949 2556 llle

156 2573 254 2600 corpus
268 2567 408 2601 :cqualiter
422 2568 494 2595 dedit
508 2578 514 2601 ;
539 2575 564 2596 tu
582 2579 644 2598 vero
659 2581 691 2598 ne
707 2581 874 2600 communem
890 2576 949 2609 qui-

156 2612 215 2638 dem
227 2620 325 2647 panem
339 2614 477 2647 aequaliter
486 2616 549 2642 das?
562 2625 621 2644 nam
635 2627 681 2652 pro
693 2621 816 2647 omnibus
829 2623 949 2650 similiter

158 2658 269 2685 fractum
286 2663 338 2692 est,
353 2664 379 2686 et
392 2668 423 2687 ex
435 2669 511 2696 mquo
524 2662 572 2690 fuit
584 2671 680 2699 corpus
696 2674 741 2699 pro
756 2668 890 2695 clunibus.
902 2670 946 2697 ‘25.

157 2703 281 2732 Similiter
300 2710 324 2732 et
340 2707 460 2739 calicem,
478 2714 608 2744 postquam
628 2713 732 2738 coenavit
745 2733 751 2745 ,
778 2714 862 2741 (licens
878 2723 886 2742 :
902 2716 950 2742 llic

156 2752 223 2777 culi:
236 2760 329 2778 nouum
345 2757 520 2781 testamentum
533 2761 568 2783 est
584 2757 610 2783 in
624 2766 678 2783 meo
694 2760 815 2793 sanguine
827 2769 835 2786 :
847 2762 893 2787 hoc
907 2765 948 2796 fu-

156 2796 211 2827 tile,
230 2798 438 2832 quotiescumque
450 2799 574 2834 biberitis,
593 2803 618 2829 in
638 2812 716 2830 nteant
732 2809 948 2834 commemoratio-

158 2850 219 2871 nem.
235 2844 304 2878 Quid
321 2844 409 2871 dicis?
425 2850 705 2877 commemorationem
720 2851 817 2878 Christi
832 2852 903 2890 facis,
920 2860 947 2881 et

319 2900 457 2932 Pt'mOL.
482 2904 539 2934 Gtt.
563 2905 641 2936 LXI.

656 115 690 145 ΙΝ
709 115 816 145 EPIST.
837 116 848 143 l
880 115 927 143 AD
945 114 1023 143 (ΞΟΠ.
1045 115 1162 144 HOMIL.
1184 117 1290 145 XXVII.

1739 120 1793 149 2'50

1010 180 1142 209 pauperes
1155 175 1287 209 despicis,
1305 183 1353 204 nec
1368 176 1555 206 tax-horrescis?
1577 180 1629 207 Sed
1650 181 1671 207 si
1688 180 1735 208 ﬁlii
1752 188 1800 209 aut

1005 218 1097 247 fratris
1121 222 1218 248 mortui
1242 225 1524 252 commemorationem
1550 225 1652 254 faceres
1667 248 1674 259 ,
1697 235 1712 255 a
1737 234 1800 254 enn-

1003 265 1115 293 scientia
1130 269 1285 301 punget-eris
1297 290 1304 301 ,
1318 269 1339 296 si
1355 277 1406 296 nou
1423 278 1524 298 morem
1541 277 1670 307 sequutus
1683 279 1758 301 esses
1774 278 1801 300 et

1003 318 1135 346 pauperes
1148 314 1298 342 vocavisscs
1312 325 1317 341 :
1329 323 1389 343 cum
1402 321 1490 344 autem
1505 317 1608 345 Domini
1624 319 1659 346 tai
1675 325 1799 347 comme-

1002 358 1180 385 morationem
1202 359 1266 386 facis
1276 382 1283 392 ,
1300 368 1387 395 neque
1410 370 1508 390 mensa:
1522 364 1617 391 saltem
1632 367 1795 394 consortium

1001 401 1060 429 das.
1076 403 1143 436 Quid
1159 412 1221 431 vero
1236 405 1286 432 sibi
1299 406 1353 433 vult
1368 407 1431 434 illud
1445 416 1451 433 :
1467 407 1516 435 Hic
1531 409 1598 436 calin;
1613 418 1705 437 notum
1720 415 1791 438 testa-

1000 454 1111 475 mentum
1136 451 1200 477 est?
1223 450 1328 478 Veteris
1356 453 1427 480 enim
1453 455 1604 482 testamenti
1627 456 1694 484 calix
1718 463 1793 484 erant

1000 494 1127 522 libamina
1140 502 1166 523 et
1180 498 1288 532 sanguis
1302 498 1439 526 brutorum
1454 509 1460 526 :
1474 505 1613 535 postquam
1626 502 1696 529 enim
1710 504 1794 530 sacri-

1000 540 1153 574 ficaverunt,
1165 542 1190 568 iu
1205 543 1286 570 calice
1301 548 1327 570 et
1343 543 1429 578 phiala
1443 546 1598 580 sanguinem
1615 548 1792 582 excipientes,

999 587 1039 613 sic
1065 587 1193 615 libabant.
1219 588 1286 622 Quia
1313 590 1394 624 igitur
1417 599 1464 625 pro
1498 594 1626 627 sanguine
1653 594 1793 622 hrutorum

999 633 1154 667 sanguinem
1175 641 1251 661 suum
1280 635 1401 667 induxit;
1426 644 1459 664 ne
1484 638 1544 672 quis
1565 639 1716 667 turbaretur
1743 640 1794 669 hoc

998 677 1120 711 audiens,
1130 679 1155 706 in
1163 680 1319 707 memoriam
1327 681 1541 710 revocavitvetus
1548 683 1609 711 illud
1620 686 1792 713 sacriﬁcium.

999 722 1101 750 Deinde
1115 724 1148 751 de
1160 732 1236 752 coena
1248 726 1291 753 illa
1307 726 1442 761 loquutus,
1454 728 1596 763 prmsentia
1612 730 1644 758 iis
1658 738 1717 765 quae
1730 737 1793 759 tunc

998 774 1075 796 erant
1089 770 1227 805 conjungit
1240 780 1245 797 :
1260 777 1289 798 ut
1304 773 1379 807 quasi
1395 773 1421 800 in
1440 773 1485 800 illa
1500 782 1610 809 vespera
1620 796 1627 808 ,
1646 776 1671 802 in
1686 776 1794 804 eodem-

998 822 1051 848 que
1065 820 1149 843 strato
1164 817 1362 851 rccumbentes,
1374 819 1444 846 etab
1457 820 1515 855 ipso
1528 820 1635 848 Christo
1647 822 1698 849 hoc
1711 823 1794 850 sacri-

999 860 1089 887 ficium
1110 862 1273 896 accipientes
1285 884 1291 895 ,
1315 864 1349 891 ita
1373 869 1401 892 et
1425 873 1496 893 nunc
1511 866 1676 899 afficiantur;
1693 873 1720 895 et
1735 868 1792 896 ait:

998 905 1042 933 26.
1062 906 1271 943 Quotiescumque
1285 910 1352 936 enim
1372 911 1556 939 ntanducabitis
1571 920 1661 947 panem
1677 914 1754 947 hunc,
1769 921 1793 942 et

997 952 1101 979 calicem
1118 953 1222 987 bibetis,
1247 960 1351 982 mortem
1374 956 1480 984 Domini
1498 959 1695 992 annuntiabitis,
1714 960 1793 988 donec

997 997 1091 1024 ueniat.
1105 998 1180 1026 Sicut
1192 1000 1262 1027 enim
1276 1000 1302 1027 in
1319 1008 1387 1035 pane
1401 1006 1428 1029 et
1441 1002 1467 1029 in
1481 1003 1565 1031 calice
1578 1003 1645 1032 dixit
1657 1005 1791 1040 Christus,

1000 1043 1055 1070 lloc
1068 1044 1145 1078 facite
1163 1045 1189 1072 in
1209 1055 1289 1073 meum
1305 1050 1578 1084 commemorationem,
1595 1058 1700 1079 causam
1716 1053 1792 1081 nobis

996 1089 1120 1122 aperiens
1131 1089 1184 1117 dati
1198 1092 1330 1127 mysterii,
1344 1098 1370 1119 et
1382 1101 1443 1120 cum
1457 1094 1516 1122 aliis
1530 1094 1581 1122 hoc
1594 1096 1673 1123 etiam
1688 1097 1790 1131 dicens,

999 1134 1083 1169 ipsam
1101 1136 1177 1163 nobis
1191 1138 1256 1164 satis
1270 1145 1329 1165 esse
1344 1138 1376 1165 ad
1391 1139 1497 1173 pietatis
1512 1146 1697 1175 argumentum
1711 1152 1718 1170 :
1730 1151 1790 1171 cum

996 1180 1067 1206 enim
1090 1181 1251 1215 cogitaveris
1273 1183 1337 1217 quid
1359 1184 1487 1212 Dominus
1506 1190 1568 1213 tuus
1589 1187 1624 1214 sit
1648 1195 1791 1223 perpessus

997 1229 1106 1259 propter
1119 1229 1156 1257 te,
1171 1227 1256 1262 magis
1271 1228 1445 1263 philosophus
1458 1231 1513 1259 eris
1525 1239 1531 1259 :
1544 1232 1583 1259 sic
1595 1237 1622 1259 et
1637 1233 1735 1261 Paulus
1748 1234 1792 1263 hic

997 1270 1046 1304 ait,
1062 1271 1272 1308 Quotiescumque
1285 1274 1488 1309 manducabitia,
1504 1282 1610 1304 mortem
1623 1278 1678 1313 ejus
1692 1287 1792 1307 annuu-

997 1316 1101 1343 tiufiitts.
1114 1316 1148 1344 Et
1160 1317 1217 1345 lucc
1227 1323 1269 1346 cst
1281 1319 1324 1346 illa
1336 1327 1422 1347 coma.
1435 1320 1535 1349 Deinde
1545 1330 1605 1350 cum
1618 1325 1789 1360 ostendisset,

997 1362 1068 1395 quod
1090 1369 1173 1397 usque
1193 1363 1227 1404 ad
1247 1366 1505 1394 consummationem
1529 1367 1573 1395 illa
1594 1374 1715 1399 maneat.
1738 1372 1789 1405 ait,

997 1406 1085 1435 Donec
1097 1409 1189 1436 veniat.
1205 1400 1250 1436 27.
1267 1409 1359 1444 Itaque
1373 1412 1526 1448 quicumque
1539 1414 1728 1443 manducauerit
1746 1425 1790 1452 pa-

996 1460 1056 1481 nem
1066 1454 1134 1481 hunc
1146 1454 1185 1481 uel
1199 1455 1288 1482 biberit
1299 1455 1404 1483 calicum
1418 1457 1520 1485 Domini
1540 1459 1657 1495 indigne,
1672 1470 1730 1489 reus
1743 1463 1790 1489 erit

995 1499 1110 1534 corporis
1122 1504 1146 1526 ct
1161 1501 1292 1536 sanguinis
1306 1501 1419 1529 Domini.
1437 1503 1548 1537 Quare?
1563 1506 1629 1538 Quia
1651 1508 1743 1535 efl'udit
1757 1509 1791 1536 il-

996 1544 1062 1578 lum,
1077 1549 1104 1572 et
1117 1553 1148 1573 ea
1163 1553 1207 1573 res
1220 1548 1410 1575 mactationem
1423 1550 1553 1583 exhibuit,
1570 1559 1622 1579 non
1636 1552 1690 1587 jam
1705 1555 1790 1582 sacri-

997 1589 1096 1617 ﬁcium.
1113 1590 1149 1618 Ut
1162 1598 1226 1627 ergo
1242 1596 1306 1619 tunc
1324 1593 1368 1627 qui
1385 1594 1590 1631 transfixorum,
1607 1605 1660 1625 non
1676 1603 1704 1626 ut
1717 1600 1791 1629 bibe-

997 1640 1057 1663 rent
1071 1636 1263 1665 transfixerunt
1273 1658 1280 1672 ,
1295 1638 1342 1666 sed
1356 1643 1385 1666 ut
1404 1640 1591 1670 effunderent:
1604 1643 1639 1670 ita
1654 1644 1732 1672 etiam
1746 1647 1791 1681 qui

998 1680 1106 1717 indigne
1120 1683 1278 1718 participat,
1294 1690 1321 1712 et
1335 1685 1402 1713 nihil
1416 1686 1479 1715 hinc
1491 1687 1593 1717 fruetus
1607 1691 1731 1726 percipit.
1747 1680 1792 1720 Vi-

997 1727 1058 1755 deu‘
1080 1736 1160 1763 quam
1186 1730 1332 1758 terribilem
1356 1739 1510 1762 sermonem
1532 1734 1636 1770 fecerit,
1661 1743 1689 1765 et
1713 1747 1791 1774 quam
1837 1760 1840 1763 «

997 1773 1086 1801 valide
1100 1774 1160 1801 illos
1175 1777 1371 1810 perstrinxerit,
1388 1780 1533 1808 ostendens
1548 1783 1619 1816 quod
1635 1784 1655 1811 si
1671 1785 1710 1812 sic
1721 1773 1792 1814 bibi-

1000 1819 1052 1846 turi
1066 1819 1128 1852 sint,
1145 1820 1253 1856 indigne
1266 1822 1320 1850 sint
1333 1825 1530 1859 propositorum
1545 1819 1708 1864 participes?
1720 1832 1792 1865 Quo-

1001 1864 1082 1891 modo
1093 1865 1165 1892 enim
1181 1873 1233 1894 non
1248 1867 1355 1903 indigne
1368 1870 1412 1904 qui
1426 1870 1540 1905 despicit
1553 1864 1789 1913 esurientempqui

997 1909 1173 1945 despicienda
1187 1912 1290 1947 pudore
1305 1914 1450 1943 suffundit?
1465 1917 1529 1944 Nam
1545 1919 1565 1946 si
1580 1927 1632 1947 non
1647 1921 1711 1950 dare
1727 1909 1792 1958 pziu-

999 1955 1108 1989 perihus
1122 1956 1197 1991 ejieit
1216 1965 1249 1985 ex
1271 1966 1354 1994 regno
1374 1962 1520 1995 caelorum,
1542 1965 1623 1992 etiam
1645 1967 1667 1994 si
1686 1955 1737 2002 qua
1758 1971 1792 1996 sit

1001 2000 1095 2036 virgo;
1112 2001 1167 2029 imo
1178 2003 1260 2030 etiam
1273 2004 1295 2031 si
1310 2012 1364 2032 non
1377 2006 1487 2041 largiter
1496 2008 1589 2042 detur;
1605 2017 1664 2038 nam
1678 2000 1728 2039 illm
1741 2015 1792 2041 vir-

999 2047 1074 2082 gines
1089 2047 1178 2076 oleum
1200 2048 1355 2084 habebant,
1371 2051 1419 2079 sed
1433 2060 1486 2080 uoti
1508 2054 1617 2090 largiter
1636 2056 1769 2087 habebant
1783 2070 1790 2088 :

1000 2098 1054 2120 tam
1070 2094 1154 2121 multa
1169 2094 1284 2124 absurda
1300 2096 1412 2130 fecisse,
1428 2099 1512 2135 cogita
1529 2106 1656 2136 quantum
1672 2106 1722 2131 erit
1737 2114 1793 2132 ma-

1000 2139 1066 2166 lum.

1035 2185 1062 2212 5.
1081 2185 1146 2218 Quae
1168 2185 1293 2220 absurda,
1315 2187 1417 2223 inquit?
1437 2189 1505 2224 Quid
1528 2191 1612 2226 dicis,
1634 2194 1721 2229 qualia
1742 2197 1791 2224 ab-

1000 2230 1100 2257 surda?
1113 2230 1185 2259 Talis
1198 2239 1298 2260 mensae
1312 2234 1444 2270 particeps
1458 2236 1545 2271 fuisti,
1560 2243 1587 2266 et
1599 2247 1658 2267 cum
1671 2243 1789 2270 onmium

1001 2276 1158 2303 mitissimus
1177 2284 1238 2305 esse
1258 2277 1396 2307 debuisses
1417 2287 1444 2308 et
1465 2289 1513 2316 par
1533 2285 1651 2319 angelis,
1671 2288 1789 2316 omnium

1000 2321 1200 2349 crudelissimus
1218 2323 1328 2351 effectus
1343 2332 1382 2352 es.
1397 2326 1514 2354 Gustasti
1530 2331 1684 2365 sanguinem
1701 2333 1790 2361 Domi-

1001 2368 1090 2395 nicum
1102 2388 1109 2400 ,
1123 2372 1150 2395 et
1165 2376 1251 2403 neque
1265 2370 1374 2398 fratrem
1390 2372 1425 2399 ita
1439 2375 1578 2408 agnoscis;
1594 2381 1620 2403 et
1634 2386 1683 2412 qua
1697 2379 1792 2415 dignus

1000 2420 1078 2441 venia
1101 2413 1203 2441 fueris?
1226 2414 1390 2451 Quamquam
1415 2419 1464 2445 etsi
1490 2426 1568 2448 antea
1595 2413 1753 2458 ignorabas,
1775 2434 1789 2454 a

1001 2465 1093 2485 mensa
1109 2458 1182 2485 illum
1196 2466 1343 2494 agnoscere
1355 2463 1473 2497 oportuit
1489 2473 1495 2490 :
1512 2473 1582 2493 nunc
1601 2471 1690 2496 autem
1706 2469 1789 2504 ipsam

1001 2504 1081 2531 etiam
1095 2512 1215 2532 mensam
1228 2505 1384 2540 dedecoras,
1400 2508 1462 2535 dum
1477 2510 1550 2537 illum
1562 2512 1607 2546 qui
1618 2513 1739 2548 dignatus
1752 2521 1794 2543 est

1002 2549 1072 2577 illius
1095 2551 1227 2586 particeps
1246 2551 1315 2585 ﬁeri,
1337 2561 1370 2581 ne
1395 2555 1460 2582 cibis
1482 2557 1588 2591 quidem
1611 2560 1663 2587 tuis
1682 2561 1791 2597 dignum

1002 2596 1151 2623 existimas.
1168 2597 1224 2624 Non
1239 2598 1336 2626 audisti
1349 2605 1446 2635 quanta
1458 2610 1550 2636 passus
1564 2609 1606 2632 est
1620 2606 1664 2634 ille
1675 2596 1719 2642 qui
1730 2616 1793 2637 cen-

1003 2645 1059 2667 tum
1073 2641 1197 2670 deuarios
1215 2643 1357 2679 exigebat?
1371 2647 1505 2680 quomodo
1525 2649 1576 2677 sibi
1596 2641 1724 2681 collatum
1743 2655 1794 2682 do-

1003 2693 1065 2712 num
1083 2686 1186 2714 irritum
1201 2687 1310 2716 fecerit?
1326 2698 1378 2718 non
1389 2693 1489 2727 cogitas
1499 2695 1558 2728 quis
1568 2703 1629 2724 cum
1640 2705 1723 2732 esses,
1734 2700 1794 2735 quis

1002 2730 1113 2758 effcetus
1133 2731 1235 2760 fueris?
1256 2742 1310 2762 non
1333 2736 1483 2766 recordaris
1502 2743 1529 2766 te
1552 2740 1604 2769 hoc
1626 2743 1651 2770 in
1674 2730 1793 2778 pecuniis

1003 2783 1121 2824 paupere
1132 2777 1210 2813 longe
1223 2778 1305 2808 fuisse
1318 2783 1503 2817 pauperiorem
1520 2786 1545 2812 in
1560 2786 1636 2814 bouis
1650 2777 1792 2824 operibus,

1005 2829 1066 2850 cum
1078 2823 1150 2851 mille
1161 2826 1276 2859 peccatis
1292 2826 1387 2861 plenus
1401 2829 1494 2856 esses?
1508 2830 1631 2859 Attamen
1642 2833 1675 2859 al)
1686 2832 1726 2859 his
1736 2823 1791 2861 om.

1009 2869 1085 2897 nibus
1106 2874 1131 2898 te
1148 2870 1271 2899 liberavit
1293 2873 1372 2909 Deus,
1392 2880 1471 2910 teque
1494 2875 1537 2905 tali
1558 2884 1650 2905 mensa
1672 2877 1793 2912 dignatus

1593 2923 1629 2954 l5
