2046 3114
277 116 307 144 ῃ
599 112 627 138 S.
650 113 790 140 JUANMS
810 111 1050 140 CllRYSOSTOMI
1071 112 1226 143 AltClllEP.
1246 115 1511 146 OONSTANTlNOP.

252 172 314 195 est:
328 171 356 195 tu
379 173 442 194 vero
466 173 499 194 ne
524 166 562 194 sic
584 167 692 201 quidem
720 167 858 201 benignior
884 167 996 194 elfectus
1009 177 1048 196 es.

255 212 348 249 Itaque
364 213 429 241 nihil
453 213 525 240 aliud
552 218 646 246 "Sal-'11,
662 221 742 248 quam
759 218 787 240 ιιι
803 214 915 241 tradat-is
939 216 1046 242 tortori-

254 259 318 287 bus.
340 259 402 286 lltcc
416 260 496 287 verba
510 267 558 286 nos
574 266 681 293 quoque
697 266 791 286 omnes
806 260 957 292 audiamus,
971 265 1049 295 qunt-

256 310 321 342 quot
335 313 395 334 eum
410 305 572 341 pauperibus
585 305 618 332 ad
635 311 739 331 sacram
757 305 825 332 hanc
842 314 856 331 ιι
868 313 960 333 ensam
975 314 1052 334 acce-

255 353 356 381 dimus.
370 351 529 380 Hincautem
541 351 654 386 egressi,
663 358 696 378 ne
709 350 770 378 illos
781 351 887 386 quidem
902 353 1052 387 respexisse

256 400 386 428 ridemur.
400 398 447 426 sed
463 403 490 426 et
502 398 568 424 ebrii
581 405 675 425 sumus
687 401 714 425 ct
728 398 879 425 esurientes
893 404 1052 432 praetercur-

256 446 424 480 rimus:qua
442 445 476 472 de
497 452 525 471 re
545 449 608 472 tunc
626 443 760 472 Corinthii
781 446 988 472 accusabantur.
1019 446 1051 473 Et

255 491 437 527 quandonam,
450 491 564 526 inquies,
581 491 632 518 hoc
656 491 703 518 fit?
718 491 833 526 Semper
847 491 966 526 quidem,
982 499 1052 526 pra:-

255 537 334 573 cipue
354 544 419 564 vero
441 537 467 563 in
490 537 585 564 diebus
609 536 695 570 festis,
710 544 770 564 eum
794 539 913 566 maxime
929 538 984 565 lteri
998 546 1051 566 non

254 591 403 622 oporteret.
417 587 493 615 Tunc
504 587 577 614 enim
593 590 654 621 post
665 587 883 615 communionem
897 587 988 614 statim
1003 595 1052 616 ex-

253 634 320 668 ripil
332 634 450 662 ebrietas
465 637 492 661 et
507 641 654 668 pauperum
670 638 842 668 contemptus
856 638 898 661 :et
911 638 1052 669 postquam

254 680 411 715 sanguinem
428 679 564 714 recepisti,
579 687 640 707 cttm
662 679 758 715 jejunii
780 680 825 707 tibi
852 685 956 715 tempus
970 686 1012 708 est
1026 684 1053 709 et

256 727 424 760 sobrietatis,
440 725 618 753 debarcltaris
639 730 666 753 et
692 726 861 753 comessaris.
888 726 920 753 lit
943 726 966 753 si
990 726 1052 761 quid

256 773 318 800 boni
335 772 487 808 perceperis
500 772 527 799 in
541 771 664 807 prandio,
681 779 760 799 caves
780 779 812 799 ne
827 771 881 799 alio
896 779 977 806 pravo
992 771 1053 800 cibo

255 819 372 852 priorem
393 818 558 845 labefactes:
575 825 636 845 cum
658 822 747 844 autent
773 817 942 851 spiritualem
962 818 1051 845 cibum

256 866 402 899 acceperis,
415 866 547 892 satanicas
559 865 662 892 inducis
675 864 796 892 delicias.
809 865 899 900 Cogita
912 866 957 900 qni
968 866 974 892 l
985 873 1051 900 apo-

254 911 316 938 stoli
333 911 455 943 fecerint,
471 918 532 938 cum
550 910 608 937 illas
632 918 723 938 sacras
741 911 926 944 percepissent
940 918 1050 938 ctenas:

256 965 346 985 nnnre
365 957 397 984 ad
420 957 568 985 oralionem
592 956 820 984 convcrtchantur
843 963 869 984 et
885 957 917 984 ad
939 957 1052 994 hymnos

255 1006 451 1034 Celebrandos?
468 1013 519 1032 non
533 1013 556 1032 te
574 1005 607 1032 ad
632 1013 707 1033 sacra
730 1005 889 1040 pervigilia?
914 1013 1003 1033 nonne
1018 1006 1052 1032 ad

256 1053 404 1081 doctrinam
422 1053 538 1087 longam.
556 1060 615 1087 qna-
631 1060 725 1087 magna
752 1052 828 1087 plena
851 1058 908 1080 erat
933 1053 1052 1088 philoso-

255 1100 336 1134 phia?
354 1107 448 1135 magna
464 1100 564 1134 quippe
578 1104 606 1126 et
621 1099 752 1126 mirabilia
769 1103 832 1125 tunc
851 1099 889 1126 illi
908 1100 1055 1128 enarrabat

254 1150 282 1172 et
297 1146 482 1179 przecipiebat,
497 1145 657 1172 abscedente
680 1143 760 1177 Iuda,
774 1145 806 1171 ad
831 1145 968 1173 vocandus
991 1146 1052 1174 Illos

255 1192 299 1225 qui
314 1192 400 1226 ipsum
417 1191 442 1218 in
458 1199 565 1219 crucem
589 1191 675 1218 acturi
690 1195 778 1218 erant.
800 1191 856 1218 Non
873 1191 969 1218 audisti
985 1200 1052 1227 quo-

254 1237 336 1265 modo
346 1237 390 1264 illa
403 1238 452 1264 tria
466 1237 549 1264 millia
564 1235 714 1269 hominum,
727 1237 771 1270 qni
784 1237 981 1265 communionis
993 1245 1052 1273 par-

255 1282 349 1318 ticipes
372 1287 460 1316 erant,
476 1290 584 1317 semper
608 1282 817 1316 perseverabant
840 1283 865 1310 in
887 1284 1009 1312 oratione
1024 1289 1051 1312 et

255 1329 282 1356 in
296 1329 428 1362 doctrina,
439 1336 490 1356 non
504 1329 531 1356 in
542 1329 728 1359 ebrietatibus.
742 1337 794 1356 non
810 1329 835 1356 iu
847 1331 1051 1358 cntnessationi-

254 1375 321 1402 ltus?
336 1376 374 1403 Tu
388 1384 451 1403 vero
461 1381 602 1411 antequam
617 1376 747 1410 percipias
760 1376 880 1410 quidem,
894 1376 1010 1410 jejuuas,
1024 1382 1052 1405 ut

254 1422 505 1457 qunmodocmnque
520 1423 617 1457 dignus
642 1423 834 1450 comnmnione
859 1423 988 1456 videaris,
1006 1423 1049 1450 tibi

255 1472 345 1494 autem
358 1468 511 1501 percepisti.
523 1476 583 1494 cum
598 1472 734 1502 oporteret
746 1473 771 1495 te
783 1468 986 1503 temperantiam
1001 1476 1047 1495 ar-

254 1519 329 1546 gere,
342 1512 430 1539 omnia
445 1513 544 1547 perdis.
563 1514 641 1547 Atqui
657 1521 708 1540 non
724 1521 772 1546 par
785 1521 830 1541 res
841 1519 882 1541 est
893 1519 970 1541 antea
981 1515 1044 1549 jeju-

255 1565 331 1590 narc,
348 1562 375 1584 et
388 1563 480 1592 postea
494 1567 500 1584 :
514 1559 540 1585 in
554 1564 667 1593 utroque
682 1559 752 1586 eniut
766 1564 887 1593 tempore
898 1565 1050 1594 temperan-

254 1608 309 1629 tem
324 1611 385 1631 esse
398 1608 515 1638 oportet,
532 1604 648 1632 maxime
671 1613 735 1632 vero
759 1611 898 1639 posuptant
921 1614 1049 1640 sponsum

253 1649 382 1684 excepisti
397 1654 490 1676 :antea
512 1650 634 1682 quidem.
651 1655 679 1676 nt
692 1650 788 1685 dignus
803 1651 841 1677 sis
855 1652 897 1684 qui
914 1651 1047 1685 accipias;

252 1694 345 1724 postea
362 1697 436 1722 vero,
451 1697 485 1716 ne
499 1690 622 1724 indignus
637 1689 752 1716 videaris
773 1689 806 1717 iis
825 1696 886 1724 qua:
904 1691 1042 1725 accepisti.

251 1735 319 1768 Quid
335 1742 409 1770 ergo,
425 1734 634 1770 jejunandumnc
653 1739 693 1762 est
714 1739 855 1770 postquam
878 1735 1044 1769 acceperim?

251 1780 309 1808 Non
325 1780 376 1807 hoc
391 1780 468 1813 dico,
485 1787 571 1815 neque
592 1784 617 1808 te
638 1787 714 1815 cogo.
738 1780 840 1808 Bonum
862 1779 969 1814 quidem
993 1780 1044 1807 hoc

251 1834 356 1861 quoque
368 1831 453 1858 esset;
470 1834 561 1854 verum
574 1833 626 1853 non
639 1827 690 1853 vim
703 1826 798 1858 infero,
813 1825 860 1853 sed
872 1825 999 1853 adhortor
1011 1834 1044 1854 ne

253 1878 278 1899 te
287 1871 390 1900 deliciis
400 1870 510 1906 impleas
520 1876 594 1899 extra
607 1879 768 1899 tl)t‘.ll~Ul'alll.
780 1871 807 1898 Si
818 1872 888 1899 enim
900 1880 1043 1907 numquam

251 1921 372 1952 oporteat
383 1916 517 1949 deliciari;
530 1916 581 1944 hnc
592 1917 662 1944 enim
674 1917 818 1944 declaravit
833 1917 931 1945 Paulus
940 1918 1041 1952 dicens,

253 1962 316 1995 Qua:
329 1967 412 1989 autent
424 1962 448 1988 in
459 1962 556 1989 deliciis
570 1966 617 1995 est,
638 1963 720 1989 vivens
742 1968 841 1989 mortua
860 1968 895 1990 est
916 1963 952 1997 (1.
975 1963 1040 1990 Tim.

250 2009 276 2035 5.
294 2008 337 2043 6);
352 2008 436 2035 multo
450 2007 534 2042 magis
548 2004 611 2035 tunc
626 2009 764 2036 morietur.
782 2008 810 2036 Si
833 2014 922 2036 autent
940 2009 1042 2037 delicia:

251 2061 323 2081 mors
335 2057 397 2081 sunt
410 2053 528 2085 mulieri,
543 2054 627 2081 multo
642 2054 726 2089 magis
742 2054 815 2087 viro;
830 2059 857 2082 et
871 2055 893 2082 si
906 2055 959 2082 alio
974 2060 1042 2083 tem-

250 2106 314 2133 pore
334 2098 437 2126 deliciae
459 2098 582 2133 perdunt,
597 2099 683 2126 multo
704 2100 787 2134 magis
809 2105 868 2134 post
889 2105 1040 2135 perceptam

249 2144 439 2179 mysteriorum
467 2143 693 2171 communionem.
720 2143 760 2171 Tu
781 2149 871 2172 autem
893 2153 961 2180 pane
981 2146 1042 2174 vita:

249 2193 370 2224 accepto,
387 2196 443 2216 rem
457 2193 543 2215 morte
555 2188 661 2223 dignam
677 2188 752 2221 facis,
768 2194 795 2217 et
815 2197 867 2217 non
888 2190 1041 2218 horrescis?

250 2235 340 2262 nescis
352 2241 431 2270 quam
445 2234 527 2261 multa
541 2234 609 2262 tnala
622 2242 654 2262 ex
666 2234 769 2262 deliciis
780 2235 957 2264 inducantur?
973 2237 1042 2264 risus

251 2279 454 2315 intempestivus
467 2300 473 2313 .
496 2280 630 2308 incondita
645 2281 736 2314 verba,
753 2282 899 2309 scurrilitas
914 2283 1040 2318 perniciei

251 2327 341 2362 plena,
360 2334 436 2362 nugae
456 2326 563 2354 inutiles
585 2331 612 2354 et
634 2327 684 2354 alia
703 2335 762 2362 qua:
777 2329 866 2357 nefas
881 2329 987 2365 quidem
1002 2336 1043 2358 est

251 2372 352 2400 dicere.
375 2372 407 2399 Et
424 2371 481 2400 haec
500 2372 565 2400 facis
588 2377 726 2408 postquam
746 2373 779 2401 ad
801 2373 900 2402 Christi
920 2382 1040 2403 mensam

251 2423 382 2453 exceptus
402 2417 490 2450 fuisti,
512 2417 560 2445 illo
572 2417 617 2445 die
635 2426 688 2453 quo
706 2418 830 2454 dignatus
853 2419 925 2447 fuisti
947 2428 1042 2449 carnes

251 2464 309 2499 ejus
325 2464 411 2499 lingua
426 2468 542 2499 tangere.
557 2463 683 2499 Quisquis
695 2471 760 2499 ergo
774 2464 820 2498 sis,
837 2472 871 2493 ne
884 2465 942 2493 hinc
957 2466 1018 2494 tiant
1032 2485 1040 2500 ,

1841 131 1899 159 23?.

1102 183 1217 212 expurga
1233 177 1370 206 dexteram
1385 183 1468 213 tuam,
1481 179 1608 216 linguam,
1624 180 1703 213 labia.
1719 190 1778 218 qua:
1793 183 1898 219 ingres.

1102 222 1142 249 sui
1155 223 1255 250 Christi
1269 224 1399 252 vestibula
1414 226 1502 258 fuere;
1519 231 1545 254 et
1557 228 1678 262 apposita
1697 236 1790 257 mensa
1803 231 1894 257 sensi-

1103 266 1157 299 bilt,
1173 268 1206 294 ad
1226 268 1298 296 illam
1319 277 1440 298 mensam
1459 276 1576 299 mentem
1590 273 1718 308 intende,
1736 274 1770 302 ad
1792 283 1898 304 (mnam

1103 313 1278 348 Dominicam,
1290 316 1323 343 ad
1335 317 1437 352 vigilias
1449 318 1642 353 discipulorum
1657 320 1700 347 illa
1711 328 1787 348 sacra
1801 327 1897 356 nocte;

1101 358 1156 386 imo
1169 367 1234 387 vero
1244 380 1251 392 ,
1271 361 1292 387 si
1308 362 1368 396 quis
1382 368 1507 391 accurate
1526 365 1734 400 examinaverit,
1754 369 1897 401 praesentia

1101 412 1154 433 nox
1163 410 1236 433 sunt.
1249 406 1395 441 Vigilemus
1404 416 1468 444 ergo
1477 417 1537 437 cum
1550 411 1672 446 Domino,
1684 420 1898 449 compungamnr

1099 457 1160 478 cum
1184 451 1332 487 discipulis.
1354 453 1467 482 Prccum
1487 461 1592 491 tempus
1605 462 1663 490 est,
1679 466 1731 486 tton
1747 458 1896 493 ebrietatis,

1100 504 1205 532 semper
1217 498 1335 532 quidem,
1350 501 1468 528 maxime
1480 506 1570 529 autem
1587 503 1613 530 in
1624 503 1668 531 die
1683 503 1762 532 festo.
1779 505 1841 533 Dies
1855 505 1896 533 fe-

1099 546 1156 569 stus
1169 543 1240 570 enim
1256 544 1315 572 ideo
1328 545 1463 574 institutus
1475 552 1526 581 est,
1539 555 1592 576 non
1604 554 1632 576 ut
1648 550 1761 585 turpiter
1773 559 1895 586 agamus,

1101 596 1154 616 non
1171 594 1200 616 ut
1216 596 1325 624 peccata
1344 594 1557 626 accumulemus,
1578 595 1627 623 sed
1647 600 1675 623 ut
1697 604 1756 631 quas
1777 597 1896 626 admissa

1101 634 1175 663 fuere
1183 635 1217 664 de
1227 636 1316 664 medio
1326 638 1458 666 tollamus.
1476 639 1509 667 Et
1520 640 1575 667 scio
1582 640 1688 676 quidem
1700 650 1742 670 me
1752 643 1776 670 in
1788 650 1895 671 cassum

1102 679 1161 708 lucc
1173 680 1263 710 dicere
1275 703 1283 716 ,
1306 683 1352 710 scd
1368 691 1421 710 non
1436 684 1516 712 linem
1531 685 1639 714 dicendi
1658 687 1762 714 faciant.
1786 689 1895 717 Etiamsi

1100 727 1171 753 enim
1194 734 1289 755 omnes
1311 736 1364 756 non
1385 730 1535 764 audieritis,
1557 732 1604 759 sed
1625 740 1678 760 non
1703 741 1796 762 omnes
1817 743 1896 770 repn-

1098 773 1227 808 gnabitis;
1243 775 1298 802 imo
1308 783 1372 804 vero
1385 777 1408 804 si
1423 785 1517 806 omnes
1531 781 1696 815 repugnetis,
1709 782 1773 809 mihi
1787 783 1894 818 quidem

1099 819 1185 854 major
1199 828 1313 856 merces,
1326 822 1402 850 vobis
1414 828 1503 852 autem
1518 826 1626 860 gravius
1638 826 1778 861 judicium.
1793 829 1831 857 Ne
1847 830 1895 864 igi-

1099 870 1143 893 tur
1157 867 1263 900 gravius
1278 869 1399 903 eveniat,
1415 870 1476 898 ideo
1489 871 1569 899 tinem
1583 872 1689 901 dicendi
1705 881 1758 901 non
1773 875 1868 903 faciam
1885 885 1892 903 :

1097 912 1220 941 fortassis
1233 915 1304 942 enim
1317 935 1324 947 ,
1344 915 1467 945 fortassis
1478 925 1510 945 ex
1527 918 1659 954 frequenti
1674 921 1820 950 monitione
1833 930 1894 950 sco-

1099 966 1161 994 pnm
1172 961 1312 997 attingam.
1325 962 1389 991 ldeo
1399 963 1524 998 obsecro,
1537 970 1567 993 ut
1582 974 1616 993 ne
1629 967 1655 994 in
1665 967 1794 1002 judicium
1806 973 1832 996 et
1843 969 1893 997 da-

1099 1014 1189 1033 mnum
1204 1007 1255 1035 hoc
1266 1008 1404 1043 faciamus,
1416 1010 1565 1038 nutriamus
1578 1011 1726 1046 Christum,
1737 1019 1827 1048 potum
1843 1015 1894 1049 ipsi

1097 1052 1202 1085 demus,
1215 1053 1356 1082 induamus
1367 1054 1442 1082 illum
1460 1065 1466 1082 :
1481 1055 1541 1084 hac
1555 1057 1599 1085 illa
1615 1066 1706 1087 mensa
1721 1059 1800 1095 digna
1818 1066 1892 1089 sunt.

1098 1097 1201 1125 Audisti
1220 1105 1312 1126 sacros
1333 1099 1468 1136 hymnos?
1481 1102 1572 1130 vidisti
1597 1104 1702 1139 nuptias
1722 1106 1895 1140 spirituales?

1097 1148 1227 1178 exceptus
1238 1144 1309 1171 fuisti
1321 1145 1354 1172 ad
1366 1153 1485 1174 mensam
1498 1148 1616 1182 regiam?
1628 1150 1744 1183 repletus
1752 1158 1782 1178 es
1793 1151 1893 1186 Spiritu

1097 1190 1206 1216 sancto?
1222 1190 1320 1217 choros
1341 1191 1419 1226 egisti
1442 1200 1502 1219 cum
1525 1192 1698 1228 Seraphinis?
1718 1196 1807 1223 socius
1821 1196 1893 1224 fuisti

1098 1243 1275 1270 supernarum
1292 1239 1469 1272 potestatum?
1483 1239 1520 1267 Ne
1532 1245 1630 1268 tantam
1642 1242 1760 1269 lmtitiam
1771 1243 1891 1278 altjicia=,

1098 1289 1131 1309 ne
1144 1282 1266 1310 eli‘nndas
1280 1283 1436 1311 thesaurum
1448 1305 1455 1318 ,
1472 1293 1505 1312 ne
1521 1286 1631 1314 inducas
1644 1287 1801 1316 ebrietatem
1822 1297 1891 1317 mre-

1098 1328 1166 1355 ruris
1187 1334 1299 1357 matrem
1310 1351 1317 1362 ,
1332 1330 1432 1358 diaboli
1450 1332 1575 1366 gaudium
1588 1354 1594 1364 ,
1612 1334 1685 1362 mille
1699 1335 1768 1362 mala
1783 1337 1893 1370 parien-

1098 1377 1162 1400 tem.
1178 1373 1246 1401 llinc
1258 1374 1329 1401 enim
1344 1380 1382 1403 est
1399 1383 1509 1404 somnus
1521 1378 1600 1405 morti
1614 1379 1718 1412 similis,
1733 1380 1797 1408 hinc
1812 1388 1893 1416 sopo-

1097 1425 1151 1451 res,
1172 1419 1268 1453 morbi,
1285 1420 1400 1454 oblivio,
1415 1423 1510 1449 mortis
1525 1423 1621 1458 imago.
1641 1424 1712 1452 Sane
1727 1426 1790 1453 vino
1805 1427 1894 1462 ingur-

1097 1465 1195 1499 gitatus
1216 1465 1335 1494 nolueris
1354 1475 1415 1494 cum
1440 1469 1527 1496 amico
1546 1471 1690 1505 congredi;
1713 1476 1740 1499 et
1758 1472 1892 1500 Christum

1098 1510 1170 1538 intus
1183 1511 1294 1544 habens,
1308 1520 1399 1547 quaeso
1411 1518 1447 1545 te,
1460 1518 1561 1542 tantam
1571 1516 1670 1544 audeas
1683 1517 1793 1552 injicere
1807 1524 1893 1547 temu-

1097 1555 1225 1583 lentiam?
1240 1558 1274 1584 At
1287 1557 1396 1586 delicias
1409 1560 1503 1587 antas?
1519 1560 1590 1596 Ergo
1604 1561 1664 1589 idco
1675 1563 1797 1592 ebrietati
1811 1565 1891 1592 finem

1098 1601 1216 1637 impone.
1239 1603 1305 1630 Nam
1326 1612 1377 1639 ego
1399 1609 1424 1632 te
1447 1606 1472 1633 iu
1491 1607 1562 1634 veris
1582 1607 1685 1636 deliciis
1704 1611 1804 1638 versari
1820 1612 1890 1645 mlo,

1097 1654 1158 1682 quae
1172 1656 1315 1683 numquam
1332 1657 1507 1679 marcescant.
1524 1652 1650 1686 Quatnam
1665 1662 1729 1690 ergo
1744 1662 1805 1684 SUlll
1822 1666 1892 1685 verm

1097 1694 1210 1727 deiiCiiL‘,
1231 1703 1289 1730 qua:
1310 1703 1418 1732 semper
1435 1697 1569 1729 ﬂoreant?
1587 1700 1628 1727 Ad
1649 1701 1789 1736 prandium
1810 1705 1891 1731 invita

1097 1739 1245 1774 Christum,
1261 1745 1302 1769 tua
1317 1742 1352 1769 illi
1370 1743 1486 1778 imperti,
1501 1745 1543 1772 vel
1557 1747 1645 1781 potius
1659 1755 1706 1775 sua
1720 1757 1728 1775 :
1742 1749 1792 1776 hoc
1806 1750 1891 1778 inter-

1097 1787 1250 1814 minabilem
1264 1787 1343 1816 habet
1357 1793 1384 1816 et
1395 1797 1502 1826 semper
1512 1790 1653 1820 ﬂorentem
1664 1794 1838 1830 voluptatem.
1856 1798 1891 1825 At

1097 1839 1150 1858 non
1164 1831 1222 1860 haec
1233 1833 1341 1861 sensilia
1354 1843 1361 1860 :
1373 1835 1463 1862 statim
1475 1837 1546 1864 enim
1556 1845 1617 1864 cum
1632 1846 1780 1874 apparuere
1794 1849 1893 1869 evane-

1097 1882 1192 1910 scunt;
1208 1882 1234 1905 et
1245 1879 1289 1914 qui
1300 1879 1405 1907 deliciis
1415 1888 1524 1916 operam
1535 1882 1619 1917 dedit,
1637 1892 1689 1912 non
1703 1887 1816 1915 meliore
1831 1896 1891 1915 con-

1097 1923 1198 1951 ditione
1211 1925 1271 1957 erit,
1288 1932 1366 1960 quam
1380 1926 1424 1961 qui
1440 1935 1492 1955 tton
1506 1928 1646 1958 deliciatus
1659 1936 1714 1964 est;
1731 1932 1785 1960 imo
1799 1934 1891 1969 pejore

1097 1969 1157 1997 erit.
1173 1969 1239 1996 Nam
1256 1970 1303 1998 ille
1317 1971 1423 2006 quidem
1439 1974 1514 2008 quasi
1530 1975 1556 2002 in
1572 1980 1651 2010 portu
1663 1978 1755 2012 sedet;
1770 1979 1813 2007 hic
1825 1988 1890 2009 vero

1096 2021 1146 2041 ceu
1167 2019 1315 2043 torrentem
1337 2018 1479 2052 quemdam
1500 2024 1527 2047 et
1548 2021 1704 2050 morborum
1722 2024 1888 2054 obsidiortem

1097 2062 1211 2095 excepit,
1226 2066 1252 2089 et
1265 2069 1299 2089 ne
1310 2062 1378 2090 hanc
1389 2064 1495 2099 quidem
1507 2065 1578 2094 ferre
1587 2072 1678 2102 potest
1691 2073 1887 2105 tempestatem.

1096 2105 1134 2133 Ne
1151 2106 1207 2134 lucc
1220 2107 1310 2143 itaque
1323 2109 1496 2145 contingant,
1513 2112 1726 2142 moderationem
1742 2121 1887 2146 sectentur.

1096 2151 1132 2179 lta
1157 2153 1227 2180 enim
1248 2159 1275 2181 et
1297 2162 1409 2190 corpore
1429 2156 1498 2184 bene
1512 2158 1669 2194 valebimus,
1683 2166 1710 2189 et
1728 2163 1845 2190 animam
1863 2164 1889 2191 in

1097 2203 1153 2226 tuto
1166 2199 1368 2235 collocabimus,
1383 2207 1410 2230 et
1423 2210 1437 2229 a
1452 2204 1629 2238 prtcsentibus
1648 2206 1798 2244 futurisque
1812 2211 1889 2238 malis

1097 2247 1285 2276 liberabimur:
1301 2256 1317 2276 a
1330 2249 1426 2284 quibus
1439 2250 1539 2279 utinam
1562 2260 1657 2281 omttes
1677 2256 1757 2289 eruti,
1777 2264 1887 2292 regnum

1097 2301 1304 2328 consequamur,
1326 2295 1411 2330 gratia
1433 2300 1460 2323 et
1485 2297 1650 2333 benignitate
1674 2300 1780 2328 Domini
1803 2304 1888 2331 nostri

1096 2340 1159 2368 .lcsu
1172 2340 1281 2374 Christi,
1294 2341 1402 2377 quicum
1414 2343 1485 2370 Patri
1498 2348 1525 2371 et
1539 2353 1590 2372 una
1607 2345 1717 2380 Spiritui
1730 2354 1822 2376 sancto
1831 2349 1888 2384 glo-

1096 2386 1145 2418 ria,
1160 2386 1312 2421 imperium,
1329 2387 1425 2421 honor,
1442 2397 1513 2416 nunc
1527 2394 1553 2417 ct
1568 2397 1675 2426 semper
1686 2413 1694 2426 ,
1709 2398 1735 2420 et
1751 2393 1776 2420 in
1791 2395 1888 2422 smeula

1096 2433 1266 2460 smculorum.
1278 2433 1374 2461 Amen.

909 2571 1081 2602 HOMILIA
1103 2573 1251 2604 XXVIII.

252 2644 297 2671 28.
314 2643 405 2670 Probe!
416 2647 500 2670 autem
511 2641 619 2676 seipsum
635 2642 719 2675 homo,
731 2648 753 2670 et
767 2643 801 2669 sic
813 2643 843 2670 de
855 2652 919 2678 pane
929 2644 975 2671 illo
986 2645 1042 2671 edat

527 2694 549 2716 et
563 2689 594 2715 de
603 2689 680 2715 culice
693 2689 767 2715 bibat.

291 2736 315 2762 Ι.
331 2735 398 2770 Quid
417 2735 467 2762 sibi
482 2734 574 2762 voluttt
588 2734 646 2761 lucc
662 2734 752 2766 verba,
766 2742 826 2761 cum
847 2735 917 2763 aliud
938 2736 972 2763 sit
992 2736 1043 2764 hoc

253 2781 416 2816 propositth
430 2778 634 2815 argumentum?
648 2778 697 2805 llic
712 2786 769 2806 mos
785 2784 826 2806 est
840 2780 931 2813 Paulo,
949 2781 1041 2815 utjam

253 2826 328 2862 prius
343 2826 407 2861 disi,
421 2835 472 2853 nott
485 2825 571 2854 solum
587 2824 630 2851 ilia
646 2828 757 2852 tractare
769 2833 828 2860 qua:
842 2826 890 2853 sibi
908 2827 1041 2861 proposita

1098 2649 1169 2676 sunt,
1183 2645 1229 2672 scd
1245 2646 1266 2672 si
1278 2647 1340 2680 quid
1351 2647 1422 2674 aliud
1434 2647 1490 2675 hinc
1502 2650 1625 2676 tractanti
1638 2650 1772 2682 inciderit,
1787 2651 1812 2678 id
1823 2659 1887 2686 qun-

1096 2699 1149 2726 que
1165 2699 1261 2726 magno
1277 2693 1364 2719 studio
1380 2695 1500 2730 persequi
1517 2705 1523 2729 ;
1539 2696 1656 2724 maxime
1673 2704 1734 2724 cuin
1755 2697 1789 2724 de
1809 2699 1888 2725 rebus

1096 2736 1239 2764 admodum
1260 2740 1416 2766 necessariis
1438 2745 1465 2767 et
1486 2741 1642 2776 urgentibus
1657 2742 1754 2776 agitur.
1780 2743 1885 2770 Etenim

1096 2789 1156 2809 cum
1170 2782 1202 2809 de
1217 2782 1248 2810 iis
1260 2783 1303 2818 qui
1321 2785 1424 2819 nuptias
1438 2790 1598 2814 contraxere
1612 2793 1738 2823 ageretur
1749 2809 1756 2820 ,
1779 2793 1806 2816 et
1820 2788 1887 2815 inci-

1097 2827 1134 2854 dit
1156 2827 1182 2854 in
1203 2835 1354 2856 sermonem
1377 2829 1410 2858 de
1431 2831 1526 2864 servis,
1542 2830 1646 2860 fortiter
1664 2838 1690 2861 et
1709 2834 1799 2862 multis
1821 2834 1888 2862 hanc
