2046 3114
113 205 163 235 253

114 271 171 293 rem
185 257 363 297 pertractavit
377 265 384 284 :
401 259 430 284 et
441 261 502 282 cum
516 252 661 280 dissereret
676 253 702 276 et
716 247 841 284 probaret
855 252 907 272 non

114 291 239 345 operiere
253 306 279 333 in
291 302 400 340 iudieiis
410 301 527 336 litigare.
540 302 602 326 tunc
616 295 737 323 incidens
749 295 775 321 in
788 291 908 320 admoni-

117 341 216 383 tiimem
231 352 303 380 circa
315 347 465 378 avaritiam,
481 344 563 372 multa
576 343 610 371 de
620 341 672 369 hoc
683 342 840 375 argumento
851 344 913 372 pro-

119 400 175 428 tulit
190 408 198 425 ι
213 397 241 425 id
256 394 329 431 quod
343 394 424 422 etiam
439 391 482 418 hic
498 389 567 417 facit.
582 388 649 423 Quia
662 387 733 414 enim
748 384 830 412 semel
845 390 912 418 opus

119 447 213 477 fuerat.
228 448 258 471 ut
266 430 305 470 ide
317 438 453 476 mysteriis
467 435 649 465 meminisset,
666 430 848 460 necessarium
862 436 913 463 pu-

119 492 183 521 niit
195 474 257 519 esse
268 489 319 517 hoc
329 474 453 522 persequi
462 485 659 518 argumentum;
670 485 755 513 neque
766 476 837 504 enim
849 474 914 502 levis

120 537 249 567 momenti
273 520 338 567 est;—
347 520 461 566 ideoque
474 527 619 557 admodum
633 524 791 554 terribiliter
811 521 845 549 de
867 520 915 548 illo

121 583 256 615 disseruit,
269 582 399 609 bonorum
415 580 495 611 caput
511 582 570 602 esse
595 572 711 607 probans
722 591 729 602 ,
746 569 778 596 ad
801 576 831 595 ca
854 574 914 594 cum

122 638 185 666 pura
197 614 363 657 conscientia
370 623 507 652 accedere.
516 620 592 649 Unde
604 627 656 645 non
667 620 807 644 contentus
820 614 916 647 iisqme

122 660 195 712 prius
203 674 319 705 dixerat,
332 671 389 698 lucc
397 675 502 704 quoque
513 665 603 699 adjicit
615 663 715 693 dicens,
731 660 822 687 l’robcl
834 663 918 684 autent

123 705 234 756 ieipsum
246 720 333 750 Itonia;
345 717 369 744 id
378 715 448 751 quod
459 714 539 741 etiam
550 713 577 738 in
590 709 705 738 secunda
717 706 829 742 epistola
839 705 916 732 dicit:

130 754 177 795 l’os
189 768 258 802 ipsos
268 768 369 794 tentate,
378 771 420 789 vos
433 761 501 795 ipsos
514 758 627 793 probate;
639 763 690 782 non
706 754 773 781 sicut
787 760 835 779 nos
850 758 919 777 mute

126 797 249 844 lucinius,
258 816 378 845 tempore
389 806 548 834 conditionis
558 805 644 839 potius
656 801 730 831 moti.
743 807 821 834 quam
833 797 920 825 studio

126 859 218 887 animi.
229 858 286 884 Non
297 844 367 883 enim
378 854 402 880 id
414 859 549 883 curamus,
560 855 586 876 ttl
598 848 693 883 parati,
705 856 718 873 η
730 846 805 872 malis
818 844 920 879 purgati

127 903 371 940 eteompunctione
390 900 458 935 pleni
473 897 630 925 accedamus
642 915 648 927 ,
663 893 708 920 sed
732 897 759 919 ut
782 892 807 918 in
828 890 922 917 diebus

130 951 206 980 fesus
215 955 242 977 et
253 957 314 977 cum
329 954 423 975 omnes
439 943 580 972 accedunt.

165 995 332 1024 Conscientiw
348 993 444 1029 puritas
458 988 654 1018 communicanti
668 985 818 1013 necessaria.
832 998 865 1002 ——
877 982 924 1009 Ve-

133 1051 189 1072 rqu
203 1051 257 1070 non
272 1043 306 1068 ita
318 1040 396 1075 jussit
409 1038 524 1067 Paul-ts;
540 1035 585 1062 sed
600 1041 679 1060 unum
697 1032 769 1058 novit
782 1029 924 1057 accedendi

134 1095 160 1118 et
178 1081 393 1117 communit-andi
409 1088 588 1118 Oppot‘ltlltttm
611 1084 731 1112 tempus,
756 1075 925 1103 conscientim

135 1142 229 1169 nempe
247 1132 398 1167 puritatem.
422 1129 486 1155 Nam
508 1128 529 1154 si
553 1126 601 1152 hac
623 1124 714 1151 sensili
736 1130 826 1149 mensa
849 1129 926 1147 num-

136 1167 212 1217 quam
229 1179 342 1206 fruimur
359 1176 424 1204 febri
441 1174 593 1201 laborantes
608 1177 652 1197 aut
665 1169 821 1197 humoribus
838 1167 926 1201 pleni,

137 1213 164 1256 ut
179 1235 213 1255 ne
229 1232 385 1261 pereamus;
402 1222 486 1249 multo
497 1220 584 1247 minus
599 1218 668 1244 hanc
683 1222 791 1250 tangere
808 1213 883 1240 nobis
899 1213 928 1238 Ii.

137 1281 180 1303 eet
192 1282 253 1301 cum
269 1272 357 1307 pravis
372 1265 597 1302 concupiscentiis
611 1285 616 1296 ,
634 1271 693 1298 qua:
715 1261 780 1288 febri
795 1264 856 1287 sunt
871 1266 929 1293 gra-

138 1322 236 1348 viores.
259 1305 325 1346 Cum
347 1320 434 1343 autem
454 1319 549 1348 pravas
572 1310 631 1338 dico
651 1305 890 1341 concupiscentias,
905 1309 931 1330 et

139 1372 281 1400 corporum
300 1363 361 1391 dico
381 1360 538 1395 cupiditates
552 1362 578 1384 et
597 1356 769 1391 pecuniarum
792 1358 818 1379 et
841 1353 886 1378 ira:
906 1355 932 1377 et

140 1412 296 1446 injuriarum
311 1406 514 1437 recordationis,
530 1409 557 1432 et
571 1409 676 1435 omnes,
691 1405 718 1428 ut
732 1408 784 1427 uno
797 1399 877 1425 verbo
893 1397 933 1424 di-

140 1467 215 1491 cam,
233 1465 293 1492 qua:
314 1462 401 1490 prava:
416 1452 592 1485 absrtrdaeque
614 1454 684 1476 sunt.
711 1447 822 1480 Oportet
844 1449 933 1471 autem

140 1491 314 1532 accedentem
325 1521 332 1533 ,
349 1500 390 1527 his
402 1499 526 1526 omnibus
539 1495 675 1523 exhaustis
690 1501 720 1519 ac
734 1491 871 1526 depositis.
886 1497 934 1524 pu-

142 1558 200 1578 rum
213 1548 278 1576 illud
291 1547 423 1581 attingere
435 1543 610 1573 sacrilicium;
627 1547 714 1574 neque
727 1538 842 1572 segniter
851 1541 877 1563 et
888 1536 935 1562 mi-

143 1603 203 1624 sere
225 1594 350 1622 allectum
375 1595 483 1627 propter
504 1589 600 1622 festum
619 1586 677 1620 cogi
691 1585 723 1612 ad
738 1583 934 1613 accedendum;

145 1648 231 1676 neque
251 1645 347 1667 rursus
360 1639 550 1671 compunctum
563 1639 586 1660 et
603 1636 722 1667 paratum
738 1629 870 1665 prohiberi
882 1649 889 1659 ,
906 1636 937 1654 eo

147 1675 217 1723 quod
234 1694 287 1713 non
303 1685 337 1712 sit
352 1684 410 1711 dies
424 1683 517 1710 festus.
543 1680 603 1707 Dies
617 1679 688 1705 cnim
704 1678 787 1704 festus
799 1680 840 1703 est
854 1675 938 1702 bono-

147 1742 206 1762 rum
217 1739 328 1768 operum
341 1730 457 1757 exhibita
471 1727 558 1762 copia,
574 1725 654 1752 animi
671 1724 754 1758 pietas
765 1743 771 1755 ,
785 1726 937 1748 accuratum

149 1781 210 1807 vita:
232 1778 405 1806 institutum:
423 1775 443 1801 si
470 1774 527 1800 lucc
551 1772 668 1802 habeas,
692 1773 820 1804 perpetuo
844 1768 939 1794 festum

150 1834 229 1861 agere
247 1823 358 1859 poteris.
376 1826 402 1848 et
416 1827 523 1855 semper
541 1817 678 1845 accedere.
698 1816 759 1842 Ideo
774 1815 810 1841 ait
826 1822 832 1839 :
848 1813 940 1839 I’robi-t

150 1860 233 1900 autem
245 1872 354 1906 seipsum
369 1868 547 1902 unusquisque,
560 1869 586 1892 et
602 1870 663 1891 tunc
679 1862 797 1889 accedat.
810 1860 864 1887 Nec
876 1868 942 1894 pne-

150 1920 213 1955 cipit
227 1923 255 1946 ut
266 1918 335 1944 alter
348 1916 461 1943 alterum
476 1912 580 1948 probet,
593 1910 639 1937 sed
653 1914 679 1936 ut
690 1909 801 1943 quisque
814 1908 941 1940 seipsnm,

149 1953 282 2001 judicium
297 1967 416 1990 statuens
430 1958 499 1995 quod
514 1966 567 1984 non
582 1958 616 1983 sit
629 1956 764 1991 publicum
776 1975 782 1985 ,
800 1958 824 1981 et
846 1953 943 1987 proha-

152 1999 254 2038 tionem
269 2009 328 2036 sine
346 2007 466 2034 testibus.
484 2004 529 2031 ‘29.
551 2003 598 2035 Qui
615 2003 681 2029 enim
701 2001 835 2027 manduca!
850 2005 875 2037 et
887 1999 945 2024 bibit

153 2057 267 2092 indigne,
278 2054 407 2090 judicium
423 2051 525 2079 Domini
540 2050 584 2077 sibi
598 2048 731 2074 nmnducnt
747 2052 768 2072 et
782 2046 850 2072 bibit.
866 2044 944 2077 Quid,

154 2110 258 2139 quatso,
271 2100 358 2129 dicis?
375 2104 412 2126 tot
427 2099 557 2125 honorum
571 2103 649 2123 causa
663 2116 669 2126 ,
687 2095 821 2127 vitamque
837 2092 945 2126 prohin-

155 2151 226 2177 deus
248 2154 350 2179 mensa,
366 2146 422 2180 ipsa
434 2144 563 2179 judicium
582 2142 714 2170 efﬁcitur?
736 2140 791 2167 Non
807 2148 838 2166 ex
855 2144 946 2165 natura

156 2203 214 2228 sna,
235 2193 330 2228 inquit,
346 2192 393 2219 sed
414 2198 445 2217 ex
467 2190 524 2224 ejus
546 2189 589 2223 qui
609 2187 710 2215 accedit
732 2186 851 2212 arbitrio.
876 2186 949 2211 Sicut

157 2241 228 2268 enim
243 2238 385 2273 praesentia
404 2237 478 2271 ejus.
497 2242 555 2270 quae
579 2241 673 2268 magna
698 2232 740 2259 illa
761 2237 787 2258 et
808 2230 949 2257 ineffabilia

159 2286 235 2313 nobis
250 2283 356 2312 confert
370 2283 450 2315 bona,
463 2288 510 2309 eos
525 2280 568 2314 qui
584 2287 635 2306 non
650 2278 781 2312 accipiunt
794 2276 877 2311 magis
889 2284 951 2302 con-

159 2332 269 2358 demnat
284 2338 291 2356 :
304 2328 344 2356 sic
358 2331 386 2355 et
398 2326 525 2362 mysteria
538 2324 571 2352 ad
586 2324 671 2357 majus
684 2322 842 2357 supplicium
858 2321 951 2346 viatica

161 2382 222 2404 Sttttl
238 2376 270 2403 iis
285 2374 329 2409 qui
347 2373 454 2408 indigne
467 2371 634 2406 participant.
650 2369 704 2396 Cur
719 2373 806 2395 autem
823 2367 953 2402 judicium

161 2422 212 2450 sibi
227 2419 389 2448 manducat?
406 2417 466 2445 Non
477 2417 618 2452 dijudicans
629 2423 719 2449 corpus
735 2414 846 2440 Domini.
863 2413 889 2439 Id
903 2417 953 2444 est,

163 2475 215 2495 non
230 2466 400 2497 examinans,
418 2472 470 2491 non
486 2462 616 2498 cogitans,
632 2466 659 2488 ut
672 2464 817 2495 oporteret,
833 2458 953 2493 proposi-

163 2519 252 2541 torum
274 2511 484 2547 magnitudinem
508 2514 534 2536 et
558 2508 619 2536 doni
643 2506 839 2534 excellentiam.
856 2505 920 2532 Nam
935 2505 956 2530 si

164 2562 289 2586 accurate
303 2557 440 2588 didiceris,
456 2556 515 2590 quis
535 2555 570 2581 sit
593 2553 636 2580 illc
660 2552 704 2587 qui
728 2556 840 2586 prostat,
858 2556 883 2577 et
899 2549 958 2584 quis

165 2612 225 2632 cum
250 2604 297 2636 sit,
323 2603 365 2630 cui
386 2601 431 2628 dat
452 2601 579 2636 seipsum,
600 2598 673 2625 nullo
688 2598 740 2624 alio
759 2605 826 2631 opus
849 2595 959 2622 habebis

167 2656 311 2681 sermone;
326 2647 372 2675 sed
393 2648 444 2674 hoc
459 2646 505 2672 tibi
520 2645 585 2672 satis
599 2644 650 2671 crit
664 2643 697 2670 ad
712 2642 889 2677 vigilantiam,
909 2641 959 2667 nisi

167 2694 244 2722 valde
258 2694 349 2728 lapsus
365 2692 457 2719 fueris.
473 2690 518 2718 30.
532 2689 597 2717 Ideo
611 2690 674 2715 inter
687 2697 729 2715 vos
744 2688 816 2714 multi
829 2687 923 2721 inﬁrmi
939 2691 961 2712 ct

168 2739 315 2772 imbecilles,
327 2743 350 2765 et
362 2737 490 2764 dormiunt
504 2736 587 2762 multi.
603 2735 649 2762 llic
660 2735 714 2769 jam
729 2742 781 2761 non
796 2733 829 2759 ab
841 2733 899 2759 aliis
911 2732 962 2759 fert

170 2784 293 2820 exempla
307 2804 315 2816 ,
330 2788 359 2810 ut
373 2783 436 2810 fecit
450 2783 522 2809 circa
536 2789 579 2812 ea,
592 2788 651 2815 qum
667 2779 800 2806 immolata
816 2783 892 2805 erant
905 2778 961 2804 ido-

171 2832 212 2864 lis,
228 2835 334 2858 veteres
355 2836 467 2857 narrans
481 2828 617 2858 historias,
634 2832 659 2854 et
675 2827 764 2861 plagas
781 2826 805 2852 in
821 2824 964 2851 solitudine

172 2882 305 2912 acceptus,
318 2875 366 2903 sed
380 2875 414 2901 ab
429 2875 493 2909 ipsis
505 2873 658 2904 Corinthiis,
674 2872 697 2898 id
714 2871 784 2906 quod
798 2871 876 2897 etiam
889 2871 963 2897 velle-

174 2922 333 2950 tucntiorem
355 2920 483 2948 reddebat
497 2926 656 2946 sermonem.
680 2919 744 2951 Quia
760 2916 830 2944 enim
847 2916 965 2943 diccbat:

615 193 645 221 IN
665 191 775 227 EI‘IST.
797 190 816 217 I.
839 188 884 216 AD
904 187 983 215 (ΞΟΠ.
1006 186 1119 214 IIO.\IIL.
1136 185 1256 214 XXVIII.
1701 181 1754 208 ⁸234

962 242 1094 270 Iudicium
1108 243 1155 271 sibi
1169 242 1323 275 manducal,‘
1347 246 1383 274 ct,
1395 241 1462 269 Reus
1477 245 1513 269 cu
1521 249 1529 273 ,'
1551 247 1584 268 ne
1596 239 1676 267 verba
1691 247 1755 275 pro-

964 289 1033 316 ferre
1044 288 1175 322 videatur,
1191 288 1258 316 facta
1274 287 1376 323 adjicit,
1389 292 1417 315 et
1427 291 1510 314 testes
1522 286 1581 314 illos
1596 285 1718 316 athncat,
1732 285 1757 312 id

965 335 1037 370 quod
1063 335 1147 369 magis
1172 341 1251 369 quam
1276 333 1447 361 comminatio
1473 332 1647 367 perstringit,
1672 331 1759 358 minus

969 381 1106 415 proferens
1128 380 1154 407 in
1171 387 1237 413 opus
1249 384 1388 407 exeuntes.
1408 378 1499 414 Neque
1516 378 1558 405 his
1574 382 1676 404 tantum
1692 384 1759 403 cort-

968 431 1067 460 tentus,
1081 427 1142 454 hinc
1158 434 1310 454 sermonem
1325 426 1359 454 de
1373 426 1494 461 gehenna
1510 425 1611 452 inducit
1625 424 1761 459 fidemque

970 473 1049 505 facit;
1066 473 1199 508 utrimque
1211 478 1325 501 terrens.
1340 476 1366 499 et
1381 472 1554 506 quaestionem
1568 472 1684 504 solvens,
1701 479 1761 507 qua:

970 519 1067 554 ubique
1089 518 1323 546 circumferebatur
1358 517 1425 552 Quia
1447 519 1517 545 enim
1542 518 1619 546 multi
1641 519 1711 546 inter
1732 527 1762 546 se

970 569 1104 600 quaerunt,
1120 565 1251 592 ttndcnam
1268 564 1416 591 immatura:
1432 569 1543 598 mortes,
1558 565 1628 593 unde
1643 566 1762 593 diuturni

971 610 1067 643 morbi,
1078 611 1141 638 dicit
1155 610 1201 637 illo
1214 609 1294 637 multa
1311 611 1490 644 inexspectata
1503 615 1670 645 peccatorum
1682 619 1763 640 eiusa

971 656 1102 684 accidere.

1008 703 1035 730 ‘2.
1052 703 1120 738 Quid
1136 710 1210 738 ergo,
1225 702 1341 738 inquies,
1357 703 1393 729 illi
1409 703 1454 738 qui
1478 708 1608 738 perpetuo
1626 704 1694 733 bene
1718 713 1762 732 ra-

973 750 1040 782 Icnt,
1054 754 1081 776 et
1093 749 1127 776 ad
1145 753 1266 785 vegetam
1290 749 1450 784 perveniunt
1474 754 1642 778 senectutem
1655 771 1662 782 ,
1675 759 1764 778 annon

975 796 1024 831 ipsi
1049 795 1182 830 peccant?
1197 794 1294 830 Ecquis
1316 795 1367 822 hoc
1389 795 1660 830 dixerit?Quomodo
1683 804 1766 831 ergo.

976 842 1090 876 inquies,
1105 848 1157 868 non
1173 840 1237 868 dant
1253 841 1364 876 pinnas?
1381 841 1447 874 Quia
1464 841 1519 868 illic
1529 842 1669 877 graviores
1679 842 1768 870 daturi

976 892 1048 914 sunt.
1065 887 1119 914 Nos
1133 891 1224 914 autem
1238 887 1260 913 si
1276 887 1389 914 velimus
1400 907 1407 918 ,
1432 895 1519 922 neque
1537 887 1581 914 hic
1605 895 1692 923 neque
1715 888 1769 916 illic

977 932 1063 960 daturi
1088 939 1191 960 sumus.
1214 932 1259 959 3i.
1279 932 1309 959 Si
1330 933 1397 959 enim
1421 941 1466 960 nos
1487 933 1557 967 ipsos
1574 934 1769 969 judicuremus,

978 978 1080 1013 inquit,
1106 986 1157 1005 non
1180 978 1267 1013 utique
1285 977 1472 1014 judicaremur.
1491 978 1545 1007 Nec
1568 979 1652 1013 dixit,
1668 980 1697 1007 Si
1720 988 1770 1008 nos

979 1024 1051 1059 ipsos
1072 1023 1270 1058 corriperemus
1289 1028 1316 1051 et
1335 1024 1543 1059 castigaremus;
1556 1025 1602 1052 sed
1628 1030 1730 1053 tantum
1748 1027 1772 1053 si

979 1075 1088 1106 peccata
1113 1079 1260 1107 agnoscere
1281 1072 1411 1099 rellemus
1423 1092 1431 1105 ,
1445 1074 1467 1100 si
1483 1080 1531 1100 nos
1552 1072 1626 1108 ipsos
1645 1073 1773 1101 damnare

980 1121 1007 1143 et
1021 1116 1173 1151 improbare
1187 1118 1256 1144 mala
1271 1125 1363 1152 opera,
1376 1118 1553 1146 liberaremur
1574 1124 1601 1146 et
1615 1126 1630 1146 a
1647 1120 1773 1153 prmsenli

981 1166 1009 1189 et.
1032 1169 1048 1189 a
1071 1161 1162 1190 futuro
1184 1163 1327 1198 Supplicia.
1344 1162 1409 1190 Nam
1435 1164 1480 1198 qui
1501 1164 1620 1199 seipsum
1645 1165 1772 1195 damnat.

981 1207 1124 1243 dupliciter
1146 1208 1229 1236 Deum
1258 1209 1362 1243 placat,
1378 1213 1406 1237 et
1432 1209 1503 1244 quod
1520 1215 1628 1244 peccata
1650 1215 1777 1245 agnoscat

983 1258 1011 1281 et
1030 1254 1102 1288 quod
1126 1255 1152 1281 in
1175 1254 1265 1281 futuro
1285 1255 1320 1282 sit
1344 1255 1377 1282 ad
1403 1255 1568 1290 peccandum
1585 1256 1695 1283 tardior.
1708 1256 1775 1289 Quia

984 1307 1048 1327 vero
1070 1307 1103 1327 ne
1125 1300 1177 1327 ltoc
1199 1300 1306 1335 quidem
1332 1301 1367 1328 ita
1392 1301 1451 1329 leve
1476 1301 1564 1328 facere
1584 1301 1723 1334 volumus,
1747 1308 1777 1329 ut

985 1346 1071 1374 facere
1092 1351 1246 1381 oporteret;
1262 1354 1295 1374 ne
1309 1347 1348 1374 sic
1365 1346 1472 1382 quidem
1489 1355 1538 1374 nos
1561 1347 1616 1374 vult
1629 1355 1690 1375 cum
1711 1348 1778 1376 orbo

986 1398 1117 1421 terrarum
1129 1393 1233 1428 punire,
1248 1393 1294 1420 sed
1303 1394 1340 1421 sic
1348 1401 1455 1429 quoque
1470 1393 1564 1428 parcit,
1580 1393 1622 1421 hic
1633 1401 1725 1428 lumnas
1735 1402 1779 1422 re-

989 1444 1099 1475 petens,
1116 1440 1159 1468 ubi
1182 1440 1342 1475 supplicium
1356 1445 1397 1467 est
1420 1445 1622 1475 temporaneum
1643 1445 1670 1467 et
1683 1448 1780 1475 magna

988 1486 1137 1514 consolatio
1154 1494 1161 1512 :
1179 1493 1239 1513 nam
1253 1493 1269 1514 a
1289 1486 1405 1521 peccatis
1431 1486 1553 1513 liberatio
1579 1490 1620 1513 est
1636 1507 1643 1519 ,
1662 1490 1690 1513 et
1711 1486 1780 1514 bona

990 1532 1141 1559 futurorum
1168 1539 1231 1567 spes
1253 1540 1312 1567 quae
1336 1532 1478 1566 prmsentia
1503 1531 1595 1560 leniat.
1612 1531 1675 1559 llaec
1700 1539 1783 1567 porro

989 1578 1055 1606 dicit
1066 1599 1073 1612 ,
1090 1578 1170 1606 simul
1186 1578 1306 1606 infirmos
1326 1578 1487 1612 consolans,
1501 1582 1529 1606 et
1552 1578 1620 1606 alios
1631 1578 1782 1613 diligentior

991 1632 1034 1653 res
1047 1625 1173 1652 reddens.
1189 1624 1252 1652 Ideo
1265 1625 1301 1652 ait
1315 1634 1322 1652 :
1338 1625 1382 1652 δει.
1396 1624 1473 1652 Nunc
1492 1630 1577 1652 autem
1598 1633 1657 1660 cum
1676 1626 1783 1660 judica-

991 1680 1048 1698 mur
1061 1692 1068 1704 ,
1093 1680 1108 1698 α
1124 1671 1234 1698 Domino
1256 1672 1415 1707 corripimur.
1428 1671 1485 1699 Non
1501 1671 1587 1705 dixit,
1599 1672 1784 1708 Castigamur.

994 1726 1047 1745 non
1062 1717 1139 1752 dixit,
1154 1717 1293 1753 Supplicio
1303 1718 1448 1751 aflicintur,
1457 1720 1516 1753 sed,
1529 1718 1688 1754 Corripimur
1701 1728 1711 1746 :
1723 1728 1785 1748 nam

993 1764 1064 1800 quod
1079 1765 1108 1792 tit
1121 1766 1205 1800 magis
1224 1769 1265 1793 est
1280 1765 1470 1793 admonitionis
1495 1773 1574 1801 quam
1586 1766 1765 1794 damnationis
1777 1788 1785 1800 ,

995 1810 1134 1838 medicina:
1149 1818 1228 1845 quam
1244 1811 1379 1846 supplicii,
1392 1812 1567 1839 correctionis
1581 1820 1660 1846 qnam
1674 1813 1788 1848 castiga-

997 1856 1087 1883 tionis.
1100 1856 1158 1883 Non
1176 1856 1226 1883 hoc
1239 1861 1328 1884 autern
1343 1858 1526 1884 tantummodo
1537 1878 1544 1890 ,
1568 1857 1614 1885 sed
1628 1862 1655 1885 ct
1676 1860 1789 1885 commi-

997 1903 1105 1930 natione
1121 1902 1231 1937 majoris
1246 1910 1332 1937 pmnte
1345 1902 1403 1930 leve
1418 1903 1504 1930 reddit
1518 1903 1580 1930 illud
1592 1925 1599 1936 ,
1615 1892 1728 1932 dicens:
1755 1904 1789 1931 fit

997 1955 1047 1974 non
1070 1956 1127 1975 cum
1150 1948 1245 1975 mundo
1269 1949 1426 1975 damnentur.
1447 1948 1541 1975 Vitlen‘
1551 1950 1686 1984 quomodo
1701 1955 1727 1977 et
1739 1958 1788 1984 ge-

999 1994 1115 2022 hennam
1136 1994 1290 2028 induxerit,
1314 1999 1341 2021 et
1355 1993 1485 2021 horribile
1510 1994 1574 2021 illud
1601 1995 1736 2028 tribunal,
1763 1999 1791 2022 et.

1000 2040 1155 2067 necessario
1169 2039 1285 2067 futuram
1302 2039 1452 2067 ostenderit
1474 2040 1546 2067 illam
1571 2041 1790 2076 perquisitionem

1000 2090 1027 2112 et
1043 2085 1209 2120 punitionem
1220 2086 1232 2112 ?
1243 2084 1308 2112 Nam
1323 2085 1345 2112 si
1363 2084 1456 2112 ﬁdeles
1475 2090 1502 2112 et
1512 2086 1555 2120 qui
1570 2085 1624 2113 Deo
1636 2093 1707 2113 curm
1717 2093 1792 2119 sunt,

1002 2139 1054 2158 non
1071 2131 1180 2166 impune
1193 2131 1294 2166 fugient
1310 2134 1479 2165 peccatorum
1493 2138 1586 2165 pmnas
1600 2151 1607 2163 ,
1632 2136 1660 2158 ut
1674 2139 1706 2159 ex
1723 2140 1793 2167 prae-

1003 2177 1124 2204 scntibus
1149 2177 1234 2211 palam
1250 2181 1311 2210 est,
1338 2176 1421 2203 multo
1446 2177 1534 2204 minus
1558 2177 1677 2205 infideles
1699 2183 1727 2205 et
1749 2178 1796 2213 qui

1004 2223 1093 2258 gravia
1110 2222 1322 2258 insanabiliaque
1343 2222 1445 2250 scelera
1470 2223 1622 2250 admittunt.
1637 2223 1795 2259 55.1mque,

1005 2279 1063 2298 cum
1084 2270 1221 2297 convenitis
1235 2269 1269 2297 ad
1290 2269 1513 2302 manducandum,
1524 2270 1630 2297 invicem
1644 2276 1796 2305 exspectate.

1006 2318 1072 2345 Nam
1090 2318 1152 2345 dum
1169 2317 1239 2352 viget
1259 2317 1338 2343 timor
1352 2321 1379 2344 et
1399 2317 1530 2351 gehenna:
1552 2321 1653 2344 tremor
1674 2324 1800 2352 perseve—

1008 2369 1068 2397 rat,
1085 2364 1141 2391 vult
1156 2364 1252 2391 iterum
1276 2371 1324 2398 pro
1343 2363 1504 2398 pauperibus
1525 2363 1734 2391 admonitionem
1757 2363 1799 2390 in-

1009 2410 1125 2443 ducere,
1147 2409 1224 2444 cujus
1247 2416 1326 2436 causa
1349 2408 1407 2436 hinc
1428 2408 1518 2436 omnia
1541 2408 1628 2442 dixit,
1655 2409 1800 2437 Ostendens

1010 2457 1083 2491 illos,
1099 2457 1120 2484 si
1134 2456 1160 2484 id
1176 2464 1230 2484 non
1243 2460 1362 2489 servent,
1380 2455 1502 2491 indignos
1515 2463 1577 2483 esse
1591 2455 1636 2490 qni
1652 2456 1801 2491 communi-

1011 2507 1083 2532 cent.
1096 2502 1173 2536 Quod
1196 2502 1219 2530 si
1233 2502 1267 2529 de
1291 2490 1462 2529 facultatibus
1489 2509 1541 2528 non
1556 2501 1683 2536 elargiri,
1699 2490 1733 2529 ab
1758 2501 1802 2529 illa

1012 2557 1105 2577 mensa
1117 2553 1209 2580 arcet;
1226 2548 1310 2575 multo
1325 2548 1410 2582 magis
1425 2555 1522 2582 rapere
1532 2552 1633 2575 arceat.
1648 2548 1702 2575 Nec
1715 2547 1799 2583 dixit,

1014 2595 1105 2630 Itaque
1116 2594 1307 2622 convenientes
1316 2593 1377 2620 date
1386 2593 1477 2628 egenis
1491 2601 1498 2626 ;
1518 2593 1566 2620 sed
1582 2593 1652 2628 quod
1666 2593 1807 2621 honestius

1015 2646 1085 2675 erat,
1101 2640 1173 2668 Alter
1187 2641 1296 2668 alterum
1309 2644 1460 2675 exspectate.
1472 2640 1528 2667 lloc
1538 2640 1609 2667 enim
1625 2640 1689 2668 illud
1702 2648 1807 2675 quoque

1017 2687 1166 2722 apparabat
1180 2692 1206 2715 et
1222 2686 1425 2718 subindicabat,
1438 2693 1471 2715 ac
1493 2688 1650 2722 congruenti
1666 2687 1747 2714 modo
1761 2687 1808 2714 ad-

1018 2733 1194 2775 monitionem
1204 2733 1318 2761 induxit.
1330 2733 1431 2761 Deinde
1439 2737 1531 2760 rursus
1540 2733 1670 2768 pudorem
1682 2733 1808 2759 inferens:

1018 2780 1063 2807 54.
1077 2778 1108 2806 Si
1122 2779 1178 2813 quis
1186 2784 1272 2806 autent
1283 2780 1373 2812 esurit,
1389 2779 1457 2806 domi
1473 2780 1615 2807 manducet.
1629 2778 1818 2807 Permittendo

1020 2823 1160 2860 impedivit
1173 2824 1255 2852 etiam
1271 2824 1458 2853 vehementius
1468 2845 1475 2855 .
1490 2831 1569 2859 quam
1584 2824 1607 2851 si
1622 2822 1802 2859 prohibuisset

1021 2870 1061 2898 Ex
1076 2870 1192 2899 ecclesia
1213 2871 1285 2899 enim
1302 2871 1381 2899 illum
1401 2870 1493 2899 eduxit
1505 2891 1513 2903 ,
1527 2870 1595 2897 etin
1609 2869 1717 2897 domum
1731 2868 1809 2894 remi-

1023 2916 1074 2951 sit;
1086 2917 1134 2946 ltoe
1146 2918 1198 2946 ritu
1211 2918 1271 2946 illos
1284 2917 1459 2946 vehementer
1471 2916 1654 2951 perstringens
1666 2919 1743 2949 atque
1757 2915 1814 2938 ml-
