2046 3114
250 166 305 193 255

251 223 363 255 ducens,
377 219 452 255 quasi
461 217 562 246 ventris
572 223 676 249 servos,
685 215 730 250 qui
742 221 791 242 nec
803 212 911 240 diﬂ'erre
923 215 1043 246 possent.

252 268 344 304 Neque
363 267 435 294 enim
449 265 524 297 dixit,
538 263 566 291 Si
577 263 637 298 quis
650 267 781 296 pauperes
795 258 925 293 despicit;
940 256 998 290 sed,
1013 256 1046 283 Si

249 315 304 350 quia
313 313 399 344 esurit,
411 311 487 347 quasi
498 316 594 345 pueros
603 307 700 335 famem
708 314 760 333 non
771 305 887 333 ferentes
895 304 1043 350 alloquens,

250 349 384 396 tamquam
410 359 488 385 bruta
514 354 600 382 ventri
627 353 783 381 servienti-.1.
799 351 950 378 Ridiculum
972 349 1043 377 enim

249 407 362 438 fuisset,
377 405 399 433 si
424 404 458 430 ob
474 402 591 430 esuriem
615 400 687 428 domi
709 399 927 427 manducassent.
941 396 996 424 Sed
1016 399 1044 423 et

247 452 319 480 aliud
340 449 486 478 terribilius
510 448 665 483 subjunxit,
680 446 773 474 dicens
791 454 796 472 :
814 444 848 472 Ut
868 452 918 470 non
931 444 958 470 in
967 442 1042 478 judi-

248 499 313 524 rium
329 496 503 527 conveniatis;
518 499 545 522 ut
560 501 614 520 non
628 493 654 520 in
668 490 870 527 castigationem
883 511 889 522 ,
908 493 1000 516 utnon
1015 488 1041 515 in

246 543 407 579 supplicium
418 564 425 574 ,
441 541 504 569 dum
525 540 668 568 ecclesiam
691 537 853 566 contumelia
874 535 979 563 alticitis
990 555 998 568 ,
1014 539 1042 561 et

246 591 356 618 fratrem
373 589 400 616 in
417 587 548 623 pudorem
560 585 703 620 conjicitis.
720 584 786 611 Nam
802 583 863 610 ideo
876 580 1039 614 convenitis,

246 636 333 671 inquit
343 657 351 668 ,
365 640 394 662 nt
407 641 456 661 vos
471 637 564 660 mutuo
582 631 698 666 diligatis
708 650 715 662 ,
738 634 766 656 ut
778 628 908 664 juvemini
925 631 952 654 et
963 627 1040 661 juve-

246 684 299 711 tis:
315 683 337 710 si
361 689 426 708 vero
446 679 610 708 contrarium
630 677 692 709 fiat,
717 676 813 704 melius
837 679 909 702 esset
929 674 951 701 si
967 672 1040 700 domi

245 729 434 757 eomederetis.
447 727 504 754 lloc
516 730 604 753 autem
628 723 753 756 dicebat,
781 727 810 749 ut
824 721 884 748 illos
899 720 983 754 magis
996 723 1040 746 at-

246 775 375 803 traheret.
387 773 450 800 ldco
463 772 534 800 enim
546 771 671 798 damnum
684 769 745 796 inde
758 775 899 802 emergens
911 765 1038 798 ostendit,

247 827 274 849 et
288 822 393 856 eulpatn
409 820 475 847 dixit
496 826 556 845 esse
577 825 630 844 non
652 823 782 850 parvam;
804 818 884 848 atque
906 813 980 840 omni
1001 819 1036 840 ex

247 873 321 903 parte
333 866 462 894 deterruit
478 886 486 898 ,
502 871 516 891 a
533 862 682 899 mysteriis,
695 862 728 889 ab
744 860 866 893 infirtnis,
879 867 893 885 a
908 858 1019 886 mortuis
1030 879 1037 892 ,

245 914 280 940 ab
294 913 353 940 aliis
367 919 446 946 supra
461 910 548 938 dietis.
566 908 666 936 Deinde
674 908 726 935 alio
737 913 843 942 quoque
857 905 936 932 modo
946 909 1036 937 terret,

244 961 336 988 dicens
352 969 357 986 :
373 959 469 986 Caztera
481 963 567 984 autem
591 964 647 983 cum
662 963 752 982 venero
768 953 904 989 disponant
916 962 924 985 ,-
938 957 983 979 aut
1004 951 1038 978 ad

245 1005 366 1041 cpucdam
383 1004 433 1031 alia
444 1024 452 1036 ,
467 1007 513 1029 aut
527 1002 559 1029 ad
580 1001 630 1028 hoc
652 1000 749 1035 ipsum.
764 999 831 1033 Qttia
846 999 918 1026 enim
942 997 1038 1025 verisi-

245 1051 309 1078 mile
325 1054 367 1077 cst
390 1049 462 1084 ipsos
476 1048 576 1075 dixisse
598 1046 664 1073 alias
685 1053 791 1080 quoque
809 1052 920 1076 causas,
936 1049 963 1071 et
984 1051 1037 1070 non

244 1096 365 1132 potuisse
388 1094 476 1121 omnia
488 1101 536 1128 per
548 1093 649 1120 litteras
663 1091 762 1126 corrigi
780 1100 786 1118 :
801 1090 866 1124 Qua:
889 1089 1015 1117 admonui
1029 1110 1036 1121 ,

244 1142 348 1177 inquit,
364 1140 471 1167 interim
496 1141 643 1166 serventur
659 1146 666 1164 :
682 1137 704 1164 si
719 1136 783 1172 quid
806 1140 895 1163 autctn
909 1135 979 1163 aliud
995 1135 1036 1162 di-

244 1187 358 1216 cendum
384 1185 548 1217 habueritis,
570 1183 595 1211 id
618 1190 702 1218 usque
724 1182 756 1209 ad
779 1182 924 1209 adventum
948 1189 1036 1208 metttn

245 1237 386 1265 servetur;
399 1236 444 1259 aut
457 1231 489 1258 de
505 1231 554 1258 hac
568 1238 597 1257 re
612 1230 734 1264 loquens,
752 1233 780 1255 ut
795 1228 859 1258 dixi,
873 1233 919 1254 aut
930 1227 963 1254 de
977 1227 1037 1254 alits

243 1278 413 1314 quibusdam,
430 1285 489 1312 qua:
503 1284 555 1303 non
569 1275 712 1302 admodum
727 1274 866 1308 urgebant.
878 1273 934 1300 lloc
947 1277 1035 1300 autem

242 1325 314 1355 facit.
331 1329 358 1350 ut
373 1323 434 1350 illos
446 1322 507 1350 inde
520 1321 695 1348 studiosiores
711 1320 806 1347 reddat
822 1328 828 1345 :
845 1327 905 1346 nam
915 1319 948 1345 de
963 1319 1034 1345 illius

241 1371 357 1398 adventu
373 1369 500 1401 solliciti,
517 1373 626 1403 peccata
649 1366 817 1394 emendaturi
842 1370 928 1392 erant.
947 1365 1036 1399 Neque

241 1418 312 1444 enim
328 1416 394 1443 levis
409 1423 451 1442 res
464 1418 539 1447 erat,
556 1413 626 1449 quod
643 1413 741 1440 l‘anlus
757 1420 789 1439 eo
801 1417 930 1439 venturus
942 1416 1014 1438 esset
1027 1420 1034 1444 ;

241 1463 320 1497 idque
334 1461 479 1488 ostendens
490 1460 597 1487 dieebat
612 1468 619 1487 ε
637 1459 673 1485 Ac
686 1460 707 1485 si
727 1467 777 1485 non
799 1463 918 1485 venturus
939 1458 987 1484 sim
1002 1458 1036 1484 ad

241 1517 294 1540 eos,
308 1508 345 1534 sic
358 1506 450 1541 'inflati
467 1510 525 1533 sunt
547 1505 650 1539 quidam
673 1505 710 1539 (1.
725 1504 785 1531 Cor.
802 1505 827 1531 4.
845 1505 907 1539 18);
923 1509 949 1530 et
971 1504 1034 1531 alibi

242 1561 360 1586 rursum,
377 1552 436 1579 Non
452 1559 580 1586 tamquam
599 1551 626 1577 in
641 1551 773 1586 pra‘senlia
785 1559 840 1577 mea
859 1555 958 1577 tantum
968 1571 975 1582 ,
990 1551 1035 1577 sed

241 1599 321 1625 multo
337 1598 418 1632 magis
429 1598 456 1624 in
471 1597 595 1629 absentia,
605 1605 661 1622 cum
676 1597 763 1623 timore
776 1601 798 1623 et
813 1602 918 1623 tremore
929 1604 1035 1623 vestram

241 1645 348 1672 salutem
364 1643 501 1678 operamini
514 1642 644 1677 (Philipp.
659 1642 685 1668 2.
703 1643 758 1676 l2).
786 1642 848 1669 ldco
872 1650 924 1669 non
948 1642 1033 1670 solum

241 1691 367 1726 promisit
382 1698 411 1718 se
425 1694 566 1717 venturum
583 1697 642 1716 esse
657 1711 664 1722 ,
680 1697 713 1716 ne
726 1697 778 1716 non
792 1689 934 1716 crederent
947 1694 974 1716 et
989 1698 1035 1716 ne-

241 1737 415 1771 gligentiores
442 1735 607 1767 evaderent;
631 1735 678 1762 sed
704 1741 731 1762 et
756 1736 936 1763 necessariam
960 1736 1033 1763 addit

240 1784 374 1811 adventus
390 1789 499 1810 causam
519 1781 625 1814 dicens,
642 1781 738 1808 Cretera
761 1790 818 1808 cum
840 1790 930 1808 venero
945 1783 1034 1817 dispo-

241 1839 319 1862 nant;
339 1829 485 1856 ostendens
512 1833 670 1854 cmtcrorum
696 1829 891 1855 correctionem
905 1849 911 1861 ,
929 1828 1032 1855 etiamsi

240 1886 294 1905 non
322 1876 432 1903 omnino
464 1874 618 1907 festinaret,
646 1875 731 1909 ipsum
767 1875 834 1901 istuc
860 1879 1033 1902 altracturam

240 1924 332 1951 fuisse.

276 1971 303 1998 5.
320 1968 427 1996 Muralis
447 1960 599 1995 exhortatio.
625 1966 720 1993 Luctus
745 1967 925 1994 immoderatus
946 1969 1032 1995 vitan-

241 2017 299 2043 dus.
311 2015 370 2042 Jobi
382 2014 505 2050 patientia
520 2013 679 2040 describitur.
694 2027 729 2032 —-
743 2013 804 2040 Haec
816 2021 880 2048 ergo
895 2013 1033 2041 audientes

240 2062 347 2094 etruria,
369 2066 396 2087 et
421 2066 568 2094 pauperum
592 2066 714 2093 magnam
736 2066 827 2085 curam
850 2065 991 2093 geramus,
1008 2063 1035 2085 et

240 2112 361 2136 ventrem
380 2105 552 2133 moderemur
564 2125 571 2136 ,
588 2109 667 2138 atque
678 2104 710 2131 ab
723 2104 854 2131 ebrietate
875 2103 1032 2137 liberemur,

240 2158 269 2181 et
294 2151 429 2188 mysteriis
455 2150 536 2184 digne
559 2149 719 2184 participare
743 2150 914 2182 Studeamus;
929 2158 958 2176 ea
974 2157 1034 2184 qua:

242 2198 314 2234 passi
328 2196 457 2224 fuerimus
468 2216 475 2227 ,
490 2203 542 2222 non
558 2202 629 2229 aegre
644 2194 760 2222 feramus
770 2216 776 2227 ,
793 2203 880 2230 neque
895 2196 921 2222 in
936 2196 1012 2222 nobis
1025 2215 1032 2228 ,

243 2252 330 2279 neque
352 2243 378 2269 in
392 2243 451 2269 aliis
466 2251 473 2268 :
488 2241 560 2269 verbi
576 2241 660 2276 gratia
682 2249 742 2268 cum
758 2243 908 2269 immatura:
933 2247 1033 2270 mortes

242 2289 383 2323 accidunt,
400 2295 460 2314 cum
486 2287 604 2314 diuturni
629 2287 724 2314 morbi.
742 2287 797 2314 lloc
813 2288 883 2314 enim
904 2292 945 2315 cst
965 2288 1034 2315 libe-

241 2335 310 2362 ratio
322 2341 337 2361 a
348 2333 478 2368 supplicio
488 2354 495 2365 ,
513 2333 562 2360 hoc
576 2333 707 2360 correctio
717 2353 723 2365 ,
742 2333 793 2360 hth
814 2334 961 2360 admonitio
983 2341 1033 2368 op-

242 2381 317 2407 tima.
332 2379 397 2413 Quis
413 2378 470 2405 hrcc
483 2378 564 2405 dicit?
577 2378 626 2411 Qui
641 2377 778 2405 Christum
791 2379 817 2404 in
833 2386 862 2406 se
878 2379 1031 2413 loquentem

243 2426 368 2453 habebat.
385 2426 507 2452 Attamen
532 2425 612 2451 etiam
637 2430 697 2459 post
713 2425 770 2452 haec
794 2426 921 2453 mulieres
943 2426 1034 2453 multa:

242 2473 279 2499 ita
296 2478 376 2498 sensu
391 2470 525 2498 destituta:
545 2475 625 2503 sunt,
644 2475 672 2497 ut
687 2471 713 2497 in
738 2470 824 2498 luctus
846 2472 1034 2506 exsuperantia

242 2518 316 2553 ipsos
340 2517 420 2544 etiam
446 2516 565 2544 infideles
587 2521 718 2550 superent
739 2525 747 2543 :
767 2521 794 2543 et
817 2516 877 2544 aliae
896 2517 1004 2552 quidem
1019 2526 1034 2545 a

241 2564 315 2590 luctu
335 2563 409 2597 quasi
427 2562 544 2589 tenebris
568 2562 671 2589 obrutae
694 2562 745 2589 hoc
761 2562 879 2590 faciunt:
894 2563 954 2591 alia:
968 2571 1033 2592 vero

242 2609 277 2637 ad
291 2610 498 2637 ostentationem
510 2629 517 2640 ,
534 2613 561 2635 et
584 2613 612 2635 ut
624 2613 797 2636 externorum
820 2609 1034 2638 criminationem

241 2657 346 2689 vitent,
371 2663 438 2690 quas
459 2655 532 2682 omni
556 2654 632 2682 venia
657 2655 772 2689 privatas
795 2655 864 2682 dico.
878 2655 913 2683 Ut
934 2663 967 2683 ne
990 2656 1035 2684 ille

241 2703 304 2731 talis
318 2703 433 2735 incuset,
448 2701 582 2736 inquiunt,
593 2701 697 2728 ineuset
710 2700 802 2734 Deus;
818 2707 848 2729 ut
864 2709 897 2728 ne
912 2702 1034 2729 homines

241 2749 326 2777 brutis
339 2748 502 2776 amentiores
516 2754 565 2774 nos
578 2746 717 2779 damnent,
733 2747 776 2774 lex
789 2747 870 2783 Regis
892 2748 1033 2774 universo-

241 2803 302 2823 rum
327 2794 510 2822 conculcetnr.
524 2793 557 2820 Et
572 2797 636 2828 quot
647 2793 806 2821 fulminibus
818 2794 876 2822 hinc
889 2795 968 2829 digna
981 2801 1032 2821 non

243 2841 360 2868 fuerint?
373 2840 400 2868 Si
413 2844 474 2875 post
484 2840 584 2868 luctum
600 2845 626 2868 te
639 2841 770 2876 quispiam
784 2841 817 2868 ad
828 2849 931 2869 cmnam
945 2846 1033 2875 vocet,

238 2893 323 2916 nemo
337 2890 378 2915 est
392 2886 436 2921 qui
453 2891 559 2919 renuat,
575 2887 635 2922 quia
650 2887 690 2914 lcx
702 2887 816 2914 humana
831 2887 880 2916 hoc
895 2887 1032 2922 prmcipit;

609 161 638 188 S.
657 157 796 187 JOANNIS
812 153 1052 184 CIIRYSOSTOMI
1073 154 1230 182 ARClllEP.
1245 154 1510 182 CONSTANTlNOP.

1839 157 1898 186 εδδ
1919 166 1921 170 -

1103 210 1157 238 Deo
1176 215 1264 238 autetn
1279 211 1312 238 de
1327 218 1380 238 non
1396 211 1512 245 lugendo
1525 210 1611 246 legem
1622 209 1736 242 ferente,
1751 215 1788 237 tta
1800 218 1894 239 omnes

1100 256 1295 284 contradicunt.
1315 256 1372 284 Non
1394 257 1495 292 cogitas
1519 256 1635 290 Jobum,
1656 263 1673 284 ο
1697 257 1816 285 mulier?
1838 265 1893 285 non

1099 302 1249 330 recordaris
1260 310 1355 330 vocum
1369 303 1428 338 ejus
1442 303 1467 329 in
1482 302 1635 330 calamitate
1648 303 1808 330 amissorum
1824 303 1893 330 tilio-

1099 356 1168 380 rum,
1180 356 1240 382 qua:
1254 349 1389 376 sexcentis
1402 349 1510 376 coronis
1525 355 1632 375 sacrum
1647 348 1712 375 illud
1726 353 1807 383 caput
1816 348 1892 376 redi-

1099 394 1224 426 mierunt,
1239 398 1266 420 et
1279 394 1443 428 splendidius
1457 401 1537 428 quatn
1560 394 1630 420 tuba:
1644 394 1735 421 multa:
1757 393 1894 428 depratdi-

1097 439 1213 466 carunt?
1226 447 1278 466 non
1293 439 1394 474 cogitas
1408 439 1570 466 calamitatis
1591 440 1800 475 magnitudinem
1811 461 1820 473 ,
1842 448 1892 467 no-

1097 493 1159 513 vum
1175 486 1239 513 illud
1256 486 1422 521 naufragium
1436 506 1444 519 ,
1459 493 1491 514 ac
1506 493 1601 513 novam
1620 486 1771 521 miramque
1791 491 1891 521 tragico

1096 531 1190 559 diam?
1205 531 1271 558 Nam
1287 535 1314 558 ιιι
1329 531 1435 566 quidem
1447 539 1528 558 unum
1542 531 1692 566 perdidisti,
1704 536 1749 558 aut
1762 532 1889 565 alterum,

1095 581 1142 604 aut
1158 577 1282 607 tertium;
1300 577 1345 604 ille
1358 582 1448 604 autem
1462 582 1516 604 tam
1531 578 1629 605 multos
1653 582 1680 605 et
1704 583 1756 605 tam
1780 579 1888 606 multas.

1096 622 1130 649 Et
1144 623 1189 658 qui
1204 622 1302 650 multos
1316 622 1430 650 habebat
1452 622 1552 650 liberos
1562 643 1568 655 ,
1582 628 1696 659 repente
1710 624 1792 651 orbus
1816 624 1865 651 fuit
1880 632 1888 656 ;

1095 677 1181 705 neque
1202 669 1327 704 paulatim
1348 669 1450 697 viscera
1478 670 1536 705 ejus
1558 670 1802 702 consumebantur,
1828 671 1887 703 sed,

1094 715 1241 750 derepente
1270 715 1371 743 fructus
1408 720 1477 743 totus
1514 716 1713 751 abripiebatur;
1738 724 1826 752 neque
1854 725 1888 744 ex

1094 761 1230 788 eomtnuni
1253 761 1312 797 lege
1333 767 1454 795 naturte,
1476 770 1562 797 neque
1584 770 1646 790 cum
1661 763 1695 790 ad
1718 767 1886 790 senectutem

1094 806 1289 841 pervenissent,
1305 807 1352 834 sed
1366 808 1508 835 immatura
1521 813 1548 835 et
1559 808 1674 835 violenta
1685 813 1781 842 tuorte,
1792 816 1886 836 omnes

1093 853 1191 885 simul;
1208 861 1294 888 neque
1317 858 1450 888 przcsente
1467 853 1512 881 illo
1524 875 1531 886 ,
1550 861 1599 881 nec
1625 854 1762 881 assidente
1775 875 1782 887 ,
1799 859 1828 881 ut
1843 855 1886 882 vel

1093 904 1229 928 extremas
1252 907 1331 927 voces
1344 900 1455 927 audiens
1469 900 1584 936 aliquam
1608 901 1818 928 consolationem
1839 901 1886 928 ha-

1093 946 1168 974 beret
1191 945 1224 973 de
1249 951 1302 973 tam
1327 946 1423 973 acerba
1450 951 1554 979 morte;
1583 946 1631 973 sed
1655 951 1753 981 prmter
1777 955 1884 974 omnem

1092 1000 1178 1028 spem,
1200 1000 1259 1020 cum
1273 992 1339 1020 nihil
1361 997 1497 1028 gestorum
1511 993 1568 1028 ipse
1583 994 1683 1027 sciret,
1698 994 1776 1021 simul
1790 1001 1885 1022 omnes

1092 1045 1154 1067 sunt
1180 1040 1286 1072 obruti,
1312 1040 1413 1073 fuitque
1438 1039 1490 1066 illis
1513 1039 1608 1067 domus
1628 1045 1655 1068 et
1678 1041 1828 1075 sepulcrum
1858 1047 1885 1068 ct

1093 1086 1212 1120 laqueus.
1227 1085 1320 1120 Neque
1336 1085 1477 1112 imtnatura
1494 1092 1567 1112 mors
1583 1090 1686 1113 tantum
1700 1107 1707 1119 ,
1732 1086 1778 1113 sed
1802 1087 1883 1114 etiam

1093 1131 1174 1158 inulta
1190 1139 1250 1158 cutn
1262 1131 1305 1158 illa
1312 1135 1389 1158 erant
1403 1139 1463 1166 qua:
1474 1131 1594 1158 dolorem
1610 1131 1738 1159 afferrent
1750 1141 1756 1158 :
1770 1136 1799 1159 ut
1812 1133 1883 1167 quod

1091 1185 1185 1204 omnes
1205 1178 1230 1204 in
1245 1177 1311 1204 flore
1324 1177 1474 1212 juventutis
1489 1183 1579 1206 essent
1591 1199 1599 1211 ,
1613 1181 1684 1214 quod
1701 1179 1798 1207 virtute
1813 1187 1883 1214 pne-

1091 1222 1138 1249 diti
1153 1240 1162 1255 ,
1196 1223 1266 1257 quod
1289 1223 1435 1256 amabiles,
1452 1224 1523 1258 quod
1537 1232 1631 1251 omnes
1644 1225 1740 1258 simul,
1763 1226 1832 1260 qttod
1851 1234 1883 1252 ex

1092 1272 1205 1303 utroque
1230 1276 1296 1296 sexu
1322 1277 1356 1296 ne
1380 1276 1447 1296 unus
1468 1269 1576 1304 quidem
1597 1270 1717 1305 reliquus
1736 1271 1785 1303 sit;
1811 1272 1884 1306 quod

1090 1325 1142 1343 non
1158 1317 1293 1344 communi
1320 1317 1378 1352 lege
1403 1322 1516 1350 naturae,
1533 1317 1605 1352 quod
1629 1322 1690 1352 post
1713 1322 1815 1345 tantum
1835 1318 1884 1345 da-

1089 1371 1181 1390 nmum
1194 1383 1201 1394 ,
1217 1363 1288 1398 qttod
1312 1371 1372 1390 eum
1389 1364 1488 1390 nullius
1507 1364 1568 1391 mali
1585 1364 1634 1391 sibi
1652 1365 1777 1392 conscius
1791 1371 1885 1397 esset,

1089 1418 1139 1437 nec
1164 1410 1201 1437 illi
1222 1411 1337 1445 peccatis
1362 1414 1451 1438 essent
1474 1411 1601 1443 obnoxii,
1624 1410 1682 1439 haec
1697 1416 1785 1439 tamen
1806 1417 1883 1447 pate—

1090 1461 1194 1483 rentur.
1211 1457 1312 1484 llornm
1328 1457 1432 1491 singula
1450 1465 1497 1491 per
1513 1465 1541 1485 se
1556 1463 1668 1491 possunt
1682 1458 1806 1492 turbare;
1821 1467 1882 1486 cum

1088 1508 1177 1530 autem
1189 1510 1240 1529 una
1249 1503 1339 1530 oumia
1352 1508 1528 1536 concurrunt,
1540 1504 1626 1538 cogita
1640 1509 1739 1539 quanta
1754 1504 1882 1532 fluctuant

1089 1548 1201 1575 altitudo
1215 1569 1221 1580 ,
1251 1556 1329 1583 quam
1361 1549 1454 1584 ingens
1476 1553 1623 1584 tempestas
1643 1555 1725 1577 esset.
1751 1551 1883 1586 Quodque

1089 1594 1174 1629 majus
1195 1599 1236 1622 est
1248 1600 1276 1622 et
1288 1595 1346 1629 ipso
1358 1595 1428 1622 lttcttt
1442 1595 1561 1623 deterius
1573 1617 1580 1627 ,
1593 1596 1661 1630 quod
1677 1597 1793 1624 nesciret
1810 1598 1881 1624 unde

1089 1641 1149 1668 talia
1164 1640 1333 1668 obvenirent.
1347 1641 1417 1673 Ideo,
1433 1649 1494 1668 cum
1510 1642 1608 1668 nullam
1626 1642 1722 1669 afferre
1734 1648 1824 1677 posset
1838 1651 1883 1669 cav-

1088 1688 1215 1714 lamitatis
1237 1695 1344 1715 causam
1357 1709 1364 1721 ,
1380 1688 1414 1714 ad
1430 1688 1475 1716 Dei
1490 1689 1615 1723 placitum
1629 1690 1764 1722 ascendit,
1779 1696 1805 1717 et
1820 1691 1857 1718 ait
1875 1701 1882 1717 :

1089 1734 1212 1760 Dominus
1235 1734 1302 1760 dedit
1325 1754 1332 1765 ,
1370 1733 1494 1761 Dominus
1515 1735 1618 1762 abstulit
1644 1745 1651 1761 :
1676 1737 1741 1763 sicut
1771 1736 1882 1763 Domino

1088 1781 1184 1816 placuit
1197 1802 1202 1810 .
1220 1781 1256 1807 ita
1269 1781 1366 1815 fartim:
1380 1787 1433 1812 rat;
1446 1781 1478 1807 sit
1493 1789 1584 1808 nomen
1600 1781 1704 1808 Domini
1724 1783 1882 1809 benedictum

1087 1827 1113 1853 t'u
1131 1827 1225 1854 alecula
1235 1827 1295 1861 (Job
1307 1827 1332 1853 l.
1347 1826 1404 1862 21).
1420 1827 1455 1854 Ει
1477 1826 1534 1855 hzcc
1557 1828 1641 1860 dixit,
1655 1836 1716 1855 ettm
1738 1836 1767 1855 se
1790 1829 1815 1856 iu
1831 1837 1880 1856 ex:

1088 1874 1180 1900 tretnis
1198 1873 1311 1908 positum
1325 1873 1437 1905 videret,
1451 1873 1495 1908 qtti
1508 1873 1634 1901 virtutem
1643 1881 1748 1901 omnem
1762 1879 1882 1902 sectatus

1088 1920 1194 1953 fuerat;
1213 1920 1344 1948 scelestos
1362 1925 1452 1947 autem
1472 1920 1596 1948 homines
1620 1925 1646 1948 et
1669 1922 1881 1956 praestigiatores

1088 1974 1217 2002 prospere
1236 1971 1363 2002 agentes,
1379 1967 1536 1994 deliciantes
1552 1972 1578 1995 et
1592 1967 1785 2003 gloriabundos
1800 1968 1879 1995 undi-

1086 2021 1148 2049 que.
1161 2013 1252 2048 Neque
1265 2013 1331 2040 dixit
1340 2013 1475 2047 quidpiam
1485 2021 1589 2045 eorum,
1604 2021 1663 2048 qua:
1675 2014 1762 2040 solent
1772 2014 1879 2048 quidam

1087 2060 1248 2087 infirmiores
1272 2059 1380 2087 dicere:
1397 2060 1436 2086 Ad
1461 2059 1565 2086 hancne
1583 2067 1639 2087 rem
1655 2060 1724 2087 filius
1745 2061 1879 2093 cnutrivi,

1086 2110 1113 2133 et
1135 2113 1195 2132 cum
1217 2106 1390 2133 accuratione
1410 2105 1483 2132 omni
1507 2105 1683 2133 educavi?ad
1703 2114 1798 2134 eamne
1823 2115 1880 2134 rem

1086 2151 1194 2178 domutn
1212 2152 1304 2186 aperui
1329 2152 1566 2186 praetereuntibus,
1583 2157 1609 2179 ut
1624 2157 1684 2187 post
1705 2154 1805 2181 multos
1820 2154 1880 2182 illos

1087 2205 1181 2225 cursus
1193 2205 1241 2232 pro
1255 2198 1355 2232 egenis.
1374 2206 1422 2232 pro
1436 2197 1531 2229 nudis,
1548 2206 1595 2232 pro
1606 2199 1713 2233 pupillis
1726 2204 1878 2234 susceptos,

1087 2243 1156 2270 hanc
1180 2243 1331 2270 mercedem
1360 2243 1517 2278 excipiam?
1543 2244 1594 2271 Sed
1626 2245 1720 2271 horum
1748 2245 1808 2271 loco
1836 2245 1878 2272 illa

1086 2290 1166 2316 verba
1185 2290 1308 2323 protulit,
1327 2290 1399 2316 omni
1412 2290 1545 2317 sacrificio
1557 2291 1754 2324 praestantiora,
1769 2292 1876 2318 dicens:

1089 2335 1181 2362 Nudus
1206 2343 1320 2370 egressus
1334 2344 1389 2362 sum
1411 2336 1442 2362 de
1456 2341 1526 2362 utero
1546 2337 1635 2363 matris
1654 2345 1734 2370 meat,
1752 2343 1775 2363 et
1796 2338 1880 2364 nudus

1087 2386 1205 2408 revertar.
1219 2380 1295 2414 Quod
1319 2382 1342 2408 si
1364 2381 1523 2408 vestimenta
1547 2382 1701 2414 diseiderit,
1723 2387 1750 2409 et
1773 2390 1880 2410 comam

1088 2427 1252 2460 totondcrit,
1276 2435 1309 2454 ne
1334 2428 1458 2455 mireris:
1477 2433 1552 2462 pater
1573 2429 1643 2456 enim
1665 2434 1741 2459 erat.
1756 2435 1784 2456 et
1805 2435 1882 2464 pater

1087 2474 1171 2508 prolis
1182 2481 1283 2506 amans,
1296 2474 1489 2508 oportcliatque
1500 2479 1601 2501 naturm
1616 2475 1879 2503 commiserationcm

1088 2518 1218 2551 exhiberi,
1236 2519 1387 2553 mentisque
1398 2519 1606 2554 philosophiam.
1622 2520 1698 2554 Quod
1713 2521 1736 2547 si
1760 2521 1812 2548 hoc
1827 2529 1878 2548 non

1088 2565 1215 2597 fecisset,
1242 2565 1309 2592 forte
1333 2565 1465 2600 quispiam
1496 2567 1645 2600 putavisset
1668 2567 1737 2595 hanc
1762 2568 1879 2602 philoso-

1091 2611 1182 2645 phiam
1196 2618 1229 2637 ex
1243 2615 1352 2645 stupore
1367 2611 1510 2646 proficisci.
1523 2611 1585 2640 ideo
1595 2617 1622 2639 et
1634 2620 1737 2640 VISCCI‘a
1751 2613 1879 2645 ostendit,

1088 2661 1115 2683 et
1140 2657 1246 2691 pietatis
1272 2658 1491 2690 accurationem,
1516 2663 1544 2685 et
1569 2657 1665 2686 dolens
1691 2667 1744 2686 non
1770 2667 1880 2686 eversus

1087 2706 1145 2734 est;
1161 2702 1207 2729 sed
1220 2702 1299 2729 etiam
1312 2710 1372 2730 cntn
1388 2703 1500 2730 ulteritts
1515 2704 1573 2738 ejus
1589 2709 1726 2732 certamen
1748 2705 1880 2739 procede-
1903 2721 1910 2731 ;

1088 2752 1146 2780 ret,
1164 2756 1258 2775 rursus
1279 2749 1339 2775 aliis
1365 2749 1505 2776 redimitur
1532 2750 1639 2777 coronis
1659 2758 1692 2777 ex
1714 2751 1805 2778 verbis
1821 2759 1880 2786 qtae

1089 2793 1163 2820 uxori
1175 2793 1241 2820 dixit
1256 2803 1261 2820 :
1274 2794 1305 2820 Si
1316 2794 1381 2821 bona
1392 2796 1546 2830 suscepimus
1567 2805 1582 2822 a
1597 2796 1707 2823 Domino
1718 2818 1724 2829 ,
1740 2797 1807 2822 "mla
1831 2805 1880 2824 nou

1088 2841 1264 2868 sustinebimus
1278 2842 1337 2878 (Job
1348 2841 1374 2868 ‘2.
1391 2842 1432 2876 10)
1447 2842 1460 2868 ?
1475 2843 1540 2870 Nam
1555 2851 1622 2870 uxor
1635 2843 1693 2870 sola
1715 2842 1766 2878 ipsi
1787 2842 1880 2870 relicta

1091 2893 1148 2923 est,
1166 2888 1278 2917 sublatis
1291 2889 1426 2922 omnibus,
1439 2893 1465 2917 et
1479 2888 1540 2917 filiis
1551 2894 1578 2917 et
1591 2890 1698 2924 prtediis
1711 2894 1738 2917 ct
1751 2889 1810 2925 ipso
1823 2897 1879 2916 cnr-
