2046 3114
179 143 237 172 9.37

181 210 265 237 pore,
289 207 317 231 et
337 203 394 238 ipsa
417 203 441 230 ci
462 202 494 231 ad
509 202 683 231 tentationem
706 207 734 231 et
755 202 865 230 insidias
887 201 980 230 relicta

180 253 236 276 est.
250 249 369 285 Ideoque
388 249 462 276 illam
484 256 537 276 non
557 256 618 276 cum
636 249 696 276 liliis
715 249 824 277 sustulit
840 249 964 276 diabolus
976 269 983 282 ,

182 303 276 331 neque
302 295 388 331 ipsius
408 295 510 324 caedem
527 295 656 330 expetiit,
681 295 743 331 quia
759 296 886 330 sperabat
911 295 984 322 illam

182 351 315 377 magnam
337 342 387 370 sibi
410 350 488 377 opem
502 350 563 370 esse
580 342 694 369 laturam
707 342 741 370 ad
764 342 875 370 insidias
890 345 985 369 sancto

182 389 250 416 huic
264 389 323 416 viro
341 388 483 423 parandas.
500 388 616 423 Ideoque
630 389 714 423 ipsam
726 410 733 421 ,
750 394 884 424 tamquam
900 389 984 415 maxi-

183 443 263 462 mum
290 435 373 463 telum
401 434 451 462 sibi
489 439 671 470 opportunum
697 435 815 469 reliquit.
841 434 868 462 Si
891 434 984 468 cuitu,

183 482 294 516 inquit,
310 481 446 509 hominem
461 489 510 516 per
524 481 596 508 illam
619 489 651 509 ex
665 482 790 516 paradiso
804 481 885 517 ejeci,
902 481 986 509 multo

183 528 276 563 magis
289 528 318 555 in
333 527 505 562 sterquilinio
517 532 611 563 potero
624 528 806 562 supplantare.

222 575 252 602 ι.
273 574 308 602 Et
320 574 381 603 vide
391 574 575 602 calliditatem.
590 573 680 609 Neque
697 574 768 601 enim
785 579 924 609 postquam
938 568 986 601 bo;

185 628 235 649 ves
249 621 404 657 perierant,
418 620 487 648 hanc
502 620 653 648 machinam
669 620 800 654 adhibuit,
815 627 903 655 neque
925 624 986 655 post

185 667 312 696 sublatos
326 668 416 696 asinos
430 667 473 695 vel
495 667 613 695 camelos
625 687 633 701 ,
649 674 699 695 nec
715 670 776 701 post
789 666 920 701 dejectam
935 666 986 693 do-

186 721 265 742 mum
276 734 286 747 ,
301 721 389 749 neque
410 717 471 748 post
485 713 595 741 obrutos
611 713 699 745 ﬁlios;
722 712 769 740 sed
785 712 891 739 interim
905 712 986 739 silere

186 766 216 789 et
237 761 357 796 quietem
379 768 458 796 agere
476 761 538 788 sivit
550 760 678 787 athletam
701 760 812 793 videns;
829 760 873 787 ubi
896 764 985 786 autem

189 807 322 835 vermium
343 806 403 834 fons
416 806 564 840 scaturivit,
585 814 646 833 cum
671 810 828 841 putrescens
842 805 918 840 pellis
933 804 985 832 dif-

190 853 288 881 ﬂueret
298 874 307 886 ,
322 858 351 881 et
364 858 531 888 consumpta:
545 860 642 880 carnes
652 853 753 880 saniem
766 852 920 880 emitterent
932 872 940 886 ,
954 858 986 879 ac

191 899 373 934 sartaginibus
388 898 595 933 fornacibusque
610 903 637 926 et
650 898 744 934 quavis
760 899 866 926 ﬂamma
879 899 986 933 gravior

191 945 280 980 ipsum
295 945 393 972 diaboli
411 952 505 972 manus
519 949 710 977 consumeret,
734 945 827 980 quavis
843 944 897 972 fera
919 944 986 972 elle-

192 991 277 1018 ratior
293 991 342 1025 ipsi
364 998 461 1025 corpus
486 990 603 1025 undique
615 997 779 1017 consumens
790 995 817 1018 et
831 990 963 1017 devorans
976 1009 984 1023 ,

191 1045 252 1065 cum
275 1038 302 1064 in
317 1037 367 1065 hac
379 1037 530 1064 calamitate
545 1037 658 1064 multum
674 1037 802 1072 temporis
823 1037 986 1071 insumptum

192 1083 305 1115 fuisset.
320 1088 384 1112 tunc
399 1092 510 1112 uxorem
525 1084 557 1111 ad
578 1083 653 1111 illum
669 1084 777 1112 adducit
797 1084 852 1118 jam
868 1084 987 1112 exsicca-

193 1134 247 1157 tum
258 1135 286 1157 et
296 1130 455 1157 conlectum.
469 1130 497 1157 Si
513 1130 583 1158 enim
600 1131 675 1158 initio
687 1130 846 1157 calamitatis
857 1131 986 1158 accessis-

193 1179 249 1210 set,
265 1183 353 1210 ueque
373 1176 408 1203 ita
433 1176 505 1203 illum
529 1181 686 1203 enervatum
711 1176 875 1212 reperisset,
900 1183 987 1211 neque

193 1222 372 1250 calamitatem
389 1222 458 1250 adeo
473 1222 604 1256 potuisset
617 1230 780 1258 exaggerarc
792 1230 824 1250 ac
838 1222 927 1250 verbis
939 1230 986 1250 exc

193 1268 288 1296 tollere
309 1276 404 1296 :nunc
429 1273 518 1296 autem
543 1268 588 1296 ubi
614 1269 680 1296 vidit
702 1270 775 1297 illum
801 1269 836 1297 ob
859 1269 987 1304 temporis

193 1314 398 1343 diuturnitatem
412 1314 598 1343 liberationem
615 1315 690 1342 sitire
712 1319 739 1342 et
753 1315 886 1342 malorum
906 1316 986 1343 ﬁnem

193 1361 366 1396 desidente,
381 1366 443 1390 tunc
455 1362 600 1390 vehemens
619 1361 731 1390 accedit.
746 1362 812 1395 Quia
826 1363 897 1390 enim
911 1362 988 1390 valde

193 1407 332 1436 conlectus
347 1412 422 1440 erat,
445 1415 532 1442 neque
554 1408 688 1442 respirare
709 1408 778 1435 ultra
801 1412 924 1442 poterat,
940 1407 987 1436 sed

194 1457 223 1481 et
235 1453 303 1480 mori
317 1453 451 1488 cupiebat,
466 1453 527 1480 audi
543 1453 605 1488 quid
622 1453 790 1492 (licatziNam
805 1454 827 1481 si
844 1454 908 1482 mihi
924 1462 987 1489 pos-

193 1505 252 1528 sem
276 1506 384 1527 manum
409 1499 526 1532 iul‘errc,
543 1503 590 1526 aut
609 1500 690 1527 alium
715 1507 827 1535 rogare.
843 1499 923 1528 etiam
938 1499 989 1528 hoc

195 1543 311 1573 facerem
330 1542 430 1580 (a).]Et
443 1544 502 1572 vide
517 1545 580 1572 mihi
605 1545 748 1580 nequitiam
763 1545 883 1573 mulieris
896 1566 904 1578 ,
918 1546 989 1575 unde

196 1590 286 1618 statim
312 1590 432 1618 ordiatur
452 1599 459 1617 :
476 1598 490 1617 a
513 1590 687 1618 diuturnitate
712 1591 839 1626 temporis
852 1612 858 1623 ,
874 1591 986 1620 dicens.

197 1633 334 1670 Quousque
345 1635 462 1662 tolerabis
475 1635 534 1670 (Job
546 1635 573 1662 2.
589 1636 617 1670 9)
628 1637 638 1662 '3
648 1636 675 1663 Si
690 1644 803 1671 namque
815 1644 898 1671 sa'pe,
909 1637 989 1665 etiam

195 1689 256 1708 cum
266 1681 358 1716 gravia
369 1688 423 1707 non
438 1681 567 1708 instarent
580 1682 697 1717 negotia,
714 1683 794 1709 verba
809 1683 894 1710 solum
907 1683 990 1710 emol-

198 1727 246 1754 Iire
259 1731 423 1762 potuerunt;
444 1728 530 1762 cogita
555 1728 618 1762 quid
642 1729 822 1756 verisimiliter
844 1730 901 1764 ipse
927 1734 990 1760 tunc

200 1774 367 1809 patiebatur,
389 1782 448 1801 cum
463 1778 490 1801 et
511 1772 568 1801 hazc
588 1775 669 1802 verba
685 1780 711 1801 et
727 1783 769 1802 res
793 1776 850 1810 ipse
869 1775 990 1804 dolorem

198 1821 248 1856 ipsi
271 1820 412 1848 inferrent.
438 1819 569 1855 Quodque
585 1820 703 1847 oumium
726 1821 891 1848 teterrimum
913 1826 990 1856 erat,

197 1866 268 1901 quod
279 1871 307 1894 ct
322 1873 389 1893 uxor
403 1865 461 1901 ejus
476 1866 532 1893 haec
548 1866 713 1900 Implet-ctur,
730 1871 757 1893 et
771 1875 837 1894 uxor
852 1875 911 1902 qum
928 1875 992 1895 con-

198 1912 304 1940 ciderat
324 1915 351 1940 et
372 1912 490 1939 animum
512 1912 713 1946 despondebat;
731 1913 844 1948 ideoque
868 1914 993 1943 studebat

197 1962 228 1986 et
253 1958 340 1994 ipsum
363 1958 388 1985 in
411 1957 625 1992 desperationem
652 1959 796 1993 conjicere.
814 1960 947 1987 Caeterum
964 1965 993 1989 ut

199 2007 295 2039 aperte
309 2003 446 2031 videamus
457 2004 607 2031 machinam
622 2004 646 2030 in
665 2004 734 2031 hunc
747 2013 852 2032 murum
865 2005 994 2034 adaman-

200 2050 289 2078 tinum
302 2050 436 2078 admotam
449 2047 528 2085 {ipsa
544 2051 623 2078 verba
640 2052 790 2079 audiamus.
805 2052 933 2085 Quaenam
948 2053 992 2080 illa

201 2096 286 2124 sunt?
308 2096 443 2131 Quousque
465 2097 583 2125 tolerabis
598 2097 686 2125 dicens
696 2119 703 2130 ,
719 2098 786 2126 Ecce
799 2100 932 2134 prwstolor
944 2100 993 2127 ad-

201 2142 254 2172 huc
267 2142 393 2171 modicum
408 2143 528 2178 temporis
548 2152 617 2178 spent
639 2144 728 2171 salutis
744 2145 838 2172 habent
859 2145 941 2181 (Ibid.
965 2147 993 2173 in

200 2188 320 2224 arma)?
333 2188 408 2221 Tua,
431 2190 532 2225 inquit,
559 2190 640 2217 verba
664 2190 761 2218 refellit
785 2195 907 2226 tempus,
922 2192 993 2228 quod

199 2234 353 2262 diuturnius
372 2235 469 2262 factum
480 2255 487 2267 ,
505 2235 604 2262 nullam
622 2235 730 2263 exhibet
744 2237 915 2265 solutionem.
931 2238 993 2266 Ilaec

198 2285 291 2307 autem
307 2279 430 2312 dicebat,
445 2288 496 2307 non
522 2281 601 2308 motio
625 2282 649 2308 in
665 2281 881 2317 desperationem
906 2283 992 2318 ipsum

200 2325 367 2360 conjiciens,
392 2326 439 2353 sed
455 2327 622 2361 exprobrans
645 2329 669 2356 ei
693 2334 720 2356 et
743 2329 883 2357 traducens
907 2331 992 2358 illum.

203 2371 309 2399 Etenim
327 2371 371 2398 ille
384 2371 532 2399 molestiam
547 2377 684 2400 creantcm
699 2374 783 2408 ipsam
798 2376 952 2409 consolans,
966 2381 993 2404 et

199 2415 257 2452 ejus
271 2417 352 2444 verba
365 2416 501 2453 depellens
511 2439 518 2451 ,
533 2419 594 2446 talia
609 2419 766 2455 loquebatur
778 2429 785 2448 :
800 2421 931 2456 Exspecta
944 2422 993 2450 ad-

201 2462 254 2491 huc
277 2463 426 2497 paululum.
449 2468 477 2490 et
500 2464 554 2491 cito
568 2465 628 2492 linis
643 2465 736 2493 horum
751 2467 850 2494 veniet.
875 2468 915 2495 Illi
930 2476 995 2504 ergo

201 2508 369 2544 exprobrans
381 2509 446 2538 dicit
460 2511 517 2546 ipsa
533 2520 538 2537 :
555 2512 595 2538 An
610 2519 681 2539 nunc
700 2520 805 2547 quoque
819 2513 933 2548 idipsum
950 2515 993 2541 di-

199 2554 266 2583 ces?
277 2556 390 2582 multum
405 2556 476 2583 enim
492 2558 619 2592 temporis
634 2557 689 2593 jam
702 2559 844 2593 praeteriit,
859 2565 886 2587 et
901 2560 994 2588 nullus

201 2601 298 2630 horum
313 2603 376 2630 lluis
393 2602 466 2631 visus
479 2609 529 2631 est.
544 2604 579 2631 Et
591 2604 651 2632 vide
664 2606 808 2640 nequitiam
822 2615 828 2633 :
846 2614 899 2634 non
913 2607 993 2634 boum

199 2648 348 2681 meminit,
375 2657 429 2676 non
453 2650 564 2683 ovium,
591 2658 644 2679 non
672 2652 836 2680 camelorum
857 2661 863 2685 ;
893 2654 995 2681 sciebat

199 2695 271 2722 enim
287 2694 363 2723 illum
378 2703 431 2724 non
446 2696 589 2725 admodum
604 2697 677 2726 hisce
691 2697 824 2732 morderi;
843 2698 891 2727 sed
904 2699 993 2727 statim

238 2788 276 2818 (α)
286 2787 369 2818 Verba
380 2786 477 2818 uncinis
494 2788 584 2816 clausa,
601 2794 656 2818 qua;
668 2787 825 2818 desperantis
839 2793 897 2818 esse
910 2785 996 2811 viden-

207 2821 257 2850 tur,
270 2817 437 2851 iu_hodieruis
447 2817 633 2851 exemplaribus
646 2825 693 2842 non
706 2817 950 2851 Iiaheuturlfossunt
960 2820 995 2851 ta:

206 2847 264 2874 mon
275 2849 324 2874 alio
333 2855 407 2881 sensu
421 2847 518 2873 mitiore
527 2847 646 2879 intelligi,
658 2854 746 2881 nernpe
754 2858 759 2871 :
768 2848 827 2872 Nam
838 2849 857 2881 si
865 2847 994 2881 μετανιθί

207 2881 242 2905 ﬁas
255 2884 332 2911 esset,
340 2880 359 2905 si
372 2879 426 2904 sine
438 2883 540 2910 peccato
550 2878 646 2910 possem
657 2878 715 2903 mihi
728 2886 825 2903 manum
837 2878 993 2909 interrc,ett;.

677 145 710 173 IN
729 144 862 174 EPISTJ
893 144 940 172 AD
957 142 1037 172 (ΞΟΠ.
1057 143 1174 173 HOIIIL.
1195 146 1315 176 XXVIII.

1778 156 1834 185 $.58

1038 202 1111 230 venit
1126 203 1158 231 ad
1183 208 1323 238 naturam,
1340 211 1368 234 et
1388 206 1455 234 ﬁlios
1470 206 1498 235 in
1519 209 1677 239 memoriam
1698 219 1807 241 revocat
1836 224 1842 240 :

1037 248 1139 276 viderat
1151 250 1223 277 enim
1237 251 1322 286 ipsum
1335 252 1441 280 amissis
1454 253 1517 282 ﬁliis
1538 261 1641 284 vestem
1664 257 1804 286 discidisse
1833 280 1839 292 ,

1037 297 1065 320 et
1077 301 1181 322 comam
1196 297 1353 325 totondisse.
1368 298 1460 333 Neque
1484 299 1562 333 dixit,
1577 300 1638 329 Filii
1657 302 1696 330 tui
1713 304 1828 339 periere,

1037 340 1085 367 sed
1101 341 1182 369 modo
1200 342 1233 370 ad
1248 344 1510 373 commiserationem
1525 348 1674 382 composito
1688 359 1695 376 τ
1714 349 1830 378 υρΙειιιιιι

1037 391 1074 413 εει
1094 388 1240 416 memoriale
1254 393 1324 416 tuum
1339 390 1369 417 de
1383 395 1450 418 terra
1460 413 1467 424 ,
1484 398 1596 429 propter
1611 395 1681 429 quod
1696 395 1743 423 lilii
1758 396 1831 423 desi-

1037 432 1172 460 derabiles
1186 439 1258 461 sunt.
1275 434 1382 463 Etenim
1393 437 1416 464 si
1431 438 1511 465 etiam
1526 447 1596 467 nunc
1609 461 1615 472 ,
1631 448 1692 468 cum
1707 449 1830 469 resurre-

1037 481 1093 506 ctio
1109 479 1194 507 futura
1215 482 1352 514 creditur,
1374 483 1436 511 hinc
1463 484 1510 512 ﬁlii
1533 485 1725 516 desiderabiles
1748 493 1830 522 sunt,

1038 525 1110 560 quod
1139 534 1232 553 eorum
1255 527 1299 562 qui
1323 528 1499 557 decesserunt
1520 533 1678 560 memoriam
1701 539 1832 568 servent,

1038 571 1123 598 multo
1137 572 1221 607 magis
1237 576 1309 600 tunc.
1327 573 1390 601 Ideo
1405 574 1467 602 hinc
1483 576 1636 604 maledictio
1651 579 1775 606 acerbior
1789 579 1832 607 ef-

1038 617 1136 644 ﬁcitur.
1152 618 1243 653 Neque
1255 620 1327 646 enim
1341 620 1385 654 qui
1400 620 1454 648 illic
1464 627 1620 650 exsecratur
1633 623 1697 651 dicit
1709 634 1716 651 :
1735 625 1833 653 Exter~

1039 663 1174 691 minentur
1186 664 1232 691 ﬁlii
1245 686 1252 698 ,
1267 665 1314 693 sed
1324 686 1332 699 ,
1348 666 1498 694 Memoriale
1522 668 1576 703 ejus
1591 676 1604 695 e
1617 674 1684 696 terra
1702 670 1763 704 (Job
1777 671 1810 698 l8
1822 691 1830 699 .

1038 710 1083 744 I7)
1095 731 1102 744 ,
1120 719 1216 746 nempe
1232 712 1279 739 ﬁlii
1295 713 1331 739 tui
1345 717 1373 740 et
1385 713 1446 740 ﬁliae
1462 718 1523 741 tum.
1537 714 1603 742 Cum
1621 715 1733 744 dixisset
1748 718 1832 750 enim,

1039 756 1189 784 Mrmoriale
1201 779 1209 791 ,
1223 763 1347 786 accurate
1359 767 1453 787 rursus
1464 764 1606 796 utrumque
1620 769 1712 788 sexum
1729 770 1831 790 memo-

1038 808 1099 830 rat:
1114 803 1141 830 Si
1156 809 1244 831 autem
1264 804 1320 832 haec
1331 825 1338 837 ,
1353 805 1457 840 inquit,
1474 814 1528 833 non
1543 799 1675 834 tibi‘curu:
1690 813 1751 835 sunt
1764 829 1771 840 ,
1782 801 1832 835 'uic

1038 849 1132 876 saltem
1153 855 1278 884 spectes:
1304 850 1376 878 Utert'
1399 852 1447 878 mei
1468 852 1568 880 dolore:
1586 853 1747 889 laboresque,
1770 863 1833 890 quos

1039 897 1135 932 frustm
1149 905 1204 924 sum
1218 906 1350 932 perpessa.
1368 898 1394 926 Id
1411 903 1452 925 est
1464 919 1472 932 ,
1494 907 1553 934 qum
1575 900 1704 935 majorem
1722 901 1768 927 tuli
1783 901 1832 928 do-

1038 942 1135 975 lorem,
1151 942 1247 978 injuria
1264 949 1374 978 propter
1388 949 1412 972 te
1426 944 1521 972 affecta
1536 953 1595 973 sum
1608 955 1614 972 :
1630 946 1738 973 dolores
1751 947 1830 979 subii,

1039 991 1066 1014 ct
1081 988 1210 1015 fructibus
1226 996 1285 1016 sum
1299 990 1413 1024 privata.
1431 989 1464 1017 Et
1478 991 1537 1018 vide
1550 991 1685 1026 quomodo
1698 991 1830 1026 jacturam

1039 1034 1213 1067 pecuniarum
1228 1043 1315 1070 neque
1331 1041 1484 1070 memoret,
1502 1045 1588 1072 neque
1605 1042 1690 1066 taceat
1702 1039 1744 1066 vel
1766 1047 1834 1074 prat-

1039 1083 1186 1113 tcrcurrat,
1202 1081 1248 1108 sed
1264 1087 1292 1108 ut
1306 1082 1404 1109 licebat
1423 1083 1494 1110 illam
1508 1084 1697 1112 miserabiliter
1713 1090 1832 1119 tangere,
1863 1111 1867 1113 ,

1039 1126 1124 1161 ipsam
1139 1127 1302 1154 subindicct.
1328 1127 1394 1155 Cum
1410 1129 1481 1156 enim
1497 1129 1581 1162 dicit,
1598 1129 1630 1156 Et
1646 1138 1691 1164 ego
1711 1130 1834 1156 errabun-

1040 1172 1074 1198 da
1098 1177 1122 1199 et
1144 1181 1232 1206 serva,
1255 1181 1271 1199 a
1290 1173 1345 1200 loco
1361 1174 1387 1200 in
1402 1174 1484 1201 locum
1497 1196 1505 1207 ,
1523 1180 1544 1201 et
1564 1184 1579 1202 a
1600 1175 1675 1202 domo
1689 1176 1715 1202 in
1731 1176 1833 1202 domum

1039 1218 1256 1252 circumcursans,
1274 1223 1300 1246 et
1320 1219 1452 1253 jacturam
1476 1220 1628 1248 subindicat
1641 1241 1647 1253 ,
1663 1226 1688 1248 et
1710 1229 1833 1256 magnam

1040 1262 1148 1290 exhibet
1169 1264 1427 1292 connniserationem
1443 1274 1449 1292 :
1466 1274 1526 1292 nam
1543 1267 1599 1301 ipsa
1625 1267 1705 1294 verba
1720 1273 1833 1302 possunt

1040 1309 1219 1337 calamitatem
1235 1310 1399 1346 ampliﬁcare
1415 1321 1421 1339 :
1437 1312 1478 1339 Ad
1493 1313 1625 1345 aliorum,
1643 1313 1749 1349 inquit,
1766 1314 1833 1341 ostia

1040 1356 1129 1383 venio.
1153 1355 1246 1391 Neque
1261 1356 1332 1384 cnim
1348 1357 1436 1384 solum
1452 1357 1576 1385 mendico
1590 1379 1598 1392 ,
1614 1358 1661 1386 sed
1676 1359 1756 1386 etiam
1772 1366 1835 1386 erro

1041 1405 1068 1429 et.
1083 1401 1239 1429 servitutem
1260 1403 1343 1430 subeo
1359 1410 1411 1430 non
1425 1408 1606 1438 esspcctalam
1622 1408 1650 1431 et
1664 1412 1770 1435 novam,
1786 1412 1835 1430 un-

1040 1447 1120 1483 dique
1134 1448 1297 1476 circumiens
1310 1454 1336 1476 et
1351 1449 1510 1477 calamitatis
1524 1451 1598 1485 signa
1621 1449 1812 1478 circumferens
1824 1470 1834 1483 ,

1041 1501 1187 1528 omnesque
1202 1493 1270 1520 mala
1294 1502 1354 1523 mea
1370 1494 1487 1527 docens;
1504 1495 1575 1530 quod
1596 1496 1716 1523 omnium
1737 1497 1833 1523 miser-

1042 1540 1138 1567 rimum
1160 1545 1219 1573 est,
1235 1541 1343 1568 domum
1368 1541 1523 1577 frequenter
1546 1547 1659 1570 mutare.
1688 1542 1779 1578 Neque
1794 1543 1836 1569 hic

1042 1586 1203 1614 lamentandi
1220 1587 1298 1615 ﬁnem
1323 1587 1385 1615 fecit
1397 1608 1404 1621 ,
1418 1588 1466 1616 scd
1479 1588 1618 1623 subjunxit
1637 1588 1729 1616 dicens
1751 1598 1757 1616 :
1781 1589 1835 1616 Ea:-

1041 1637 1157 1668 spectans
1171 1633 1250 1660 solent
1264 1633 1366 1668 quando
1387 1635 1491 1668 occidet,
1505 1639 1528 1661 et
1544 1635 1698 1669 requiescant
1712 1644 1727 1662 α
1742 1635 1837 1662 labori-

1042 1678 1089 1706 bus
1102 1680 1162 1706 meis
1176 1684 1198 1706 et
1214 1689 1229 1706 ιι
1243 1679 1373 1709 doloribus
1394 1682 1436 1716 qui
1449 1689 1487 1708 me
1502 1681 1658 1708 circumdant
1673 1687 1696 1709 et
1715 1682 1836 1708 detinent.

1043 1725 1119 1758 Quod
1134 1726 1204 1752 enim
1219 1726 1279 1753 aliis
1294 1734 1376 1753 suave
1392 1731 1433 1754 est
1446 1747 1453 1759 ,
1475 1727 1560 1762 inquit
1573 1747 1581 1760 ,
1603 1727 1707 1754 radium
1723 1727 1814 1753 videre
1829 1746 1837 1758 ,

1044 1770 1096 1798 hoc
1110 1771 1173 1797 mibi
1190 1779 1290 1806 grave;
1305 1771 1498 1799 desiderabiles
1511 1777 1599 1800 autem
1615 1773 1680 1800 mihi
1700 1778 1762 1800 sunt
1786 1780 1838 1799 nox

1044 1821 1072 1844 et
1086 1817 1202 1844 tenebrae
1216 1825 1224 1847 ;
1246 1817 1286 1844 lue
1302 1818 1366 1845 mihi
1382 1826 1396 1845 a
1414 1818 1559 1847 sudoribus
1573 1819 1690 1854 quietem
1711 1820 1818 1855 pariunt
1830 1840 1837 1851 .

1045 1863 1088 1891 lim
1102 1864 1167 1890 mihi
1195 1868 1258 1891 sunt
1281 1864 1307 1891 in
1329 1865 1405 1892 malis
1421 1866 1579 1893 CtIIISUiﬂlIO.
1602 1866 1656 1893 Sed
1679 1866 1720 1893 die
1739 1866 1840 1893 verbum

1045 1914 1134 1936 contra
1152 1909 1306 1942 Demittunt,
1324 1915 1347 1937 et
1364 1919 1471 1938 morere.

1093 1957 1119 1984 5.
1141 1956 1262 1984 Vidistin‘
1289 1958 1332 1985 hic
1357 1966 1462 1993 quoque
1487 1958 1652 1993 nequitiam?
1680 1967 1733 1994 quo
1761 1963 1838 1993 pacto

1046 2001 1073 2029 in
1097 2002 1209 2029 consilio
1230 2010 1279 2030 suo
1303 2011 1356 2030 non
1383 2004 1471 2030 statim
1502 2003 1637 2032 induxerit
1660 2005 1838 2039 perniciosam

1046 2048 1275 2079 adhortationem.
1300 2049 1347 2076 sed
1375 2056 1435 2076 cum
1462 2051 1535 2084 prius
1564 2050 1730 2077 calamitates
1759 2050 1840 2077 misc-

1046 2092 1166 2121 rabililcr
1200 2099 1375 2127 enarrasset,
1405 2099 1430 2121 ct
1464 2095 1619 2129 tragu‘diam
1652 2094 1840 2129 cxtcndisset,

1045 2139 1138 2175 paucis
1152 2139 1244 2167 verbis
1268 2139 1483 2167 adhortationem
1508 2141 1599 2175 ponit,
1617 2149 1702 2175 neque
1718 2141 1789 2168 clare
1811 2141 1842 2167 ili,-

1046 2186 1097 2213 lam
1113 2186 1225 2218 iudicat,
1241 2185 1288 2213 sed
1302 2187 1474 2214 subindicans
1492 2187 1564 2214 illam
1579 2208 1586 2221 ,
1602 2189 1720 2216 maxime
1733 2188 1842 2215 deside-

1046 2232 1157 2260 rabilem
1179 2233 1228 2268 ipsi
1249 2233 1374 2268 proponit
1392 2233 1576 2262 liberationem
1591 2255 1598 2267 ,
1615 2239 1641 2261 et
1661 2240 1773 2262 mortem
1790 2234 1841 2261 dc-

1049 2279 1171 2311 nuntiat,
1188 2287 1267 2314 quam
1281 2288 1453 2315 summopere
1465 2281 1596 2315 optabat?
1611 2281 1644 2308 Et
1660 2281 1721 2308 hinc
1735 2289 1843 2316 quoque

1047 2325 1159 2352 observa
1183 2325 1281 2352 diaboli
1307 2326 1438 2353 vafritiem
1463 2331 1490 2353 et
1513 2326 1652 2354 malitiam.
1678 2327 1743 2361 Quia
1768 2327 1841 2354 enim

1047 2370 1148 2397 sciebat
1162 2370 1222 2398 .Iobi
1236 2379 1355 2399 amorem
1369 2380 1430 2406 erga
1444 2372 1536 2404 Deum,
1551 2380 1603 2401 non
1617 2373 1680 2400 sinit
1700 2373 1841 2400 mulierem

1048 2416 1131 2444 Deum
1153 2424 1297 2450 accusare,
1322 2425 1355 2445 ne
1376 2417 1419 2445 ille
1436 2422 1463 2445 ut
1487 2418 1621 2446 inimicam
1646 2419 1729 2453 ipsam
1750 2420 1842 2446 statim

1047 2468 1227 2491 aversaretur.
1247 2463 1308 2491 Ideo
1329 2464 1388 2499 ejus
1402 2473 1531 2499 nusquam
1556 2466 1693 2499 meminit,
1711 2466 1757 2494 scd
1779 2474 1843 2502 qua:

1047 2510 1201 2538 acciderant
1223 2518 1269 2537 sus
1292 2510 1379 2546 deque
1402 2516 1500 2539 versat.
1529 2512 1568 2540 Tu
1592 2518 1699 2546 autem,
1723 2521 1784 2541 cum
1806 2513 1840 2540 iis

1046 2564 1105 2591 qua:
1117 2556 1186 2583 dicta
1203 2562 1264 2583 sunt
1277 2578 1284 2590 ,
1296 2557 1364 2585 adde
1378 2558 1517 2586 mulierem
1531 2558 1611 2587 fuisse
1627 2567 1687 2595 qua:
1698 2559 1749 2587 hoc
1760 2560 1841 2587 dabat

1047 2603 1190 2630 consilium
1204 2623 1211 2636 ,
1228 2604 1415 2632 vehementem
1441 2610 1575 2633 oratorem
1590 2606 1624 2633 ad
1639 2614 1686 2634 eos
1701 2606 1840 2641 pellicicu—

1046 2647 1095 2675 dos
1108 2648 1153 2683 qui
1168 2657 1220 2675 nun
1235 2649 1386 2677 attendunt.
1402 2650 1475 2678 Multi
1489 2656 1564 2678 certe
1583 2652 1664 2679 etiam
1677 2652 1778 2687 absque
1794 2660 1840 2679 ca-

1046 2694 1210 2722 lamitatibus
1224 2703 1238 2722 a
1253 2696 1311 2723 solo
1325 2697 1466 2724 mulierum
1482 2694 1597 2725 consilio
1610 2697 1705 2734 deiecti
1721 2697 1840 2725 ﬁxerunt.

1046 2739 1114 2773 Quid
1128 2741 1207 2776 igitur
1220 2741 1263 2768 hic
1277 2742 1317 2768 vir
1334 2742 1438 2775 beatus,
1453 2747 1479 2770 et
1490 2743 1632 2770 adamante
1641 2742 1753 2770 fortior?
1767 2743 1843 2769 Acri-

1048 2790 1089 2813 ter
1104 2786 1175 2813 illam
1189 2787 1317 2820 intuitus,
1341 2795 1355 2814 a
1375 2788 1435 2815 solo
1449 2793 1556 2824 aspectu
1568 2810 1575 2822 ,
1591 2793 1730 2823 antequam
1748 2796 1843 2815 \‘uccm

1047 2831 1197 2864 emitteret,
1214 2833 1352 2861 machinas
1374 2833 1486 2868 depulit.
1512 2833 1556 2861 Illa
1574 2834 1644 2862 enim
1660 2833 1785 2866 sperabat
1810 2841 1839 2860 sc

1048 2878 1229 2916 lacrymarum
1243 2880 1329 2908 fontes
1343 2884 1475 2908 moturam
1498 2887 1558 2908 esse
1580 2889 1587 2908 :
1613 2879 1655 2907 hic
1675 2885 1738 2906 vero
1763 2878 1846 2906 leone
