1989 3124
102 155 148 182 2n
617 149 652 178 IN
669 143 776 177 ertsr.
791 147 801 176 t
833 147 879 175 AD
897 146 907 174 t

962 164 976 174 λ.
997 146 1112 175 Ιιοδιιιι.
1132 145 1230 175 XXIX.

101 213 301 251 prmdteerent)
316 221 323 240 :
339 212 437 241 deinde
449 212 510 247 quia
525 211 560 239 de
575 211 627 245 iis,
642 217 702 246 qum
717 209 875 238 dicebantur
887 227 896 240 ,

102 267 155 288 non
179 263 289 295 poterat
311 258 381 286 ratio
406 257 499 290 reddi,
527 264 588 285 cum
608 263 652 284 res
677 263 736 290 quat
763 254 899 288 medietas

102 307 209 334 fuerant
233 305 353 333 nondum
376 304 549 336 evenissent,
570 307 597 330 et
613 302 690 329 l'acile
710 301 899 328 confutabatur

103 349 284 386 (mendacem
308 350 378 377 enim
405 354 432 377 et
456 356 578 376 veracem
611 347 671 374 ﬁnis
697 346 898 382 comprobat):

102 404 138 424 ne
146 400 210 423 ante
222 395 305 423 ﬁnem
315 395 450 422 auditores
459 395 657 429 deciperentur,
669 394 715 420 dat.
723 393 773 420 illis
782 393 898 427 signum,

102 441 176 476 quod
190 443 273 470 etiam
293 447 355 469 ante
375 446 499 469 eventum
520 440 590 467 hunc
609 445 637 467 et
652 440 726 466 illum
749 439 898 467 indicaret:

103 493 130 515 et
144 488 207 515 hinc
223 492 335 521 accepta
350 486 540 521 consequentia
553 491 579 513 et
596 486 738 521 principio,
753 485 791 512 sic
804 485 828 511 in
844 492 901 511 ser-

104 540 213 561 monem
227 532 264 560 de
286 532 491 560 charismatibus
513 532 627 563 transit,
650 535 678 558 et
702 531 900 558 contentionem

105 579 166 606 inde
178 579 322 606 subortam
337 578 455 613 corrigit.
471 576 577 604 Interim
589 584 652 603 vero
665 576 698 603 de
710 575 902 602 divinatoribus

105 625 218 660 loquens
233 625 274 651 sic
289 624 394 651 orditur
409 633 415 651 :
437 623 474 650 De
489 623 663 658 spiritualt‘bus
683 627 767 648 autent
783 621 841 648 nolo
859 629 901 647 vos

106 673 243 706 ignaram,
260 672 372 706 fratres;
387 670 533 705 spiritualia
547 676 646 696 vocans
659 669 732 703 signa
746 688 754 701 ,
780 668 840 702 quia
858 667 901 694 illa

106 718 222 753 Spiritus
236 717 321 745 solius
335 721 396 744 sunt
410 724 501 752 opera,
517 716 634 743 humano
650 716 739 742 studio
753 715 819 742 nihil
833 715 900 741 atl‘e-

107 769 183 792 rente
196 763 231 791 ad
249 764 313 792 talia
326 764 453 791 miracula
477 763 616 798 patranda.
639 763 674 790 Et
687 763 720 790 de
741 762 794 789 illis
809 762 901 796 dispu-

109 815 231 843 taturos,
249 809 323 843 prius
334 830 342 841 ,
363 813 390 836 nl
406 809 459 836 dixi
471 829 478 841 ,
500 808 691 835 divinationem
707 807 777 835 inter
797 811 824 834 ct
840 815 904 841 pro-

108 856 227 890 phetiam
242 854 423 882 differentiam
444 855 535 889 ponit,
560 855 599 881 sic
612 854 704 881 dicens
719 862 725 879 :
743 854 820 880 Scitis
835 853 904 887 quod

109 911 168 929 cum
181 907 267 937 gentes
289 901 392 933 essetis,
413 901 447 927 ad
467 901 604 928 simulacra
622 905 691 926 muta
706 904 779 933 prout
795 899 904 926 duceba-

109 949 172 975 mini
181 953 278 975 euntes.
292 947 320 974 ld
333 951 394 974 est:
411 947 438 973 In
454 946 543 979 idolis,
559 946 654 981 inquit,
669 946 690 972 si
705 946 764 980 quis
778 946 904 979 abreptus

110 999 181 1022 esset
201 1002 217 1021 a
241 994 338 1029 spiritu
365 992 521 1025 immundo,
545 997 572 1020 et
594 993 802 1024 vaticinaretur,
829 992 904 1026 quasi

111 1042 242 1069 abductus
257 1041 298 1068 sic
319 1041 364 1068 ille
384 1040 541 1067 trahebatur
553 1047 567 1065 a
581 1039 678 1073 Spiritu
694 1039 797 1066 vinctus
811 1059 817 1069 ,
840 1038 905 1064 nihil

111 1088 197 1115 sciens
210 1093 306 1114 eorum
321 1093 381 1121 qua:
395 1086 510 1113 dicebat.
533 1084 588 1112 lloc
602 1084 672 1112 enim
688 1084 828 1111 divinatan
844 1091 905 1118 pro-

112 1134 195 1168 prium
213 1137 266 1166 est,
281 1137 311 1160 ut
324 1137 413 1160 mente
428 1132 549 1162 excedat.
566 1132 619 1159 vim
636 1132 761 1166 patiatur,
777 1132 903 1166 pellatur,

113 1179 231 1207 trahatur
242 1198 252 1212 ,
268 1178 344 1213 quasi
359 1178 458 1205 hircus.
480 1177 612 1212 Propheta
629 1185 693 1204 vero
709 1186 760 1204 non
776 1177 814 1204 sic
829 1198 835 1209 ,
858 1177 905 1204 sed

113 1234 170 1254 cum
184 1226 260 1260 vigili
275 1231 366 1253 mente
376 1245 383 1258 ,
397 1232 457 1253 cum
473 1226 630 1259 temperanti
645 1226 846 1256 constitutione,
861 1225 905 1252 illa

113 1274 199 1300 sciens
211 1280 274 1308 qute
287 1272 373 1305 dicit,
389 1272 477 1299 omnia
494 1272 622 1307 loquitur.
641 1272 731 1306 Itaque
746 1272 827 1298 etiam
844 1276 906 1298 ante

113 1324 237 1346 eventum
248 1318 312 1345 ltine
323 1318 475 1345 internosce
489 1322 577 1344 vatem
585 1320 611 1344 et
623 1317 790 1352 prophetam.
803 1317 835 1343 Et
848 1317 907 1343 vide

113 1372 190 1399 quam
201 1371 256 1392 non
267 1368 422 1398 suspectum
437 1362 552 1397 proferat
564 1370 715 1389 sermonem
729 1372 735 1389 :
748 1363 820 1397 ipsos
832 1366 909 1389 vocat

114 1414 205 1442 testes,
222 1409 268 1445 qui
283 1409 320 1437 rei
331 1408 528 1443 experientiam
542 1407 664 1435 fecerint.
681 1408 756 1440 Quod
772 1407 842 1434 enim
856 1415 908 1434 non

113 1455 242 1488 mentiar,
256 1454 359 1489 inquit,
376 1461 462 1489 neque
476 1458 577 1481 temere
591 1461 620 1480 ea
637 1461 697 1488 qua:
707 1453 828 1488 gentium
845 1457 908 1480 sunt

115 1500 252 1527 traducam
263 1520 272 1533 ,
289 1500 392 1534 ﬁngens
407 1504 540 1534 tamquam
556 1499 680 1526 inimicus
693 1519 700 1530 ,
715 1506 762 1526 vos
778 1499 826 1532 ipsi
844 1498 908 1525 mihi

115 1547 206 1574 feratis
230 1546 415 1574 testimonium
438 1555 444 1573 :
468 1546 567 1573 etenim
587 1546 636 1580 ipsi
659 1546 733 1573 scitis
755 1546 908 1580 quomodo,

115 1601 174 1620 cum
183 1593 282 1621 essetis
292 1592 390 1624 Gnaei,
407 1592 482 1619 tracti
497 1591 707 1619 abducercmiui.
724 1591 799 1625 Quod
815 1592 836 1618 si
851 1592 910 1626 quis

117 1639 184 1672 lixis,
209 1642 305 1673 utpote
326 1637 440 1670 ﬁdeles,
465 1642 605 1671 suspectos
626 1644 685 1664 esse
709 1637 824 1668 dixerit;
843 1644 909 1671 age,

117 1685 195 1712 etiam
218 1684 254 1712 ab
275 1683 397 1711 externis
423 1682 472 1710 hoc
495 1682 571 1710 vobis
596 1682 765 1709 nianifestum
789 1682 909 1709 reddam.

118 1730 184 1757 Audi
196 1736 264 1765 ergo
279 1729 419 1756 Platonem
434 1729 472 1755 sit:
486 1729 638 1763 loquentem
658 1737 664 1755 :
681 1728 911 1761 Quemadmodum

118 1776 281 1803 divinatum
293 1781 320 1803 et
332 1779 408 1802 vates
422 1775 503 1802 multa
519 1773 626 1809 quidem
639 1779 665 1801 et
679 1774 788 1808 pulchra
801 1774 911 1806 dicunt;

118 1829 211 1849 eorum
232 1828 298 1849 vero
320 1828 380 1856 qua:
404 1820 542 1855 proferunt
569 1819 635 1846 nihil
659 1820 748 1847 sciunt
772 1819 819 1855 (n).
842 1820 912 1847 Audi

117 1867 198 1896 alium
212 1874 321 1902 quoque
337 1870 441 1901 poetam
454 1866 547 1893 eadem
564 1866 619 1901 ipsa
636 1866 809 1893 iudicantem.
833 1865 911 1893 Post-

117 1921 198 1948 quam
213 1911 373 1948 quibusdam
389 1911 582 1939 initiationibus
602 1917 629 1939 et
650 1912 790 1946 prmstigiis
809 1912 911 1939 dmino-

117 1966 184 1986 nem
198 1958 260 1992 quis
273 1957 373 1986 homini
386 1957 557 1992 alligaverat,
573 1958 617 1985 ille
631 1966 693 1985 vero
708 1958 912 1990 vaticinabatur,

116 2006 238 2039 dumque
252 2003 443 2031 vaticinaretur
455 2003 500 2031 ille
510 2024 517 2035 ,
534 2003 688 2037 raptabatur
704 2008 730 2030 ct
746 2003 912 2038 discerpcha-

117 2057 166 2078 tur
177 2071 186 2084 ,
200 2058 231 2078 ac
241 2050 375 2078 daemonis
389 2050 515 2084 itupetum
529 2050 598 2077 ferre
611 2056 663 2077 non
681 2053 800 2084 poterat,
814 2050 861 2077 sed
875 2050 914 2077 sic

117 2100 239 2130 raptatus
261 2096 398 2132 periturus
419 2100 495 2128 erat;
523 2096 554 2124 iis
580 2096 624 2131 qui
649 2096 745 2124 talibus
772 2097 915 2132 praestigiis

117 2143 218 2170 dabant
232 2151 345 2179 operam
360 2143 426 2170 dicit
440 2150 447 2169 :

117 2199 216 2227 Soluite
229 2199 332 2226 demum
344 2207 354 2226 :
369 2206 452 2234 regem
467 2200 539 2226 deum
556 2199 668 2226 mortalis
683 2207 732 2226 non
747 2200 813 2226 ultro
828 2199 895 2233 capit
904 2209 913 2232 ;

116 2262 144 2285 et
159 2262 263 2285 rursum
279 2266 286 2285 Ξ

118 2315 216 2343 Solvite
225 2321 292 2343 serta
303 2315 378 2348 mihi,
390 2320 465 2346 atque
475 2314 549 2348 pedes
559 2315 683 2349 aspergite
694 2315 797 2350 lympha
809 2315 913 2347 munda,

119 2361 153 2387 Et
166 2366 346 2397 expungantur
360 2360 424 2387 milii
436 2359 525 2393 lincw,
542 2365 568 2386 ut
581 2360 668 2387 adesse
682 2361 775 2395 possim
787 2361 835 2395 (ιι).

150 2427 249 2457 (anno
258 2425 366 2452 Platonis
377 2426 452 2451 verba
463 2425 583 2451 habentur
591 2427 615 2450 in
621 2425 738 2457 Apologia
750 2427 851 2451 socratis
861 2427 914 2451 edi-

118 2457 197 2482 tionis
205 2457 396 2493 Henricisteph.
405 2463 468 2482 anno
482 2457 550 2487 1578,
563 2460 636 2492 Temo
647 2458 672 2493 μ,
726 2457 764 2493 Ξῆ.

151 2488 190 2512 {bl
201 2487 228 2512 in
239 2489 293 2512 hac
303 2493 411 2512 carmina
423 2487 474 2512 haec
484 2487 556 2512 docte
567 2487 665 2512 disserit.
676 2488 687 2512 Ι
700 2488 761 2512 alesi

151 2488 190 2518 (β)
201 2487 228 2513 lu
239 2489 293 2513 haec
303 2487 411 2513 carmina
423 2487 474 2512 haec
484 2487 556 2512 docte
567 2487 665 2512 disserit
676 2487 792 2512 Halesius
809 2489 832 2512 iu
851 2489 915 2513 notis

117 2517 253 2554 manans,
264 2526 291 2554 p._
299 2517 363 2544 276-.
372 2523 459 2554 Versus
469 2517 525 2544 ista:
535 2518 602 2554 apud
611 2522 735 2554 poetarton
748 2518 854 2554 utiquam
865 2520 917 2551 rru-

118 2554 171 2574 wa
177 2548 312 2582 quisic—ris.
324 2548 482 2582 Quamobrem
491 2556 546 2582 eu_m
552 2548 747 2582 Chrymtomunt
755 2548 843 2575 audias
855 2548 917 2575 tam-

118 2579 217 2615 qupﬁe
231 2584 301 2613 poeta
316 2579 495 2613 proferentem.
516 2579 622 2612 intellig—te
641 2580 787 2606 l’lttetmdem
809 2585 915 2616 seupy-

117 2611 205 2637 tlnam.
225 2615 283 2637 Sunt
302 2611 367 2637 enim
389 2611 562 2643 petphiqorum
581 2610 915 2643 oraculorumrcanctuswms

119 2643 244 2678 ququam,
256 2641 558 2678 υοςαιινερωήιωᾴειδϋὶ
567 2641 672 2678 abeundi
683 2642 788 2678 gratiam
798 2642 855 2675 ﬁeri
872 2649 915 2678 pe.

118 2672 241 2708 uutzmtjfi
369 2672 458 2708 [larunt
468 2672 540 2708 haee;
551 2674 617 2708 apud
632 2672 803 2708 Tlteédpretum'
814 2672 914 2708 capfde

119 2704 241 2739 oracula,
250 2708 274 2730 et
285 2705 354 2735 apud
366 2703 495 2739 Eusebium
505 2703 571 2739 libro:
577 2705 592 2730 5
600 2704 749 2760 ειηιὲἕειίσω
756 2703 915 2739 ρνωραὴςιίοε

120 2741 165 2760 In.
183 2736 253 2760 loud
264 2735 378 2760 eumdem
394 2738 467 2760 etutm
486 2734 612 2760 Eusebium
629 2734 640 2759 I
677 2742 703 2760 es
713 2737 832 2760 posteram
842 2735 915 2760 άιςιι-

183 2734 253 2767 .lpud
264 2734 378 2767 eumdem
394 2734 478 2767 etiam
486 2734 703 2767 Eusebiumrltubes
842 2735 915 2761 dist:-

120 2765 190 2801 tflutyl,
201 2765 264 2798 good
276 2766 390 2801 quoniam
408 2769 444 2790 est
454 2765 587 2801 obscurius,
600 2766 677 2792 mum
689 2765 913 2801 ⁸ιιὶιιιεῂςξῇηιίςιφιέ-

121 2797 176 2821 tm".
183 2795 415 2833 ’ῡειεννᾱὺαιᾳ-οιιιη
423 2795 602 2833 superstitious
617 2795 735 2828 quade
746 2795 912 2833 ridiculosque

121 2828 267 2854 manantia:
276 2848 283 2857 ,
296 2827 538 2859 ηπιδιιιωρηξιιεικιηιΔ
548 2827 671 2859 dammas
682 2828 786 2859 euocati,
797 2832 820 2853 et
832 2827 912 2854 vet'ud

122 2859 213 2896 prima
221 2856 350 2896 colloquia,
363 2857 444 2896 velud
456 2856 555 2896 oracula
565 2858 660 2896 edenda
668 2858 758 2896 pellit}.
766 2856 912 2896 ceremoniis

179 2894 270 2917 tantum
279 2888 358 2917 om
369 2888 428 2921 vim,
438 2894 481 2915 seu
492 2888 578 2922 potius,
591 2892 614 2915 tu
626 2888 722 2916 invitius
734 2890 837 2924 loquitur
845 2891 916 2917 Por—

1696 146 1748 175 ’ἓνιῖ

955 206 1017 235 Haec
1030 206 1102 234 enim
1117 211 1146 234 et
1158 205 1255 234 similia
1265 205 1277 240 (
1288 212 1349 233 nam
1363 204 1443 240 longe
1454 204 1530 240 plura
1546 204 1600 233 dici
1617 212 1725 240 possent
1740 208 1749 241 )

953 259 1065 289 utraque
1078 253 1156 281 nobis
1166 252 1312 281 ostendunt
1323 256 1352 280 et
1362 252 1550 280 necessitatem
1563 259 1614 287 qua
1627 252 1750 279 serviunt

954 300 998 335 qui
1013 299 1165 327 detinentur
1177 299 1314 326 darmones
1327 318 1335 331 ,
1352 302 1379 325 et
1391 297 1444 324 vim
1458 305 1536 332 quam
1551 298 1715 325 sustinentes
1732 298 1749 324 it

954 346 998 381 qui
1010 345 1092 373 semel
1106 353 1135 373 se
1150 345 1213 380 ipsis
1226 344 1396 377 dediderunt,
1406 349 1433 371 et
1445 351 1458 370 a
1471 344 1583 370 naturali
1600 351 1645 370 sua
1661 348 1749 370 tuente

954 391 1096 419 excedunt.
1115 391 1206 426 Pythia
1222 398 1285 417 vero
1301 390 1393 424 (cogor
1405 389 1476 417 enim
1490 389 1570 416 aliam
1585 397 1690 424 quoque
1704 397 1750 416 eo-

956 446 1014 464 rum
1037 436 1226 471 turpi.udincm
1250 436 1390 462 traducere
1403 455 1409 465 ,
1424 442 1503 469 quam
1525 434 1623 461 bonum
1641 434 1748 469 quidem

955 488 1026 509 esset
1050 482 1253 517 prartcrmittere
1267 502 1273 514 ,
1288 481 1359 515 quod
1375 480 1532 507 indecorum
1547 480 1624 507 nobis
1638 480 1672 506 sit
1688 480 1749 506 talia

956 528 1095 563 proferre;
1120 533 1148 554 ut
1164 533 1251 554 autrm
1268 527 1372 553 illorqu
1389 525 1506 553 dedecus
1521 526 1619 553 clarius
1633 526 1729 552 evadat
1741 546 1750 558 ,

955 574 1136 600 necessarium
1157 578 1197 600 est
1214 572 1320 604 dicere;
1338 578 1366 598 ut
1387 572 1448 598 hinc
1463 572 1571 598 discatis
1584 571 1727 598 amentiam
1741 591 1750 603 ,

955 624 981 646 et
995 619 1104 646 ridicula
1119 623 1191 653 gesta
1205 625 1297 645 eorum
1311 618 1355 652 qui
1370 618 1472 643 vatibus
1486 617 1538 643 illis
1551 617 1678 650 utuntur)
1692 626 1697 642 ε
1711 616 1751 643 di-

956 666 1024 692 citur
1035 674 1098 699 ergo
1110 665 1202 700 l‘ythia
1217 664 1313 691 mulier
1324 663 1439 690 insidere
1452 664 1546 699 tripodi
1561 664 1691 697 Apollinis
1702 663 1750 699 (α),

956 711 1108 739 divaricatis
1131 711 1254 738 Cl'lli‘lilllS
1271 719 1276 735 ε
1294 709 1390 736 deinde
1416 710 1514 736 malum
1541 709 1643 736 inferne
1666 709 1750 736 emitti

956 757 1088 792 spiritum,
1105 761 1131 783 et
1145 764 1192 791 per
1205 755 1334 790 genitales
1348 755 1406 788 ejus
1418 760 1507 789 partes
1521 758 1691 784 Snbetmtcm.
1709 754 1751 780 fu-

957 811 1017 830 rore
1029 803 1166 830 mulierem
1179 802 1292 836 replere,
1302 806 1329 828 ct
1343 801 1410 828 hanc
1421 801 1545 835 deinceps
1558 801 1640 834 passis
1649 800 1752 834 capi'lis

957 849 1115 876 debacchari
1129 853 1155 875 et
1175 855 1296 882 spumant
1311 855 1342 873 ex
1359 854 1405 874 ore
1419 847 1556 878 emittere;
1573 851 1598 872 et
1614 847 1652 872 sic
1668 851 1752 872 temu-

958 895 1056 922 lentam
1073 895 1143 921 illam
1160 894 1258 921 flll‘tll'iS
1273 894 1352 921 verba
1369 893 1497 928 proferre.
1514 893 1576 919 Scio
1591 900 1637 918 ros
1653 893 1753 925 pudore

958 941 1066 968 affectos
1082 940 1241 967 erubescere
1259 939 1315 966 hmc
1330 939 1469 966 audientes
1483 948 1489 965 :
1505 946 1594 965 verum
1614 938 1651 965 illi
1669 938 1751 964 altum

958 987 1063 1021 sapiunt
1078 986 1111 1013 ob
1126 986 1314 1020 turpitudinem
1330 990 1356 1011 et
1371 985 1499 1011 insaniam
1515 989 1624 1011 tantam.

993 1031 1021 1058 2.
1044 1031 1105 1058 ΙΙιηρ
1129 1031 1207 1066 igitur
1226 1036 1252 1058 et
1273 1030 1368 1056 similia
1388 1030 1475 1056 omnia
1499 1030 1594 1056 Paulus
1612 1029 1753 1063 exagitans

958 1077 1064 1104 dicebat
1079 1086 1085 1103 :
1106 1076 1182 1103 Scitis
1203 1077 1269 1110 quod
1284 1084 1340 1102 cum
1353 1081 1438 1110 gentes
1452 1076 1536 1102 essetis
1549 1096 1556 1108 ,
1571 1075 1604 1101 uti
1617 1075 1754 1101 simulacra

959 1127 1029 1149 nmta
1052 1122 1237 1149 induccbttntini
1257 1121 1368 1148 abducti.
1389 1121 1420 1148 Et
1439 1121 1498 1155 quia
1513 1128 1573 1147 cum
1589 1121 1620 1147 iis
1635 1121 1679 1155 qui
1696 1128 1753 1147 rem

960 1167 1043 1202 probe
1055 1171 1184 1194 noverant
1198 1167 1354 1199 disserebat,
1368 1174 1420 1193 non
1432 1166 1520 1193 omnia
1531 1171 1654 1192 accurate
1669 1166 1753 1200 ponit,

960 1221 993 1240 ue
1012 1213 1065 1240 illis
1085 1212 1233 1239 molestiam
1248 1216 1340 1244 creet;
1362 1212 1408 1238 sed
1432 1213 1457 1238 in
1482 1212 1635 1238 memoriam
1652 1216 1752 1238 tantum:

960 1266 1089 1286 revocans
1103 1259 1191 1285 omnia
1205 1279 1212 1290 ,
1229 1259 1282 1285 cito
1306 1258 1408 1285 recedit
1421 1279 1428 1289 ,
1445 1258 1475 1284 ad
1492 1259 1656 1293 propositmu
1678 1258 1754 1285 fe5ti~

961 1312 1038 1331 unus.
1053 1304 1121 1336 Quid
1135 1308 1177 1330 est
1189 1309 1288 1334 autem,
1302 1303 1341 1329 Ad
1354 1303 1490 1329 simulacra
1505 1304 1593 1329 muta?
1611 1304 1654 1330 Isti
1679 1309 1752 1331 vates

961 1350 994 1376 ad
1018 1350 1060 1376 illa
1087 1350 1162 1376 tracti
1186 1349 1361 1376 ducebantur.
1375 1348 1401 1376 Si
1427 1357 1490 1375 vero
1516 1354 1588 1376 muta
1611 1349 1752 1384 sint.qu-

963 1397 1040 1423 modo
1058 1396 1109 1423 illis
1131 1396 1292 1422 utebantur?
1308 1403 1357 1430 qua
1378 1395 1411 1422 de
1426 1402 1505 1422 causa
1525 1394 1558 1421 ad
1577 1399 1676 1421 statuas
1695 1395 1755 1421 illos

962 1442 1065 1469 darnion
1082 1441 1230 1468 adducebat
1252 1445 1384 1475 tamquam
1401 1440 1520 1474 captitos
1535 1444 1561 1466 et
1574 1440 1695 1466 vinctos?
1710 1440 1753 1465 Si-

963 1489 1016 1515 mul
1031 1495 1149 1514 errorem
1167 1486 1281 1513 reddens
1295 1486 1461 1521 probabilem
1487 1485 1523 1512 Ne
1539 1485 1670 1511 videretur
1682 1493 1753 1512 enim

963 1535 1028 1569 lapis
1043 1541 1102 1560 esse
1117 1538 1204 1559 mutus
1217 1553 1223 1564 ,
1239 1533 1384 1559 conabatur
1400 1531 1520 1558 homines
1536 1531 1611 1558 ltl‘)lia
1625 1531 1731 1565 abigere
1746 1552 1753 1563 ,

963 1586 991 1607 nt
1003 1588 1061 1615 qua:
1076 1580 1193 1614 ipsorum
1209 1583 1285 1606 erant
1298 1579 1350 1606 illis
1362 1578 1587 1606 adscriberentur.
1600 1578 1650 1605 Sed
1664 1583 1755 1605 nostra

964 1635 1015 1653 non
1032 1631 1093 1654 sunt
1115 1626 1277 1660 hujusmodi.
1298 1625 1392 1652 Nostra
1407 1630 1496 1652 autem
1515 1633 1567 1651 non
1589 1625 1676 1659 posuit
1691 1625 1734 1652 ille
1747 1646 1755 1657 ,

964 1682 1023 1708 qua:
1039 1673 1230 1708 prophetarum
1246 1677 1309 1699 sunt
1321 1672 1381 1699 dico
1396 1681 1402 1698 :
1417 1672 1470 1699 illis
1485 1673 1555 1699 enim
1569 1672 1656 1698 omnia
1673 1671 1757 1698 tinniti-

965 1721 1030 1747 festa
1047 1725 1134 1751 erant,
1148 1725 1172 1747 et
1190 1719 1214 1746 in
1230 1720 1281 1746 illis
1297 1719 1491 1754 prophelabaut
1504 1723 1533 1745 ut
1549 1719 1619 1753 ipsos
1633 1718 1756 1750 decebat,

965 1775 1024 1793 cum
1049 1765 1221 1800 intelligentia
1241 1770 1267 1792 et
1286 1765 1409 1792 libertate
1425 1765 1509 1792 omni.
1525 1764 1585 1792 Ideo
1601 1772 1681 1799 penes
1697 1764 1757 1791 illos

964 1817 1022 1840 erat
1040 1817 1066 1839 ct
1087 1812 1157 1846 loqui
1179 1816 1205 1838 et
1229 1819 1281 1838 non
1302 1811 1374 1846 loqui
1390 1819 1397 1837 :
1412 1818 1498 1845 neque
1513 1811 1583 1838 enim
1598 1811 1757 1837 necessitate

966 1858 1124 1885 tenebantur
1136 1878 1142 1889 ,
1158 1857 1204 1884 sed
1220 1857 1358 1891 potestatis
1372 1856 1474 1883 honore
1488 1856 1579 1882 donati
1593 1862 1679 1883 erant.
1696 1856 1757 1883 Ideo

965 1904 1047 1931 Jonas
1061 1903 1139 1936 fugit,
1158 1902 1217 1929 ideo
1232 1902 1354 1929 Ezechiel
1369 1901 1481 1932 distulit,
1498 1902 1558 1929 ideo
1571 1901 1700 1928 Jeremias
1717 1910 1759 1928 re-

966 1949 1084 1976 cusabat.
1097 1948 1167 1975 Deus
1176 1955 1238 1974 vero
1248 1955 1298 1974 non
1311 1955 1371 1974 cum
1383 1947 1540 1974 necchitate
1552 1947 1663 1981 impellit
1674 1947 1758 1980 ipsos,

966 1994 1013 2022 sed
1022 1994 1152 2026 consiliis,
1164 1992 1358 2020 hortationibus
1367 1996 1393 2019 et
1403 1992 1653 2018 comminationibus
1665 1992 1759 2023 utitur,

967 2045 1083 2067 tuentem
1100 2039 1215 2066 tenebris
1230 2046 1283 2065 non
1297 2037 1446 2065 oﬂ'undcns.
1463 2037 1596 2064 Dmtuonis
1609 2038 1679 2064 enim
1695 2046 1759 2072 pro-

966 2087 1052 2122 prium
1067 2091 1107 2113 est
1121 2091 1147 2113 ct
1161 2085 1302 2112 tttmultnm
1318 2088 1345 2111 ct
1360 2084 1477 2111 furorem
1493 2088 1519 2111 et
1534 2084 1643 2111 multant
1658 2084 1759 2110 immit-

968 2137 1023 2159 tere
1038 2131 1196 2166 caliginem;
1214 2130 1259 2157 Dei
1276 2138 1338 2157 vero
1354 2134 1394 2156 est
1407 2129 1566 2161 illuminare,
1580 2133 1607 2156 et
1620 2136 1680 2163 qua:
1693 2136 1760 2163 opus

967 2183 1007 2204 est
1025 2185 1084 2204 cum
1105 2175 1277 2210 intelligentia
1295 2175 1403 2202 docere.
1420 2173 1508 2201 Prima
1526 2181 1590 2209 ergo
1604 2173 1761 2201 divinatnris

967 2227 994 2250 et
1013 2221 1151 2258 prophette
1171 2220 1319 2248 dichrenlia
1340 2220 1398 2247 lure
1416 2224 1478 2247 est:
1497 2219 1613 2246 secunda
1635 2227 1700 2246 Vero
1720 2224 1762 2246 est

967 2268 1027 2300 alia,
1040 2275 1118 2302 quam
1134 2267 1259 2300 deinceps
1274 2266 1348 2300 ponit
1361 2266 1453 2292 dicens
1466 2275 1471 2292 :
1484 2265 1510 2292 5.
1524 2265 1586 2291 ltlco
1597 2270 1683 2291 notum
1696 2265 1762 2291 vobis

967 2313 1033 2347 facio
1045 2333 1052 2344 ,
1067 2312 1134 2347 quod
1153 2320 1225 2338 nemo
1239 2312 1264 2337 in
1277 2311 1368 2345 spiritu
1384 2310 1430 2337 Dei
1445 2310 1548 2345 loquens
1558 2331 1566 2344 ,
1581 2310 1640 2336 dicit
1654 2311 1762 2336 anui/te-

968 2367 1009 2385 ma
1029 2358 1127 2385 Jcsunt.
1145 2358 1244 2385 Deinde
1259 2358 1337 2384 etiam
1353 2357 1403 2383 alia
1417 2377 1424 2388 ,
1440 2356 1472 2382 Et
1496 2365 1568 2383 nemo
1583 2362 1662 2391 potest
1680 2357 1763 2384 dicere

968 2405 1106 2431 Dominum
1120 2404 1219 2437 Jesum,
1237 2404 1285 2430 nisi
1298 2404 1324 2429 in
1341 2403 1442 2438 Spiritu
1457 2408 1554 2430 sancto.
1569 2403 1635 2430 Cum
1653 2404 1761 2436 videris,

968 2454 1071 2489 inquit,
1085 2453 1236 2488 quempiam
1251 2460 1303 2479 non
1318 2451 1497 2486 prolereutem
1509 2458 1605 2478 nomen
1620 2451 1678 2485 ejus
1689 2472 1695 2484 ,
1709 2451 1762 2478 imo

967 2550 1077 2606 pigrius,
1090 2556 1207 2582 κκιανάτιην
1222 2549 1391 2584 οιήιιαιξωιιιιις,
1414 2552 1440 2574 ut
1456 2556 1503 2574 non
1518 2553 1643 2575 evocarent
1659 2552 1762 2580 tantum,

967 2588 992 2606 se
1022 2581 1093 2606 etiam
1100 2584 1195 2606 evocata
1204 2581 1325 2605 dwmouw
1331 2580 1473 2606 demerent.
1482 2579 1599 2606 quamdiu
1609 2580 1760 2606 vatimaoot‘e

966 2579 1011 2607 sed
1022 2579 1093 2613 etiam
1100 2579 1195 2613 evocata
1204 2580 1325 2613 dttjnouiu
1331 2580 1473 2613 detinerent,
1482 2579 1599 2613 quamdiu
1609 2580 1656 2606 vati
1662 2579 1760 2613 magové

967 2615 1028 2637 esset
1038 2611 1140 2637 libitum.
1153 2611 1191 2636 sit:
1208 2611 1272 2636 enim
1284 2612 1351 2643 apud
1364 2611 1528 2643 Porphyrium
1539 2611 1690 2643 Pythagoras
1702 2611 1763 2637 tilio-

967 2643 1147 2675 dius,¢a‘il(3m
1151 2649 1169 2668 ol
1175 2647 1287 2675 ιληιζὸμνοι
1292 2648 1321 2667 tui
1326 2649 1365 2671 τ-Ιε
1378 2648 1446 2671 Ouini;
1452 2649 1495 2671 Ini.
1501 2648 1570 2675 ἂνξιτιη
1583 2646 1605 2675 ες
1611 2654 1647 2667 τινι
1656 2648 1755 2675 inlinit}
1762 2656 1768 2670 ί

967 2672 1068 2708 mu»;
1079 2672 1207 2705 ξιιμ-τίνυνται
1216 2691 1230 2708 ,ν
1245 2673 1290 2697 hoc
1308 2676 1346 2697 est
1352 2680 1365 2708 _:
1378 2677 1431 2708 Non
1451 2674 1508 2698 deos
1515 2672 1585 2708 jtipat
1597 2673 1622 2698 in
1631 2673 1763 2708 sacriﬁciis

967 2703 1071 2731 arietari.
1080 2703 1123 2729 sed
1132 2703 1280 2735 necessitate
1292 2704 1398 2733 quadam
1408 2703 1553 2735 obsequendi
1573 2703 1645 2729 tracti
1658 2703 1761 2728 veniunt.

968 2735 1050 2766 Apollo
1061 2735 1112 2766 ipse
1124 2735 1190 2766 apud
1205 2733 1384 2767 theadoretum,
1405 2738 1453 2760 etc.
1469 2733 1531 2766 'qute
1543 2735 1666 2760 l'usissime
1678 2741 1765 2766 perse-

968 2767 1051 2790 uuitur
1062 2769 1190 2790 Dounmus.

985 2770 1051 2791 uitur
1062 2770 1190 2790 Dounmus.

967 2774 1051 2798 quuur
1063 2774 1190 2790 uenturus.

999 2798 1037 2828 tu)
1054 2800 1088 2828 oe
1100 2795 1183 2828 Pythia
1193 2795 1259 2821 etde
1269 2795 1364 2828 tripode
1374 2796 1429 2821 vide
1435 2797 1576 2828 strabonem
1588 2795 1630 2828 lib.
1640 2794 1664 2825 9,
1672 2802 1696 2826 p.
1708 2794 1762 2819 M9.

967 2826 1075 2860 seciied.
1088 2826 1190 2860 Ca'saub.
1201 2845 1209 2857 ,
1223 2829 1264 2858 qui
1275 2826 1467 2860 descriptionem
1479 2826 1664 2860 trimdisaﬂert
1676 2830 1702 2850 et
1717 2832 1759 2849 an-

968 2857 1041 2884 tri'in
1057 2865 1106 2890 quo
1127 2858 1221 2889 positus
1233 2857 1300 2890 ierat.
1322 2857 1368 2883 Sed
1384 2864 1439 2890 quae
1451 2857 1558 2890 turpiora
1569 2857 1610 2882 hic
1620 2857 1762 2882 referuntur

969 2889 1086 2923 nusquam
1098 2889 1198 2916 memini
1210 2895 1250 2915 me
1259 2889 1356 2921 legere.
