2034 3109
235 158 284 186 9,ιᾶ
587 150 614 178 s.
634 146 772 177 JOANNIS
789 141 1025 173 cuarsos'rosn
1045 140 1202 170 ARCIIIEP.
1223 131 1492 168 consummes

235 222 321 250 ipsum
344 210 633 241 anathematizantem,
655 207 677 233 is
700 209 741 232 est
762 203 904 231 divinator.
925 200 1028 227 Rursus

234 247 294 290 eum
306 260 403 287 videris
414 258 493 285 alium
505 262 565 283 cum
577 251 685 280 nomine
694 250 752 285 ejus
763 247 851 275 omnia
863 247 1026 282 loquentem,

235 309 321 343 cogita
338 307 411 333 illum
428 310 487 332 csse
500 298 676 336 spiritualem.
692 295 759 330 Quid
773 301 846 328 ergo,
863 292 978 342 inquies,
994 289 1028 318 de

234 337 434 381 caicchumcnis
446 344 612 375 dixerimus?
626 342 648 370 si
661 342 731 369 enim
746 347 824 367 nemo
838 343 925 374 potest
937 337 1028 364 dicere

236 399 376 426 Dominum
389 396 489 424 Jcsum,
502 391 552 419 nisi
566 391 592 417 in
606 388 706 423 Spiritu
718 391 821 416 sancto,
831 384 896 420 quid
908 384 1028 410 dicemus

235 446 269 472 de
282 444 332 474 his,
346 442 391 477 qui
405 441 462 475 ejus
475 437 581 472 quidem
597 442 694 463 nomen
709 433 855 468 proferunt,
869 430 968 465 Spiritu
982 437 1029 456 att-

236 496 288 518 tem
305 486 459 524 prirantur?
472 484 525 512 Sed
541 483 575 510 de
590 482 631 509 his
647 488 718 508 nunc
732 480 777 507 ille
791 486 843 506 non
857 478 910 512 agit
922 485 928 502 :
942 482 1028 510 neqtte
1055 500 1059 504 _

237 537 307 563 enim
331 540 392 561 tunc
413 530 598 559 catecbumcni
620 533 717 556 erant:
738 526 785 553 sed
808 525 842 552 de
862 524 982 551 ﬁdelibus
1001 526 1028 548 et

236 580 397 609 inﬁdelibus.
412 577 480 611 Quid
494 575 575 611 ergo?
589 573 711 601 nullusne
727 573 831 599 dzutnon
847 570 928 597 Deum
943 568 1030 595 nomi-

236 626 302 654 nat?
316 632 405 652 annon
420 623 544 650 dicebant
557 619 713 648 dmutoniaci
729 627 734 644 :
750 616 873 643 Nor-intus
887 620 910 641 te
922 614 977 648 quis
990 621 1026 644 es,

236 673 320 700 Filius
336 671 381 698 Dei
392 670 487 706 (Mart.
501 670 525 696 ‘l.
539 667 609 702 24)?
625 673 713 692 annon
728 663 809 691 Paulo
823 662 946 690 dicebant
961 671 967 688 :
982 660 1029 706 Isti

236 718 349 745 homines
372 705 435 743 servi
458 714 506 740 Dei
526 711 641 739 altissimi
663 713 720 737 sunt
735 709 744 741 (
761 708 814 734 Act.
832 707 874 734 16.
891 707 923 733 17
942 707 959 740 ).
975 705 1027 732 Sed

236 763 361 800 ﬁagellati
374 784 380 794 ,
396 761 444 788 sed
464 759 567 790 coacti;
584 761 679 792 spcutc
699 761 787 782 autem
807 759 834 781 et
856 761 907 780 non
922 752 1027 783 coacti,

238 798 391 844 numquam.
409 807 456 834 llic
475 805 529 840 jam
550 802 670 838 apposite
690 805 838 836 quaeratur,
856 806 904 826 cur
923 798 1027 824 damon

236 856 294 883 lucc
305 855 469 890 loqueretur,
482 856 508 878 ct
519 858 566 877 cur
578 847 676 876 Paulus
688 846 873 880 increpaveril.
889 845 1027 871 Ductorem

236 909 332 937 nempe
352 908 428 927 suum
450 898 577 925 imitatus.
597 894 665 922 Nam
678 898 704 921 et
717 893 840 920 Christus
861 890 1026 925 increparit:

235 936 342 976 nolebat
367 947 437 974 enim
460 943 562 972 abillis
584 940 683 969 habere
706 939 896 967 testimonium.
922 936 1028 969 Quare?

235 996 344 1024 Daemon
376 993 426 1020 hoc
463 991 573 1026 agebat,
597 995 688 1016 rerum
718 986 837 1013 ordinem
866 983 1029 1011 confundere

234 1043 343 1073 volens,
359 1044 386 1067 et
398 1037 580 1073 apostolorum
596 1035 718 1069 abripere
738 1031 922 1069 auctoritatem
937 1049 943 1062 ,
958 1028 1028 1055 mul-

234 1089 321 1122 tisque
336 1084 495 1121 persuadere
509 1087 536 1109 ut
549 1082 598 1109 sibi
610 1080 778 1108 attenderem
791 1077 878 1112 :qnod
893 1077 915 1103 si
931 1076 1027 1103 factum

234 1138 306 1161 esset
319 1153 325 1164 ,
340 1139 401 1159 cum
416 1130 467 1158 ﬁde
480 1129 551 1163 digni
565 1127 751 1162 apparuissont
764 1146 770 1156 ,
788 1124 865 1151 facile
880 1130 926 1150 sua
942 1122 1027 1149 intro-

234 1180 383 1206 duxissent.
399 1176 437 1204 Ne
451 1177 502 1203 hoc
514 1182 579 1209 ergo
595 1173 667 1200 fieret
682 1193 689 1204 ,
706 1178 793 1206 neque
808 1169 909 1196 fallacia
925 1168 1027 1195 initium

235 1225 345 1252 duceret
357 1243 363 1254 .
379 1222 458 1250 etiam
476 1228 536 1248 cutn
551 1225 613 1246 vera
632 1218 804 1252 loquerentur
817 1237 824 1248 ,
840 1223 885 1242 ora
902 1214 965 1248 ipsis
978 1214 1028 1240 ob-

235 1270 330 1301 struit,
346 1273 374 1296 ut
399 1268 424 1295 in
448 1267 520 1293 falsis
539 1272 619 1292 nemo
643 1264 706 1298 ipsis
729 1263 846 1289 animum
869 1260 1026 1293 adhiberet,

235 1316 283 1343 scd
305 1314 337 1341 ad
357 1322 387 1341 ea
404 1320 462 1348 qum.
477 1312 510 1338 ab
525 1311 588 1346 ipsis
603 1310 754 1337 dicerentur
774 1315 851 1334 aures
866 1307 1027 1334 Obstrueret.

235 1362 378 1395 Postquam
397 1365 461 1393 ergo
476 1363 549 1384 vates
570 1361 595 1383 et
616 1354 758 1390 prophetas
781 1353 938 1380 distinxerat
954 1357 980 1378 ct
995 1359 1026 1378 ex

235 1408 323 1441 priore
343 1411 368 1432 et
391 1412 422 1431 ex
446 1402 564 1431 secundo
587 1402 679 1435 signo,
701 1400 808 1427 demum
834 1399 867 1426 de
894 1398 1028 1425 miraculis

233 1452 357 1484 disserit;
375 1458 425 1478 nec
440 1450 496 1476 sine
510 1455 589 1476 causa
604 1446 638 1474 ad
653 1447 703 1473 hoc
718 1449 905 1480 argumentum
922 1443 1026 1476 transit,

233 1499 279 1525 scd
296 1502 325 1525 ut
338 1495 533 1524 dissensionem
549 1493 611 1520 inde
626 1493 761 1520 subortam
776 1490 861 1523 tollat,
875 1494 903 1517 et
916 1497 1028 1524 persua—

233 1545 295 1571 deat
316 1544 346 1570 iis
367 1543 411 1577 qui
436 1541 522 1567 minus
544 1539 661 1570 habent,
685 1545 718 1564 ne
740 1537 868 1568 doleant,
883 1540 910 1563 ct
932 1536 964 1562 iis
984 1535 1028 1569 qui

234 1589 334 1624 majora
349 1587 500 1623 possident,
517 1592 551 1612 ne
566 1584 720 1611 efferantur.
738 1582 799 1609 Ideo
813 1582 852 1608 sic
867 1581 964 1615 incepit
979 1590 986 1607 :
1000 1581 1027 1608 4.

234 1636 375 1663 οίυίδὶοηεις
390 1641 447 1660 vero
462 1632 602 1667 gratiarum
617 1635 675 1657 sunt
688 1650 695 1661 ,
712 1630 779 1656 idem
794 1633 876 1655 autent
894 1628 1028 1662 Spiritus;

233 1682 373 1716 primoque
385 1682 459 1706 curat
475 1677 548 1705 illum
564 1676 608 1711 qui
622 1676 711 1703 mintts
725 1674 803 1702 habet
816 1675 915 1701 donum
928 1694 935 1706 ,
953 1673 1028 1700 ideo—

233 1736 287 1763 que
300 1727 381 1754 dolet.
398 1726 451 1752 (Zur
465 1725 535 1752 cnim
547 1745 554 1757 ,
570 1724 670 1758 inquit,
685 1723 811 1757 angoris?
824 1722 884 1757 quia
900 1729 952 1748 non
969 1725 1028 1748 tan-

235 1781 289 1800 tum
313 1773 436 1808 accc,isti
458 1777 585 1807 quantum
606 1771 692 1798 alius?
711 1770 758 1797 sed
781 1770 866 1805 cogita
889 1768 951 1795 illud
969 1775 1029 1795 esse

234 1821 344 1854 donum,
358 1828 410 1847 non
423 1819 554 1852 debitum,
566 1823 593 1845 et
603 1817 815 1845 consolationem
828 1816 952 1849 accipies.
967 1814 1029 1842 Ideo

233 1867 322 1895 statim
346 1867 384 1893 sic
405 1866 522 1900 loquitur
536 1873 544 1892 :
557 1863 700 1891 Divisioncs
723 1871 780 1890 rem
801 1863 940 1898 gratiarum
959 1866 1027 1888 sunt.

233 1913 324 1948 Neque
347 1911 414 1939 dixit
437 1912 573 1946 signorum
587 1931 594 1943 ,
619 1917 706 1944 neque
728 1908 916 1935 miraculorum
930 1928 937 1940 ,
961 1906 1027 1940 sed,

235 1958 400 1990 Gratiarum;
414 1957 522 1984 nomine
534 1956 596 1983 doni
611 1954 774 1990 persuadens
789 1953 826 1980 illi
841 1957 868 1980 ut
883 1960 934 1980 non
950 1952 1029 1980 modo

234 2012 286 2032 non
299 2004 397 2034 doleat,
408 2003 454 2031 sed
465 2008 491 2031 et
502 2003 613 2039 gratiam
625 2002 730 2029 habeat.
744 2001 776 2028 Et
786 2008 846 2028 cum
860 2001 918 2033 hoc,
932 2000 1027 2035 inquit,

235 2049 299 2078 illud
315 2058 420 2085 quoque
436 2055 523 2077 tecutn
539 2052 632 2083 reputa
642 2068 650 2081 ,
665 2047 734 2082 quod
749 2047 853 2074 etiamsi
866 2048 891 2073 in
905 2053 1028 2073 mensura

233 2097 296 2124 doni
312 2096 399 2123 minus
415 2095 532 2128 habeas;
548 2096 575 2121 in
591 2101 623 2122 eo
638 2093 707 2128 quod
723 2093 844 2128 dignatus
859 2093 896 2120 sis
910 2092 971 2119 inde
985 2100 1027 2119 ac-

187 2144 190 2147 “
234 2144 324 2178 cipere
334 2163 340 2174 ,
355 2142 426 2170 unde
440 2142 461 2169 is
474 2141 575 2175 accepit
592 2139 636 2174 qui
651 2139 709 2174 plus
724 2139 803 2166 habet
817 2159 823 2170 ,
840 2146 929 2173 parem
947 2138 1029 2165 babes

235 2189 376 2215 honorem.
400 2187 492 2222 Neque
514 2186 585 2213 enim
608 2185 698 2212 dicere
718 2184 821 2219 possis,
845 2183 881 2210 illi
902 2183 1029 2218 Spiritum

235 2234 351 2266 dedisse,
365 2233 410 2260 tibi
422 2240 486 2260 vero
497 2232 621 2266 angelum
634 2239 639 2257 :
652 2238 711 2257 nam
725 2234 753 2257 et
766 2229 810 2257 tibi
825 2234 851 2256 et
865 2229 902 2256 illi
915 2229 1030 2264 Spiritus

236 2280 320 2307 dedit.
337 2279 398 2306 Ideo
412 2278 557 2313 subiunxit,
577 2276 649 2303 Idem
663 2281 745 2303 autent
761 2275 884 2311 Spiritus.

273 2326 300 2352 5.
323 2326 411 2359 Itaque
425 2324 528 2352 etiamsi
544 2323 571 2350 in
583 2322 654 2350 dono
667 2321 816 2349 diﬁ‘crentia
831 2321 865 2347 sit
875 2342 882 2353 ,
897 2325 924 2348 at
936 2328 989 2348 non
1003 2320 1030 2347 in

236 2379 268 2398 eo
283 2371 326 2406 qui
342 2370 413 2397 dedit
430 2379 436 2396 :
452 2377 485 2396 ex
508 2369 602 2396 eodem
625 2375 739 2402 namque
754 2367 826 2394 fonte
843 2370 871 2394 et
893 2370 920 2393 tu
939 2371 966 2393 et
986 2366 1030 2394 ille

237 2416 372 2444 hausistis.
389 2416 414 2443 5.
433 2415 465 2441 Et
487 2414 620 2441 divisiones
644 2413 854 2440 ministrationum
873 2416 947 2443 sunt,
964 2411 1030 2438 idem

238 2468 320 2489 (tatem
343 2461 477 2488 Dominus.
501 2459 567 2488 Nam
587 2459 797 2487 consolationem
820 2457 907 2485 adhuc
928 2457 1031 2492 placide

238 2515 338 2543 iungens
351 2528 359 2540 ,
373 2511 400 2534 et
415 2506 509 2533 Filium
524 2510 550 2533 et
570 2505 677 2533 Patrem
690 2504 791 2539 adjicit.
808 2503 922 2538 Alioque
937 2510 1030 2529 rursus

239 2554 346 2581 nomine
360 2553 416 2580 lucc
429 2552 499 2579 dona
512 2556 599 2585 vocat,
616 2551 743 2586 majorem
758 2550 837 2577 etiam
851 2549 912 2576 inde
925 2549 1032 2584 excogi-

240 2606 300 2627 tans
313 2599 522 2626 consolationem
537 2607 543 2625 :
559 2598 619 2626 ideo
643 2598 682 2625 sic
704 2597 783 2630 dicit,
800 2596 940 2623 Diuisione;
955 2596 1031 2622 mini-

242 2646 388 2672 strationum
398 2650 467 2677 sunt,
479 2645 544 2672 idem
556 2649 639 2671 autent
652 2643 785 2670 Dominus.
798 2642 864 2670 Natn
875 2642 919 2677 qui
931 2642 1029 2669 donutn

239 2691 310 2719 audit
324 2711 330 2722 .
345 2695 373 2718 ct
385 2691 474 2718 minus
486 2691 605 2725 accepit,
624 2690 737 2717 fortasse
754 2688 886 2721 doluerit;
907 2689 949 2723 qui
966 2695 1030 2714 vero

238 2737 462 2766 ministrationem
476 2737 588 2771 accepit,
603 2743 657 2763 non
671 2736 733 2762 item
750 2744 756 2762 :
772 2743 814 2762 res
828 2735 897 2762 enim
913 2735 1031 2762 laborem

239 2784 338 2812 indicat
352 2788 377 2810 et
391 2783 526 2810 sudorem.
543 2781 610 2815 Quid
624 2789 689 2815 ergo
701 2780 787 2813 doles,
800 2780 899 2816 inquit,
913 2781 935 2808 si
950 2779 1031 2807 alium

239 2831 298 2866 plus
319 2831 440 2858 laborare
462 2829 560 2864 jussit,
583 2828 629 2856 tibi
650 2829 782 2863 parcens?
802 2828 829 2856 6.
850 2826 884 2855 Et
899 2827 1031 2855 divisiones

240 2878 415 2913 oprratiouum
431 2880 487 2904 sunt
498 2897 505 2909 ,
525 2875 589 2902 idem
604 2883 660 2903 vero
676 2874 741 2904 Deus
754 2877 796 2911 qui
816 2882 934 2913 operatur
947 2875 1031 2904 omnia

1828 138 1882 166 2Εᾶ

1084 199 1111 225 in
1133 197 1258 224 erunibus.
1285 198 1311 223 7.
1338 195 1478 230 Unicuique
1501 200 1583 222 rudem
1609 195 1684 222 datur
1708 190 1879 231 inaniﬁstntio

1085 244 1198 279 Spiritus
1212 244 1246 270 ad
1259 244 1402 270 utilitatem.
1420 243 1451 269 Et
1466 241 1529 276 quid
1544 246 1585 269 est
1601 241 1739 276 operatio?
1752 241 1814 276 quid
1830 241 1878 268 do-

1083 290 1168 318 num?
1183 290 1303 324 inquies;
1325 289 1388 323 qnid
1409 288 1589 315 ministratio?
1610 287 1752 314 Nominum
1776 292 1878 314 tantum

1084 341 1145 363 sunt
1158 334 1325 367 differentiai,
1337 334 1398 368 quia
1412 340 1456 360 res
1466 333 1567 360 ezedem
1581 337 1653 360 sunt.
1666 332 1742 365 Quod
1754 333 1825 359 enim
1837 336 1880 360 est

1083 381 1183 409 donum
1197 401 1204 414 ,
1223 380 1286 408 illud
1301 380 1387 415 ipsum
1403 384 1444 407 est
1459 379 1635 412 ministratio;
1656 379 1708 406 hoc
1721 380 1800 406 etiam
1813 379 1879 406 dicit

1083 427 1266 462 operationem
1282 435 1289 453 :
1305 433 1366 453 nam
1385 426 1420 452 ait
1437 434 1444 452 :
1459 425 1630 452 Ministrrium
1645 429 1716 451 tuum
1736 426 1814 459 imple
1829 425 1878 459 (2.

1085 473 1151 500 Tim.
1167 474 1192 501 4.
1209 473 1251 508 5);
1265 477 1301 506 cl,
1318 472 1488 499 Ministcrium
1502 480 1585 499 meum
1599 472 1714 507 glori/ito
1728 472 1817 506 (Itoni.
1833 472 1878 499 Η.

1085 520 1141 555 15).
1158 520 1190 547 Et
1205 519 1346 547 Timotheo
1362 519 1484 546 scribens
1498 518 1580 550 dicit,
1597 518 1706 554 Propter
1717 527 1794 554 quam
1812 527 1877 545 cau-

1083 574 1137 592 sam
1150 566 1273 592 admoneo
1287 571 1310 591 te
1321 585 1328 597 ,
1342 571 1369 591 ut
1388 565 1491 591 suscites
1505 565 1612 600 gratiam
1629 563 1679 590 Dei
1696 572 1752 599 qum
1766 569 1800 591 est
1815 564 1840 590 in
1855 569 1879 590 te

1084 611 1123 645 (‘2.
1136 610 1203 637 Tim.
1216 611 1242 638 1.
1255 610 1294 646 6);
1309 615 1335 638 et
1348 610 1381 638 ad
1395 610 1501 637 Galatas
1515 618 1608 637 rursus
1620 610 1740 637 scribens
1754 609 1876 637 dicebat:

1085 658 1135 690 Qui
1150 659 1215 685 enim
1233 663 1351 692 operatus
1366 663 1402 684 est
1418 657 1495 684 Petro
1512 658 1538 684 in
1556 658 1726 691 apostolatum
1736 678 1744 691 ,
1760 645 1878 691 operatus

1083 709 1120 731 est
1133 709 1155 730 et
1171 704 1233 731 mihi
1247 705 1311 731 inter
1321 708 1405 739 grates
1417 703 1487 737 (Gal.
1498 703 1525 730 ει.
1538 703 1576 738 8).
1591 703 1683 730 Vidcn‘
1696 703 1766 738 quod
1779 703 1876 730 nullam

1083 751 1260 778 differentiam
1273 750 1396 778 ostendat
1409 751 1435 777 in
1450 750 1527 778 donis
1542 749 1627 777 Patris
1641 754 1667 777 et
1680 750 1740 777 Filii
1754 754 1781 776 et
1793 750 1878 784 Spiri-

1085 802 1126 824 tus
1143 797 1246 824 sancti?
1265 805 1318 824 non
1338 796 1495 831 hypostases
1514 795 1681 823 confundens
1695 816 1701 828 ,
1723 795 1808 827 absit,
1830 795 1876 822 sed

1083 843 1239 870 substantia:
1263 849 1353 876 parem
1381 842 1511 868 honorem
1535 841 1689 868 ostendens.
1716 841 1782 867 Nam
1805 841 1876 876 quod

1083 889 1197 924 Spiritus
1222 888 1351 924 largitur,
1369 889 1419 914 hoc
1438 892 1464 915 et
1485 887 1568 914 Dcnm
1590 887 1715 922 operari,
1735 892 1761 914 et
1780 887 1876 914 Filium

1083 935 1208 962 ordinare
1221 942 1253 962 ac
1268 934 1386 969 pra-bere
1399 933 1472 960 dicit.
1489 933 1567 968 Atqui
1582 933 1604 961 si
1619 925 1670 960 hoc
1682 938 1752 961 esset
1768 933 1813 960 illo
1828 934 1877 960 mi-

1083 988 1133 1008 nus
1144 1001 1151 1013 ,
1166 985 1193 1007 et
1206 979 1271 1007 illud
1284 979 1334 1006 isto
1345 1000 1352 1011 ,
1368 987 1421 1006 non
1435 980 1474 1006 sic
1488 979 1551 1006 illud
1566 979 1709 1014 posuisset,
1725 987 1811 1014 neque
1826 979 1877 1006 bac

1083 1027 1186 1053 ratione
1206 1025 1340 1053 dolentem
1362 1024 1517 1052 consolatus
1532 1029 1612 1052 esset.
1633 1024 1697 1052 Post
1718 1025 1774 1052 ha-c
1787 1029 1876 1052 autem

1083 1072 1136 1099 alio
1156 1079 1262 1107 quoque
1284 1071 1363 1098 modo
1385 1071 1471 1105 ipsum
1494 1070 1666 1102 consolatur;
1689 1071 1759 1105 quod
1781 1078 1878 1105 nempe

1083 1118 1144 1145 data
1162 1125 1286 1154 mensura
1308 1117 1357 1152 ipsi
1372 1117 1508 1149 conferat,
1523 1116 1626 1143 etiamsi
1648 1117 1734 1143 minor
1746 1117 1791 1143 sit.
1809 1116 1876 1143 Cum

1082 1164 1196 1191 dixisset
1215 1164 1287 1191 enim
1300 1185 1307 1197 ,
1322 1163 1395 1190 Idem
1412 1164 1525 1198 Spiritus
1536 1183 1544 1197 ,
1565 1163 1631 1190 idem
1652 1163 1775 1190 Dominus
1787 1185 1794 1196 ,
1809 1164 1876 1190 idem

1083 1209 1168 1243 Deus,
1183 1214 1211 1236 ct
1227 1209 1275 1236 hac
1289 1209 1393 1236 ratione
1406 1209 1492 1243 ipsum
1507 1214 1672 1241 recreasset;
1690 1209 1767 1235 aliam
1784 1216 1878 1236 rursus

1082 1256 1217 1290 subiungit
1231 1255 1440 1282 consolationem
1455 1255 1493 1282 sic
1509 1254 1601 1282 dicens
1616 1263 1622 1281 :
1638 1254 1780 1288 Unicuique
1792 1261 1877 1281 autem

1082 1302 1252 1337 manifestatio
1268 1300 1381 1335 Spiritus
1395 1301 1471 1327 datur
1481 1300 1515 1327 ad
1527 1299 1671 1327 utilitatem.
1685 1300 1724 1328 Ne
1736 1301 1794 1335 quis
1805 1300 1876 1327 enim

1082 1347 1184 1375 diceret
1198 1368 1205 1379 ,
1219 1347 1288 1381 Quid
1302 1347 1372 1374 enim
1383 1367 1390 1379 ,
1406 1347 1428 1374 si
1443 1347 1512 1374 idem
1531 1347 1657 1374 Dominus
1669 1352 1696 1374 et
1711 1347 1780 1374 idem
1794 1347 1878 1382 Spiri~

1082 1398 1125 1421 tus
1137 1399 1163 1421 et
1177 1394 1246 1420 idem
1260 1393 1345 1421 Deus?
1359 1398 1386 1420 at
1399 1400 1448 1428 ego
1459 1393 1547 1420 mintts
1559 1393 1649 1428 accepi
1661 1401 1668 1425 ;
1679 1393 1715 1420 ait
1727 1393 1793 1428 ipse,
1806 1393 1878 1428 quod

1083 1441 1118 1467 ila
1140 1440 1283 1468 conferret.
1311 1439 1550 1466 Mauifcstatioucm
1573 1447 1638 1466 vero
1664 1439 1779 1474 Spiritus
1803 1440 1877 1475 signa

1082 1492 1175 1519 vocat;
1200 1491 1226 1513 et
1248 1486 1353 1512 merito.
1373 1485 1435 1512 Mihi
1452 1485 1523 1512 enim
1545 1485 1613 1512 lideli
1631 1485 1788 1512 manifestus
1802 1491 1843 1513 est
1858 1487 1879 1513 is

1081 1533 1126 1568 qui
1142 1533 1221 1560 habet
1234 1532 1361 1566 Spiritum
1375 1552 1382 1564 ,
1398 1538 1430 1559 eo
1444 1531 1515 1566 quod
1536 1531 1571 1558 sit
1591 1531 1759 1566 baptizatus;
1776 1532 1878 1560 inﬁdeli

1082 1585 1170 1608 autem
1185 1588 1218 1607 ex
1234 1580 1305 1606 nulla
1321 1587 1350 1606 re
1364 1579 1413 1606 hoc
1428 1579 1478 1606 crit
1493 1579 1676 1613 conspicuum,
1693 1579 1743 1606 nisi
1755 1587 1770 1605 a
1783 1580 1876 1614 signis.

1082 1625 1173 1661 Itaque
1196 1625 1257 1653 inde
1274 1625 1354 1652 etiam
1374 1633 1427 1652 non
1442 1631 1522 1658 parva
1537 1624 1684 1652 consolatio
1699 1629 1750 1652 est.
1766 1625 1879 1653 Etiamsi

1082 1673 1152 1700 enim
1166 1673 1235 1700 dona
1249 1672 1304 1699 sint
1315 1671 1430 1704 diversa,
1443 1679 1494 1698 una
1509 1675 1597 1698 tamen
1611 1675 1650 1698 est
1662 1671 1878 1699 demonstratio:

1083 1729 1144 1748 nam
1163 1720 1219 1747 sire
1239 1719 1351 1747 multum
1372 1719 1427 1746 sire
1449 1727 1558 1753 parvum
1581 1718 1700 1751 habeas,
1721 1719 1834 1754 perinde
1848 1726 1878 1746 es

1082 1767 1248 1794 manifestus.
1272 1766 1362 1800 Itaque
1383 1765 1404 1792 si
1427 1765 1490 1792 illud
1513 1765 1656 1793 ostendere
1673 1766 1790 1800 satagis,
1807 1765 1878 1800 quod

1082 1813 1212 1848 Spiritum
1237 1812 1354 1845 habeas,
1371 1811 1544 1839 sufficientem
1564 1812 1646 1839 babes
1667 1812 1876 1839 demonstratio-

1082 1867 1154 1886 nem.
1168 1858 1234 1886 Cum
1250 1865 1313 1893 ergo
1325 1863 1352 1885 et
1364 1865 1433 1885 unus
1448 1858 1481 1884 sit
1494 1857 1538 1893 qui
1550 1857 1634 1890 dedit,
1647 1863 1674 1884 et
1686 1858 1830 1892 gratuitum
1845 1859 1879 1884 sit

1083 1905 1181 1932 donum
1195 1926 1202 1936 ,
1217 1909 1243 1932 ct
1265 1903 1446 1931 manifestatio
1461 1903 1523 1930 hinc
1542 1903 1587 1930 ﬁat
1598 1924 1604 1935 ,
1622 1907 1649 1930 ct
1665 1903 1715 1930 hoc
1734 1903 1780 1930 tibi
1795 1905 1879 1939 magis

1082 1952 1218 1983 conferat;
1245 1959 1279 1979 ne
1293 1950 1385 1978 doleas
1399 1951 1473 1985 quasi
1490 1950 1642 1984 despectus.
1658 1950 1750 1984 Neque
1765 1951 1835 1977 enim
1852 1955 1878 1977 te

1082 1998 1214 2026 dedecore
1227 1997 1346 2025 afﬁciens
1357 1997 1438 2028 Deus,
1453 2003 1540 2030 neque
1551 1996 1637 2023 altero
1650 1996 1781 2022 minorem
1794 1995 1879 2023 decla-

1082 2052 1144 2072 rans
1163 2045 1214 2072 boc
1228 2043 1301 2076 facit,
1316 2043 1362 2070 sed
1379 2043 1424 2070 tibi
1442 2050 1568 2077 parcens,
1582 2046 1608 2069 et
1626 2041 1651 2069 id
1668 2046 1792 2076 spectans
1807 2041 1877 2077 quod

1083 2091 1130 2118 tibi
1154 2090 1218 2118 utile
1235 2094 1315 2117 esset.
1336 2089 1401 2116 Nam
1423 2089 1508 2123 majus
1523 2088 1658 2123 quidpiam
1681 2089 1801 2123 accipere
1817 2096 1877 2115 eutn

1082 2136 1128 2171 qui
1142 2135 1213 2163 ferre
1227 2143 1279 2162 non
1294 2135 1386 2170 possit,
1396 2134 1446 2161 hoc
1459 2138 1530 2161 esset
1544 2134 1647 2167 inutile,
1658 2134 1767 2160 noxium
1778 2138 1804 2160 et
1816 2141 1877 2160 mce

1082 2189 1144 2209 rore
1158 2181 1275 2217 dignum.
1292 2181 1318 2208 8.
1343 2180 1412 2207 Nam
1427 2180 1471 2206 alii
1486 2180 1585 2214 quidem
1600 2188 1644 2215 per
1659 2179 1787 2215 Spiritum
1801 2178 1878 2206 datur

1083 2237 1164 2256 sermo
1183 2229 1333 2263 sapientiae,
1348 2227 1393 2254 alii
1413 2231 1495 2253 autent
1515 2235 1597 2253 sermo
1616 2226 1726 2253 scientia:
1740 2226 1878 2252 secundum

1084 2274 1198 2301 eumdem
1211 2274 1354 2309 Spiritum;
1368 2273 1394 2300 9.
1410 2273 1484 2300 alteri
1496 2273 1559 2307 ﬁdes
1572 2273 1597 2298 in
1610 2272 1695 2298 eodem
1710 2270 1820 2306 Spiritu,
1834 2272 1880 2299 alii

1083 2325 1167 2346 autent
1179 2320 1262 2355 gratia
1274 2320 1433 2346 curationum
1446 2319 1471 2345 in
1485 2318 1571 2345 cadent
1587 2317 1698 2352 Spiritu.
1709 2317 1804 2344 Viden‘
1815 2325 1880 2352 quo-

1084 2365 1164 2393 modo
1190 2365 1288 2400 ubique
1309 2365 1360 2392 hoc
1382 2364 1592 2392 additamentum
1614 2363 1712 2397 faciat,
1738 2362 1771 2389 In
1793 2364 1879 2390 eodem

1085 2412 1184 2447 Spiritu
1199 2411 1301 2445 dicens,
1319 2415 1362 2444 et,
1379 2409 1525 2437 Secundum
1540 2410 1655 2436 attondent
1670 2408 1816 2444 Spiritum?
1828 2408 1879 2436 scit

1085 2459 1156 2486 enim
1172 2457 1235 2484 hinc
1253 2464 1375 2491 magnam
1391 2456 1454 2483 oriri
1469 2455 1690 2483 consolationem.
1706 2454 1750 2482 l0.
1767 2453 1818 2481 Alii
1833 2462 1879 2480 au-

1085 2510 1134 2532 tem
1146 2504 1304 2538 operatione:
1319 2504 1448 2535 virtutum,
1463 2503 1507 2529 alii
1523 2502 1672 2537 prophetiae,
1687 2501 1732 2528 alii
1744 2501 1880 2527 discretio-

1085 2560 1128 2578 nes
1143 2551 1292 2585 spirituum,
1307 2549 1352 2576 alii
1366 2557 1459 2585 genera
1473 2548 1633 2583 linguarum,
1649 2548 1693 2575 alii
1708 2547 1880 2582 interpretatio

1085 2605 1239 2625 sermonum.
1254 2596 1320 2629 Quia
1334 2595 1405 2622 enim
1421 2595 1446 2621 iu
1461 2594 1511 2621 hoc
1524 2595 1605 2620 altum
1620 2593 1768 2628 sapiebant,
1781 2592 1841 2620 ideo
1854 2592 1879 2619 id

1086 2648 1249 2679 postremum
1265 2641 1364 2677 posuit,
1379 2645 1407 2668 et
1422 2640 1557 2675 subiunxit
1573 2648 1578 2666 :
1596 2640 1638 2666 ll.
1655 2639 1718 2666 Πανί
1732 2644 1816 2665 autem
1831 2646 1879 2664 om-

1086 2689 1129 2716 nia
1148 2694 1266 2723 operatur
1286 2696 1350 2714 unus
1371 2691 1393 2713 et
1416 2686 1482 2712 idem
1503 2685 1627 2719 Spiritus.
1651 2685 1826 2711 Pharmacnm
1846 2683 1877 2710 ad

1087 2742 1192 2762 omnem
1204 2733 1414 2761 consolationem
1427 2736 1516 2765 aptum
1530 2730 1617 2765 :qnod
1629 2738 1661 2757 ex
1674 2729 1766 2756 eadem
1779 2729 1878 2760 radice,

1087 2788 1120 2808 ex
1132 2780 1224 2807 iisdem
1238 2778 1380 2809 thesauris,
1389 2785 1422 2804 ex
1433 2777 1528 2805 iisdem
1540 2776 1645 2804 liuentis
1656 2782 1750 2802 omnes
1759 2775 1878 2809 accipere

1088 2826 1200 2861 possint.
1212 2824 1273 2852 ldco
1285 2824 1439 2858 lrequenter
1449 2822 1585 2855 hauriens,
1598 2821 1648 2848 hoc
1661 2821 1743 2849 verbo
1751 2827 1811 2848 eam
1821 2827 1879 2855 quae

1090 2871 1229 2900 videbatur
1241 2877 1301 2898 csse
1316 2868 1523 2905 tnthualitatem
1539 2871 1662 2903 exaequat
1675 2871 1702 2895 et
1715 2865 1877 2895 consolatur.
