2034 3109
150 146 201 174 eis

150 205 184 232 Et
197 206 322 240 superius
334 205 441 241 quidem
454 205 593 241 Spiritum.
609 206 703 233 Filium
718 212 744 233 et
759 207 864 233 Patrem
878 210 947 233 nona

148 251 255 286 elargiri
271 251 392 279 ostendit
406 261 413 279 :
428 251 472 280 hic
490 260 554 279 vero
568 252 696 287 Spiritum
710 253 809 279 dixisse
822 252 887 280 satis
901 252 947 278 ha~

149 297 207 324 buit
217 318 224 330 ,
242 302 271 324 ut
287 297 350 325 hinc
365 299 444 326 etiam
459 298 546 326 discas
560 298 683 326 eamdem
698 306 759 326 esse
778 298 945 333 dignitatem.

146 344 218 376 Quid
230 348 271 371 est
283 350 375 372 autem
389 345 481 373 Sermo
493 346 643 381 sapientiw?
656 346 741 379 Quem
754 346 867 372 habebat
879 346 947 372 Pau-

147 389 201 420 lus,
212 398 292 424 quem
307 391 421 418 habebat
431 391 546 419 Joannes
559 392 627 418 ﬁlius
638 392 756 418 tonitrui.
772 391 840 424 Quid
852 391 943 418 Sermo

145 437 278 463 scientiis?
291 438 376 471 Quem
399 438 516 466 lidelium
537 438 613 465 multi
634 438 789 470 habebam,
803 438 942 465 scientiam

145 483 256 516 quidem
271 484 413 518 habentes,
428 485 527 513 docere
540 489 628 512 autem
644 493 697 512 non
712 485 842 515 valentes,
857 491 945 518 neque

145 529 226 556 facile
236 536 268 556 ea
281 538 341 565 quae
354 531 475 558 sciebant
487 531 546 559 aliis
558 532 708 558 enuntiare.
721 531 772 558 Alii
784 538 839 557 vero
850 530 943 564 ﬁdem;

144 574 226 601 ﬁdem
243 582 297 602 non
321 575 391 603 hanc
409 576 519 610 dicens,
534 584 594 610 qua:
609 576 734 612 dogmata
753 580 875 611 spectat,
895 575 942 603 sed

144 620 226 648 iidem
240 621 378 656 signorum
389 643 396 654 ,
410 622 444 649 de
457 630 508 657 qua
522 622 645 650 Christus
660 623 723 650 dicit
738 633 745 650 :
761 623 792 650 Si
805 623 942 649 habueritis

142 667 221 700 ﬁdem
243 673 270 694 ut
290 677 398 703 granum
417 669 514 703 sinapis
527 690 533 701 ,
554 669 640 696 dicetis
660 668 718 695 huic
737 670 831 700 monti,
851 667 942 694 Transi

142 713 202 740 hinc
215 735 223 747 ,
238 719 262 740 et
275 715 392 741 transibit
412 715 422 751 (
436 715 529 742 Matth.
545 715 588 742 17.
604 714 638 743 i9
652 714 670 749 ).
687 715 720 741 Et
735 715 803 741 hanc
816 714 942 748 petebant

141 760 258 795 apostoli
281 759 403 788 dicentes
418 769 424 786 :
440 761 513 787 Adde
536 760 607 788 nobis
630 760 706 794 ﬁdem
721 759 805 794 (Luc.
824 760 867 786 17.
889 759 906 786 5
919 761 938 793 ).

140 805 206 832 llaec
230 806 301 833 enim
325 812 411 834 mater
432 807 569 841 signorum
590 811 640 833 est.
662 806 837 840 Operationes
852 810 940 832 autem

140 852 271 878 virtutum
288 852 387 879 habere
399 874 406 884 ,
423 857 450 879 et
465 853 578 887 gratiam
593 853 762 879 curationum
777 872 784 883 ,
801 858 853 878 non
869 850 939 878 idem

141 897 231 932 ipstnn
253 904 305 925 cst.
329 898 395 925 Nam
415 898 460 932 qui
483 898 595 932 gratiam
615 900 782 925 curationmn
805 897 938 928 habebat,

140 943 301 970 medebatur
323 947 447 975 tantum;
471 943 515 977 qui
536 950 601 969 vero
621 943 792 977 operationes
813 942 938 968 virtutum

141 989 317 1024 possidebat,
331 989 412 1016 etiam
428 989 583 1024 castigabat.
605 989 726 1016 Potestas
744 989 816 1016 enim
831 994 937 1016 estnon

141 1035 253 1062 sanandi
270 1035 366 1067 modo,
383 1035 429 1062 sed
445 1035 523 1062 etiam
538 1032 681 1070 puniendi;
697 1040 725 1062 ut
739 1035 835 1062 Paulus
849 1042 937 1062 excae-

140 1082 229 1114 cavit,
247 1081 396 1117 Pelrusqtte
410 1082 552 1109 interiecit.
576 1082 627 1109 Alii
645 1089 702 1109 vero
721 1082 859 1117 prop/retice
871 1102 877 1114 ,
893 1082 937 1108 alii

140 1128 304 1155 discretione:
318 1129 463 1163 spirituum.
481 1129 547 1162 Quid
563 1129 613 1155 sibi
629 1129 684 1156 vult
698 1129 760 1156 illud
773 1150 781 1161 ,
799 1128 936 1155 Discretio-

140 1181 182 1200 nu
200 1174 362 1207 spirituum!
383 1173 459 1201 Scire
474 1174 532 1208 quis
557 1174 592 1201 sit
616 1174 778 1209 spiritualis,
800 1174 860 1209 quis
882 1180 934 1200 non

140 1220 301 1254 spiritualis;
326 1221 384 1255 quis
407 1220 534 1255 propheta
549 1242 556 1254 ,
577 1221 637 1256 quis
656 1221 803 1256 deceptor:
819 1221 843 1248 id
864 1221 934 1256 quod

139 1266 426 1293 Thessalonicensibus
446 1266 552 1293 dicebat
566 1275 572 1293 :
588 1266 741 1300 Prop/tedas
758 1267 835 1294 nolite
853 1267 934 1302 negli-

139 1320 195 1348 gere
208 1320 217 1338 :
231 1313 318 1338 omnia
331 1317 415 1339 autent
429 1313 562 1344 probantes
574 1334 580 1344 ,
595 1313 663 1347 quod
679 1313 771 1340 bonum
783 1317 819 1340 est
831 1334 837 1345 ,
855 1318 934 1340 tenete

139 1359 183 1393 (ι.
199 1359 287 1386 Thess.
303 1359 330 1386 5.
344 1359 390 1386 20.
404 1359 435 1386 ‘21
446 1359 464 1394 ).
479 1359 546 1386 Nam
567 1360 649 1386 multa
666 1364 728 1386 tunc
742 1365 800 1386 erat
817 1360 933 1394 pseudo-

138 1405 331 1440 prophetarum
360 1406 515 1440 corruptio,
547 1405 656 1433 diabolo
679 1406 859 1434 contendentc
885 1414 933 1441 pro

137 1452 249 1478 veritate
270 1451 434 1479 substituere
457 1451 637 1480 mendacium.
662 1452 715 1480 Alii
735 1457 820 1480 autem
842 1461 933 1488 genera

138 1498 281 1533 linguarttm
293 1518 302 1530 ,
317 1498 363 1524 alii
375 1498 548 1532 interpretatio
560 1506 713 1525 sermonum.
730 1498 795 1526 Nam
811 1499 857 1526 ille
871 1499 932 1533 qui—

138 1543 196 1571 dem
216 1544 320 1571 sciebat
333 1543 404 1579 quod
420 1544 476 1578 ipse
491 1544 611 1576 diceret,
628 1545 703 1572 alteri
719 1552 784 1572 vero
800 1544 825 1571 id
848 1545 931 1572 inter-

138 1591 234 1625 pretari
250 1598 302 1618 non
317 1595 421 1625 poterat
431 1600 437 1618 :
448 1590 517 1618 alius
529 1599 593 1618 vero
607 1591 664 1619 hazc
675 1591 754 1618 ambo
767 1592 929 1626 possidebat,

138 1637 177 1664 vel
191 1637 362 1664 alterutrum.

171 1685 197 1711 4.
218 1684 365 1711 Videbatur
384 1688 473 1711 autem
496 1684 548 1712 huc
572 1683 672 1712 donum
695 1692 755 1712 esse
778 1693 903 1720 magnum
918 1707 925 1718 ,

138 1731 260 1765 quoniam
276 1730 364 1765 ipsum
381 1731 496 1766 primum
509 1731 623 1766 apostoli
636 1737 806 1766 acceperunt,
818 1737 845 1760 et
859 1733 929 1766 apud

140 1777 289 1804 Corinthios
304 1777 410 1812 plurimi
427 1777 478 1805 hoc
491 1785 603 1805 munere
618 1778 740 1805 instructi
755 1784 832 1806 erant
843 1788 851 1806 :
863 1779 929 1807 doc-

139 1823 211 1849 trin:e
224 1828 313 1851 autem
329 1824 440 1851 verbum
463 1831 517 1850 non
533 1824 579 1850 ita.
598 1823 660 1851 Ideo
675 1823 737 1850 illud
753 1824 859 1858 quidem
874 1825 929 1860 pri-

137 1876 205 1895 mum
215 1869 291 1904 ponit
302 1890 311 1903 ,
327 1868 378 1897 hoc
386 1877 450 1897 vero
461 1874 636 1904 postremum.
647 1869 712 1896 Nam
723 1874 748 1896 et
759 1870 809 1896 hoc
821 1875 929 1904 propter

136 1914 197 1942 illud
210 1920 251 1941 εει
264 1935 271 1947 ,
289 1922 339 1942 nec
347 1922 399 1942 non
410 1915 462 1942 alia
475 1915 575 1947 omnia,
588 1915 745 1949 prophetizc,
760 1916 928 1949 operationes

135 1961 275 1991 virtutum,
292 1968 388 1995 genera
407 1960 569 1995 linguarum,
585 1965 612 1988 et
626 1960 810 1995 interpretatio
825 1961 927 1996 lingua-

134 2012 191 2032 rum
209 2014 216 2032 :
232 2005 300 2033 nihil
313 2007 383 2033 enim
400 2007 460 2033 huic
473 2013 522 2041 par
537 2010 598 2038 est;
613 2005 726 2041 ideoque
737 2006 841 2034 diccbat
856 2015 863 2034 :
878 2007 928 2039 Qui

135 2051 193 2078 bene
216 2057 329 2086 pra-sunt
352 2052 489 2088 presbyteri
505 2073 512 2084 ,
527 2053 623 2088 duplici
648 2054 744 2080 hortare
765 2053 835 2088 digni
849 2059 926 2087 sunt,

133 2099 244 2125 maxime
261 2099 304 2134 qui
324 2099 439 2126 laborant
454 2100 480 2125 in
495 2099 568 2125 verbo
583 2104 606 2126 et
624 2099 740 2126 doctrina
761 2100 802 2135 (Ι.
816 2100 883 2127 Tim.
898 2101 924 2128 5.

134 2143 189 2179 17).
207 2143 240 2170 Ει
253 2143 394 2171 Timotheo
416 2145 522 2179 scripsit
545 2145 656 2175 dicens,
680 2145 786 2172 Attende
808 2145 924 2178 lectioni,

133 2190 303 2216 exhortationi
314 2210 322 2222 ,
337 2191 458 2217 doctrina.-
472 2199 481 2217 :
497 2190 549 2217 noli
564 2191 688 2226 negligere
702 2192 811 2225 gratiam
830 2199 886 2227 qum
900 2193 925 2219 in

133 2240 156 2262 te
169 2241 204 2262 est
221 2236 259 2271 (l.
283 2235 351 2263 Tim.
365 2237 392 2263 4.
409 2237 451 2264 l3.
466 2236 520 2271 lxi).
539 2236 633 2263 Viden”
651 2237 785 2271 quomodo
799 2238 848 2264 hoc
863 2246 925 2272 gra-

133 2281 193 2308 tiam
207 2282 309 2309 vocet?
324 2282 424 2309 Deinde
446 2289 525 2316 quam
549 2281 672 2316 superius
695 2284 782 2316 posuit
804 2283 926 2310 consola-

133 2327 228 2354 tionem
243 2328 350 2360 diceus,
367 2327 440 2354 Idem
456 2328 569 2360 Spiritus
582 2348 589 2358 ,
609 2328 678 2354 hanc
697 2331 723 2354 et
750 2328 792 2354 hic
811 2328 923 2361 adiicit,

132 2372 220 2400 dicens
237 2381 244 2399 :
263 2372 329 2400 Etet:
349 2378 432 2400 autem
453 2373 539 2400 omnia
557 2377 678 2406 operatur
691 2380 756 2399 unus
771 2378 844 2409 atque
857 2374 923 2401 idem

132 2417 253 2452 Spiritus,
269 2418 385 2446 dividens
396 2419 502 2453 singulis
515 2423 588 2454 prout
603 2418 666 2445 vult.

164 2464 259 2493 Contra
277 2465 536 2493 Pnettmatomacltos.
549 2466 649 2492 —Non
663 2465 744 2492 modo
757 2470 844 2492 autem
857 2473 922 2493 cott-

131 2512 239 2546 solatur,
265 2512 314 2540 sed
326 2512 406 2540 etiam
426 2520 457 2540 os
470 2513 585 2540 obstruit
605 2512 798 2540 contradicenti
821 2512 863 2539 hic
885 2513 925 2539 di-

131 2566 191 2586 cens
204 2567 212 2585 :
229 2559 351 2586 Dividem
364 2559 470 2594 singulis
486 2564 561 2594 prout
579 2559 641 2586 uult.
663 2559 776 2593 Oportet
791 2559 862 2586 euitn
877 2559 924 2586 ad-

130 2606 270 2641 stringere,
288 2614 338 2633 nec
353 2606 438 2632 solum
454 2606 553 2633 mederi
568 2614 575 2638 ;
592 2606 660 2632 sicut
675 2611 701 2632 et
715 2606 741 2632 in
756 2605 873 2640 Epistula
889 2607 923 2634 ad

131 2651 266 2679 Romanos
280 2651 354 2682 facit,
368 2659 429 2678 eum
442 2652 505 2679 dicit
517 2659 524 2678 :
540 2650 580 2678 Tu
593 2652 649 2686 quis
662 2659 696 2683 es,
712 2653 754 2686 qui
769 2652 923 2687 respondeas

131 2696 182 2725 Deo
196 2697 288 2731 (Rom.
302 2697 329 2725 9.
344 2697 390 2732 ‘20)
403 2697 414 2723 ?
431 2698 466 2724 lta
480 2698 559 2724 etiam
584 2698 627 2723 hic
642 2718 649 2729 ,
670 2697 792 2724 Dividens
814 2697 923 2733 singulis

131 2750 202 2779 prout
213 2746 278 2772 uult.
295 2745 329 2772 Et
343 2744 412 2779 quod
431 2744 518 2771 Patris
535 2748 594 2770 erat
609 2764 616 2775 ,
633 2744 713 2771 etiam
735 2743 851 2779 Spiritus
863 2751 923 2772 esse

131 2791 255 2818 ostendit.
273 2790 348 2818 Sicut
370 2791 441 2817 enim
456 2790 490 2817 de
510 2789 556 2816 illo
569 2789 605 2816 ait
620 2798 626 2816 :
641 2788 714 2816 Idem
726 2793 809 2816 autem
824 2788 893 2816 Deus
913 2810 921 2823 ,

130 2838 170 2870 qui
183 2842 305 2873 operatur
326 2836 410 2863 omnia
432 2836 458 2862 in
481 2835 619 2867 omnibus;
633 2835 672 2862 sic
691 2839 718 2862 et
738 2835 773 2862 de
796 2835 896 2869 Spiritu
914 2844 921 2862 :

135 2881 192 2909 licet:
204 2890 283 2918 porro
298 2881 383 2908 omnia
396 2885 516 2916 operatur
528 2888 594 2906 unus
607 2885 630 2906 et
643 2880 708 2907 idem
727 2879 849 2914 Spiritus.
866 2879 918 2907 Sed

292 2931 427 2961 ΡΔτιιοι.
452 2931 508 2960 Gn.
536 2929 613 2960 LXI.

654 145 685 173 IN
707 146 811 174 EPlST.
838 147 848 174 l
879 147 923 174 AD
943 148 1022 176 (10R.
1045 149 1158 178 HOMIL.
1181 151 1276 179 XXIX.

1742 162 1795 189 201i

1006 213 1104 242 ntotns,
1119 209 1221 244 inquies
1235 231 1242 242 ,
1257 219 1271 237 a
1285 212 1349 238 Deo.
1368 213 1464 240 \‘crnm
1480 214 1531 242 huc
1551 223 1680 251 nusquam
1707 218 1794 252 dixit,
1837 234 1840 237 -

1002 253 1050 281 sed
1067 259 1094 281 tu
1108 255 1173 282 illud
1188 255 1302 292 efﬁngis.
1314 258 1427 291 Quando
1439 261 1510 287 enim
1524 261 1598 293 dicit,
1613 263 1663 296 Qui
1677 271 1795 298 operatur

1001 301 1086 327 omnia
1098 301 1125 328 in
1138 303 1263 336 omnibus,
1279 303 1312 331 de
1323 304 1476 333 hotninibus
1490 307 1540 334 hoc
1551 307 1616 335 dicit
1627 317 1635 336 ;
1649 317 1793 345 numquam

999 357 1059 377 cum
1075 350 1228 379 hominibus
1247 352 1374 387 Spiritum
1389 361 1547 383 anttmncrat
1558 377 1564 388 ,
1578 357 1682 384 etiamsi
1697 358 1796 386 millies

999 401 1121 424 amcnter
1142 397 1259 432 loquaris
1273 403 1301 427 ct
1322 400 1449 428 insanias.
1465 400 1532 435 Quia
1546 404 1617 430 enim
1631 403 1717 437 dixit,
1743 403 1794 431 Per

999 441 1147 476 Spiritum;
1162 448 1190 470 ut
1205 452 1238 471 ne
1253 451 1329 479 putes
1344 446 1408 473 illud
1420 467 1427 480 ,
1445 456 1490 482 per
1501 468 1509 480 ,
1527 449 1720 477 itnminutiouis
1733 457 1794 477 esse

998 495 1103 521 vocem,
1118 497 1168 517 nec
1184 491 1257 518 illum
1274 494 1380 520 mereri
1393 493 1426 521 ad
1437 495 1632 529 operationem,
1647 495 1794 531 subiungit.

1000 534 1110 570 Operari
1124 536 1269 571 Spiritum,
1285 547 1337 566 nou
1363 539 1398 567 ad
1420 542 1604 574 operationem
1628 543 1750 575 moveri,
1765 547 1794 570 et

997 581 1102 615 operari
1138 587 1166 609 ut
1186 583 1263 616 vult,
1286 592 1339 611 non
1360 591 1391 612 ut
1413 585 1530 620 jubetur.
1559 588 1789 621 Quemadmodum

996 626 1067 652 enim
1079 627 1112 654 de
1124 627 1202 655 Patre
1214 629 1298 656 Filius
1307 630 1382 663 dicit,
1396 630 1498 658 Excitat
1508 638 1620 660 mortuos
1629 639 1653 661 et
1663 635 1792 669 vivi/ient,-

995 676 1023 698 et
1033 672 1157 700 similiter
1167 674 1201 701 de
1212 675 1311 710 scipso.
1323 677 1392 708 Quos
1404 678 1456 704 vult
1466 678 1575 711 viviﬁcat
1586 678 1675 714 (Ioan.
1688 679 1770 716 5.2!)
1783 689 1790 707 :

995 717 1034 744 sic
1049 724 1074 744 et
1092 718 1125 746 de
1139 718 1260 754 Spiritu,
1284 721 1345 748 alibi
1361 723 1467 757 quidem
1482 723 1553 758 quod
1575 732 1635 752 cum
1659 731 1791 760 potestate

995 765 1083 791 Omnia
1100 765 1178 793 iaciat
1190 788 1197 799 ,
1211 772 1238 794 ct
1253 768 1318 794 nihil
1332 769 1367 795 sit
1381 770 1450 803 quod
1465 771 1590 805 impediat
1606 772 1684 806 (illud
1699 773 1770 799 cuint
1781 793 1788 804 ,

997 809 1045 837 Ubi
1059 812 1111 838 vult
1128 813 1209 846 spirat
1235 813 1316 849 (Ibid.
1332 815 1358 842 5.
1375 815 1414 849 8),
1429 816 1532 843 etiamsi
1546 817 1580 844 de
1594 823 1674 844 vento
1687 818 1788 845 dictum

995 857 1088 890 fuerit,
1107 859 1139 885 ad
1162 860 1212 887 hoc
1232 861 1302 895 quod
1321 862 1435 890 dicimus
1449 864 1517 890 viam
1540 865 1647 899 parat):
1664 864 1707 892 hic
1725 873 1790 892 vero

992 902 1067 936 dicit,
1081 903 1173 932 Omnia
1185 912 1305 941 operatur
1314 913 1388 942 prout
1402 909 1464 936 uult.
1474 909 1509 936 Et
1519 911 1627 938 aliunde
1636 911 1709 939 disce
1717 912 1788 947 quml

997 957 1049 975 linit
1059 950 1135 993 silex
1147 951 1189 983 iis,
1201 952 1244 986 qui
1260 960 1308 987 per
1323 955 1506 988 operationem
1520 962 1670 990 moventur,
1682 958 1728 985 sed
1742 960 1786 993 qui

992 987 1146 1029 operantur,
1156 996 1216 1024 hinc
1224 997 1311 1025 disce:
1326 999 1388 1031 Quis
1397 1001 1461 1027 enim
1471 1002 1548 1034 novit,
1559 1002 1654 1038 inquit,
1662 1011 1718 1038 gnte
1728 1009 1787 1031 sunt

992 1038 1101 1067 hominis
1113 1061 1121 1073 ,
1146 1041 1195 1068 nisi
1208 1043 1314 1077 spiritus
1333 1044 1441 1072 hominis
1452 1046 1465 1072 Ρ
1477 1046 1522 1073 Sic
1544 1051 1568 1074 et
1588 1055 1645 1082 qua
1661 1049 1708 1075 Dei
1726 1055 1786 1076 sunt

991 1093 1064 1112 nemo
1077 1087 1163 1119 novit,
1185 1089 1234 1115 nisi
1254 1089 1367 1124 Spiritus
1382 1090 1480 1127 Dei‘(i.
1497 1091 1556 1119 Cor.
1578 1092 1605 1121 Ξ.
1628 1095 1685 1128 Η).
1708 1095 1785 1129 Quod

990 1136 1078 1159 autem
1092 1133 1202 1168 spiritus
1214 1134 1340 1169 hominis,
1354 1136 1379 1163 id
1393 1142 1445 1170 est,
1459 1139 1559 1172 anima,
1571 1147 1626 1166 non
1637 1146 1785 1176 cgt-atope-

990 1177 1093 1205 ratione
1104 1198 1111 1211 ,
1130 1184 1158 1205 ut
1177 1187 1225 1206 sua
1239 1186 1402 1216 cognoscat,
1425 1183 1524 1210 nemini
1546 1192 1599 1211 ttun
1614 1190 1707 1213 nutum
1720 1192 1760 1213 est
1775 1196 1782 1214 :

990 1229 1055 1257 ergo
1068 1231 1118 1250 nec
1139 1224 1254 1259 Spiritus
1269 1233 1377 1254 sanctus
1389 1248 1396 1261 ,
1412 1233 1442 1255 ut
1461 1235 1604 1264 cognoscat
1619 1239 1650 1258 ea
1662 1239 1722 1266 qum
1737 1233 1780 1259 llci

988 1273 1062 1295 sunt.
1087 1269 1131 1297 Sic
1149 1271 1221 1298 enim
1246 1273 1304 1299 ait:
1322 1273 1425 1301 Arcana
1451 1275 1497 1302 Dei
1522 1278 1647 1312 cognovit
1669 1279 1784 1313 Spiritus

988 1319 1107 1348 sanctus,
1124 1317 1192 1343 sicut
1207 1318 1295 1344 anima
1320 1319 1436 1346 hominis
1455 1327 1552 1348 arcana
1574 1329 1632 1349 sua.
1649 1322 1675 1350 Si
1692 1329 1780 1352 autem

987 1361 1020 1387 ad
1043 1362 1092 1388 hoc
1112 1363 1163 1389 alia
1180 1366 1336 1398 operatione
1357 1375 1408 1394 nou
1433 1373 1575 1401 movetur,
1592 1371 1675 1397 multo
1697 1372 1782 1406 magis

987 1407 1031 1438 qui
1045 1408 1096 1434 scit
1111 1408 1240 1442 profunda
1257 1411 1302 1437 Dei
1313 1431 1320 1444 ,
1335 1417 1362 1439 et
1376 1421 1428 1439 nou
1445 1414 1534 1449 aliqua
1547 1416 1705 1450 operatione
1721 1424 1779 1444 mo-

987 1457 1063 1478 vctur
1074 1453 1106 1480 ad
1119 1453 1238 1481 dandum
1252 1456 1412 1484 charismata
1427 1460 1566 1493 apostolis,
1577 1461 1630 1487 alia
1645 1469 1697 1489 non
1713 1470 1779 1497 opus

987 1497 1108 1526 habuerit
1128 1502 1295 1534 operatione.
1317 1503 1418 1532 Praeter
1439 1505 1495 1532 lucc
1510 1510 1600 1534 autem
1623 1508 1695 1535 aliud
1710 1516 1780 1537 nunc

985 1544 1089 1578 dictun,
1107 1547 1178 1580 quod
1204 1549 1276 1582 prius
1298 1549 1362 1576 dixi.
1386 1551 1470 1584 Quale
1489 1553 1577 1580 illud?
1592 1553 1620 1581 Si
1644 1555 1732 1582 minor
1745 1556 1779 1582 sit

985 1591 1099 1627 Spiritus
1113 1598 1141 1620 et
1154 1594 1265 1622 alterius
1277 1597 1444 1628 substantiae.
1459 1598 1527 1626 nihil
1553 1600 1697 1634 profuisset
1709 1609 1774 1629 cott-

984 1639 1090 1672 solatio,
1103 1648 1190 1674 neque
1202 1641 1337 1670 audivisse
1350 1643 1475 1671 eumdem
1488 1652 1549 1672 esse
1560 1645 1698 1680 Spiritum.
1711 1647 1778 1675 Natu

983 1685 1028 1720 qui
1043 1693 1057 1712 a
1074 1694 1135 1720 rege
1148 1688 1261 1722 accepit,
1276 1688 1344 1716 hanc
1359 1690 1502 1718 maximam
1517 1692 1638 1720 habuerit
1648 1696 1756 1722 consula
1766 1709 1773 1715 -

984 1731 1103 1764 tionem,
1121 1733 1190 1767 quod
1213 1734 1268 1768 ipse
1294 1735 1318 1762 ei
1341 1735 1463 1768 dederit;
1479 1737 1525 1773 qui
1549 1743 1640 1766 autem
1662 1747 1677 1766 a
1700 1747 1778 1768 serio

983 1778 1097 1813 accipit,
1120 1783 1182 1806 tunc
1204 1781 1290 1814 magis
1311 1780 1402 1815 dolet,
1418 1783 1524 1817 quando
1539 1784 1671 1819 quispiam
1690 1785 1741 1814 hoc
1752 1788 1776 1814 ci

983 1823 1120 1851 obtulerit.
1136 1824 1227 1860 Itaque
1241 1826 1302 1853 hinc
1316 1827 1395 1854 etiam
1411 1828 1497 1862 palam
1511 1834 1553 1857 est
1565 1830 1694 1864 Spiritntn
1712 1840 1774 1859 san—

981 1874 1053 1896 ctnm
1071 1878 1123 1897 non
1136 1871 1250 1903 servilis,
1265 1871 1311 1899 scd
1327 1874 1406 1908 regia:
1419 1881 1478 1902 esse
1493 1875 1660 1903 substantitc.
1676 1876 1777 1905 Idcirco

982 1915 1051 1942 sicut
1065 1917 1218 1943 consolatus
1231 1921 1273 1944 est
1286 1918 1345 1945 illos
1358 1918 1451 1947 dicens
1460 1940 1467 1952 ,
1487 1919 1629 1948 Diuisione;
1644 1922 1774 1949 ministru-

983 1961 1079 1987 tionunt
1093 1967 1162 1994 sunt,
1175 1962 1242 1989 idem
1256 1967 1340 1989 autem
1353 1963 1498 1999 Dominus;
1514 1970 1549 1999 et,
1565 1966 1703 1995 Diuisione:
1715 1977 1776 2004 0pc-

981 2006 1107 2033 rationum
1121 2027 1127 2038 ,
1143 2007 1209 2034 idem
1222 2014 1306 2036 autem
1319 2008 1388 2036 Deus
1402 2018 1410 2037 :
1422 2011 1461 2038 sic
1476 2018 1537 2039 cum
1551 2014 1675 2047 superius
1689 2014 1752 2041 dixit
1764 2034 1772 2046 ,

981 2050 1124 2079 Divisiones
1134 2053 1273 2088 gratiarum
1286 2059 1355 2088 sunt,
1366 2055 1432 2082 idem
1445 2063 1529 2084 autem
1543 2058 1655 2093 Spiritus
1665 2067 1675 2091 ;
1686 2065 1712 2086 et
1725 2061 1775 2087 sub

980 2096 1039 2124 htec
1063 2098 1144 2125 etiam
1169 2098 1251 2132 dicit,
1279 2099 1341 2127 lItec
1365 2107 1450 2128 autem
1471 2103 1556 2130 omnia
1573 2110 1692 2139 opcratur
1710 2114 1774 2133 unus

980 2148 1054 2178 atque
1071 2144 1137 2170 idem
1158 2144 1290 2179 Spiritus,
1306 2147 1421 2174 dividens
1443 2148 1550 2183 singulis
1566 2155 1639 2183 prout
1656 2150 1718 2178 uult.
1735 2151 1774 2179 Ne

979 2189 1069 2223 itaque
1085 2197 1231 2224 angantur,
1249 2191 1342 2226 inquit,
1361 2200 1447 2227 neque
1468 2193 1607 2222 doleamus
1628 2195 1749 2224 dicentes
1761 2218 1770 2228 ,

978 2234 1033 2262 Cur
1047 2234 1098 2262 ltoc
1118 2236 1232 2270 accepi,
1255 2235 1307 2264 hoc
1334 2245 1386 2264 non
1410 2238 1524 2274 accepi?
1540 2246 1627 2275 neque
1650 2242 1769 2270 rationes

978 2280 1117 2315 exigamus
1131 2289 1146 2307 a
1167 2276 1267 2316 Spiritu
1281 2287 1385 2310 sancto.
1405 2284 1471 2311 Nam
1491 2285 1514 2312 si
1538 2287 1607 2313 nosti
1619 2307 1627 2320 ,
1643 2287 1669 2314 id
1685 2287 1771 2322 ipsum

979 2327 1102 2361 largitum
1120 2335 1181 2355 esse
1203 2328 1274 2363 quod
1289 2330 1326 2356 tui
1341 2338 1432 2357 curam
1444 2337 1539 2366 gerat;
1553 2333 1675 2367 cogitans
1698 2334 1770 2363 illum

977 2372 1099 2400 eamdem
1121 2381 1213 2401 curam
1236 2379 1372 2409 gerentem
1397 2384 1550 2405 mensuram
1570 2378 1695 2412 dedisse,
1712 2389 1770 2408 amr

978 2419 1094 2454 plectere
1107 2424 1134 2446 et
1153 2420 1241 2454 gaude
1253 2421 1288 2447 ob
1309 2429 1341 2448 ea
1357 2429 1416 2456 qua:
1435 2423 1581 2458 accepisti;
1595 2429 1623 2452 et
1646 2433 1681 2453 ne
1699 2433 1771 2462 agre

979 2466 1047 2493 teras
1062 2466 1131 2501 quod
1146 2467 1197 2494 alia
1217 2475 1268 2494 non
1289 2469 1440 2503 acccpcris;
1455 2469 1508 2496 imo
1522 2471 1622 2505 gratias
1643 2472 1747 2500 reddito
1761 2494 1768 2507 ,

977 2512 1049 2547 quod
1065 2520 1117 2539 non
1131 2513 1233 2547 majora
1248 2521 1326 2548 quam
1343 2515 1412 2542 terre
1425 2523 1519 2550 posses
1532 2519 1678 2552 acceperis.

1013 2558 1039 2585 Β.
1060 2558 1087 2585 Si
1105 2563 1195 2585 autem
1209 2559 1234 2585 in
1254 2559 1438 2593 spiritualibus
1460 2569 1512 2588 non
1535 2568 1640 2598 oportet
1662 2565 1768 2593 curiose

978 2603 1113 2638 inquirere
1125 2624 1131 2634 ,
1147 2605 1231 2631 multo
1242 2606 1326 2640 magis
1339 2606 1364 2632 in
1380 2607 1533 2634 carnaliluts
1546 2616 1553 2639 ;
1568 2609 1616 2636 sed
1629 2611 1769 2645 quiescere

977 2654 1069 2676 etnon
1085 2649 1189 2677 curiose
1204 2651 1317 2678 scrutari
1343 2659 1390 2679 cur
1413 2653 1458 2680 illo
1480 2653 1555 2681 dives
1567 2675 1575 2688 ,
1600 2655 1643 2683 ille
1657 2664 1765 2692 pauper.

977 2695 1047 2723 Sane
1062 2696 1170 2731 quidem
1184 2704 1236 2723 non
1252 2697 1348 2732 singuli
1365 2705 1380 2725 a
1397 2698 1451 2727 Deo
1465 2699 1572 2728 divitias
1592 2701 1705 2734 habent,
1721 2703 1768 2730 sed

977 2741 1053 2769 multi
1064 2749 1097 2769 ex
1113 2742 1253 2776 iniustitia,
1264 2750 1296 2771 ex
1311 2746 1404 2779 rapina
1415 2749 1442 2772 et
1454 2752 1488 2773 ex
1501 2747 1622 2775 avaritia.
1635 2748 1686 2781 Qui
1695 2749 1767 2775 enim

974 2786 1054 2822 jussit
1070 2795 1122 2814 non
1135 2787 1224 2820 ditari,
1237 2790 1372 2823 quomodo
1385 2790 1504 2818 dedisset
1514 2799 1558 2825 ea,
1575 2801 1635 2828 qua:
1645 2794 1769 2828 accipere

977 2833 1122 2868 prohibet?
1135 2833 1170 2861 Ut
1190 2839 1281 2865 autem
1300 2835 1416 2863 validius
1430 2836 1566 2865 eoul'utetn
1581 2845 1645 2872 eos,
1658 2840 1702 2873 qui
1716 2838 1767 2865 hau

981 2879 1007 2906 in
1023 2887 1053 2906 re
1069 2879 1255 2907 cuutradicunt
1277 2881 1372 2915 nobis;
1391 2889 1605 2916 age,scrm0uem
1620 2884 1698 2910 altius
1718 2884 1768 2910 du-

1553 2937 1586 2966 ιδ
