2034 3109
254 115 307 143 217

256 179 357 205 caunos,
372 171 406 200 ab
418 175 581 208 ootempore
591 178 645 207 quo
656 170 726 198 Deus
738 168 846 198 divitias
855 169 983 204 elargitus
994 174 1044 201 est,

256 223 283 244 et
296 218 428 252 responde
441 217 505 245 mihi
518 226 524 244 :
537 217 626 251 Quare
639 215 714 243 dives
730 219 788 243 erat
801 214 950 244 Abraham.
965 214 1050 242 Iacob

257 270 345 292 autem
361 265 443 293 etiam
459 271 527 299 pane
542 262 660 298 egebat?
672 270 761 289 annon
784 262 908 289 similiter
926 267 954 288 et
968 260 1012 289 hic
1023 266 1050 288 et

257 311 303 338 ille
316 311 404 346 justus
413 310 492 338 erat?
505 317 596 336 annon
607 309 731 335 similiter
743 308 776 335 de
787 308 874 335 tribus
890 307 957 335 dixit
972 316 978 335 :
995 307 1052 342 Fgo

258 359 328 385 Deus
348 357 476 384 Abraham
496 361 519 383 et
541 355 616 382 Isaac
633 360 656 382 et
673 354 755 382 Iacob
770 354 873 391 (Exod.
891 355 918 381 5.
934 353 966 388 6)
977 353 989 380 τ
1002 361 1048 380 cur

257 411 322 438 ergo
338 403 381 430 ille
394 403 471 429 dives
483 406 551 433 erat,
566 401 610 429 hic
623 402 746 429 mercede
759 400 981 428 condncebatur?
995 399 1050 426 imo

258 451 355 483 potius,
372 448 425 476 Cur
439 448 510 476 Esau
527 448 633 483 iniquus
644 455 703 475 cum
716 452 787 475 esset
799 452 825 474 ct
839 447 973 473 l'ratricnla
987 467 994 477 ,
1009 446 1050 472 di-

256 503 303 523 ves
316 499 374 522 erat
385 515 392 526 ,
414 495 457 522 hic
471 502 534 522 vero
549 495 575 522 in
596 494 724 522 servitute
738 498 813 521 tanto
837 497 958 528 tempore
979 491 1050 519 fuit?

257 548 305 568 cur
317 548 410 568 rursus
425 541 497 568 Isaac
513 539 654 575 tranquille
669 543 743 566 tanto
762 543 883 573 tempore
897 539 983 571 vixit,
1005 537 1050 565 Ja-

257 586 308 614 cob
321 591 409 613 autem
424 587 449 613 itt
462 585 599 613 laboribus
613 589 640 612 et
655 584 791 612 miseriis?
806 584 919 619 ideoque
931 583 1048 616 diccbat,

257 632 339 660 Pauci
359 637 383 659 et
398 632 460 659 mali
476 632 530 660 die:
548 633 596 661 mei
614 631 691 669 (Gen.
708 631 752 659 47.
769 631 810 666 9).
824 631 879 658 Cur
902 631 983 658 David
1004 631 1048 664 qui

257 677 388 713 propheta
400 683 427 705 et
442 685 487 705 rex
505 677 570 709 fuit,
583 682 666 704 totum
682 677 742 704 vitae
755 681 860 711 tempus
870 675 898 703 in
913 675 1049 703 laboribus

259 724 406 759 transegit;
422 723 550 751 Salomon
563 729 654 750 autem
668 722 738 750 ﬁlius
749 722 807 757 ejus
818 730 865 757 per
876 722 1048 757 quadraginta

258 777 343 797 annos
358 770 479 797 securius
502 776 580 804 quam
596 768 708 804 quilibet
729 768 867 796 hominum
882 768 949 795 vixit
962 789 969 801 ,
984 775 1048 803 pro-

259 815 339 843 funda
355 815 448 843 fruens
463 823 527 850 pace
538 822 643 848 ,,omr.e
654 821 740 850 genus
752 815 843 850 gloria:
854 835 863 848 ,
890 813 1000 841 honoris
1022 819 1049 841 et

259 862 404 897 voluptatis
417 862 552 896 adeptus?
568 869 616 889 cur
637 861 664 889 in
686 861 824 896 prophetis
849 861 918 889 alius
943 861 1047 896 magis,

256 909 325 936 alius
338 908 427 936 minus
447 907 613 944 afﬂigebatur
624 907 636 934 ‘.'
649 907 780 942 Quoniam
792 907 831 935 sic
846 907 988 942 unicuique
1001 915 1049 935 ex—

256 955 390 990 pediebat.
917 954 921 956 ’

290 1001 340 1028 Dei
351 1001 506 1037 dispensatio
512 1008 562 1029 non
570 1001 644 1029 nimia
651 1000 1049 1035 summatim—Quamobrem

256 1047 328 1074 circa
340 1047 459 1082 singulos
469 1047 613 1075 dicendum
623 1051 675 1080 est,
683 1046 788 1074 Iudicia
800 1051 843 1074 tua
857 1047 962 1082 abyssi"
970 1047 1050 1073 multa

258 1093 265 1122 (
281 1090 353 1118 Prol.
371 1092 416 1120 35.
431 1092 478 1127 7).
493 1092 560 1120 Nam
582 1093 604 1120 si
625 1100 737 1128 magnos
752 1093 814 1120 illos
830 1097 859 1120 et
873 1092 1050 1120 admirabiles

259 1139 333 1166 viros
346 1146 398 1166 non
411 1139 533 1167 similiter
547 1139 690 1168 exercebat
704 1140 784 1171 Deus,
796 1140 843 1167 sed
859 1139 930 1167 ltunc
942 1140 1050 1175 quidem

259 1193 308 1220 per
322 1191 520 1221 paupertatem,
533 1187 615 1214 alium
631 1195 678 1222 per
688 1187 813 1220 divitias;
829 1188 900 1215 hunc
913 1195 963 1222 per
977 1193 1051 1215 tran-

259 1232 417 1266 quillitatem
428 1252 435 1266 ,
457 1233 531 1260 illum
545 1241 593 1268 per
604 1240 739 1261 aerumnas
753 1242 761 1261 τ
775 1234 860 1261 multo
881 1234 965 1269 magis
979 1241 1051 1261 nunc

259 1278 310 1305 hoc
324 1282 431 1313 Oportet
444 1279 574 1315 cogitare.
590 1279 655 1307 Cum
678 1279 730 1307 hoc
747 1284 837 1308 autem
860 1280 925 1307 illud
945 1288 1051 1315 quoque

259 1332 349 1352 secum
362 1330 487 1360 reputare
497 1330 615 1360 oportet,
629 1333 726 1361 nempe
738 1326 820 1353 tnulta
835 1333 868 1353 ex
886 1325 918 1353 iis
931 1333 990 1360 qua:
1006 1333 1052 1352 ac—

258 1372 349 1399 cidunt
364 1379 416 1399 non
431 1380 463 1399 ex
477 1372 549 1400 illius
561 1373 694 1400 sententia
708 1372 766 1401 ﬁeri
778 1393 786 1406 ,
801 1372 849 1400 sed
866 1380 915 1407 per
930 1377 1049 1399 nostram

260 1418 405 1453 nequitiam
420 1419 539 1446 evenire.
549 1419 587 1446 Ne
598 1419 687 1454 itaque
699 1418 784 1452 dicas,
795 1419 849 1447 Cur
860 1418 904 1446 hic
912 1418 988 1446 dives
997 1423 1048 1452 est,

260 1472 321 1491 eum
337 1472 451 1499 nequam
466 1466 517 1497 sit;
533 1465 578 1492 ille
592 1472 657 1492 vero
678 1472 779 1500 pauper
795 1485 802 1497 ,
815 1472 875 1492 cum
890 1465 926 1492 sit
938 1465 1050 1499 justus?

261 1510 361 1538 Horum
375 1510 473 1545 quippe
485 1511 619 1538 rationem
632 1511 697 1538 dare
711 1511 774 1539 licet
788 1532 795 1544 ,
811 1519 844 1539 ac
857 1511 947 1539 dicere
960 1521 966 1538 :
981 1511 1048 1545 Quia

258 1557 441 1592 nequejustus
453 1564 469 1584 a
483 1562 638 1592 paupertate
654 1557 768 1590 laeditur,
783 1558 837 1585 imo
851 1558 978 1592 majorem
993 1558 1050 1584 cla-

260 1602 347 1630 ritatis
367 1602 447 1631 habet
465 1603 668 1635 accessionem;
689 1608 717 1630 et
732 1603 870 1638 improbus
885 1603 964 1630 habet
983 1603 1050 1630 divi-

261 1649 311 1676 tias
326 1649 447 1684 supplicii
462 1649 598 1681 viaticum,
611 1649 662 1676 nisi
675 1653 863 1676 convertatur:
875 1654 955 1684 atque
968 1649 1048 1677 etiam

260 1700 323 1724 ante
346 1695 505 1730 supplicium
529 1696 628 1723 divitia:
653 1696 690 1722 illi
718 1696 848 1723 malorum
870 1696 1049 1730 complurium

259 1749 339 1769 causa
354 1741 438 1775 fuere,
455 1747 481 1770 et
492 1742 518 1769 in
533 1742 607 1769 mille
619 1742 743 1770 baratbra
758 1742 904 1770 deduxere.
919 1742 989 1770 Deus
1002 1750 1051 1770 au-

260 1794 314 1816 tem
327 1788 352 1815 id
363 1789 404 1823 agi
418 1789 499 1821 sinit,
516 1788 597 1816 simul
612 1788 726 1816 liberttm
742 1789 883 1816 arbitrium
905 1789 1051 1816 voluntatis

259 1834 415 1867 ostendens,
431 1839 459 1861 et
471 1834 540 1862 alios
552 1834 652 1862 docens
675 1843 708 1862 ne
730 1835 815 1862 insani
837 1839 864 1862 et
882 1834 1002 1863 furentes
1016 1835 1049 1862 ad

261 1880 386 1914 pecunias
402 1880 530 1908 ferantur.
552 1881 620 1914 Quid
638 1888 703 1916 ergo
716 1901 723 1914 ,
747 1881 852 1915 inquies
867 1901 875 1913 ,
890 1888 950 1909 cum
963 1881 1051 1908 malus

261 1927 392 1962 quispiam
414 1927 489 1955 dives
508 1926 573 1955 nihil
596 1927 657 1954 maii
685 1927 809 1962 patitur?
823 1935 884 1955 nam
903 1927 926 1954 si
950 1929 1049 1962 probus

259 1981 319 2000 etim
331 1973 383 2004 sit,
397 1972 472 2000 dives
487 1977 527 2000 est
537 1966 616 2008 ,jure
629 1973 741 2006 merito;
758 1973 798 2000 sin
815 1973 900 2000 malus
913 1973 948 2001 sit
961 1994 968 2005 ,
986 1973 1049 2008 quid

260 2019 402 2046 dicemus?
416 2019 493 2053 Quod
505 2020 538 2046 sil
548 2019 627 2046 ctiam
639 2019 689 2046 hac
702 2019 804 2047 ratione
816 2019 976 2048 miserabilis
990 2028 996 2046 :
1009 2020 1049 2047 di-

260 2066 331 2092 vitim
346 2065 417 2092 enim
432 2065 465 2092 ad
482 2065 626 2100 nequitiam
636 2065 769 2100 adjuncta:
782 2065 880 2093 malum
893 2071 1048 2100 aggravant.

259 2110 312 2138 Sed
334 2111 419 2138 bonus
439 2116 478 2138 es:
491 2131 499 2144 ,
513 2116 541 2138 et
565 2115 653 2138 tamen
678 2111 795 2146 pauper?
806 2111 838 2138 At
853 2111 920 2138 nihil
934 2111 1047 2138 laeditur.

259 2156 312 2184 Sed
324 2156 410 2183 malus
422 2161 461 2183 est
476 2160 502 2183 et
519 2164 619 2192 pauper
632 2157 644 2183 ἶ)
662 2157 731 2191 Ergo
744 2157 816 2191 juste
828 2162 855 2184 et
870 2165 916 2192 pro
930 2158 1026 2185 merito
1041 2178 1048 2189 ,

262 2203 316 2230 imo
335 2206 362 2230 et
380 2203 412 2229 ad
427 2202 567 2230 utilitatem
586 2210 672 2230 suam.
693 2202 790 2230 Verum
811 2203 855 2230 ille
870 2224 877 2235 ,
893 2203 996 2238 inquies
1012 2224 1020 2235 ,
1036 2212 1050 2230 a

262 2249 407 2284 majoribus
421 2248 527 2275 divitias
542 2249 656 2283 accepit,
669 2254 696 2275 et
709 2248 838 2283 dispergit
849 2249 907 2276 illas
923 2249 1049 2276 meretri-

262 2294 338 2321 cibus
349 2298 376 2321 et
392 2294 526 2328 parasitis,
543 2294 663 2330 nihilque
676 2293 738 2321 mali
753 2294 861 2328 patitur.
877 2294 944 2327 Quid
959 2294 1025 2322 dicis
1040 2294 1051 2321 ?

260 2339 409 2367 fornicatur
422 2344 447 2367 el
462 2339 526 2366 nihil
551 2340 612 2367 mali
628 2340 727 2375 patitur
742 2340 754 2366 ?
769 2340 916 2368 inebriatur
931 2345 958 2368 et
973 2346 1051 2375 putas

262 2386 348 2420 ipsum
363 2385 483 2412 deliciari
494 2386 507 2413 ἲ
517 2386 548 2413 ad
563 2385 627 2413 nihil
638 2386 764 2414 decorum
776 2387 902 2421 pecunias
912 2387 1050 2422 expendd,

260 2437 287 2460 et
302 2438 378 2468 putas
395 2433 480 2467 ipsum
494 2433 663 2460 armulatione
676 2433 806 2468 dignum?
817 2439 845 2460 et
856 2433 920 2468 quid
934 2433 1052 2460 deterius

261 2479 308 2506 illo
323 2479 412 2511 fuerit,
426 2478 469 2513 qui
483 2479 579 2505 animat
592 2486 647 2505 sum
660 2479 769 2505 exilium
784 2478 860 2505 aﬂ‘ert
871 2479 883 2504 ’ἶ
896 2478 934 2504 Tu
945 2486 1018 2508 vero,
1029 2479 1050 2505 si

262 2532 324 2552 eum
336 2525 464 2552 membris
474 2528 624 2551 contortutn
634 2528 663 2551 et
677 2523 798 2551 mutilum
812 2523 927 2555 videres,
943 2524 1052 2551 infinitis

265 2571 338 2598 illum
365 2570 489 2606 lacrymis
511 2570 620 2605 dignum
642 2576 703 2597 esse
723 2576 870 2601 censeres;
886 2576 946 2595 cum
963 2574 1050 2596 autem

263 2618 378 2644 animam
394 2617 453 2651 ejus
468 2620 550 2643 totam
563 2615 683 2642 mutilam
698 2614 784 2647 vides,
796 2615 902 2642 beatum
915 2614 990 2641 illum
1006 2623 1052 2641 cx-

263 2664 387 2692 istimas?
402 2665 436 2691 At
452 2671 504 2690 non
516 2663 598 2690 sentit
609 2682 616 2694 ,
632 2662 746 2697 inquies.
762 2662 795 2688 Et
805 2661 866 2690 ideo
879 2661 1051 2689 commisera-

262 2709 335 2738 tione
359 2710 454 2745 dignus
468 2713 509 2736 est
525 2729 533 2741 ,
549 2713 578 2736 ut
591 2708 635 2743 qui
651 2707 796 2735 insaniunt.
815 2706 880 2734 Nam
899 2707 943 2742 qui
957 2707 1008 2734 scit
1022 2715 1051 2733 se

261 2760 394 2791 aegrotare
409 2775 416 2788 ,
436 2755 567 2782 medicum
590 2761 700 2789 prorsus
715 2753 832 2788 requiret
844 2773 852 2784 ,
866 2757 893 2779 et
909 2752 1051 2787 pharmaca

263 2803 313 2830 sibi
327 2801 384 2829 dari
396 2805 510 2836 patietur
524 2808 531 2833 ;
546 2801 589 2836 qui
604 2807 668 2827 vero
688 2800 811 2834 ignorat,
827 2806 971 2833 numquam
987 2798 1050 2825 libe-

263 2847 315 2874 rari
335 2846 440 2882 poterit.
465 2845 600 2873 Hunccine
613 2866 621 2878 ,
645 2852 736 2880 qumso
749 2864 758 2879 ,
783 2845 887 2873 beatum
905 2844 1051 2880 prtedicas‘?

637 112 659 141 8
686 110 824 141 JOANNIS
835 108 1071 139 CHRYSOSTOMI
1093 110 1251 140 ARCHIEP.
1269 110 1534 142 CONSTANTINOI’.

1841 115 1895 142 οιιδ

1106 169 1158 197 Sed
1175 171 1239 198 nihil
1259 171 1354 198 mirum
1370 180 1377 198 :
1392 177 1455 199 sunt
1467 172 1539 199 enim
1555 171 1706 207 complures
1716 172 1895 208 philosophia

1105 216 1230 251 imperiti.
1247 217 1309 245 Ideo
1323 223 1457 246 extremas
1468 218 1562 247 damus
1575 226 1668 254 poenas
1678 240 1686 252 ,
1700 223 1731 247 ut
1742 220 1785 255 qui
1797 220 1895 256 punia-

1104 271 1164 290 nntr
1176 271 1226 291 nec
1240 263 1385 291 liberemur
1399 273 1414 292 a
1430 265 1561 300 supplicio
1574 274 1581 292 :
1603 265 1663 293 ideo
1675 266 1721 293 irte
1737 287 1745 297 .
1761 273 1895 294 interere:

1103 315 1130 336 et
1144 310 1358 342 perturbationes
1369 310 1540 345 frequentes;
1551 312 1613 347 quia
1624 319 1685 339 cum
1701 312 1782 339 vitam
1797 312 1891 340 dolore

1102 362 1214 382 vacuam
1228 355 1305 382 nobis
1319 356 1444 383 ostendat
1458 356 1528 384 Deus
1538 378 1546 389 ,
1563 357 1632 384 viain
1647 365 1745 392 nempe
1758 357 1791 384 ad
1807 358 1893 385 virtu-

1104 401 1291 435 tctn,nos,illa
1302 402 1406 435 relicta,
1421 403 1500 430 aliam
1516 404 1584 430 viam
1600 404 1775 438 ingredimur,
1786 404 1895 432 divitia-

1104 455 1163 474 rum
1176 455 1272 480 nempe
1283 453 1310 475 et
1322 450 1450 482 pecunia;
1467 450 1615 477 innumeris
1630 451 1736 485 plenam
1751 451 1829 478 malis
1846 460 1853 478 :
1867 455 1897 479 et

1103 501 1157 521 non
1185 501 1263 522 set-us
1288 495 1462 527 facimus,ac
1488 496 1510 522 si
1533 496 1593 530 quis
1615 504 1757 531 corporum
1781 497 1894 524 formam

1103 539 1256 569 discernere
1268 549 1320 568 non
1334 541 1438 574 valens,
1453 542 1499 570 sed
1515 547 1598 570 lottun
1613 544 1734 571 tribuens
1746 544 1895 571 vestimen-

1103 587 1137 614 tis
1156 591 1183 615 et
1199 588 1389 621 circumposito
1412 588 1517 615 ornatui
1532 609 1540 618 ,
1558 588 1701 616 formosam
1728 590 1868 617 mulierem
1885 610 1894 622 ,

1103 633 1215 660 naturali
1231 633 1427 668 pulchritudine
1448 634 1587 670 prmditam
1610 635 1704 663 videns
1718 636 1868 670 praztcriret
1884 656 1893 667 .

1104 683 1207 713 turpem
1218 684 1307 706 autem
1317 700 1325 712 ,
1341 679 1489 707 deformem
1505 686 1531 707 et
1545 687 1660 715 corpore
1674 681 1794 709 mutilam
1811 703 1819 715 ,
1835 682 1895 716 pul-

1102 723 1176 751 chris
1190 730 1312 751 ornatam
1328 725 1449 752 vestibus
1463 725 1597 760 aspiciens
1611 746 1618 758 ,
1635 734 1745 754 uxorem
1769 726 1892 755 duceret.

1103 769 1168 796 Tale
1192 769 1327 804 quidpiam
1352 778 1423 798 nttnc
1449 770 1519 798 circa
1546 772 1670 798 virtutem
1698 777 1725 799 et
1748 773 1894 808 nequitiam

1103 814 1177 841 multi
1194 815 1329 849 patiuntur
1345 825 1350 840 :
1367 821 1469 849 turpem
1494 817 1564 844 illam
1579 817 1709 845 adeuntes
1725 822 1834 853 propter
1847 826 1895 846 ex-

1103 861 1229 887 teriorem
1241 865 1375 894 ornatum,
1390 862 1534 889 formosam
1550 868 1639 890 autem
1655 868 1682 890 et
1698 863 1837 897 pulchram
1850 872 1893 892 re-

1104 911 1232 940 spuentes
1250 912 1360 941 propter
1380 908 1479 935 nudam
1496 909 1567 936 illius
1587 909 1810 943 pulchritudinem
1825 930 1833 942 ,
1856 911 1893 938 ob

1103 959 1183 986 quam
1198 952 1282 987 ipsam
1297 953 1413 980 maxime
1426 953 1506 989 deligi
1516 955 1668 988 oportebat.

1138 999 1165 1025 6.
1182 998 1284 1026 Divitia:
1294 999 1482 1034 fluam—Ideo
1491 1008 1534 1028 mc
1548 1000 1627 1036 pudet
1639 1023 1647 1034 ,
1662 1001 1732 1036 qttod
1745 1010 1805 1030 cum
1819 1002 1890 1038 apud

1103 1044 1211 1073 Graecos
1227 1046 1286 1073 illos
1299 1046 1408 1074 insanos
1417 1046 1525 1082 quidam
1535 1048 1587 1075 sint
1596 1048 1641 1083 qui
1654 1049 1693 1075 sic
1705 1049 1895 1084 philosophan—

1104 1096 1147 1118 tnr
1159 1111 1168 1124 ,
1189 1091 1294 1119 etiamsi
1309 1100 1362 1119 non
1379 1100 1409 1120 re
1420 1113 1428 1126 ,
1453 1097 1570 1121 attamen
1583 1095 1716 1121 sententia
1731 1115 1739 1126 ,
1755 1099 1782 1122 et
1795 1094 1893 1123 ﬂuxam

1104 1145 1196 1165 rerum
1219 1139 1390 1173 prtesentium
1412 1139 1593 1168 conditionem
1620 1145 1737 1174 norunt;
1754 1142 1822 1176 apud
1845 1150 1894 1169 nos

1103 1184 1211 1219 quidam
1231 1192 1266 1212 ne
1291 1185 1334 1213 illa
1362 1186 1469 1221 quidem
1493 1186 1602 1220 norint,
1629 1187 1676 1214 sed
1698 1192 1725 1214 et
1745 1188 1829 1222 ipsum
1851 1188 1895 1224 ju-

1103 1230 1202 1257 dicium
1215 1237 1371 1266 corruptum
1386 1232 1521 1260 habeant:
1534 1240 1593 1260 cum
1609 1232 1666 1260 lucc
1677 1233 1765 1260 omnia
1776 1239 1829 1260 tam
1841 1234 1895 1261 ire—

1103 1281 1216 1310 quenter
1230 1276 1366 1312 Scriptura
1386 1277 1444 1305 haec
1464 1278 1541 1306 nobis
1557 1278 1683 1306 decantet
1704 1284 1732 1307 et
1751 1279 1842 1307 dicat:
1856 1278 1897 1306 Ad

1103 1321 1211 1348 niltilum
1228 1322 1352 1350 deductus
1375 1328 1412 1350 est
1430 1324 1456 1350 in
1470 1329 1604 1359 conspectu
1624 1325 1678 1359 eius
1698 1325 1826 1361 malignus
1840 1346 1847 1356 ,
1864 1327 1896 1351 ti-

1103 1371 1198 1393 mentes
1211 1372 1295 1394 autent
1309 1368 1435 1396 Dominus
1449 1370 1575 1404 glori/ictu
1590 1369 1677 1405 (Paul.
1690 1371 1734 1398 Η.
1750 1372 1790 1406 Δ).
1808 1371 1896 1398 Timor

1103 1411 1208 1439 Domini
1222 1414 1308 1440 omnia
1318 1416 1445 1449 superavit
1457 1414 1549 1451 (Ercii.
1563 1415 1608 1443 ‘25.
1623 1416 1679 1450 M).
1693 1415 1774 1443 Deum
1787 1417 1857 1447 (inte,
1872 1422 1896 1443 et

1103 1459 1225 1487 mandata
1236 1461 1292 1494 ejus
1301 1461 1398 1488 custodi
1414 1469 1424 1488 :
1439 1465 1485 1488 hac
1492 1467 1530 1489 est
1541 1464 1606 1489 enim
1617 1464 1699 1490 omnis
1707 1463 1782 1490 homo
1795 1463 1894 1499 (Eat-le.

1105 1505 1148 1533 i2.
1164 1506 1221 1541 15).
1236 1506 1300 1533 Noli
1310 1508 1425 1534 wmulari
1433 1508 1459 1534 in
1473 1509 1680 1544 malignantibus.
1700 1508 1742 1536 Ne
1758 1510 1872 1536 timueris
1887 1531 1894 1542 ,

1103 1560 1161 1579 cum
1175 1553 1244 1580 dives
1254 1553 1337 1588 facta:
1352 1555 1427 1589 fuerit
1442 1555 1516 1581 homo
1538 1556 1546 1589 (
1564 1554 1635 1582 Paul.
1651 1555 1696 1582 £8.
1714 1555 1746 1582 Π
1759 1556 1780 1590 ),
1806 1555 1894 1582 Omnis

1104 1607 1164 1626 caro
1178 1601 1274 1635 {mnum
1290 1620 1298 1632 ,
1313 1604 1335 1626 et
1346 1600 1427 1626 omnis
1445 1601 1528 1636 gloria
1550 1601 1659 1627 hominis
1679 1602 1750 1636 quasi
1769 1602 1818 1636 ﬂos
1835 1602 1895 1637 fumi

1104 1644 1181 1678 (1εαὶ.
1196 1646 1241 1673 40.
1258 1646 1297 1681 ϐ).
1309 1645 1373 1673 "(BC
1385 1646 1457 1674 enim
1479 1652 1504 1674 et
1524 1647 1584 1673 talia
1599 1648 1716 1682 quotidie
1732 1649 1872 1675 audientes
1886 1670 1892 1679 ,

1104 1691 1192 1718 adltuc
1204 1695 1283 1719 terra:
1297 1691 1440 1726 afﬁgintur.
1456 1692 1489 1720 Et
1508 1693 1733 1727 quemadmodum
1751 1694 1824 1728 pueri
1847 1695 1895 1720 im-

1104 1737 1182 1771 periti
1197 1736 1352 1771 freqttenter
1364 1737 1494 1765 elementa
1506 1738 1651 1771 discentes,
1663 1739 1769 1774 quando
1780 1740 1894 1774 sparsim

1104 1783 1210 1810 illorum
1222 1783 1288 1810 ordo
1298 1784 1477 1816 examinalur,
1494 1785 1544 1811 alia
1560 1792 1609 1819 pro
1621 1785 1680 1811 aliis
1691 1785 1811 1812 dicentes
1823 1786 1894 1812 mul-

1105 1833 1159 1855 tum
1175 1830 1292 1856 excitant
1313 1831 1396 1856 risum
1411 1839 1417 1856 :
1434 1830 1473 1857 sic
1488 1835 1513 1857 et
1529 1838 1594 1863 vos,
1611 1831 1717 1865 quando
1734 1830 1777 1857 illa
1791 1831 1834 1858 hic
1848 1839 1895 1858 or-

1103 1875 1167 1901 dine
1190 1882 1361 1902 numeramus
1376 1896 1384 1907 ,
1401 1880 1543 1910 utcumque
1571 1876 1766 1911 assequimini;
1788 1877 1895 1912 quando

1104 1925 1192 1947 autem
1214 1928 1261 1946 vos
1276 1919 1342 1948 foris
1363 1921 1476 1955 sparsim
1501 1921 1714 1956 interrogamus.
1728 1930 1788 1957 quae
1809 1922 1895 1957 prima

1104 1966 1168 1997 sint,
1179 1974 1237 2001 qua:
1250 1966 1365 1993 secmtda
1375 1967 1500 1993 harumce
1515 1975 1603 1994 rerum
1617 1967 1750 1995 collocare
1760 1972 1892 2001 oporteat,

1104 2017 1132 2038 et
1161 2020 1283 2047 qumnant
1314 2016 1374 2047 post
1398 2012 1448 2038 alia
1477 2012 1622 2044 locantur;
1645 2021 1706 2040 cum
1732 2014 1822 2041 dicere
1847 2015 1895 2040 n1!-

1105 2059 1206 2090 sciatis,
1224 2058 1328 2086 ridiculi
1342 2058 1418 2085 estis.
1436 2060 1542 2092 Annon,
1564 2067 1672 2093 quaeso,
1686 2060 1769 2087 multo
1783 2062 1838 2087 risu
1854 2061 1895 2087 di-

1105 2112 1184 2138 gnum
1199 2109 1239 2131 csl
1254 2124 1261 2136 ,
1279 2104 1349 2139 qttod
1365 2112 1425 2131 cum
1441 2105 1667 2132 immortalitatem
1682 2111 1870 2141 exspectemus
1886 2127 1894 2139 ,

1105 2156 1131 2177 ct
1152 2151 1219 2177 bona
1236 2171 1243 2183 ,
1258 2159 1318 2185 qua:
1332 2158 1381 2178 nec
1394 2151 1486 2178 oculus
1503 2151 1567 2178 vidit
1581 2159 1630 2179 nec
1642 2153 1714 2179 auris
1724 2152 1826 2180 audivit
1845 2161 1896 2180 nec

1106 2197 1131 2223 in
1153 2204 1200 2223 cor
1229 2197 1344 2224 hominis
1373 2196 1577 2230 ascenderunt,
1599 2197 1633 2224 de
1657 2199 1736 2225 rebus
1760 2205 1821 2233 qua:
1850 2197 1894 2226 hic

1106 2248 1214 2270 manent
1229 2243 1424 2270 contendamus
1437 2264 1444 2275 ,
1458 2249 1484 2270 et
1500 2243 1555 2278 ipsa
1570 2244 1741 2271 :emulatione
1752 2244 1832 2279 digna
1847 2251 1896 2272 ex-

1107 2288 1275 2315 istitnvnttts?
1289 2288 1354 2316 Nam
1369 2289 1390 2315 si
1406 2288 1493 2316 adlntc
1515 2289 1572 2316 haec
1590 2297 1659 2323 opus
1672 2289 1754 2317 habes
1767 2290 1872 2318 discere
1887 2311 1894 2322 .

1104 2334 1177 2368 quod
1189 2333 1289 2360 divitias
1305 2333 1370 2360 nihil
1382 2341 1506 2369 magnum
1522 2335 1576 2361 sint
1586 2354 1592 2365 ,
1605 2334 1675 2368 quod
1690 2341 1734 2362 res
1749 2340 1896 2370 prmsentes

1105 2379 1158 2405 sitit
1171 2379 1263 2405 tnnhra
1279 2383 1306 2406 et
1317 2379 1449 2406 somnium
1465 2399 1472 2412 ,
1487 2379 1557 2414 quod
1570 2379 1636 2406 futili
1652 2380 1735 2407 instar
1747 2379 1898 2407 dissolvan-

1107 2429 1149 2452 tur
1162 2430 1188 2451 et
1199 2425 1325 2456 avolcnt;
1340 2425 1390 2452 ista
1404 2425 1511 2452 interim
1523 2430 1598 2452 extra
1612 2425 1702 2461 adyta,
1717 2426 1742 2452 in
1757 2427 1896 2454 vestibulis

1106 2479 1203 2499 mane:
1220 2472 1337 2498 nondum
1352 2472 1424 2499 enim
1440 2472 1562 2506 ingressu
1584 2472 1617 2499 ad
1638 2479 1780 2506 supernam
1794 2474 1895 2508 regiam

1105 2519 1200 2553 dignus
1212 2526 1250 2546 es.
1263 2518 1290 2546 Si
1302 2519 1372 2546 enim
1387 2525 1508 2546 naturam
1520 2528 1612 2546 eorttnt
1628 2520 1780 2548 instabilem
1795 2527 1823 2548 ct
1838 2530 1896 2556 per-

1104 2570 1186 2598 petuo
1207 2565 1333 2591 fluentem
1358 2559 1513 2592 discernere
1533 2567 1619 2592 nescis
1635 2586 1641 2596 ,
1662 2567 1832 2601 quandonam
1852 2568 1896 2594 illa

1105 2610 1245 2644 despicere
1267 2610 1367 2643 poteris
1381 2610 1392 2636 ?
1413 2611 1434 2637 si
1451 2616 1476 2637 te
1487 2611 1556 2637 scire
1570 2611 1644 2638 dicas
1659 2632 1666 2642 .
1684 2612 1776 2638 desine
1789 2612 1896 2639 curiose

1106 2657 1219 2682 scrutari
1233 2661 1260 2683 et
1274 2657 1408 2690 inquirere
1422 2676 1428 2688 ,
1445 2664 1492 2683 cur
1504 2657 1549 2683 ille
1563 2657 1597 2683 sit
1612 2657 1686 2684 dives
1700 2678 1708 2688 ,
1727 2666 1775 2684 cur
1795 2657 1839 2685 hic
1863 2659 1898 2684 sit

1108 2711 1215 2738 panper.
1236 2703 1349 2729 Perinde
1365 2703 1436 2729 enim
1452 2702 1518 2730 fat-is
1533 2704 1590 2730 hrec
1612 2704 1780 2739 interrogans
1794 2724 1802 2734 ,
1817 2708 1897 2738 atque

1106 2751 1128 2776 si
1143 2742 1303 2776 circumiens
1317 2756 1425 2783 rogares
1442 2770 1448 2780 ,
1466 2756 1516 2775 cur
1530 2749 1575 2775 illc
1595 2749 1672 2776 albus
1692 2754 1720 2776 et
1742 2749 1788 2776 ille
1802 2750 1895 2784 niger;

1108 2795 1152 2822 ille
1167 2794 1284 2829 aquilino
1300 2802 1374 2826 naso,
1391 2794 1434 2822 ille
1445 2795 1538 2821 simus.
1551 2794 1626 2822 Sicut
1638 2795 1710 2822 enim
1720 2795 1766 2822 illa
1782 2796 1847 2823 nihil
1862 2794 1894 2822 ad

1110 2849 1167 2873 nxzs,
1182 2849 1215 2868 an
1232 2841 1295 2873 isto,
1310 2848 1343 2867 an
1356 2841 1401 2868 illo
1414 2841 1493 2869 modo
1505 2848 1534 2869 se
1545 2841 1660 2869 habeant
1671 2850 1676 2867 :
1687 2841 1725 2868 sic
1737 2850 1825 2877 neque
1837 2848 1894 2868 esu:
