2034 3109
176 107 230 135 249

175 162 248 189 illum
275 158 427 195 quempiam
450 164 595 192 pauperem
617 155 657 183 vel
681 155 815 186 divitem;
831 155 885 181 imo
904 153 963 181 hmc

177 207 264 234 minus
284 213 364 240 quam
381 205 424 231 illa
439 203 601 238 quaerenda;
623 201 669 229 sed
684 205 767 228 totum
783 200 816 227 ad
832 207 909 227 usum
921 208 965 228 re-

174 253 238 281 ferri
252 252 343 279 debet.
355 250 464 278 Etiamsi
479 256 579 284 pauper
592 248 639 280 sis,
658 251 732 282 potes
745 254 806 273 cum
821 245 891 273 bono
904 253 963 272 ant-

174 308 218 328 mo
233 299 323 326 vivere
335 297 359 324 si
377 295 594 332 philosopheris:
610 294 714 321 etiamsi
735 293 810 320 dives
831 291 868 318 sis
881 312 888 323 ,
904 298 964 317 om-

175 347 247 373 nium
263 353 293 372 es
313 344 480 371 miserrimus
495 362 502 374 ,
523 341 546 368 si
569 341 693 367 virtutem
709 339 804 374 fugias.
827 337 894 365 Nam
909 338 965 364 hrcc

174 391 252 418 nobis
265 389 392 417 sectanda
413 392 474 415 sunt
492 408 499 420 ,
515 394 574 421 qua:
595 385 627 412 ad
647 386 771 411 virtutem
787 387 927 418 spectant:
941 382 963 409 si

175 437 232 463 hanc
246 444 299 463 non
313 435 411 466 adsilit,
426 433 539 460 aliorum
554 431 626 458 nulla
638 431 746 457 utilitas.
764 429 825 456 Ideo
837 430 963 462 frequen-

177 487 215 509 tes
229 481 282 508 illte
299 479 522 514 interrogationes
537 498 544 510 ,
557 477 619 512 quia
639 475 714 503 multi
732 483 764 503 ea
786 482 845 509 qua:
861 473 966 500 inditl‘e-

176 527 260 555 rentia
271 531 334 554 sunt
349 526 381 553 ad
395 533 424 553 se
437 530 557 560 spectare
572 526 664 558 putant
679 530 686 554 ;
698 521 732 548 de
741 521 772 548 iis
784 528 848 547 vero
859 527 918 554 qua:
931 519 963 546 ad

176 581 205 601 se
219 578 341 609 spectant
359 577 386 599 et
399 571 449 599 sibi
466 571 539 598 utilia
560 574 645 602 sunt,
661 568 760 595 nullam
773 567 902 594 rationein
919 565 963 592 ha-

176 619 249 647 bent.
264 619 332 646 Nam
346 626 406 654 qua:
425 621 516 645 nostra
532 617 664 644 intersunt
680 635 687 647 ,
705 615 786 641 virtus
806 618 833 641 et
849 613 965 648 philoso-

177 666 237 701 phia
253 670 325 692 sunt.
341 664 407 698 Quia
418 670 482 698 ergo
492 663 525 690 ab
536 661 581 689 illa
593 661 673 696 longo
686 660 828 687 intervallo
841 658 957 691 abestis.

176 712 236 740 ideo
251 711 442 746 cogitationum
458 708 623 744 perturbatio
636 727 643 739 ,
661 706 721 734 ideo
741 705 839 733 ﬂuctus
863 703 939 732 multi
955 723 963 736 ,

178 757 236 784 ideo
247 761 403 791 tempestas.
422 754 488 782 Cum
507 753 579 781 enim
598 760 613 780 a
628 759 743 787 superna
759 750 842 786 gloria
859 749 965 777 excide-

178 802 248 834 rint,
272 806 299 828 et
311 809 326 828 a
338 800 463 827 cartorum
477 805 570 826 amore
584 818 592 831 ,
615 801 774 833 praesentem
789 795 901 830 gloriam
919 801 965 821 cu-

180 847 254 883 piunt
267 847 384 882 ﬁuntque
396 845 466 873 servi
486 849 514 872 et
531 843 639 879 captivi.
655 843 689 870 Et
704 843 774 870 unde
790 842 819 869 ﬁt
836 863 843 874 ,
860 841 962 876 inquit,

702 97 734 124 IN
755 96 860 124 EPIST.
881 97 892 124 l
924 97 970 124 Al)
988 97 1055 124 COR
1087 96 1200 123 llOlllL.
1222 95 1307 124 XXX.

1752 95 1804 123 σιω

1016 158 1044 180 ιιι
1056 153 1124 180 hanc
1136 153 1306 189 appetamusi
1317 153 1383 187 Quia
1397 161 1449 181 ncn
1462 154 1573 181 nntltum
1589 154 1661 181 illam
1675 157 1802 191 concupi-

1015 199 1124 226 scimus.
1148 199 1204 227 Hoc
1223 203 1313 227 autem
1333 198 1421 234 ipsum
1445 199 1515 226 unde
1537 199 1654 226 accidit?
1668 200 1706 227 Ex
1722 201 1805 235 negli-

1015 245 1162 280 gentia:et
1183 245 1343 281 negligentia
1364 245 1457 273 unde?
1479 245 1517 273 Ex
1540 250 1695 281 contemptu
1715 255 1722 272 :
1740 254 1805 275 eou-

1015 295 1133 326 temptus
1154 291 1246 320 unde?
1265 291 1305 319 Ex
1327 291 1443 319 amentia
1459 311 1468 325 ,
1488 296 1517 321 et
1537 291 1607 327 quod
1629 291 1822 327 presentibus'

1017 337 1149 366 inhiemus
1162 359 1170 372 ,
1185 342 1212 365 et
1223 338 1295 373 quod
1315 346 1403 365 rerum
1417 343 1538 366 naturam
1553 338 1668 366 nolimus
1679 344 1806 367 accurate

1016 383 1181 411 examinare.
1194 383 1251 411 Hoc
1264 391 1327 411 vero
1339 383 1473 412 undenam
1485 384 1626 419 procedit?
1640 384 1715 418 Quod
1732 385 1806 413 Serio

1016 435 1153 465 pturarum
1167 430 1276 457 lectioni
1291 438 1344 457 non
1358 431 1527 458 attendamus
1542 451 1550 464 ,
1570 439 1658 466 neque
1671 439 1731 459 cum
1742 432 1808 459 viris

1016 477 1115 503 sanctis
1135 483 1273 503 versemur
1286 496 1293 507 ,
1313 480 1341 503 et
1356 476 1537 510 improborum
1553 481 1639 504 cmtus
1653 475 1808 511 frequente-

1017 529 1086 547 mus.
1101 521 1140 548 Ne
1155 521 1235 556 igitur
1245 521 1294 548 hoc
1310 526 1439 556 perpetuo
1451 521 1496 548 fiat
1505 542 1512 555 ,
1524 526 1551 549 et
1562 530 1595 549 ne
1608 522 1705 550 ﬂuctus
1715 522 1806 549 ﬂucti-

1017 566 1066 594 bus
1078 566 1254 594 succedentes
1264 587 1271 600 ,
1289 575 1340 594 nos
1355 567 1381 594 in
1403 567 1535 594 tnalorum
1550 568 1659 603 pelagus
1674 568 1808 595 abducant

1017 617 1043 640 et
1053 611 1182 640 suﬁ'oeent
1191 611 1362 647 funditusque
1373 612 1499 647 perdant;
1511 612 1597 640 donec
1607 617 1711 647 tempus
1719 613 1806 644 adest.

1016 664 1203 692 exsurgamus,
1217 661 1244 684 et
1257 664 1336 692 supra
1350 662 1453 692 petram
1469 661 1584 690 stantes,
1597 657 1643 684 Dei
1652 657 1806 692 dogmatum

1018 703 1077 730 dico
1103 708 1130 729 et
1156 702 1298 730 verborum
1312 723 1319 733 ,
1342 703 1517 737 respiciamus
1537 707 1724 737 tempestatem
1747 702 1809 729 vita:

1018 748 1168 783 prmsenlis.
1192 747 1229 775 lla
1241 749 1312 775 enim
1325 753 1352 775 et
1365 756 1413 776 nos
1429 748 1513 783 ipsam
1524 747 1692 784 effugiemus,
1707 753 1732 774 ct
1742 747 1809 774 alios

1019 794 1183 830 naufragium
1208 794 1340 829 patientes
1360 794 1532 822 extrahemus
1549 815 1556 827 ,
1582 796 1664 830 gratia
1687 798 1714 821 et
1734 792 1810 820 beni-

1018 841 1132 875 gnitate,
1149 845 1201 867 etc.

856 923 1027 955 HOMILIA
1049 923 1156 953 XXX.

180 996 241 1022 CAP.
258 994 302 1022 12.
323 1001 349 1020 v.
369 991 412 1020 12.
427 991 499 1019 Sicut
513 990 578 1018 enim
590 998 682 1024 corpus
696 997 775 1015 unum
787 992 833 1019 est,
848 991 871 1013 et
886 994 966 1012 ment-

213 1042 258 1067 bra
269 1040 342 1066 habet
356 1037 434 1065 multa
446 1045 456 1069 ;
470 1037 555 1064 omnia
568 1041 651 1062 autent
663 1034 775 1062 membra
783 1033 896 1068 corporis
909 1039 967 1058 cum

212 1089 262 1116 sint
277 1086 369 1118 multa,
379 1093 457 1112 unum
467 1089 550 1110 tamen
565 1090 656 1117 corpus
669 1085 726 1108 sunt
738 1088 747 1107 :
757 1081 793 1107 ita
806 1084 829 1107 et
841 1078 965 1106 Christus.

214 1136 240 1162 1.
262 1134 329 1161 Cum
354 1131 565 1160 consolationem
592 1128 751 1164 prmbuisset
781 1135 814 1154 ex
837 1133 870 1153 eo
896 1124 967 1160 quod

179 1180 322 1216 gratuitum
336 1181 409 1206 esset
421 1177 519 1204 donum
531 1196 539 1208 ,
568 1183 602 1202 ex
631 1182 664 1202 eo
677 1173 747 1209 quod
767 1172 857 1200 omnia
869 1179 901 1199 ex
915 1177 968 1198 uno

179 1226 326 1260 eodemque
352 1223 453 1259 Spiritu
470 1223 621 1257 acciperent
635 1242 642 1254 ,
654 1229 687 1248 ex
700 1228 734 1248 eo
744 1218 815 1254 quod
825 1218 858 1245 ad
870 1217 969 1244 utilita-

180 1277 232 1298 tem
248 1271 377 1298 darentur
393 1289 400 1302 ,
417 1277 450 1296 ex
465 1276 497 1296 eo
512 1267 581 1302 quod
599 1274 647 1302 per
662 1266 766 1293 minora
788 1263 969 1292 manifestatio

180 1318 255 1344 ﬁeret
271 1326 277 1343 ι
290 1316 324 1342 ad
340 1315 397 1342 [nec
411 1314 492 1342 etiam
506 1321 566 1341 etnn
582 1321 612 1340 os
634 1319 727 1340 eorum
744 1310 921 1338 abstraxisset
936 1316 970 1336 ex

183 1371 216 1390 eo
241 1362 313 1398 quod
339 1365 460 1396 oporteat
485 1359 608 1395 potestati
628 1357 742 1394 Spiritus
763 1356 878 1388 cedere;
908 1354 970 1381 Ilwc

181 1409 250 1436 enim
278 1407 364 1434 omnia
374 1427 382 1441 ,
397 1406 492 1441 inquit,
508 1409 626 1441 operatur
639 1411 704 1430 unus
719 1408 793 1437 atque
807 1401 873 1428 idem
884 1400 970 1436 Spiri-

182 1463 232 1489 tus,
245 1455 359 1482 dividens
374 1453 479 1490 singulis
494 1457 569 1487 prout
586 1451 639 1478 vult
651 1458 661 1482 ;
676 1457 759 1485 quare
773 1456 825 1475 non
845 1447 907 1475 licet
922 1454 971 1473 cu-

183 1502 254 1529 riose
264 1500 401 1535 inquirere
415 1508 421 1525 :
437 1506 468 1526 ex
482 1498 536 1525 alio
548 1504 642 1524 rursus
657 1496 716 1523 illos
727 1494 881 1522 censolatur
895 1500 971 1520 com-

183 1547 255 1573 muni
279 1545 424 1580 exemplo:
440 1549 467 1572 et
481 1544 515 1571 ad
535 1548 657 1570 naturam
678 1543 762 1576 ipsam
787 1539 927 1574 confugit,
944 1542 974 1565 ut

183 1592 271 1620 facere
279 1591 356 1619 solet.
365 1590 431 1618 Nam
444 1589 550 1626 quando
561 1588 708 1616 disserebat
718 1587 751 1614 de
765 1594 841 1614 coma
855 1587 972 1613 virorum

184 1645 214 1665 ac
227 1637 379 1670 mulierum,
394 1640 453 1671 post
465 1635 515 1662 alia
528 1635 590 1662 hinc
603 1641 710 1670 quoque
720 1633 780 1660 illos
793 1631 916 1664 erudivit,
930 1631 973 1658 di-

184 1691 246 1712 cens
259 1692 266 1710 :
283 1685 374 1710 Annon
384 1683 440 1718 ipsa
450 1687 541 1708 natura
550 1689 592 1708 vos
606 1681 677 1707 docet
687 1700 695 1713 ,
706 1679 772 1715 quod
786 1679 823 1705 vir
835 1678 937 1714 quidem
951 1676 974 1703 si

186 1738 283 1756 comam
295 1729 399 1760 nutriat,
416 1727 554 1764 ignominia
566 1731 601 1753 est
615 1725 653 1752 illi
666 1733 676 1757 ;
688 1725 778 1752 mulier
792 1729 877 1751 autent
894 1723 916 1750 si
928 1731 973 1750 co-

187 1783 253 1801 mam
266 1774 360 1801 nutriat
375 1793 383 1806 ,
397 1773 445 1808 ipsi
458 1777 494 1800 est
507 1772 588 1808 gloria
601 1771 611 1807 (
623 1770 717 1798 LCor.
732 1770 778 1797 H.
793 1770 835 1796 14.
850 1769 884 1796 15
898 1769 908 1804 )
921 1768 975 1795 ’ῖΕι

186 1828 245 1848 cum
264 1820 299 1848 de
314 1818 471 1855 idolothytis
484 1818 589 1846 dicebat
603 1837 611 1850 ,
627 1816 773 1852 prohibens
787 1815 829 1842 illa
844 1819 953 1849 tangere
964 1834 973 1847 .

185 1867 265 1894 etiam
281 1866 316 1893 ab
327 1865 446 1893 externis
459 1864 590 1898 exemplis
605 1870 757 1891 sermonem
773 1862 858 1895 texit,
879 1860 974 1896 Olym-

185 1912 243 1946 pica
265 1912 409 1939 certamina
432 1917 587 1938 memorans
606 1914 633 1936 et
652 1908 745 1936 dicens
761 1916 767 1935 :
781 1907 830 1941 Qui
845 1908 871 1934 in
893 1906 975 1934 stadio

184 1962 291 1985 currunt
304 1978 313 1991 ,
329 1966 412 1985 omnes
431 1957 532 1992 quidem
556 1960 660 1983 currunt
674 1975 681 1988 ,
695 1964 761 1982 unus
778 1959 860 1981 autem
884 1954 976 1987 accipit

184 2003 299 2030 bravium
314 2003 398 2038 (Ibid.
414 2003 442 2031 9.
457 2002 513 2037 24)
528 2010 535 2030 :
550 2007 630 2037 atque
650 2009 665 2028 a
692 2001 844 2036 pastoribus
858 2020 865 2032 ,
882 1999 976 2026 militi-

184 2049 236 2076 bus
258 2053 284 2076 et
306 2048 429 2084 agricolis
453 2048 496 2075 illa
512 2048 568 2082 ipsa
585 2047 710 2082 probans.
726 2046 789 2073 ldeo
812 2046 856 2073 hic
870 2052 977 2080 quoque

184 2103 328 2124 commune
341 2095 491 2130 exemplum
503 2095 528 2121 in
540 2094 656 2121 medium
669 2093 756 2126 aﬁ‘ert,
767 2101 821 2128 quo
832 2092 977 2120 admodum

185 2141 326 2169 contendit
349 2146 377 2168 ut
399 2139 522 2167 ostendat
540 2140 673 2167 neminem
698 2139 787 2166 minus
807 2146 887 2173 quam
910 2137 978 2166 alios

186 2188 297 2220 habere,
316 2187 342 2214 id
356 2187 426 2222 quod
441 2186 562 2214 mirabile
576 2186 669 2213 fuisset
681 2189 708 2213 et.
721 2185 832 2220 probatu
844 2185 952 2212 difﬁcile
966 2205 975 2219 ,

186 2240 332 2268 tamenque
354 2232 530 2268 simpliciores
552 2237 645 2268 posset
668 2230 856 2259 recrearezde
870 2231 903 2258 iis
917 2239 978 2266 qua:

185 2280 218 2307 ad
230 2287 329 2314 corpus
343 2283 464 2313 spectant
475 2278 544 2305 dico.
555 2277 755 2305 Pusillanimem
767 2284 882 2311 namque
889 2281 917 2304 et
926 2277 978 2304 mi-

187 2334 238 2353 nus
252 2325 396 2353 habentem
415 2325 480 2352 nihil
495 2325 530 2351 ita
543 2325 697 2352 consolatur
710 2329 737 2351 et
759 2323 792 2351 ad
807 2331 861 2351 non
884 2323 979 2351 dolen-

187 2373 250 2400 dum
266 2373 389 2405 inducit,
405 2377 432 2398 ut
452 2379 513 2399 cum
534 2371 614 2398 discit
636 2378 668 2398 se
688 2377 742 2397 non
758 2370 845 2397 minus
867 2369 979 2398 habere.

185 2418 358 2453 Quapropter
373 2417 398 2445 id
414 2417 458 2444 ille
473 2417 589 2452 probans
603 2437 610 2449 ,
625 2417 664 2443 sic
675 2415 811 2450 loquitur:
828 2416 900 2443 Sicut
910 2416 978 2442 enim

186 2472 279 2499 corpus
290 2471 371 2490 unum
382 2466 429 2496 est,
444 2467 467 2490 et
478 2463 589 2489 membra
604 2462 677 2489 habet
688 2462 780 2488 multa.
795 2461 918 2489 Vidistin‘
932 2469 974 2489 ac-

187 2515 308 2538 curatam
336 2509 537 2544 intelligentiam
551 2509 562 2535 ?
578 2508 696 2543 ldipsum
718 2512 746 2535 et
761 2515 843 2534 unum
855 2511 882 2535 et
895 2507 980 2535 multa

187 2564 249 2584 esse
262 2556 391 2583 ostendit.
409 2555 470 2582 Ideo
481 2555 629 2590 subiungit,
646 2555 671 2581 in
687 2555 823 2589 proposito
839 2554 923 2589 magis
939 2555 981 2581 in-

187 2608 263 2630 stans
278 2612 286 2631 :
302 2601 396 2630 Omnia
405 2607 488 2629 autem
502 2602 612 2628 membra
625 2601 748 2636 corporis,
762 2609 819 2628 cum
829 2600 879 2628 sint
889 2599 979 2634 multa.

187 2657 267 2675 unum
281 2653 340 2676 sunt
352 2656 452 2682 corpus.
465 2646 522 2674 Non
534 2647 601 2673 dixit
613 2668 620 2679 ,
636 2646 702 2674 Curti
718 2647 772 2674 sint
784 2647 868 2674 multa
880 2667 887 2681 ,
901 2647 981 2674 unius

188 2701 252 2722 sunt
261 2694 404 2729 corporis;
426 2693 483 2725 sed,
500 2693 557 2720 Hoc
568 2694 654 2727 ipsum
670 2701 750 2720 unttm
767 2693 847 2720 multa
860 2698 938 2726 sunt,
953 2697 981 2720 et

190 2740 234 2767 illa
247 2740 329 2767 multa
341 2739 519 2767 membrahoc
528 2746 610 2765 unum
620 2743 670 2766 est.
680 2739 707 2766 Si
723 2746 786 2774 ergo
800 2739 881 2766 multa
897 2746 979 2766 unum

190 2791 253 2814 sunt
264 2807 271 2819 ,
292 2791 320 2813 et
344 2793 427 2812 unum
449 2784 530 2811 tnulta
543 2805 550 2816 ,
565 2784 610 2811 ubi
625 2790 665 2811 est
689 2784 858 2812 diﬁ'crentia?
871 2785 977 2813 ubinam

191 2832 217 2860 id
230 2832 300 2868 quod
313 2831 440 2858 excedit?
454 2831 496 2858 ubi
509 2830 578 2865 quod
594 2839 680 2858 minus
694 2837 735 2859 est
748 2833 759 2858 ?
776 2832 867 2860 Omnia
883 2835 952 2861 enim
969 2855 975 2866 ,

1022 986 1106 1020 inquit
1119 1007 1127 1018 ,
1144 994 1221 1012 unum
1235 991 1292 1013 sunt
1307 1006 1314 1018 ,
1331 991 1358 1014 et
1383 995 1436 1014 non
1459 987 1539 1014 modo
1553 996 1634 1015 unum
1650 1009 1657 1020 ,
1670 988 1716 1015 sed
1729 989 1808 1016 etiam

1021 1031 1104 1066 magis
1128 1031 1235 1066 proprie
1260 1032 1412 1059 examinata
1428 1052 1436 1064 ,
1453 1033 1599 1060 secundmn
1623 1033 1693 1068 quod
1713 1042 1811 1069 corpus

1020 1083 1083 1104 sunt
1097 1098 1104 1111 ,
1119 1077 1294 1106 inveniuntur
1306 1079 1396 1105 omnia
1411 1086 1472 1106 esse
1485 1087 1577 1106 unum.
1592 1079 1706 1113 Quando
1720 1084 1810 1107 autem

1021 1133 1069 1160 per
1089 1129 1194 1160 partes,
1217 1130 1279 1152 tunc
1298 1125 1447 1153 diﬁ'erentia
1464 1130 1522 1159 est,
1548 1130 1575 1153 ct
1595 1125 1743 1154 differentia
1764 1127 1807 1154 illa

1021 1171 1047 1197 in
1073 1170 1198 1198 omnibus
1216 1171 1349 1199 similiter.
1364 1170 1472 1199 Nullum
1496 1171 1566 1199 enim
1591 1179 1685 1199 eorutn
1710 1179 1757 1206 per
1782 1179 1812 1200 se

1021 1221 1112 1252 potest
1124 1224 1222 1252 corpus
1241 1217 1347 1245 efficere
1361 1237 1370 1251 ,
1386 1217 1433 1244 sed
1449 1217 1506 1252 pari
1525 1216 1606 1245 modo
1624 1217 1729 1252 singula
1746 1217 1812 1245 deﬁ-

1021 1264 1096 1291 ciunt
1110 1263 1143 1291 ad
1154 1271 1253 1299 corpus
1265 1263 1459 1292 ell'ormandum
1475 1285 1483 1297 ,
1496 1269 1524 1292 et
1545 1271 1613 1299 opus
1636 1269 1677 1292 est
1696 1265 1811 1299 conjun-

1022 1311 1121 1338 Clione.
1144 1310 1210 1338 Cum
1224 1311 1295 1338 enim
1310 1311 1392 1338 multa
1407 1318 1488 1338 unum
1503 1310 1655 1338 efﬁciuntur
1667 1331 1676 1345 ,
1694 1315 1756 1338 tunc
1770 1317 1812 1340 est

1024 1365 1105 1384 unum
1119 1364 1226 1392 corpus.
1236 1356 1352 1392 Ideoque
1365 1357 1392 1385 id
1403 1358 1489 1392 ipsum
1502 1358 1672 1386 subindicans
1685 1358 1790 1386 dicebat
1804 1368 1812 1386 :

1026 1401 1117 1429 Omnia
1130 1407 1212 1429 autent
1232 1402 1342 1430 membra
1358 1403 1481 1438 corporis,
1495 1412 1552 1430 cum
1563 1404 1613 1430 sint
1627 1404 1717 1437 multa,
1732 1412 1813 1432 unum

1025 1454 1060 1477 est
1071 1458 1171 1485 corpus.
1185 1450 1278 1485 Neque
1290 1450 1357 1478 dixit
1371 1471 1378 1483 ,
1390 1451 1454 1484 Qua:
1467 1451 1600 1479 excedunt
1614 1456 1641 1479 et
1654 1460 1713 1487 quae
1726 1453 1815 1480 mino-

1025 1504 1054 1522 ra
1068 1499 1141 1528 sunt,
1152 1495 1199 1523 sed
1211 1518 1219 1528 ,
1236 1495 1298 1522 Cum
1308 1496 1358 1524 sint
1372 1497 1452 1523 multa
1463 1517 1472 1530 ,
1486 1497 1557 1532 quod
1570 1505 1712 1525 commune
1724 1499 1815 1525 muni-

1024 1542 1076 1569 bus
1100 1547 1151 1569 est.
1175 1542 1208 1569 Et
1231 1542 1367 1577 quomodo
1390 1542 1448 1570 ﬁeri
1475 1547 1565 1577 potest
1586 1547 1615 1571 ut
1639 1544 1694 1571 sint
1706 1543 1814 1571 unum!

1025 1588 1136 1622 Quando
1150 1589 1234 1623 ejecta
1250 1589 1432 1616 membrorum
1446 1588 1597 1617 differentia
1614 1610 1622 1622 ,
1638 1597 1736 1624 corpus
1749 1597 1815 1617 exa—

1026 1635 1179 1663 minaveris.
1193 1635 1268 1668 Quod
1279 1635 1352 1662 enim
1366 1640 1408 1663 est
1417 1635 1522 1668 oculus,
1539 1635 1591 1663 hoc
1601 1640 1629 1663 et
1642 1643 1690 1670 pes
1704 1640 1756 1669 est,
1769 1643 1815 1664 se-

1026 1683 1142 1710 cundum
1159 1683 1185 1710 id
1200 1683 1271 1718 quod
1285 1683 1433 1710 membrum
1447 1688 1510 1710 sunt
1521 1687 1548 1710 et
1558 1689 1656 1718 corpus
1671 1682 1792 1710 efﬁciunt
1806 1691 1814 1708 τ

1026 1728 1098 1755 nulla
1106 1729 1176 1755 enim
1185 1728 1228 1756 hic
1240 1728 1388 1756 differentia
1398 1733 1449 1756 est.
1461 1728 1552 1763 Neque
1565 1728 1654 1756 dicere
1667 1728 1754 1763 possis
1767 1727 1817 1755 hoc

1027 1774 1176 1801 membrum
1192 1782 1240 1809 per
1252 1781 1282 1802 se
1296 1781 1393 1809 corpus
1404 1773 1502 1807 facere,
1521 1774 1586 1802 illud
1595 1782 1647 1801 non
1663 1775 1744 1803 item:
1759 1782 1818 1802 om-

1028 1820 1071 1847 nia
1087 1820 1158 1847 enim
1175 1819 1225 1847 hac
1239 1820 1265 1847 in
1276 1828 1306 1847 re
1318 1821 1390 1855 paria
1404 1825 1476 1854 sunt,
1486 1820 1547 1855 quia
1559 1820 1650 1847 omnia
1661 1828 1744 1847 unum
1755 1823 1818 1847 sunt

1028 1872 1134 1900 corpus.

1064 1911 1178 1939 Ecclesia
1198 1911 1300 1946 corpori
1317 1911 1427 1939 humano
1446 1917 1619 1947 comparatur.
1633 1926 1670 1932 —
1683 1911 1740 1939 Hoc
1756 1918 1817 1938 cum

1029 1957 1151 1990 dixisset,
1166 1962 1195 1985 et
1206 1958 1278 1985 clare
1291 1966 1324 1985 ex
1340 1958 1459 1985 omnium
1474 1958 1577 1985 calculo
1592 1958 1815 1990 demonstrasset,

1030 2004 1176 2039 subjunxit,
1191 2003 1233 2030 Ita
1245 2008 1269 2030 et
1283 2003 1409 2031 Christus.
1422 2003 1527 2031 Etcum
1542 2004 1702 2038 oportuisset
1716 2003 1816 2035 dicere,

1030 2050 1066 2077 Ita
1088 2055 1114 2078 et
1139 2050 1278 2082 Ecclesia;
1308 2050 1358 2077 hoc
1381 2050 1452 2077 enim
1477 2057 1643 2085 consequens
1667 2054 1747 2078 erat:
1769 2049 1820 2077 hoc

1030 2095 1138 2131 quidem
1155 2103 1207 2122 non
1223 2095 1300 2128 dixit,
1316 2095 1362 2123 sed
1379 2095 1453 2122 illius
1475 2095 1535 2123 loco
1546 2095 1680 2123 Christum
1693 2096 1777 2130 ponit,
1793 2096 1819 2122 in

1030 2144 1111 2170 altum
1128 2143 1260 2170 extollens
1273 2142 1435 2174 orationem,
1448 2146 1475 2169 et
1497 2141 1647 2170 auditorem
1661 2142 1746 2176 magis
1768 2149 1819 2176 pu-

1031 2190 1096 2217 dore
1119 2189 1249 2216 afﬁciens.
1271 2188 1328 2216 Hoc
1351 2186 1438 2215 autem
1461 2189 1517 2215 vult
1538 2188 1710 2223 signiﬁcare:
1733 2187 1770 2214 Ita
1793 2192 1821 2214 et

1031 2235 1130 2262 Christi
1144 2242 1253 2270 corpus,
1268 2234 1339 2270 quod
1354 2239 1395 2261 est
1408 2234 1538 2262 Ecclesia.
1550 2234 1625 2262 Sicut
1636 2235 1705 2261 enirn
1717 2237 1745 2261 et
1758 2241 1819 2261 cor-

1032 2289 1080 2315 pus
1102 2285 1129 2308 et
1150 2285 1232 2316 caput
1253 2288 1321 2307 unus
1336 2284 1398 2307 sunt
1422 2280 1513 2313 homo,
1529 2280 1565 2306 ita
1579 2284 1607 2308 et
1631 2279 1779 2308 Eeclesiam
1795 2283 1823 2306 et.

1032 2327 1168 2354 Christum
1182 2334 1264 2354 unum
1278 2333 1339 2354 esse
1351 2326 1427 2354 dixit.
1446 2325 1508 2353 Ideo
1520 2326 1656 2353 Christum
1670 2333 1719 2361 pro
1729 2326 1823 2354 Eccle-

1033 2373 1071 2400 sia
1086 2373 1186 2408 posuit,
1196 2380 1294 2408 corpus
1308 2372 1366 2407 ejus
1381 2372 1421 2400 sic
1433 2380 1544 2400 vocans.
1554 2373 1627 2400 Sicut
1641 2381 1715 2407 ergo,
1725 2373 1820 2408 inquit,

1032 2427 1130 2454 corpus
1150 2425 1272 2446 nostrum
1288 2426 1370 2446 unum
1384 2423 1437 2452 est,
1449 2419 1554 2446 etiamsi
1569 2427 1602 2447 ex
1616 2419 1706 2446 tnultis
1719 2420 1822 2447 consti-

1034 2470 1138 2493 tuatur:
1151 2465 1186 2493 ita
1198 2470 1224 2492 et
1235 2465 1260 2492 in
1272 2464 1393 2492 Ecclesia
1404 2473 1498 2493 omnes
1509 2473 1590 2492 unum
1602 2473 1704 2493 sumus.
1712 2466 1823 2493 Etiamsi

1033 2511 1104 2538 enim
1119 2511 1163 2538 illa
1179 2518 1211 2539 ex
1225 2511 1315 2538 multis
1328 2510 1458 2539 membris
1478 2515 1594 2545 constat,
1609 2511 1655 2538 sed
1676 2512 1721 2539 illa
1741 2512 1824 2539 multa

1035 2563 1116 2583 unum
1137 2556 1204 2584 ﬁniit
1218 2564 1326 2592 corpus.
1342 2557 1407 2584 Cum
1430 2565 1495 2592 ergo
1515 2562 1664 2585 recreasset
1678 2563 1706 2585 et
1720 2558 1823 2585 erexis-

1035 2607 1076 2629 set
1089 2602 1122 2630 ah
1137 2603 1189 2630 hoc
1203 2603 1340 2630 communi
1353 2604 1478 2638 exemplo
1493 2611 1553 2630 eum
1566 2604 1611 2638 qui
1625 2604 1764 2631 videbatur
1775 2603 1825 2631 mi-

1035 2656 1085 2676 nor
1098 2649 1166 2681 ﬁeri,
1179 2657 1272 2677 rursus
1284 2657 1456 2676 communem
1469 2649 1578 2676 dimittit
1591 2650 1824 2680 consuetudinem,

1036 2699 1064 2722 et
1076 2695 1108 2721 ad
1128 2694 1199 2722 aliud
1212 2696 1298 2730 pergit
1310 2694 1449 2729 spirituale
1461 2700 1551 2730 caput,
1568 2696 1697 2729 majorem
1710 2694 1824 2721 affercns

1037 2741 1257 2776 consolationem,
1278 2741 1349 2773 quod
1374 2741 1498 2768 ostendat
1522 2749 1644 2776 magnam
1668 2735 1696 2768 in
1722 2741 1824 2767 honoro

1031 2792 1054 2811 at
1065 2783 1218 2816 ptalitatcm.
1240 2784 1380 2816 Quodnam
1401 2782 1465 2810 illud
1482 2782 1541 2809 est?
1556 2783 1599 2809 i5.
1617 2782 1719 2809 Etenim
1734 2782 1760 2809 in
1774 2790 1825 2809 uno

1033 2830 1145 2864 Spiritu,
1162 2829 1254 2863 inquit,
1270 2838 1354 2857 unum:
1373 2837 1418 2857 nos
1442 2830 1468 2856 in
1492 2837 1570 2856 unum
1594 2837 1685 2864 corpus
1701 2829 1824 2862 baplimti
