1989 3124
239 131 289 160 εει

241 197 339 224 sumus,
353 190 404 217 sive
417 188 514 222 Judaei,
532 188 583 217 sive
608 188 701 220 (irini.
723 189 774 215 sive
789 188 863 220 servi,
878 187 930 214 sive
952 186 1033 213 liberi.

241 236 268 264 Id
285 242 345 264 cst:
362 236 432 271 quod
447 236 536 263 effecit
556 239 586 262 ut
608 242 690 262 unum
708 242 807 269 corpus
822 234 917 263 simus.
934 237 961 260 et
986 240 1036 259 nos

242 282 423 317 rcgencravit,
434 289 502 309 unus
517 286 559 309 est
570 281 687 317 Spiritus
701 289 707 308 :
725 287 776 307 non
787 280 858 306 enim
872 279 897 306 in
915 279 967 306 alio
980 278 1034 310 hic,

243 327 270 354 in
288 327 341 354 alio
355 327 399 354 ille
414 327 562 361 baptizatus
574 331 615 354 est
637 325 743 360 spiritu.
762 325 821 352 Non
844 324 924 351 modo
945 327 1035 350 autem

245 373 291 408 qui
314 381 364 400 nos
380 373 495 408 baptizat
509 379 577 400 unus
599 376 651 404 est,
674 371 721 399 sed
737 375 764 398 et
783 378 865 397 unum
881 375 922 397 est
941 370 967 396 in
981 377 1036 404 quo

245 418 406 454 baptizavit;
425 418 448 445 id
461 423 513 450 est,
527 422 638 452 propter
647 416 717 450 quod
731 415 883 451 baptizavit.
894 415 951 442 Non
964 415 1035 442 enim

243 471 274 493 ut
286 466 391 493 diversa
408 465 503 493 ﬁerent
515 473 641 499 corpora,
653 464 700 492 sed
722 468 752 491 ut
764 471 858 491 omnes
881 463 960 490 unius
975 470 1036 490 cor-

244 512 318 547 poris
341 516 492 539 accuratam
514 511 732 546 conjunctioncm
766 515 860 538 mutuo
885 517 1033 542 servemus,

244 558 369 592 baptizati
393 565 505 590 smnus;
530 558 581 585 hoc
602 562 653 590 est,
671 561 701 584 ut
722 563 817 584 omnes
837 562 919 583 unum
937 561 1036 590 corpus

244 605 338 636 simus,
354 604 379 630 in
394 603 446 631 hoc
462 603 588 639 baptizati
600 610 704 630 sumus.

281 649 308 676 Ξ.
333 649 424 684 Itaque
446 654 474 677 et
496 649 539 684 qui
566 648 717 677 construxit
737 655 846 684 corpus,
863 654 931 675 unus
945 652 994 679 est,
1009 650 1037 675 et

245 694 270 722 id
284 695 316 722 ad
329 695 400 730 quod
413 699 596 722 constructum
612 699 664 725 est.
681 702 762 722 unum
778 698 829 721 est.
844 693 899 721 Nec
911 693 987 725 dixit.
1002 692 1037 720 Ut

245 742 331 769 simus
343 741 463 777 ejusdem
482 742 621 777 corporis;
643 741 701 773 scd,
718 740 752 768 Ut
765 749 847 768 unum
861 747 959 775 corpus
979 747 1037 767 om-

245 795 294 815 nus
307 789 391 815 simus
403 797 409 814 :
426 795 533 823 semper
548 788 620 816 enim
634 788 724 815 studet
736 787 824 815 verbis
840 788 968 822 majorem
981 794 1038 814 em-

246 835 340 868 phasin
355 835 568 870 exprimentibus
584 835 633 861 uti.
650 834 684 861 Et
703 834 772 861 bene
787 833 869 866 dixit,
885 833 979 860 Omnes
993 841 1038 860 su-

245 890 311 914 mus,
326 882 444 917 seipsum
464 882 603 917 adjiciens.
619 881 710 916 Neque
726 882 798 908 enim
821 888 885 915 ergo
899 879 1038 915 apostolus

247 927 307 961 plus
319 934 398 962 quam
415 932 442 954 tu
461 927 522 962 quid
537 927 623 954 habeo
636 936 643 953 :
659 927 759 954 etenim
771 931 798 953 tu
813 933 911 960 corpus
923 932 952 952 es
970 925 1040 953 sicut

247 978 275 1001 et
294 980 354 1008 ego,
371 981 432 1008 ego,
454 973 524 1000 sicut
545 978 584 1005 tu,
599 977 626 1000 et
648 979 743 999 omnes
768 971 883 1006 idipsum
910 971 1039 998 habemus

247 1024 338 1054 caput,
352 1024 378 1046 et
391 1019 486 1047 eodem
499 1024 576 1054 partu
591 1018 646 1046 uati
660 1026 769 1046 sumus:
782 1017 882 1046 idcirco
894 1017 964 1044 idem
979 1024 1040 1044 cor-

247 1073 298 1101 pus
313 1073 415 1093 sunms.
432 1065 466 1093 Et
485 1065 548 1101 quid
561 1065 622 1092 dico
634 1086 641 1097 ,
656 1065 751 1099 inquit,
772 1063 899 1091 Juda‘os?
923 1064 989 1091 Nam
1012 1068 1040 1092 et

247 1111 356 1139 Gra'cos
372 1119 387 1138 a
402 1111 478 1139 nobis
490 1116 592 1138 tantum
608 1110 730 1143 dissitos,
744 1110 777 1138 ad
793 1110 819 1137 id
835 1111 920 1146 ipsum
942 1118 1040 1146 corpus

251 1156 363 1191 redegit.
385 1156 473 1190 Quare
494 1164 554 1183 cum
575 1156 701 1189 dixisset,
724 1156 780 1183 Nos
800 1164 900 1188 omnes.
922 1164 974 1184 nou
997 1156 1040 1184 hic

247 1203 383 1235 substitit;
395 1202 443 1230 sed
457 1203 596 1238 subjunxit
610 1213 617 1231 ;
631 1203 691 1231 Sive
703 1202 800 1237 Judari,
819 1203 869 1231 sive
882 1202 974 1235 lintei,
989 1204 1040 1231 sive

247 1249 322 1281 servi,
346 1249 398 1276 sive
421 1249 503 1276 liberi.
523 1249 600 1282 Quod
621 1249 644 1277 si
668 1256 730 1276 cum
752 1254 829 1276 antea
852 1249 920 1276 adeo
942 1249 1040 1277 remoti

250 1301 382 1325 essemus.
395 1294 481 1329 juncti
496 1302 590 1323 sumus
604 1299 631 1322 et
645 1303 726 1322 unum
741 1295 845 1329 effecti;
861 1296 945 1322 multo
956 1295 1040 1330 magis

248 1345 390 1375 postquam
404 1348 485 1368 unum
500 1341 562 1368 facti
575 1349 678 1373 sumus,
694 1349 747 1368 non
766 1341 895 1369 debemus
907 1342 999 1368 dolere
1014 1346 1042 1368 et

250 1387 377 1416 mastitia
391 1387 460 1416 afﬁci
475 1397 481 1415 :
498 1395 584 1423 noque
598 1388 670 1415 enim
683 1388 771 1415 locum
785 1387 865 1415 habet
878 1387 1039 1415 differentia.

251 1433 318 1461 Nam
329 1434 350 1461 si
364 1433 473 1462 Graues
491 1442 538 1462 seu
552 1434 666 1470 gentiles
676 1440 702 1462 et
714 1434 823 1462 Judzcos
836 1433 932 1461 iisdem
947 1433 1041 1469 digna-

250 1483 293 1506 tus
313 1483 364 1512 est,
381 1487 485 1507 necnon
508 1488 601 1507 servos
623 1485 650 1508 et
671 1480 786 1512 liberos;
810 1479 946 1514 quomodo
966 1485 1041 1515 post-

249 1533 329 1560 quam
344 1525 370 1553 id
385 1526 510 1561 dignatus
533 1532 584 1559 est,
603 1526 772 1562 disjuuxcril,
787 1526 894 1561 quando
912 1526 1041 1562 majorem

251 1575 279 1599 et
307 1573 500 1599 accuratiorem
526 1580 559 1599 ex
585 1572 663 1599 donis
687 1572 903 1607 conjunctionem
933 1573 1043 1602 efﬁcore

253 1617 376 1653 dignatus
387 1619 448 1646 est?
461 1616 495 1645 Et
509 1626 595 1646 omnes
610 1627 660 1646 uno
675 1619 775 1654 Spiritu
791 1620 870 1652 palati
883 1628 981 1648 sumus.
997 1621 1041 1648 Η.

254 1662 324 1690 Nam
337 1668 360 1690 et
375 1671 469 1699 corpus
483 1672 534 1691 non
548 1668 583 1691 est
596 1672 674 1691 unum
688 1665 835 1698 membrum,
850 1665 894 1692 sed
909 1666 999 1693 multa.
1016 1667 1042 1694 Id

253 1713 306 1741 est.
321 1709 355 1736 ad
370 1709 492 1736 eamdem
507 1710 630 1737 vertimus
650 1710 839 1746 mysteriorum
854 1711 1042 1745 initiationem,

253 1755 346 1783 eadem
371 1755 485 1782 fruimur
511 1762 612 1783 mensa.
634 1756 667 1783 Et
690 1763 739 1784 cur
761 1764 814 1784 non
829 1756 919 1784 dixit:
941 1757 1042 1786 Eodem

251 1809 365 1837 corpore
377 1803 520 1836 nutrimur,
531 1806 559 1830 et
571 1802 665 1830 eodem
677 1804 806 1839 sanguine
819 1805 962 1839 potamur?
976 1805 1043 1838 Quia

252 1854 314 1875 cum
330 1848 458 1883 Spiritum
473 1848 552 1880 dixit,
566 1853 710 1884 utrumque
724 1849 884 1885 signiﬁcavit
896 1855 924 1878 et
936 1852 1045 1886 sangui-

254 1901 314 1921 nem
329 1899 356 1922 et
371 1902 469 1929 corpus
483 1904 489 1921 :
511 1901 559 1929 per
573 1899 715 1930 utrumque
730 1896 801 1923 enim
815 1904 868 1923 uno
881 1896 981 1932 Spiritu
999 1904 1045 1932 po-

255 1944 352 1967 tamur.
368 1940 431 1967 Mihi
445 1947 535 1967 autem
548 1940 654 1968 videtur
669 1949 739 1968 nunc
754 1941 845 1969 dicere
868 1942 941 1969 illum
958 1942 1042 1977 Spiri-

255 1992 298 2013 tus
323 1985 477 2020 adventum,
495 1986 539 2021 qui
563 1994 577 2013 a
600 1987 758 2020 baptismate
781 1992 808 2015 et
831 1992 894 2015 ante
918 1989 1045 2024 mysteria

255 2031 334 2059 nobis
355 2031 470 2059 accedit.
492 2032 564 2059 Dixit
582 2038 688 2065 autent,
704 2031 791 2060 Palati
814 2041 912 2067 sumus,
927 2035 989 2069 quia
1003 2033 1046 2061 di-

256 2078 355 2105 ctionis
376 2078 532 2112 metaphora
547 2078 624 2105 valde
636 2084 785 2114 opportuna
809 2079 857 2114 ipsi
874 2080 960 2107 estad
976 2087 1045 2114 pne-

257 2131 320 2151 sens
340 2129 546 2159 argumentum:
564 2129 592 2150 ut
614 2124 636 2151 si
649 2124 683 2151 de
708 2125 803 2159 plantis
820 2131 846 2152 et
864 2126 898 2152 dc
924 2126 1047 2160 paradiso

256 2169 369 2201 diceret,
385 2169 425 2196 Ab
439 2168 534 2195 eodem
554 2168 628 2196 fonte
649 2177 744 2196 omnes
758 2170 868 2197 arbores
891 2170 1046 2206 irrigantur,

255 2217 285 2241 et
297 2213 331 2241 ab
343 2213 436 2241 eadem
451 2221 519 2248 aqua
531 2223 537 2240 :
551 2213 586 2241 ita
600 2219 627 2241 et
640 2214 666 2241 in
679 2215 817 2249 praesenti,
834 2215 933 2244 Eodem
947 2217 1048 2252 Spiritu

258 2259 340 2293 potati
360 2266 452 2286 sumus
466 2267 572 2289 otnues.
592 2259 715 2287 eamdem
732 2261 901 2295 percepimus
922 2263 1047 2297 gratiam.

259 2304 288 2332 Si
301 2312 364 2340 ergo
379 2313 447 2332 unus
459 2304 575 2339 Spiritus
588 2313 637 2333 uos
652 2306 801 2340 conjunxit,
814 2311 841 2334 et
855 2315 904 2334 nos
915 2315 1008 2335 omnes
1023 2309 1049 2336 in

257 2359 339 2378 unum
359 2359 456 2386 corpus
479 2351 631 2387 compegit;
650 2352 701 2380 hoc
724 2353 795 2380 enim
818 2353 950 2388 signiﬁcat
971 2355 1048 2388 illud,

258 2395 293 2423 1η
307 2404 385 2423 unum
401 2405 493 2432 corpus
508 2397 628 2431 bnptizati
649 2406 758 2430 sumtu;
780 2404 806 2426 ct
829 2407 909 2426 unam
930 2408 1050 2428 mensam

261 2442 372 2476 largitus
385 2447 436 2476 est,
453 2447 480 2469 et
494 2443 617 2470 eamdem
639 2444 764 2471 omnibus
780 2445 962 2480 irrigationem
976 2455 983 2478 ;
1001 2446 1051 2474 hoc

259 2489 332 2514 euint
355 2488 407 2514 sibi
422 2489 478 2515 vult
502 2489 575 2521 illud,
595 2488 652 2516 Uno
676 2489 776 2524 Spiritu
798 2491 877 2526 palati
895 2499 1000 2524 sumus;
1024 2497 1051 2520 et

260 2537 334 2561 lauto
350 2533 490 2560 intervallo
505 2535 613 2562 dissitos
624 2536 729 2570 junxit;
745 2542 772 2564 et
794 2537 877 2564 multa
901 2543 964 2565 tunc
986 2538 1052 2566 ﬁunt

259 2587 370 2615 corpus,
384 2581 491 2615 quando
505 2582 572 2608 facta
589 2583 694 2610 fuerunt
710 2591 790 2610 unum
805 2593 812 2610 :
829 2592 877 2611 cur
892 2585 955 2612 mihi
971 2585 1050 2614 diffe-

262 2626 375 2653 rentiam
395 2634 442 2653 sus
463 2627 550 2662 deque
566 2628 678 2655 versas?
693 2628 721 2656 Si
736 2635 824 2656 autem
842 2630 954 2664 dixeris,
970 2630 1050 2658 Multa

258 2679 322 2700 sunt
337 2673 456 2700 membra
473 2679 500 2700 et
514 2674 618 2701 diversa
634 2684 641 2700 :
655 2675 746 2702 discas
766 2675 816 2703 hoc
829 2677 915 2712 ipsum
930 2685 991 2705 esse
1004 2679 1052 2705 ad-

258 2719 392 2750 mirabile,
403 2723 429 2745 et
443 2718 514 2746 hanc
526 2721 649 2754 corporis
663 2728 723 2748 esse
734 2722 935 2755 excellentiam,
946 2725 1052 2758 quzuido

260 2765 343 2793 multa
357 2769 385 2792 et
397 2765 502 2792 diversa
516 2773 597 2792 unum
613 2766 742 2793 efﬁciunt.
761 2767 837 2800 Quod
859 2768 881 2795 si
897 2769 980 2796 multa
1000 2778 1052 2797 non

263 2815 426 2844 cssent,non
438 2811 472 2837 ita
487 2811 608 2838 mirabile
618 2817 645 2838 et
661 2812 871 2848 inexspectatum
883 2819 955 2841 esset
968 2823 1051 2842 unum

265 2865 326 2886 esse
339 2864 452 2892 corpus;
470 2859 523 2885 imo
544 2866 575 2885 uc
594 2864 662 2886 esset
679 2859 785 2894 quidem
808 2867 914 2896 corpus.
931 2862 983 2889 Sed
998 2862 1047 2890 hoc

605 131 634 159 S.
653 130 792 159 JOANNIS
809 128 1048 159 CHRYSOSTOMI
1067 126 1223 155 ARCHIEP.
1238 127 1505 157 CONSTANTINOP.
1825 133 1871 161 25;

1088 183 1198 215 quidem
1215 189 1352 219 postremo
1365 186 1439 220 ponit
1452 195 1458 212 :
1475 185 1582 213 interim
1595 193 1659 214 vero
1674 186 1707 214 ad
1723 186 1778 222 ipsa
1791 195 1869 216 mem-

1088 230 1134 256 bra
1151 231 1247 265 pergit,
1263 231 1297 257 ita
1313 231 1443 266 loquens:
1466 232 1508 260 15.
1525 232 1555 259 Si
1570 232 1662 260 dixerit
1675 241 1719 268 pes
1729 253 1736 265 ,
1751 233 1808 261 Non
1820 243 1870 262 sum

1088 285 1188 308 mamts,
1202 285 1253 303 non
1266 285 1322 304 sum
1342 278 1374 304 de
1387 286 1512 313 corpore;
1538 287 1599 306 num
1622 279 1717 307 idcirco
1731 287 1780 306 non
1798 285 1832 308 est
1843 283 1871 309 de

1089 323 1216 357 corpore?
1233 323 1275 351 l6.
1291 323 1324 350 Et
1334 324 1355 350 si
1369 324 1462 351 dixerit
1477 326 1558 356 auris,
1576 324 1636 352 Non
1650 335 1706 353 sum
1721 327 1816 359 oculus,
1824 336 1870 355 non

1088 376 1144 395 sum
1157 369 1190 396 de
1200 377 1326 404 corpore;
1340 378 1400 396 num
1411 371 1506 398 idcirco
1521 380 1571 398 non
1582 376 1619 398 est
1632 372 1664 399 de
1676 373 1800 406 corpore?
1811 373 1872 401 Nam

1088 414 1110 440 si
1124 414 1195 448 quod
1210 415 1278 442 alius
1297 415 1387 443 minus
1399 415 1519 449 haberet,
1536 417 1603 444 alius
1616 417 1769 450 excederet,
1782 418 1806 445 id
1824 427 1872 447 non

1089 461 1189 488 sineret
1209 469 1270 489 esse
1293 461 1326 489 de
1345 470 1470 497 corpore,
1495 463 1649 491 universum
1673 465 1820 493 tolleretur.
1838 465 1873 494 Ne

1090 509 1178 544 itaque
1192 509 1303 543 dixeris,
1317 510 1374 537 Non
1397 518 1457 538 sum
1479 518 1588 546 corpus,
1603 512 1665 546 quia
1692 519 1751 539 sum
1776 513 1873 541 minor:

1089 556 1188 582 etenim
1207 563 1253 590 pes
1268 556 1400 583 minorem
1417 561 1490 584 tenet
1504 557 1639 590 ordinem,
1656 558 1703 585 sed
1717 563 1758 586 est
1777 565 1807 586 ex
1820 566 1874 586 cor-

1090 609 1165 636 pore.
1180 601 1246 628 Nam
1262 609 1295 629 ex
1309 609 1426 637 corpore
1449 610 1509 630 esse
1525 603 1566 630 vel
1589 611 1642 630 non
1661 611 1731 636 esse,
1746 612 1798 632 non
1819 605 1876 632 inde

1091 648 1120 674 lit
1135 646 1205 682 quod
1219 647 1289 674 alius
1303 647 1329 674 in
1346 648 1397 675 hoc
1410 648 1481 681 loco,
1498 648 1566 675 alius
1586 649 1612 676 in
1628 649 1683 676 alio
1706 650 1808 684 positus
1827 650 1874 683 sit;

1091 693 1141 721 hoc
1156 693 1230 721 enim
1243 693 1295 722 loci
1316 698 1418 721 tantum
1445 694 1508 722 facit
1522 694 1719 729 differentiam;
1734 696 1781 723 sed
1803 703 1834 724 ex
1847 704 1877 724 eo

1090 739 1161 775 quod
1183 740 1218 767 sit
1231 740 1390 775 conjunctus
1411 741 1452 768 vel
1475 749 1530 768 non
1545 741 1704 776 coniunctus
1720 751 1727 768 ι
1746 750 1806 769 nam
1821 749 1877 770 esse

1092 786 1133 813 vel
1147 793 1199 813 non
1215 793 1277 814 esse
1291 793 1389 821 corpus
1403 794 1437 814 ex
1455 794 1488 814 eo
1505 786 1543 818 ﬁt,
1560 787 1631 821 quod
1647 787 1689 815 vel
1711 787 1878 823 conjunctunt

1090 833 1133 860 vel
1149 840 1202 860 non
1215 833 1389 868 conjunctum
1411 834 1455 861 sit.
1478 833 1518 861 Tu
1539 841 1604 861 vero
1624 834 1689 862 mihi
1715 835 1878 870 prudentiam

1092 878 1236 913 perpende,
1258 879 1395 914 quomodo
1419 880 1475 915 ipsa
1504 880 1584 908 verba
1609 881 1731 916 apposite
1757 881 1880 909 membris

1091 925 1191 952 nostris
1208 925 1404 954 accommodet.
1421 926 1487 953 Nam
1503 931 1532 953 ut
1545 927 1669 961 superius
1690 927 1807 960 diccbat,
1820 927 1880 954 Haec

1091 972 1272 1006 trans/iguravi
1285 972 1312 999 in
1331 980 1372 1000 me
1383 977 1408 999 et
1422 973 1535 1008 Apollo:
1555 973 1594 1001 sic
1604 977 1632 1001 et
1645 973 1696 1000 hoc
1711 973 1782 1007 loco,
1793 978 1820 1001 ut
1831 981 1881 1000 non

1092 1019 1247 1052 molestum,
1262 1018 1309 1046 sed
1325 1024 1464 1054 acceptum
1479 1019 1604 1047 redderet
1619 1028 1783 1051 sermonem.
1800 1028 1882 1048 mem-

1092 1064 1140 1092 bra
1154 1065 1291 1100 loquentia
1308 1064 1427 1098 inducit;
1444 1069 1473 1092 ut
1486 1073 1546 1092 cum
1561 1065 1685 1093 audirent
1700 1070 1822 1094 naturam
1837 1065 1884 1093 sibi

1092 1110 1312 1145 respondentem,
1322 1110 1357 1138 ab
1367 1110 1423 1145 ipsa
1438 1111 1606 1145 experientia
1620 1112 1739 1139 convicti
1752 1116 1780 1139 et
1791 1121 1803 1138 a
1816 1119 1886 1138 com-

1093 1156 1166 1183 muni
1181 1156 1296 1190 calculo,
1312 1156 1376 1183 nihil
1393 1157 1460 1184 ultra
1475 1156 1660 1185 contradicere
1674 1157 1811 1185 valerent.
1822 1156 1885 1184 Nam

1092 1203 1150 1230 sive
1163 1203 1215 1230 hoc
1226 1202 1324 1237 ipsum,
1338 1202 1434 1237 inquit.
1447 1202 1554 1236 dicatis,
1567 1204 1624 1230 sive
1638 1205 1825 1236 mummretis,
1836 1211 1885 1230 nou

1093 1248 1205 1284 potestis
1218 1253 1294 1276 extra
1306 1255 1404 1284 corpus
1423 1256 1493 1277 esse.
1512 1248 1746 1283 Quemadmodum
1760 1251 1832 1278 enim
1848 1251 1888 1278 lex

1094 1297 1208 1327 naturae,
1225 1293 1264 1321 sic
1276 1298 1304 1321 ct
1319 1294 1403 1321 multo
1418 1295 1502 1329 magis
1516 1295 1610 1330 gratia:
1636 1295 1723 1323 virtus
1738 1296 1828 1324 omnia
1843 1303 1888 1323 cu-

1093 1340 1177 1367 stodit
1191 1345 1218 1368 et
1231 1345 1384 1369 conservat.
1397 1340 1429 1368 Et
1446 1341 1506 1369 vide
1518 1342 1654 1376 quomodo
1663 1344 1768 1371 caverit
1781 1351 1815 1371 ne
1829 1342 1890 1378 quid

1093 1385 1260 1420 superﬂuum
1281 1392 1364 1419 esset,
1378 1394 1432 1413 non
1447 1386 1480 1414 de
1500 1388 1629 1415 membris
1643 1389 1773 1416 omnibus
1792 1389 1890 1417 orando

1094 1435 1222 1464 tractans,
1237 1430 1285 1458 sed
1301 1431 1337 1459 de
1349 1430 1455 1458 duobus
1468 1436 1582 1466 tantum,
1596 1433 1681 1468 iisque
1691 1435 1837 1462 extremis.
1849 1434 1892 1462 Et-

1094 1477 1166 1504 enim
1190 1477 1310 1504 omnium
1336 1478 1559 1512 pretiosiSSimum
1584 1480 1691 1514 posuit,
1715 1481 1845 1513 oculum;
1867 1484 1894 1508 et

1094 1523 1215 1551 omnium
1230 1523 1389 1552 vilissimum
1403 1525 1495 1560 pedes.
1504 1525 1595 1561 Neque
1608 1526 1711 1554 inducit
1726 1527 1823 1562 pedem
1834 1535 1892 1554 cum

1095 1571 1174 1598 oculo
1186 1571 1350 1606 loquentem,
1361 1571 1408 1598 sed
1419 1579 1478 1599 cum
1491 1580 1571 1600 manu
1583 1580 1642 1608 quae
1654 1579 1695 1600 est
1707 1574 1789 1609 paulo
1800 1573 1892 1605 altior;

1095 1616 1216 1643 auditum
1231 1620 1320 1644 autem
1341 1624 1402 1644 cum
1417 1617 1512 1644 Oculis.
1528 1618 1596 1651 Quia
1618 1619 1692 1646 enim
1720 1628 1776 1646 non
1805 1620 1837 1647 iis
1851 1619 1893 1654 qui

1096 1669 1146 1690 nos
1168 1662 1247 1698 longe
1259 1669 1398 1697 superant,
1413 1664 1461 1691 sed
1476 1664 1508 1691 iis
1524 1665 1568 1700 qui
1593 1666 1674 1700 paulo
1695 1667 1811 1694 altiores
1826 1671 1895 1698 sunt,

1095 1708 1215 1736 solemus
1231 1708 1368 1742 invidere;
1390 1709 1451 1737 ideo
1465 1715 1492 1737 et
1507 1711 1565 1745 ipse
1579 1712 1619 1738 sic
1635 1711 1699 1739 facit
1714 1713 1895 1748 comparatio-

1097 1762 1169 1781 nem.
1183 1754 1227 1781 ΓΙ.
1243 1754 1274 1782 Si
1289 1759 1370 1782 totum
1389 1763 1481 1791 corpus
1501 1756 1600 1790 oculus,
1616 1758 1657 1784 ubi
1671 1759 1780 1786 auditus
1791 1759 1804 1786 .’
1824 1760 1846 1786 si
1859 1765 1896 1785 ta-

1097 1806 1151 1827 rum
1164 1801 1276 1833 auditus,
1289 1802 1332 1828 ubi
1347 1803 1468 1830 odoratus
1478 1803 1491 1830 .9
1513 1804 1580 1838 Quia
1593 1806 1664 1832 enini
1681 1814 1747 1834 cum
1763 1807 1790 1834 iu
1814 1814 1897 1835 mem-

1097 1847 1206 1875 brorum
1233 1848 1373 1876 incidisset
1394 1849 1592 1885 differentiam,
1617 1856 1644 1879 et
1659 1852 1780 1882 dixisset
1805 1854 1897 1890 pedes.

1097 1903 1205 1929 manus,
1217 1895 1310 1924 oculos
1320 1901 1347 1923 et
1357 1904 1448 1930 aures,
1461 1897 1520 1926 illos
1535 1898 1561 1925 in
1576 1900 1775 1934 cogitationem
1791 1901 1900 1928 minoris

1098 1941 1140 1968 vel
1153 1941 1262 1975 majoris
1276 1941 1398 1976 induxit;
1412 1943 1474 1971 vide
1488 1945 1624 1979 quomodo
1639 1953 1754 1974 rursum
1767 1947 1828 1974 illus
1838 1955 1900 1974 con-

1099 1987 1213 2019 solatur,
1229 1987 1376 2015 ostendens
1400 1989 1436 2016 ita
1456 1995 1669 2018 consentaneum
1692 2000 1770 2027 esse,
1786 1997 1814 2021 ct
1834 1992 1901 2028 quod

1100 2033 1174 2059 multi
1195 2033 1251 2059 sint
1270 2034 1297 2060 et
1317 2033 1435 2067 diversi,
1452 2034 1504 2062 hoc
1527 2036 1645 2064 maxime
1666 2037 1733 2065 facit
1757 2045 1786 2065 ut
1807 2045 1902 2073 corpus

1100 2079 1144 2105 sit.
1161 2078 1237 2112 Quod
1250 2079 1273 2106 si
1287 2087 1368 2107 unum
1382 2085 1474 2108 essent
1488 2089 1593 2116 omnes,
1609 2091 1662 2110 non
1676 2091 1777 2112 essent
1790 2092 1901 2120 corpus:

1100 2124 1215 2159 ideoque
1229 2125 1267 2151 ait
1282 2133 1288 2151 :
1302 2125 1346 2152 19.
1360 2125 1391 2153 Si
1411 2132 1492 2154 essent
1505 2129 1590 2155 omnia
1602 2137 1681 2156 union
1697 2130 1904 2164 uieuibruiit,ubi

1101 2172 1216 2206 corpus?
1235 2171 1288 2199 Sed
1301 2171 1352 2200 hoc
1365 2172 1473 2207 quidem
1490 2179 1581 2209 postca
1596 2175 1679 2209 dicit;
1706 2177 1754 2205 hic
1770 2185 1837 2206 vero
1846 2178 1905 2212 quid

1102 2217 1188 2252 majus
1207 2217 1336 2252 ostendit,
1353 2226 1450 2254 ncmpc
1470 2220 1540 2255 quod
1564 2229 1616 2248 nou
1633 2222 1728 2250 solum
1746 2228 1803 2252 nbn
1827 2224 1908 2260 possit

1102 2271 1162 2291 esse
1185 2271 1294 2299 corpus,
1311 2264 1358 2292 sed
1381 2272 1414 2292 ne
1438 2273 1499 2293 esse
1519 2267 1626 2302 quidem
1652 2275 1776 2298 cancros
1802 2278 1906 2298 sensus.

1103 2310 1169 2337 Nam
1181 2310 1213 2338 Si
1235 2311 1340 2338 auditus
1351 2316 1431 2338 totum
1444 2318 1516 2346 esset,
1533 2313 1574 2340 ubi
1589 2315 1717 2344 odoratus
1729 2318 1742 2341 Γ)
1767 2318 1866 2352 inquit.

1139 2357 1165 2384 5.
1187 2356 1289 2384 Deinde
1302 2357 1364 2392 quia
1380 2358 1420 2385 sic
1433 2366 1540 2394 quoque
1555 2360 1741 2391 turbabantur
1754 2384 1763 2396 ,
1779 2364 1853 2400 quod
1868 2371 1909 2391 su-

1103 2402 1196 2437 perius
1210 2402 1292 2436 fecit,
1310 2403 1335 2430 id
1351 2404 1433 2432 etiam
1449 2413 1520 2433 nunc
1534 2405 1607 2433 facit.
1623 2407 1705 2436 Sicut
1722 2411 1798 2438 enim
1817 2411 1852 2438 ibi
1868 2417 1912 2446 per

1104 2449 1247 2476 utilitatem
1261 2449 1428 2482 consolatus,
1441 2450 1550 2479 demum
1563 2460 1593 2480 os
1607 2453 1699 2481 valide
1717 2456 1858 2484 obstruxit
1871 2455 1910 2484 di-

1104 2502 1178 2529 cens,
1190 2494 1252 2522 Hm:
1265 2501 1349 2522 autent
1364 2497 1449 2523 omnia
1464 2503 1583 2532 operatur
1595 2507 1659 2526 unus
1673 2506 1757 2536 atque
1773 2502 1842 2529 idem
1853 2502 1912 2536 Spi-

1103 2542 1177 2574 ritus,
1190 2541 1303 2568 dividens
1313 2542 1419 2578 singulis
1431 2549 1504 2578 prout
1518 2545 1569 2571 vult
1582 2546 1638 2573 :sic
1651 2551 1681 2573 cl.
1695 2548 1751 2576 hoc
1764 2549 1827 2577 loco
1837 2549 1913 2577 ctiam

1104 2587 1246 2614 ratiocinia
1264 2587 1414 2622 proferens,
1431 2590 1507 2624 queis
1524 2591 1643 2618 ostendit
1658 2593 1697 2620 ad
1716 2596 1865 2622 utilitatem
1878 2601 1914 2620 sic

1104 2634 1192 2660 omnia
1215 2633 1283 2661 facta
1298 2642 1359 2662 esse.
1373 2657 1380 2667 ,
1397 2644 1488 2663 rursus
1505 2643 1590 2665 totum
1612 2638 1644 2666 ad
1668 2639 1722 2668 Dei
1749 2644 1914 2669 voluntatem

1106 2679 1209 2707 reducit
1228 2680 1339 2708 dicens:
1357 2684 1399 2710 tv.
1418 2682 1495 2710 Num:
1505 2690 1588 2711 autem
1601 2688 1691 2721 posuit
1709 2688 1784 2716 Deus
1796 2688 1914 2720 membro.

1104 2725 1298 2760 unumquodque
1312 2735 1398 2754 eorum
1413 2729 1439 2755 in
1454 2730 1599 2764 corporibus
1612 2732 1680 2759 sicut
1703 2735 1798 2762 voluit.
1817 2736 1916 2769 Quem-

1105 2772 1249 2800 admodum
1273 2773 1307 2801 dc
1329 2774 1430 2809 Spiritu
1452 2775 1534 2808 dixit,
1559 2776 1639 2804 Prout
1655 2780 1737 2807 vult:
1760 2782 1803 2809 sic
1827 2787 1855 2809 et
1870 2782 1918 2808 hoc

1106 2818 1176 2850 loco,
1192 2818 1266 2846 Sicut
1282 2820 1368 2846 voluit.
1385 2821 1422 2848 Ne
1435 2829 1499 2857 ergo
1513 2821 1580 2849 ultra
1594 2824 1738 2853 curiosius
1751 2835 1865 2854 causam
1881 2828 1918 2853 in-

1105 2865 1206 2899 quiras,
1221 2873 1268 2893 cur
1281 2867 1330 2900 sic,
1348 2875 1396 2895 cur
1407 2875 1459 2896 non
1475 2870 1524 2896 sic.
1539 2869 1649 2898 Etiamsi
1665 2872 1746 2900 enim
1763 2874 1840 2902 mille
1851 2872 1918 2902 dicta
