2034 3109
161 143 214 170 253

159 200 319 237 proferenda
332 199 515 232 habuerimus,
526 206 580 226 non
594 198 634 226 sic
645 199 792 233 poterimus
805 198 949 226 ostendere

157 252 232 275 recte
248 246 348 273 factum
364 253 435 277 esse,
452 250 480 272 ιιι
499 252 558 272 cum
574 244 706 271 dicimus:
726 244 760 272 Ut
780 245 898 278 optimus
910 251 953 270 ar-

157 293 221 321 tifex
245 293 348 326 voluit,
373 293 407 319 ita
430 292 529 318 factum
553 297 615 318 est:
640 299 700 318 ttam
722 291 760 318 sic
780 291 826 318 ille
846 290 901 317 vult
925 295 954 317 ut

156 340 276 375 expedit.
298 339 326 366 Si
349 344 438 366 autem
461 338 487 365 in
508 337 559 365 hoc
581 345 694 372 corpore
709 337 742 365 de
758 337 884 364 membris
900 344 952 363 non

155 387 263 413 curiose
279 385 450 420 inquirimus,
466 385 550 411 tnulto
565 384 649 418 magis
664 384 689 410 in
703 383 834 411 Ecclesia.
850 383 883 409 Et
892 382 952 410 vide

156 433 228 460 illius
241 431 412 468 prudentiant
425 439 433 459 2
450 439 502 457 non
517 431 588 457 enim
603 430 675 458 illatn
690 431 764 465 ponit
775 429 951 456 differentiam

154 487 214 513 qua:
233 486 266 505 ex
282 484 377 504 natura
392 481 451 510 est,
467 484 554 512 neque
570 476 644 504 illam
660 484 720 511 qua:
738 480 780 503 est
802 483 834 503 ex
855 483 951 510 opera-

155 528 238 557 tione,
254 525 301 552 sed
317 532 376 552 eam
391 532 450 558 qum
465 528 507 550 est
526 531 540 550 a
558 524 610 550 situ
627 523 745 550 locorum
760 531 767 549 ε
785 521 862 549 Nunc
877 521 949 548 enim

154 571 258 606 posuit,
274 571 378 605 inqttit,
394 570 464 597 Dens
477 569 599 601 membra,
614 569 808 604 unumquodque
820 576 907 595 eorum
923 568 949 595 in

153 625 261 652 corpore
278 617 345 643 sicut
364 616 453 643 coluit.
476 615 508 642 Et
529 620 602 642 recte
623 615 706 648 dixit,
729 613 947 649 Unumquodque,

153 665 180 690 itt
196 663 324 690 omnibus
338 662 480 689 utilitatem
494 661 650 688 ostendens.
670 660 762 695 Neque
773 660 844 687 enim
858 659 948 687 dicere

155 710 259 744 possis,
278 709 354 736 illum
369 708 419 735 hoc
431 707 538 742 quidem
554 707 693 742 posuisse,
709 706 774 733 illud
789 713 852 733 vero
869 705 948 732 mitti-

152 764 195 783 tne
206 776 212 786 ,
228 755 277 784 scd
294 754 503 789 unumquodque
523 753 670 781 secundum
685 752 848 780 voluntatem
864 752 947 787 ipsius

151 803 234 830 situm
250 807 303 829 est.
321 802 412 836 Itaque
427 806 454 828 et
468 801 528 836 pedi
543 801 608 828 utile
623 801 658 827 sit
673 801 712 827 sic
726 800 852 827 collatum
868 807 927 827 esse
937 820 944 831 ,

153 857 207 875 tton
223 849 305 883 capiti
323 852 443 879 tantum;
462 851 490 874 et
503 848 560 874 sive
572 847 694 873 ordinem
709 846 868 876 mutaverit,
889 845 946 873 sive

154 895 266 929 proprio
289 894 385 921 relicto
410 894 486 926 loco,
513 893 539 920 in
562 893 642 920 alium
669 892 821 922 transierit,
842 893 898 919 sive
918 892 944 919 in

152 941 283 975 majorem
304 940 410 967 venisse
430 940 564 970 videatur,
589 942 672 965 totum
698 938 812 972 perdidit
835 942 861 964 et
882 944 944 964 cor-

151 987 221 1022 rupit
235 997 242 1013 :
266 995 326 1014 nam
344 986 480 1021 proprium
495 986 582 1013 locum
599 985 730 1019 perdidit,
753 990 779 1012 et
793 984 874 1011 alium
890 992 943 1011 non

151 1033 313 1067 assequitur.
340 1032 415 1066 Quod
435 1033 456 1058 si
478 1036 558 1058 essent
579 1032 664 1058 omnia
684 1039 762 1057 unum
782 1031 919 1056 ntembrunt
934 1050 942 1063 ,

151 1080 192 1105 ubi
206 1079 320 1114 corpus?
333 1078 377 1106 20.
398 1077 475 1104 Nunc
495 1083 580 1104 autent
595 1078 674 1104 multa
694 1077 795 1112 quidem
811 1077 922 1103 membra
934 1096 941 1109 ,

149 1134 226 1152 unum
245 1134 304 1152 vero
321 1133 422 1158 corpus.
446 1124 511 1151 Cum
527 1124 598 1151 enim
613 1123 651 1150 eis
666 1124 732 1150 Satis
745 1130 776 1150 os
791 1122 942 1150 obstruxis-

149 1178 188 1199 snt
202 1181 216 1199 a
232 1172 278 1199 Dei
294 1172 479 1206 dispositione.
494 1177 586 1197 rursus
597 1169 735 1196 ratiocinia
749 1169 840 1203 ponit;
857 1175 942 1203 neque

148 1226 254 1251 semper
268 1217 319 1244 hoc
333 1217 404 1249 facit,
421 1224 507 1251 neque
523 1215 599 1247 illud,
616 1215 662 1242 sed
675 1219 843 1242 connnutans
858 1214 942 1240 variat

147 1265 310 1291 orationem.
336 1263 386 1298 Qui
401 1265 472 1290 enim
487 1270 517 1289 os
530 1262 638 1290 obturat
655 1266 768 1293 tantum,
792 1261 940 1288 auditorem

148 1311 257 1342 turbat;
280 1310 379 1344 quique
402 1310 477 1337 illum
499 1307 643 1335 assuefacit
662 1307 695 1334 ad
711 1307 830 1334 omnium
845 1314 940 1334 causas

145 1355 337 1391 exquirendas,
351 1356 376 1382 in
388 1355 510 1382 oratione
522 1354 555 1381 de
570 1353 621 1381 fide
637 1353 722 1388 ipsum
742 1353 823 1380 latdit.
840 1353 940 1379 Idcirco

147 1403 196 1429 hoc
211 1402 311 1429 Paulus
324 1401 479 1436 freqttenter
491 1400 562 1433 facit,
573 1405 602 1427 ut
615 1404 641 1426 et
656 1399 765 1426 eretlaul
776 1404 803 1426 et
819 1407 871 1426 non
885 1405 940 1426 tur-

146 1450 261 1480 bentur;
278 1453 305 1475 et
320 1452 460 1483 postquam
476 1455 523 1474 ora
537 1446 668 1478 obstruit,
691 1446 736 1472 dat
755 1445 836 1472 etiam
858 1446 939 1472 ratio-

146 1503 218 1522 ncut.
236 1495 270 1521 Et
284 1494 344 1521 vide
359 1494 557 1522 contentionem
572 1498 599 1519 et
614 1492 719 1527 plenam
735 1492 883 1519 victoriam.
900 1493 938 1519 Ex

145 1541 242 1575 quibus
264 1540 393 1575 putabant
415 1547 445 1567 se
465 1547 517 1566 tton
539 1546 599 1566 esse
623 1539 725 1565 honore
747 1545 841 1573 pares,
867 1539 937 1574 quod

144 1588 226 1614 multa
250 1587 276 1614 in
294 1587 358 1620 ipsis
375 1591 447 1614 esset
461 1586 610 1613 ditl‘erentia
622 1607 629 1616 .
651 1593 682 1613 ex
705 1585 799 1612 iisdem
821 1585 939 1613 ostendit

145 1635 203 1661 illos
218 1638 327 1668 propter
342 1633 392 1660 ltoc
406 1633 493 1668 ipsum
507 1631 609 1659 honore
624 1640 702 1666 pares
715 1639 789 1664 esse;
803 1633 938 1667 quomodo

144 1685 251 1712 autent,
273 1686 324 1713 ego
344 1679 441 1706 dicant.
466 1678 496 1704 Si
518 1682 614 1710 essent,
636 1677 739 1712 inquit,
756 1679 840 1705 omnia
859 1686 937 1705 unum

145 1726 302 1758 membrum,
319 1725 361 1751 ubi
375 1724 489 1758 corpus?
505 1723 531 1751 Id
547 1728 598 1755 est,
613 1723 641 1751 Si
654 1732 706 1750 nott
720 1729 809 1756 eSset,
832 1725 935 1759 inquit,

146 1772 172 1798 itt
195 1771 271 1798 vobis
293 1771 375 1798 multa
392 1770 561 1803 differentia,
586 1778 638 1797 tton
661 1770 757 1797 essetis
780 1778 897 1804 corpus:
913 1771 936 1798 si

145 1824 241 1851 corpus
256 1824 309 1844 non
334 1817 431 1844 essetis
443 1837 449 1848 ,
467 1823 554 1850 neqtte
576 1823 655 1842 unum
671 1816 788 1844 essetis:
810 1817 832 1843 si
855 1824 936 1844 unum

143 1873 195 1891 non
210 1865 318 1894 essetis,
334 1872 419 1898 neque
434 1871 512 1898 pares
526 1863 631 1890 essetis.
651 1863 741 1898 Itaque
755 1863 777 1890 si
799 1871 876 1897 pares
891 1871 934 1891 es-

142 1913 218 1942 setis.
236 1919 290 1938 nott
304 1911 398 1938 essetis
413 1917 510 1944 corpus
523 1918 530 1937 :
545 1910 566 1937 si
582 1916 678 1944 corpus
692 1917 744 1936 nott
761 1910 864 1942 essetis,
882 1913 934 1937 non

142 1959 239 1986 essetis
255 1965 333 1984 unum
347 1965 354 1984 :
368 1957 390 1984 si
403 1964 483 1984 unum
499 1964 550 1983 nott
564 1956 670 1989 essetis,
685 1957 819 1990 quomodo
833 1957 935 1984 honore

142 2011 220 2038 pares
237 2003 353 2030 essetis?
368 2002 444 2030 Nunc
457 2009 536 2034 vero,
550 2002 611 2036 quia
628 2009 680 2029 tton
693 2009 786 2029 omnes
801 2002 870 2029 idem
886 2003 935 2030 do-

142 2057 205 2076 tutnt
220 2050 344 2081 habetis,
366 2049 426 2076 ideo
447 2055 544 2083 corpus
565 2048 650 2075 estis:
670 2055 767 2082 corpus
786 2055 850 2075 vero
873 2056 933 2076 cum

141 2096 219 2128 sitis,
234 2103 327 2122 omnes
343 2103 423 2122 ututm
437 2095 513 2127 estis,
527 2098 554 2121 et
568 2093 635 2121 nihil
651 2094 721 2121 alter
736 2094 770 2121 ab
784 2094 870 2121 altero
883 2093 935 2121 dif-

141 2142 232 2174 fertis,
249 2141 394 2169 secundum
411 2141 436 2168 id
448 2162 454 2172 ,
469 2141 539 2175 quod
559 2148 657 2174 corpus
677 2141 752 2168 estis.
776 2141 866 2176 Itaque
889 2141 933 2168 illa

141 2188 258 2215 maxime
279 2187 430 2214 differentia
451 2192 492 2214 cst
505 2207 511 2218 ,
534 2195 593 2222 qna:
616 2186 678 2214 facit
700 2186 810 2214 honoris
831 2187 932 2222 parita-

139 2239 192 2262 tem
208 2244 214 2261 :
238 2234 355 2269 ideoque
374 2234 530 2269 subiunxit,
553 2233 630 2260 Nunc
643 2238 724 2260 autem
741 2234 820 2260 multa
832 2234 933 2270 quidem

139 2280 250 2307 membra
263 2301 271 2313 ,
288 2288 368 2307 unum
388 2288 444 2307 vero
459 2288 562 2314 corpus.
578 2280 640 2307 Haec
661 2280 749 2314 itaque
763 2287 812 2306 nos
827 2288 933 2315 quoque

138 2327 307 2361 cogitantes,
330 2333 437 2353 omnem
459 2326 588 2360 pellamus
609 2326 751 2358 invidiam,
774 2334 861 2361 neque
881 2327 933 2353 illis

140 2372 305 2399 invideamus
327 2372 371 2406 qtti
395 2372 493 2406 tnajura
516 2371 614 2398 habent
633 2371 815 2404 charismata,
839 2379 926 2407 neque

137 2418 320 2452 despiciamus
341 2426 388 2445 eos
411 2418 454 2452 qui
481 2418 582 2445 minora
607 2418 745 2453 possident
766 2426 773 2444 :
799 2418 833 2444 ita
860 2419 931 2445 enim

140 2464 208 2491 Deus
228 2464 324 2492 voluit.
349 2463 388 2491 Nc
411 2465 499 2499 itaque
523 2464 694 2491 obsistamus.
717 2464 744 2491 Si
766 2471 830 2491 vero
845 2464 932 2491 adhuc

137 2510 264 2542 turbaris,
279 2510 366 2545 cogita
383 2509 456 2537 illttut
473 2517 545 2544 szupe
561 2517 612 2537 non
629 2517 706 2544 posse
720 2518 787 2544 opus
801 2515 873 2536 tuum
887 2511 936 2536 int-

137 2556 221 2590 plere.
245 2556 427 2590 Quamobrem
441 2576 448 2587 ,
474 2556 577 2583 etiamsi
601 2557 689 2583 minor
712 2555 810 2589 literis,
835 2557 860 2584 in
881 2556 932 2584 hoc

136 2602 210 2628 illum
226 2609 358 2637 superas;
372 2601 477 2629 etiamsi
491 2602 576 2636 major
590 2602 636 2629 ille
649 2602 692 2633 sit,
709 2602 736 2629 in
752 2601 803 2629 ltoc
819 2610 930 2637 supera-

136 2651 194 2681 tur,
219 2652 248 2675 et
272 2648 311 2674 sic
334 2648 472 2683 :equalitas
493 2647 618 2675 efficitur.
642 2648 745 2675 Etenim
767 2648 792 2675 in
818 2656 931 2683 corpore

135 2701 252 2729 quoque,
276 2701 337 2728 qua:
358 2701 438 2728 parva
457 2698 536 2726 sunt,
560 2702 611 2721 tton
635 2702 714 2728 parva
735 2694 857 2722 videtttur
880 2703 929 2722 ex-

134 2739 227 2773 sequi,
244 2738 293 2766 sed
309 2743 337 2766 et
355 2747 449 2774 magna
463 2747 535 2773 saepe
550 2738 729 2772 labefactant,
751 2747 812 2766 cum
834 2739 927 2767 absce-

133 2785 208 2812 dunt.
226 2784 296 2818 Quid
311 2785 382 2812 enim
398 2786 423 2812 itt
442 2793 555 2821 corpore
570 2786 630 2820 pilis
646 2785 745 2812 vilius?
769 2786 816 2812 sed
830 2786 852 2814 si
869 2786 929 2815 illos

133 2831 199 2859 viles
208 2831 356 2859 abstuleris
365 2839 379 2858 a
388 2832 547 2867 superciliis,
560 2840 666 2859 omnem
676 2832 750 2860 faciei
760 2832 871 2861 formam
881 2833 928 2862 de-

133 2877 220 2906 lcvisti
233 2899 241 2912 ,
263 2883 293 2906 ct
308 2878 401 2906 oculus
422 2887 474 2906 non
491 2879 557 2906 ultra
572 2883 627 2909 tant
644 2879 753 2913 pulcher
768 2881 903 2916 apparebit
918 2891 924 2910 2

672 140 708 168 ΙΝ
727 139 834 168 EPIST.
852 139 871 167 l.
887 140 933 167 AD
952 140 1029 168 COR.
1046 141 1161 170 ll0.\llL.
1176 142 1261 171 XXX.

1746 150 1800 180 251

1009 207 1168 235 quamquam
1185 202 1242 229 leve
1257 207 1297 229 est
1312 202 1512 239 detrimentum,
1527 212 1645 236 attamen
1659 210 1698 237 sic
1710 215 1798 240 omnis

1008 244 1092 272 forma
1117 247 1212 280 periit;
1229 255 1281 275 non
1306 249 1390 276 forma
1413 255 1526 283 tantum,
1543 254 1590 281 sed
1611 260 1638 282 et
1657 257 1796 286 oettlorum

1007 298 1071 317 usus
1091 292 1203 320 mttltum
1224 293 1340 321 heditur.
1356 294 1464 330 Singula
1480 298 1552 326 enim
1571 300 1689 328 membra
1706 308 1796 330 nostra

1006 338 1140 372 propriam
1169 344 1196 366 et
1223 347 1392 369 communem
1420 343 1517 371 habent
1540 347 1742 380 operationem;
1770 353 1798 376 et

1006 383 1177 417 pulchritudo
1196 385 1276 413 etiam
1299 392 1326 414 et
1349 389 1454 422 propria
1478 395 1505 416 et
1531 392 1682 419 comtmtnis
1703 398 1744 421 est
1768 394 1796 422 in

1004 429 1082 455 nobis
1097 438 1103 455 :
1120 434 1147 457 et
1171 430 1295 459 videntur
1309 433 1415 468 quidem
1432 435 1476 462 illa
1491 435 1574 464 divisa
1590 445 1649 465 esse
1659 459 1666 470 ,
1681 444 1797 475 suntque

1005 479 1093 502 tanten
1120 483 1244 505 accurate
1264 486 1386 507 connexa
1399 501 1407 513 ,
1430 489 1462 508 ac
1482 482 1504 509 si
1527 483 1640 511 alterum
1661 486 1790 520 perierit,

1003 521 1117 549 alterum
1132 531 1238 558 quoque
1252 525 1332 552 siutttl
1349 526 1449 554 interit.
1472 529 1661 558 Animadverte
1677 537 1767 559 autem
1784 542 1792 560 :

1004 567 1058 594 sint
1071 568 1140 595 oculi
1157 569 1287 603 lucentes,
1301 579 1368 605 gena
1387 572 1538 606 subridens,
1554 575 1652 604 labium
1666 577 1792 606 rubicun-

1001 612 1064 640 dum
1075 634 1082 645 ,
1097 621 1178 641 nasus
1194 620 1299 649 rectus,
1316 619 1487 651 supercilium
1499 625 1639 648 extensum
1654 630 1661 649 ι
1675 627 1793 651 attamen

1001 659 1023 686 si
1047 659 1154 687 illoruttt
1179 662 1323 697 quodpiam
1349 664 1390 691 vel
1413 666 1544 693 tantillum
1571 667 1790 703 labefactaveris,

1000 711 1172 733 communem
1187 708 1308 734 omnium
1326 709 1552 743 pulchritudinem
1569 712 1732 742 labefactasti
1743 736 1750 746 ,
1765 721 1792 743 et

1001 751 1086 784 turpia
1107 752 1196 779 omnia
1219 754 1397 788 apparebunt,
1413 764 1473 791 quae
1492 762 1569 784 antea
1580 758 1690 792 pulchra
1701 766 1788 788 erant.

998 795 1065 824 Nam
1081 797 1104 824 si
1120 798 1160 825 vel
1175 804 1325 826 extrettuttn
1341 809 1434 828 nasum
1450 804 1610 831 contriveris
1620 825 1627 836 ,
1650 805 1676 832 in
1699 809 1789 835 omnia

998 843 1077 870 simul
1098 845 1208 872 multam
1230 846 1347 874 inhtdisti
1369 847 1578 882 deformitatem,
1593 851 1697 879 etiamsi
1712 854 1790 881 unius

997 889 1110 916 membri
1125 890 1161 917 sit
1180 892 1334 919 mutilatio:
1355 899 1383 920 et
1403 893 1429 920 in
1450 902 1530 922 manu
1551 896 1650 928 etiam,
1673 899 1694 924 si
1711 899 1788 927 unius

996 933 1070 969 digiti
1089 943 1203 970 unguem
1219 937 1369 970 abstuleris,
1384 938 1498 973 idipsum
1515 940 1571 968 fieri
1586 942 1698 970 videbis.

1032 981 1059 1007 4.
1079 980 1107 1007 Si
1128 987 1217 1009 autem
1232 983 1345 1018 idipsum
1369 984 1394 1011 in
1415 987 1570 1020 operatione
1594 988 1685 1017 videre
1710 991 1786 1025 velis,

997 1026 1060 1052 tolle
1082 1026 1192 1062 digitum
1215 1036 1296 1056 unum
1317 1034 1344 1056 et
1367 1030 1484 1066 reliquos
1503 1032 1645 1061 otiosiores
1664 1035 1785 1069 videbis,

996 1079 1083 1106 tteque
1095 1080 1145 1099 suo
1159 1073 1227 1100 ultra
1238 1074 1362 1102 similiter
1372 1083 1483 1103 munere
1496 1077 1646 1112 fungentes.
1656 1080 1786 1114 Quoniam

996 1117 1076 1152 igitur
1091 1119 1170 1145 unius
1183 1119 1294 1146 tnentbri
1305 1120 1409 1154 jactura
1423 1123 1574 1150 communis
1587 1128 1627 1151 est
1639 1126 1784 1159 turpitudo,

993 1164 1105 1199 ejusque
1115 1165 1283 1192 conservatio
1296 1167 1447 1194 communis
1460 1168 1641 1202 pulchritudo.
1656 1179 1689 1197 ne
1702 1173 1785 1199 extol-

994 1210 1081 1237 latnur
1095 1219 1182 1246 neque
1195 1211 1353 1239 insultentus
1368 1214 1506 1247 proximis.
1520 1214 1586 1242 Nam
1598 1221 1708 1252 propter
1722 1218 1784 1247 illttd

993 1256 1117 1291 exiguum
1140 1258 1309 1290 membrum,
1334 1259 1398 1286 illud
1421 1260 1492 1294 quod
1505 1269 1630 1296 magnum
1651 1269 1708 1295 est,
1726 1265 1784 1298 pul-

993 1303 1087 1330 chrum
1108 1308 1149 1331 est
1171 1309 1198 1332 et
1219 1304 1365 1332 formosum
1377 1326 1384 1338 ,
1398 1312 1425 1334 et
1442 1314 1492 1340 per
1511 1309 1653 1343 palpebras
1674 1318 1784 1339 ornatur

992 1349 1096 1376 oculus.
1119 1349 1155 1377 Se
1176 1350 1313 1385 impugnat
1332 1359 1413 1386 ergo,
1434 1353 1479 1387 qui
1499 1353 1607 1381 fratrem
1629 1355 1782 1392 impugnat:

993 1404 1044 1423 non
1060 1397 1130 1424 enirn
1145 1397 1177 1424 ad
1195 1398 1267 1425 illmn
1284 1399 1370 1425 solum
1386 1400 1511 1435 pertingit
1529 1401 1672 1435 damnum,
1693 1404 1740 1431 sed
1756 1409 1783 1432 et

992 1442 1048 1476 ipse
1069 1451 1121 1470 non
1144 1451 1255 1479 parvum
1279 1445 1431 1473 detrimenti
1452 1447 1562 1475 subibit.
1578 1448 1614 1476 Ne
1629 1449 1680 1478 hoc
1694 1451 1783 1486 itaque

991 1489 1053 1522 fiat,
1069 1494 1097 1516 ttt
1114 1491 1293 1525 nosmetipsos
1313 1491 1351 1518 sic
1366 1492 1501 1526 proximos
1515 1501 1658 1529 curemus,
1673 1501 1700 1523 et
1715 1497 1784 1524 battc

990 1537 1112 1572 carpetis
1127 1537 1269 1572 imaginem
1285 1546 1356 1565 nuttc
1376 1543 1403 1565 et
1424 1539 1450 1566 in
1470 1539 1618 1568 Ecclesium
1638 1543 1782 1571 transfera-

990 1591 1050 1610 mus
1060 1605 1067 1616 ,
1083 1589 1109 1611 et
1123 1584 1242 1610 otnnitttu
1260 1584 1451 1618 providentiam
1467 1593 1591 1620 geramus
1606 1593 1635 1615 ut
1657 1592 1780 1624 proprio-

990 1637 1049 1657 rum
1065 1630 1258 1657 membrorum.
1274 1630 1340 1658 Natn
1357 1636 1386 1658 et
1406 1632 1432 1659 in
1450 1633 1569 1661 Ecclesia
1585 1636 1704 1663 tnembra
1719 1642 1781 1664 sunt

989 1677 1072 1704 multa
1087 1680 1113 1704 et
1127 1676 1242 1709 dirersa,
1260 1678 1310 1704 alia
1325 1678 1432 1712 quidem
1448 1678 1615 1708 honorabilia
1625 1702 1632 1715 ,
1649 1682 1700 1710 alia
1714 1683 1780 1711 infc-

989 1723 1078 1755 riora;
1104 1727 1132 1749 ut
1156 1727 1218 1750 suttt
1241 1723 1372 1759 virginum
1395 1724 1470 1752 cltori
1484 1745 1491 1757 ,
1517 1726 1653 1755 viduarum
1675 1735 1780 1757 ctetns:

989 1773 1051 1795 sunt
1072 1769 1152 1795 etiatn
1174 1776 1268 1796 eorum
1291 1770 1337 1805 qni
1361 1771 1388 1797 in
1412 1776 1487 1798 casto
1508 1773 1643 1801 connubio
1664 1774 1782 1810 fulgeant

988 1815 1122 1848 sodalitia,
1137 1816 1267 1851 multique
1279 1822 1342 1844 sunt
1355 1818 1458 1845 virtutis
1473 1819 1583 1853 gradus.
1598 1821 1779 1857 Similiterque

988 1871 1093 1891 rursum
1109 1863 1136 1891 in
1158 1864 1327 1900 eleemosyna
1341 1873 1348 1891 :
1370 1865 1437 1892 alius
1450 1866 1521 1894 enim
1535 1868 1624 1895 omnia
1640 1869 1733 1896 efhtdit
1754 1876 1782 1897 et

988 1909 1118 1944 erogavit,
1135 1909 1179 1936 alii
1197 1914 1285 1937 autem
1298 1910 1356 1937 solo
1371 1915 1472 1938 tantttm
1487 1912 1558 1940 victu
1571 1915 1690 1941 contenti
1704 1920 1776 1949 stmt,

988 1960 1016 1982 et
1029 1963 1080 1982 non
1095 1955 1155 1990 plus
1168 1961 1291 1991 quierunt
1305 1964 1384 1991 quam
1399 1959 1549 1986 necessaria
1560 1980 1567 1993 ,
1582 1960 1626 1987 alii
1640 1969 1672 1988 ex
1686 1970 1781 1997 super-

988 2002 1042 2028 fluo
1063 2006 1185 2037 erogant.
1209 2004 1332 2030 Attamen
1356 2003 1382 2030 Ιιί
1403 2011 1497 2031 omnes
1513 2012 1573 2033 sese
1595 2012 1688 2035 muttto
1706 2017 1782 2036 exor-

988 2053 1052 2074 nant
1064 2056 1071 2080 ;
1083 2048 1143 2074 etsi
1156 2048 1286 2075 minorem
1296 2048 1381 2083 major
1388 2048 1528 2084 deSpiciat,
1537 2052 1654 2085 seipsum
1664 2055 1780 2082 maxime

988 2093 1070 2120 laedit.
1085 2092 1166 2129 Virgo
1182 2102 1288 2130 quoque
1302 2095 1324 2122 si
1340 2096 1474 2124 connubio
1485 2096 1604 2132 junctam
1616 2102 1779 2129 contttmelia

986 2139 1094 2173 officiat,
1111 2148 1162 2167 non
1175 2148 1266 2175 parum
1280 2149 1313 2168 ex
1326 2141 1449 2169 mercede
1462 2150 1510 2170 sua
1524 2143 1631 2172 decidit.
1646 2145 1673 2173 Si
1694 2146 1716 2173 is
1733 2148 1779 2183 qui

987 2186 1076 2212 omnia
1096 2186 1224 2221 elargitus
1236 2191 1296 2219 est,
1313 2187 1458 2221 exprobret
1476 2188 1500 2215 ei
1522 2189 1568 2224 qui
1589 2189 1703 2225 idipsum
1724 2200 1778 2220 nott

987 2232 1060 2264 fecit,
1074 2240 1107 2259 ex
1121 2232 1258 2259 laboribus
1273 2232 1328 2260 suis
1342 2233 1455 2260 multum
1469 2237 1617 2263 evacuavit.

1027 2277 1116 2305 Vidua
1123 2278 1151 2304 in
1160 2276 1283 2306 Ecclesia.
1295 2293 1331 2298 —
1341 2279 1373 2306 Et
1385 2279 1447 2314 quid
1461 2280 1576 2316 virgines
1588 2282 1659 2316 dico,
1674 2284 1777 2318 viduas,

985 2329 1013 2352 et
1026 2324 1098 2352 viros
1111 2324 1155 2360 qui
1171 2324 1235 2351 nihil
1250 2325 1406 2360 possident?
1420 2327 1483 2362 quid
1498 2328 1569 2355 enim
1591 2329 1669 2357 vilius
1687 2331 1719 2358 iis
1732 2332 1778 2366 qui

985 2371 1175 2399 emendicant?
1186 2376 1303 2399 attamen
1318 2371 1354 2399 illi
1369 2380 1445 2400 usum
1457 2373 1600 2401 maximum
1617 2375 1644 2402 in
1657 2376 1778 2405 Ecclesia

986 2416 1107 2451 implent,
1122 2417 1197 2444 ostiis
1209 2416 1301 2452 templi
1312 2416 1446 2445 haerentes
1459 2423 1486 2446 et
1498 2424 1621 2447 ornatum
1631 2422 1777 2450 maximttm

985 2462 1127 2490 afferentes
1142 2471 1148 2489 ε
1165 2462 1266 2497 absque
1282 2462 1335 2490 illis
1349 2463 1420 2490 enim
1437 2464 1551 2498 perfecta
1568 2473 1620 2493 tton
1636 2472 1708 2494 esset
1722 2468 1779 2502 ple-

984 2507 1076 2534 nitudo
1092 2507 1229 2536 Ecclesite.
1243 2508 1320 2542 Quod
1341 2516 1401 2536 cum
1418 2509 1495 2537 initio
1515 2511 1637 2539 vtderent
1651 2514 1776 2547 apostoli,

984 2553 1069 2588 legem
1093 2557 1266 2587 stattterunt,
1290 2560 1319 2581 ut
1341 2554 1412 2582 circa
1438 2555 1488 2582 alia
1513 2557 1618 2590 omnia,
1641 2558 1680 2585 sic
1700 2563 1728 2585 et
1750 2563 1779 2586 ut

982 2601 1070 2627 vidua:
1088 2605 1196 2633 essent;
1220 2606 1247 2629 et
1262 2601 1288 2628 in
1304 2608 1335 2628 ea
1351 2609 1381 2629 re
1397 2606 1498 2629 tantum
1512 2603 1592 2630 studii
1608 2610 1774 2639 posuerunt,

983 2652 1013 2675 ut
1031 2647 1096 2682 ipsis
1116 2647 1244 2675 diaconos
1266 2653 1369 2683 septem
1392 2648 1569 2683 prteiicerent.
1593 2649 1774 2684 Quemadmo-

982 2693 1044 2721 dum
1058 2694 1129 2720 enim
1141 2694 1293 2729 episcopos,
1306 2694 1488 2730 presbyteros,
1503 2695 1642 2729 diaconos,
1659 2697 1776 2731 virgines

982 2745 1011 2767 et
1030 2739 1199 2766 continentes
1212 2747 1356 2773 ettumero,
1372 2747 1433 2767 cum
1453 2740 1580 2768 Ecclesia:
1600 2741 1720 2768 membra
1733 2748 1775 2768 re.

982 2793 1105 2814 censeo:
1129 2785 1168 2813 sic
1193 2790 1219 2812 ct
1238 2785 1339 2813 viduas.
1367 2785 1458 2820 Neque
1479 2787 1551 2814 enim
1571 2787 1623 2814 illa:
1638 2786 1689 2814 levi
1711 2785 1772 2812 fun—

982 2837 1080 2869 guntur
1103 2839 1223 2860 munere.
1239 2831 1304 2858 Nam
1321 2837 1348 2859 tu
1370 2833 1477 2867 quidem
1492 2833 1598 2868 quando
1610 2832 1669 2865 vis,
1688 2831 1773 2863 ades;

982 2881 1034 2908 illa:
1059 2889 1123 2907 vero
1153 2879 1195 2906 die
1225 2882 1355 2913 nocteque
1384 2879 1497 2912 psallunt
1526 2884 1553 2906 et
1580 2878 1692 2910 adsunt,
1719 2884 1772 2904 non
