1989 3124
223 129 277 157 255

224 186 402 222 elcemosynte
428 188 529 212 tantum
555 191 634 211 causa
659 183 717 210 hzcc
738 185 869 217 agentes;
893 178 916 206 si
942 177 1014 205 enim

227 233 279 259 hoc
302 231 403 259 vellent
417 254 419 259 .
442 231 534 258 liceret
550 237 599 265 per
614 228 700 256 forum
721 226 861 258 incedere,
885 229 912 253 et
929 224 956 251 in
972 231 1019 251 an-

226 277 337 313 giportis
363 276 536 309 mendicare;
557 276 604 303 sed
624 283 678 302 non
692 273 795 302 modica
810 275 952 300 moventur
964 270 1020 305 pie-

228 328 292 350 tate.
311 322 375 350 Vide
397 329 463 356 ergo
483 322 509 349 in
528 324 628 355 quanta
649 319 816 355 paupertatis
836 317 945 345 fornace
959 324 1018 344 ver.

228 373 330 396 sentur.
345 367 566 403 Blaspbemantes
579 366 648 401 apud
663 365 721 393 illas
734 371 879 400 numquam
891 362 1018 395 audieris,

230 422 316 449 neque
338 413 446 449 indigne
474 413 611 445 ferentes,
634 411 705 447 quod
729 417 817 439 tamen
840 418 873 437 ex
894 408 1020 437 divitibus

229 462 318 488 mutue
334 460 444 488 faciunt.
468 460 499 486 Et
514 459 621 486 illarum
637 457 758 493 quaedam
778 456 929 484 esurientes
949 461 1021 490 sa-pe

226 495 396 534 dormierunt
408 514 416 537 ς
437 506 496 533 alia:
510 511 600 533 autem
615 513 629 531 a
646 504 743 540 frigore
755 503 865 531 assidue
879 506 1020 534 vexantur,

228 557 255 580 ct
277 551 365 580 tamen
381 552 408 579 in
426 551 573 587 gratiarum
588 550 694 578 actione
715 553 743 576 et
764 547 958 584 glorificatione
972 546 1021 573 de-

228 603 305 633 gunt.
325 598 352 626 Si
374 597 483 624 obolum
505 596 629 628 dederis,
651 595 750 630 gratias
772 598 874 629 agunt,
898 597 926 620 et
950 592 1022 619 mille

230 644 298 671 bona
312 643 385 670 danti
399 646 592 678 apprecantur;
614 641 635 668 si
658 641 722 668 nihil
737 640 844 667 dederis
854 659 861 671 ,
878 646 929 666 non
951 644 1023 672 aegre

231 689 338 721 ferunt,
366 687 413 715 sed
447 688 486 715 sic
513 694 620 721 quoque
647 685 809 713 benedicunt
831 689 860 712 et
884 684 1022 719 diligunt,

231 735 328 762 diurno
342 733 462 762 fruentes
475 733 557 760 victu.
567 732 669 767 Nempe
679 731 784 760 etiamsi
799 731 895 762 nolint,
908 730 1022 765 inquies,

232 780 259 808 id
273 780 346 808 ferre
359 780 419 807 illas
440 786 552 807 necesse
564 783 616 806 est.
630 779 682 806 Cur
693 779 704 806 ἳ
715 786 800 814 queso
812 784 880 812 ;qua
897 776 930 804 de
942 783 1023 803 causa

231 827 283 854 hoc
300 826 427 854 acerbum
445 825 580 860 protulisti
598 824 731 852 verbum?
749 830 838 850 annon
851 827 913 850 sunt
933 827 1024 856 turpes

229 878 314 906 artes,
332 880 391 907 qua:
411 873 492 900 etiam
512 871 622 899 senibus
634 876 662 899 et
676 871 743 898 Viris
757 874 785 898 et
806 869 963 897 mulieribus
982 869 1024 896 lu-

230 927 306 947 crum
318 918 417 946 afferre
431 918 553 954 possint?
572 918 594 945 si
609 917 690 944 vitam
705 916 844 944 honestam
857 923 951 943 curare
964 914 1025 942 nol-

230 966 300 997 lent.
321 972 410 992 annon
437 968 561 999 poterant
584 962 645 990 inde
671 970 732 990 cum
758 969 853 997 magna
878 961 912 988 ali
936 968 1024 988 rerum

229 1011 325 1047 copia?
348 1018 402 1039 non
424 1011 501 1038 vides
522 1014 588 1044 quot
606 1009 752 1044 quantique
772 1008 826 1036 sint
840 1008 918 1035 istius
939 1007 1026 1035 astatis

230 1059 342 1086 lenones
351 1062 379 1085 et
389 1057 509 1085 libidinis
517 1056 673 1088 ministri,et
682 1055 734 1082 alia
741 1054 864 1090 quaedam
874 1053 1024 1089 lmjusmodi

232 1104 322 1131 munia
343 1107 511 1135 exercentes,
529 1101 574 1136 qui
592 1101 701 1127 aluntur
715 1104 742 1127 et
758 1100 784 1126 in
799 1099 902 1127 deliciis
917 1099 1026 1126 vivunt?

233 1153 268 1177 At
287 1150 313 1177 hi
330 1149 448 1181 minime,
463 1150 511 1176 sed
532 1147 634 1175 malunt
648 1146 718 1174 fame
734 1146 820 1181 perire
834 1146 932 1181 potius,
947 1153 1026 1180 quam

235 1198 314 1224 vitam
327 1203 403 1224 suam
418 1195 573 1229 deturpare,
584 1198 611 1221 et
625 1193 739 1220 salutem
752 1199 827 1219 suam
843 1191 972 1227 prodere;
983 1198 1028 1219 se-

233 1243 351 1278 dentque
369 1245 425 1269 toto
438 1241 483 1268 die
497 1239 668 1275 pharmacum
685 1238 731 1266 tibi
746 1238 842 1266 salutis
855 1242 1026 1273 apparantes.

233 1288 292 1315 Non
307 1288 379 1315 cnim
395 1287 514 1314 medicus
530 1293 636 1313 manum
652 1284 803 1312 extendens
815 1289 844 1312 et
863 1283 961 1311 ferrum
975 1284 1027 1312 im-

234 1334 343 1361 mittens
371 1332 513 1360 vulnerum
540 1331 708 1367 putredinem
734 1338 812 1366 seque
838 1329 974 1358 exscindit
999 1333 1029 1357 ut

234 1387 335 1414 pauper
356 1378 494 1406 dexteram
516 1377 665 1405 extendens
685 1380 712 1404 et
732 1376 932 1411 eleemosynam
955 1375 1027 1402 acci-

233 1425 309 1459 piens
320 1445 328 1458 ,
344 1423 432 1452 aufert
446 1423 586 1451 vulnerum
604 1428 741 1450 tumores:
764 1422 888 1458 quodque
906 1421 1028 1450 mirabile

233 1475 296 1504 est,
319 1471 380 1498 sine
398 1470 456 1498 ullo
478 1470 573 1497 dolore
594 1469 664 1496 hanc
688 1469 816 1504 optimam
842 1469 880 1496 illi
901 1472 1028 1496 exercent

235 1516 407 1544 medicinam.
417 1516 456 1543 Ac
470 1523 523 1542 non
535 1515 624 1542 minus
637 1522 716 1550 quam
732 1521 781 1542 nos
792 1514 837 1550 qui
851 1515 950 1550 populo
960 1521 1028 1549 pru-

234 1569 327 1589 sumus
342 1566 370 1588 ct
390 1568 437 1587 vos
452 1560 485 1588 ad
501 1560 575 1587 utilia
591 1560 747 1593 hortamur,
763 1559 809 1587 ille
821 1559 865 1594 qui
878 1563 942 1587 ante
956 1559 1028 1588 fores

232 1607 355 1634 eccleslat
369 1606 445 1633 sedet
456 1613 502 1641 per
514 1606 651 1632 silentium
666 1610 693 1632 et
706 1610 843 1640 aspectum
855 1612 904 1632 vos
915 1605 1028 1640 alloqui-

233 1656 287 1678 tur.
298 1651 352 1678 Nos
362 1651 434 1679 enim
448 1651 506 1679 haec
519 1651 595 1678 vobis
605 1651 725 1686 quotidie
738 1651 894 1678 insonantes
902 1651 1026 1680 dicimus:

232 1698 271 1725 Ne
292 1698 376 1725 altttm
398 1698 487 1732 sapias
497 1717 505 1730 ,
525 1706 542 1724 ο
555 1697 635 1724 homo
650 1706 657 1724 :
681 1701 793 1732 repente
808 1697 903 1724 transit
917 1702 943 1724 et
956 1697 1027 1725 ﬂuxa

233 1750 276 1772 est
296 1744 433 1771 hominum
449 1748 565 1775 natura;
585 1744 713 1778 juventus
734 1743 767 1770 ad
790 1743 893 1770 senium
909 1742 1026 1776 festinat,

233 1790 319 1816 forma
334 1789 368 1817 ad
383 1789 580 1816 deformitatem
591 1809 599 1822 ,
616 1789 698 1815 robur
717 1788 750 1815 ad
765 1788 945 1815 infirmitatem
955 1808 963 1821 ,
979 1788 1028 1816 ho-

235 1844 284 1863 nor
304 1835 337 1863 ad
359 1840 554 1870 contemptum,
568 1835 669 1862 sanitas
682 1834 708 1861 in
723 1834 903 1861 inlirtnitatem
923 1833 1025 1866 incidit,

232 1881 316 1916 gloria
339 1881 364 1909 iu
385 1881 526 1914 vilitatem,
539 1880 639 1907 divitia:
656 1880 681 1906 in
705 1883 889 1914 paupertatem
904 1888 910 1906 :
926 1879 1027 1906 fluento

233 1928 383 1955 vehementi
405 1932 567 1955 res-nostra:
582 1926 683 1954 similes
701 1930 780 1957 sunt.
799 1925 869 1961 quod
882 1933 1026 1961 numquam

233 1974 289 2000 vult
308 1973 468 2005 consistere,
485 1973 531 2000 sed
547 1972 579 2000 ad
593 1973 697 2000 declive
711 1972 828 2000 festinat.

268 2019 295 2046 5.
311 2019 373 2046 Ha-c
384 2027 490 2054 quoque
501 2039 509 2051 ,
527 2019 580 2046 imo
595 2018 670 2053 plura
685 2026 733 2053 per
748 2022 885 2053 aspectum
901 2018 937 2045 illi
950 2025 1019 2045 con-

231 2064 331 2096 soluat,
348 2068 374 2091 et
394 2072 440 2098 per
454 2065 650 2098 experientiam
671 2064 767 2098 ipsatn,
780 2071 841 2098 qua:
855 2068 896 2091 est
915 2063 1027 2091 manife-

231 2112 298 2137 stior
311 2110 468 2136 admonitio.
479 2111 564 2143 Quam
574 2110 649 2137 tnulti
675 2118 708 2136 ex
722 2110 764 2141 iis,
780 2110 825 2144 qui
840 2110 906 2137 foris
918 2109 1024 2143 sedent,

234 2158 258 2183 in
268 2157 409 2190 juventute
421 2156 580 2187 ﬂoruerunt,
593 2163 686 2191 magna
699 2157 853 2190 patrarunt?
860 2165 940 2192 quam
949 2157 1026 2185 multi

229 2211 263 2230 ex
282 2202 322 2228 his
337 2201 502 2228 deformibus
517 2206 544 2228 et
568 2202 691 2235 corporis
711 2201 868 2230 fortitudine
891 2207 919 2230 et
940 2204 1024 2230 forma

233 2248 330 2275 untiltos
343 2247 522 2282 superarunt?
533 2246 587 2275 Sed
600 2255 633 2275 ne
646 2247 726 2275 fidem
739 2248 853 2283 negetis,
866 2256 919 2276 neu
934 2249 1024 2276 ridea-

233 2294 265 2320 tis
279 2302 285 2320 :
301 2301 362 2321 nam
386 2293 535 2320 innumeris
558 2293 711 2328 hujusmodi
732 2293 864 2329 exemplis
882 2294 959 2328 plena
982 2299 1025 2322 est

231 2341 293 2367 vita.
310 2339 377 2367 Nam
397 2340 419 2367 si
436 2339 510 2367 multi
522 2339 589 2367 viles
602 2345 630 2367 et
645 2339 741 2375 abjecti
758 2339 882 2367 homines
896 2347 968 2374 smpe
980 2348 1025 2368 re-

229 2394 276 2420 ges
288 2391 350 2413 sunt
361 2385 457 2416 effecti.
473 2385 536 2421 quid
545 2386 643 2412 mirum
658 2386 680 2412 si
697 2393 730 2413 ex
743 2385 845 2420 magnis
856 2390 883 2414 et
895 2385 1022 2420 gloriosis

233 2433 297 2460 tiles
312 2437 338 2460 et
352 2432 458 2468 inglorii
473 2436 538 2460 sunt
560 2432 665 2460 elfecti?
687 2440 747 2460 nam
772 2432 837 2459 illud
851 2439 924 2460 certe
946 2433 1025 2468 longe

231 2479 378 2507 mirabilius
391 2484 432 2506 est
445 2487 452 2511 ;
469 2479 520 2506 hoc
533 2486 599 2506 vero
614 2484 779 2514 postremum
795 2479 946 2514 saepissime
956 2486 1024 2507 con-

231 2525 315 2560 tingit.
329 2525 497 2560 Quapropter
512 2532 565 2552 non
581 2529 688 2560 oportet
710 2524 788 2553 fidem
810 2532 864 2551 non
878 2524 1023 2558 adhibere,

229 2571 250 2597 si
265 2570 290 2597 in
304 2570 408 2598 artibus
418 2591 425 2601 .
442 2570 469 2597 in
491 2570 585 2598 militia
597 2575 625 2598 et
647 2570 673 2597 in
689 2570 860 2605 pecuniarum
872 2570 948 2605 copia
961 2570 1023 2604 qui-

229 2616 291 2643 dam
305 2624 399 2644 eorum
414 2615 572 2650 ﬂoruerint;
595 2617 650 2644 imo
672 2617 793 2645 miserari
817 2616 943 2644 convenit
963 2616 1024 2644 illos

228 2670 288 2690 eum
301 2661 396 2690 affectu
408 2662 492 2689 multo
506 2683 514 2695 ,
529 2667 556 2690 et
569 2662 667 2697 quique
688 2662 816 2690 debemus
831 2663 927 2690 timere
942 2669 975 2690 ne
988 2662 1020 2690 si-

228 2708 299 2736 milia
315 2707 457 2743 patiamur.
474 2707 580 2734 Etenim
597 2714 646 2735 nos
657 2715 765 2743 quoque
780 2708 903 2736 homines
917 2716 1022 2740 sumus,

227 2759 255 2782 et
268 2754 331 2781 huic
351 2753 433 2781 celeri
453 2752 567 2788 subjecti
590 2753 741 2781 mutationi.
760 2753 813 2782 Sed
835 2754 961 2782 fortassis
986 2761 1020 2781 ex

226 2800 359 2836 improbis
368 2800 499 2836 quispiam
511 2820 519 2833 ,
535 2799 580 2835 qui
595 2799 707 2827 irridere
720 2800 817 2833 solent,
830 2809 861 2829 ea
874 2809 934 2837 qua:
949 2801 1020 2829 dicta

227 2852 291 2875 sunt
302 2850 401 2882 carpet,
413 2853 514 2882 nosque
527 2845 637 2874 omnino
650 2845 770 2874 traducet
783 2845 873 2875 dicens
888 2856 894 2873 :
911 2847 1017 2880 Ouous-

607 126 635 155 S.
652 123 788 153 JOANNIS
806 119 1044 151 CHRYSOS’FOMI
1064 117 1222 147 ARCHIEP.
1241 114 1507 145 CONSTANTINOP.

1809 111 1863 140 η

1074 183 1125 212 quc
1138 183 1190 202 non
1203 174 1322 202 cessabis
1336 179 1468 209 pauperes
1479 176 1507 200 et
1520 178 1619 208 egenos
1638 178 1744 207 semper
1758 171 1784 199 in
1800 178 1864 198 ora-

1072 225 1172 249 tionem
1200 221 1346 254 inducere,
1368 223 1395 248 et
1409 219 1576 247 calamitates
1597 218 1673 246 nobis
1700 217 1863 253 prmdiccre.

1072 272 1254 303 paupertatem
1268 267 1461 302 prtenuntiare,
1477 265 1503 293 id
1516 272 1614 292 curans
1625 270 1653 292 ut
1667 272 1715 292 nos
1724 263 1862 292 mendicos

1072 313 1189 340 efficias?
1203 312 1260 340 Non
1275 319 1374 340 curans
1388 317 1415 339 ut
1428 319 1476 340 vos
1490 310 1628 338 mendicos
1642 310 1756 338 efliciam
1766 331 1775 344 ,
1787 318 1804 337 ο
1813 309 1864 337 ho-

1073 367 1128 393 mo,
1142 359 1200 387 hmc
1210 359 1281 392 dico,
1292 359 1339 387 sed
1351 359 1426 386 vobis
1432 358 1491 386 czeli
1501 357 1608 384 divitias
1623 358 1729 392 aperire
1740 357 1863 384 studens.

1072 406 1139 434 Nam
1152 406 1197 442 qui
1210 406 1281 441 apud
1292 406 1360 434 bene
1374 405 1506 433 valentem
1520 408 1637 440 aegrotos
1649 409 1789 437 memorat,
1803 404 1866 432 illo-

1074 460 1185 487 rumque
1200 452 1307 479 dolores
1318 457 1443 483 enarrat,
1459 459 1512 478 non
1525 456 1554 478 ut
1569 450 1643 477 illum
1656 455 1786 485 agrotum
1801 451 1865 477 red-

1073 498 1120 526 dat
1133 499 1184 526 hoc
1197 498 1279 531 dicit,
1295 497 1342 525 sed
1358 503 1387 525 ut
1401 497 1428 524 in
1442 497 1556 524 sanitate
1567 501 1718 529 conservet,
1731 500 1759 523 et
1770 504 1866 523 eorum

1073 551 1133 579 qua:
1143 544 1204 571 aliis
1212 543 1367 571 acciderunt
1375 543 1471 570 timore
1487 541 1566 576 lmjus
1575 541 1703 569 incuriam
1712 541 1865 570 exscindat.

1066 590 1214 624 ,Terribilis
1229 589 1305 617 vobis
1322 593 1465 624 paupertas
1486 588 1591 617 videtur
1604 596 1675 621 esse,
1696 596 1727 616 ae
1743 589 1784 616 vel
1806 588 1868 624 ipso

1075 636 1184 663 nomine
1195 635 1338 663 horrenda.
1351 635 1413 663 ldeo
1424 642 1540 670 namque
1549 641 1681 669 pauperes
1692 642 1795 667 sumus,
1803 635 1867 670 quia

1076 686 1258 716 paupertatem
1281 681 1406 708 timemus
1418 702 1425 713 ,
1439 680 1544 708 etiamsi
1566 680 1640 708 mille
1655 680 1752 708 talenta
1767 681 1868 707 habea—

1076 736 1146 755 mus.
1162 727 1220 755 l\‘ou
1235 727 1307 755 enim
1328 728 1351 754 is
1365 728 1410 762 qui
1426 727 1491 754 nihil
1507 727 1586 755 habet
1599 735 1700 763 pauper
1713 733 1764 761 est,
1781 727 1828 755 sed
1845 728 1869 754 is

1075 773 1120 809 qui
1136 778 1317 809 paupertatem
1335 772 1502 801 exhorrescit
1518 773 1662 808 :quouiam
1675 778 1702 801 et
1716 773 1741 800 in
1756 773 1868 800 calami-

1078 820 1174 847 tatibus
1196 827 1250 846 uon
1265 826 1314 846 eos
1324 839 1332 851 ,
1346 819 1391 854 qni
1415 819 1556 846 innumera
1570 819 1707 854 patiuntur
1724 819 1804 852 mala,
1819 819 1871 846 de-

1077 866 1213 901 ploramus
1226 871 1254 893 et
1273 866 1387 893 miseros
1411 866 1614 899 existimamus,
1628 865 1676 892 sed
1691 873 1738 893 eos
1753 866 1798 901 qui
1823 866 1870 893 illa

1077 911 1150 940 ferre
1163 912 1301 945 nesciant,
1315 912 1420 940 etiamsi
1434 912 1537 939 modica
1552 911 1615 939 sint.
1634 910 1733 939 Contra
1748 919 1812 951 vero
1828 912 1850 939 is
1862 933 1870 945 ,

1077 959 1123 994 qui
1138 959 1182 986 illa
1197 959 1251 986 scit
1266 958 1402 993 patienter
1417 958 1487 986 ferre
1498 978 1505 990 ,
1528 961 1557 985 et
1578 958 1686 985 coronis
1700 963 1728 985 et
1747 957 1874 985 laudibus

1078 1004 1174 1040 dignus
1188 1009 1239 1032 est.
1254 1004 1288 1032 Et
1302 1004 1373 1039 qttod
1388 1004 1438 1031 hoc
1453 1005 1489 1031 ita
1502 1011 1532 1032 se
1547 1004 1661 1037 habeat,
1678 1003 1704 1031 in
1715 1005 1875 1032 certamini-

1079 1051 1128 1078 bus
1139 1058 1268 1086 quosnam
1278 1050 1434 1078 laudamus?
1444 1057 1528 1077 eosne
1540 1050 1584 1085 qui
1599 1050 1711 1076 multum
1725 1050 1877 1077 verberan-

1079 1100 1138 1128 tur.
1164 1103 1214 1123 nec
1225 1096 1337 1127 dolent,
1353 1095 1400 1123 sed
1416 1101 1506 1123 erecto
1527 1096 1598 1123 collo
1619 1100 1755 1130 perstant;
1775 1103 1808 1123 an
1824 1104 1878 1123 cos

1079 1142 1123 1177 qui
1139 1147 1199 1177 post
1208 1142 1311 1177 primas
1335 1142 1425 1178 plagas
1440 1141 1563 1177 fugiunt?
1576 1150 1665 1170 annon
1691 1143 1750 1171 illos
1764 1144 1878 1178 quidem

1079 1195 1251 1221 coronamus,
1263 1191 1398 1223 tamquam
1410 1187 1494 1216 fortes
1504 1188 1645 1224 magnique
1655 1189 1755 1222 animi,
1767 1188 1815 1216 hos
1825 1197 1879 1216 au-

1080 1239 1133 1263 tem
1146 1235 1289 1262 irridemus
1300 1255 1307 1267 ,
1321 1240 1351 1263 ut
1366 1235 1477 1270 ignavos
1491 1239 1518 1263 et
1533 1234 1660 1262 timidos?
1673 1235 1717 1263 Sic
1729 1243 1796 1271 ergo
1807 1241 1832 1263 et
1846 1237 1879 1263 in

1078 1281 1158 1316 hujus
1185 1282 1235 1309 vite
1262 1281 1342 1309 rebus
1363 1281 1493 1309 faciamus
1508 1289 1587 1309 :eum
1611 1281 1655 1317 qui
1681 1282 1758 1310 facile
1782 1283 1880 1310 omnia

1079 1328 1196 1355 sustinet
1209 1334 1388 1359 coronemus,
1402 1331 1431 1354 ut
1444 1331 1472 1354 et
1487 1327 1560 1354 illum
1573 1328 1666 1355 fortem
1677 1328 1703 1354 io
1716 1328 1789 1355 omni
1812 1335 1879 1356 cer-

1080 1373 1181 1401 tamine
1202 1374 1310 1406 virum;
1336 1373 1408 1402 hunc
1428 1381 1493 1402 vero
1519 1373 1640 1402 timidum
1667 1378 1694 1401 et
1718 1374 1752 1401 ad
1778 1382 1881 1409 aspera

1079 1424 1238 1448 trementem
1251 1419 1407 1452 deﬂeamus,
1417 1420 1462 1455 qui
1472 1425 1614 1456 antequam
1628 1420 1735 1456 plagam
1749 1421 1881 1456 accipiat,

1080 1473 1135 1501 prae
1144 1466 1286 1494 formidine
1296 1465 1483 1501 exstinguitur.
1495 1466 1602 1494 Etenim
1612 1466 1638 1493 in
1648 1467 1841 1494 certaminibus
1853 1468 1883 1495 si

1079 1511 1140 1546 quis
1150 1516 1294 1546 antequam
1314 1519 1409 1539 manus
1426 1512 1555 1543 extollat,
1574 1512 1758 1539 adversarium
1778 1512 1881 1541 videns

1079 1557 1216 1586 dexteram
1225 1557 1425 1589 extendentem,
1437 1557 1670 1593 fugiatantequam
1681 1559 1786 1594 plagam
1801 1562 1882 1587 acci-

1085 1603 1155 1637 piat.
1168 1603 1295 1630 ridiculus
1313 1604 1382 1636 erit,
1404 1608 1585 1632 utenervatus
1604 1609 1631 1631 et
1659 1605 1746 1632 mollis
1757 1606 1820 1633 etin
1831 1605 1884 1634 his

1080 1649 1217 1676 laboribus
1241 1649 1393 1684 imperitus.
1423 1649 1456 1678 Ut
1479 1650 1559 1678 etiam
1582 1651 1679 1678 accidit
1699 1651 1731 1679 iis
1745 1652 1790 1687 qui
1807 1660 1883 1687 pau-

1080 1700 1208 1731 pertatem
1233 1696 1344 1730 timent,
1358 1701 1387 1724 et
1401 1704 1435 1724 ne
1450 1696 1508 1732 ejus
1523 1697 1630 1732 quidem
1647 1699 1882 1732 exspectationem

1079 1741 1150 1769 ferre
1165 1748 1286 1776 possunt.
1303 1742 1361 1770 Non
1375 1750 1439 1777 ergo
1454 1750 1504 1770 nos
1519 1751 1567 1770 vos
1584 1744 1698 1772 miseros
1712 1744 1853 1772 reddimus
1868 1766 1878 1778 ,

1079 1786 1129 1814 sed
1140 1794 1188 1814 vos
1201 1787 1250 1822 ipsi
1266 1787 1292 1814 id
1307 1787 1404 1815 facitis.
1419 1788 1560 1821 Quomodo
1576 1788 1647 1816 enim
1662 1796 1716 1816 non
1733 1789 1784 1817 tibi
1794 1789 1881 1817 dein-

1079 1840 1144 1868 ceps
1159 1833 1252 1861 illudet
1267 1833 1406 1866 diabolus,
1422 1842 1502 1869 quem
1514 1840 1577 1862 ante
1590 1835 1694 1870 plagam
1709 1835 1796 1863 minas
1812 1842 1882 1864 tan-

1080 1883 1134 1907 tum
1157 1880 1379 1915 couspicicntem,
1405 1881 1477 1908 videt
1503 1880 1691 1909 formidantem
1718 1887 1798 1917 atque
1819 1887 1884 1910 tre-

1079 1927 1214 1953 mentem?
1229 1926 1283 1954 lmo
1298 1934 1362 1954 vero
1373 1934 1433 1954 cum
1447 1931 1474 1954 tu
1486 1926 1536 1954 hoc
1546 1932 1623 1962 putes
1635 1935 1697 1955 esse
1707 1928 1802 1959 mittas.
1819 1937 1882 1958 non

1078 1972 1130 1999 erit
1145 1972 1182 1999 illi
1196 1979 1263 2007 opus
1277 1977 1306 1999 ut
1321 1977 1347 2000 te
1360 1973 1492 2007 percutiat
1507 1981 1514 2005 ;
1529 1973 1575 2000 scd
1589 1974 1680 2000 sinens
1694 1978 1720 2000 te
1735 1974 1881 2008 possidere

1079 2016 1184 2044 divitias
1195 2037 1202 2049 ,
1218 2025 1253 2044 ex
1267 2017 1363 2045 timore
1383 2025 1417 2044 ne
1431 2018 1586 2045 auferantur
1599 2022 1624 2045 te
1643 2026 1705 2046 cera
1720 2019 1879 2048 molliorem

1079 2063 1185 2091 reddet.
1202 2063 1239 2090 Ea
1255 2064 1326 2091 enim
1347 2071 1440 2092 sumus
1454 2069 1559 2098 natura,
1576 2069 1605 2092 ut
1620 2065 1654 2092 ita
1669 2065 1755 2093 dicam
1767 2087 1774 2098 ,
1791 2071 1820 2093 ut
1842 2075 1879 2094 ca

1078 2117 1137 2145 qua:
1160 2109 1385 2144 pertimescimus,
1408 2115 1548 2146 postquam
1573 2119 1604 2138 ea
1622 2111 1742 2146 perpessi
1759 2119 1856 2140 sunms
1868 2135 1878 2147 ,

1079 2164 1132 2184 non
1148 2156 1184 2183 ita
1200 2156 1328 2184 terribilia
1338 2157 1536 2191 existimemus,
1551 2162 1580 2184 ut
1596 2163 1658 2186 ante
1672 2166 1752 2193 quam
1766 2161 1880 2194 experi-

1078 2208 1197 2230 mentum
1214 2202 1371 2231 faceremus.
1397 2202 1431 2231 Ut
1446 2211 1480 2230 nc
1493 2211 1557 2238 ergo
1572 2203 1640 2231 hanc
1661 2204 1787 2231 virtutem
1803 2205 1879 2233 obti-

1078 2255 1154 2281 neas,
1168 2248 1194 2275 in
1208 2256 1313 2276 summo
1328 2254 1354 2276 te
1368 2248 1470 2277 detinet
1482 2249 1587 2281 titnore,
1597 2254 1677 2284 atque
1689 2255 1751 2277 ante
1765 2253 1879 2285 experi—

1078 2298 1198 2321 mentum
1207 2302 1240 2321 ex
1251 2295 1413 2329 paupertatis
1421 2299 1493 2322 metu
1506 2299 1531 2322 te
1539 2295 1614 2330 quasi
1627 2303 1716 2323 ceram
1727 2296 1878 2330 liquefacit.

1077 2339 1143 2368 Nam
1156 2340 1216 2368 talis
1228 2340 1308 2368 homo
1317 2348 1378 2368 cera
1388 2341 1479 2375 quavis
1491 2342 1596 2369 mollior
1603 2346 1653 2374 est,
1666 2347 1694 2370 et
1704 2343 1878 2371 mi~criorctn

1077 2394 1155 2421 quam
1164 2386 1263 2414 Cainus
1271 2387 1352 2414 vitam
1363 2386 1446 2418 ducit,
1459 2394 1507 2421 pro
1519 2388 1550 2414 iis
1562 2395 1621 2422 qua:
1633 2389 1750 2422 possidet
1763 2389 1876 2420 timens,

1077 2437 1105 2460 et
1118 2432 1153 2460 de
1164 2432 1197 2460 iis
1207 2440 1266 2468 quae
1279 2440 1334 2460 non
1349 2432 1429 2460 habet
1441 2432 1536 2459 dolens
1552 2441 1558 2460 :
1573 2437 1600 2460 et
1614 2441 1661 2468 pro
1676 2434 1708 2460 iis
1721 2442 1781 2468 quas
1792 2433 1877 2461 habet

1077 2486 1184 2506 rursum
1206 2483 1341 2511 tremens,
1359 2483 1451 2513 utpote
1473 2479 1598 2514 fugitivas
1612 2483 1640 2506 et
1660 2479 1777 2513 ingratas
1801 2479 1876 2507 intus

1077 2525 1199 2553 retinens
1214 2525 1322 2552 divitias
1333 2546 1341 2559 ,
1357 2529 1438 2560 atque
1459 2526 1540 2553 variis
1554 2525 1728 2560 absurdisque
1742 2526 1876 2554 obsessus

1077 2571 1227 2600 aﬂ'ectibus.
1245 2571 1351 2600 Etenim
1370 2571 1503 2607 cupiditas
1524 2572 1650 2605 absurda,
1668 2573 1749 2600 timor
1771 2573 1874 2606 rarius,

1077 2626 1163 2654 angor
1184 2619 1285 2651 animi,
1305 2624 1331 2646 et
1352 2623 1453 2646 tremor
1467 2619 1585 2654 undique
1604 2627 1700 2647 avaros
1713 2621 1874 2655 exagitant:

1076 2664 1233 2699 similesque
1246 2668 1308 2692 sunt
1321 2664 1450 2692 naviculre
1463 2664 1580 2699 undique
1599 2672 1614 2692 a
1629 2666 1774 2692 COIllf‘III'iIS
1786 2666 1874 2693 ventis

1076 2710 1194 2744 agitatae,
1211 2714 1240 2737 et
1259 2709 1356 2737 ﬂuctus
1369 2709 1468 2737 multos
1482 2710 1635 2738 sustinenti.
1653 2711 1685 2738 Et
1699 2716 1801 2746 quanto
1813 2719 1874 2738 mc-

1078 2755 1129 2783 lius
1142 2761 1214 2783 esset
1234 2755 1386 2791 huiusmodi
1402 2755 1537 2784 hominem
1553 2757 1693 2790 decedere,
1718 2765 1799 2792 quam
1814 2765 1876 2792 per-

1077 2807 1183 2838 petuatn
1199 2802 1268 2830 ferre
1279 2803 1485 2838 tempestatem?
1497 2802 1564 2830 Nam
1572 2808 1600 2831 et
1610 2803 1693 2832 Caluo
1705 2804 1875 2832 tolerabilius

1082 2853 1139 2877 erat
1153 2849 1230 2883 mori,
1243 2857 1320 2884 quam
1333 2853 1460 2884 perpetuo
1469 2854 1592 2877 tremere.
