1989 3124
112 168 165 197 255

121 225 190 253 κατὰ
215 225 267 261 τὴν
296 225 399 261 ἀγορὰν
429 225 555 261 βαδίζειν,
571 226 618 252 καὶ
636 226 665 252 ἐν
680 227 737 257 τοῖς
758 225 905 257 στενωποῖς

118 269 287 303 προσαιτεῖν·
303 268 361 294 ἀλλ’
374 268 464 303 ἔχουσί
480 277 507 295 τι
526 269 573 295 καὶ
591 268 732 299 εὐλαϐείας
749 268 779 294 οὐ
798 267 904 303 μικρόν.

117 309 189 345 Ὅρα
202 309 270 344 γοῦν
286 312 316 337 ὲν
329 310 379 346 ὅσῃ
393 310 501 346 καμίνῳ
520 311 615 342 πενίας
639 310 702 338 εἰσί.
718 310 771 336 Kal
786 309 908 344 βλασφη-

59 380 63 381 ν
119 353 228 388 μουσῶν
243 353 295 379 οὐκ
309 352 341 379 ἄν
358 361 421 379 ποτε
437 352 527 379 αὐτῶν
543 352 673 388 ἀκούσῃς,
689 352 749 378 οὐδὲ
761 351 909 378 ἀποδυσπε-

117 395 233 425 τουσῶν.
255 394 328 430 ἃπερ
348 394 444 421 πολλαὶ
469 394 524 421 τῶν
543 394 728 421 πλουτουντων
744 399 757 414 ι
774 393 906 420 ποιοῦσιν.

117 438 172 464 Kal
183 437 212 463 αί
230 437 280 471 μὲν
300 437 389 463 αὐτῶν
405 436 536 463 πεινῶσαι
557 436 743 471 ἐκοιμήθησαν
766 435 906 467 πολλάκις,

117 481 145 507 αἱ
156 480 185 506 δὲ
202 480 250 506 καὶ
265 479 397 514 διηνεκῶς
413 479 465 505 ὑπὸ
479 478 525 505 τοῦ
544 478 649 513 κρυμοῦ
666 477 835 512 πηγνύμεναι
849 477 907 504 δια-

117 520 235 553 τελοῦσι,
254 520 302 547 καλ¹
325 521 398 555 ὅμως
422 521 452 546 ὲν
465 520 623 555 εὐχαριστίᾳ
645 519 692 546 καὶ
708 519 847 554 δοξολογίᾳ
867 519 907 544 δι-

118 564 224 597 άγουσι.
241 563 301 588 Κάν
316 561 408 588 ὀϐολὸν
423 561 485 596 δῷς.
500 560 691 598 εὐχαριστοῦσι
713 564 761 587 καὶ
777 559 907 595 ἐπεύχον-

118 614 161 632 ται
174 605 261 640 μυρία
273 604 313 639 τῷ
329 604 465 631 δεδωκότι·
480 604 532 630 κᾶν
548 604 632 639 μηδὲν
645 603 706 639 δῷς,
723 603 752 629 ού
766 601 908 638 δυσχεραί-

118 656 218 677 νουσιν,
231 647 300 673 ἀλλά
318 648 365 673 καὶ
378 645 463 677 οὕτως
480 645 621 679 εὐλογοῦσι
637 646 684 672 καὶ
703 644 841 679 ἀγαπῶσι,
859 644 908 679 τῆς

118 689 258 725 ἐσημέρου
280 689 384 724 τροφῆς
401 688 597 714 ἀπολαύουσαι.
623 687 682 713 Κάν
702 688 756 720 γὰρ
778 685 853 722 [275]
871 685 907 721 μὴ

120 731 278 767 βούλωνται,
292 730 384 765 φησιν,
398 730 504 764 ἀνάγκη
520 730 613 764 φέρειν
627 729 722 759 αὐτάς.
732 728 781 754 Διὰ
791 728 831 760 τίς
848 728 907 754 είπέ

120 781 181 808 μοι·
201 772 277 803 τίνος
300 772 393 798 ἕνεκεν
416 772 447 798 τὸ
470 771 567 806 πικρὸν
583 770 661 797 τοῦτο
675 769 798 805 ἐφθέγξω
815 769 906 805 ῥῆμας

119 815 167 841 οὐκ
181 815 236 840 εἰσὶ
252 814 347 848 τέχναι
360 813 480 848 αἰσχραὶ,
500 813 547 839 καὶ
561 815 618 843 τοῖς
630 813 797 847 γεγηρακόσι
813 810 909 845 κέρδος

119 857 229 891 ἔχουσαι
243 857 290 881 καὶ
300 857 361 885 ταῖς
377 855 592 890 γεγηρακυίαιςς
605 855 656 881 οὐκ
674 854 815 888 ἠδύναντο,
829 853 908 888 εἴπερ

121 898 242 934 βούλοιτο
260 897 307 924 τοῦ
327 898 376 933 ζῇν
396 897 526 928 επιεικῶς
551 896 672 932 ἀμελεῖν,
693 895 819 923 κάκεῖθεν
839 894 908 930 μετὰ

120 940 221 975 πολλῆς
234 939 438 975 ἀποτρέφεσθαι
454 941 502 974 τῆς
520 939 696 974 περιουσίας;
712 938 761 972 οὐχ
777 937 842 971 δρᾷς
857 936 907 962 πό-

120 991 159 1009 σοι
175 982 230 1008 τῶν
242 983 272 1008 ὲν
282 981 368 1017 ταύτῃ
381 983 414 1017 τῇ
427 981 519 1016 ἡλικίᾳ
531 981 682 1016 μαστροποὶ
693 981 740 1006 καί
750 978 908 1014 προαγωγοὶ

119 1025 266 1060 γινόμενοι,
284 1024 333 1050 καὶ
356 1024 437 1058 ἓτερα
466 1023 577 1049 τοιαῦτα
602 1024 669 1049 ἀττα
694 1021 907 1056 διακονούμενοι,

122 1066 165 1092 καὶ
181 1065 332 1101 τρέφονται
352 1064 398 1091 καὶ
416 1064 573 1099 τρυφῶσιν;
596 1063 665 1089 Ἀλλ’
680 1063 729 1098 οὐχ
748 1060 831 1094 οὗτοι,
850 1062 907 1090 ἀλλ’

120 1107 259 1144 αῖροῦνται
272 1105 345 1142 λιμῷ
357 1105 559 1140 διαφθείρεσθαι
575 1106 685 1141 μᾶλλον,
701 1107 717 1141 ἢ
729 1105 908 1141 καταισχῦναι

119 1150 165 1186 τὴν
182 1149 290 1176 ἑαυτῶν
313 1148 385 1185 ζωὴν
409 1149 455 1174 καὶ
470 1148 614 1183 προδοῦναι
629 1147 677 1183 τὴν
691 1148 845 1183 σωτηρίαν’
862 1148 909 1174 καὶ

119 1191 251 1227 uiam“
265 1191 300 1218 δι’
317 1191 422 1226 ⁴ἡμέρας
437 1190 502 1225 ὅλης
518 1191 662 1226 φάρμακόν
680 1199 720 1216 σοι
737 1190 908 1217 κατασκευά-

120 1232 207 1264 ζοντες
224 1231 374 1266 σωτηρίας.
388 1231 424 1257 Οὐ
438 1231 492 1266 γὰρ
507 1230 592 1262 οὕτως
609 1231 709 1265 ἰατρὸς,
727 1231 804 1265 χεῖρα
821 1229 908 1256 ἐκτεί-

118 1282 167 1301 νων
181 1274 230 1301 καὶ
249 1273 372 1309 σιδήριον
383 1273 505 1305 ἐπάγων,
524 1273 649 1307 ἐκτέμνει
661 1272 694 1298 τὰ
707 1272 844 1307 σεσηπότα
854 1272 908 1298 τῶν

117 1317 295 1351 τραυμάτων,
313 1315 351 1346 ὡς
368 1315 459 1350 πένης,
477 1314 567 1346 δεξιὰν
584 1314 712 1341 ἐκτείνων
730 1315 776 1341 καὶ
793 1314 909 1350 ἐλεημο-

119 1358 198 1392 σύνην
225 1357 386 1392 λαμϐάνων,
413 1358 552 1392 περιαιρεῖ
577 1356 632 1382 τῶν
655 1356 820 1391 τραυμάτων
846 1356 910 1387 τοὺς

118 1399 267 1435 μώλωπας.
280 1400 336 1426 Kal
347 1400 376 1425 τὸ
389 1399 420 1434 δὴ
436 1399 602 1434 θαυμαστὸν,
614 1399 655 1425 ὃτι
666 1400 750 1434 χωρὶς
764 1398 910 1433 ἀλγηδόνος

117 1443 161 1469 καὶ
181 1442 281 1477 ὀδύνης
299 1442 348 1476 τὴν
371 1442 454 1476 καλὴν
475 1441 576 1476 ταύτην
592 1441 754 1476 ἐργάζονται
777 1441 908 1476 ίατρείαν.

116 1485 169 1512 Kal
183 1485 265 1520 ἡμῶν
279 1483 334 1510 τῶν
356 1483 402 1510 τοῦ
418 1483 483 1510 λαοῦ
506 1483 722 1519 προκαθημένων
744 1483 789 1510 καὶ
810 1491 909 1518 παραι-

115 1527 232 1554 νούντων
245 1527 312 1561 ὑμῖν
326 1526 360 1552 τά
377 1525 550 1561 συμφέροντα
562 1525 611 1551 οὐκ
622 1525 731 1551 ἔλαττον
743 1525 845 1556 ἐκεῖνος
857 1524 909 1550 δια-

115 1569 223 1603 λέγεται
231 1569 256 1607 ’δ
271 1568 326 1602 πρὸ
339 1567 393 1594 τῶν
405 1567 494 1603 θυρῶν
517 1566 565 1601 τῆς
585 1566 731 1602 ἐκκλησίας
756 1566 909 1602 καθήμενος

116 1609 159 1637 διὰ
172 1610 224 1646 τῆς
244 1609 328 1645 σιγῆς
338 1609 386 1636 καὶ
401 1609 450 1644 τῆς
467 1609 564 1644 ὅψεως.
582 1609 638 1634 Καὶ
652 1608 707 1644 γὰρ
726 1609 807 1643 ἡμεῖς
822 1607 909 1634 ταῦτα

115 1651 174 1679 καθ’
185 1652 312 1687 ἑκάστην
324 1652 389 1686 ὑμῖν
402 1650 553 1685 ὲνηχοῦμεν
568 1649 617 1685 τὴν
631 1650 748 1685 ἡμέραν,
765 1649 888 1683 λέγοντες
900 1657 907 1664 ·

114 1693 158 1729 Μὴ
174 1695 249 1729 μέγα
263 1693 370 1729 φρόνει,
382 1690 403 1719 ὧ
418 1691 555 1728 ἄνθρωπε,
567 1691 718 1728 ὀξύρροπον
731 1692 776 1718 καί
791 1691 908 1726 εὐμετά-

115 1743 217 1762 πτωτον
231 1735 290 1762 τῶν
299 1733 451 1769 ἀνθρώπων
465 1734 482 1768 ἡ
493 1733 585 1768 φύσις,
601 1733 722 1768 ἡνεότης
740 1732 806 1768 πρὸς
821 1734 910 1768 γῆρας

116 1777 269 1811 ἐπείγεται,
287 1776 318 1802 τὸ
337 1775 434 1806 κάλλος
451 1775 520 1811 πρὸς
537 1774 685 1810 ἀμορφίαν,
706 1776 722 1810 ἡ
746 1774 822 1809 ἰσχὺς
842 1774 909 1808 πρὸς

115 1818 270 1851 ἀσθένειαν,
285 1819 302 1853 ἡ
312 1817 379 1853 τιμὴ
395 1818 463 1853 πρὸς
477 1817 690 1851 καταφρόνησιν,
704 1817 721 1852 ἡ
735 1816 825 1850 ὑγιεία
840 1815 909 1851 πρὸς

113 1860 272 1896 ἀρῤωστίαν
303 1859 512 1894 μεταπίπτει.ἡ
537 1858 601 1890 δόξα
627 1858 693 1894 πρὸς
723 1858 870 1890 εὐτέλειαν,
895 1858 909 1883 ό

112 1903 228 1935 πλοῦτος
255 1902 328 1937 πρῦς
353 1901 463 1927 πενίαν·
482 1901 598 1936 ῥεύματι
615 1900 720 1936 σφοδρῷ
736 1900 770 1926 τὰ
786 1901 909 1936 ἡμέτερα

110 1945 200 1972 ιοικεν
213 1943 335 1979 οὐδαμοῦ
350 1943 475 1969 ἵστασθαι
487 1942 650 1978 βουλομένῳ,
667 1941 723 1968 ἀλλ’
739 1941 910 1977 ἐπειγομένῳ

111 1987 180 2022 πρὸς
193 1986 227 2013 τὸ
244 1986 392 2016 κάταντες.

144 2032 175 2056 ε’.
188 2028 231 2054 Τὰ
247 2028 320 2054 αὐτά
336 2026 385 2054 καὶ
398 2027 506 2058 ἐκεῖνοι,
516 2025 561 2052 καὶ
571 2025 679 2052 πλείονα
691 2025 792 2053 τούτων
804 2025 847 2053 διὰ
860 2027 909 2060 τῆς

109 2068 198 2101 ὂψεως
212 2067 444 2104 συμϐουλεύουσι,
456 2067 502 2094 καὶ
516 2067 560 2094 διὰ
573 2068 621 2103 τῆς
635 2067 731 2103 πείρας
744 2068 837 2102 αὐτῆς,
848 2068 909 2103 ἣτις

109 2113 157 2138 καὶ
172 2111 335 2146 σαφεστέρα
354 2109 413 2136 ἐστὶ
428 2110 598 2146 παραίνεσις.
611 2110 692 2136 Πόσοι
708 2109 773 2143 γοῦν
793 2110 847 2136 τῶν
857 2110 910 2143 ἔξω

108 2152 281 2188 καθημένων
294 2152 343 2178 νῦν
357 2151 485 2186 ἡκμασαν
497 2152 525 2178 ὲν
541 2151 657 2186 νεότητι,
675 2152 720 2178 καὶ
734 2152 839 2187 μεγάλα
854 2152 910 2187 είρ-

107 2196 247 2229 γάσαντο;
268 2194 350 2220 πόσοι
365 2192 418 2219 τῶν
433 2193 560 2228 εἰδεχθῶν
576 2193 678 2219 τούτων
695 2194 742 2220 καὶ
755 2194 802 2220 ἐπὶ
815 2194 847 2229 τῇ
861 2193 909 2220 τοῦ

108 2236 235 2272 σώματος
256 2235 336 2271 ἰσχύι
349 2235 396 2261 καὶ
411 2237 443 2271 τῇ
460 2235 509 2270 τῆς
527 2235 614 2270 ὅψεως
633 2234 692 2271 ὥρα
708 2235 821 2267 πολλοὺς
839 2244 910 2270 παρ-

107 2280 230 2314 ήλασανς
255 2277 344 2305 Ἀλλὰ
366 2278 403 2314 μὴ
426 2279 576 2309 ἀπιστεῖτε,
597 2277 663 2312 μηδὲ
683 2277 844 2312 χλευάζετε·
864 2278 909 2304 καὶ

107 2321 159 2356 γὰρ
177 2321 295 2356 μυρίων
311 2319 393 2354 γέμει
408 2319 535 2346 τοιούτων
551 2319 756 2354 ὑποδειγμάτων
767 2320 781 2346 ὁ
795 2318 861 2354 βίος.
878 2319 909 2345 El

107 2364 159 2398 γάρ
174 2363 306 2398 βασιλεῖς
323 2362 353 2394 ἐξ
364 2361 479 2388 εὐτελῶν
492 2362 539 2388 καὶ
550 2361 685 2388 ταπεινῶν
702 2361 794 2388 πολλοὶ
809 2361 909 2388 πολλά-

107 2413 149 2437 κις
162 2405 309 2440 ἐγένοντο,
324 2404 352 2430 τί
371 2402 537 2438 θαυμαστὸν,
557 2403 605 2430 καὶ
621 2403 652 2428 ὲκ
668 2403 792 2437 μεγάλων
808 2403 852 2430 καὶ
869 2403 910 2430 ὲν-

107 2446 187 2479 aasz
203 2444 341 2473 ταπεινοὶ
356 2444 403 2471 καὶ
418 2444 535 2476 εὐτελεῖς
551 2444 736 2480 κατέστησαν;
753 2444 800 2471 καὶ
812 2446 865 2480 γάρ
881 2444 911 2471 τὸ

213 2486 450 2523 παραδοξώτερον
469 2486 556 2512 ὲκεῖνό
575 2487 652 2512 ἐστι’
667 2486 745 2513 τοῦτο
756 2486 784 2513 δὲ
800 2487 854 2513 τῶν
866 2488 910 2513 ἀει

108 2531 335 2566 συμϐαινόντων.
349 2529 431 2555 Ὥστε
443 2529 473 2555 οὐ
488 2529 541 2565 χρὴ
552 2528 712 2560 διαπιστεῖν,
726 2528 752 2554 εἴ
764 2537 836 2560 τινες
849 2528 895 2555 τού
906 2545 911 2549 -

107 2580 158 2600 των
174 2574 223 2601 καὶ
235 2574 269 2599 ἐν
281 2573 397 2607 τέχναις
413 2571 460 2598 καὶ
475 2572 504 2597 ὲν
519 2572 673 2606 στρατείαις
686 2570 807 2606 ἧνθησαν
821 2571 868 2598 xal
880 2572 910 2598 ἐν

107 2616 260 2650 χρημάτων
271 2613 462 2650 περιουσίαις,
477 2612 545 2639 ἀλλὰ
562 2612 609 2639 καὶ
626 2612 712 2638 ἐλεεῖν
728 2613 826 2644 αὐτοὺς
841 2613 910 2646 μετὰ

107 2658 207 2693 πολλῆς
220 2658 278 2692 τῆς
295 2655 482 2690 συμπαθείας,
495 2654 543 2681 καὶ
553 2655 623 2689 ὑπὲρ
635 2654 741 2681 ἑαυτῶν
751 2654 908 2687 δεδοικέναι,

109 2700 143 2735 μή
163 2707 232 2726 ποτε
249 2698 304 2725 καὶ
322 2697 402 2724 αὐτοὶ
420 2696 455 2722 τὰ
476 2696 545 2722 αὐτὰ
556 2696 695 2731 πάθωμεν.
713 2696 768 2722 Kal
792 2695 846 2731 γὰρ
864 2697 911 2722 καὶ

107 2741 184 2776 ἡμεῖς
198 2741 364 2776 ἄνθρωποι,
380 2738 428 2765 καὶ
441 2739 493 2765 ὑπὸ
510 2739 559 2774 τὴν
572 2738 722 2775 ὀξύρροπον
735 2739 837 2773 ταύτην
856 2738 910 2765 κεί-

108 2784 175 2817 μεθα
190 2781 368 2819 μεταϐολήν.
389 2780 458 2806 ’Δλλ“
474 2781 539 2812 ἴσως
554 2781 609 2808 τῶν
619 2781 784 2816 ἀγνωμόνων
803 2789 845 2812 τις
863 2781 910 2808 καὶ¹

134 2886 147 2899 ⁸
162 2879 319 2918 Legeudpm
332 2882 441 2918 videtur,
455 2883 503 2917 τῶν
513 2882 674 2911 mmmam,
697 2882 743 2907 nisi
765 2882 908 2908 subintelli-

108 2919 175 2946 satur
184 2915 235 2939 rti
247 2915 426 2938 πλουτούντων
437 2915 551 2943 γυναῖκες.

610 167 642 195 ΙΝ
661 168 772 195 EPIST.
791 167 801 194 1
817 166 863 194 AD
882 166 960 196 COIL
982 168 1096 197 HOMIL.
1117 170 1202 199 XXX.

1690 170 1743 200 255

961 226 1097 255 σκώπτειν
1115 229 1250 257 εἰωθότων
1272 229 1318 257 καὶ
1339 229 1484 265 ἐπισκήψει
1501 229 1557 262 τοῖς
1577 229 1744 266 εἰρημένοις,

962 269 1009 295 καὶ
1024 271 1186 307 κωμῳδήσει
1201 271 1309 304 πάντως
1324 273 1396 308 ἡμᾶς
1409 272 1505 307 λέγων·
1521 271 1609 306 Μέχρι
1627 271 1699 303 τίνος
1714 271 1745 299 οὐ

961 310 1054 347 παύσῃ
1067 313 1186 348 πένητας
1207 314 1251 340 ἀεὶ
1267 314 1313 340 καὶ
1327 315 1451 349 πτωχοὺς
1464 316 1493 340 ἐν
1510 315 1565 346 τοῖς
1583 313 1673 348 λόγοις
1687 314 1746 340 είσ-

961 353 1044 386 άγων,
1063 354 1109 381 καὶ
1130 355 1272 391 συμφορὰς
1293 357 1358 391 ἡμῖν
1378 355 1568 391 προφητεύων,
1586 356 1633 382 καὶ
1649 355 1747 382 πενίαν

961 397 1174 431 προαναφωνῶν,
1186 397 1233 424 καὶ
1251 398 1374 432 πτωχοὺς
1387 397 1498 432 ποιῆσαι
1516 397 1689 430 σπουδάζων;
1707 396 1745 423 Οὐ

960 435 1036 472 [276]
1060 439 1183 473 πτωχοὺς
1203 439 1274 473 ὑμᾶς
1295 438 1452 471 σπουδάζων
1467 438 1590 473 ποιῆσαι,
1607 438 1744 473 ἄνθρωπε,

959 477 1044 504 ταῦτα
1058 478 1139 513 λέγω,
1156 480 1224 506 ἀλλά
1238 480 1284 507 τοῦ
1297 480 1411 516 οὐρανοῦ
1428 480 1474 506 τὸν
1492 479 1606 506 πλοῦτον
1622 480 1686 513 ὑμῖν
1699 479 1746 505 ἁν-

959 518 1028 550 οῖξαι
1039 520 1170 548 σπεύδων.
1192 522 1268 548 Ἐπεὶ
1285 522 1332 548 καὶ
1347 521 1414 557 πρὸς
1429 521 1474 548 τὸν
1487 521 1642 555 ὑγιαίνοντα
1659 521 1673 546 ό
1693 520 1746 547 τῶν

959 561 1172 596 ἀρρωστούντων
1190 564 1361 599 μεμνημένος
1381 564 1428 590 καὶ
1446 564 1494 595 τὰς
1513 563 1623 590 ἐκείνων
1637 561 1747 596 διηγού-

961 611 1039 637 μενος
1052 603 1158 637 ὀδύνας,
1167 605 1214 640 οὐχ
1228 605 1270 631 ἵνα
1284 606 1407 632 ἐπίνοσον
1419 607 1528 641 ποιήσῃ,
1544 604 1627 639 λέγει,
1637 604 1746 630 ἀλλ’ἵνα

959 644 1006 671 ἐπὶ
1029 645 1078 680 τῆς
1103 646 1208 680 ὑγιείας
1218 647 1380 683 διατηρήσῃ,
1405 647 1443 682 τῷ
1462 647 1537 682 φόϐῳ
1558 647 1612 673 τῶν
1633 646 1748 677 ἐκείνοις

961 686 1163 720 συμϐαινόντων
1176 689 1226 723 τὴν
1242 689 1335 715 τούτου
1352 688 1489 724 ρᾳθυμίαν
1502 689 1655 715 ἐκκόπτων.
1666 687 1748 713 Φοϐε-

962 727 1006 762 ρὸν
1019 728 1082 763 ὑμῖν
1097 729 1113 764 ὴ
1132 729 1212 756 πενία
1227 728 1296 757 εἶναι
1313 730 1396 762 δοκεῖ,
1410 730 1456 756 καὶ
1477 730 1590 765 φρικτὸν
1605 730 1652 755 καὶ
1666 729 1747 764 μέχρι

960 771 1146 805 προσηγορίας
1167 772 1260 807 αὐτῆς.
1282 772 1332 799 Διά
1349 772 1404 808 γὰρ
1418 771 1498 798 τοῦτο
1519 772 1632 807 πένητές
1652 772 1746 805 ὲσμεν,

959 811 1000 837 ὅτι
1027 812 1122 839 πενίαν
1136 813 1305 849 δεδοίκαμεν,
1324 814 1376 841 κᾶν
1392 815 1478 850 μύρια
1492 813 1598 849 ἔχωμεν
1618 812 1747 841 τάλαντα.

960 853 998 878 Οὐ
1014 852 1068 889 γὰρ
1082 854 1096 880 ό
1113 854 1196 890 μηδὲν
1209 855 1287 890 έχων.
1304 856 1399 890 πένης,
1410 856 1467 882 ἀλλ’
1481 856 1496 882 ὁ
1510 855 1605 882 πενίαν
1617 855 1746 890 φρίττωνι

960 895 1020 922 ἐπεὶ
1038 896 1085 923 καὶ
1103 897 1132 923 ὲν
1146 898 1207 928 ταῖς
1220 900 1373 933 συμφοραῖς
1392 898 1423 925 ού
1441 899 1503 930 τοὺς
1517 898 1551 925 τά
1570 897 1675 933 μεγάλα
1694 897 1748 923 πά-

961 945 1072 972 σχοντας
1087 938 1159 965 κακὰ
1169 939 1322 974 δακρύομεν
1334 941 1380 966 καὶ
1396 940 1504 971 ἀθλίους
1518 938 1668 975 ἡγούμεθα,
1680 937 1748 965 ἀλλὰ

959 979 1022 1011 τοὺς
1042 979 1091 1006 οὐκ
1106 980 1210 1013 εἰδότας
1223 981 1293 1008 αὺτά
1302 982 1405 1017 φέρειν,
1419 981 1471 1009 κάν
1490 981 1577 1017 μικρὰ
1587 981 1656 1016 τύχῃ
1672 980 1746 1006 ὅντα·

960 1021 997 1053 ὡς
1012 1021 1025 1048 ὃ
1042 1030 1073 1056 γε
1093 1022 1185 1058 φέρειν
1201 1024 1278 1056 είδὼς
1295 1025 1342 1052 καὶ
1361 1024 1479 1052 ἐπαίνων
1499 1024 1572 1057 ἄξιος
1585 1024 1632 1050 καὶ
1647 1022 1748 1057 στεφά-

959 1071 1022 1090 νων.
1041 1064 1095 1090 Kal
1114 1065 1154 1092 ὅτι
1174 1065 1254 1092 τοῦτο
1269 1065 1362 1093 τοῦτον
1379 1066 1435 1101 ἔχει
1456 1065 1502 1092 τὸν
1517 1066 1627 1101 τρόπον,
1645 1064 1674 1090 ἐν
1692 1065 1750 1096 τοῖς

960 1105 1046 1139 ἀγῴσι
1062 1105 1138 1137 τίνας
1154 1107 1338 1142 έπαινοῦμεν;
1366 1109 1430 1140 τοὺς
1453 1107 1538 1134 πολλά
1564 1106 1749 1142 τυπτομένους

959 1147 1006 1173 καὶ
1027 1147 1064 1182 μὴ
1081 1147 1241 1182 ἀλγοῦντας,
1258 1149 1315 1176 ἀλλ’
1335 1149 1437 1185 ὑψηλὸν
1451 1149 1497 1176 τὸν
1508 1149 1609 1184 αὐχένα
1626 1148 1749 1183 ἔχοντας,

959 1189 976 1224 ἢ
998 1189 1062 1220 τοὺς
1084 1190 1139 1216 ἀπὸ
1155 1190 1210 1217 τῶν
1224 1190 1340 1226 πρώτων
1370 1191 1519 1225 φεύγοντας
1545 1190 1672 1226 πληγῶνς
1689 1191 1750 1226 οὐχ)⁸

959 1231 1081 1263 ἐκείνους
1093 1232 1142 1266 μὲν
1159 1233 1206 1259 καὶ
1217 1233 1413 1268 στεφανοῦμεν,
1428 1233 1466 1265 ὡς
1479 1233 1618 1269 ἀνδρείους
1633 1234 1680 1260 καὶ
1692 1242 1751 1267 75y-

959 1273 1061 1305 ναίους,
1079 1273 1191 1306 τούτους
1209 1275 1237 1301 δὲ
1255 1276 1301 1302 καὶ
1323 1276 1457 1310 γελῶμεν,
1477 1275 1515 1307 ὡς
1534 1275 1682 1311 ἀνάνδρους
1702 1276 1751 1303 καὶ

959 1315 1077 1348 δειλούς;
1094 1316 1173 1343 Οὕτω
1188 1317 1276 1344 τοίνυν
1290 1318 1337 1344 καὶ
1356 1318 1403 1344 ἐπὶ
1416 1317 1471 1344 τῶν
1483 1316 1529 1344 τοῦ
1547 1317 1604 1352 βίου
1619 1317 1751 1353 πραγμάσ

959 1367 1013 1385 των
1027 1358 1157 1394 ποιῶμεν·
1177 1360 1222 1386 τὸν
1235 1359 1284 1395 μὲν
1298 1359 1417 1392 εὐκόλως
1432 1359 1538 1387 ἅπαντα
1555 1360 1674 1396 φέροντα
1689 1368 1751 1387 στε-

960 1400 1141 1436 φανώσωμεν,
1159 1401 1284 1437 καθάπερ
1302 1402 1405 1429 ἐκεῖνον
1422 1402 1468 1429 τὸν
1483 1403 1606 1436 γενναῖον
1622 1410 1751 1439 παγκρα-

959 1443 1081 1478 τιαστήν·
1091 1442 1185 1469 τοῦτον
1195 1442 1224 1469 δὲ
1236 1443 1417 1478 δακρύσωμεν
1427 1443 1472 1470 τὸν
1482 1443 1619 1471 δεδοικότα
1633 1444 1680 1471 καὶ
1691 1444 1752 1479 τρέ-

961 1492 1046 1519 μοντα
1061 1483 1095 1510 τὰ
1111 1484 1194 1516 δεινὰ,
1212 1485 1260 1511 καὶ
1276 1485 1340 1520 πρὶν
1353 1485 1369 1521 ἢ
1384 1484 1511 1518 δέξασθαι
1524 1486 1632 1521 πληγὴν
1652 1486 1752 1518 ἀποτε-

960 1525 1077 1561 θνηκότα
1097 1525 1136 1561 τῷ
1154 1526 1218 1553 δέει.
1234 1527 1288 1553 Kal
1305 1527 1359 1562 γὰρ
1381 1527 1427 1554 ἐπὶ
1448 1527 1502 1554 τῶν
1519 1527 1631 1563 ἀγώνων
1651 1528 1679 1554 εῐ
1698 1537 1750 1561 τις,

959 1567 1023 1603 πρὶν
1036 1567 1052 1602 ἢ
1066 1569 1161 1603 χεῖρας
1173 1569 1298 1603 ἀντᾶραι,
1313 1568 1359 1595 τὸν
1369 1569 1514 1602 ἀντίπαλον
1526 1569 1588 1596 ἰδὼν
1601 1569 1650 1605 τὴν
1661 1569 1751 1602 δεξιὰν

959 1609 1079 1636 τείνοντα
1103 1610 1183 1645 μόνον
1199 1611 1344 1646 ἀποφύγοι,
1361 1611 1413 1638 κᾶν
1440 1612 1477 1647 μὴ
1503 1611 1611 1647 δέξηται
1632 1611 1750 1647 πληγὴν,

959 1651 1162 1685 καταγέλαστος
1183 1652 1270 1684 ἔσται,
1288 1652 1326 1685 ὠς
1349 1654 1443 1685 ἄτονος
1457 1654 1471 1673 b
1487 1653 1535 1680 καὶ
1561 1654 1681 1689 μαλακὸς
1703 1654 1752 1681 καὶ

960 1693 1049 1719 πόνων
1065 1694 1176 1729 ἄπειρος
1188 1694 1315 1720 τοιούτων
1324 1703 1331 1709 ·
1341 1692 1396 1721 οἷον
1407 1696 1454 1721 καὶ
1464 1696 1509 1721 ἐπὶ
1518 1695 1621 1723 τούτων
1635 1695 1753 1730 συμϐαί-

960 1743 999 1761 νει
1019 1734 1073 1762 τῶν
1087 1735 1182 1762 πενίαν
1196 1736 1365 1768 δεδοικότων,
1386 1737 1432 1764 καὶ
1449 1737 1510 1763 οὐδὲ
1525 1737 1573 1773 τὴν
1587 1737 1752 1772 προσδοκίαν

960 1777 1044 1812 αὐτῆς
1057 1778 1178 1811 ἐνεγκεῖν
1198 1778 1364 1813 δυναμένων.
1385 1779 1442 1805 Οὐκ
1456 1779 1509 1814 ἀρα
1525 1780 1606 1814 ἡμεῖς
1619 1780 1752 1816 ποιοῦμεν

960 1818 1032 1853 ὑμᾶς
1047 1818 1165 1851 ἀθλίους,
1177 1819 1234 1846 ἀλλ’
1250 1819 1329 1854 ὑμεῖς
1342 1820 1465 1851 ἑαυτούς.
1479 1820 1541 1852 Πῶς
1550 1821 1605 1856 γὰρ
1620 1821 1650 1847 οὐ
1665 1829 1752 1848 κατα-

961 1860 1085 1893 παίξεταί
1102 1869 1149 1887 σου
1162 1861 1254 1888 λοιπὸν
1269 1862 1283 1887 ὀ
1296 1861 1428 1894 διάϐολος,
1446 1863 1493 1888 καὶ
1510 1863 1562 1897 πρὸ
1580 1863 1629 1897 τῆς
1643 1862 1752 1898 πληγῆς

959 1902 1008 1937 τὴν
1019 1902 1133 1942 ἀπειλὴν
1143 1903 1213 1939 ὁρῶν
1223 1903 1359 1930 δεδοικότα
1373 1904 1419 1930 καὶ
1430 1903 1578 1939 τρέμοντα;
1589 1903 1698 1931 Μᾶλλον
1710 1905 1750 1937 δὲ,

959 1944 1024 1971 ὅταν
1039 1944 1153 1979 ἀπειλὴν
1167 1945 1244 1971 τοῦτο
1263 1945 1386 1981 νομίζῃς,
1401 1946 1431 1972 οὐ
1445 1945 1569 1981 δεήσεται
1586 1945 1677 1972 λοιπὸν
1689 1946 1751 1973 οὐδὲ

961 1986 1071 2022 πλῆξαι,
1091 1986 1148 2013 ἀλλ’
1166 1987 1245 2021 ἀφεὶς
1258 1986 1330 2022 ἔχειν
1345 1987 1391 2014 τὸν
1408 1988 1531 2020 πλοῦτον,
1551 1989 1584 2023 τῇ
1602 1989 1751 2024 προσδοκίᾳ

959 2028 1010 2063 τῆς
1021 2028 1191 2064 ἀφαιρέσεως
1205 2029 1289 2064 κηροῦ
1304 2028 1403 2060 παντὸς
1419 2029 1610 2065 μαλακώτερόν
1624 2038 1654 2056 σε
1668 2031 1751 2065 ἐργά-

962 2078 1047 2096 σεται.
1061 2069 1117 2096 Καὶ
1129 2069 1183 2105 γὰρ
1195 2070 1367 2105 πεφύκαμεν,
1382 2070 1419 2102 ὼς
1434 2071 1530 2103 εἰπεῖν,
1547 2070 1619 2107 ἀπερ
1631 2071 1751 2099 δεδοίκα-

962 2120 1022 2146 μεν,
1036 2112 1104 2147 μετά
1115 2112 1145 2138 τὸ
1157 2112 1253 2138 παθεῖν
1267 2112 1316 2147 οὐχ
1328 2112 1399 2139 οὕτω
1411 2113 1531 2148 νομίζειν
1549 2111 1617 2140 εἶναι
1635 2114 1749 2149 φοϐερὰ,

960 2153 1055 2189 ὥσπερ
1073 2153 1228 2189 ἔμπροσθεν
1244 2154 1288 2180 καὶ
1302 2154 1354 2188 πρὸ
1368 2156 1418 2189 τῆς
1433 2154 1540 2190 πείρας.
1561 2156 1607 2182 Ἰν’¹
1621 2154 1666 2182 οὖν
1684 2156 1751 2191 μηδὲ

961 2194 1063 2230 ταύτην
1080 2196 1167 2232 κτήσῃ
1187 2196 1236 2230 τὴν
1252 2196 1363 2231 ἀρετὴν,
1383 2197 1411 2222 ἐν
1424 2196 1575 2231 ἀκμάζοντί
1596 2205 1625 2223 σε
1641 2198 1751 2233 κατέχει

962 2237 1046 2273 φόϐῳ.
1063 2237 1116 2272 πρὸ
1140 2238 1191 2272 τῆς
1211 2238 1307 2273 πείρας
1333 2237 1372 2273 τῷ
1393 2238 1467 2273 φόϐῳ
1485 2239 1536 2273 τῆς
1550 2240 1644 2271 πενίας
1656 2240 1751 2276 ὥσπερ

961 2279 1047 2313 κηρὸν
1063 2279 1129 2314 πυρὶ
1144 2280 1316 2314 κατατήκων.
1339 2279 1392 2306 Kal
1405 2280 1457 2315 γὰρ
1480 2280 1566 2314 κηροῦ
1581 2281 1682 2313 παντὸς
1700 2290 1752 2316 μα-

961 2320 1112 2356 λακώτερος
1128 2321 1143 2346 ὁ
1159 2320 1287 2351 τοιοῦτος.
1306 2321 1351 2347 καὶ
1368 2321 1449 2347 αὐτοῦ
1465 2321 1516 2349 ,τοῦ
1531 2323 1602 2348 Κάῐν
1622 2323 1753 2350 ἀθλιώτε-

963 2371 1007 2398 ρον
1023 2362 1079 2398 βίον
1090 2362 1153 2395 ζῶν,
1170 2363 1241 2398 ὑπὲρ
1256 2363 1304 2397 μὲν
1323 2359 1360 2389 ὧν
1374 2363 1671 2396 πλεονεκτείδεδοικὼς,
1682 2365 1752 2401 ὑπὲρ

961 2404 989 2431 δὲ
1002 2401 1039 2431 ὦν
1054 2404 1103 2430 οὐκ
1115 2404 1171 2439 ἔχει
1188 2404 1288 2438 ἀλγῶν·
1302 2404 1348 2430 καὶ
1363 2404 1433 2439 ὑπὲρ
1447 2401 1484 2431 ὧν
1502 2404 1556 2440 ἔχει
1575 2406 1685 2441 τρέμων
1703 2407 1754 2434 πά-

961 2447 1012 2480 λιν,
1025 2447 1073 2474 an;
1085 2446 1223 2482 δραπέτην
1237 2446 1381 2481 ἀγνώμονα
1395 2447 1518 2481 κατέχων
1529 2447 1602 2474 ἔνδον
1615 2448 1660 2474 τὸν
1671 2448 1752 2475 πλοῦ-

960 2496 1016 2520 τον,
1039 2489 1084 2514 καὶ
1106 2487 1238 2519 ποικίλοις
1254 2488 1310 2514 τισὶ
1330 2489 1376 2514 καὶ
1395 2489 1505 2520 ἀτόποις
1525 2489 1752 2525 πολιορκούμενος

962 2529 1070 2557 πάθεσι.
1091 2530 1146 2556 Kal
1168 2529 1221 2564 γὰρ
1244 2529 1376 2564 ἐπιθυμία
1392 2531 1492 2562 ἄτοπος
1505 2531 1552 2557 καὶ
1570 2531 1651 2565 φόϐος
1668 2532 1751 2559 πολυ-

961 2571 1033 2608 ειδὴς
1064 2571 1110 2598 καὶ
1129 2571 1234 2605 ἀγωνία
1259 2571 1305 2597 καὶ
1330 2571 1431 2606 τρόμος
1460 2573 1625 2607 πανταχόθεν
1653 2574 1751 2606 αὐτοὺς

961 2613 1121 2649 χειμάζουσι
1134 2621 1140 2628 ·
1169 2613 1215 2639 καὶ
1231 2613 1336 2639 ἐοίκασι
1360 2613 1445 2648 πλοίῳ
1470 2614 1600 2640 πάντοθεν
1620 2615 1752 2647 ἐναντίοις

961 2657 1072 2691 ἀνέμοις
1099 2655 1279 2689 ἐλαυνομένῳ,
1301 2654 1376 2691 [277]
1398 2656 1444 2682 καὶ
1470 2656 1570 2688 πολλὰς
1592 2658 1753 2692 ὑπομένοντι

959 2698 1010 2728 τὰς
1031 2697 1191 2733 τρικυμίας.
1208 2698 1263 2724 Kal
1285 2698 1361 2733 πόσῳ
1384 2697 1487 2732 βέλτιον
1505 2698 1550 2725 τὸν
1566 2699 1685 2726 τοιοῦτον
1701 2700 1753 2726 ἀπ-

961 2739 1059 2772 ελθεῖν,
1086 2739 1102 2774 ἢ
1128 2739 1239 2774 διηνεκῆ
1268 2739 1361 2775 φέρειν
1385 2740 1523 2775 χειμῶνας
1544 2742 1606 2768 ἐπεὶ
1633 2742 1678 2768 καὶ
1705 2741 1752 2768 τὸν

961 2781 1031 2808 Κάῖν
1054 2780 1230 2816 ἀνεκτότερον
1246 2779 1280 2816 ἦν
1294 2781 1451 2814 ἀποθανεῖν,
1477 2782 1493 2817 ἢ
1520 2782 1665 2814 διαπαντὸς
1686 2782 1751 2818 τρέ-

964 2831 1034 2858 μειν.

994 2913 1008 2934 b
1019 2913 1079 2943 Alii,
1091 2914 1122 2940 ὡς
1139 2913 1250 2941 ἄτολμος,
1264 2919 1312 2937 non
1325 2913 1398 2939 male.
