1989 3124
238 123 294 152 2ὸ7

275 183 323 210 Ἰν¹
333 180 379 209 οὖν
393 182 430 218 μὴ
443 183 490 209 καὶ
500 183 581 218 ἡμεῖς
596 183 682 210 ταῦτα
699 183 859 218 πάσιωμεν,
879 183 1031 218 καταγελά-

239 233 331 259 σωμεν
347 225 398 260 τῆς
409 225 455 252 τοῦ
477 224 600 251 διαῦόλου
621 225 756 261 μηχανῆς,
775 225 965 261 διαρῤήξωμεν
981 226 1030 251 αὺ-

238 266 286 292 τοῦ
302 266 337 292 τὰ
350 267 464 301 σχοινία,
477 266 649 301 διακόψωμεν
661 266 709 292 τοῦ
725 267 845 301 χαλεποῦ
856 267 970 302 δόρατος
981 267 1032 302 τὴν

238 308 351 344 αἰχμὴν,
369 307 416 334 καὶ
439 309 530 335 πᾶσαν
550 308 642 341 ἔφοδον
659 309 887 344 ἀποτειχίσωμεν.
907 309 955 335 'Av
976 308 1032 343 γὰρ

238 349 389 384 χρημάτων
410 348 611 384 καταγελάσῃς,
635 349 684 375 οὑκ
699 348 756 384 ἔχει
773 349 825 375 ποῦ
851 348 962 385 πλήξαι,
981 350 1031 376 οὐκ

238 392 294 427 ἔχει
307 391 389 418 πόθεν
401 391 573 426 ἐπιλάϐηται·
587 391 637 426 τὴν
650 391 704 426 γὰρ
717 391 794 426 ῥίζαν
807 392 965 423 ἀνέσπασας
978 392 1032 418 τῶν

239 433 341 459 κακῶν
359 433 437 468 ῥίζης
459 433 486 459 δὲ
507 433 556 459 οὑκ
570 432 664 468 οὔσης,
685 433 744 459 ούδέ
764 433 870 468 καρπὸς
887 433 1033 468 βλαστήσει

237 474 365 510 πονηρός,
384 475 478 502 Ταῦτα
497 475 621 510 λέγωμεν
639 475 687 508 μὲν
703 475 758 507 ἀεὶ,
784 475 832 501 καὶ
851 475 976 512 λέγοντες
1001 475 1031 502 οὑ

237 517 405 551 παυώμεθα·
423 517 447 543 εί
466 517 494 543 δέ
512 525 537 543 τι
554 516 679 550 λέγοντες
696 516 826 552 ἀνύομεν,
840 517 856 552 ἡ
872 517 963 552 ἡμέρα
978 516 1032 544 δεί-

237 558 277 590 ξει
297 558 389 593 ἐκείνη
408 559 425 593 ή
439 559 468 585 ἐν
482 558 549 593 πυρὶ
563 557 824 592 ἀποκαλυπτομένη,
840 559 856 593 ἡ
874 558 904 585 τὸ
916 558 1032 584 ἑκάστου

235 598 316 634 ἔργον
329 599 525 634 δοκιμάζουσα.
543 600 559 633 ή
577 598 627 630 τάς
642 598 787 635 λαμπάδας
801 599 964 626 δεικνύουσα
979 599 1028 631 τὰς

235 640 366 675 λαμπρὰς
389 640 436 666 καὶ
450 640 499 672 τὰς
515 640 544 666 οὐ
560 640 698 671 τοιαύτας.
721 640 787 666 Τότε
803 640 851 667 καὶ
875 641 890 666 6
911 641 981 676 ἔχων
997 640 1028 667 τὸ

236 681 335 714 ἔλαιον,
347 682 394 708 καὶ
409 683 423 708 6
435 683 472 717 μὴ
481 681 560 717 ἔχων,
573 681 651 717 δῆλος
664 681 751 708 ἐσται.
773 681 852 708 Ἀλλὰ
869 682 972 717 μηδένα
982 682 1028 716 γὲ-

234 731 308 750 νοιτο
320 723 381 750 τότε
394 723 540 759 εὑρεθῆναι
550 723 651 759 ταύτης
659 722 761 759 ἔρημον
776 723 827 758 τῆς
839 723 1027 760 παραμυθίας,

584 125 614 152 S.
634 124 776 153 JOANNIS
794 122 1040 152 CIIRYSOSTOMI
1059 122 1221 152 ABGHIEP.
1244 123 1519 153 CONSTANTINOP.

1812 125 1869 154 258

1081 182 1150 210 ἀλλά
1175 183 1277 216 πάντας
1299 183 1395 219 δαψιλῆ
1412 183 1460 219 τὴν
1478 183 1682 219 φιλανθρωπίαν
1703 184 1870 220 ἐπιφερομέ-

1081 233 1153 256 νους,
1174 226 1221 252 καὶ
1237 225 1353 260 φαιδρὰς
1368 225 1480 260 ἔχοντας
1494 225 1544 257 τὰς
1552 225 1707 260 λαμπάδας,
1731 226 1870 252 συνεισελ-

1081 265 1137 292 θεῖν
1150 266 1189 301 τῷ
1203 267 1329 302 νυμφίῳ·
1350 267 1388 298 ὡς
1402 267 1478 293 οὐδὲν
1492 267 1541 302 τῆς
1556 268 1647 302 φωνῆς
1661 267 1767 302 ἐκείνης
1788 269 1873 302 (p065-

1082 307 1200 342 ρώτερον
1215 308 1263 334 καὶ
1280 307 1483 343 ὀδυνηρότερον,
1500 309 1533 343 ἣν
1544 309 1569 334 οἱ
1587 309 1672 345 χωρὶς
1685 308 1870 344 ἐλεημοσύνης

1081 348 1209 382 δαψιλοῦς
1224 349 1350 380 ἀπιόντες
1372 349 1433 376 τότε
1450 349 1611 376 ἀκούσονται
1630 349 1675 376 τοῦ
1691 350 1807 384 νυμφίου
1823 350 1870 376 λέ-

1082 398 1187 423 γοντος,
1214 392 1276 418 οὐκ
1303 389 1368 417 οἶδα
1395 391 1483 425 ὑμᾶς.
1519 391 1598 418 Ἀλλά
1631 392 1737 427 μήποτε
1766 391 1871 427 ταύτης

1081 431 1250 467 ἀκούσαιμεν
1272 431 1323 466 τῆς
1348 432 1451 466 φωνῆς,
1477 432 1544 459 ἀλλά
1566 432 1615 467 τῆς
1631 433 1742 468 ἡδίστης
1763 433 1871 468 ἐκείνης

1082 474 1130 499 καὶ
1145 473 1347 508 ποθεινοτάτης,
1371 473 1469 506 Δεῦτε,
1485 476 1511 501 οἱ
1526 474 1722 509 εὐλογημένοι
1742 474 1794 501 τοῦ
1808 476 1870 501 Πα-

1082 515 1154 548 τρός
1176 524 1248 550 μου,
1280 515 1528 550 κληρονομήσατε
1557 515 1615 549 τὴν
1645 517 1871 551 ἡτοιμασμένην

1081 556 1153 591 ὑμῖν
1170 557 1335 588 ,βασιλειαν
1360 557 1419 584 ἀπὸ
1451 558 1621 592 καταϐολῆς
1645 559 1772 593 κόσμου.
1790 558 1873 585 Οὕτω

1079 598 1134 633 γὰρ
1165 598 1213 624 καὶ
1242 598 1287 624 τὸν
1313 599 1449 634 μακάριον
1473 599 1611 634 ζησόμεθα
1641 600 1708 635 βίον,
1736 600 1782 626 καὶ
1814 601 1874 627 τῶν

1079 638 1190 673 ἀγαθῶν
1213 639 1424 674 ἀπολαυσόμεθα
1450 640 1559 667 πάντων
1571 640 1626 667 τῶν
1639 641 1687 668 καὶ
1703 641 1765 668 νοῦν
1783 642 1873 677 ὑπερ-

1080 681 1225 707 ϐαινόντων
1251 680 1432 716 ἀνθρώπινον·
1463 678 1501 707 ὧν
1527 682 1632 715 γένοιτο
1659 682 1764 715 πάντας
1794 684 1872 719 ἡμᾶς

1080 723 1228 758 ἐπιτυχεῖν,
1244 723 1336 758 χάριτι
1348 723 1396 749 καὶ
1412 722 1611 759 φιλανθρωπίᾳ,
1625 725 1672 751 καὶ
1687 725 1721 751 τὰ
1739 725 1813 760 ἐξῆς.

958 887 1079 914 ΟΜΙΛΙΑ
1098 885 1162 914 AA'.

232 952 276 978 οὐ
284 951 407 979 δύναται
419 951 453 988 δὲ
465 953 482 978 ὁ
492 952 646 988 ὀφθαλμὸς
659 953 754 980 εἰπεῖν
766 953 804 987 τῇ
817 953 903 988 χειρί,
915 955 1024 988 Χρείαν

266 988 399 1023 σουνούκ
420 987 494 1023 ἔχω·
524 987 543 1021 ἣ
563 988 658 1015 πάλιν
683 989 703 1023 ή
719 989 836 1023 κεφαλὴ
856 989 918 1022 τοῖς
937 987 1023 1022 ποσὶ,

266 1022 375 1056 Χρείαν
390 1021 475 1056 ὑμῶν
489 1023 545 1049 οὐκ
560 1023 631 1058 ἔχω.

266 1094 284 1112 α
294 1105 301 1112 .
311 1085 498 1117 Καταστείλας
509 1085 564 1112 τῶν
578 1086 727 1113 ἐλαττόνων
736 1086 782 1114 τὸν
795 1086 901 1121 φθόνον,
917 1086 964 1114 καὶ
976 1085 1025 1122 τὴν

230 1127 350 1162 ἀθυμίαν
361 1127 451 1153 αὐτῶν
469 1127 579 1160 ἐξελὼν,
592 1127 626 1162 ἢν
640 1128 712 1159 εἰκὸς
727 1127 799 1163 ἐχειν
811 1129 909 1159 αὐτοὺς
926 1130 957 1155 ἐκ
976 1128 1024 1155 τοῦ

233 1168 364 1203 μειζόνων
377 1169 488 1203 ἐτέρους
501 1168 689 1204 κατηξιῶσθαι
699 1169 888 1206 χαρισμάτων,
901 1171 1026 1197 ταπεινοῖ

231 1210 279 1236 καὶ
296 1209 398 1237 τούτων
409 1210 454 1237 τὸν
464 1209 548 1245 τῦφον
562 1210 616 1236 τῶν
631 1210 666 1237 τὰ
684 1211 795 1246 μείζονα
808 1211 960 1247 εἰληφότων
972 1220 1023 1246 χα-

231 1252 354 1287 ρίσματα
364 1259 371 1267 ·
389 1252 506 1286 ποιήσας
523 1252 572 1287 μέν
585 1252 651 1279 αὐτὸ
662 1253 709 1279 καὶ
721 1253 751 1279 ἐν
766 1249 807 1285 οἷς
821 1253 890 1288 πρὸς
903 1252 1024 1285 ἐκείνους

229 1292 366 1327 διελέγετο
383 1293 430 1328 (τὺ
446 1293 500 1328 γὰρ
519 1292 618 1328 λέγειν,
641 1293 682 1320 ὅτι
700 1293 824 1330 χάρισμά
840 1295 908 1324 ἐστι,
923 1294 971 1321 καὶ
991 1295 1022 1321 οὐ

229 1335 408 1370 κατόρθωμα,
422 1335 502 1362 τοῦτο
516 1335 693 1370 ἐμφαίνοντος
706 1335 768 1372 ἦν)·
781 1336 840 1363 νυνί⁵
853 1336 882 1362 δὲ
896 1336 962 1362 αὐτὸ
974 1336 1023 1363 καὶ

230 1377 411 1413 σφοδρότερον
425 1377 506 1405 πάλιν
522 1378 604 1410 ποιεῖ,
621 1378 668 1404 ἐπὶ
681 1378 731 1413 τῆς
745 1378 832 1413 αὐτῆς
849 1379 936 1413 μένων
949 1378 1022 1406 εικό-

227 1427 283 1451 νος.
306 1418 373 1445 Ἀπὸ
387 1419 441 1454 γὰρ
461 1418 508 1445 τοῦ
538 1418 665 1455 σώματος
684 1419 778 1446 λοιπὸν
793 1420 902 1455 καὶτῆς
916 1420 1022 1447 ἐκεῖθεν

228 1461 356 1496 ἐνότητος
369 1461 412 1486 ἐπ’
428 1460 513 1496 αὐτὴν
527 1460 582 1487 τῶν
598 1460 687 1496 μελῶν
698 1463 784 1497 χωρεῖ
797 1460 846 1497 τὴν
859 1461 1003 1496 σύγκρισιν
1013 1470 1020 1476 ·

227 1502 242 1529 ὅ
259 1503 375 1537 μάλιστα
389 1501 501 1537 ἐζήτουν
516 1502 614 1529 ἐκεῖνοι
626 1502 739 1537 μαθεῖν·
760 1502 855 1538 ἐπειδὴ
873 1503 921 1538 οὐχ
935 1503 1022 1534 οὕτως

229 1544 322 1570 ἱκανὸν
332 1542 367 1579 ἦν
377 1545 475 1575 αὑτοὺς
486 1543 739 1578 παραμυθήσασθαι
748 1543 779 1570 τὸ
788 1545 892 1576 πάντας
900 1544 929 1570 ἓν
941 1544 1019 1579 σῶμα

228 1583 308 1618 εἶναι,
321 1585 359 1617 ὡς
369 1585 400 1611 τὸ
416 1584 511 1620 μαθεῖν
523 1585 564 1611 ὅτι
577 1584 625 1610 καὶ
636 1585 665 1610 ἐν
678 1585 780 1617 αὐτοῖς,
795 1583 836 1617 οἷς
850 1583 930 1620 εἶχον,
945 1586 1020 1613 οὐδὲν

219 1627 302 1661 -μέγα
326 1625 501 1660 ἠλαττοῦντο.
526 1625 579 1652 Καί
607 1634 706 1660 φησιν·
731 1627 772 1653 Οὐ
802 1627 928 1654 δύναται
945 1627 980 1654 δὲ
1003 1629 1020 1655 ὁ

227 1667 382 1702 ὀφθαλμὸς
398 1666 495 1693 εἰπεῖν
509 1666 545 1701 τῇ
562 1666 648 1701 χειρὶ,
666 1667 775 1702 Χρείαν
800 1674 857 1695 σου
873 1669 929 1695 οὑκ
943 1668 1018 1702 ἔχω·

227 1709 247 1742 ἢ
262 1709 355 1735 πάλιν
369 1709 389 1742 ἠ
407 1708 482 1744 [278]
500 1708 617 1742 κεφαλὴ
632 1709 695 1742 τοῖς
709 1709 793 1740 ποσί,
809 1710 918 1743 Χρείαν
936 1711 1020 1744 ὑμῶν

227 1751 284 1778 οὐκ
297 1751 366 1784 ἔχω.
376 1750 408 1776 El
421 1750 476 1785 γὰρ
487 1750 533 1777 καὶ
544 1750 653 1777 ἔλαττον
670 1751 700 1777 τὸ
715 1752 848 1786 χάρισμα,
858 1751 916 1778 ἀλλ’
932 1753 1018 1786 ἀναγ-

226 1793 319 1819 καῖον·
336 1792 384 1819 καὶ
411 1792 506 1828 ὥσπερ
528 1793 579 1819 οὐκ
602 1791 678 1824 δντος
701 1792 806 1819 ἐκείνου
830 1793 916 1819 πολλὰ
932 1794 1018 1828 ἐμπο-

224 1833 338 1866 δίζεται.
355 1833 426 1861 οὕτω
441 1834 488 1860 καὶ
502 1833 598 1860 τούτου
612 1834 696 1869 χωρὶς
709 1833 823 1869 χωλεύει
837 1834 867 1860 τὺ
881 1834 1018 1870 πλήρωμα

224 1877 274 1910 τῆς
295 1874 469 1911 Ἐκκλησίας.
487 1875 543 1901 Καὶ
557 1875 606 1902 οὐκ
621 1873 708 1907 εἶπεν,
723 1875 780 1902 Οὐκ
803 1876 872 1910 ἐρεῖ,
891 1876 949 1903 ἀλλ’
963 1877 1016 1909 ὅτι,

221 1919 264 1944 οὺ
279 1917 405 1944 δύναται
421 1916 526 1944 εἰπεῖν.
546 1917 627 1943 Ὥστε
642 1917 694 1943 κᾶν
709 1917 784 1954 θέλῃ,
804 1917 855 1944 κᾶν
868 1918 946 1954 λέγῃ,
967 1918 1017 1945 οὐκ

223 1959 372 1994 ἐνδέχεται,
386 1959 446 1985 οὑδέ
461 1958 516 1993 ἔχει
529 1958 560 1985 τὸ
573 1959 691 1994 πρᾶγμα
706 1959 754 1994 τὴν
770 1959 861 1994 φύσιν.
875 1960 924 1986 Διὰ
938 1959 1016 1987 τοῦτο

223 2000 314 2027 λαϐὼν
339 2000 459 2036 ἐκάτερα
482 2000 518 2026 τὰ
541 2000 626 2035 ἄκρα,
647 2001 676 2026 ἐν
700 2001 792 2032 αὐτοῖς
811 2001 945 2036 γυμνάζει
969 2001 1015 2029 τὸν

223 2043 313 2076 λόγον,
333 2042 441 2078 πρῶτον
458 2042 507 2077 μὲν
533 2042 580 2068 ἐπὶ
604 2043 696 2078 χειρὸς
721 2043 768 2069 καὶ
787 2043 938 2078 ὀφθαλμοῦ,
956 2043 1016 2070 δεύ-

221 2092 302 2119 τερον
327 2084 355 2110 δὲ
373 2084 420 2110 ἐπὶ
435 2083 557 2118 κεφαλῆς
576 2085 624 2110 καὶ
651 2084 751 2117 ποδῶν,
766 2084 856 2116 αὔξων
870 2085 901 2111 τὸ
923 2085 1015 2120 παρά-

220 2125 331 2159 δειγμα.
350 2124 383 2150 Τί
409 2124 464 2159 γάρ
487 2124 568 2155 ποδὸς
586 2124 786 2161 εὐτελέστερον,
805 2126 821 2160 ἦ
847 2127 874 2152 τί
892 2127 1014 2162 κεφαλῆς

221 2166 386 2202 τιμιώτερον
411 2166 459 2192 καὶ
476 2165 705 2201 ἀναγκαιότερον;
729 2167 808 2193 τοῦτο
826 2167 880 2202 γὰρ
897 2168 1014 2203 μάλιστά

221 2209 297 2234 ἐστιν
314 2207 468 2242 ἄνθρωπος,
483 2207 500 2241 ἡ
524 2206 640 2242 κεφαλή.
674 2207 744 2234 Ἀλλ’
770 2209 845 2244 ὅμως
868 2211 918 2236 οὐκ
939 2210 1013 2237 ἐστιν

220 2250 374 2285 αὐτάρκης,
393 2248 453 2274 ούδέ
470 2248 504 2274 τά
520 2249 608 2276 πάντα
634 2249 703 2285 αὐτὴ
727 2249 828 2277 δύναιτ’
851 2252 884 2278 ἂν
899 2251 991 2279 ἀνύειν
1003 2260 1010 2268 ·

221 2291 282 2317 ἐπεὶ
294 2291 319 2317 εἰ
330 2290 409 2317 τοῦτο
419 2288 462 2324 ἦν,
475 2289 612 2325 περιττῶς
623 2291 687 2325 ἡμῖν
698 2292 722 2317 οἱ
736 2291 814 2323 πόδες
826 2292 1011 2327 προσέκειντο.

221 2333 278 2360 Καὶ
292 2332 353 2359 οὐδὲ
366 2331 432 2367 ἔστη
450 2332 531 2367 μέχρι
547 2332 655 2364 τούτου,
671 2332 739 2359 ἀλλὰ
755 2333 801 2359 καὶ
817 2334 913 2369 ἐτέραν
926 2334 1012 2369 ὑπερ-

221 2373 302 2409 δολὴν
317 2374 407 2408 ζητεί’
423 2373 491 2409 ὅπερ
510 2374 555 2400 ἀεὶ
575 2375 658 2406 ποιεῖ,
674 2375 705 2401 οὺ
727 2375 808 2410 μέχρι
828 2375 875 2401 τοῦ
893 2376 950 2403 ῖσου
967 2385 1012 2409 φι-

221 2415 363 2447 λονεικῶν,
380 2414 449 2441 ἀλλὰ
465 2415 512 2441 καὶ
532 2415 687 2450 περαιτέρω
711 2416 876 2451 προϐαίνων.
894 2417 940 2443 Διὸ
964 2418 1011 2444 καὶ

220 2456 318 2490 ἐπάγει
333 2456 420 2490 λέγων
430 2463 437 2470 ³
460 2456 548 2483 Ἀλλὰ
563 2456 668 2489 πολλῷ
680 2457 802 2492 μᾶλλον
815 2458 851 2484 τὰ
863 2457 1011 2486 δοκοῦντα

217 2498 296 2533 μέλη
308 2498 361 2524 τοῦ
374 2497 509 2532 σώματος
526 2498 730 2533 ἀσθενέστερα
746 2499 902 2534 ὑπάρχειν,
917 2501 1009 2536 dwar—

220 2539 290 2566 καῖά
305 2539 388 2565 ἐστι·
407 2539 458 2566 καὶ
474 2538 493 2566 ἁ
512 2539 663 2574 δοκοῦμεν
684 2541 841 2576 ἀτιμότερα
860 2540 936 2569 εἶναι
955 2542 1009 2570 τοῦ

219 2580 367 2614 σώματος,
397 2581 514 2613 τούτοις
539 2581 629 2615 τιμὴν
654 2582 873 2617 περισσοτέραν
901 2584 1009 2618 περιτί-

219 2623 308 2656 θεμεν
317 2627 330 2641 ﬂ
342 2631 348 2637 ι
361 2622 410 2648 καὶ
425 2622 602 2656 τὰσχήμονα
613 2623 698 2657 ἡμῶν
706 2625 945 2659 εὐσχημοσύνην
957 2634 1008 2652 πε-

218 2664 400 2699 ρισσοτέραν
417 2664 479 2698 ἔχει
490 2673 496 2680 ·
515 2666 653 2699 πανταχοῦ
668 2665 716 2700 τὴν
724 2666 772 2692 τοῦ
785 2666 911 2702 σώματος
922 2676 1006 2702 προσ-

219 2706 306 2741 θήκην
325 2705 421 2737 τιθεὶς,
439 2706 486 2732 καὶ
502 2705 587 2741 ταύτῃ
611 2707 734 2733 κάκεῖνον
759 2708 1006 2744 παραμυθούμενος

218 2749 267 2776 καὶ
284 2748 378 2775 τοῦτον
394 2747 594 2776 καταστέλλων.
612 2749 647 2775 Οὺ
661 2748 715 2784 γὰρ
729 2750 807 2777 τοῦτο
817 2751 898 2785 λέγω,
912 2751 1004 2786 φησὶν,

249 2859 262 2872 ⁸
274 2857 350 2889 Mars.
367 2856 453 2887 Savil.,
465 2857 588 2888 ἐντίθεμεν.

1077 954 1119 980 ὅτι
1135 954 1165 981 ού
1184 953 1265 989 μόνον
1275 953 1370 989 χρείαν
1382 953 1438 989 ἔχει
1452 953 1488 980 τὰ
1506 953 1616 989 μείζονα
1628 954 1682 980 τῶν
1701 954 1870 989 ἐλαττόνων,

1075 995 1132 1022 ἀλλ’
1147 996 1188 1022 ὅτι
1206 995 1254 1022 καὶ
1271 995 1371 1031 πολλὴν
1394 995 1489 1030 χρείαν
1505 995 1571 1030 ἔχει.
1589 995 1623 1022 Et
1635 1005 1660 1022 τι
1677 997 1733 1032 γὰρ
1753 997 1871 1030 ἀσθενὲς·

1075 1038 1104 1064 ἐν
1123 1039 1202 1074 ἡμῖν,
1222 1038 1250 1064 εῐ
1261 1046 1288 1064 τι
1301 1038 1408 1073 ἄτιμον,
1423 1037 1502 1064 τοῦτο
1524 1037 1572 1064 καὶ
1589 1038 1737 1072 ἀναγκαῖον
1762 1038 1808 1065 καὶ
1820 1046 1870 1065 τι-

1076 1079 1131 1114 μὴς
1153 1078 1286 1106 ἀπολαύει
1315 1079 1448 1114 μείζονος.
1471 1079 1527 1106 Καὶ
1540 1079 1630 1111 καλῶς
1656 1077 1727 1111 εἷπε,
1756 1080 1793 1107 Τὰ
1814 1080 1872 1107 δο-

1076 1120 1198 1151 κοῦντα,
1219 1121 1276 1152 καὶ,
1303 1121 1333 1147 Ἀ
1350 1120 1508 1155 δοκοῦμεν,
1520 1121 1626 1153 δεικνὺς
1641 1121 1682 1148 ὅτι
1698 1121 1728 1147 οὺ
1745 1121 1795 1157 τῆς
1812 1122 1872 1156 φύ-

1075 1170 1144 1193 σεως
1155 1161 1209 1188 τῶν
1224 1162 1406 1197 πραγμάτων,
1417 1162 1486 1189 ἀλλά
1495 1162 1545 1197 τῆς
1557 1162 1611 1188 τῶν
1624 1162 1729 1190 πολλῶν
1738 1163 1873 1194 ὑπονοίας

1074 1203 1090 1238 ή
1103 1203 1202 1238 ψῆφος.
1220 1203 1302 1230 Οὐδὲν
1321 1204 1374 1240 γὰρ
1391 1205 1419 1230 ἐν
1434 1205 1500 1240 ημῖν
1512 1204 1609 1238 ἄτιμον
1619 1212 1625 1218 ·
1637 1204 1705 1231 Θεοῦ
1718 1204 1772 1240 γὰρ
1786 1205 1873 1240 ἔργον

1075 1245 1145 1271 ἐστί.
1161 1244 1194 1270 Τί
1209 1244 1263 1280 γὰρ
1277 1245 1332 1272 τῶν
1345 1245 1448 1281 μορίων
1460 1245 1514 1273 τῶν
1525 1246 1691 1280 γεννητικῶν
1704 1246 1872 1281 ἀτιμότερον

1073 1285 1104 1312 ἐν
1119 1287 1185 1321 ἡμῖν
1208 1284 1277 1313 εἶναι
1293 1287 1381 1320 δοκεῖς
1405 1287 1475 1313 Ἀλλ’
1501 1287 1576 1322 ὅμως
1593 1286 1714 1319 πλείονος
1734 1287 1873 1314 ἀπολαύει

1072 1328 1156 1362 τιμῆς
1166 1336 1174 1343 ·
1190 1327 1238 1355 καὶ
1255 1329 1281 1354 οἱ
1296 1328 1398 1364 σφόδρα
1413 1329 1529 1364 πένητες
1544 1328 1595 1355 κᾶν
1610 1328 1640 1354 τδ
1654 1328 1746 1355 λοιπὸν
1760 1329 1873 1364 γυμνὸν

1073 1368 1157 1404 ἔχωσι
1166 1370 1257 1405 σῶμα,
1270 1370 1320 1397 οὐκ
1333 1370 1365 1397 ἀν
1375 1370 1536 1406 ἀνάσχοιντο
1547 1371 1639 1397 ἐκεῖνα
1651 1370 1685 1397 τὰ
1700 1370 1767 1405 μέλη
1777 1371 1872 1404 δεῖξαι

1072 1410 1174 1445 γυμνά.
1201 1411 1298 1438 Καίτοι
1313 1420 1345 1446 γε
1369 1412 1419 1447 οὐχ
1445 1411 1514 1446 αὕτη
1540 1411 1596 1438 τῶν
1618 1412 1725 1446 ἀτίμων
1742 1412 1758 1446 ὴ
1774 1412 1870 1445 τάξις,

1072 1452 1142 1479 ἀλλά
1164 1453 1263 1487 μᾶλλον
1284 1453 1339 1480 τῶν
1357 1453 1445 1481 ἀλλων
1470 1453 1700 1488 καταφρονεῖσθαι
1721 1453 1784 1480 ἐδει.
1809 1455 1873 1481 Καὶ

1071 1493 1126 1530 γὰρ
1152 1495 1181 1520 ἐν
1197 1495 1286 1531 οἰκείᾳ
1306 1495 1320 1522 6
1339 1495 1511 1531 ἠτιμωμένος
1532 1495 1641 1530 οἰκέτης
1662 1495 1693 1521 οὺ
1722 1495 1800 1530 μόνον
1812 1496 1874 1524 οὐκ

1071 1535 1203 1563 ἀπολαύει
1230 1535 1352 1569 πλείονος
1367 1537 1524 1572 θεραπείας,
1551 1536 1608 1564 ἀλλ’
1623 1536 1682 1563 οὐδὲ
1702 1537 1757 1563 τῶν
1773 1537 1873 1565 αὐτῶν

1072 1576 1206 1609 ἀξιοῦται.
1231 1578 1312 1604 Ὥστε
1335 1578 1360 1604 εἰ
1377 1579 1425 1605 καὶ
1449 1578 1528 1606 τοῦτο
1542 1578 1638 1613 ἄτιμον
1661 1575 1706 1613 ἦν,
1732 1578 1763 1605 ού
1781 1579 1873 1614 μόνον

1072 1619 1204 1653 μειζόνων
1221 1619 1368 1646 ἀπολαύειν
1382 1620 1432 1647 οὐκ
1447 1620 1512 1652 ἔδει,
1530 1619 1586 1646 ἀλλ’
1602 1619 1663 1646 οὐδὲ
1682 1619 1737 1646 τῶν
1752 1621 1847 1648 αὐτῶν
1859 1630 1870 1637 ο

1070 1661 1129 1687 νυνὶ
1144 1661 1172 1687 δὲ
1191 1661 1313 1694 πλείονος
1327 1661 1458 1688 ἀπολαύει
1477 1663 1572 1697 τιμῆς,
1595 1662 1643 1688 καὶ
1657 1661 1735 1688 τοῦτο
1748 1662 1798 1697 τῆς
1812 1664 1869 1691 τοῦ

1070 1702 1140 1729 Θεοῦ
1156 1702 1251 1737 σοφίας
1265 1703 1468 1739 ἐργασαμένης.
1483 1704 1545 1736 Τοῖς
1559 1704 1609 1739 μέν
1623 1703 1677 1739 γὰρ
1690 1703 1720 1730 ἐν
1732 1705 1764 1740 τῇ
1779 1704 1868 1739 φύσει

1070 1744 1100 1770 τὺ
1119 1744 1157 1779 μὴ
1171 1744 1276 1771 δεῖσθαι
1299 1745 1402 1772 ἔδωκε·
1419 1747 1476 1777 τοῖς
1492 1745 1530 1777 δέ,
1551 1745 1645 1779 ἐπειδὴ
1666 1745 1695 1772 ἐν
1718 1747 1751 1781 τῇ
1777 1746 1866 1780 φύσει

1069 1785 1119 1812 οὐκ
1134 1785 1244 1819 ἔδωκεν,
1263 1787 1336 1822 ἡμᾶς
1350 1787 1479 1822 παρέχειν
1500 1786 1664 1822 ἠνάγκασεν.
1687 1787 1756 1813 Ἀλλ’
1769 1788 1800 1814 οὐ
1815 1787 1869 1815 διὰ

1070 1826 1151 1853 τοῦτο
1165 1827 1250 1863 ἄτιμα
1260 1835 1267 1843 ⁶
1283 1828 1343 1854 ἐπεὶ
1357 1828 1405 1855 καὶ
1421 1828 1454 1854 τὰ
1469 1828 1529 1859 ζῶα
1547 1830 1576 1855 ἐν
1589 1830 1622 1864 τῇ
1641 1829 1719 1864 φύσει
1734 1828 1765 1855 τὺ
1781 1829 1867 1856 ἀνεν-

1067 1868 1127 1900 δεές
1141 1869 1209 1904 ἔχει,
1225 1869 1272 1896 καὶ
1280 1869 1342 1896 οὔτε
1359 1870 1476 1905 ἱματίων
1484 1870 1580 1904 δεῖται,
1589 1870 1651 1898 οὔτε
1663 1871 1865 1907 ὑποδημάτων,

1067 1909 1130 1938 οὔτε
1156 1911 1268 1947 ὀρόφου,
1285 1912 1319 1938 τὰ
1336 1911 1444 1939 πλείονα
1469 1913 1571 1939 αὐτῶν·
1592 1913 1648 1940 ἀλλ’
1665 1913 1695 1939 οὐ
1719 1913 1763 1940 διὰ
1777 1913 1865 1941 τοῦτο

1067 1953 1229 1994 ἀτιμότερον
1258 1954 1347 1980 αὐτῶν
1373 1955 1403 1980 τὺ
1429 1954 1508 1990 σῶμα
1538 1955 1568 1982 τὸ
1591 1956 1735 1991 ἡμέτερον,
1761 1957 1864 1994 ἐπειδὴ

1067 1993 1176 2020 πάντων
1189 1994 1274 2021 δεῖται
1292 1994 1404 2023 τούτων.
1420 1996 1474 2023 Καὶ
1492 1996 1547 2032 γὰρ
1565 1997 1643 2030 εἴτις
1659 1999 1780 2035 ἀκριϐῶς
1798 1993 1862 2033 ἐξεί

1065 2035 1170 2067 τάσειε,
1192 2036 1240 2063 καὶ
1262 2037 1329 2072 αὐτῇ
1345 2039 1378 2073 τῇ
1404 2038 1484 2071 φύσει
1506 2038 1584 2073 τίμιά
1599 2048 1628 2065 τε
1645 2040 1692 2067 καὶ
1718 2041 1862 2075 ἀναγκαῖά

1065 2077 1138 2104 ἐστιν
1149 2086 1155 2093 ·
1168 2077 1182 2104 ὃ
1193 2078 1224 2113 δὴ
1239 2078 1286 2104 καὶ
1300 2079 1381 2110 αὐτὸς
1394 2079 1512 2114 ᾐνίξατο,
1528 2080 1576 2107 οὐκ
1586 2081 1640 2108 ἀπὸ
1651 2082 1702 2116 τῆς
1717 2083 1861 2118 ἡμετέρας

1067 2118 1143 2156 [279]
1162 2119 1322 2155 ἐπιμελείας
1336 2122 1382 2147 καὶ
1396 2120 1442 2148 τοῦ
1460 2121 1581 2153 πλείονος
1596 2123 1743 2158 ἀπολαύειν
1759 2126 1859 2159 τιμῆς,

1064 2160 1133 2187 ἀλλὰ
1155 2161 1202 2187 καὶ
1225 2161 1280 2188 ἀπὸ
1301 2162 1350 2197 τῆς
1374 2163 1428 2189 τῶν
1448 2163 1618 2198 πραγμάτων
1639 2164 1747 2199 φύσεως
1760 2166 1857 2198 αὐτοῖς

1064 2201 1264 2237 ψηφισάμενος.
1279 2203 1335 2234 Διὸ,
1351 2203 1415 2230 ὅταν
1431 2204 1480 2240 μὲν
1497 2205 1597 2240 ἀσθενῆ
1614 2205 1681 2242 λέγῃ
1695 2207 1741 2233 καὶ
1756 2208 1856 2242 ἀτίμα,

1068 2244 1106 2271 Τὰ
1118 2244 1267 2271 δοκοῦντα
1280 2244 1354 2279 λέγει
1365 2253 1371 2259 ’
1387 2246 1451 2273 ὅταν
1465 2246 1493 2273 δὲ
1507 2247 1655 2281 ἀναγκαῖα,
1667 2249 1757 2275 οὐκέτι
1769 2257 1859 2284 προσ-

1062 2285 1164 2320 τίθησι,
1179 2285 1216 2312 Τὰ
1230 2286 1389 2319 δοκοῦντα,
1403 2287 1459 2314 ἀλλ’
1470 2289 1550 2321 αὐτὸς
1561 2289 1739 2323 ἀποφαίνεται
1753 2290 1856 2324 λέγων,

1062 2327 1103 2353 ὅτι
1118 2327 1255 2361 ἀναγκαῖά
1271 2327 1330 2354 ἐστι
1340 2337 1346 2343 ·
1363 2329 1410 2355 καὶ
1425 2329 1496 2364 μάλα
1512 2331 1634 2362 εἰκότως.
1649 2332 1703 2358 Καὶ
1717 2331 1771 2368 γὰρ
1783 2333 1855 2368 πρὸς

1062 2368 1234 2394 παιδοποιίαν
1249 2369 1296 2395 καὶ
1311 2369 1359 2404 τὴν
1374 2369 1420 2396 τοῦ
1435 2370 1530 2404 γένους
1548 2372 1627 2406 ἡμῶν
1642 2371 1766 2408 διαδοχὴν
1782 2375 1856 2410 χρή-

1062 2418 1139 2444 σιμα.
1165 2410 1213 2436 Διά
1240 2411 1318 2437 τοῦτο
1343 2411 1390 2438 καὶ
1417 2412 1442 2438 οί
1457 2412 1600 2447 νομοθέται
1619 2413 1761 2448 Ῥωμαίων
1787 2416 1856 2449 τοὺς

1060 2450 1146 2478 ταῦτα
1161 2452 1418 2488 ἀκρωτηριάζοντας
1434 2453 1469 2480 τὰ
1492 2454 1559 2489 μέλη
1583 2454 1630 2481 καί¹
1645 2455 1788 2487 ποιοῦντας
1803 2457 1854 2483 εὐ-

1060 2492 1171 2528 νούχους
1193 2493 1363 2526 κολάζουσιν,
1379 2494 1426 2521 ἀτε
1441 2494 1480 2530 τῷ
1496 2495 1578 2531 κοινῷ
1595 2496 1667 2530 γένει
1681 2496 1853 2533 λυμαινομέ-

1060 2542 1132 2567 νους,
1148 2535 1195 2561 καὶ
1212 2535 1280 2571 αὐτῇ
1304 2535 1508 2572 ἐπηρεάζοντας
1524 2539 1557 2573 τῇ
1581 2538 1671 2572 φύσει.
1693 2539 1763 2565 Ἀλλ’
1779 2540 1852 2566 ἀπό-

1058 2575 1147 2602 λοιντο
1161 2577 1186 2602 al
1208 2577 1364 2611 ἀκόλαστοι,
1381 2579 1406 2604 οἱ
1419 2577 1466 2604 τοῦ
1481 2578 1549 2605 Θεοῦ
1568 2579 1603 2606 τὰ
1618 2579 1852 2616 δημιουργήματα

1058 2617 1258 2650 διαόάλλοντες.
1281 2619 1387 2655 Ὥσπερ
1401 2619 1456 2656 γὰρ
1476 2620 1514 2656 τῷ
1529 2621 1592 2657 οϊνῳ
1615 2622 1707 2649 πολλοὶ
1725 2622 1768 2650 διὰ
1784 2624 1851 2656 τοὺς·

1059 2658 1209 2692 μεθύοντας
1222 2661 1422 2696 κατηράσαντο,
1439 2661 1486 2688 καὶ
1497 2663 1528 2696 τῇ
1545 2662 1624 2697 φύσει
1638 2663 1692 2690 τῶν
1708 2665 1850 2698 γυναικῶν

1056 2698 1101 2725 διὰ
1116 2700 1166 2730 τὰς
1184 2703 1378 2737 μοιχευομένας
1389 2710 1396 2717 ·
1412 2702 1483 2730 οὕτω
1500 2704 1548 2730 καὶ
1563 2705 1597 2730 τὰ
1617 2705 1684 2740 μέλη
1703 2706 1790 2732 ταῦτα
1806 2707 1850 2733 αἰ-

1057 2741 1127 2776 σχρά
1148 2741 1218 2769 εἶναι
1241 2743 1368 2778 ἐνόμισαν
1391 2744 1435 2771 διὰ
1455 2746 1519 2777 τοὺς
1547 2747 1597 2773 οὐκ
1612 2749 1653 2778 είς
1669 2747 1730 2774 δέον
1753 2749 1849 2781 αὐτοῖς

1055 2782 1224 2817 χρωμένους.
1249 2785 1318 2811 Ἀλλ’
1338 2786 1388 2812 οὐκ
1403 2786 1504 2822 ἐχρῆν·
1530 2788 1560 2814 οὐ
1583 2788 1637 2824 γὰρ
1652 2790 1684 2824 τῇ
1701 2789 1781 2823 φύσει
1800 2791 1848 2816 τοῦ

1055 2824 1218 2859 πράγματος
1234 2826 1250 2860 ή
1270 2827 1390 2862 ἁμαρτία
1407 2828 1643 2864 συγκεκλήρωται,
1661 2831 1719 2856 ἀλλ’
1733 2832 1787 2858 ἀπὸ
1796 2832 1846 2866 τῆς

1055 2866 1241 2899 προαιρέσεως
1250 2867 1371 2896 τίκτεται
1383 2868 1429 2895 τοῦ
1441 2870 1593 2905 τολμῶντος
1602 2872 1631 2898 το
1643 2872 1845 2906 πλημμέλημα.
