2034 3109
152 165 202 193 257

188 222 309 250 Pecunia
333 223 492 256 spementtte.
506 233 541 242 —-
554 219 593 248 Ne
610 228 675 256 ergo
693 228 743 248 nos
754 227 859 256 quoque
880 219 943 248 talia

152 272 293 302 patiamur,
311 266 411 294 diaboli
432 265 570 294 machinas
594 266 763 300 irrideamus,
788 266 846 301 ejus
867 266 943 293 funes

152 313 313 348 frangamus,
331 312 516 348 dirumpamus
532 313 620 347 gravis
636 313 735 340 lanceae
753 313 902 347 cuspidem,
916 316 943 340 et

154 366 256 386 omnem
278 359 303 386 ei
317 359 421 386 aditum
440 359 659 386 iutercludamus.
675 359 702 386 Si
723 359 794 387 enim
817 359 942 393 pecunias

153 404 278 436 irriSeris,
294 412 347 431 non
361 404 441 432 habet
454 412 507 440 quo
521 409 546 432 te
558 404 699 440 percutiat,
717 413 768 432 non
783 404 862 432 habet
874 405 943 432 ttnde

151 450 333 484 apprehendat
350 459 357 478 :
373 459 434 477 nam
455 450 573 478 radicem
593 451 715 478 evulsisti
730 451 862 478 malorum
876 459 884 483 ;
898 459 942 478 ra-

148 496 209 524 dice
222 504 285 523 vero
296 496 412 529 sublata,
431 504 518 532 neque
539 496 624 523 malus
646 497 807 531 germinabit
828 497 939 523 fructus.
955 501 959 508 ‘

149 541 212 569 llaec
224 549 332 577 semper
342 542 473 573 dicamus.
483 547 510 570 et
522 542 601 570 ﬁnem
613 542 717 570 dicendi
729 550 781 569 nou
795 542 921 569 faciamus
934 551 942 569 :

151 596 183 615 an
198 595 263 615 vero
273 588 397 616 dicentes
410 588 509 623 aliquid
525 589 706 624 proﬁciamus,
719 589 778 616 dies
791 589 837 616 ille
850 594 941 615 OSIett-

148 634 205 666 del,
225 632 271 669 qui
288 634 313 660 in
330 634 390 669 igne
406 633 578 667 revelabitur,
593 635 638 669 qui
655 634 863 669 uniuscujusque
876 642 943 669 opus

149 679 311 714 cxplorabit,
328 679 373 714 qui
396 679 533 715 lampadas
556 680 679 707 ostendet
701 679 823 707 lucentes
846 684 873 707 et
896 687 944 707 eas

148 733 206 760 quae
224 725 292 753 tales
305 733 358 753 non
370 729 441 753 sunt.
454 725 528 753 Tunc
538 726 693 753 manifestus
703 726 754 753 erit
766 727 788 753 is
797 727 841 761 qui
855 725 942 753 oleum

149 771 239 802 habet.
256 777 283 799 et
298 772 321 799 is
338 773 382 807 qui
397 780 450 800 non
465 772 556 800 habet.
571 772 624 800 Sed
644 772 709 799 faxit
723 773 792 800 Deus
806 777 835 800 ut
856 773 943 800 nullus

798 898 972 930 HOMILIA

148 972 213 1000 Car.
226 971 268 999 Β.
286 979 313 999 v.
326 973 371 1000 2|.
387 971 448 1000 Non
463 976 543 1007 potest
555 977 639 999 autent
652 973 740 1000 oculus
755 972 838 1000 dicere
846 971 942 1002 manui.

184 1017 270 1054 Opera
289 1023 333 1044 tua
355 1026 405 1044 non
426 1017 549 1052 indigeo;
569 1023 612 1044 aut
626 1018 716 1044 iterum
730 1022 808 1053 caput
824 1017 939 1053 pedibus,

183 1062 244 1089 Non
259 1063 319 1089 estis
335 1063 396 1089 mihi
412 1063 556 1090 necessarii.

183 1109 209 1135 Ι.
229 1108 374 1142 Postquam
393 1109 525 1136 minorum
543 1108 668 1136 invidiam
685 1113 862 1144 represserat.
879 1109 940 1136 illo-

152 1163 262 1190 rumque
276 1163 422 1183 mmrorem
437 1155 602 1189 abstulerat,
616 1164 695 1191 quem
711 1155 868 1191 concepisse
881 1156 940 1183 illos

150 1202 293 1229 verisimile
306 1207 366 1229 erat
379 1210 412 1229 ex
432 1210 480 1235 eo,
501 1202 572 1237 quod
586 1202 630 1229 alii
645 1202 792 1236 majoribus
808 1201 885 1229 donis
898 1201 940 1229 di-

149 1247 220 1282 gnati
244 1247 358 1275 fuissent
373 1269 381 1280 ,
397 1247 490 1275 horum
506 1247 603 1275 fastum
618 1248 761 1283 deprimit,
775 1249 820 1283 qui
837 1248 938 1283 majora

148 1293 215 1320 dona
229 1298 401 1328 acceperant.
415 1294 536 1329 Cumque
551 1293 603 1322 hoc
619 1293 742 1327 fecisset,
760 1294 866 1329 quando
879 1301 939 1321 cum

147 1339 198 1366 illis
210 1339 362 1367 disserebat
377 1339 487 1374 (dicere
501 1340 582 1371 enim,
605 1340 669 1367 illud
685 1348 745 1368 esse
765 1340 864 1367 donum
877 1347 939 1374 gra-

148 1386 255 1418 tuitutn,
265 1390 292 1412 et
304 1393 358 1412 non
371 1385 468 1413 bonum
483 1394 561 1420 opus,
574 1386 624 1413 hoc
637 1391 730 1420 aperte
744 1386 938 1421 signiﬁcabat):

147 1439 217 1459 nunc
228 1437 320 1459 autem
334 1431 448 1466 idipsum
462 1431 647 1459 vehementius
659 1432 729 1465 facit,
740 1432 766 1458 in
780 1432 873 1459 eadem
887 1440 941 1459 ma-

148 1485 212 1504 nens
224 1477 355 1512 tmagine:
366 1485 382 1504 a
395 1485 507 1512 corpore
520 1478 591 1505 enim
605 1482 632 1505 et
642 1478 674 1506 ab
689 1478 810 1513 ejusdem
827 1479 938 1511 unitate,

147 1523 179 1549 ad
191 1523 275 1557 ipsam
290 1523 472 1550 membrorum
481 1524 708 1558 comparationem
725 1525 858 1559 procedit:
868 1525 939 1560 quod

149 1568 197 1602 ipsi
217 1569 335 1598 maxime
356 1569 459 1597 discere
474 1570 621 1604 optabant;
637 1570 698 1605 quia
712 1571 745 1597 ad
769 1571 829 1598 illos
843 1578 940 1598 conso-

149 1614 240 1642 landos
249 1623 302 1642 non
311 1620 403 1650 aptum
414 1619 471 1643 erat
481 1615 554 1648 illud,
562 1616 632 1651 quod
641 1624 736 1644 omnes
747 1625 827 1644 unum
841 1625 939 1652 corpus

148 1666 236 1688 essent
248 1670 255 1694 ;
270 1669 352 1697 quam
363 1669 423 1689 cum
436 1662 583 1694 discerent,
595 1669 625 1690 se
637 1663 662 1690 in
683 1663 716 1690 iis
729 1671 789 1698 quae
807 1662 940 1691 habebant

150 1715 199 1734 non
221 1708 367 1735 admodum
395 1709 536 1736 inferiores
555 1716 625 1736 esse.
650 1709 684 1736 Et
706 1709 762 1736 ait:
777 1708 839 1736 Non
859 1715 939 1745 potest

149 1760 229 1781 autem
251 1755 342 1782 oculus
362 1755 446 1782 dicere
465 1756 562 1788 manui,
585 1755 669 1791 Opera
688 1761 733 1782 tua
753 1764 803 1782 non
818 1756 939 1791 indigeo;

148 1806 191 1827 aut
212 1802 304 1828 iterum
323 1806 401 1837 caput
421 1802 534 1837 pedibus,
554 1801 615 1828 Non
635 1801 694 1829 estis
718 1802 780 1828 mihi
793 1803 938 1829 necessarii.

148 1847 211 1874 Nam
226 1847 277 1874 etsi
294 1847 394 1874 donum
408 1847 443 1874 sit
458 1847 544 1874 minus
558 1868 564 1878 ,
588 1852 616 1874 at
636 1848 815 1875 necessarium
835 1852 896 1875 est:
913 1852 940 1875 et

146 1894 215 1921 sit-ut
230 1893 332 1928 absque
347 1894 392 1921 illo
405 1894 488 1921 multa
502 1898 564 1921 sunt
580 1893 769 1928 impedimenta
782 1914 789 1926 ,
805 1893 841 1921 ita
858 1894 938 1921 etiam

147 1939 205 1966 sine
221 1938 274 1965 hoc
290 1939 424 1973 plenitudo
437 1939 564 1967 Ecclesia:
579 1939 722 1966 claudicat.
744 1939 837 1974 Neque
851 1939 936 1973 dixit,

147 1984 203 2012 Non
219 1984 303 2017 dicet,
315 1985 372 2016 sed,
388 1984 449 2011 Non
463 1990 545 2020 potest
554 1985 655 2017 dicere;
671 1985 706 2012 ita
720 1991 758 2017 ut,
774 1985 880 2013 etiatnsi
894 1994 940 2013 vo-

145 2031 236 2064 luerit,
257 2031 362 2058 etiamsi
377 2031 485 2064 dixerit,
512 2039 566 2058 nou
587 2031 683 2063 valeat,
704 2039 791 2067 neque
812 2039 855 2059 res
879 2039 938 2059 eam

146 2077 245 2105 habeat
264 2083 397 2105 naturam.
413 2077 476 2105 Ideo
488 2078 541 2106 duo
560 2082 677 2106 extrema
692 2085 843 2111 aSsumens,
865 2078 891 2106 in
907 2079 939 2107 iis

145 2130 299 2151 sermonem
310 2129 418 2152 exercet
433 2133 439 2151 :
455 2124 541 2159 primo
553 2123 660 2158 quidem
672 2123 706 2151 de
716 2131 797 2151 manu
810 2129 838 2151 et
849 2124 937 2158 oculo,

145 2169 265 2197 secundo
280 2175 370 2197 autem
390 2170 424 2197 de
437 2170 524 2204 capite
537 2175 565 2197 et
578 2169 645 2205 pede
655 2191 662 2202 ,
677 2170 828 2204 exemplum
840 2171 937 2205 ampli-

145 2217 238 2244 ﬁcatis.
256 2217 326 2250 Quid
343 2217 414 2244 enim
431 2217 499 2251 pede
515 2216 592 2244 vilius
605 2216 617 2243 ?
630 2221 675 2244 aut
688 2217 751 2252 quid
766 2218 853 2256 capite
871 2226 938 2252 pra:-

144 2264 259 2291 stantius
281 2269 310 2291 et
328 2264 413 2298 magis
435 2264 637 2291 necessarium?
658 2263 709 2291 hoc
730 2264 802 2291 enim
824 2265 938 2292 maxime

145 2309 226 2337 homo
239 2314 282 2338 est
293 2330 302 2343 ,
322 2318 417 2345 nempe
432 2315 523 2345 caput.
546 2311 669 2337 Attamen
684 2318 736 2337 non
750 2315 791 2338 est
802 2310 851 2338 sibi
865 2310 939 2338 sufﬁ-

143 2357 216 2383 ciens
227 2377 234 2388 ,
250 2364 339 2391 neque
351 2357 439 2383 omnia
457 2357 584 2391 perﬁcere
600 2357 694 2391 possit.
705 2357 772 2384 Natu
794 2357 816 2384 si
831 2357 882 2395 hoc
894 2365 938 2385 es-

143 2409 194 2435 set,
210 2411 410 2438 supervacanea
431 2403 507 2431 nobis
521 2403 604 2438 pedes
618 2403 714 2438 adjecti
732 2407 832 2431 essent.
846 2403 938 2439 Neque

145 2454 231 2476 tamen
249 2449 293 2476 hic
306 2449 435 2481 substitit,
451 2449 498 2477 sed
515 2455 543 2477 et
555 2450 633 2476 aliam
649 2449 744 2484 quaerit
758 2449 934 2485 hyperbolen,

143 2495 170 2522 id
183 2496 256 2531 quod
271 2502 380 2530 semper
394 2495 466 2529 facit,
478 2503 531 2522 non
543 2503 627 2530 usque
638 2495 671 2522 ad
685 2495 863 2530 aequalitatem
877 2503 938 2523 con-

143 2542 276 2576 tendens,
301 2542 349 2570 sed
370 2542 451 2570 etiam
475 2542 587 2570 ulterius
611 2542 794 2577 progrediens.
821 2541 937 2577 Ideoque

142 2588 279 2624 subjungit
292 2588 386 2616 dicens
399 2597 407 2615 :
428 2588 475 2615 22.
490 2588 543 2616 Sed
556 2588 634 2615 multo
653 2588 734 2623 magis
751 2596 808 2623 qua:
821 2587 937 2616 uidentur

143 2636 256 2663 membra
272 2635 387 2669 corporis
398 2635 519 2670 inferiora
533 2643 596 2667 esse,
612 2633 784 2661 necessariam
796 2638 855 2660 sunt
866 2641 876 2661 :
889 2633 935 2661 25.

141 2686 164 2707 et
183 2689 241 2716 qua:
254 2686 374 2715 putamus
387 2679 540 2716 ignobiliora
559 2688 612 2707 esse
631 2680 741 2706 membra
760 2679 874 2714 corporis
884 2701 891 2712 ,
905 2680 937 2707 iis

142 2727 265 2754 [tenorem
279 2726 492 2754 abundantiorem
504 2725 690 2753 circumdatum
702 2733 712 2752 :
726 2730 749 2751 et
763 2732 819 2759 qttw
828 2725 936 2752 inhone-

142 2774 221 2800 stiora
234 2779 295 2800 sunt
316 2778 417 2806 nostra,
432 2772 641 2799 abundantiorem
658 2771 810 2798 honestatem
824 2770 936 2804 habent;

144 2819 242 2854 ubique
255 2819 438 2846 accessionem
453 2817 573 2852 corporis
594 2823 713 2852 ponens,
729 2820 756 2843 et
769 2816 819 2842 hac
834 2815 937 2843 ratione

145 2864 215 2892 illuni
233 2871 346 2899 quoque
362 2865 505 2891 consolans
527 2869 553 2891 ct
572 2864 641 2890 lnmc
660 2861 851 2897 comprimens.
875 2859 936 2889 Non

661 162 696 190 IN
714 162 819 191 EPIST.
840 163 860 190 1.
882 163 927 189 AD
946 162 1022 190 COR.
1046 162 1159 190 IIOMIL.
1182 163 1277 191 XXXI.

1736 171 1787 199 9.53

999 225 1061 247 tunc
1075 222 1224 255 reperiatur
1239 222 1283 249 tali
1300 230 1399 251 vacuus
1411 224 1615 260 consolatione;
1630 227 1676 255 sed
1691 233 1719 255 ut
1731 237 1789 256 om-

997 274 1046 293 nes
1062 266 1161 301 largam
1173 267 1362 302 benignitatem
1379 270 1501 304 efferant,
1517 277 1543 299 et
1557 273 1643 300 claras
1659 273 1788 303 habentes

998 311 1145 347 lampadas,
1167 321 1218 340 una
1233 322 1295 341 cum
1311 324 1411 350 sponso
1432 317 1544 345 intrent.
1568 318 1612 346 Illa
1632 325 1706 347 certe
1720 329 1788 349 voce

997 358 1064 385 nihil
1079 359 1223 387 terribilius
1234 381 1241 393 ,
1259 361 1322 388 nihil
1339 362 1460 397 asperius
1472 369 1523 395 est,
1539 372 1618 399 quam
1635 370 1698 393 tunc
1709 366 1786 393 audi-

998 405 1048 431 turi
1062 410 1123 431 sunt
1140 405 1167 438 ii,
1183 406 1227 440 qui
1241 406 1299 433 sine
1315 407 1384 442 larga
1396 409 1565 445 eleemosyna
1581 405 1642 438 hinc
1656 411 1790 446 demigra~

997 454 1068 480 runt.
1093 449 1198 477 dicente
1221 459 1330 486 sponso.
1353 451 1447 480 Nescio
1471 463 1514 481 vos
1530 455 1645 490 (Matth.
1658 457 1703 484 25.
1719 457 1752 484 I2
1765 457 1786 492 ).

997 495 1073 522 Absit
1095 500 1182 522 autem
1200 501 1229 523 ut
1252 497 1320 524 hanc
1332 499 1471 526 audiamus
1485 508 1588 533 vocem,
1604 503 1650 529 sed
1660 503 1787 529 suavissi-

997 548 1066 566 mam
1084 541 1155 568 illam
1171 547 1197 568 et
1218 550 1321 570 summe
1343 545 1518 578 expetendam
1536 557 1542 573 :
1566 546 1788 580 Venite,benedicti

998 587 1085 615 Patris
1098 590 1156 622 mei,
1170 590 1296 624 passidete
1307 596 1423 625 paratum
1436 592 1504 619 vobis
1515 600 1620 628 regnum
1633 602 1648 620 a
1665 595 1787 621 constitu-

998 635 1064 661 tione
1077 635 1166 662 mundi
1187 635 1266 671 (Ibid.
1283 645 1306 661 υ.
1322 637 1380 670 54).
1396 637 1440 664 Sic
1454 638 1525 665 cuitu
1541 639 1644 666 beatam
1659 639 1788 668 ducemus

998 681 1091 713 vitam,
1107 686 1134 708 et
1151 682 1275 708 omnibus
1295 689 1416 710 truemur
1430 684 1518 717 bonis,
1534 692 1594 719 quae
1607 690 1722 713 mentem
1738 686 1788 713 hu-

997 733 1102 753 manatn
1114 733 1290 762 exsuperant:
1302 735 1360 763 qum
1369 735 1418 755 nos
1425 736 1518 756 omnes
1525 731 1631 765 assequi
1639 732 1785 768 contingat,

997 773 1081 808 gratia
1095 778 1122 801 et
1132 774 1303 810 benignitate,
1315 780 1367 803 etc.

994 898 1118 929 XXXI.

996 970 1068 997 enim
1083 970 1135 998 hoc
1148 971 1218 1004 dico,
1235 972 1340 1007 inquit,
1356 973 1427 1008 quod
1443 975 1544 1009 majora
1558 975 1707 1006 minoribus
1721 983 1788 1012 opus

994 1015 1127 1050 habeant,
1150 1017 1197 1045 sed
1212 1018 1292 1045 etiam
1310 1019 1382 1053 quod
1397 1020 1508 1048 multum
1523 1028 1589 1056 opus
1609 1022 1734 1050 habeant.
1759 1024 1786 1051 Si

993 1062 1056 1097 quid
1071 1063 1142 1090 enim
1157 1063 1292 1091 infirmum
1304 1065 1331 1092 in
1343 1065 1420 1092 nobis
1431 1070 1481 1098 est,
1495 1067 1517 1093 si
1528 1067 1591 1102 quid
1605 1068 1786 1101 inhonestum,

994 1108 1044 1136 hoc
1057 1113 1084 1137 et
1096 1109 1277 1137 necessarium
1293 1115 1344 1143 est,
1359 1115 1387 1138 et
1401 1112 1493 1146 majori
1510 1112 1606 1140 fruitur
1622 1113 1733 1141 honore.
1749 1115 1788 1142 Ac

988 1148 1066 1182 ‘recte
1078 1154 1165 1188 dixit,
1182 1155 1246 1188 Quae
1265 1155 1391 1189 videntur,
1408 1160 1450 1188 et,
1467 1156 1531 1192 Qute
1544 1163 1681 1192 putamus;
1696 1164 1787 1186 osten-

992 1199 1059 1227 dens
1075 1208 1126 1227 non
1141 1208 1173 1228 ex
1190 1205 1283 1228 natura
1299 1209 1399 1234 rerum,
1416 1201 1462 1228 sed
1477 1209 1509 1229 ex
1525 1203 1669 1230 tuultorum
1683 1204 1788 1231 calculo

992 1247 1153 1274 sententiam
1167 1248 1237 1274 l'crri.
1253 1247 1322 1274 Nihil
1335 1249 1360 1274 in
1373 1248 1449 1275 nobis
1461 1248 1577 1283 ignobile
1591 1258 1596 1275 :
1615 1249 1661 1277 Dei
1673 1258 1788 1285 namque

993 1299 1060 1326 opus
1074 1297 1125 1320 est.
1141 1292 1209 1326 Quid
1225 1293 1296 1320 enim
1310 1293 1428 1327 partibus
1443 1294 1603 1328 genitalibus
1617 1295 1643 1322 in
1658 1296 1734 1323 nobis
1749 1297 1788 1323 vi-

991 1338 1071 1366 detttr
1085 1339 1253 1366 inhonestius
1264 1340 1344 1367 esse?
1355 1340 1480 1367 Attamen
1493 1340 1621 1375 majorem
1635 1349 1787 1377 assequun-

993 1389 1035 1411 tur
1047 1384 1174 1412 honorem
1189 1395 1197 1413 :
1212 1390 1239 1413 et
1249 1385 1293 1420 qui
1304 1385 1447 1412 admodum
1460 1394 1589 1421 pauperes
1599 1393 1671 1421 sunt,
1681 1389 1786 1416 etiamsi

992 1430 1122 1465 reliqtntm
1130 1438 1228 1466 corpus
1238 1431 1338 1458 nudum
1350 1430 1480 1463 habeant,
1494 1440 1637 1466 numquam
1652 1434 1786 1467 patiantur

992 1476 1073 1504 hasce
1089 1483 1177 1512 partes
1192 1477 1277 1504 nudas
1289 1477 1440 1505 ostendere.
1454 1479 1534 1513 Atqui
1546 1486 1599 1506 non
1614 1485 1655 1506 est
1667 1479 1709 1507 hic
1719 1480 1786 1508 ordo

992 1523 1195 1550 inhonestorum
1210 1544 1217 1556 ,
1243 1523 1290 1551 sed
1315 1524 1397 1559 magis
1417 1529 1552 1558 oporteret
1575 1525 1689 1561 despici,
1706 1534 1785 1561 quam

991 1569 1053 1596 alia.
1073 1569 1176 1596 Etenim
1192 1569 1265 1596 domi
1280 1577 1374 1597 servus
1387 1570 1431 1604 qui
1447 1575 1489 1597 est
1503 1571 1646 1606 ignominia
1662 1572 1784 1606 affectus,

992 1623 1045 1643 non
1062 1615 1142 1643 modo
1158 1623 1210 1642 non
1226 1615 1322 1642 fruitur
1337 1615 1430 1650 majori
1444 1623 1508 1643 cura
1519 1637 1526 1648 ,
1542 1617 1590 1644 sed
1606 1625 1654 1645 nec
1669 1618 1763 1645 iisdem
1777 1639 1785 1652 ,

991 1662 1068 1697 queis
1081 1662 1135 1694 alii,
1151 1661 1247 1697 dignus
1258 1667 1391 1689 censetur.
1407 1663 1498 1698 Itaque
1512 1663 1533 1690 si
1551 1663 1600 1690 hoc
1615 1663 1785 1692 inhonestum

991 1712 1079 1740 esset,
1096 1715 1149 1734 non
1166 1707 1245 1734 modo
1259 1708 1405 1742 majoribus
1428 1707 1478 1735 frui
1502 1716 1555 1736 non
1569 1714 1722 1743 oporteret,
1737 1710 1786 1738 sed

991 1761 1079 1789 neque
1093 1753 1188 1781 itsdetn
1204 1762 1211 1780 :
1229 1761 1300 1781 nunc
1313 1758 1402 1781 autern
1416 1754 1510 1789 majori
1526 1755 1648 1782 fruuntur
1662 1756 1764 1784 honore
1777 1778 1785 1790 ,

991 1805 1019 1826 et
1040 1800 1090 1826 hoc
1105 1799 1150 1826 Dei
1165 1799 1303 1834 sapientia:
1324 1807 1392 1834 opus
1406 1804 1457 1826 est.
1480 1799 1546 1827 Nam
1562 1799 1614 1827 illis
1628 1800 1735 1835 quidem
1758 1802 1785 1829 in

991 1850 1086 1872 natura
1098 1844 1172 1872 dedit
1186 1849 1215 1871 ut
1229 1852 1281 1871 non
1294 1848 1420 1879 egerent;
1438 1844 1479 1871 his
1492 1851 1581 1872 autem
1595 1866 1602 1878 ,
1619 1847 1743 1880 quoniatn
1758 1847 1784 1875 in

992 1894 1085 1918 natura
1102 1897 1154 1917 non
1174 1890 1264 1923 dedit,
1289 1895 1318 1917 ut
1341 1897 1391 1917 nos
1417 1890 1598 1925 praeberemus
1619 1892 1715 1926 coegit.
1731 1892 1783 1919 Sed

991 1944 1045 1963 non
1059 1941 1199 1971 propterea
1214 1936 1355 1963 inhonesta
1367 1940 1430 1963 sunt
1443 1945 1449 1961 :
1464 1936 1678 1972 quandoquidem
1689 1942 1717 1964 et
1727 1938 1785 1965 ani-

991 1982 1071 2009 malia
1083 1989 1116 2009 ex
1131 1985 1226 2008 natura
1240 1989 1288 2009 sua
1301 1981 1371 2008 nulla
1385 1989 1414 2009 re
1424 1986 1513 2016 egent,
1525 1989 1578 2009 non
1590 1982 1717 2017 vestibus,
1729 1991 1781 2011 non

991 2027 1106 2061 calceis,
1131 2035 1180 2055 nec
1203 2032 1291 2061 tecto,
1315 2027 1427 2063 plttritna
1445 2028 1558 2060 saltem;
1581 2029 1627 2055 sed
1643 2037 1696 2057 non
1722 2030 1782 2057 ideo

990 2081 1088 2108 corpus
1103 2078 1222 2102 nostrum
1238 2079 1279 2101 est
1291 2074 1396 2101 illorum
1409 2082 1521 2109 corpore
1541 2074 1702 2110 ignobilius,
1720 2077 1783 2111 quia

991 2120 1033 2147 his
1047 2120 1171 2147 omnibus
1188 2120 1297 2155 indiget.
1313 2120 1379 2147 Nam
1393 2121 1415 2147 si
1432 2120 1490 2155 quis
1508 2125 1631 2148 accurate
1645 2122 1783 2148 examina-

991 2167 1070 2198 verit,
1086 2167 1142 2202 ipsa
1157 2167 1237 2194 etiam
1252 2171 1345 2194 natura
1359 2171 1422 2193 sunt
1443 2166 1553 2194 honesta
1567 2171 1595 2194 ct
1609 2169 1759 2195 necessaria
1774 2177 1782 2196 :

990 2214 1061 2250 quod
1075 2215 1155 2241 etiam
1171 2215 1228 2248 ipse
1240 2213 1428 2246 subindicavil,
1445 2221 1497 2240 non
1511 2221 1525 2239 a
1539 2221 1602 2240 cura
1617 2218 1718 2246 nostra,
1733 2222 1783 2242 nec

990 2260 1060 2295 quod
1081 2260 1174 2295 majori
1194 2259 1317 2286 fruantur
1332 2259 1453 2292 honore;
1469 2259 1516 2286 sed
1531 2267 1565 2286 ex
1585 2263 1678 2287 natura
1691 2267 1781 2287 rerum

991 2307 1056 2342 ipsis
1070 2306 1202 2334 calculum
1217 2305 1320 2333 ferens.
1337 2305 1451 2337 Idcirco,
1473 2312 1532 2332 cum
1548 2305 1651 2332 infirma
1670 2306 1736 2333 dicit
1756 2311 1782 2334 et

989 2354 1142 2385 inhonesta,
1161 2353 1224 2386 Qua,-
1245 2352 1369 2384 videntur,
1387 2351 1493 2386 adjicit;
1509 2359 1569 2378 cum
1584 2356 1672 2379 autem
1688 2360 1782 2380 neces-

989 2401 1059 2428 saria
1073 2400 1147 2433 dicit,
1164 2407 1218 2427 non
1234 2399 1301 2426 ultra
1317 2398 1418 2433 adjicit,
1432 2398 1497 2432 Quae
1510 2397 1649 2430 videntur;
1664 2398 1711 2426 sed
1726 2399 1783 2433 ipse

989 2448 1149 2476 sententiam
1171 2446 1220 2474 fert
1236 2446 1328 2473 dicens
1340 2452 1402 2473 esse
1422 2445 1592 2477 necessaria;
1608 2448 1635 2472 et
1645 2444 1706 2479 jure
1725 2445 1783 2480 qui-

990 2496 1062 2522 dem.
1078 2493 1143 2521 Nam
1157 2493 1189 2520 ad
1204 2493 1348 2520 liberorum
1365 2490 1578 2526 procreationem
1591 2494 1619 2517 et
1628 2490 1661 2517 ad
1675 2497 1783 2518 succes-

988 2540 1091 2568 sionem
1110 2538 1215 2574 generis
1231 2537 1314 2564 nostri
1333 2536 1406 2564 utilia
1422 2540 1494 2563 sunt.
1509 2535 1688 2569 Quamobrem
1701 2540 1728 2562 et
1743 2536 1781 2563 le-

988 2586 1130 2621 gislatores
1144 2584 1326 2612 Romanorum
1343 2590 1405 2615 eos,
1421 2583 1466 2616 qui
1488 2581 1546 2609 haec
1568 2580 1687 2608 membra
1709 2581 1782 2609 exci-

988 2631 1055 2659 dunt
1068 2635 1095 2658 et
1108 2629 1246 2657 eunuchos
1261 2628 1370 2661 faciunt,
1384 2627 1517 2663 punittnt,
1531 2630 1562 2654 ut
1576 2626 1620 2662 qui
1640 2634 1781 2654 commune

988 2684 1073 2712 genus
1088 2676 1237 2711 perimant,
1259 2674 1363 2709 ipsique
1385 2677 1487 2700 natura:
1506 2671 1634 2699 damnum
1654 2671 1779 2698 inferant.

988 2721 1040 2750 Sed
1052 2725 1161 2756 pereant
1171 2719 1308 2755 imputlici,
1316 2719 1361 2754 qui
1373 2718 1419 2746 Dei
1428 2725 1509 2753 opera
1522 2718 1548 2744 in
1557 2717 1661 2752 culpam
1671 2721 1778 2743 vocant.

990 2767 1064 2795 Sicut
1077 2766 1148 2794 enitn
1163 2765 1224 2793 vino
1237 2764 1312 2792 multi
1332 2764 1367 2791 ob
1390 2763 1552 2791 temulentos
1571 2761 1775 2793 maledixerunt,

989 2813 1028 2840 sic
1041 2817 1068 2840 et
1077 2811 1153 2840 sexui
1163 2811 1305 2839 mulierum
1324 2810 1359 2838 ob
1378 2809 1509 2837 adulteria
1522 2817 1529 2836 ε
1542 2808 1581 2836 sic
1590 2806 1647 2833 hate
1660 2805 1778 2834 membra

989 2858 1075 2893 turpia
1088 2865 1148 2886 esse
1170 2862 1313 2893 putarunt,
1336 2855 1371 2884 ob
1386 2855 1485 2884 malum
1499 2854 1675 2890 quorumdam
1689 2857 1777 2878 usum.
