2034 3109
264 148 317 177 ἳ59

265 207 318 234 Sed
340 213 392 233 non
413 203 531 239 oportuit
545 211 552 230 :
569 210 622 229 non
643 201 717 229 euint
732 205 833 228 natura:
846 199 885 227 rei
901 198 1059 226 attributum

265 258 307 280 est
323 257 461 287 peccatum
475 271 483 283 ,
506 249 553 278 sed
569 247 698 275 voluntati
711 247 770 281 ejus
786 247 829 280 qui
849 246 901 273 hoc
915 245 1002 272 scelus
1016 252 1062 280 ag-

265 298 340 332 gredi
353 297 443 325 audet.
460 295 573 330 Quidam
587 299 675 321 autent
688 301 719 320 ea
734 300 793 327 quae
807 297 871 319 sunt
883 291 986 318 infirma
1001 310 1008 322 ,
1025 289 1062 316 in-

267 344 377 370 honesta
389 363 395 373 ,
409 348 435 369 et
449 340 613 372 necessaria,
631 344 657 366 et
671 338 765 373 majori
779 337 903 364 fruuntur
916 336 1030 366 honore,
1045 342 1060 361 a
1077 366 1081 368 _

267 389 348 417 Paulo
363 388 396 415 de
409 387 494 415 oculis
513 386 668 413 existimant
682 385 751 411 dicta
766 384 846 411 fuisse
856 403 864 415 ,
879 382 925 418 qui
940 382 964 408 vi
979 382 1061 408 miuo-

266 442 328 466 res,
347 441 393 460 usu
409 437 498 459 autem
518 431 624 458 cmteris
646 434 792 465 praestant;
815 427 998 456 iuhouestiora
1017 434 1061 453 au-

268 483 321 505 tem
338 478 419 513 pedes
436 487 442 504 :
464 485 525 504 nam
539 484 632 504 eorum
645 483 751 511 qucque
764 474 847 503 multa
860 474 961 509 geritur
975 471 1061 508 provi-

265 523 366 551 dentia.

303 569 330 595 2.
342 568 453 602 Deinde,
465 576 498 595 ne
510 568 591 595 aliam
602 574 695 595 rursus
703 565 878 602 hyperbolem
889 564 998 597 faceret,
1007 564 1057 590 ait:

265 615 312 643 ει.
331 615 444 643 Honesta
458 621 540 642 autent
555 620 642 642 nostra
657 615 751 641 nullius
765 617 845 648 egent.
863 612 902 640 Ne
912 611 972 647 quis
987 611 1057 638 enim

270 663 391 690 diceret:
410 662 500 696 Ecqua
516 661 575 689 haec
587 660 679 688 ratio?
706 660 817 687 honesta
832 658 970 693 despicere
979 661 1006 684 et
1016 657 1058 684 in-

271 708 471 736 houestioribus
485 707 630 742 advigilare
641 706 652 732 ?
662 705 719 733 Non
736 705 914 740 despicientes
926 703 976 730 hoc
989 701 1056 729 faci-

271 762 341 785 mus,
365 754 460 789 inquit,
487 752 534 780 sed
548 753 609 788 quia
622 752 680 779 haec
691 759 755 779 cura
779 758 831 777 non
846 756 934 785 egent.
951 749 983 776 Et
999 747 1060 775 vide

267 805 394 836 quantum
408 800 558 827 encomium
573 799 663 834 paucis
671 797 785 826 efferens
797 795 996 827 transcurrerit,
1007 794 1058 822 hoc

270 851 423 881 opportune
436 850 463 873 et
479 845 581 872 utiliter
594 844 705 872 faciens.
734 843 827 878 Neque
841 842 892 869 hoc
904 845 1055 873 contentus,

266 899 374 920 causam
388 891 468 919 etiam
481 890 573 925 adjicit
585 890 694 918 dicens:
706 888 759 917 Sed
774 889 840 916 Deus
852 889 997 923 temperavit
1006 895 1058 914 cor-

269 946 327 973 pus,
343 938 365 964 ei
376 937 418 964 cui
432 937 517 963 deerat
529 936 740 963 abundantiorem
766 933 899 961 tribuendo
913 935 1035 961 honorem
1050 955 1058 967 ,

266 982 311 1010 25.
322 987 406 1010 utnon
419 982 451 1009 ait
461 982 572 1009 solvimur
581 982 608 1008 in
621 989 735 1016 corpore.
748 980 776 1008 Si
786 986 874 1008 autem
886 981 1056 1015 temperavit,

266 1038 318 1057 non
338 1030 402 1057 sivit
421 1036 550 1064 apparere
563 1029 589 1056 id
605 1028 675 1063 quod
686 1032 744 1055 erat
758 1027 935 1055 inhonestius.
951 1027 1056 1054 Etenim

265 1076 336 1111 quod
347 1079 568 1110 contemperatur
594 1076 651 1102 sive
677 1075 815 1106 miscetur,
844 1074 982 1106 litunum,
1007 1080 1056 1100 nec

266 1126 377 1157 apparet
390 1121 455 1156 quid
469 1126 546 1148 antea
573 1124 664 1148 esset:
680 1128 742 1147 nam
757 1127 791 1147 ne
805 1119 913 1154 quidem
936 1123 1057 1146 contem-

265 1172 387 1202 peratum
401 1166 483 1194 fuisse
498 1166 657 1194 dixerimus.
678 1165 712 1193 Et
727 1165 787 1193 vide
807 1173 886 1201 quam
901 1165 1056 1200 frequenter

264 1213 384 1242 defectus
399 1218 586 1248 praetercurrat
596 1213 697 1245 dicens,
713 1213 743 1240 Ei
755 1213 796 1240 cui
806 1213 900 1240 deerat.
912 1213 970 1241 Non
978 1213 1055 1246 dixit,

265 1259 409 1287 Inhonesta
419 1259 461 1287 vel
477 1259 558 1294 turpi,
575 1259 634 1292 sed,
651 1259 682 1286 Ei
704 1259 746 1286 cui
756 1259 851 1286 deerat.
868 1259 917 1286 Cui
939 1259 1032 1287 deerat
1047 1267 1055 1292 ;

263 1306 420 1340 quomodo?
450 1305 605 1333 Secundqu
629 1311 762 1333 naturam.
785 1305 817 1333 Ei
840 1307 963 1341 majorem
990 1306 1056 1333 datu

264 1351 394 1378 honorem.
411 1351 445 1378 Et
463 1351 568 1386 quare?
583 1350 617 1379 Ut
637 1359 691 1378 non
702 1356 776 1380 esset
789 1352 906 1380 schisma
919 1353 944 1379 in
959 1359 1056 1386 corpo-

263 1404 303 1424 re.
317 1397 383 1430 Quia
399 1397 471 1424 enim
482 1397 613 1424 immensa
628 1397 817 1425 consolatione
832 1397 962 1432 ferientes,
979 1398 1054 1425 dole-

264 1432 328 1470 ban‘t
343 1448 443 1475 tamen,
460 1446 489 1469 ut
503 1443 548 1478 qui
563 1443 666 1470 minora
679 1444 858 1478 accepissent,
873 1444 992 1472 ostentm
1007 1451 1055 1472 eos

264 1489 348 1524 magis
372 1488 454 1516 fuisse
471 1489 618 1516 honoratos
632 1498 638 1516 :
654 1487 688 1515 Ei
696 1489 737 1516 cui
752 1489 847 1522 deerat,
862 1490 957 1524 inquit,
974 1489 1055 1516 abun-

265 1533 405 1561 dantiorem
416 1534 549 1561 tribuendo
564 1534 695 1562 honorem.
714 1535 816 1562 Deinde
825 1540 913 1563 autem
925 1536 1055 1563 rationem

265 1581 412 1616 subjungit,
426 1580 572 1608 ostendens
587 1581 657 1616 quod
671 1587 820 1616 opportune
833 1582 975 1614 effecisset,
988 1587 1018 1610 ut
1028 1587 1055 1611 et

265 1628 302 1654 illi
317 1627 434 1661 deesset,
451 1632 478 1655 et
490 1627 574 1662 magis
585 1635 645 1655 eum
660 1628 816 1656 ltouoraret.
829 1629 894 1662 Qum
907 1629 950 1656 illa
966 1629 1056 1657 ratio?

266 1673 307 1700 Ne
317 1679 358 1704 ιιι,
373 1674 468 1708 inquit,
484 1674 593 1700 schisma
604 1675 629 1700 in
638 1682 753 1708 corpore.
769 1674 822 1702 Nec
835 1675 912 1708 dixit,
929 1675 956 1702 In
971 1683 1057 1703 mem-

265 1720 330 1748 bris,
340 1719 398 1749 sed.
410 1718 441 1745 In
453 1727 566 1754 corpore.
585 1720 689 1747 Etenim
704 1720 785 1747 multa
801 1720 888 1748 futura
900 1725 958 1748 erat
970 1729 1053 1749 exsu-

266 1766 397 1800 perantia,
414 1765 436 1792 si
447 1766 498 1792 alia
513 1766 620 1800 quidem
637 1770 663 1793 et
676 1774 709 1793 ex
719 1771 812 1794 natura
825 1772 852 1794 et
862 1772 951 1794 uestra
966 1768 1056 1802 provi~

265 1812 354 1839 dentia
369 1818 537 1846 curarentur,
549 1813 599 1840 alia
617 1818 705 1840 autem
716 1818 839 1841 neutrum
852 1813 998 1846 haberent;
1008 1815 1056 1842 sed

267 1858 301 1884 ab
314 1859 426 1885 invicem
442 1859 562 1886 exscissa
578 1858 700 1892 fuissent,
717 1864 746 1886 ut
765 1868 824 1895 quae
839 1859 909 1888 ferre
926 1869 979 1888 non
994 1869 1056 1896 pos-

269 1909 327 1930 sent
351 1903 589 1938 conjunctiouem:
618 1905 746 1933 abscissis
762 1911 852 1934 autem
874 1906 933 1940 his,
959 1913 1055 1934 caetera

267 1957 371 1990 quoque
385 1949 511 1977 damnum
525 1952 702 1985 accepissent.
719 1951 842 1979 Vidistin‘
860 1953 995 1988 quomodo
1013 1961 1057 1981 os-

266 1995 351 2022 tendit
377 1997 530 2024 necessario
546 1999 675 2031 majorem
695 1997 719 2024 ei
734 1998 777 2033 qui
792 1999 884 2026 deficit
897 2000 954 2026 dari
969 1998 1057 2027 hono-

267 2041 385 2068 rem?Si
400 2043 470 2069 enim
497 2042 547 2070 hoc
568 2042 667 2070 factum
689 2051 741 2070 non
770 2044 881 2078 fuisset,
906 2045 1057 2073 communis

266 2087 385 2114 Omnium
400 2089 532 2122 pernicies
545 2089 647 2122 fuisset,
661 2090 757 2125 inquit.
774 2090 839 2118 Nam
854 2092 875 2118 si
891 2099 939 2119 nos
951 2092 1055 2120 illorum

268 2140 320 2160 non
343 2140 465 2168 magnam
482 2135 659 2169 gessissemus
674 2143 766 2162 curam
780 2156 786 2168 ,
803 2143 962 2164 nocumenta
978 2145 1055 2166 acce-

267 2179 369 2213 pissent
380 2186 439 2206 cum
453 2187 467 2205 ιι
488 2184 581 2207 natura
603 2182 729 2208 auxilium
759 2190 812 2209 non
826 2182 967 2217 haberent,
981 2188 1009 2211 et
1022 2191 1056 2212 ex

269 2225 320 2250 huc
329 2229 490 2252 nocumento
503 2226 659 2260 periissant;
671 2228 691 2254 si
704 2229 857 2263 perissent,
867 2237 965 2265 corpus
977 2229 1058 2258 disci-

270 2268 387 2301 disscnt:
401 2270 485 2297 spisso
509 2278 634 2307 corpore,
650 2278 745 2301 cmtcra
767 2276 846 2302 et'am
870 2283 928 2311 qua:
941 2281 1002 2304 sunt
1016 2277 1057 2304 his

269 2313 348 2349 longe
359 2314 458 2349 majora
475 2317 625 2350 periissent.
652 2318 745 2346 Viden’
758 2319 851 2347 horum
867 2328 938 2348 curte
951 2321 1057 2350 illorum

268 2369 374 2397 quaque
400 2363 593 2398 providentiam
608 2373 668 2393 csse
682 2367 760 2401 (‘4'!!le
775 2373 851 2394 u-tam
873 2369 884 2395 ἰν
906 2369 962 2396 Non
985 2371 1057 2398 enim

268 2407 303 2434 ita
320 2408 345 2435 in
361 2409 468 2443 propria
481 2414 572 2438 natura
590 2411 689 2439 habent
701 2414 769 2447 quod
781 2414 844 2447 sint,
859 2420 888 2442 ut
904 2415 928 2442 in
942 2424 1058 2452 corpore

271 2453 449 2489 habentquod
464 2456 515 2482 sint
534 2464 625 2483 unum.
639 2456 704 2484 Ideo
715 2459 736 2485 si
752 2466 849 2493 corpus
875 2460 980 2494 quidem
995 2470 1058 2497 pcr-

273 2503 326 2528 eat.
344 2500 443 2527 uullum
470 2501 535 2535 ipsis
561 2502 662 2529 lucrum
684 2511 716 2530 ex
733 2504 897 2538 singulorum
922 2506 1057 2541 sanitate;

274 2545 321 2572 scd
337 2546 392 2573 sire
403 2546 496 2574 oculus
511 2554 627 2578 maneat,
643 2549 699 2574 sive
711 2557 801 2582 nasus,
818 2551 887 2585 quod
910 2559 990 2579 suum
1015 2559 1057 2580 cst

269 2599 390 2626 servans,
405 2593 528 2628 ligamine
544 2595 642 2627 soluto,
657 2595 728 2622 nulla
740 2602 830 2629 postea
847 2597 907 2624 ltinc
920 2598 970 2624 erit
985 2599 1056 2626 utili-

269 2644 320 2665 tas.
336 2638 411 2672 Quod
419 2639 440 2666 si
453 2639 503 2666 hoc
511 2646 645 2672 manente,
657 2640 700 2667 illa
715 2647 902 2669 nocumentum
914 2643 1055 2678 accipiant,

268 2688 295 2711 el.
305 2689 444 2718 gestantur
458 2689 484 2711 et
494 2685 526 2711 ad
543 2685 683 2712 sanitatem
695 2686 748 2713 cito
763 2686 885 2714 redeunt.
909 2688 962 2715 Sed
977 2688 1055 2716 dixe-

269 2730 304 2756 rit
317 2729 432 2757 fartasse
447 2731 579 2765 quispiam
596 2739 602 2758 :
616 2731 671 2758 lloc
690 2733 797 2767 quidem
810 2733 835 2760 in
846 2740 958 2768 corpore
975 2735 1055 2762 ratio-

267 2783 329 2803 nem
357 2776 445 2808 habet,
473 2776 543 2811 quod
557 2776 582 2804 id
596 2777 638 2804 cui
654 2777 756 2805 desunt
778 2780 899 2814 qua'dam
927 2780 1058 2815 majorem

267 2821 380 2855 accipiat
395 2821 523 2849 honorent
538 2831 545 2855 ;
564 2823 632 2858 apud
645 2823 766 2852 homines
781 2833 846 2853 vero
856 2826 991 2859 quomods
1007 2827 1057 2855 hoc

269 2868 416 2897 cernatur!
442 2868 470 2895 ln
496 2869 646 2898 hominibus
668 2868 741 2900 certe
768 2879 819 2901 τιν’

637 145 664 173 S.
683 143 821 172 JOANNIS
839 140 1074 171 CIIRYSOSTOMI
1094 141 1251 170 ARCHIEP.
1271 143 1537 172 CONSTANTINOP.

1852 145 1909 173 '260

1117 198 1218 226 videas.
1234 199 1339 227 Etenim
1353 200 1370 227 ii
1384 200 1428 235 qui
1447 200 1516 227 circa
1534 200 1699 228 undecimam
1715 201 1808 229 horam
1822 210 1907 230 vene-

1115 249 1188 278 runt,
1199 245 1276 280 primi
1300 246 1453 273 mercedem
1468 254 1597 281 accepere
1611 255 1618 276 :
1633 252 1660 274 et
1680 247 1738 274 ovis
1750 255 1844 275 errans
1857 257 1908 283 pa-

1114 296 1180 318 stori
1191 291 1274 318 suasit
1289 296 1319 318 ut
1335 292 1477 326 nonaginta
1490 299 1586 319 novem
1612 292 1677 319 alias
1692 293 1864 328 relinqueret.
1879 299 1908 322 et

1114 335 1145 362 ad
1162 336 1245 371 ipsam
1269 342 1426 364 occurreret
1438 342 1464 364 Cl
1480 342 1510 364 ιιι
1529 342 1634 372 l'ept‘l‘lll
1659 344 1809 373 gestaretur
1821 361 1828 372 ν
1851 349 1906 369 non

1113 381 1286 417 abigeretur;
1302 389 1330 409 ct
1349 383 1418 410 lilius
1435 383 1560 418 prodigus
1576 384 1634 419 plus
1650 385 1760 412 honoris
1777 387 1882 422 accepit
1895 407 1905 420 ,

1112 436 1192 463 quam
1207 429 1229 455 is
1245 429 1290 464 qui
1304 437 1333 456 se
1348 434 1420 456 recte
1435 435 1555 464 gesserat
1571 438 1578 462 ;
1594 435 1622 458 et
1638 431 1705 458 latro
1719 436 1781 459 ante
1794 438 1905 467 apesto-

1113 474 1154 501 los
1175 479 1319 502 coronatus
1331 479 1359 502 et
1371 475 1522 502 celebratus
1544 481 1595 503 cst.
1621 476 1648 502 lu
1666 477 1772 504 talentis
1797 486 1905 513 quoque

1112 518 1227 555 idipsum
1238 521 1336 547 factum
1352 521 1448 548 videas.
1469 520 1535 548 Nam
1547 523 1590 556 qui
1610 522 1708 549 talenta
1725 524 1843 558 quinque
1856 531 1904 551 ac-

1112 572 1229 601 ceperat,
1239 571 1265 594 et
1276 567 1318 602 qui
1334 567 1387 594 duo
1398 572 1547 602 acceperat,
1563 568 1655 595 cadent
1672 570 1795 596 mercede
1809 569 1905 606 digna-

1113 613 1131 640 ti
1145 618 1224 645 sunt;
1239 618 1265 640 et
1275 614 1331 648 ipse
1341 614 1413 648 quod
1425 613 1477 640 duo
1489 614 1638 648 accepisset
1650 622 1681 641 ex
1697 623 1790 650 magna
1803 617 1902 645 factum

1112 660 1341 695 estprovidcntia.
1353 659 1419 686 Nam
1431 661 1451 686 si
1466 660 1585 695 quinque
1600 661 1648 694 ipsi
1663 662 1904 699 com-reditalfuis-

1112 711 1182 740 sent,
1194 714 1255 734 cum
1268 715 1319 734 non
1331 711 1422 741 posset
1436 706 1479 733 illa
1501 714 1609 741 augere,
1621 715 1652 734 ex
1670 712 1724 734 toto
1739 709 1902 743 excidisset;

1112 761 1173 780 cum
1188 758 1276 780 autem
1304 753 1359 780 duo
1383 753 1541 788 accepissrt,
1568 761 1626 780 cum
1640 762 1669 781 ca
1685 763 1744 789 quae
1769 763 1851 790 penes
1873 764 1903 784 se

1112 803 1190 827 erant
1202 799 1350 834 implesset,
1364 799 1460 826 eodem
1477 798 1599 831 dignatus
1622 804 1663 826 cst
1676 801 1786 834 praemio
1799 809 1852 837 quo
1868 802 1900 836 is,

1111 846 1156 880 qui
1169 852 1228 871 cum
1242 845 1360 879 quinque
1373 849 1497 878 operatus
1508 843 1604 876 fuerat,
1618 849 1645 871 et
1658 853 1690 872 eo
1705 845 1779 872 illum
1790 854 1902 881 supera-

1112 891 1159 922 vit,
1173 890 1243 925 quod
1259 889 1430 916 amiuoribus
1445 889 1580 917 laboribus
1595 890 1702 918 easdem
1719 898 1901 928 consequutus

1111 937 1146 964 sit
1159 943 1283 964 coronas.
1297 936 1375 970 Atqui
1389 936 1558 971 ipsequoquc
1581 936 1661 964 homo
1684 943 1741 964 erat
1751 958 1758 971 ,
1772 944 1839 966 utet
1854 939 1899 967 illo

1111 982 1154 1017 qui
1168 982 1270 1016 accepit
1282 982 1416 1016 quinque:
1433 986 1549 1008 attamen
1566 989 1617 1009 non
1634 987 1686 1009 tam
1699 988 1824 1012 accurate
1838 992 1899 1012 cum

1111 1029 1156 1056 illo
1167 1029 1285 1055 rationes
1306 1028 1388 1063 exigit
1413 1028 1559 1060 Dominus.
1587 1036 1675 1063 neque
1699 1030 1770 1065 cogit
1784 1030 1857 1057 illum
1873 1037 1902 1059 ut

1112 1079 1182 1101 tanta
1195 1073 1283 1106 faciat,
1298 1078 1395 1108 quanta
1406 1080 1552 1101 conservus
1568 1073 1626 1108 ejus
1638 1083 1645 1106 ;
1658 1082 1744 1109 neque
1757 1075 1831 1108 dicit,
1845 1076 1901 1104 Cur

1111 1128 1163 1148 non
1181 1125 1254 1155 poles
1269 1121 1386 1155 quinque
1403 1119 1537 1147 conficere
1547 1119 1558 1146 ἱ)
1569 1120 1639 1153 quod
1654 1122 1751 1148 merito
1763 1122 1898 1156 dixisset;

1109 1167 1156 1194 sed
1167 1171 1194 1193 et
1207 1166 1292 1201 ipsum
1304 1165 1451 1193 coronavit.
1470 1164 1532 1192 Hmc
1547 1173 1610 1200 ergo
1622 1173 1682 1193 cum
1698 1167 1799 1201 sciatis,
1816 1177 1850 1196 ne
1864 1169 1901 1197 in-

1110 1213 1342 1248 sultetismajores
1359 1211 1519 1244 minoribus,
1539 1219 1573 1239 ne
1589 1219 1636 1240 vos
1657 1213 1729 1248 ipsos
1752 1219 1814 1242 ante
1838 1216 1900 1243 illos

1109 1259 1231 1290 lardatis;
1257 1259 1309 1286 illis
1333 1260 1403 1286 enim
1429 1259 1571 1290 abscissis,
1593 1264 1676 1286 totum
1697 1260 1765 1294 pcrit
1789 1269 1897 1296 corpus.

1108 1305 1176 1339 Quid
1189 1305 1260 1332 enim
1274 1306 1344 1332 aliud
1360 1310 1401 1333 est
1420 1314 1516 1342 corpus
1527 1328 1536 1341 ,
1550 1315 1629 1342 quam
1653 1307 1733 1334 multa
1755 1307 1874 1334 membra
1887 1308 1899 1334 τ

1107 1353 1177 1380 sicut
1189 1358 1216 1379 et
1229 1352 1287 1387 ipse
1297 1353 1343 1383 ait,
1360 1353 1460 1388 Corpus
1472 1363 1523 1381 non
1537 1359 1573 1381 est
1588 1362 1666 1381 unum
1682 1353 1820 1380 membrum
1832 1375 1838 1386 ,
1855 1355 1899 1381 sed

1109 1399 1201 1424 multa.
1231 1397 1259 1425 Si
1276 1399 1355 1433 igitur
1380 1399 1430 1426 hnc
1455 1405 1496 1426 est
1511 1407 1622 1434 corpus,
1644 1400 1756 1427 sollicite
1772 1407 1899 1428 curemus

1109 1449 1138 1471 ut
1153 1443 1230 1479 plura
1246 1444 1456 1479 maneantplura
1470 1452 1477 1476 ;
1493 1445 1528 1471 ita
1545 1449 1582 1476 ut.
1599 1445 1621 1472 si
1636 1445 1686 1472 hoc
1701 1453 1753 1472 non
1765 1450 1897 1478 servetur,

1107 1489 1188 1517 letale
1202 1490 1348 1524 accipiatur
1362 1490 1468 1518 vulnus.
1485 1490 1654 1525 Quapropter
1666 1491 1710 1518 ille
1723 1498 1775 1517 non
1791 1491 1842 1518 huc
1855 1497 1900 1518 so-

1108 1535 1162 1562 lum
1174 1535 1266 1570 exigit,
1283 1539 1313 1562 ut
1327 1543 1360 1563 ne
1373 1536 1406 1562 ab
1415 1535 1450 1562 ali
1462 1544 1475 1563 s
1490 1536 1689 1568 abscindamur,
1705 1536 1751 1564 sed
1771 1537 1853 1563 etiam
1868 1541 1896 1564 ut

1107 1582 1251 1609 admodum
1262 1582 1396 1617 conjuncti
1411 1590 1580 1610 maneamus.
1590 1583 1656 1609 Cum
1671 1582 1782 1609 dixisset
1800 1583 1871 1610 enim
1889 1603 1896 1615 ,

1109 1626 1142 1655 Ut
1153 1634 1205 1654 non
1221 1628 1370 1654 sittcltirma
1384 1628 1408 1654 in
1419 1636 1543 1663 corpore;
1558 1636 1611 1655 non
1627 1627 1677 1656 hoc
1685 1633 1826 1655 contentus
1838 1628 1898 1661 fuit,

1108 1674 1155 1702 sed
1179 1673 1331 1708 subjuuxit:
1358 1673 1392 1701 Ut
1407 1674 1432 1700 in
1447 1674 1531 1708 ipsum
1547 1682 1593 1709 pro
1607 1674 1712 1701 inuicem
1725 1674 1834 1701 sollicita
1848 1677 1899 1702 sint

1107 1719 1219 1747 membra
1231 1728 1241 1752 ;
1261 1719 1373 1747 alteram
1388 1719 1456 1746 hanc
1469 1727 1575 1755 quoque
1588 1727 1695 1747 causam
1710 1720 1835 1749 atterens,
1852 1727 1899 1747 cur

1108 1766 1213 1794 minora
1225 1766 1354 1801 majorem
1379 1770 1557 1801 assequautur
1570 1765 1709 1793 honorem.
1726 1765 1783 1793 Non
1796 1770 1898 1792 tantum

1109 1813 1181 1840 enim
1191 1833 1198 1846 ,
1213 1817 1243 1840 ut
1257 1821 1309 1840 non
1322 1813 1356 1840 ah
1368 1813 1481 1840 invicem
1504 1817 1672 1847 separentur,
1687 1813 1725 1840 sic
1736 1812 1900 1848 dispensavit

1110 1859 1190 1891 Deus,
1202 1858 1249 1886 sed
1263 1858 1343 1886 etiam
1364 1863 1393 1886 ut
1407 1859 1489 1885 multa
1500 1863 1571 1886 esset
1585 1859 1682 1886 caritas
1698 1863 1725 1886 et
1742 1858 1896 1886 concordia.

1111 1905 1177 1933 Nam
1189 1905 1212 1932 si
1228 1905 1342 1940 singulis
1356 1913 1423 1940 opus
1436 1910 1477 1932 est
1499 1905 1611 1940 proximi
1635 1905 1713 1932 saluti
1729 1905 1874 1940 advigilare
1890 1926 1897 1937 ,

1111 1959 1145 1979 ne
1161 1952 1226 1978 mihi
1242 1954 1330 1978 minus
1341 1956 1368 1978 ct
1381 1951 1465 1986 magis
1488 1950 1588 1978 dixeris
1604 1960 1610 1976 :
1633 1950 1677 1977 hic
1698 1951 1769 1977 enim
1786 1958 1838 1978 non
1859 1955 1899 1977 est

1110 1998 1168 2033 plus
1180 2002 1208 2025 et
1222 1997 1322 2025 minus.
1341 1997 1463 2025 Maneute
1478 2005 1593 2032 namque
1607 2003 1731 2031 corpore,
1744 2000 1832 2030 potest
1844 1996 1898 2023 dif-

1111 2043 1224 2071 ferentia
1237 2043 1321 2072 videri
1336 2052 1344 2077 ;
1362 2047 1490 2078 pereunte
1506 2047 1596 2071 autem
1607 2063 1615 2077 ,
1630 2050 1683 2070 non
1699 2043 1762 2070 item
1776 2052 1782 2070 :
1802 2042 1899 2078 peribit

1109 2098 1183 2124 vero,
1198 2090 1248 2118 nisi
1262 2091 1364 2118 minora
1376 2095 1510 2118 maneant.

1148 2138 1176 2164 ὅ,
1187 2138 1213 2164 Si
1227 2145 1289 2172 ergo
1305 2144 1400 2172 magna
1413 2137 1536 2171 peribunt
1551 2137 1640 2172 parvis
1654 2136 1789 2169 abscissis,
1806 2135 1899 2163 simili—

1111 2187 1153 2211 ter
1171 2182 1270 2210 debent
1292 2181 1349 2210 hate
1363 2190 1456 2217 magna
1471 2189 1612 2218 parvorum
1629 2182 1741 2217 perinde
1757 2187 1836 2217 atque
1858 2181 1900 2209 sui

1110 2237 1202 2257 curam
1218 2237 1311 2264 gerere
1324 2237 1330 2256 :
1345 2236 1406 2256 cum
1417 2227 1511 2256 horum
1521 2228 1592 2255 enim
1604 2228 1688 2255 salute
1699 2232 1808 2255 manent
1821 2228 1900 2254 etiam

1111 2275 1223 2310 majora.
1240 2274 1331 2310 Itaque
1357 2274 1462 2301 etiamsi
1484 2273 1580 2301 millies
1604 2274 1722 2306 dixeris,
1750 2272 1900 2300 membrum

1112 2329 1172 2349 esse
1185 2320 1325 2356 inglorium
1338 2325 1362 2347 el
1376 2320 1482 2352 minus;
1496 2319 1543 2346 sed
1560 2319 1611 2346 nisi
1637 2327 1713 2354 atque
1737 2318 1878 2354 provideas
1892 2339 1899 2351 ,

1112 2372 1140 2394 ut
1157 2374 1204 2402 pro
1219 2371 1244 2394 te
1258 2366 1326 2402 ipso,
1341 2366 1387 2394 sed
1402 2370 1430 2393 ut
1451 2366 1540 2393 ntinus
1554 2365 1619 2392 illud
1633 2365 1762 2401 negligas,
1773 2365 1900 2393 damnum

1113 2413 1140 2441 in
1153 2418 1179 2441 te
1189 2413 1320 2440 transibit.
1338 2412 1440 2440 Idcirco
1453 2419 1505 2440 non
1518 2411 1594 2439 dixit.
1608 2411 1642 2439 Ut
1658 2419 1706 2446 pro
1716 2412 1829 2439 invicem
1842 2416 1901 2439 tan-

1113 2465 1168 2487 tum
1183 2459 1296 2486 sollicita
1313 2459 1367 2486 sint
1381 2459 1511 2491 membra,
1529 2457 1576 2485 sed
1591 2458 1705 2493 adjecit,
1723 2458 1757 2485 Ut
1771 2459 1803 2485 de
1816 2459 1902 2485 eodem

1114 2513 1160 2540 pro
1177 2513 1203 2532 se
1212 2505 1318 2531 invicem
1332 2504 1443 2531 sollicita
1456 2503 1507 2531 sint
1528 2504 1661 2536 membra;
1675 2503 1702 2530 id
1735 2508 1778 2532 est
1791 2524 1799 2537 ,
1821 2503 1904 2531 simili

1116 2555 1143 2578 et
1158 2549 1262 2582 eadem,
1279 2557 1330 2584 qua
1345 2556 1467 2584 magnus,
1494 2555 1592 2583 parvus
1606 2556 1712 2583 quoque
1726 2548 1830 2576 fruatur
1841 2557 1902 2584 pro-

1114 2597 1241 2623 videntia.
1259 2595 1296 2622 Ne
1306 2596 1393 2630 itaque
1407 2595 1518 2627 dixeris,
1533 2595 1577 2622 Ille
1592 2595 1712 2630 plebeius
1730 2599 1782 2628 est,
1793 2596 1842 2623 sed
1855 2603 1902 2624 co-

1113 2643 1165 2677 gita
1180 2642 1253 2669 illum
1265 2649 1324 2669 esse
1339 2642 1485 2668 nu-mlnum
1495 2642 1627 2676 corporis,
1637 2641 1708 2676 quod
1722 2645 1807 2668 totum
1817 2642 1903 2669 conti-

1113 2693 1172 2716 net:
1185 2695 1215 2715 ac
1223 2688 1446 2723 quemadmodum
1456 2687 1557 2719 oculus,
1571 2687 1606 2714 ita
1615 2691 1641 2714 et
1649 2686 1690 2714 hic
1699 2686 1762 2714 facit
1769 2692 1798 2715 ut
1805 2695 1902 2722 corpus

1114 2735 1149 2762 sit
1176 2742 1284 2770 corpus.
1316 2734 1367 2762 Ubi
1398 2735 1469 2762 enim
1496 2741 1594 2767 corpus
1616 2732 1784 2767 addicatur,
1812 2734 1903 2761 nullus

1113 2781 1249 2817 quidpiam
1271 2781 1351 2808 habet
1374 2780 1508 2815 amplius,
1536 2787 1616 2815 quam
1639 2779 1788 2815 proximus.
1811 2779 1903 2815 Neque

1114 2828 1185 2855 enim
1199 2827 1249 2854 hoc
1262 2834 1359 2860 corpus
1379 2826 1461 2860 facit,
1476 2829 1506 2854 ut
1526 2827 1561 2853 sit
1580 2825 1645 2853 illud
1663 2825 1773 2861 quidem
1795 2825 1902 2860 majus,

1117 2875 1167 2902 hoc
1181 2881 1243 2901 vero
1255 2872 1351 2907 minus,
1363 2871 1410 2901 sed
1420 2871 1491 2909 quod
1502 2871 1587 2900 multa
1600 2872 1650 2900 sint
1662 2875 1691 2900 et
1701 2870 1814 2900 divorsa.
1830 2870 1904 2899 Sient
