2034 3109
253 146 301 174 QUI

251 203 336 231 Πάλιν
354 201 388 230 ἃν
399 201 488 229 πάντα
510 200 639 228 ἐλάττονα
653 197 682 236 ᾗ,
702 198 732 224 τὸ
755 195 821 224 αὐτὸ
845 193 1033 229 συμδήσεται·

249 248 321 274 ὥστε
341 247 389 273 καὶ
402 245 490 282 ταύτῃ
509 245 614 271 ίσοῦται
630 243 665 269 τὰ
678 242 793 269 ἐλάττω.
806 239 837 266 Et
851 238 879 265 δὲ
893 239 934 265 δεῖ
950 246 976 264 τι
993 237 1041 264 καὶ

250 293 332 320 πλέον
363 293 462 323 εῑπεῖν,
491 291 535 317 ἴνα
569 290 636 325 μένῃ
669 287 762 323 σῶμα,
794 286 913 313 ἐλάττων
938 284 1012 311 ἐστὶν
1028 284 1043 310 ό

251 339 370 365 ἐλάττων
382 349 390 358 -
411 338 480 364 ὥστε
505 335 549 362 διὰ
563 335 593 361 σέ
613 336 688 360 ἐστιν
707 333 836 364 ἐλάττων,
850 332 892 358 ἵνα
908 331 939 357 σὺ
957 330 1042 367 μένῃς

252 383 340 418 μέγας
365 382 411 409 ὢν.
429 382 479 408 Διά
495 381 574 407 τοῦτο
596 380 644 406 καὶ
669 379 718 414 τὴν
735 379 822 414 αὐτὴν
839 378 951 404 ἁπαιτεί
965 376 1042 411 παρὰ

249 427 358 453 πάντων
382 425 527 460 πρόνοια-ι’
553 424 603 450 καὶ
618 422 713 453 εἰπὼν,
728 423 794 449 Ἵνα
817 421 850 448 τὸ
871 420 945 448 αὐτὸ
964 419 1042 454 ὑπὲρ

249 471 397 504 ἀλλήλων
418 469 584 505 μεριμνῶσι
605 469 642 495 τὰ
662 468 756 503 μέλη,
771 465 920 502 ἑρμηνεύει
934 465 965 492 τὸ
975 465 1042 492 αὐτὸ

249 516 328 543 τοῦτο
356 515 449 546 πάλιν,
480 514 588 548 λέγων·
621 513 678 540 Καὶ
700 513 760 539 εἴτε
787 511 899 545 πάσχει
929 509 964 536 ἓν
990 509 1042 544 μέ-

247 563 314 592 λος,
331 559 506 594 σιιμπάσχει
533 558 631 585 πάντα
655 557 691 584 τὰ
707 557 799 590 μέλη·
817 556 877 582 ειτε
889 553 1041 587 δοξάζεται

248 606 283 633 ἓν
309 607 413 640 μέλος,
435 608 591 639 συγχαίρει
621 603 719 630 πάντα
746 602 783 629 τὰ
799 601 890 635 μέλη.
912 601 962 628 Διά
987 601 1041 636 γάρ

247 652 337 683 τοῦτο,
354 651 430 686 φησὶ.
453 651 500 678 καὶ
520 652 569 685 τὴν
585 650 712 686 πρόνοιαν
733 649 827 684 κοινὴν
852 648 989 683 ἐποίησεν,
1011 649 1040 674 ἐν

247 697 365 732 τοσαύτῃ
392 696 468 733 [282]
496 697 612 731 διαφορᾷ
636 695 844 726 κατασκευάσας
867 694 973 726 ἕνωσιν,
997 694 1040 720 ἵνα

248 744 295 770 καὶ
307 744 361 769 τῶν
373 742 576 770 ἀποϐαινόντων
591 741 675 776 πολλὴ
689 741 705 776 ἡ
720 740 845 767 κοινωνία
907 739 937 766 Εἰ
954 739 1009 774 γὰρ
1023 740 1040 775 ἡ

247 789 294 816 τοῦ
321 789 434 822 πλησίον
464 788 578 824 πρόνοια
603 786 725 822 σωτηρία
747 786 823 821 κοινή
837 787 920 818 ἐστιν,
933 786 1039 821 ἀνάγκη

247 836 295 863 καὶ
314 836 363 870 τὴν
384 835 462 867 δόξαν
483 834 529 861 καὶ
552 833 601 869 τὴν
624 832 743 868 ἀθυμίαν
766 830 836 859 εἶναι
853 832 954 866 κοινήν.
971 832 1040 866 Τρία

246 882 336 908 τοίνυν
350 881 468 908 ἐνταῦθα
484 880 595 907 ἀπαιτεῖ
605 887 611 893 ⁸
632 878 661 905 τὸ
676 879 712 914 μὴ
735 878 886 913 σχίζεσθαι,
897 877 954 904 ἀλλ’
969 877 1039 913 ἡνῶ-

247 928 307 955 σθαι
325 928 393 963 μετὰ
406 926 559 961 ἀκριῦείας,
573 926 603 953 τὸ
620 926 743 961 προνοεῖν
753 925 852 960 ὁμοίως
862 924 994 960 ἀλλήλων,
1007 924 1039 951 τὸ

247 973 324 1000 κοινά
339 973 372 999 τὰ
391 972 577 1007 συμϐαίνοντα
601 971 738 1005 ἡγεῖσθαι,
761 970 817 998 Καὶ
841 970 970 1006 ἀνωτέρω
989 970 1040 1006 μέν

247 1028 339 1054 φησιν,
354 1019 394 1045 ὅτι
414 1018 609 1054 περισσοτέραν
625 1018 708 1044 ἔδωκε
728 1017 811 1052 τιμὴν
825 1017 864 1052 τῷ
882 1017 1039 1053 ὑστεροῦντι

245 1065 288 1092 διὰ
297 1065 326 1091 τὸ
334 1065 449 1095 δεῖσθαι,
458 1064 564 1094 δεικνὺς
577 1064 617 1090 ὅτι
626 1064 692 1090 αὐτὸ
699 1063 729 1090 τὸ
737 1063 908 1098 ὴλαττῶσθαι
918 1063 1039 1098 μείζονος

245 1110 328 1145 τιμῆς
343 1109 472 1145 πρόξενον
485 1109 606 1143 γέγονεν·
622 1108 738 1134 ἐνταῦθα
752 1107 780 1134 δὲ
790 1108 835 1134 καὶ
849 1108 918 1135 κατᾶ
930 1108 975 1135 τὸν
989 1108 1040 1143 τῆς

246 1155 375 1190 προνοίας
390 1156 474 1188 ἐξισοῖ
489 1154 567 1188 λόγον
583 1153 652 1180 αὐτά
671 1154 723 1188 τῆς
735 1154 780 1180 ὐπ’
795 1153 918 1189 ἀλλήλων
928 1153 1039 1188 γινομέ-

246 1211 304 1236 νης.
324 1202 373 1229 Διά
388 1201 443 1236 γὰρ
454 1201 532 1228 τοῦτο
542 1201 590 1228 καὶ
603 1199 725 1235 μείζονος
738 1199 867 1236 ἐποίησεν
885 1200 1038 1227 ἀπολαῦσαι

244 1247 340 1282 τιμῆς,
363 1248 456 1282 φησὶν,
481 1247 524 1273 ἵνα
541 1246 578 1281 μὴ
595 1246 735 1277 ἐλάττονος
751 1246 875 1282 ἀπολαύῃ
899 1246 1037 1281 προνοίας.

247 1294 304 1320 Οὐκ
317 1293 442 1320 ἐντεῦθεν
454 1293 482 1319 δὲ
500 1293 590 1325 μόνον,
608 1291 676 1318 ἀλλά
693 1292 740 1318 καὶ
759 1293 791 1318 ἐκ
804 1292 858 1318 τῶν
875 1292 1038 1327 συμϐαινόν-

245 1348 300 1366 των
317 1338 443 1374 χρηστῶν
458 1340 506 1365 καὶ
528 1337 658 1373 λυπηρῶν
683 1337 809 1372 ἀλλήλοις
830 1337 982 1365 συνδέδεται
1003 1338 1038 1366 τὰ

248 1384 326 1419 μέλη.
343 1383 397 1409 Καὶ
417 1383 472 1418 γὰρ
492 1384 526 1418 τῇ
548 1383 651 1418 πτέρνῃ
676 1382 806 1414 πολλάκις
831 1383 1038 1418 προσπαγείσης

245 1429 378 1464 ἀκάνθης.
390 1428 449 1455 ὅλον
461 1429 491 1455 τὸ
507 1428 586 1462 σῶμα
601 1427 766 1458 αἰσθάνεται,
782 1428 828 1454 καὶ
845 1429 972 1463 μεριμνᾷ.
992 1429 1038 1454 καὶ

247 1475 330 1507 νῶτος
346 1475 510 1509 κάμπτεται,
531 1475 578 1500 καὶ
599 1473 704 1508 γαστὴρ
720 1473 766 1500 καὶ
782 1473 865 1508 μηροὶ
885 1473 1040 1500 συντέλλον-

246 1530 301 1551 ται,
329 1522 376 1547 καὶ
397 1521 496 1556 χεῖρες,
515 1520 641 1553 καθάπερ
660 1519 804 1554 δορυφόροι
826 1519 874 1546 καῖ¹
902 1519 1038 1554 ὑπηρέται

247 1566 398 1601 προϊόντες,
424 1565 564 1592 ἀνέλκουσι
583 1566 614 1591 τδ
632 1566 727 1598 παγὲν,
747 1565 794 1591 καὶ
815 1565 920 1600 κεφαλὴ
942 1565 1039 1592 ὲπικύ-

247 1621 320 1643 πτει,
337 1613 383 1638 καὶ
398 1611 532 1646 ὀφθαλμοὶ
555 1611 624 1646 μετὰ
637 1611 738 1645 πολλῆς
756 1611 841 1646 ὁρῶσι
861 1612 911 1645 τῆς
928 1611 1039 1646 φροντί-

247 1659 301 1689 δος,
319 1659 400 1684 Ὥστε
410 1659 434 1684 εἰ
451 1658 497 1684 καὶ
509 1657 617 1683 ἔλαττον
632 1656 688 1692 ἔχει
705 1656 743 1692 τῷ
757 1657 795 1692 μὴ
812 1656 941 1683 δύνασθαι
958 1657 1038 1683 ἀνελ-

248 1704 303 1730 θεῖν
318 1705 332 1730 ὁ
347 1703 426 1735 ποῦς,
442 1702 509 1730 ἀλλά
520 1702 558 1737 τῷ
570 1703 619 1738 τὴν
633 1701 753 1738 κεφαλὴν
765 1703 929 1736 καταγαγεῖν
940 1702 970 1729 τὸ
981 1702 1037 1729 ἴσον

247 1748 321 1783 ἔσχε,
339 1749 386 1774 καὶ
405 1748 453 1783 τῆς
471 1747 555 1782 αὐτῆς
572 1746 709 1773 ἀπέλαυσε
728 1747 819 1782 τιμῆς,
845 1746 890 1774 καὶ
921 1745 1038 1780 μάλιστα

247 1795 312 1820 ὅταν
336 1794 373 1829 μὴ
399 1794 490 1828 χάριτι
514 1792 705 1828 καταφέρωσιν
728 1792 813 1828 αὐτὴν
836 1793 860 1819 οἱ
877 1792 966 1824 πόδες,
979 1791 1036 1819 ἀλλ’

247 1839 352 1875 ὀφειλῇ.
369 1839 450 1866 ’Ὥστε
466 1839 490 1865 εί
506 1838 545 1874 τῷ
559 1838 711 1874 τιμιωτέρα
730 1835 799 1865 εἶναι
821 1837 985 1871 πλεονεκτεῖ,
1000 1838 1037 1872 τῷ

247 1885 294 1910 καὶ
305 1884 416 1919 τοιαύτη
433 1882 502 1911 οὖσα
515 1883 554 1918 τῷ
570 1883 690 1910 ἐλάττονι
704 1883 754 1919 τὴν
765 1883 847 1919 τιμὴν
860 1883 976 1917 ὀφείλειν
991 1884 1038 1910 καὶ

246 1931 297 1965 τὴν
309 1929 482 1965 κηδεμονίαν,
496 1931 543 1956 καὶ
559 1929 599 1965 τῷ
611 1936 622 1950 ι
639 1928 738 1964 ὁμοίως
751 1929 881 1961 ὡσαύτως
896 1929 1038 1964 συναλγεῖν

251 1976 363 2011 ἰσότητα
376 1976 496 2002 δείκνυσι
512 1975 622 2011 πολλήν.
636 1976 668 2002 Τί
683 1976 737 2012 γὰρ
750 1975 868 2011 πτέρνης
884 1975 1038 2003 εὐτελέστε-

248 2031 311 2058 ρον;
333 2022 358 2048 τί
377 2021 404 2048 δὲ
426 2021 546 2056 κεφαλῆς
569 2021 746 2057 τιμιώτερον;
767 2021 847 2048 Ἀλλὰ
866 2021 946 2048 τοῦτο
970 2022 1038 2057 πρὸς

247 2069 336 2094 ἐκεῖνο
353 2067 455 2102 βαδίζει
470 2067 501 2093 τὸ
519 2067 609 2102 μέλος,
625 2067 671 2094 καὶ
681 2067 770 2094 πάντα
785 2066 844 2102 μεθ’
858 2067 957 2103 ἑαυτῆς
971 2076 1037 2102 συγ-

249 2115 326 2140 κινεῐ.
340 2113 423 2140 Πάλιν
440 2113 472 2140 ἂν
490 2113 622 2148 ὀφθαλμοί
649 2122 674 2140 τι
703 2113 820 2143 πάθωσι.
839 2113 928 2140 πάντα
948 2113 1035 2147 ἀλγεῖ,

248 2160 295 2187 καὶ
310 2159 400 2186 πάντα
413 2159 441 2185 ἐν
453 2159 548 2194 ἀργίᾳ,
564 2159 612 2185 καὶ
624 2158 685 2185 οὐτε
701 2159 780 2190 πόδες
798 2158 961 2193 βαδίζουσιν,
975 2158 1037 2185 οὐτε

247 2206 336 2240 χεῖρες
354 2204 525 2239 ἐργάζονται,
539 2203 601 2230 οὔτε
617 2204 723 2239 γαστὴρ
736 2204 865 2231 ἀπολαύει
879 2204 933 2230 τῶν
945 2203 1037 2230 εἰωθό-

247 2258 310 2276 των·
330 2249 418 2276 καίτοι
437 2250 468 2276 τὸ
482 2250 566 2281 πάθος
579 2249 631 2276 τῶν
643 2249 789 2285 ὀφθαλμῶν
807 2251 874 2276 ἐστι.
892 2249 926 2275 Τί
943 2249 1036 2284 τήκεις

246 2297 296 2331 τὴν
307 2295 446 2331 γαστέρα;
460 2296 487 2323 τί
499 2296 624 2331 κατέχεις
638 2297 701 2328 τοὺς
713 2295 809 2328 πόδαςς
824 2295 851 2322 τί
865 2296 974 2330 δεσμεῖς
987 2295 1036 2327 τὰς

247 2343 341 2377 χεῖρας
351 2350 359 2374 ;
371 2342 432 2368 Ὂτι
443 2342 557 2373 ἐκείνοις
570 2342 732 2374 συνδέδεται,
747 2342 793 2368 καὶ
806 2342 932 2377 ἀρρήτως
944 2341 974 2367 τὸ
983 2342 1037 2367 πᾶν

247 2389 347 2423 πάσχει
362 2389 450 2423 σῶμα.
464 2389 494 2414 ΕΞ
508 2389 562 2424 γὰρ
575 2387 612 2423 μὴ
624 2388 804 2422 συνέπασχεν,
817 2387 872 2413 οὐδ’
884 2387 916 2414 ἂν
926 2387 1038 2422 ἠνέσχε-

246 2443 277 2461 το
287 2436 424 2461 κοινωνεῖν
438 2435 486 2469 τῆς
502 2435 639 2470 προνοίας.
669 2434 768 2469 Διόπερ
799 2433 893 2463 εἰπὼν,
915 2433 977 2459 Ἵνα
1002 2433 1036 2460 τι)

247 2480 321 2507 αὐτὸ
340 2479 416 2514 ὑπὲρ
431 2479 576 2512 ἀλλήλων
591 2477 756 2514 μεριμνῶσι
775 2479 811 2504 τὰ
825 2477 912 2513 μέλη,
932 2478 1036 2514 ἐπήγα-

247 2534 305 2561 γεν·
321 2527 390 2553 Εῖτε
407 2527 518 2560 πάσχει
531 2525 566 2552 ἐν
575 2526 680 2560 μέλος,
696 2524 869 2559 συμπάσχει
883 2524 981 2551 πάντα
1000 2524 1036 2552 τὰ

246 2572 323 2607 μέλη
332 2580 338 2587 ·
353 2571 414 2598 εἶτε
432 2571 584 2604 δοξάζεται
598 2570 632 2598 ἒν
643 2570 746 2605 μέλος,
766 2570 924 2605 συγ-χαίρει
938 2569 1036 2597 πάντα

247 2618 283 2644 τὰ
292 2616 380 2652 μέλη.
398 2617 453 2644 Καὶ
476 2617 534 2648 πῶς
551 2616 703 2651 συγχαίρει,
717 2616 802 2651 φησί;
817 2615 999 2650 Στεφανοῦται
1018 2617 1034 2651 ὴ

247 2663 364 2698 κεφαλὴ,
379 2663 426 2689 xa\
449 2662 522 2694 ἅπας
544 2663 558 2688 ό
581 2661 723 2697 ἄνθρωπος
744 2660 894 2695 δοξάζεται·
914 2662 989 2696 λέγει
1005 2662 1035 2688 τὸ

247 2708 346 2743 στόμα,
361 2709 409 2734 καὶ
422 2707 537 2742 γελῶσιν
547 2707 681 2742 ὀφθαλμοὶ
699 2707 746 2733 καὶ
761 2707 962 2742 εὺφραίνονται’
976 2707 1035 2734 καί-

246 2762 287 2780 τοι
304 2754 334 2780 οὐ
357 2753 404 2779 τοῦ
425 2752 540 2784 κάλλους
553 2752 605 2778 τῶν
621 2752 778 2787 ὀφθαλμῶν,
795 2753 864 2780 ἀλλά
881 2753 931 2788 τῆς
950 2754 1035 2788 γλώτ-

245 2806 296 2833 της
309 2799 326 2832 ἡ
340 2797 524 2832 εὐδοκίμησις.
541 2797 624 2824 Πάλιν
637 2797 782 2832 ὀφθαλμῶν
800 2798 890 2826 καλῶν
905 2799 1032 2835 φαινομέ-

277 2896 290 2910 ⁸¹
307 2894 435 2926 legebalur
444 2896 484 2920 καὶ
495 2896 531 2920 τὸ.

636 140 664 168 S.
684 135 827 167 JOANNIS
846 132 1091 163 CHRYSOSTUMI
1111 132 1269 161 ARCHIEP.
1291 131 1565 162 CONSTANTINOP.

1826 133 1881 161 26!

1088 201 1152 225 νων,
1170 193 1187 227 ἡ
1204 193 1278 219 πᾶσα
1286 193 1354 227 γυνὴ
1373 189 1689 224 καλλωπίζεται’ὣσπερ
1700 187 1747 216 οὖν
1762 190 1811 217 καὶ
1833 187 1880 217 οὐ-

1093 245 1145 269 τοι,
1162 237 1209 264 καὶ
1222 237 1294 273 ρινδς
1311 237 1418 268 εὐθείας
1434 237 1481 264 καὶ¹
1496 235 1608 270 αὐχένος
1622 235 1704 270 ὀρθοῦ
1720 235 1766 262 καὶ
1782 236 1884 271 ἐτέρων

1094 282 1182 317 μελῶν
1197 281 1455 317 ἐγκωμιαζομένων,
1472 281 1605 316 γεγήθασι
1617 281 1662 306 καὶ
1677 280 1786 315 φαιδροὶ
1796 280 1886 314 γίνον-

1091 337 1146 359 ται.
1163 328 1212 355 καὶ
1227 328 1375 363 δακρύουσι
1387 328 1467 355 πάλιν
1482 327 1552 363 μετά
1564 326 1664 361 πολλῆς
1678 326 1729 361 τῆς
1743 326 1884 361 δαψιλείας

1092 375 1121 400 ὲν
1132 375 1191 405 ταῖς
1204 374 1311 405 ὀδύναις
1321 373 1411 400 αὐτῶν
1429 374 1477 401 καὶ
1490 375 1550 406 τοῖς
1572 374 1738 409 συμφοραῖς,
1753 373 1805 400 κᾶν
1821 374 1884 401 ἀσι-

1092 422 1146 451 νεῖς
1158 419 1234 446 αὐτοὶ
1244 419 1403 454 διαμένωσι.

1128 510 1204 546 [285]
1220 510 1336 538 δ’,Ταῦτ¹
1357 509 1404 538 οὖν
1422 511 1541 544 ἀπαντες
1553 511 1738 548 ὲννοήσαντες,
1753 511 1886 548 μιμησὼ-

1092 556 1162 590 μεθα
1185 556 1234 592 τὴν
1244 556 1355 592 ἀγάπην
1369 557 1423 584 τῶν
1441 558 1529 593 μελῶν
1545 557 1657 590 τούτων,
1674 557 1741 592 μηδὲ
1755 558 1884 584 τάναντία

1091 601 1223 637 ποιῶμεν,
1240 602 1450 638 έπεμὸαίνοντες
1459 605 1514 636 τοῖς
1526 603 1572 630 τοῦ
1592 604 1705 638 πλησίον
1716 605 1821 637 κακοῖς,
1836 606 1884 632 καὶ

1091 646 1250 680 φθονοῦντες
1259 648 1316 679 τοῖς
1324 647 1372 673 τοῦ
1384 647 1498 682 πλησίον
1508 648 1629 682 ἀγαθοῖς
1645 647 1816 683 μαινομένων
1827 653 1883 684 γὰρ

1090 692 1168 719 τοῦτο
1185 693 1231 719 καὶ
1246 693 1442 729 ἐξεστηκότων,
1459 695 1514 720 Καὶ
1527 694 1580 729 γὰρ
1594 695 1609 720 ὁ
1619 694 1664 721 τὸν
1679 693 1818 730 ὀφθαλμὸν
1838 694 1883 727 ἑξ-

1090 739 1222 775 ορύττων,
1240 739 1455 775 παραφροσύνης
1475 740 1603 775 μέγιστον
1623 739 1721 775 δεῖγμα
1739 740 1881 775 ἐξήνεγκε·

1091 784 1137 811 καὶ
1151 785 1165 810 ὸ
1176 784 1226 820 τὴν
1236 786 1315 820 χεῖρα
1329 785 1490 818 κατεσθίων,
1503 785 1632 822 λαμπρᾶς
1649 787 1748 821 μανίας
1762 787 1882 824 παρέχε-

1089 837 1135 855 ται
1149 828 1270 864 ἔλεγχον.
1286 830 1317 855 Εἰ
1332 829 1360 856 δὲ
1374 829 1485 856 ἐπὶτῶν
1501 829 1589 865 μελῶν
1602 830 1691 862 τοῦτο,
1707 831 1753 857 καὶ
1765 832 1812 858 ἐπὶ
1828 832 1883 858 τῶν

1089 874 1212 910 ἀδελφῶν
1226 875 1326 910 όμοίως
1337 875 1481 910 γινόμενον
1496 876 1710 912 παραφροσύνης
1725 878 1882 913 περιτίθησι

1089 920 1178 953 δόξαν.
1194 920 1241 948 καὶ
1256 920 1358 956 βλάϐην
1371 921 1402 947 οὐ
1413 920 1462 957 τὴν
1475 921 1611 956 τυχοῦσαν
1624 923 1732 956 ἐπάγει.
1747 923 1820 955 Ἕως
1831 924 1882 959 μὶν

1089 966 1144 1001 γάρ
1160 967 1193 993 ἂν
1209 967 1312 999 ἐκεῖνος
1326 967 1432 1003 λάμπῃ,
1449 967 1497 994 καὶ
1511 968 1528 1003 ἡ
1545 967 1578 1003 σὴ
1596 968 1732 1004 εὐμορφία
1753 969 1881 1004 φαίνεται

1089 1013 1136 1040 καὶ
1149 1013 1209 1040 ὅλον
1225 1013 1427 1046 καλλωπίζεται
1436 1014 1466 1040 τὸ
1479 1014 1568 1050 σῶμα·
1588 1014 1648 1041 οὐδὲ
1659 1015 1713 1051 γὰρ
1727 1016 1768 1048 είς
1785 1016 1881 1043 ἑαυτὸν

1090 1061 1171 1096 μόνον
1185 1060 1217 1086 τδ
1230 1060 1328 1092 κάλλος
1339 1060 1522 1096 περιίστησιν,
1538 1059 1606 1088 ἀλλά
1620 1061 1668 1088 καὶ
1682 1062 1722 1087 σοὶ
1734 1061 1825 1088 δίδωσι
1836 1069 1881 1088 σε-

1090 1105 1247 1141 μνύνεσθαι·
1262 1105 1295 1133 ἂν
1311 1105 1340 1132 δὲ
1355 1105 1527 1142 κατασϐέσῃς
1542 1105 1634 1139 αὐτὸν,
1652 1106 1706 1142 ὅλῳ
1718 1106 1758 1142 τῷ
1773 1106 1881 1142 σώματι

1088 1151 1177 1178 κοινὸν
1189 1152 1219 1179 τὺ
1231 1151 1327 1184 σκότος
1341 1152 1473 1187 εἰργάσω,
1489 1151 1537 1178 καὶ
1558 1151 1626 1178 πᾶσι
1642 1153 1699 1183 τοῖς
1714 1152 1808 1188 μέλεσι
1829 1153 1881 1188 τὴν

1089 1197 1233 1232 συμφορὰν
1244 1198 1395 1232 ἐπήγαγες
1419 1196 1516 1232 ὥσπερ
1533 1194 1580 1224 οὗν
1598 1197 1646 1224 ἐὰν
1658 1197 1789 1234 διατηρῇς
1809 1198 1880 1234 λάμ-

1088 1251 1184 1275 ποντα,
1194 1243 1334 1279 ὁλοκλήρῳ
1347 1242 1386 1278 τῷ
1397 1243 1503 1278 σώματι
1517 1243 1567 1278 τὴν
1577 1243 1653 1279 ὥραν
1663 1243 1813 1279 διατηρεῖς.
1824 1245 1879 1271 Οὐ-

1087 1288 1142 1321 δεὶς
1159 1289 1213 1325 γάρ
1232 1297 1324 1324 φησιν,
1339 1290 1380 1317 δτι
1397 1289 1485 1321 Καλὸς
1499 1291 1513 1316 6
1526 1289 1675 1325 ὀφθαλμὸς,
1689 1290 1758 1317 ἀλλά
1768 1290 1794 1317 τί
1804 1299 1812 1324 ;
1824 1291 1880 1318 Ka-

1087 1334 1120 1370 λὴ
1139 1336 1155 1370 ἠ
1171 1335 1255 1362 δεῖνα·
1270 1336 1303 1362 ἂν
1317 1336 1345 1363 δὲ
1363 1337 1409 1362 καὶ
1426 1336 1506 1368 αὐτὸς
1522 1337 1678 1372 ἐπαινῆται,
1692 1336 1761 1371 μετὰ
1777 1336 1808 1363 τὸ
1819 1345 1878 1363 κοι-

1088 1381 1132 1408 νὸν
1147 1381 1283 1417 ἐγκώμιον
1299 1382 1458 1409 ἐπαινεῖται.
1474 1381 1552 1409 Οὕτω
1569 1382 1616 1408 καὶ
1630 1383 1659 1409 έν
1673 1383 1706 1418 τῇ
1730 1382 1880 1419 Ἐκκλησία

1088 1427 1242 1461 συμϐαίνει³
1265 1428 1299 1455 ἂν
1319 1428 1374 1463 γάρ
1397 1425 1448 1455 ὦσι
1467 1437 1542 1460 τινες
1566 1429 1590 1455 οἱ
1613 1429 1832 1464 εὐδοκιμοῦντες,
1847 1430 1879 1456 τὸ

1087 1473 1176 1500 κοινὸν
1188 1473 1340 1509 καρποῦται
1357 1473 1406 1509 τὴν
1417 1474 1566 1509 εὐφημίαν,
1580 1474 1612 1500 οι
1626 1475 1681 1510 γὰρ
1697 1475 1789 1510 ἐχθροὶ
1800 1475 1831 1501 οὐ
1843 1475 1880 1502 δο-

1087 1517 1196 1554 αιροῦσι
1211 1518 1246 1545 τὰ
1259 1519 1394 1554 ἐγκώμια,
1408 1519 1477 1546 ἀλλά
1496 1519 1671 1547 συνάπτουσι.
1688 1520 1748 1547 Κᾶν
1762 1519 1779 1558 ᾗ
1793 1529 1836 1553 τις
1848 1522 1879 1548 ὲν

1087 1559 1126 1594 τῷ
1145 1560 1233 1593 λέγειν
1242 1559 1373 1596 λάμπων,
1392 1561 1442 1587 οὐκ
1456 1561 1537 1587 αὐτὸν
1559 1562 1763 1597 ἐγκωμιάζουσι
1785 1563 1878 1599 μόνον,

1087 1605 1155 1632 ἀλλὰ
1179 1607 1226 1633 καὶ
1251 1607 1301 1642 τὴν
1317 1607 1479 1642 Ἐκκλησίαν
1497 1608 1617 1635 ἅπασαν.
1635 1608 1704 1636 Οὐδὲ
1724 1609 1780 1645 γάρ
1796 1618 1879 1645 φασιν

1087 1651 1127 1678 ὅτι
1149 1651 1304 1687 θαυμαστὸς
1328 1653 1343 1678 ὁ
1366 1652 1439 1679 δεῖνα.
1457 1653 1546 1688 μόνον,
1562 1653 1629 1681 ἀλλὰ
1652 1655 1696 1688 τίς
1721 1654 1879 1690 θαυμαστὸν

1087 1697 1178 1732 ἔχουσι
1206 1698 1366 1725 διδάσκαλον
1395 1699 1420 1725 οἱ
1454 1700 1628 1735 Χριστιανοί·
1658 1701 1705 1727 καὶ
1731 1701 1820 1728 κοινὸν
1848 1702 1879 1729 τὸ

1087 1743 1180 1778 κτῆμα
1203 1743 1334 1771 ποιοῦσιν.
1363 1742 1430 1771 Εἱτα
1459 1745 1588 1780 Ἕλληνες
1622 1746 1672 1781 μὲν
1698 1747 1877 1780 συνάπτουσι,

1089 1790 1120 1816 σὺ
1149 1789 1178 1815 δὲ
1203 1790 1326 1825 διαιρείς,
1344 1791 1392 1817 καὶ
1421 1791 1550 1827 πολεμεῖς
1578 1792 1616 1827 τῷ
1633 1792 1743 1819 .σαυτοῦ
1771 1793 1878 1828 σώματι

1087 1836 1134 1862 καὶ
1153 1836 1222 1862 κατὰ
1246 1836 1301 1863 τῶν
1325 1837 1434 1864 οἰκείων
1457 1838 1566 1865 ἴστασαι
1589 1838 1692 1874 μελῶν;
1713 1840 1770 1866 Οὐκ
1788 1837 1877 1873 οίσθα,

1087 1881 1128 1908 ὅτι
1157 1881 1236 1909 τοῦτο
1264 1883 1352 1910 πάντα
1376 1884 1539 1920 ἀνατρέπεις
1566 1886 1614 1912 καὶ
1641 1885 1696 1920 γὰρ
1715 1886 1762 1913 καὶ
1788 1888 1878 1912 Βασι-

1087 1929 1166 1961 λεία,
1183 1930 1274 1966 φησιν,
1290 1929 1336 1964 ἐφ’
1355 1930 1469 1965 ἑαυτὴν
1480 1931 1658 1966 μερισθεῖσα
1675 1933 1711 1959 οὺ
1728 1931 1878 1965 σταθήσε-

1087 1983 1144 2002 τιιι.

1123 2067 1205 2094 Οὐδὲν
1226 2067 1254 2093 δὲ
1269 2066 1341 2093 οὕτω
1355 2066 1460 2103 μερίζει
1483 2067 1530 2094 καὶ
1549 2067 1693 2104 διίστησιν,
1712 2069 1749 2100 ὡς
1781 2069 1877 2104 φθόνος

1087 2112 1133 2138 καὶ
1147 2112 1292 2147 βασκανία,
1307 2112 1337 2138 τὺ
1349 2111 1467 2146 χαλεπὸν
1486 2112 1565 2139 τοῦτο
1579 2113 1695 2148 νόσημα,
1718 2115 1764 2140 καὶ
1787 2115 1877 2151 πάσης

1086 2158 1309 2193 ἀπεστερημένον
1327 2157 1503 2194 συγγνώμης,
1521 2158 1568 2184 καὶ
1591 2158 1641 2193 τῆς
1661 2159 1715 2186 τῶν
1730 2161 1823 2187 κακῶν
1839 2162 1878 2197 ρί-

1088 2204 1137 2240 ζης
1151 2204 1222 2233 κατά
1240 2212 1266 2231 τι
1286 2204 1486 2239 χαλεπώτερον.
1514 2204 1543 2231 '0
1568 2205 1617 2240 μὲν
1635 2205 1689 2241 γὰρ
1709 2207 1877 2244 φιλάργυρος

1086 2251 1148 2277 τότε
1167 2250 1272 2286 ἣδεται,
1294 2251 1358 2277 ὅταν
1371 2250 1452 2282 αὐτὸς
1469 2249 1555 2286 λάδῃ·
1575 2251 1590 2277 ὁ
1611 2251 1639 2278 δὲ
1662 2251 1796 2286 βάσκανος
1815 2253 1876 2280 τότε

1086 2297 1189 2333 ἥδεται,
1201 2297 1265 2323 ὅταν
1285 2297 1377 2332 ἕτερος
1393 2297 1431 2332 μὴ
1446 2296 1528 2332 λάϐῃ,
1543 2298 1591 2333 οὐχ
1608 2298 1672 2324 ὅταν
1684 2298 1766 2330 αὐτὸς
1784 2298 1854 2334 λάσῃ
1867 2307 1875 2314 '

1086 2343 1246 2378 εὐεργεσίαν
1267 2342 1320 2378 γὰρ
1340 2343 1445 2369 οἰκείαν
1468 2343 1573 2378 νομίζει
1598 2343 1646 2379 τὴν
1669 2344 1770 2379 ἐτέρων
1791 2353 1876 2371 κακο-

1086 2389 1216 2424 πραγίαν,
1230 2389 1260 2415 οὐ
1272 2388 1322 2423 τὴν
1338 2388 1440 2415 οἰκείαν
1451 2389 1612 2424 εὐημερίαν,
1627 2391 1714 2421 κοινός
1724 2398 1766 2422 τις
1779 2390 1876 2426 ἐχθρὸς

1085 2436 1134 2471 τῆς
1152 2435 1205 2462 τῶν
1227 2434 1377 2470 ἀνθρώπων
1402 2435 1613 2470 περιερχόμενος
1633 2435 1751 2470 φύσεως,
1771 2438 1818 2463 καὶ
1841 2439 1874 2465 τὰ

1084 2480 1131 2507 τοῦ
1146 2480 1265 2516 Χριστοῦ
1279 2480 1348 2516 μέλη
1359 2480 1480 2512 τύπτων,
1496 2476 1527 2507 οὗ
1551 2481 1578 2507 τί
1592 2481 1690 2515 γένοιτ’
1705 2482 1739 2509 ἂν
1753 2483 1874 2518 μανικώ-

1084 2536 1179 2563 τερον;
1200 2527 1230 2554 '0
1242 2527 1346 2562 δαίμων
1365 2526 1459 2562 φθονεῖ
1472 2527 1532 2562 μὲν,
1555 2527 1613 2554 ἀλλ’
1630 2528 1795 2563 ἀνθρώποις,
1814 2529 1872 2556 δαί-

1086 2582 1146 2608 μονι
1172 2573 1200 2599 δὲ
1221 2572 1325 2600 οὐδενί⁸
1357 2573 1389 2600 σὺ
1412 2573 1441 2600 δὲ
1466 2573 1610 2609 ἄνθρωπος
1642 2573 1692 2606 ὣν,
1720 2574 1873 2610 ἀνθρώποις

1085 2618 1203 2653 φθονεῖς,
1215 2618 1261 2645 καὶ
1276 2619 1344 2654 πρὸς
1356 2618 1387 2646 τὸ
1401 2619 1537 2654 ὁμόφυλον
1551 2619 1660 2646 ῖστασαι
1673 2620 1719 2646 καὶ
1731 2619 1870 2655 ὁμογενὲς,

1083 2664 1152 2699 ὅπερ
1170 2664 1230 2691 οὐδὲ
1244 2665 1258 2691 ὁ
1273 2664 1378 2703 δμίμων
1388 2666 1470 2692 ποιεῖ.
1487 2665 1542 2691 Καὶ
1557 2665 1636 2697 ποίας
1652 2665 1735 2701 τεύξῃ
1748 2666 1871 2701 συγγνώ-

1085 2717 1149 2744 μης,
1166 2708 1244 2740 ποίας
1258 2708 1286 2734 δὲ
1300 2708 1458 2742 ἀπολογίας,
1479 2709 1542 2735 ὅταν
1560 2709 1619 2746 ῐδῃς
1639 2709 1752 2744 ἀδελφὸν
1770 2711 1871 2746 εὐημε-

1085 2754 1182 2790 ροῦντα
1195 2755 1305 2790 τρέμων
1320 2755 1367 2780 καὶ
1389 2754 1508 2790 ὠχριῶν,
1530 2754 1729 2789 στεφανοῦσθαι
1749 2755 1808 2782 δέον
1825 2757 1871 2783 καὶ

1082 2801 1188 2837 χαίρειν
1201 2802 1248 2828 καὶ
1263 2801 1441 2836 ἀγάλλεσθαι;
1454 2801 1486 2828 EE
1497 2802 1524 2828 δὲ
1543 2803 1590 2828 καὶ
1600 2801 1698 2837 ζηλοῦν
1712 2801 1824 2833 ἐθέλεις,
1839 2804 1870 2831 οὐ

1082 2847 1194 2874 κωλύω·
1212 2846 1343 2883 ζήλωσον,
1360 2847 1418 2873 ἀλλ’
1433 2848 1476 2874 ἵνα
1492 2848 1551 2874 κατ’
1566 2848 1670 2874 ἐκεῖνον
1680 2847 1746 2883 γένῃ
1763 2847 1809 2874 τὸν
1823 2848 1869 2875 εὐ-

1083 2893 1244 2929 δοκιμοῦντα
1255 2902 1261 2909 ·
1274 2893 1311 2929 μὴ
1323 2894 1365 2921 ἵνα
1378 2894 1458 2922 αὐτὸν
1469 2895 1665 2930 καταῦιδάσῃς,
1678 2894 1735 2922 ἀλλ’
1747 2894 1790 2921 ἴνα
1802 2894 1870 2928 πρὸς
