2034 3109
222 184 275 211 263

221 241 275 273 sis;
303 247 356 266 non
384 241 413 263 ut
437 236 511 263 illum
535 234 655 268 dejicias,
678 232 725 259 sed
741 231 812 258 utad
829 231 897 257 idem
911 229 1016 255 culmen

223 285 373 320 pervenias,
389 287 418 309 ιιι
429 281 550 308 eamdem
571 279 693 305 virtutem
707 277 844 304 exhibeas.
866 275 927 302 [huc
950 275 1017 301 bona

224 337 263 359 est
275 331 419 360 aunulatio,
438 327 544 359 imitari,
561 334 613 353 non
627 325 794 359 impugnare,
811 331 863 349 non
880 321 972 349 dolere
985 321 1019 347 de

224 380 319 407 alienis
332 377 420 409 bonis,
433 376 480 403 sed
497 373 614 402 morderi
628 373 661 399 de
674 371 788 406 propriis
804 370 879 397 malis
894 378 900 395 :
918 369 959 396 cui
980 368 1018 395 rei

226 424 389 452 contrarium
417 421 479 448 facit
515 418 634 449 invidia;
661 425 722 444 nam
752 416 858 451 propria
884 414 1020 449 negligens

227 471 305 502 mala,
320 469 353 496 de
367 468 462 495 alienis
475 466 552 493 bonis
575 464 698 492 tabescit.
713 463 816 497 Pauper
831 461 902 489 enim
918 468 971 488 non
986 460 1020 487 ita

226 524 240 543 a
255 519 411 551 paupertate
425 521 472 540 sua
486 511 634 542 mordetur,
663 517 741 545 quam
756 517 770 536 a
785 507 897 544 proximi
916 507 1000 541 copiis
1013 515 1019 533 :

226 569 279 597 quo
301 560 364 595 quid
388 559 494 594 gravius
513 557 610 585 fuerit?
625 556 671 584 Ille
695 554 793 591 quippe
811 555 837 582 in
852 554 913 587 hoc,
926 559 954 580 ut
964 553 1018 588 jam

227 607 291 641 dixi,
308 614 389 633 avaro
403 606 482 632 etiam
499 604 574 639 pejor
583 607 624 631 est
637 612 643 630 ί
655 603 697 630 ille
710 603 780 629 enim
794 609 853 628 cum
867 600 929 636 quid
946 607 1021 627 acce-

229 653 311 688 perit,
334 651 451 688 gaudet;
465 650 510 678 hic
526 657 607 682 vero,
624 656 685 675 cum
699 648 767 675 alius
795 654 848 674 non
873 645 1021 680 acceperit,

228 700 344 727 laetatur.
369 697 560 732 Quamobrem,
586 696 709 727 obsecro,
738 694 806 721 hanc
827 693 924 719 malam
939 692 1023 720 relin-

229 751 341 779 quentes
357 745 425 771 viam
438 749 466 771 et
480 743 512 770 ad
527 743 612 770 zelum
629 742 726 768 bonum
745 740 839 767 mulati
857 739 936 775 (nam
964 738 1024 766 talis

230 792 304 819 zelus
328 791 472 818 vehemens
487 793 527 816 est
549 792 576 815 et
600 788 659 822 igne
682 785 903 820 vehementior),
930 792 1024 819 magna

231 838 291 864 imle
303 835 457 872 percipiatis
469 835 548 861 bona.
566 833 610 860 Sic
626 837 651 859 et
668 831 766 858 Paulus
779 831 885 858 Judteos
899 831 931 857 ad
946 830 1024 857 fidem

231 882 393 913 deducebat,
408 881 502 908 dicens
516 888 522 906 :
540 879 570 905 Si
584 877 710 913 quomodo
725 877 759 903 ad
771 877 943 904 wmulandum
965 885 1025 912 pro-

232 937 314 955 vocem
330 935 431 954 carnem
444 934 541 957 meam,
556 930 579 951 et
599 924 683 951 salvos
704 923 798 959 faciam
820 923 918 957 aliquos
931 931 963 950 ea:
976 922 1027 950 illis

232 977 240 1007 (
254 975 326 1001 flant.
345 974 387 1005 Il,
406 971 465 1007 It).
480 971 545 998 Nam
557 970 602 1005 qui
616 971 651 996 ita
664 969 806 996 mtuulatur
817 974 844 996 ut
856 969 900 996 ille
911 968 1025 1002 volebat,

233 1028 285 1046 non
300 1019 411 1046 tabescit
422 1025 482 1044 cum
499 1016 595 1043 viderit
611 1015 693 1042 alitttu
707 1016 732 1042 in
749 1015 816 1042 bona
832 1014 1029 1042 existimatione

233 1073 303 1099 e~sc,
320 1065 366 1092 sed
388 1063 494 1100 quando
510 1063 605 1089 viderit
624 1070 652 1089 sc
673 1070 724 1088 nun
749 1061 773 1088 id
787 1062 903 1096 assequi.
922 1061 1030 1087 Invidus

235 1119 298 1139 vero
314 1118 365 1138 uon
381 1110 420 1137 sic
433 1129 439 1141 .
455 1109 501 1136 sed
516 1116 575 1136 cum
593 1108 672 1134 alium
689 1114 817 1142 prospere
843 1111 965 1141 agentem
989 1106 1030 1132 vi-

235 1159 322 1188 derit,
340 1157 422 1185 veluti
445 1156 551 1191 quidam
573 1155 647 1183 fucus
670 1160 721 1187 est,
744 1155 787 1189 qui
808 1155 910 1182 alienos
927 1154 1031 1180 labores

236 1204 394 1236 labefactat;
405 1207 432 1230 et
441 1210 585 1237 numquam
600 1202 656 1236 ipse
668 1209 777 1236 surgere
787 1205 879 1232 tentat,
893 1201 959 1227 flens
968 1208 1032 1226 vero

236 1258 297 1278 cum
311 1250 391 1276 alium
410 1253 563 1284 surgentem
589 1248 672 1280 videt,
684 1252 711 1275 et
726 1247 813 1274 omnia
829 1247 890 1273 facit
908 1251 935 1273 ut
959 1246 1031 1273 illum

238 1297 353 1331 tlejiciat.
371 1295 482 1322 Cuinam
499 1294 558 1328 quis
588 1293 659 1320 hunc
675 1293 798 1320 morlnun
818 1293 1032 1328 comparaverit?

239 1343 300 1368 Mihi
317 1347 406 1368 autem
424 1340 475 1367 hoc
491 1339 603 1374 perinde
618 1346 678 1366 esse
691 1338 795 1365 videtur
809 1346 840 1364 ac
852 1339 873 1365 si
887 1339 946 1373 quis
961 1338 1034 1373 piger

238 1388 329 1414 asinus
342 1391 366 1413 et
380 1385 540 1421 pinguedine
549 1385 637 1419 gravis
647 1391 707 1411 cum
723 1391 793 1418 equo
808 1384 907 1410 volucri
920 1384 1030 1418 conjun-

239 1439 314 1464 rtus,
338 1439 425 1466 neque
441 1432 498 1465 ipse
512 1437 623 1465 surgere
639 1438 664 1455 Vt
674 1429 713 1462 Iit,
729 1435 756 1457 et
774 1430 892 1464 pondere
915 1431 1034 1457 carnium

241 1479 327 1513 ipsum
338 1481 450 1504 conetur
459 1476 611 1503 detrahere.
620 1475 686 1502 Nam
696 1480 722 1502 et
732 1475 786 1508 hic,
797 1480 825 1502 ut
839 1475 895 1510 ipse
904 1483 917 1502 a
931 1475 1036 1510 profun-

241 1525 276 1551 do
293 1531 388 1551 somno
401 1523 540 1554 liberetur,
556 1522 622 1549 nihil
635 1529 684 1549 nec
696 1522 791 1557 cogitat
807 1529 856 1549 nec
867 1527 956 1554 curat;
970 1521 1035 1549 nihil

243 1578 305 1596 \‘t'ro
322 1576 373 1595 non
389 1569 453 1604 agit,
468 1574 496 1594 ut
509 1575 569 1594 euut
585 1567 628 1602 qui
643 1568 667 1594 in
684 1567 779 1594 cmlum
795 1568 902 1595 advolat
912 1569 1037 1603 supplau-

242 1621 279 1643 tet
291 1621 316 1643 et
331 1615 450 1650 dejiciat,
464 1618 605 1641 accuratus
619 1614 718 1641 diaboli
733 1615 848 1642 imitator
862 1615 955 1642 factus.
970 1616 1036 1643 Nam

244 1667 269 1689 et
283 1663 326 1689 ille
340 1660 432 1688 videns
447 1661 582 1687 hominem
600 1660 625 1687 in
647 1660 781 1696 paradiso,
799 1669 850 1688 non
867 1661 923 1696 ipse
937 1662 1038 1690 studuit

245 1708 353 1740 rnutari,
370 1706 416 1734 sed
432 1706 506 1733 illum
522 1706 620 1741 ejicere
639 1715 671 1733 ex
688 1707 812 1741 paradiso
828 1717 834 1734 :
849 1713 876 1735 et
891 1715 983 1735 rursus
998 1710 1037 1736 vi-

243 1753 310 1780 dens
325 1753 398 1780 illum
413 1752 439 1779 in
455 1751 521 1779 ca-lo
535 1751 684 1784 sedentem,
699 1752 801 1779 ctalios
813 1753 858 1780 illo
872 1752 1037 1787 festinantes,

244 1799 359 1834 idipsum
375 1797 529 1830 meditatur,
544 1805 591 1824 eos
607 1798 649 1832 qui
662 1798 706 1824 illo
726 1804 840 1833 pergunt
852 1799 1037 1835 supplantans,

245 1849 271 1872 et
295 1845 357 1871 hinc
380 1843 510 1878 majorem
526 1844 576 1871 sibi
590 1851 740 1879 cnngereus
766 1845 911 1873 fornacem.
937 1846 1040 1882 Ubique

245 1890 316 1917 enim
331 1890 381 1917 hoc
391 1889 538 1924 contingit;
563 1897 623 1916 nam
639 1890 662 1916 is
676 1890 718 1917 cui
734 1891 875 1925 invidt-tur,
893 1893 914 1919 si
939 1894 1038 1928 vigilet,

248 1959 264 1967 ν.

574 178 602 206 S.
624 176 761 204 .IOANNIS
780 170 1017 202 CIIRYSOSTUMI
1040 169 1198 198 ARCIIIEP.
1219 168 1484 197 (ZONS'I‘ANTINOP.

1809 171 1859 200 ΞΜ

1069 227 1234 262 splendidior
1248 228 1353 260 evadit;
1376 228 1480 255 invidus
1495 236 1558 256 vero
1578 230 1653 264 plura
1667 229 1716 258 sibi
1732 231 1800 259 mala
1815 239 1862 260 ac-

1069 274 1196 300 cumulat.
1211 274 1254 300 Sic
1264 279 1290 300 et
1300 273 1398 308 Ioseph
1409 274 1522 301 illustris
1532 274 1641 302 effectus
1651 280 1691 303 est
1703 285 1710 308 ;
1722 278 1760 304 sic
1771 278 1863 305 Aaron

1069 320 1196 347 sacerdos
1211 329 1217 347 :
1235 329 1295 347 nam
1313 320 1461 347 invidorum
1474 321 1577 348 insidiae
1588 321 1732 350 effecerunt
1750 328 1779 350 tit
1794 324 1864 351 Deus

1071 366 1153 394 semel
1165 371 1189 394 et
1205 366 1244 394 bis
1260 367 1381 394 eamdem
1398 367 1481 394 ferret
1502 369 1674 401 sententiam,
1689 374 1717 397 et
1736 375 1764 397 ut
1790 370 1865 405 virga

1071 412 1242 447 germinaret.
1259 413 1301 439 Sic
1319 417 1346 438 et
1361 412 1444 440 .Iacob
1457 414 1538 440 ntttlta
1552 422 1639 441 rerutn
1653 415 1729 449 capia
1746 416 1866 442 abunda-

1072 460 1126 492 vit,
1154 459 1266 494 aliisque
1286 460 1421 487 onmibus.
1445 460 1489 488 Sic
1508 461 1588 488 invidi
1612 462 1637 488 in
1652 462 1726 489 mille
1738 469 1768 490 se
1787 463 1867 491 malis

1072 506 1276 540 complicarunt.
1293 506 1357 538 Qua:
1368 507 1457 534 omnia
1477 508 1603 541 scientes,
1627 508 1758 543 fugiamus
1773 509 1868 544 hujus-

1074 552 1145 579 tnudi
1159 552 1256 579 zelum.
1272 552 1326 579 Cur
1345 553 1428 586 enirn,
1445 560 1546 588 qumso,
1572 554 1694 581 invides?
1708 556 1768 590 quia
1783 556 1863 590 spirio

1076 598 1173 625 tualent
1200 598 1312 633 gratiam
1343 598 1426 626 frater
1448 599 1571 634 accepit?
1595 600 1628 627 Et
1647 609 1661 627 a
1676 609 1742 637 quo,
1757 609 1861 635 qua‘so,

1075 645 1197 680 τεθεριιὶιῖ
1211 652 1323 672 nounea
1340 645 1413 673 Deo?
1429 645 1499 680 Ergo
1510 650 1602 673 contra
1615 646 1686 673 illum
1701 647 1868 675 inimicitiam

1076 692 1193 726 suscipe,
1208 692 1252 726 qui
1266 691 1365 719 donum
1379 691 1503 719 contulit.
1518 692 1612 720 Vidcn’
1623 701 1677 728 quo
1696 694 1794 721 malum
1806 702 1865 721 ser-

1078 739 1124 772 pit,
1140 744 1167 765 et
1179 738 1285 773 qualem
1310 738 1488 773 colophonem
1514 745 1683 774 peccatorum
1705 741 1814 774 inducit,
1841 746 1870 769 et

1078 789 1205 819 quantum
1237 785 1347 812 suffodit
1378 785 1501 820 supplicii
1528 785 1700 813 barathrum?
1724 786 1868 822 Fugiamtts

1079 838 1161 866 ergo,
1192 830 1292 863 dilecti,
1318 830 1368 858 hoc
1394 831 1498 862 vitium,
1522 839 1609 866 neque
1634 832 1810 863 invideamus,
1839 840 1871 860 ac

1080 887 1129 913 pro
1142 878 1237 905 invidis
1261 885 1411 913 precentur,
1426 877 1545 912 nihilque
1559 886 1611 905 non
1626 886 1746 914 agamus,
1759 884 1785 905 ut
1797 887 1871 906 mor-

1081 925 1143 952 bum
1169 925 1273 952 illorum
1297 924 1512 959 exstinguamus.
1537 923 1591 952 Sed
1606 932 1639 952 ne
1652 924 1745 951 eadem
1760 932 1819 959 qua:
1833 924 1874 952 in-

1081 973 1138 1000 sani
1152 972 1188 999 illi
1202 973 1342 1006 patiamur,
1356 971 1400 1006 qui
1411 971 1533 999 volentes
1544 979 1636 1006 ptenas
1647 972 1680 999 ab
1692 972 1743 999 illis
1755 971 1874 1007 exigere,

1082 1019 1169 1045 omnia
1187 1019 1285 1045 faciunt
1307 1023 1334 1044 ut
1349 1017 1482 1044 flammam
1497 1017 1547 1045 sibi
1568 1009 1726 1045 accendant.
1743 1019 1822 1045 Atne
1837 1017 1874 1044 ita

1083 1074 1142 1100 nos,
1170 1066 1216 1093 svd
1242 1065 1294 1092 dell
1306 1071 1389 1092 anius
1404 1064 1463 1092 illos
1477 1069 1504 1092 et
1519 1064 1706 1092 lamentemur.
1732 1064 1784 1099 Ipsi
1803 1065 1876 1092 enim

1084 1117 1147 1140 sunt
1168 1112 1213 1146 qui
1228 1111 1369 1144 Imduulut‘,
1386 1118 1503 1138 vermem
1516 1110 1643 1138 habentes
1659 1114 1817 1150 perpetuum
1830 1117 1878 1137 cor

1085 1159 1203 1192 ipsorum
1222 1156 1404 1189 arrodentem,
1430 1160 1458 1184 et
1483 1156 1578 1184 veneni
1597 1160 1761 1192 congregant
1777 1157 1878 1183 fontem

1085 1204 1158 1231 omni
1191 1203 1252 1230 felle
1281 1203 1452 1230 amat-iorem.
1478 1202 1613 1237 Rogemus
1641 1209 1707 1236 ergo
1735 1201 1879 1236 benignum

1087 1251 1180 1282 Deum,
1197 1253 1265 1276 utet
1287 1249 1338 1275 illis
1360 1247 1483 1275 morbum
1507 1248 1642 1281 immutet,
1662 1252 1690 1275 et
1703 1255 1752 1274 nos
1769 1255 1803 1274 ne
1817 1255 1880 1274 um-

1086 1304 1164 1332 quam
1182 1297 1207 1322 in
1222 1295 1292 1323 hunc
1307 1295 1464 1322 incidamus.
1476 1294 1543 1322 Nam
1557 1295 1722 1323 inaccessum
1735 1294 1880 1322 estcmlum

1086 1343 1110 1370 ci
1122 1343 1166 1377 qui
1185 1343 1234 1369 hac
1245 1342 1304 1369 tabe
1326 1341 1440 1374 laborat,
1455 1345 1482 1368 et
1497 1346 1559 1368 ante
1572 1341 1667 1368 emittm
1684 1340 1742 1368 lucc
1757 1340 1811 1367 vita
1825 1347 1880 1367 non

1088 1389 1174 1416 vitalis
1183 1393 1233 1415 est.
1245 1388 1336 1423 Neque
1345 1387 1418 1415 enim
1429 1387 1528 1423 lignum
1540 1392 1567 1415 et
1579 1387 1666 1414 lanam
1678 1386 1798 1414 insidens
1810 1386 1881 1414 tinea

1089 1435 1123 1462 ita
1147 1435 1244 1461 rodere
1266 1434 1345 1466 solet,
1368 1438 1396 1461 ut
1421 1434 1529 1461 invidia:
1545 1433 1628 1461 febris
1647 1441 1708 1460 ossa
1730 1433 1882 1460 invidorum

1088 1480 1217 1513 enrrodit,
1231 1479 1364 1507 etanima:
1379 1479 1579 1514 temperantiam
1594 1478 1743 1507 labefactat.
1760 1479 1793 1506 Ut
1804 1479 1883 1514 igitur

1089 1532 1116 1554 ct
1130 1534 1178 1553 nos
1191 1531 1218 1553 et
1231 1525 1298 1552 alios
1311 1525 1345 1552 ab
1360 1526 1507 1553 innumeris
1522 1532 1646 1552 eruamus
1660 1526 1748 1559 malis,
1762 1525 1882 1560 expella-

1090 1581 1150 1600 nius
1164 1581 1178 1598 a
1192 1572 1268 1599 nobis
1283 1571 1352 1599 hanc
1365 1572 1461 1599 malam
1478 1571 1571 1598 febrim
1587 1572 1680 1606 quavis
1696 1571 1756 1598 tabe
1766 1571 1884 1598 deterio-

1090 1627 1163 1649 retu;
1181 1623 1209 1645 ut
1223 1617 1355 1652 spirituali
1374 1622 1499 1652 suscepto
1521 1616 1631 1650 robore,
1647 1622 1675 1644 et
1689 1624 1808 1652 prasscus
1822 1624 1883 1644 cer-

1092 1670 1179 1692 tamen
1196 1665 1374 1699 pcrliciautus,
1391 1668 1419 1692 et
1430 1664 1532 1691 futuras
1545 1671 1741 1699 consequamur
1754 1671 1883 1690 coronas:

1091 1720 1157 1747 quas
1169 1712 1270 1738 utinam
1285 1719 1334 1738 nos
1359 1718 1453 1738 omnes
1469 1710 1581 1745 adipisci
1596 1710 1743 1745 contingat,
1759 1710 1843 1744 gratia
1858 1714 1886 1736 et

1092 1759 1256 1793 benignitate
1271 1758 1376 1785 Domini
1388 1757 1473 1784 nostri
1487 1757 1550 1784 Jesu
1563 1756 1673 1790 Christi,
1691 1756 1798 1791 quicum
1814 1755 1886 1783 Patri

1092 1811 1198 1840 unaque
1210 1804 1320 1840 Spiritui
1330 1809 1425 1832 sancto
1436 1803 1529 1839 gloria,
1543 1803 1695 1839 imperium,
1708 1802 1804 1836 honor,
1816 1809 1887 1829 nunc

1093 1857 1118 1879 ct
1134 1858 1250 1886 semper,
1267 1856 1294 1878 ct
1306 1850 1331 1876 in
1351 1849 1449 1877 sarcula
1462 1849 1632 1878 smculorum.
1648 1849 1744 1876 Amen.

916 2001 1089 2033 HOMILIA
1111 2002 1250 2033 XXXII.

245 2078 308 2105 Car.
332 2076 377 2108 l2,
396 2084 417 2102 νη
440 2076 485 2102 27.
512 2074 561 2101 Vos
583 2079 667 2101 autem
688 2075 748 2102 estis
767 2083 860 2110 corpus
880 2076 994 2110 Christi,
1015 2082 1039 2104 et

521 2121 634 2148 membra
647 2130 678 2148 ea;
692 2127 774 2157 parte.

285 2171 310 2197 I.
331 2169 368 2196 Ne
388 2169 448 2203 quis
468 2168 540 2195 enim
560 2167 672 2202 diceret,
689 2168 757 2202 Quid
777 2168 810 2196 ad
826 2177 874 2197 nos
889 2170 1040 2205 exemplum

248 2215 388 2250 corporis?
406 2213 471 2241 illud
483 2213 554 2241 enim
569 2218 672 2242 natura:
683 2215 775 2247 servit,
789 2221 880 2242 nOstra
894 2223 957 2243 vero
970 2221 1042 2244 recte

250 2262 319 2289 facta
335 2261 410 2288 liberi
425 2259 530 2287 arbitrii
549 2264 612 2287 sunt
629 2268 636 2287 :
661 2260 686 2286 id
700 2260 732 2287 ad
743 2261 863 2289 actiones
878 2266 982 2289 nostras
997 2262 1044 2289 ad-

250 2308 363 2340 ducens,
386 2310 413 2333 et
436 2305 582 2333 ostendens
596 2313 644 2332 nos
659 2313 691 2332 ex
707 2306 788 2333 animi
802 2308 932 2334 sententia
946 2308 1044 2335 debere

251 2352 372 2380 eamdem
394 2351 564 2378 concordiam
581 2351 689 2384 habere,
712 2359 791 2386 quam
810 2352 865 2387 ipsa
880 2353 997 2381 membra
1011 2361 1044 2381 ex

252 2404 357 2430 natura,
372 2397 437 2425 dicit
451 2406 458 2422 :
478 2397 527 2424 Vos
541 2401 626 2424 autem
641 2399 699 2424 estis
713 2406 804 2433 corpus
819 2397 923 2427 Christi.
947 2398 976 2426 S'.
997 2407 1045 2426 att-

254 2450 306 2471 tcm
332 2450 384 2472 non
406 2448 511 2478 oportet
533 2451 630 2478 corpus
651 2449 772 2471 nostrum
795 2444 938 2478 dissidere,
961 2445 1045 2473 multo

254 2490 337 2525 magis
351 2498 402 2517 nou
419 2493 524 2524 oportet
536 2489 633 2516 Christi
654 2497 763 2524 corpus,
781 2495 808 2517 et
830 2497 863 2518 eo
882 2491 977 2525 magis,
991 2497 1046 2526 quo

253 2537 336 2571 gratia
352 2536 484 2570 potentior
499 2540 540 2562 est
554 2540 657 2562 natura.
676 2535 709 2562 Et
723 2535 835 2562 membra
850 2544 880 2563 ex
894 2542 975 2571 parte.
992 2536 1045 2564 Ne-

253 2591 306 2617 que
318 2582 389 2609 enim
406 2589 503 2616 corpus
519 2589 611 2608 sumus
626 2585 740 2612 tantum,
765 2581 812 2608 sed
827 2586 855 2608 et
869 2583 987 2610 membra
1001 2590 1047 2610 su-

253 2635 323 2655 mus.
340 2627 405 2654 Nam
420 2627 453 2654 dc
468 2626 510 2653 his
528 2626 658 2653 ambobus
671 2626 796 2660 superius
808 2626 964 2661 disputavit,
979 2629 1046 2655 tnuI-

255 2679 297 2701 tos
321 2674 346 2700 in
370 2680 451 2700 unum
477 2672 616 2707 colligens,
647 2676 674 2698 et
697 2673 844 2700 Ostendet-5
857 2681 950 2700 omnes
965 2683 1044 2702 unum

253 2719 401 2747 secundum
422 2718 565 2752 imaginem
590 2718 710 2752 corporis
735 2718 817 2746 factos
843 2726 913 2752 esse,
941 2725 968 2747 et
996 2720 1046 2747 hoc

254 2773 334 2793 unum
350 2772 398 2799 per
412 2764 495 2791 multa
506 2763 642 2796 constitui,
665 2767 745 2798 atque
767 2764 792 2790 in
814 2765 901 2791 tmiltis
923 2773 993 2799 esse,
1020 2771 1047 2793 et

254 2812 337 2838 multa
358 2818 390 2838 ex
405 2817 437 2837 eo
451 2810 582 2837 contineri
599 2814 625 2837 et
638 2817 717 2844 po~se
732 2811 814 2838 multa
834 2819 903 2839 esse.
920 2813 988 2846 Quid
1004 2818 1046 2840 est

255 2863 345 2884 autent
368 2856 443 2889 illud,
460 2856 500 2883 Ea:
513 2856 607 2891 parte?
628 2857 762 2890 Quantum
786 2857 818 2884 ad
839 2865 888 2885 vos
906 2859 1001 2886 attinet
1021 2863 1048 2886 et

255 2906 384 2937 quantum
405 2907 613 2930 consentaneum
638 2907 689 2937 est,
716 2910 776 2931 esse
796 2910 898 2938 partem
920 2912 951 2931 ex
972 2905 1048 2932 vobis

1100 2077 1267 2104 mdilicatam.
1291 2075 1357 2108 Quia
1377 2075 1447 2102 enim
1468 2074 1552 2107 dixit,
1575 2071 1685 2108 Corpus,
1699 2076 1783 2100 totum
1799 2076 1890 2098 autem

1098 2127 1157 2151 crat
1175 2130 1284 2157 corpus,
1306 2129 1360 2149 non
1384 2120 1583 2149 Corinthiorum
1607 2118 1740 2151 Ecclesia,
1763 2118 1810 2145 sed
1830 2124 1890 2152 qua:

1098 2170 1196 2205 ubique
1218 2174 1349 2196 terrarutu
1364 2171 1441 2199 erat;
1463 2166 1524 2194 ideo
1538 2166 1614 2199 dixit,
1633 2165 1674 2192 Ea:
1691 2169 1782 2200 parte;
1797 2163 1822 2191 id
1838 2168 1890 2196 est,

1098 2216 1158 2250 quia
1174 2215 1291 2242 Ecclesia
1306 2218 1394 2241 vestra
1411 2220 1472 2248 pars
1486 2218 1527 2240 est
1540 2212 1598 2247 ejus
1615 2219 1675 2247 qua:
1690 2211 1787 2246 ubique
1806 2215 1891 2237 terra-

1099 2270 1157 2290 rum
1173 2267 1213 2289 cst
1236 2261 1361 2288 Ecclesia:
1373 2281 1380 2292 ,
1396 2265 1423 2287 ct
1435 2261 1568 2294 corporis,
1585 2258 1656 2294 quod
1671 2266 1717 2293 per
1730 2265 1824 2285 omnes
1840 2257 1890 2284 Ec-

1099 2308 1193 2335 :lesias
1208 2306 1380 2334 constituitur
1398 2315 1403 2332 :
1418 2306 1453 2332 ita
1467 2310 1495 2332 ut
1511 2313 1564 2331 tton
1578 2305 1664 2331 solum
1679 2303 1750 2331 inter
1762 2311 1825 2334 vos,
1843 2302 1890 2330 sed

1098 2355 1179 2381 etiam
1193 2360 1253 2379 cum
1272 2357 1326 2380 tota
1343 2352 1471 2383 Ecclesia,
1496 2358 1556 2386 quae
1579 2355 1621 2378 est
1644 2350 1670 2377 in
1693 2349 1775 2382 orbe.
1798 2355 1890 2383 pacem

1099 2399 1199 2426 habere
1218 2398 1357 2431 debeatis;
1385 2397 1407 2424 si
1430 2396 1538 2432 quidem
1559 2396 1625 2423 estis
1642 2395 1718 2430 justi,
1732 2395 1754 2422 si
1770 2393 1891 2422 membra

1100 2446 1182 2473 totius
1203 2445 1336 2480 corporis.
1361 2444 1406 2471 28.
1436 2444 1469 2470 Ει
1483 2451 1546 2479 quos
1558 2443 1658 2479 quidem
1677 2441 1761 2478 posuit
1775 2441 1844 2468 Deus
1865 2440 1891 2467 in

1100 2491 1226 2525 Ecclesia,
1244 2492 1353 2526 primum
1368 2489 1507 2524 apostolos,
1524 2489 1635 2516 secundo
1651 2488 1786 2524 prop/tetas
1796 2508 1803 2520 ,
1819 2486 1892 2513 tertio

1101 2538 1223 2569 doctores,
1240 2537 1330 2564 deinde
1351 2537 1454 2563 uirtutes
1466 2556 1473 2568 ,
1496 2535 1587 2562 deinde
1601 2535 1696 2571 gratias
1717 2534 1890 2564 curationum,

1100 2583 1294 2618 opitulatioucs,
1311 2582 1519 2617 gubernationes,
1536 2589 1628 2616 genera
1644 2581 1798 2615 linguarum.
1817 2579 1891 2613 Quod

1100 2629 1170 2656 enim
1197 2629 1320 2663 superius
1342 2628 1406 2660 dixi,
1430 2627 1481 2655 hoc
1494 2635 1564 2653 nunc
1582 2626 1663 2654 facit:
1677 2627 1738 2661 quia
1752 2626 1835 2652 altum
1847 2632 1888 2651 sa-

1101 2675 1208 2710 piebant
1218 2674 1251 2702 de
1267 2673 1373 2709 linguis,
1389 2673 1462 2700 illam
1477 2680 1533 2700 rem
1549 2680 1656 2707 semper
1670 2672 1790 2699 ultimam
1806 2671 1888 2706 ponit.

1101 2721 1166 2748 Nam
1182 2720 1246 2748 illud
1268 2719 1382 2754 primum
1399 2724 1426 2746 et
1441 2719 1588 2747 secundum
1603 2726 1656 2746 non
1671 2719 1728 2745 sine
1743 2725 1823 2745 causa
1840 2724 1888 2752 po-

1102 2767 1150 2799 nit,
1166 2766 1214 2794 sed
1240 2766 1405 2800 praunittens
1427 2764 1453 2792 id
1473 2764 1543 2800 quod
1558 2764 1699 2799 pretiosius
1714 2769 1766 2795 est,
1781 2767 1808 2790 ct
1822 2762 1892 2798 quod

1100 2819 1142 2839 est
1153 2811 1263 2839 inferius
1279 2810 1434 2838 ostendens.
1458 2810 1520 2837 Ideo
1539 2810 1676 2844 apostolos
1690 2809 1831 2844 prannisit,
1848 2807 1892 2843 qui

1101 2857 1262 2886 charismata
1276 2864 1324 2884 seu
1339 2856 1408 2884 dona
1423 2856 1512 2883 omnia
1525 2857 1551 2883 in
1568 2863 1598 2884 se
1612 2855 1756 2883 habebant.
1781 2855 1815 2882 Et
1839 2861 1892 2881 nou

1100 2903 1178 2936 dixit,
1200 2903 1271 2936 Quos
1283 2902 1372 2937 posuit
1386 2902 1458 2930 Deus
1469 2903 1494 2930 in
1511 2901 1629 2930 Ecclesia
1651 2901 1806 2936 apostolos,
1828 2899 1891 2927 sim-
