1989 3124
148 150 201 176 265

149 208 264 242 plicter,
281 212 326 233 aut
340 206 484 242 prophetas
497 215 505 240 ;
517 206 566 235 sed
579 206 694 242 primum
709 211 736 234 et
751 206 897 234 secundum
913 209 941 233 et

150 252 257 280 tertium
275 253 365 286 ponit;
389 252 439 279 hoc
454 253 539 287 ipsum
553 252 624 287 quod
643 251 697 279 dixi
710 252 871 286 signiﬁcans.
893 251 941 278 Se-

148 298 231 324 cundo
245 298 392 332 prop/tetas.
414 298 612 332 Prophetabaut
630 298 712 331 enim,
726 301 755 325 ut
765 297 827 325 lilia!
839 297 941 332 Philip-

149 345 191 378 pi,
206 348 234 370 ut
251 344 369 378 Agabus.
389 348 417 371 ut
428 344 469 370 isti
483 345 530 378 ipsi
544 345 587 379 qui
604 349 680 372 erant
692 345 761 379 apud
775 343 938 374 Corinthius,

146 390 181 417 de
202 390 300 423 quibus
321 390 395 421 dicit,
427 390 563 424 l‘roplteta:
591 391 642 417 duo
668 396 712 417 aut
735 396 784 417 tres
808 391 941 425 loquantur

145 435 172 469 (l
198 435 259 462 Cor.
275 436 319 471 Η,
334 435 399 470 ‘29).
423 435 455 463 Et
482 436 515 463 ad
538 436 707 463 Timotheum
724 436 844 464 scribens
869 436 940 464 dice-

148 481 192 507 bat
214 490 220 507 :
247 481 308 507 Noli
331 482 454 516 negligere
469 482 576 516 gratiam
596 490 652 516 qua:
668 483 694 509 in
708 487 731 509 te
742 487 796 515 est,
819 489 874 517 quae
897 481 941 509 tibi

148 529 207 553 data
223 533 259 554 est
279 537 324 562 per
339 529 496 562 prop/(etiam
513 529 536 563 (1
566 529 632 554 Tim.
648 529 744 566 4,14).

186 573 278 600 Plures
291 575 419 608 prop/tuta:
438 579 509 600 erant
523 575 548 600 in
566 574 677 601 Ecclesia
692 573 786 601 Christi
795 594 803 606 ,
827 582 902 609 quant
914 574 941 601 in

148 620 200 654 lege
210 621 297 646 reteri.
313 635 348 639 ———
360 621 397 646 Ae
418 620 496 653 longe
516 621 604 654 plures
621 625 683 647 tunc
697 624 774 647 erant
787 620 939 655 prophetae,

147 675 225 702 quam
241 668 267 693 in
285 667 372 694 Veteri
389 667 569 694 Testamento.
593 666 684 701 Neque
706 666 777 694 enim
792 665 825 693 ad
848 665 940 693 decem

148 717 174 739 et
195 712 288 746 viginti
310 716 338 738 et
357 712 545 747 quinquaginta
568 716 593 738 et
609 716 715 738 centum
733 711 868 739 redactum
885 716 941 738 eral.

149 758 296 792 prophetia:
320 758 439 789 donum;
464 757 511 784 sed
535 757 591 784 [nec
612 757 697 791 gratia
719 758 832 784 ubertim
855 757 940 784 cll'uu-

149 804 278 836 dcbutur,
304 808 330 830 et
354 804 463 838 singuhe
488 803 614 830 Ecclesia:
630 803 728 830 mullus
745 803 877 830 habebant
896 803 940 837 qui

151 849 355 883 prophetabant.
369 849 442 882 Quod
457 849 478 875 si
495 849 616 875 Christus
630 848 711 880 dicat,
726 848 780 876 Lex
792 854 814 875 et
830 848 939 883 prophe-

151 900 181 921 ιω
203 903 282 929 usque
307 895 341 920 ad
360 894 485 921 Joannem
501 894 606 928 (.llattlt.
624 896 665 921 ll.
684 894 740 929 15),
753 894 786 921 de
802 894 854 921 illis
872 894 941 921 dixit

150 941 296 975 prophetis,
322 942 366 975 qui
390 941 446 975 ejus
468 941 610 967 adventmn
634 941 826 976 praedixerunt.
857 940 940 967 Tertia

149 989 274 1013 ductores.
293 986 358 1013 Nam
376 986 420 1021 qui
436 986 588 1021 prophetat,
604 987 692 1013 omnia
713 995 726 1012 a
742 986 842 1021 Spiritu
856 986 941 1021 loqui-

150 1038 189 1058 tur
208 1042 213 1057 :
231 1033 275 1066 qui
298 1032 376 1058 (1οςυι
400 1038 499 1063 autem,
527 1032 670 1066 aliquando
682 1040 713 1059 ex
727 1032 834 1066 propria
850 1036 941 1059 mente

148 1078 263 1104 disserit.
282 1077 343 1104 ideo
359 1078 463 1104 dicebat
480 1087 484 1103 :
504 1077 552 1110 Qui
577 1078 637 1103 bene
656 1083 765 1112 primunt
786 1078 937 1113 presbyteri,

149 1124 243 1155 duplici
269 1124 364 1149 ltonore
388 1113 458 1158 (ligni
482 1124 636 1155 habeantur,
661 1124 769 1150 maxime
791 1128 875 1150 autem
898 1124 941 1158 qui

149 1169 261 1196 laborant
274 1170 301 1195 in
317 1170 388 1196 verbo
404 1175 426 1196 εἰ
439 1171 554 1196 doctrina
575 1170 612 1204 (l.
631 1169 696 1196 Tim.
711 1170 737 1197 5.
752 1170 806 1205 Π).
822 1169 872 1203 Qui
894 1178 941 1196 au-

150 1222 198 1243 tetn
221 1217 323 1251 Spiritu
348 1218 436 1243 omnia
460 1217 586 1250 loquitur,
611 1225 663 1243 non
687 1217 808 1247 laborat;
826 1217 940 1251 ideoqtte

150 1267 205 1296 post
219 1263 378 1297 prephetam
396 1263 467 1288 illum
484 1263 588 1296 posuit;
611 1262 736 1296 quoniatn
754 1262 818 1289 illud
834 1263 939 1297 quidem

150 1315 229 1335 totum
246 1314 287 1335 est
302 1309 413 1339 dontun,
439 1308 488 1334 hoc
507 1314 594 1334 autem
612 1308 693 1335 etiam
715 1308 844 1335 humanus
856 1308 940 1335 labor.

149 1355 249 1381 litenim
263 1362 295 1380 ex
310 1362 339 1380 se
354 1362 457 1388 quoque
470 1354 550 1379 multa
569 1354 695 1387 loquitur,
710 1361 769 1388 qua:
782 1359 940 1380 tamencum

148 1400 241 1426 divinis
254 1399 401 1433 Seripturis
417 1404 573 1425 consonant.
591 1398 690 1425 Deinde
704 1399 808 1425 virtutes
821 1420 828 1431 ,
851 1399 941 1425 deinde

148 1446 239 1479 gratias
251 1445 423 1471 curationum.
450 1444 541 1471 Viden‘
562 1444 696 1479 quomodo
715 1452 821 1471 rursum
844 1444 940 1471 distin-

148 1492 198 1524 guit
221 1491 376 1518 curationes
401 1499 414 1516 a
440 1491 554 1521 virtute,
571 1490 641 1524 quod
660 1490 740 1517 etiam
765 1495 843 1517 antea
858 1491 940 1517 fecit?

149 1537 228 1563 virtus
239 1537 311 1563 enirn
326 1537 412 1570 tnajus
427 1536 562 1571 quidpiam
577 1542 616 1563 est
629 1557 636 1569 ,
650 1544 729 1571 quam
744 1537 857 1563 curatio.
874 1536 938 1563 Nam

147 1584 187 1617 qui
208 1584 334 1610 virtutem
358 1583 447 1614 habet,
470 1587 497 1609 et
517 1583 629 1617 castigat
645 1587 672 1610 et
698 1587 794 1610 curat:
810 1583 856 1617 qui
876 1591 939 1610 vero

147 1630 254 1664 gratiam
269 1630 439 1656 curationum
457 1629 545 1661 habet,
564 1630 673 1657 morbos
687 1633 788 1656 tantum
804 1634 890 1656 curat.
907 1630 940 1657 Et

148 1675 202 1702 ride
225 1683 306 1710 quam
321 1676 423 1709 optimo
438 1683 501 1701 usus
515 1675 550 1702 sit
563 1675 657 1702 ordine
668 1696 675 1708 ,
697 1682 757 1702 eum
771 1675 938 1710 prophetiam

146 1726 202 1747 ante
224 1722 340 1748 virtutes
367 1726 393 1747 et
419 1722 570 1748 curationes
594 1721 692 1755 posuit.
716 1721 845 1755 Superius
867 1722 938 1749 enim

147 1767 185 1792 ubi
200 1767 308 1793 dicebat
326 1775 331 1792 :
350 1766 399 1792 Alii
415 1766 514 1800 quidem
529 1774 574 1799 per
586 1767 712 1801 Spiritum
724 1767 797 1792 datus
811 1771 939 1793 estsermo

146 1813 283 1846 sapientia,
304 1817 326 1838 et
341 1812 386 1838 alii
399 1820 480 1838 sermo
495 1813 626 1843 scientiw,‘
650 1820 702 1839 non
722 1812 816 1839 ordine
838 1820 938 1847 ponens

146 1857 256 1890 dicebat,
275 1857 322 1884 sed
340 1857 569 1883 imliscriminatim
584 1866 590 1889 ;
608 1857 652 1885 hie
666 1862 755 1885 autem
770 1862 797 1885 et
810 1859 939 1892 praeponit

145 1909 168 1931 et
189 1904 307 1939 subjicit.
332 1904 386 1931 Cur
412 1912 475 1938 ergo
497 1904 665 1937 prophetiam
689 1905 846 1939 praeponit?
871 1905 937 1938 Quia

145 1950 221 1976 etiam
236 1951 261 1976 in
272 1949 363 1976 Veteri
375 1950 545 1976 Testamento
560 1950 639 1977 talem
654 1949 776 1977 ordinem
787 1950 830 1977 illa
844 1950 935 1977 habet.

146 1996 207 2022 Cum
223 1997 295 2022 enim
308 1996 388 2022 Isaias
402 1995 509 2022 Judmos
526 1995 716 2029 alloqueretur,
731 1999 759 2022 et
771 1995 875 2022 virtutis
891 1995 938 2022 Dei

145 2041 400 2067 deinonstratiouem
418 2041 559 2075 prmliercl,
575 2041 684 2067 vilitatis
695 2040 848 2067 datmOnum
863 2048 938 2075 argu-

148 2093 262 2114 mentum
279 2088 304 2114 in
320 2087 437 2113 medium
453 2087 564 2113 adduxit
579 2095 585 2113 :
599 2091 626 2114 et
639 2087 689 2114 hoc
705 2086 854 2114 divinitatis
878 2088 937 2120 ejus

147 2134 208 2160 dixit
223 2142 282 2161 esse
299 2133 426 2161 indicium
440 2135 598 2166 maximum,
622 2133 693 2168 quod
708 2133 794 2160 futura
808 2133 936 2168 praedice-

148 2187 193 2207 r.:t.
214 2182 337 2208 Christus
360 2189 423 2208 vero
444 2181 487 2215 qui
514 2185 551 2207 tot
574 2180 700 2207 miracula
724 2184 851 2214 patrarat,
878 2187 932 2206 non

147 2227 258 2260 puvum'
273 2227 325 2254 ltoc
341 2226 405 2253 dicit
427 2235 487 2253 eSse
510 2227 657 2253 divinitatis
677 2233 733 2253 sua:
756 2226 881 2261 signum;
909 2230 936 2253 el;

147 2277 294 2309 tri-quenter
308 2275 348 2301 sit:
362 2281 511 2301 sermonem
526 2272 663 2300 concludit
677 2281 684 2299 :
701 2271 763 2299 Herc
776 2277 860 2299 autent
879 2272 934 2299 dixi

146 2322 225 2354 tubis,
251 2326 277 2347 ut
303 2329 360 2347 cum
384 2321 451 2355 facta
473 2321 582 2355 fuerint,
610 2319 719 2347 credatis
736 2320 796 2354 quia
813 2327 858 2354 ego
877 2327 934 2346 sum

146 2366 234 2401 (Joan.
253 2368 299 2398 15,
319 2367 379 2401 19).
411 2367 462 2394 Sed
489 2366 635 2400 prophetia:
655 2365 715 2399 jure
736 2370 933 2399 postponutttur

146 2415 232 2446 gratia:
252 2413 421 2440 curationutn
439 2421 444 2437 :
465 2420 513 2438 cur
527 2419 590 2437 vero
606 2411 686 2437 etiam
700 2410 851 2438 doctrinae?
865 2410 933 2444 Quia

147 2466 193 2484 non
210 2465 256 2492 par
269 2466 313 2485 res
329 2462 382 2490 est,
399 2458 509 2483 verbum
525 2456 722 2491 prmdicalionis
734 2455 894 2483 annuntiare
906 2460 933 2484 et

147 2504 209 2538 piam
226 2504 384 2539 religionem
405 2503 538 2531 seminare
552 2503 578 2530 in
591 2503 742 2530 auditorum
763 2503 869 2535 animis,
890 2508 932 2530 at-

148 2559 192 2584 que
216 2552 326 2579 virtutes
349 2550 455 2583 facere;
483 2550 608 2585 quoniam
638 2550 703 2584 ipsa:
729 2554 839 2585 propter
864 2549 931 2576 illud

147 2597 213 2624 ﬁunt.

176 2643 201 2670 Ξ.
215 2644 279 2671 Cum
291 2651 357 2679 ergo
370 2643 431 2677 quis
446 2648 473 2671 et
486 2643 567 2670 verbo
582 2647 609 2670 et
621 2642 682 2669 vitae
695 2642 818 2677 exemplo
830 2642 929 2673 erudit.

147 2690 222 2723 major
242 2695 283 2717 est
305 2688 443 2717 omnibus.
469 2688 530 2716 Illos
548 2688 620 2715 ettim
640 2688 703 2715 dicit
721 2688 860 2720 doctores,
885 2687 930 2722 qui

145 2735 217 2762 etiam
230 2736 358 2771 operibus
377 2735 474 2762 docent
486 2740 514 2762 et
530 2734 612 2762 verbo
625 2734 760 2761 erudiunt.
781 2734 836 2761 [loc
851 2734 930 2768 igitur

146 2781 216 2808 etiam
236 2781 376 2818 apostolos
397 2787 457 2808 esse
469 2779 533 2808 fecit
550 2780 696 2815 apostolos.
713 2780 746 2807 Et
762 2780 806 2807 illa
821 2779 928 2815 quidem

145 2828 182 2855 alii
195 2829 313 2856 nonnulli
325 2835 381 2855 non
395 2827 484 2861 magni
500 2827 577 2861 pretii
592 2826 667 2854 initio
682 2826 843 2858 habuerunt,
869 2831 897 2853 ut
911 2826 927 2853 ii

144 2875 182 2908 qui
195 2875 329 2910 dicebant,
346 2873 469 2907 Domine,
480 2880 562 2900 nonne
577 2873 604 2901 in
617 2872 718 2900 nomine
733 2876 774 2900 tuo
786 2872 924 2907 propheta-

674 148 707 178 ΙΝ
728 148 836 177 EPIST.
857 150 866 176 Ι
898 150 944 177 AD
963 149 1041 178 COR.
1064 150 1177 178 IIOMIL.
1202 151 1310 179 XXX“.

1732 156 1783 183 266

996 205 1086 239 vimus,
1108 212 1133 234 et
1155 209 1257 236 virtutes
1279 210 1372 237 multas
1392 212 1518 242 fecimus?
1539 218 1563 239 ot
1581 217 1671 247 postea
1693 214 1783 240 audit--

993 256 1063 283 I'unt,
1079 251 1292 288 Numqunm'nooi
1301 264 1363 287 vos;
1377 257 1497 284 discedite
1509 266 1524 284 α
1537 259 1631 293 itte,qu
1643 261 1784 293 operamini

994 297 1152 332 iniquitatem
1173 299 1278 333 (illntt/t.
1294 302 1319 335 7,
1333 301 1437 335 2Ξ,Ξ5)
1455 312 1461 329 :
1476 303 1603 330 doctrina:
1620 310 1709 331 autent
1725 313 1784 332 ver-

994 342 1057 370 bum
1076 343 1173 378 duplex
1199 346 1261 372 illml
1274 367 1280 378 ,
1295 347 1365 381 quod
1383 355 1429 382 per
1443 356 1523 382 Opera
1539 354 1565 376 et
1580 357 1627 384 per
1641 350 1720 377 verba
1736 359 1783 378 ex-

993 388 1108 421 hibetur,
1124 391 1208 417 malus
1224 391 1303 418 homo
1324 401 1466 427 numquam
1481 395 1638 428 susceperit.
1664 396 1740 429 Quod
1761 396 1784 424 si

994 434 1139 469 prophetas
1156 443 1301 471 praeponat,
1319 446 1352 466 tte
1365 439 1471 466 mireris
1486 447 1493 465 :
1509 448 1560 466 non
1573 441 1645 468 enim
1657 441 1785 475 simplici-

995 485 1035 508 Ier
1054 482 1197 516 prophetas
1210 483 1283 515 dicit,
1299 484 1345 511 sed
1366 492 1413 512 eos
1434 486 1477 520 qui
1506 494 1552 520 per
1576 487 1741 521 prophetiam
1757 493 1782 515 υἱ

994 526 1144 555 docuerunt
1165 533 1192 556 et
1213 530 1237 556 in
1258 537 1427 557 communem
1442 531 1582 559 utilitatem
1603 534 1690 560 omnia
1707 533 1783 561 dixe-

994 578 1057 600 runt
1073 582 1080 599 :
1096 575 1167 608 quod
1192 575 1217 601 in
1241 577 1414 610 sequentibus
1440 578 1606 605 manifestius
1631 580 1708 607 nobis
1734 580 1783 607 de-

993 621 1076 647 clarat
1093 629 1099 647 :
1114 620 1309 654 ()pitulationes,
1325 624 1530 658 gubernatioues.
1544 624 1611 658 Quid
1624 630 1675 657 est.
1695 626 1785 661 Upim-

994 665 1119 693 lationes?
1135 666 1168 694 Ut
1183 667 1280 694 iulirmi
1297 674 1479 703 protegantur.
1506 669 1622 697 lloeeine
1639 679 1731 705 qmeso
1744 676 1785 699 est

993 712 1148 739 charisma?
1168 715 1237 740 Sane
1254 714 1361 748 quidem
1376 714 1426 741 hoc
1436 723 1468 741 ex
1485 715 1532 742 Dei
1547 715 1618 742 dono
1634 721 1675 743 est
1692 722 1784 751 prote-

993 764 1066 792 gere.
1087 763 1114 784 et
1137 766 1179 784 res
1202 759 1357 793 dispensare
1379 760 1533 795 spirituales
1551 770 1557 789 :
1573 761 1692 796 alioquin
1704 763 1784 789 etiam

993 803 1075 829 multa
1088 811 1102 828 a
1114 803 1191 830 nobis
1209 805 1335 838 prmclare
1350 810 1423 840 gesta
1438 806 1598 833 charismata
1617 812 1710 838 vocat.
1733 816 1781 834 no-

993 849 1051 876 lens
1066 853 1092 876 ut
1106 849 1294 883 concidamus,
1309 850 1356 878 sed
1369 851 1515 879 ostendens
1531 860 1578 879 nos
1591 860 1699 886 semper
1709 854 1784 880 auxi-

993 895 1028 921 lio
1043 894 1087 921 Dei
1103 894 1222 930 indigere
1232 915 1240 927 ,
1264 901 1291 923 et
1306 903 1355 923 nos
1368 896 1510 924 instituens
1525 902 1552 924 ut
1565 898 1633 932 grati
1644 898 1726 925 animi
1740 900 1786 926 si—

994 949 1061 973 mus,
1085 942 1176 975 sicque
1192 942 1335 969 alacriores
1357 942 1487 973 reddens,
1513 943 1675 978 illorumque
1690 951 1785 972 sensus

993 987 1127 1013 excitans.
1141 986 1239 1013 Genera
1254 988 1410 1023 linguarum.
1425 987 1546 1015 Vidistin”
1561 989 1603 1015 ubi
1621 989 1671 1016 hoc
1684 990 1785 1017 donum

994 1032 1122 1066 posuerit,
1137 1037 1164 1059 ct
1175 1033 1310 1067 quomodo
1327 1033 1423 1068 ubique
1436 1034 1557 1061 ultimum
1571 1035 1608 1061 illi
1628 1035 1727 1063 tribuat
1738 1045 1784 1063 or—

992 1078 1100 1105 dinem?
1116 1078 1225 1111 Deinde,
1241 1080 1300 1113 quia
1316 1087 1347 1106 ex
1367 1079 1417 1106 hoc
1430 1080 1552 1114 catalogo
1567 1082 1677 1108 multam
1691 1086 1784 1109 osten—

993 1123 1032 1150 dit
1053 1123 1245 1155 dill‘crentiaut,
1266 1128 1294 1151 et
1315 1124 1389 1151 illum
1406 1125 1532 1151 excitavit
1548 1126 1670 1153 morbum
1691 1135 1785 1153 eorttm

993 1169 1037 1202 qui
1051 1169 1152 1196 minora
1169 1169 1299 1196 habebant
1311 1169 1489 1201 charismata;
1505 1171 1613 1198 demum
1628 1179 1689 1199 eum
1701 1174 1781 1200 vehe-

993 1214 1092 1241 mentia
1115 1222 1210 1249 magna
1225 1215 1286 1242 illos
1308 1215 1469 1250 aggreditur.
1485 1215 1548 1243 dum
1565 1217 1597 1243 iis
1613 1218 1696 1244 multa
1713 1226 1783 1252 prat—

993 1260 1039 1287 bet
1051 1265 1214 1295 argumenta,
1228 1261 1299 1295 quod
1316 1268 1367 1288 non
1383 1261 1408 1288 ia
1421 1262 1505 1288 multo
1518 1263 1649 1290 minorem
1661 1264 1782 1291 ordinent

993 1305 1093 1332 redacti
1106 1306 1169 1332 sint.
1195 1306 1261 1338 Quia
1276 1307 1347 1333 enim
1362 1307 1510 1334 verisimile
1520 1313 1579 1335 erat
1596 1308 1657 1336 illos
1671 1310 1728 1336 hinc
1739 1318 1787 1336 au-

993 1350 1098 1378 dientes
1111 1351 1202 1378 dicere
1218 1360 1224 1378 :
1238 1352 1271 1378 Et
1287 1359 1335 1379 cur
1349 1360 1402 1379 non
1416 1360 1510 1380 onmes
1525 1355 1640 1388 apostoli
1663 1354 1726 1382 facti
1746 1364 1787 1383 su-

993 1396 1070 1422 mus?
1091 1396 1214 1430 superius
1235 1396 1342 1431 quidem
1366 1397 1449 1433 [inagis
1469 1398 1647 1426 eonsolatoria
1665 1400 1787 1428 oratione

993 1448 1057 1468 usus
1067 1446 1116 1473 est,
1130 1442 1219 1469 multis
1229 1442 1374 1470 ostendens
1386 1443 1424 1470 sic
1435 1445 1588 1472 necessario
1600 1444 1699 1472 factum
1711 1454 1783 1480 esse,

993 1487 1072 1513 etiam
1087 1487 1120 1513 ab
1133 1487 1246 1522 imagine
1261 1489 1381 1523 corporis
1399 1498 1406 1516 :
1422 1489 1519 1524 Corpus
1530 1489 1613 1523 enim,
1629 1490 1723 1526 inquit,
1736 1500 1786 1519 nan

991 1537 1027 1559 εδι
1041 1541 1118 1559 unum
1132 1534 1271 1560 membrum
1287 1541 1296 1560 .'
1311 1539 1337 1561 Cl
1356 1542 1474 1567 rursum,
1539 1541 1623 1562 autem
1637 1542 1716 1563 essent
1731 1546 1787 1564 οιιι-

991 1579 1034 1605 nia
1050 1587 1126 1606 unum
1139 1579 1286 1614 membrum,
1297 1581 1339 1608 ubi
1353 1589 1444 1616 corpus
1454 1581 1467 1608 Ρ
1480 1586 1508 1608 et
1522 1582 1592 1617 quod
1609 1583 1710 1611 utiliter
1724 1584 1784 1612 data

992 1626 1065 1652 sint:
1084 1624 1225 1661 Unicuique
1250 1627 1332 1658 enim,
1355 1627 1450 1661 inquit,
1475 1629 1647 1663 manifestatio
1672 1629 1790 1664 Spiritus

991 1671 1067 1697 datur
1084 1672 1117 1698 ad
1132 1672 1283 1704 utilitatem;
1301 1677 1327 1699 et
1344 1681 1375 1699 ex
1389 1680 1422 1699 eo
1435 1673 1506 1707 quod
1521 1681 1615 1700 omnes
1636 1682 1669 1701 ex
1691 1676 1749 1702 Ctttlt
1760 1684 1785 1702 tn

992 1717 1093 1750 Spiritu
1117 1716 1237 1749 audiant,
1265 1721 1292 1744 et
1313 1718 1384 1752 quod
1406 1718 1539 1745 charisma
1554 1719 1654 1747 donum
1670 1721 1721 1752 sit,
1738 1723 1784 1747 sed

994 1770 1046 1789 non
1075 1763 1194 1789 debitum
1210 1772 1216 1788 τ
1232 1763 1374 1790 Diuisione:
1400 1765 1488 1796 enim,
1514 1765 1615 1799 inquit,
1641 1767 1784 1801 gratiarum

991 1804 1058 1840 sunt,
1080 1808 1147 1834 idem
1161 1816 1217 1835 vero
1232 1808 1366 1843 Spiritus;
1381 1814 1406 1835 et
1420 1810 1490 1844 quod
1505 1810 1684 1838 manifestatio
1699 1812 1784 1846 Spiri-

992 1857 1032 1879 lus
1053 1861 1100 1887 per
1119 1854 1207 1880 ontuia
1230 1856 1295 1880 liat:
1313 1853 1453 1890 Unicuique
1467 1856 1550 1888 enirn,
1567 1857 1661 1892 inquit,
1676 1859 1784 1893 manife-

989 1900 1063 1925 statia
1075 1899 1151 1926 datur
1164 1908 1208 1933 per
1220 1899 1363 1934 Spiritum;
1383 1905 1410 1927 et
1426 1907 1458 1927 ex
1473 1909 1505 1927 eo
1520 1902 1592 1936 quod
1609 1909 1689 1936 prout
1707 1904 1766 1931 \‘ide
1777 1919 1784 1923 -

991 1950 1033 1972 tur
1047 1945 1156 1980 Spiritui
1178 1950 1205 1973 et
1231 1946 1285 1972 Deo
1308 1946 1365 1974 hinc
1388 1946 1501 1981 ﬁgurata
1527 1949 1603 1975 sitit:
1623 1949 1685 1976 lla'e
1711 1952 1781 1979 Cllllll

990 1993 1084 2025 omnia,
1115 1993 1209 2027 inquit,
1229 1997 1349 2027 operatur
1367 2001 1432 2020 unus
1447 1998 1470 2020 et
1485 1994 1552 2021 idem
1567 1994 1695 2028 Spiritus,
1722 1997 1783 2025 divi-

989 2040 1050 2066 dens
1075 2040 1181 2075 singulis
1204 2045 1278 2074 prout
1304 2040 1379 2072 vult;
1394 2044 1435 2072 et,
1462 2039 1554 2067 Posuit
1578 2041 1647 2069 Deus
1671 2043 1782 2070 membra

989 2086 1183 2121 unumquodque
1204 2094 1291 2112 eorum
1310 2086 1338 2113 in
1352 2094 1460 2120 corpore
1472 2087 1536 2113 sicut
1550 2087 1626 2114 uoluit
1636 2096 1645 2114 :
1664 2092 1690 2116 et
1710 2090 1780 2123 qmnl

989 2132 1140 2159 necessaria
1163 2131 1217 2158 sint
1240 2132 1320 2159 etiam
1341 2132 1444 2159 minora
1462 2141 1469 2159 :
1485 2132 1548 2164 Qua:
1567 2134 1637 2160 enim
1651 2134 1777 2169 videntur,

989 2178 1084 2213 inquit,
1100 2178 1241 2212 inﬁrmiora
1254 2186 1317 2211 esse,
1332 2179 1474 2206 necessaria
1484 2184 1541 2205 sunt
1553 2187 1562 2211 ;
1572 2187 1605 2206 ex
1617 2187 1649 2206 eo
1661 2181 1730 2215 quod
1742 2182 1777 2208 si-

988 2224 1086 2251 militer
1107 2224 1257 2251 necessaria
1280 2224 1353 2257 sint,
1379 2224 1406 2251 in
1426 2231 1459 2252 eo
1471 2225 1541 2259 quod
1558 2233 1653 2260 corpus
1671 2227 1779 2260 perinde

987 2274 1143 2298 construant
1154 2275 1233 2305 atque
1245 2277 1278 2297 ea
1289 2277 1347 2305 qua).
1362 2270 1464 2305 majora
1478 2275 1541 2297 Sunt
1556 2280 1562 2297 :
1579 2270 1677 2306 Corpus
1694 2273 1760 2299 enim
1770 2295 1777 2302 .

986 2310 1082 2350 inquit,
1096 2324 1147 2342 non
1160 2320 1195 2342 est
1206 2323 1284 2342 unum
1297 2315 1445 2349 membrum,
1457 2316 1501 2343 sed
1511 2316 1608 2349 multa;
1620 2325 1652 2344 ex
1664 2326 1695 2345 eo
1706 2320 1778 2353 quod

987 2363 1086 2396 majora
1102 2362 1250 2389 minoribus
1264 2370 1331 2396 opus
1346 2362 1462 2389 habeant
1485 2371 1491 2387 :
1511 2362 1567 2389 Non
1584 2369 1665 2397 potest
1686 2366 1756 2392 enim
1767 2387 1774 2397 .

986 2410 1088 2444 inquit,
1109 2414 1185 2444 caput
1199 2409 1282 2436 dicere
1298 2408 1412 2442 pedibus,
1438 2407 1527 2435 Vestra
1545 2417 1621 2444 opera
1637 2419 1686 2437 non
1700 2420 1778 2447 egeo;

985 2462 1018 2482 ex
1036 2462 1069 2481 eo
1089 2454 1159 2489 quod
1174 2454 1266 2488 majori
1282 2454 1339 2480 hzee
1358 2453 1480 2480 fruantur
1503 2453 1671 2482 honorein
1693 2462 1777 2483 autem

986 2501 1027 2527 cui
1041 2500 1126 2532 deest,
1144 2500 1245 2533 inquit,
1266 2498 1475 2526 abundantiorem
1494 2498 1563 2526 dedit
1577 2500 1720 2533 honorem;
1742 2510 1774 2529 ex

985 2553 1018 2572 eo
1033 2545 1105 2580 quod
1122 2552 1291 2571 eonnnunem
1314 2549 1340 2570 et
1361 2552 1451 2579 parem
1467 2552 1559 2572 curam
1577 2544 1691 2574 habeant
1715 2556 1721 2572 :
1743 2546 1777 2574 1η

983 2592 1094 2624 id'psum
1123 2591 1194 2618 enim
1219 2595 1277 2617 sunt
1296 2590 1361 2617 inter
1380 2599 1408 2617 se
1428 2590 1534 2618 invicem
1557 2592 1667 2619 sollicita
1691 2593 1776 2620 omnia

983 2639 1116 2667 membra:
1138 2642 1163 2665 et
1178 2645 1211 2665 ex
1228 2645 1261 2665 eo
1279 2638 1348 2672 quod
1363 2638 1397 2665 sit
1410 2645 1461 2665 una
1475 2638 1559 2673 gloria
1573 2643 1601 2666 et
1615 2647 1683 2667 unus
1698 2640 1775 2667 dolor

984 2685 1103 2719 ipsorum
1119 2685 1259 2711 omnium;
1275 2683 1334 2711 Sive
1350 2684 1457 2717 patitur,
1477 2684 1578 2720 inquit,
1597 2693 1675 2712 unum
1695 2693 1774 2711 mem-

982 2731 1065 2764 brum,
1089 2731 1279 2765 compatiuntur
1291 2731 1377 2758 omnia
1392 2730 1524 2763 membra;
1547 2732 1598 2758 sive
1618 2732 1775 2766 gloriﬁcatur

982 2786 1061 2804 miunt
1076 2779 1223 2810 ntembrum,
1237 2778 1396 2812 congaudent
1411 2777 1497 2804 omnia
1509 2777 1629 2804 membra.
1644 2778 1775 2812 Superius

981 2824 1060 2860 igitur
1075 2832 1120 2858 per
1135 2824 1191 2851 haec
1211 2824 1366 2851 consolatus
1379 2828 1420 2851 est
1434 2831 1442 2856 ;
1459 2822 1504 2850 hic
1517 2828 1608 2851 autem
1623 2823 1773 2850 vehemen-

983 2876 1022 2899 ter
1036 2875 1063 2898 ct
1078 2870 1239 2904 increpantis
1262 2876 1337 2898 more
1357 2869 1439 2898 verbo
1453 2869 1547 2897 utitur.
1566 2868 1643 2900 Nam.
1658 2873 1686 2896 ut
1701 2868 1767 2901 dmi,
